4042 6214
387 337 447 403 11
1849 347 2190 415 ΝΟΤΙΤΙΑ.
3557 349 3621 411 1⁸2.

441 455 785 529 Septuaginta
817 460 1029 515 circiter
1050 458 1202 516 annis
1229 467 1347 530 post
1379 459 1533 517 Joan.
1574 461 1842 518 Zonaram
1875 467 2171 521 canonibns
2198 466 2579 523 ecclesiasticis
2606 464 2939 521 iilustrandis
2988 464 3225 520 animum
3261 463 3466 533 appulit
3493 461 3619 517 Bal-

366 560 578 610 santon,
600 548 691 617 qui
723 550 917 618 passim
950 549 1178 603 libenter
1206 549 1321 617 ejus
1346 550 1522 605 verbis
1551 558 1605 605 et
1635 554 1921 607 sententiis
1954 542 2026 624 (ο)
2063 556 2251 621 utitur,
2279 564 2333 611 et
2364 555 2529 609 semel
2559 555 2739 609 laudat
2768 556 2929 609 etiam
2976 552 3042 608 de
3090 552 3327 615 nomine,
3362 551 3413 604 in
3455 551 3619 607 scho-

365 631 452 685 liis
481 635 546 686 ad
580 633 869 703 Epistulam
910 637 1224 690 canonicam
1260 636 1318 689 S.
1347 636 1648 700 Athanasii,
1684 646 1812 692 tom.
1850 639 1889 693 ll
1920 639 1961 707 Sp

2022 642 2175 697 nodici
2206 641 2574 712 Beveregiani,
2612 655 2732 711 pag.
2757 642 2824 695 57
2855 659 2869 696 :
2905 638 3382 709 ’Υπερφυέστατος
3408 640 3618 702 ἐκεῖνος

366 720 626 791 Ζωναρᾶς
649 722 829 789 σοφῶς
858 724 951 775 καὶ
980 720 1312 794 ὑπερδεξίως
1352 723 1446 776 καὶ
1478 723 1554 787 ὡς
1582 725 1683 778 οὐκ
1718 725 1783 779 ἄν
1806 743 1890 790 τις
1926 745 1959 780 κ

2020 728 2253 791 ιιττόνως
2272 728 2610 798 ἡρμήνευσε.
2649 726 2802 781 Unde
2842 714 3143 789 falluntur,
3171 725 3261 794 qui
3292 740 3413 778 cum
3445 722 3616 778 Natali

363 807 670 863 Alexandro
702 808 800 876 (ρ),
833 807 1209 863 llalsamonetn
1234 818 1357 863 ante
1382 807 1606 865 Zonaraa
1630 820 1874 881 tempora
1900 813 2149 868 ﬂoruisse
2175 852 2192 877 ,
2218 815 2566 873 verisimilius
2597 822 2788 883 putant
2818 829 2833 879 ;
2870 825 3030 882 atque
3062 813 3108 867 si
3144 813 3318 865 aetatis
3350 815 3611 864 rationem

363 910 481 963 qua:
514 895 614 964 ipsi
652 896 817 964 probe
847 904 963 950 erat
986 896 1221 964 cognita,
1251 895 1450 951 habere
1475 898 1730 953 voluisset
1757 900 2103 974 Bevcregius,
2138 900 2363 957 Zonaras
2391 902 2595 956 scholia
2624 901 3071 963 Balsatnonianis,
3101 909 3159 953 ut
3193 902 3248 952 fit
3283 902 3332 952 in
3367 914 3468 951 ms.
3501 898 3606 952 Ba-

362 982 450 1036 sil.
481 999 587 1037 non
614 984 727 1037 haec
763 984 869 1036 illis
899 983 950 1035 in
982 983 1245 1051 praeclaro
1274 984 1364 1037 illo
1394 1000 1491 1040 suo
1521 988 1783 1057 synodico
1817 987 2187 1057 praemisisset.
2221 987 2324 1043 Sed
2354 988 2661 1043 auctoritati
2708 999 2764 1043 et
2793 988 3085 1043 eruditioni
3139 986 3475 1039 Balsamonis
3502 987 3616 1054 pri-

363 1083 507 1123 tuum
540 1068 713 1124 locum
744 1068 1042 1124 concedere
1073 1070 1280 1124 maluit.
1314 1069 1498 1140 Itaque
1527 1075 1665 1127 idem
1697 1075 2001 1129 Balsamoni
2037 1086 2090 1129 et
2118 1074 2339 1130 Zonara:
2362 1076 2586 1130 scholiis
2626 1075 2858 1145 subjecit
2901 1076 3104 1129 scholia
3136 1074 3306 1127 Alexii
3334 1072 3568 1127 Aristeni
3596 1111 3615 1137 ,

361 1158 537 1227 magni
566 1156 854 1219 (economi,
882 1156 1009 1211 licet
1033 1167 1085 1211 et
1116 1156 1203 1212 ille
1239 1157 1394 1229 (post
1425 1158 1689 1216 Zonaram
1727 1162 1945 1233 quidem
1973 1204 1989 1230 ,
2031 1166 2156 1233 sed)
2200 1177 2325 1220 ante
2358 1164 2734 1220 Balsamonem
2779 1165 2909 1219 circ.
2942 1180 3030 1218 an.
3054 1163 3155 1217 Ch.
3196 1163 3353 1228 1150,
3384 1163 3616 1227 scripse-

359 1245 448 1310 rit,
478 1255 531 1298 et
553 1245 619 1297 ab
640 1256 706 1297 eo
738 1244 983 1300 laudetur
1012 1247 1079 1299 ad
1109 1259 1231 1299 can.
1264 1247 1296 1301 6
1322 1248 1675 1315 apostolicum
1733 1259 1788 1305 et
1849 1251 1915 1307 ad
1972 1250 2287 1306 Trullanutn
2342 1268 2553 1308 xxxvii.
2615 1251 2824 1306 Zonara
2878 1254 3042 1306 etiam
3090 1250 3451 1319 antiquiorem
3484 1247 3614 1302 facit

354 1331 607 1394 Allatins,
644 1330 717 1384 De
743 1347 1019 1396 consensu,
1055 1343 1187 1395 etc.,
1222 1348 1343 1405 pag.
1377 1333 1501 1389 419.
1542 1334 1621 1390 Ab
1656 1338 1867 1400 eodem,
1891 1354 1943 1408 p.
1980 1338 2101 1405 191,
2132 1349 2259 1393 ante
2283 1341 2615 1394 Aristenum.
2643 1339 2911 1394 Zonaram
2944 1348 2998 1391 et
3029 1336 3403 1391 Balsamonem
3437 1333 3614 1402 epito-

355 1428 530 1473 mator
562 1433 827 1473 canonum
865 1420 995 1474 satis
1024 1420 1530 1490 antiquus-Gracus
1563 1423 1779 1478 citatur.
1816 1423 1959 1480 Idem
1984 1465 2000 1493 ,
2055 1443 2108 1496 p.
2152 1427 2257 1481 551
2285 1467 2300 1493 ,
2335 1426 2412 1483 ait
2469 1441 2531 1481 ex
2568 1425 2758 1481 Alexio
2792 1440 2887 1480 sua
2940 1425 3182 1480 hausisse
3211 1423 3610 1476 Balsamonem.

354 1508 568 1579 (Fam)
606 1510 680 1563 De
706 1517 891 1563 nostro
922 1506 1232 1572 Theodoro,
1264 1510 1381 1564 viro
1401 1511 1542 1580 juris
1571 1512 1924 1568 ecclesiastici
1953 1514 2377 1579 consultissima,
2406 1513 2613 1569 confer.
2649 1513 2814 1569 Gerh.
2855 1529 2954 1568 von
3008 1511 3307 1572 Mastricbt,
3345 1507 3485 1563 Hist.
3514 1509 3615 1577 ju-

358 1601 429 1650 ris
477 1597 660 1652 eccles.
729 1614 782 1651 ιι.
816 1596 920 1652 559
951 1612 1069 1664 sqq.
1100 1611 1153 1666 ι).
1199 1597 1325 1665 δη,
1364 1597 1429 1654 G.
1454 1600 1616 1663 Cave,
1649 1596 1788 1655 Hist.
1825 1600 1954 1653 liuet

2032 1599 2133 1655 SS.
2174 1586 2533 1655 Ecclesflom.
2576 1600 2638 1667 ll,
2668 1616 2784 1671 pag.
2813 1600 3028 1654 2'16.—-
3055 1598 3157 1651 Eil.
3178 1597 3245 1652 du
3277 1596 3396 1661 Pin,
3430 1594 3608 1649 Nouo.

353 1683 477 1739 bibl.
514 1695 642 1742 tom.
675 1684 767 1750 1X,
800 1702 853 1755 p.
876 1685 1062 1751 201,f.
1095 1685 1201 1740 vol.
1230 1683 1297 1749 Χ,
1333 1701 1384 1755 p.
1426 1686 1557 1753 19l;
1591 1687 1651 1742 C.
1692 1686 1888 1742 Oudin.
1925 1687 2127 1742 Comm.
2158 1690 2220 1741 de
2248 1687 2347 1742 SS.
2385 1687 2583 1744 Eccles.
2616 1700 2747 1742 tum.
2782 1687 2844 1751 ll,
2878 1703 2930 1757 p.
2963 1685 3125 1752 1606,
3150 1700 3270 1755 sqq.
3294 1683 3429 1753 (qui,
3462 1682 3609 1737 nulla

349 1787 480 1826 vero
508 1772 714 1827 reddita
746 1774 977 1838 ratione,
1003 1772 1253 1843 nulloque
1280 1773 1518 1830 adducto
1563 1783 1724 1839 teste,
1755 1774 2101 1830 Theodorum
2129 1775 2440 1844 pronuntiat
2472 1785 2738 1830 mortuum
2764 1790 2881 1830 esse
2904 1785 3173 1843 provectae
3197 1776 3393 1834 astatis.
3420 1788 3471 1826 a.
3503 1770 3610 1825 Cit.

354 1862 511 1925 131-1,
545 1876 667 1916 cum
698 1861 907 1925 titulum
940 1861 1317 1931 patriarcbalis
1346 1862 1602 1917 Ecclesia:
1637 1862 1989 1918 Antiochense
2017 1878 2109 1933 per
2143 1878 2314 1917 annos
2340 1862 2411 1916 28
2442 1864 2703 1918 tenuisset
2726 1862 2780 1932 );
2808 1860 2968 1917 Joan.
3014 1860 3247 1916 Fabricii
3282 1858 3428 1913 llist.
3475 1858 3582 1910 bibl
3610 1874 3611 1877 η

350 1945 566 2002 ιίίώνὶο.
601 1949 654 2001 iu
684 1957 838 2017 parte
871 1963 930 2013 ιι,
974 1962 1097 2015 pag.
1126 1947 1228 2001 557
1265 1962 1409 2017 seq.,
1440 1949 1526 2003 ubi
1559 1964 1588 2003 a
1620 1966 1739 2018 pag.
1783 1949 1888 2005 555
1925 1950 2251 2021 Synodicon,
2293 1951 2408 2005 sive
2442 1951 2741 2005 Pandeetas
2793 1964 3057 2004 canonum
3106 1962 3179 2001 ss.
3235 1946 3611 2015 apostolorum

347 2036 415 2089 ab
441 2034 680 2091 Ecclesia
714 2043 1076 2104 receptarum.
1106 2044 1239 2099 ctc.,
1274 2050 1369 2104 per
1395 2032 1537 2090 Guii.
1570 2032 1917 2104 Bevcregium
1957 2036 2133 2090 Oxon.
2170 2035 2325 2101 1672,
2362 2034 2455 2090 fol.
2494 2048 2622 2093 tom.
2658 2036 2706 2091 11
2740 2044 3017 2101 recenset;
3067 2044 3123 2089 ct
3184 2050 3305 2104 pag.
3360 2032 3461 2089 557
3488 2069 3506 2096 .
3538 2033 3609 2086 de

348 2124 636 2177 Theodoro
667 2122 986 2177 Balsamone
1018 2123 1165 2186 agit;
1199 2137 1261 2175 ac
1289 2138 1411 2189 pag.
1446 2122 1571 2187 558,
1603 2122 1739 2177 alios
1771 2123 1836 2176 de
1865 2132 2049 2175 nostro
2088 2124 2295 2186 laudat;
2333 2122 2683 2192 llamberger.
2712 2125 2761 2176 in
2794 2123 3094 2176 Zuverluss.
3126 2120 3329 2175 Nachr.
3354 2130 3495 2189 part.
3526 2133 3603 2173 tv.

346 2227 467 2281 pag.
496 2210 759 2274 290-291,
791 2209 879 2277 qui
916 2208 1073 2273 alios,
1110 2223 1312 2262 annum
1341 2210 1528 2262 mortis
1559 2207 1827 2263 Theodori
1859 2208 1941 2262 vel
1974 2208 2128 2271 1180,
2159 2210 2238 2262 vel
2274 2210 2432 2275 1:203,
2481 2211 2564 2263 vel
2619 2208 2778 2272 1211,
2811 2210 3155 2278 designantes
3207 2207 3409 2260 refutat
3450 2222 3464 2258 :
3504 2219 3607 2259 nee

348 2311 525 2354 tamen
554 2299 690 2353 certi
742 2296 945 2364 aliquid
975 2296 1203 2350 delinire
1231 2306 1478 2359 conatur,
1510 2297 1603 2351 sed
1634 2293 2028 2359 tantummodo,
2069 2295 2244 2363 ipsum
2272 2297 2446 2349 adhuc
2480 2306 2601 2361 post
2660 2313 2748 2348 an.
2802 2295 2941 2348 1192
2984 2296 3037 2348 in
3078 2294 3214 2349 vivis
3258 2293 3458 2357 fuisse,
3505 2293 3605 2346 de.

342 2388 549 2451 «lerat;
585 2384 825 2440 Christu.
862 2381 1085 2437 Godofr.
1116 2380 1402 2437 lloil'ntann
1424 2423 1438 2446 ,
1474 2382 1527 2435 in
1557 2381 1787 2437 llistoria
1818 2382 1959 2451 juris
1992 2382 2605 2448 Romano-Justinianei,
2638 2391 2777 2453 part.
2810 2398 2848 2447 ι,
2878 2382 2968 2436 lib.
3005 2397 3087 2445 Ill,
3112 2395 3233 2450 cap.
3267 2379 3320 2444 6,
3355 2378 3380 2449 §
3414 2380 3446 2431 6
3470 2388 3524 2432 et
3550 2376 3607 2442 7,

342 2490 463 2545 pag.
494 2473 601 2528 715
625 2473 750 2525 716.
798 2487 919 2540 sqq.
943 2486 961 2536 ;
987 2501 1053 2510 —
1080 2466 1242 2525 Joan.
1270 2469 1407 2539 Aug.
1440 2465 1632 2533 Bach.,
1662 2469 1714 2522 iu
1752 2467 1989 2521 Historia
2013 2469 2451 2538 jurisprudentitr
2482 2470 2755 2532 Rommm,
2790 2470 2882 2525 lib.
2919 2483 2995 2534 tv,
3029 2485 3148 2537 cap.
3178 2468 3214 2521 2
3242 2507 3256 2530 ,
3292 2468 3318 2537 §
3354 2467 3437 2531 11,
3476 2481 3607 2535 pag.

343 2564 449 2619 654
471 2576 591 2631 seq.
622 2560 753 2616 edit.
784 2560 818 2614 5
844 2560 984 2628 Aug.
1014 2557 1230 2613 Cornel.
1266 2555 1624 2611 Stocktnaun.
1670 2556 1831 2624 Lips.
1871 2555 2033 2622 1796,
2069 2557 2102 2612 8
2129 2575 2146 2626 ;
2174 2589 2244 2598 —
2275 2561 2519 2623 Saxium,
2546 2560 2598 2612 in
2632 2559 2907 2613 Onomast.
2935 2558 3162 2612 lilterar.
3200 2567 3341 2626 part.
3381 2570 3442 2619 ll,
3477 2568 3603 2621 pag.

340 2651 444 2705 33.66
473 2666 613 2721 seq.,
646 2648 733 2718 qui
770 2656 1011 2702 nostrum
1045 2646 1189 2701 circa
1219 2664 1309 2701 an.
1344 2647 1479 2701 1179
1512 2647 1746 2700 maxime
1767 2644 2037 2711 ﬂoruisse,
2071 2646 2278 2710 scribit,
2326 2657 2379 2701 et
2428 2656 2619 2715 praeter
2676 2646 2833 2713 alios,
2866 2661 3001 2715 quos
3035 2645 3189 2709 citat,
3229 2643 3375 2713 Pagii
3411 2640 3599 2696 Critic.

337 2738 538 2794 Buron.
569 2753 659 2792 an.
696 2734 856 2803 1179,
889 2733 1255 2797 XXl,laudat.
1288 2733 1508 2804 Glass.)

1512 2872 1773 2928 Theodori
1811 2871 2150 2927 Balsamonis
2196 2874 2415 2941 scripta.

412 2990 453 3044 1.
484 2988 695 3044 Scholia
746 2988 801 3041 in
857 2985 1094 3041 Canones
1125 2983 1883 3054 conciliorunhPatrumque,
1916 2992 1970 3038 et
2000 2982 2151 3038 hisce
2180 2986 2517 3049 prmmissutn
2550 2983 2724 3039 Photii
2758 2985 3083 3054 patriarchie
3138 2982 3594 3052 Nomocanonem,

337 3079 451 3133 siie
482 3077 657 3147 legum
700 3073 1178 3144 imperatoriarum
1205 3081 1260 3127 et
1293 3071 1781 3127 ecclesiasticorum
1824 3084 2093 3125 canonum
2129 3073 2494 3127 concordiam.
2527 3070 2641 3127 lloc
2681 3074 3008 3142 praecipuum
3048 3088 3205 3143 opus,
3245 3073 3403 3140 jussu
3430 3074 3600 3144 impe-

335 3166 536 3221 ratoris
563 3162 824 3217 Manuelis
850 3159 1135 3227 Cotnncni,
1176 3157 1269 3229 qui
1301 3174 1390 3211 an.
1425 3157 1563 3212 1l80
1592 3158 1724 3212 obiit
1769 3166 1820 3212 et
1847 3158 2167 3228 patriarcha:
2223 3157 2379 3214 CPol.
2428 3159 2703 3215 Michaelis
2758 3160 3024 3222 Anchiali,
3063 3176 3153 3214 an.
3189 3160 3588 3215 1177defuncti

334 3262 647 3321 susceptum
682 3266 710 3303 a
744 3248 1066 3303 Balsamone
1095 3246 1275 3301 adhuc
1307 3246 1559 3308 diacono,
1586 3246 1730 3313 quod
1766 3248 2073 3314 patriarcha
2097 3247 2206 3315 jam
2236 3247 2606 3303 Antioclteuus
2637 3247 2701 3301 ad
2735 3247 3050 3303 umbilicum
3085 3249 3334 3316 perduxit
3357 3248 3599 3303 ctGeor-

333 3341 421 3410 gio
456 3339 732 3410 Xiphilino
767 3337 856 3409 (ab
882 3352 971 3391 an.
1004 3334 1165 3405 1192)
1199 3334 1521 3403 patriarchae
1542 3333 1702 3389 CPol.
1723 3334 2011 3389 dedicavit.
2037 3334 2231 3389 Totum
2262 3336 2467 3404 primus
2494 3335 2684 3390 Latine
2712 3352 2774 3390 ex
2800 3334 2954 3391 Joan.
2988 3334 3133 3390 Tillii
3160 3337 3345 3391 codice
3376 3351 3589 3390 versum

334 3429 499 3485 edidit
534 3427 831 3482 Gcntianus
861 3423 1144 3490 Hervctus,
1175 3421 1350 3477 Paris.
1387 3422 1543 3486 1561,
1578 3422 1670 3477 fol.
1703 3420 1891 3475 erce
1922 3432 1979 3476 et
2003 3421 2191 3477 Latine
2221 3439 2343 3478 Cum
2379 3423 2594 3479 llerveti
2624 3425 2873 3479 versione
2918 3424 3123 3480 Fronto
3154 3424 3399 3490 Dircaeus,
3433 3424 3590 3488 ibid.,

332 3515 492 3579 169.0,
526 3515 614 3569 fol.
648 3512 940 3582 integriore
973 3512 1161 3566 codice
1191 3510 1243 3564 in
1272 3508 1650 3564 Nomocanone
1682 3525 1812 3565 usus
1843 3520 1926 3564 est
1974 3510 2239 3566 llenricus
2298 3513 2545 3582 Agylatus
2577 3554 2592 3579 ,
2652 3528 2773 3568 cum
2825 3513 2978 3581 cujus
3020 3514 3271 3568 versione
3313 3516 3472 3581 (eam
3502 3528 3588 3565 an.

333 3602 493 3666 1562,
531 3600 625 3656 fol.
659 3598 1213 3655 Basiiitaexcuderat
1242 3596 1534 3667 OporinttS)
1577 3597 1862 3653 emendata
1897 3599 2021 3651 hinc
2054 3600 2174 3652 inde
2201 3614 2263 3654 ac
2292 3599 2533 3669 suppleta
2567 3598 2990 3654 Nomocanonem
3024 3599 3226 3669 Photii,
3260 3600 3593 3656 Balsamonis

331 3689 552 3745 scholiis
583 3689 931 3752 illustratum,
971 3685 1157 3740 Graece
1192 3701 1256 3741 ex
1286 3686 1408 3740 cod.
1444 3685 1572 3740 bibl.
1600 3684 1857 3740 Palati-at
1888 3678 2409 3755 vulgavitllenricus
2435 3687 2695 3744 Justellus
2737 3687 2906 3743 Paris.
2940 3689 3099 3754 1615,
3139 3690 3209 3754 4;
3274 3698 3437 3758 atque
3494 3702 3584 3742 se-

330 3778 522 3835 cundis
551 3777 695 3832 curis
714 3776 906 3831 collata
940 3775 1176 3831 editione
1200 3773 1325 3827 anni
1356 3773 1512 3840 1620,
1542 3782 1594 3828 et
1623 3773 1989 3828 Mazariniauo
2040 3776 2243 3838 codice,
2311 3789 2410 3830 nec
2467 3789 2572 3832 non
2626 3775 2803 3830 Photii
2857 3776 3175 3845 praefatione
3216 3792 3280 3831 ex
3329 3790 3430 3829 ms.
3459 3773 3592 3828 bibl.

332 3866 536 3923 Bodlei.
565 3865 872 3936 praemissa,
901 3862 1072 3919 Paris.
1106 3862 1234 3920 1661
1274 3861 1368 3916 fol.
1406 3864 1457 3916 in
1486 3862 1825 3917 bibliotheca:
1852 3862 2143 3917 Canonicze
2174 3872 2318 3918 tumo
2350 3865 2589 3917 secundo
2613 3880 2664 3933 p.
2692 3864 2818 3918 785.
2870 3864 3089 3919 Scholia
3127 3878 3254 3918 vero
3279 3864 3329 3916 in
3352 3874 3589 3916 canones

331 3955 681 4010 conciliorum
710 3967 769 4007 ac
806 3952 1031 4007 Patrum
1056 3952 1214 4021 longe
1248 3950 1537 4020 integriora
1571 3966 1639 4005 ex
1663 3949 1942 4007 codicibus
1974 3950 2303 4018 Bodleiano,
2372 3951 2655 4007 Alltonensi
2704 3962 2759 4007 et
2808 3952 3103 4006 Basileensi
3148 3949 3583 4005 Amerhachiano

328 4042 588 4096 habemus
617 4039 805 4095 Graece
830 4050 883 4093 ot
919 4038 1110 4094 Latine
1140 4038 1356 4107 vulgata
1384 4040 1437 4093 in
1474 4039 1693 4093 laudato
1729 4036 1874 4093 Guil.
1935 4038 2209 4107 Beveregii
2276 4040 2535 4109 synodico
2586 4041 2763 4095 Oxon.
2802 4040 2942 4093 1672
2975 4038 3070 4093 fol.
3120 4038 3331 4093 duobus
3373 4037 3587 4091 volum.

330 4146 436 4183 una
467 4145 587 4186 cum
620 4129 840 4184 scholiis
879 4128 1036 4183 Joau.
1070 4126 1293 4183 Zonaras
1327 4137 1381 4182 et
1406 4127 1582 4182 Alexii
1614 4127 1848 4182 Aristeui
1882 4128 1935 4181 in
1974 4128 2195 4180 eosdem
2222 4142 2457 4183 canones
2511 4138 2567 4182 et
2622 4127 2859 4183 Mattbmi
2913 4126 3177 4180 Blastaris
3239 4124 3591 4196 Syutagmate

325 4233 594 4281 canonum
628 4219 804 4288 legum
836 4217 1196 4288 alphabetico.
1229 4217 1300 4273 De
1323 4215 1511 4271 codice
1545 4214 1741 4286 insigni
1769 4216 2016 4271 Caesareo
2048 4214 2208 4285 hujus
2237 4219 2418 4285 operis
2448 4218 2567 4271 vide
2608 4216 2955 4272 Latnbezium
2996 4214 3082 4281 Vl,
3114 4230 3234 4285 pag.
3288 4213 3353 4269 51
3423 4228 3540 4282 seq.
3572 4230 3589 4280 ;

327 4308 495 4363 ΡΑιιι.
520 4323 568 4361 s.
598 4321 650 4375 p.
684 4322 766 4362 ut.
800 4322 923 4376 sqq.
968 4324 1024 4360 ιι.
1057 4321 1098 4370 ι,
1130 4320 1251 4360 cum
1280 4303 1455 4359 Photii
1488 4301 1887 4369 Nontocauone,
1920 4304 2011 4360 ed.
2048 4305 2256 4375 Kollar.
2306 4305 2418 4376 (ubi
2477 4303 2729 4361 Lambec.
2783 4307 3100 4373 comprobat
3149 4304 3413 4374 judicium
3443 4301 3590 4356 Phil.

326 4395 546 4458 Labbei,
573 4394 627 4447 in
660 4404 807 4448 torno
840 4394 903 4445 ll.
939 4393 1163 4446 Dissert.
1194 4392 1259 4445 de
1279 4392 1458 4457 script.
1483 4391 1872 4455 ecclesiasticis,
1901 4407 1954 4462 p.
1991 4392 2096 4447 596
2124 4410 2206 4461 sq.
2242 4393 2406 4446 latum
2428 4434 2445 4459 ,
2474 4392 2817 4446 Theodorum
2853 4391 3226 4448 Balsamonem
3252 4434 3267 4457 ,
3332 4392 3591 4450 Romamn

326 4481 474 4539 Eccl.
504 4482 736 4545 hostem,
763 4480 816 4532 in
850 4478 963 4532 suis
987 4476 1409 4530 Commentariis
1438 4476 1606 4530 multa
1632 4478 1896 4533 elIutiisse
1926 4480 1981 4533 in
2008 4480 2380 4534 defensionem
2433 4480 2693 4535 falsorum
2746 4482 3111 4550 quorumdam
3154 4495 3449 4535 canonum.
3477 4484 3495 4548 )
3528 4481 3587 4537 1ιι

322 4570 443 4625 eod.
472 4567 579 4622 vol.
608 4582 661 4637 p.
692 4566 818 4629 111,
846 4565 1144 4633 eodemque
1171 4566 1293 4619 cod.
1330 4564 1417 4629 15,
1450 4581 1503 4619 n.
1533 4564 1588 4631 2,
1623 4574 1752 4620 sunt
1780 4581 2016 4621 canones
2047 4578 2359 4624 sanctorum
2392 4566 2781 4637 apostolorum,
2811 4570 3195 4638 variorumque
3227 4570 3585 4624 conciliorum

324 4655 651 4728 generalium
697 4664 752 4709 et
783 4653 1221 4724 provincialium,
1263 4664 1322 4708 ut
1345 4663 1399 4708 et
1431 4653 1772 4711 diversorum
1806 4665 1937 4711 vett.
1962 4656 2186 4711 Patrum
2212 4654 2455 4723 epistola:
2482 4644 2776 4722 canonicaz,
2802 4672 2921 4710 cuto
2951 4653 3222 4713 Theodori
3250 4658 3589 4713 Balsamonis

321 4742 745 4801 Commentariis
773 4741 1144 4811 amplissimis,
1175 4740 1264 4795 ubi
1297 4740 1551 4797 Lambec.
1584 4749 1829 4809 adnotat,
1855 4744 2036 4797 omnia
2067 4742 2288 4809 quidem
2319 4742 2469 4796 edita
2509 4756 2628 4797 esse
2659 4742 2715 4797 in
2757 4744 2848 4798 ed.
2887 4743 3065 4799 Paris.
3094 4746 3235 4801 16°20
3260 4785 3276 4810 ,
3337 4746 3430 4800 fol.
3463 4754 3584 4815 pag.

318 4830 901 4898 233-1088;beneﬂcio
935 4839 1112 4884 tamen
1140 4828 1285 4886 illius
1314 4829 1433 4886 cod.
1465 4829 1771 4891 Vindobon.
1796 4845 1958 4901 posse
1988 4830 2169 4885 multis
2202 4830 2335 4885 locis
2366 4830 2644 4886 emendari
2678 4846 2741 4886 ac
2782 4832 3041 4902 suppleri.
3069 4862 3136 4873 -
3165 4834 3221 4889 1ιι
3273 4836 3391 4888 cod.
3436 4834 3588 4901 256',

330 4940 387 4979 ιι.
419 4923 473 4986 7,
498 4931 625 4977 sunt
649 4933 885 4975 canones
915 4918 1134 4988 quidam
1163 4929 1484 4973 sanctorum
1510 4920 1897 4988 apostolorum,
1931 4933 2052 4973 cum
2082 4919 2418 4988 expositione
2447 4917 2716 4974 Theodori
2760 4919 2995 4977 Balsam.
3029 4920 3093 4977 V.
3142 4922 3394 4976 Lambec.
3424 4919 3489 4987 V,
3527 4937 3582 4992 p.

322 5012 451 5074 565,
479 5011 575 5078 qui
613 5009 668 5063 iu
691 5007 811 5064 vol.
834 5005 929 5072 111,
958 5022 1082 5077 pag.
1124 5004 1217 5073 76,
1257 5006 1645 5076 interpretatur
1674 5004 1884 5062 Theod.
1920 5004 2156 5060 Balsam.
2183 5005 2360 5062 locum
2393 5008 2448 5061 in
2474 5007 2839 5076 explicatione
2870 5009 3072 5067 decimi
3114 5011 3328 5080 septimi
3358 5011 3584 5065 canonis

323 5099 534 5155 concilii
565 5096 875 5152 Laodiceni.
906 5124 977 5135 -
1006 5095 1061 5149 In
1096 5097 1223 5151 cod.
1256 5094 1517 5149 Escorial.
1555 5093 1795 5159 Balsam,
1828 5108 1877 5149 s.
1904 5090 2189 5163 Expositio
2223 5097 2275 5149 in
2302 5096 2475 5151 Pbotii
2506 5093 2799 5151 Nomocan.
2828 5108 2885 5153 et
2928 5098 3154 5169 reliqua,
3197 5107 3333 5153 teste
3391 5097 3585 5155 Piuero

336 5190 391 5241 in
422 5186 612 5240 ltiner.
646 5201 738 5254 per
767 5182 991 5252 Hispau.
1017 5198 1137 5256 pag.
1178 5182 1299 5237 191.
1332 5210 1401 5221 -ο
1434 5179 1494 5236 in
1522 5181 1642 5236 cod.
1673 5180 1898 5236 Barocc.
1926 5182 2054 5247 191,
2089 5182 2261 5238 Photii
2310 5184 2559 5239 Canones
2609 5200 2733 5240 cum
2773 5186 3077 5241 Comment.
3103 5184 3441 5241 Balsamonis
3462 5226 3477 5252 ,
3531 5198 3586 5243 et

322 5280 607 5335 Balsatuou
636 5280 688 5330 in
723 5290 958 5357 canones
979 5274 1366 5344 apostolorum.
1406 5298 1476 5312 --
1502 5270 1561 5326 1ιι
1597 5270 1719 5328 cod.
1746 5269 1971 5329 Barocc.
2007 5272 2114 5327 205
2142 5272 2305 5329 iidem
2334 5272 2477 5339 libri,
2503 5282 2666 5344 atque
2698 5288 2934 5331 canones
2962 5284 3016 5332 ct
3037 5274 3279 5347 epistola:
3305 5275 3584 5331 canonica:

389 5516 464 5580 lo)
498 5510 788 5567 Corrector
825 5521 879 5565 et
901 5511 1189 5592 plagiarins
1219 5508 1443 5589 Zonarze
1471 5508 1666 5563 dicitur
1705 5506 1893 5563 Balsa-
2077 5504 2157 5627 ςΙρ)
2416 5506 2573 5589 finies.
2606 5507 2744 5563 llist.
2768 5506 2971 5565 Eccles.
3012 5522 3137 5566 me.
3170 5506 3236 5566 χι
3271 5516 3324 5560 st
3353 5504 3469 5571 Xll,
3523 5522 3579 5575 p.

392 5600 441 5627 ιη
470 5599 500 5627 a
531 5580 769 5627 Nor-tono
811 5582 1133 5627 Knatt-nhntl
1164 5596 1217 5627 ιιι
1252 5592 1396 5627 notis
1416 5579 1483 5627 ad
1515 5580 1637 5627 Act.
1665 5592 1775 5627 ιιν.
1800 5578 1892 5627 25.
2005 5574 2067 5627 51
2113 5614 2135 5627 .
2165 5578 2228 5627 ϐα
2260 5582 2391 5627 edit.
2418 5594 2470 5627 ιιι
2507 5579 2599 5627 fol.
2629 5596 2645 5627 :
2678 5596 2701 5627 ι
2733 5578 3105 5627 Balsamonem
3128 5597 3192 5627 ex
3225 5577 3435 5627 Zonara
3464 5594 3579 5627 ιιιιι-

318 5574 501 5639 ηιιιιιέ
530 5580 769 5635 Nortono
811 5574 1134 5639 amunia
1164 5580 1217 5636 in
1252 5579 1396 5633 umis
1416 5579 1483 5633 ad
1515 5580 1637 5633 Act.
1665 5592 1775 5642 ιιν,
1800 5578 1892 5629 25.
2005 5574 2135 5636 517.
2165 5578 2228 5630 ϐα
2260 5574 2391 5630 edit.
2418 5580 2470 5630 iu
2507 5579 2599 5635 fol.
2629 5596 2645 5633 :
2678 5596 2701 5632 ι
2733 5578 3105 5635 Balsamouem
3128 5597 3193 5636 ex
3225 5577 3435 5635 Zonara
3464 5574 3583 5633 tnu-

312 5653 1221 5715 εοιιΐοι-οΛιιειιίιιιικυυιωικιιω
1251 5688 1267 5711 ,
1299 5663 1403 5703 etc.
1430 5689 1445 5714 ,
1485 5664 1604 5718 pag.
1641 5647 1744 5702 175
1766 5663 1789 5719 ,ξ
1839 5656 1893 5702 et

2008 5654 2245 5719 Iustum,
2283 5646 2420 5703 falso
2447 5649 2722 5719 conjicere
2769 5650 3018 5703 videntur
3062 5651 3261 5705 eruditi
3296 5646 3396 5702 viri
3422 5647 3578 5719 :rinuo

312 5725 403 5781 ιν.
430 5725 490 5776 Ε.
530 5720 791 5776 Tentzelii
826 5724 1051 5780 Uissert.
1082 5723 1145 5777 de
1184 5720 1379 5787 dup'ici
1440 5716 1703 5785 baptismo
1750 5716 1892 5772 Con-
2003 5719 2189 5788 potius
2218 5717 2359 5773 hunc
2389 5734 2454 5775 ex
2479 5716 2801 5788 Ba'lsamoue
2838 5719 3087 5774 hausisse
3107 5720 3352 5776 duxerim
3378 5756 3395 5782 ,
3418 5718 3579 5788 quem

308 5793 529 5853 smntini
561 5792 757 5867 Magni,
790 5790 818 5865 ί
856 5792 940 5848 16.
1260 5786 1263 5787 ⁷
2004 5795 2130 5840 ante
2167 5787 2343 5857 ipsum
2376 5789 2617 5846 ﬂoruisse
2645 5786 2997 5845 verisimilius
3014 5797 3115 5847 est.
3155 5808 3175 5842 ι

3366 5918 3419 5975 κδ.

3424 6128 3441 6149 ⁸
3514 6115 3549 6167 Ι
