  <div class='ocr_page' id='page_1' title='image "/cluster/home/n/w/nwhite01/storage/ocr_20150623/137/hvd.32044073502536/014.png"; bbox 0 0 4042 6214; ppageno 0'>
   <div class='ocr_carea' id='block_1_1' title="bbox 520 349 2116 433">
    <p class='ocr_par' dir='ltr' id='par_1_1' title="bbox 520 349 2116 417">
     <span class='ocr_line' id='line_1_1' title="bbox 520 349 2116 417; baseline 0.002 -3"><span class='ocrx_word' id='word_1_1' title='bbox 520 349 593 415; x_wconf 80' lang='lat' dir='ltr'><strong>l3</strong></span> <span class='ocrx_word' id='word_1_2' title='bbox 1176 378 1193 403; x_wconf 64' lang='grc' dir='ltr'><em>θ</em></span> <span class='ocrx_word' id='word_1_3' title='bbox 1996 354 2116 417; x_wconf 81' lang='lat' dir='ltr'><strong>NO&#39;.</strong></span> 
     </span>
    </p>
   </div>
   <div class='ocr_carea' id='block_1_2' title="bbox 2171 349 3767 433">
    <p class='ocr_par' dir='ltr' id='par_1_2' title="bbox 2171 350 3767 433">
     <span class='ocr_line' id='line_1_2' title="bbox 2171 350 3767 433; baseline 0.008 -16"><span class='ocrx_word' id='word_1_4' title='bbox 2171 356 2330 418; x_wconf 74' lang='lat' dir='ltr'><strong>ZTIA.</strong></span> <span class='ocrx_word' id='word_1_5' title='bbox 3152 404 3155 407; x_wconf 53' lang='grc' dir='ltr'><em>ι</em></span> <span class='ocrx_word' id='word_1_6' title='bbox 3700 350 3767 433; x_wconf 66' lang='grc' dir='ltr'><strong>ιι</strong></span> 
     </span>
    </p>
   </div>
   <div class='ocr_carea' id='block_1_3' title="bbox 511 464 3763 549">
    <p class='ocr_par' dir='ltr' id='par_1_3' title="bbox 511 464 3763 549">
     <span class='ocr_line' id='line_1_3' title="bbox 511 464 3763 549; baseline 0.007 -27"><span class='ocrx_word' id='word_1_7' title='bbox 511 482 642 522; x_wconf 87' lang='lat' dir='ltr'><strong>cum</strong></span> <span class='ocrx_word' id='word_1_8' title='bbox 668 465 877 523; x_wconf 84' lang='lat' dir='ltr'><strong>Comm.</strong></span> <span class='ocrx_word' id='word_1_9' title='bbox 914 464 1272 520; x_wconf 85' lang='lat' dir='ltr'><strong>Balsamonis.</strong></span> <span class='ocrx_word' id='word_1_10' title='bbox 1307 497 1374 506; x_wconf 94' lang='lat'>—</span> <span class='ocrx_word' id='word_1_11' title='bbox 1411 465 1465 520; x_wconf 88' lang='lat' dir='ltr'><strong>lu</strong></span> <span class='ocrx_word' id='word_1_12' title='bbox 1493 468 1611 523; x_wconf 89' lang='lat' dir='ltr'><strong>cod.</strong></span> <span class='ocrx_word' id='word_1_13' title='bbox 1644 469 1734 536; x_wconf 85' lang='grc'><strong>50,</strong></span> <span class='ocrx_word' id='word_1_14' title='bbox 1768 468 2009 537; x_wconf 82' lang='lat' dir='ltr'><strong>Jamesii,</strong></span> <span class='ocrx_word' id='word_1_15' title='bbox 2043 473 2307 543; x_wconf 81' lang='lat' dir='ltr'><strong>Excerpta</strong></span> <span class='ocrx_word' id='word_1_16' title='bbox 2342 490 2406 531; x_wconf 78' lang='lat' dir='ltr'><strong>ex</strong></span> <span class='ocrx_word' id='word_1_17' title='bbox 2436 482 2629 536; x_wconf 81' lang='lat' dir='ltr'><strong>canon.</strong></span> <span class='ocrx_word' id='word_1_18' title='bbox 2664 490 2714 539; x_wconf 90' lang='lat' dir='ltr'><strong>et</strong></span> <span class='ocrx_word' id='word_1_19' title='bbox 2747 478 3113 539; x_wconf 88' lang='lat' dir='ltr'><strong>Commentar.</strong></span> <span class='ocrx_word' id='word_1_20' title='bbox 3150 482 3487 544; x_wconf 85' lang='lat' dir='ltr'><strong>Balsamonis</strong></span> <span class='ocrx_word' id='word_1_21' title='bbox 3548 487 3611 546; x_wconf 77' lang='grc' dir='ltr'><strong>γ.</strong></span> <span class='ocrx_word' id='word_1_22' title='bbox 3639 487 3763 549; x_wconf 83' lang='lat' dir='ltr'><strong>Cat.</strong></span> 
     </span>
    </p>
   </div>
   <div class='ocr_carea' id='block_1_4' title="bbox 511 552 3764 644">
    <p class='ocr_par' dir='ltr' id='par_1_4' title="bbox 511 552 3764 644">
     <span class='ocr_line' id='line_1_4' title="bbox 511 552 3764 644; baseline 0.007 -35"><span class='ocrx_word' id='word_1_23' title='bbox 511 556 675 612; x_wconf 87' lang='lat' dir='ltr'><strong>codd.</strong></span> <span class='ocrx_word' id='word_1_24' title='bbox 708 553 932 624; x_wconf 65' lang='lat' dir='ltr'><strong>Angliaa,</strong></span> <span class='ocrx_word' id='word_1_25' title='bbox 962 552 1003 619; x_wconf 92' lang='grc' dir='ltr'><strong>Ι,</strong></span> <span class='ocrx_word' id='word_1_26' title='bbox 1025 568 1146 644; x_wconf 82' lang='lat' dir='ltr'><strong>pag.</strong></span> <span class='ocrx_word' id='word_1_27' title='bbox 1172 552 1303 644; x_wconf 14' lang='lat'><strong>72675.</strong></span> <span class='ocrx_word' id='word_1_28' title='bbox 1341 553 1395 609; x_wconf 90' lang='lat' dir='ltr'><strong>lu</strong></span> <span class='ocrx_word' id='word_1_29' title='bbox 1428 559 1548 614; x_wconf 77' lang='lat' dir='ltr'><strong>eod.</strong></span> <span class='ocrx_word' id='word_1_30' title='bbox 1577 560 1741 614; x_wconf 81' lang='lat' dir='ltr'><strong>catal.</strong></span> <span class='ocrx_word' id='word_1_31' title='bbox 1773 566 1902 615; x_wconf 90' lang='lat' dir='ltr'><strong>tom.</strong></span> <span class='ocrx_word' id='word_1_32' title='bbox 1936 558 1999 624; x_wconf 90' lang='grc' dir='ltr'><strong>ΙΙ,</strong></span> <span class='ocrx_word' id='word_1_33' title='bbox 2042 578 2097 616; x_wconf 93' lang='lat' dir='ltr'><strong>n.</strong></span> <span class='ocrx_word' id='word_1_34' title='bbox 2129 562 2287 631; x_wconf 90' lang='grc'>1856,</span> <span class='ocrx_word' id='word_1_35' title='bbox 2323 563 2374 619; x_wconf 93' lang='lat' dir='ltr'><strong>ln</strong></span> <span class='ocrx_word' id='word_1_36' title='bbox 2411 565 2531 621; x_wconf 92' lang='lat' dir='ltr'><strong>cod.</strong></span> <span class='ocrx_word' id='word_1_37' title='bbox 2568 579 2833 623; x_wconf 87' lang='lat' dir='ltr'><strong>canonum</strong></span> <span class='ocrx_word' id='word_1_38' title='bbox 2892 558 3100 642; x_wconf 68' lang='lat' dir='ltr'><strong>collegii</strong></span> <span class='ocrx_word' id='word_1_39' title='bbox 3139 569 3428 629; x_wconf 88' lang='lat' dir='ltr'><strong>Etonensis</strong></span> <span class='ocrx_word' id='word_1_40' title='bbox 3462 613 3477 638; x_wconf 88' lang='lat'><strong>,</strong></span> <span class='ocrx_word' id='word_1_41' title='bbox 3506 576 3598 644; x_wconf 89' lang='lat' dir='ltr'><strong>qui</strong></span> <span class='ocrx_word' id='word_1_42' title='bbox 3632 590 3764 630; x_wconf 85' lang='lat' dir='ltr'><strong>con-</strong></span> 
     </span>
    </p>
   </div>
   <div class='ocr_carea' id='block_1_5' title="bbox 512 640 3759 731">
    <p class='ocr_par' dir='ltr' id='par_1_5' title="bbox 512 640 3759 731">
     <span class='ocr_line' id='line_1_5' title="bbox 512 640 3759 731; baseline 0.006 -36"><span class='ocrx_word' id='word_1_43' title='bbox 512 643 655 697; x_wconf 89' lang='lat' dir='ltr'><strong>tinet</strong></span> <span class='ocrx_word' id='word_1_44' title='bbox 685 640 894 712; x_wconf 73' lang='lat' dir='ltr'><strong>prtefat.</strong></span> <span class='ocrx_word' id='word_1_45' title='bbox 926 641 1133 696; x_wconf 86' lang='lat' dir='ltr'><strong>Theod.</strong></span> <span class='ocrx_word' id='word_1_46' title='bbox 1170 643 1521 712; x_wconf 86' lang='lat' dir='ltr'><strong>Balsamonis,</strong></span> <span class='ocrx_word' id='word_1_47' title='bbox 1546 646 1894 702; x_wconf 78' lang='lat' dir='ltr'><strong>Nomocanan</strong></span> <span class='ocrx_word' id='word_1_48' title='bbox 1928 647 2105 704; x_wconf 88' lang='lat' dir='ltr'><strong>Photii</strong></span> <span class='ocrx_word' id='word_1_49' title='bbox 2137 665 2256 703; x_wconf 88' lang='lat' dir='ltr'><strong>cum</strong></span> <span class='ocrx_word' id='word_1_50' title='bbox 2316 661 2604 709; x_wconf 75' lang='lat' dir='ltr'><strong>comment.</strong></span> <span class='ocrx_word' id='word_1_51' title='bbox 2640 654 3013 723; x_wconf 86' lang='lat' dir='ltr'><strong>Balsamouis;</strong></span> <span class='ocrx_word' id='word_1_52' title='bbox 3045 640 3372 727; x_wconf 65' lang='lat' dir='ltr'><strong>quaestiones</strong></span> <span class='ocrx_word' id='word_1_53' title='bbox 3406 640 3759 731; x_wconf 76' lang='lat' dir='ltr'><strong>quorumdam</strong></span> 
     </span>
    </p>
   </div>
   <div class='ocr_carea' id='block_1_6' title="bbox 516 729 3759 807">
    <p class='ocr_par' dir='ltr' id='par_1_6' title="bbox 516 729 3759 807">
     <span class='ocr_line' id='line_1_6' title="bbox 516 729 3759 807; baseline 0.006 -26"><span class='ocrx_word' id='word_1_54' title='bbox 516 729 912 783; x_wconf 83' lang='lat' dir='ltr'><strong>monachorum</strong></span> <span class='ocrx_word' id='word_1_55' title='bbox 943 738 995 783; x_wconf 91' lang='lat' dir='ltr'><strong>et</strong></span> <span class='ocrx_word' id='word_1_56' title='bbox 1023 745 1305 798; x_wconf 87' lang='lat' dir='ltr'><strong>responsa,</strong></span> <span class='ocrx_word' id='word_1_57' title='bbox 1342 746 1575 787; x_wconf 89' lang='lat' dir='ltr'><strong>canones</strong></span> <span class='ocrx_word' id='word_1_58' title='bbox 1608 734 1972 803; x_wconf 74' lang='lat' dir='ltr'><strong>apostolorum</strong></span> <span class='ocrx_word' id='word_1_59' title='bbox 2004 735 2213 791; x_wconf 75' lang='lat' dir='ltr'><strong>Niczen.</strong></span> <span class='ocrx_word' id='word_1_60' title='bbox 2243 736 2445 791; x_wconf 87' lang='lat' dir='ltr'><strong>CPolit.</strong></span> <span class='ocrx_word' id='word_1_61' title='bbox 2483 740 2736 807; x_wconf 71' lang='lat' dir='ltr'><strong>Ephesin.</strong></span> <span class='ocrx_word' id='word_1_62' title='bbox 2769 741 3021 797; x_wconf 87' lang='lat' dir='ltr'><strong>Chalced.</strong></span> <span class='ocrx_word' id='word_1_63' title='bbox 3062 760 3183 797; x_wconf 89' lang='lat' dir='ltr'><strong>cum</strong></span> <span class='ocrx_word' id='word_1_64' title='bbox 3215 729 3515 803; x_wconf 83' lang='lat' dir='ltr'><strong>Comment.</strong></span> <span class='ocrx_word' id='word_1_65' title='bbox 3552 747 3759 804; x_wconf 87' lang='lat' dir='ltr'><strong>Theod.</strong></span> 
     </span>
    </p>
   </div>
   <div class='ocr_carea' id='block_1_7' title="bbox 515 813 3761 895">
    <p class='ocr_par' dir='ltr' id='par_1_7' title="bbox 515 813 3761 895">
     <span class='ocr_line' id='line_1_7' title="bbox 515 813 3761 895; baseline 0.007 -28"><span class='ocrx_word' id='word_1_66' title='bbox 515 815 879 871; x_wconf 80' lang='lat' dir='ltr'><strong>Balsamonis.</strong></span> <span class='ocrx_word' id='word_1_67' title='bbox 908 846 981 855; x_wconf 95' lang='lat'><strong>—</strong></span> <span class='ocrx_word' id='word_1_68' title='bbox 1009 813 1145 871; x_wconf 88' lang='lat' dir='ltr'><strong>lbid.</strong></span> <span class='ocrx_word' id='word_1_69' title='bbox 1180 817 1447 887; x_wconf 85' lang='lat' dir='ltr'><strong>synodum</strong></span> <span class='ocrx_word' id='word_1_70' title='bbox 1475 819 1730 890; x_wconf 82' lang='lat' dir='ltr'><strong>Carthag.</strong></span> <span class='ocrx_word' id='word_1_71' title='bbox 1768 822 2088 891; x_wconf 63' lang='lat' dir='ltr'><strong>prtcsidente</strong></span> <span class='ocrx_word' id='word_1_72' title='bbox 2118 834 2303 879; x_wconf 88' lang='lat' dir='ltr'><strong>sancto</strong></span> <span class='ocrx_word' id='word_1_73' title='bbox 2326 825 2594 895; x_wconf 82' lang='lat' dir='ltr'><strong>Cypriane</strong></span> <span class='ocrx_word' id='word_1_74' title='bbox 2637 842 2758 881; x_wconf 90' lang='lat' dir='ltr'><strong>cum</strong></span> <span class='ocrx_word' id='word_1_75' title='bbox 2791 829 3001 884; x_wconf 86' lang='lat' dir='ltr'><strong>Comm.</strong></span> <span class='ocrx_word' id='word_1_76' title='bbox 3030 828 3261 886; x_wconf 85' lang='lat' dir='ltr'><strong>Balsam.</strong></span> <span class='ocrx_word' id='word_1_77' title='bbox 3295 842 3399 887; x_wconf 92' lang='lat' dir='ltr'><strong>etc.</strong></span> <span class='ocrx_word' id='word_1_78' title='bbox 3435 866 3505 874; x_wconf 97' lang='lat'><em>—</em></span> <span class='ocrx_word' id='word_1_79' title='bbox 3534 834 3671 889; x_wconf 86' lang='lat' dir='ltr'><strong>Ibid.</strong></span> <span class='ocrx_word' id='word_1_80' title='bbox 3702 852 3761 891; x_wconf 91' lang='lat' dir='ltr'><strong>n.</strong></span> 
     </span>
    </p>
   </div>
   <div class='ocr_carea' id='block_1_8' title="bbox 510 900 3758 985">
    <p class='ocr_par' dir='ltr' id='par_1_8' title="bbox 510 900 3758 985">
     <span class='ocr_line' id='line_1_8' title="bbox 510 900 3758 985; baseline 0.006 -29"><span class='ocrx_word' id='word_1_81' title='bbox 510 901 676 961; x_wconf 62' lang='lat'><strong>3439.</strong></span> <span class='ocrx_word' id='word_1_82' title='bbox 711 902 765 957; x_wconf 85' lang='lat' dir='ltr'><strong>in</strong></span> <span class='ocrx_word' id='word_1_83' title='bbox 802 902 923 955; x_wconf 87' lang='lat' dir='ltr'><strong>cod.</strong></span> <span class='ocrx_word' id='word_1_84' title='bbox 954 900 1191 957; x_wconf 81' lang='lat' dir='ltr'><strong>Norfolc.</strong></span> <span class='ocrx_word' id='word_1_85' title='bbox 1223 902 1347 970; x_wconf 64' lang='grc'>540,</span> <span class='ocrx_word' id='word_1_86' title='bbox 1386 903 1644 969; x_wconf 89' lang='lat' dir='ltr'><strong>Concilia,</strong></span> <span class='ocrx_word' id='word_1_87' title='bbox 1680 922 1800 961; x_wconf 88' lang='lat' dir='ltr'><strong>cum</strong></span> <span class='ocrx_word' id='word_1_88' title='bbox 1829 907 2176 977; x_wconf 73' lang='lat' dir='ltr'><strong>Expositione</strong></span> <span class='ocrx_word' id='word_1_89' title='bbox 2198 910 2535 967; x_wconf 78' lang='lat' dir='ltr'><strong>Balsatnonis</strong></span> <span class='ocrx_word' id='word_1_90' title='bbox 2561 924 2612 968; x_wconf 88' lang='lat' dir='ltr'><strong>et</strong></span> <span class='ocrx_word' id='word_1_91' title='bbox 2644 912 2886 977; x_wconf 67' lang='lat' dir='ltr'><strong>Zonaras,</strong></span> <span class='ocrx_word' id='word_1_92' title='bbox 2930 946 2999 956; x_wconf 89' lang='lat'><strong>-—</strong></span> <span class='ocrx_word' id='word_1_93' title='bbox 3025 916 3156 974; x_wconf 77' lang='lat' dir='ltr'><strong>lbitl.</strong></span> <span class='ocrx_word' id='word_1_94' title='bbox 3205 934 3257 974; x_wconf 82' lang='grc' dir='ltr'><strong>η.</strong></span> <span class='ocrx_word' id='word_1_95' title='bbox 3294 920 3454 985; x_wconf 81' lang='lat'><strong>5905,</strong></span> <span class='ocrx_word' id='word_1_96' title='bbox 3486 922 3539 976; x_wconf 89' lang='lat' dir='ltr'><strong>iu</strong></span> <span class='ocrx_word' id='word_1_97' title='bbox 3563 923 3758 977; x_wconf 86' lang='lat' dir='ltr'><strong>Thom.</strong></span> 
     </span>
    </p>
   </div>
   <div class='ocr_carea' id='block_1_9' title="bbox 512 988 3763 1074">
    <p class='ocr_par' dir='ltr' id='par_1_9' title="bbox 512 988 3763 1074">
     <span class='ocr_line' id='line_1_9' title="bbox 512 988 3763 1074; baseline 0.006 -30"><span class='ocrx_word' id='word_1_98' title='bbox 512 988 670 1053; x_wconf 82' lang='lat' dir='ltr'><strong>Gale,</strong></span> <span class='ocrx_word' id='word_1_99' title='bbox 706 988 829 1043; x_wconf 92' lang='lat' dir='ltr'><strong>cod.</strong></span> <span class='ocrx_word' id='word_1_100' title='bbox 863 989 925 1043; x_wconf 88' lang='lat' dir='ltr'><strong>7l</strong></span> <span class='ocrx_word' id='word_1_101' title='bbox 961 988 1210 1045; x_wconf 86' lang='lat' dir='ltr'><strong>Canones</strong></span> <span class='ocrx_word' id='word_1_102' title='bbox 1235 1001 1546 1046; x_wconf 86' lang='lat' dir='ltr'><strong>sanctorum</strong></span> <span class='ocrx_word' id='word_1_103' title='bbox 1576 993 1940 1062; x_wconf 69' lang='lat' dir='ltr'><strong>apostolorum</strong></span> <span class='ocrx_word' id='word_1_104' title='bbox 1972 1005 2025 1050; x_wconf 91' lang='lat' dir='ltr'><strong>et</strong></span> <span class='ocrx_word' id='word_1_105' title='bbox 2048 998 2421 1063; x_wconf 90' lang='lat' dir='ltr'><strong>conciliorum,</strong></span> <span class='ocrx_word' id='word_1_106' title='bbox 2459 1000 2510 1054; x_wconf 92' lang='lat' dir='ltr'><strong>in</strong></span> <span class='ocrx_word' id='word_1_107' title='bbox 2551 1000 2797 1071; x_wconf 77' lang='lat' dir='ltr'><strong>catalogo</strong></span> <span class='ocrx_word' id='word_1_108' title='bbox 2832 1003 2984 1067; x_wconf 89' lang='lat' dir='ltr'><strong>plene</strong></span> <span class='ocrx_word' id='word_1_109' title='bbox 3031 1005 3428 1074; x_wconf 81' lang='lat' dir='ltr'><strong>indicaturum;</strong></span> <span class='ocrx_word' id='word_1_110' title='bbox 3478 1009 3603 1063; x_wconf 85' lang='lat' dir='ltr'><strong>item</strong></span> <span class='ocrx_word' id='word_1_111' title='bbox 3657 1009 3763 1066; x_wconf 81' lang='lat' dir='ltr'><strong>Pe-</strong></span> 
     </span>
    </p>
   </div>
   <div class='ocr_carea' id='block_1_10' title="bbox 514 1080 3762 1159">
    <p class='ocr_par' dir='ltr' id='par_1_10' title="bbox 514 1080 3762 1159">
     <span class='ocr_line' id='line_1_10' title="bbox 514 1080 3762 1159; baseline 0.005 -24"><span class='ocrx_word' id='word_1_112' title='bbox 514 1080 610 1145; x_wconf 81' lang='lat' dir='ltr'><strong>tri,</strong></span> <span class='ocrx_word' id='word_1_113' title='bbox 642 1080 1036 1150; x_wconf 79' lang='lat' dir='ltr'><strong>archiepiscopi</strong></span> <span class='ocrx_word' id='word_1_114' title='bbox 1066 1082 1421 1136; x_wconf 79' lang='lat' dir='ltr'><strong>Alexandrini</strong></span> <span class='ocrx_word' id='word_1_115' title='bbox 1456 1082 1689 1152; x_wconf 78' lang='lat' dir='ltr'><strong>Epistula</strong></span> <span class='ocrx_word' id='word_1_116' title='bbox 1718 1100 1838 1139; x_wconf 89' lang='lat' dir='ltr'><strong>cum</strong></span> <span class='ocrx_word' id='word_1_117' title='bbox 1873 1086 2090 1140; x_wconf 91' lang='lat' dir='ltr'><strong>scholiis</strong></span> <span class='ocrx_word' id='word_1_118' title='bbox 2126 1087 2483 1152; x_wconf 84' lang='lat' dir='ltr'><strong>Balsamouis,</strong></span> <span class='ocrx_word' id='word_1_119' title='bbox 2505 1099 2558 1142; x_wconf 91' lang='lat' dir='ltr'><strong>et</strong></span> <span class='ocrx_word' id='word_1_120' title='bbox 2586 1089 2711 1153; x_wconf 89' lang='lat' dir='ltr'><strong>alia,</strong></span> <span class='ocrx_word' id='word_1_121' title='bbox 2737 1106 2855 1159; x_wconf 73' lang='lat' dir='ltr'><strong>qua:</strong></span> <span class='ocrx_word' id='word_1_122' title='bbox 2894 1094 3074 1146; x_wconf 86' lang='lat' dir='ltr'><strong>omnia</strong></span> <span class='ocrx_word' id='word_1_123' title='bbox 3135 1093 3185 1147; x_wconf 91' lang='lat' dir='ltr'><strong>in</strong></span> <span class='ocrx_word' id='word_1_124' title='bbox 3220 1095 3400 1151; x_wconf 83' lang='lat' dir='ltr'><strong>multis</strong></span> <span class='ocrx_word' id='word_1_125' title='bbox 3455 1096 3587 1151; x_wconf 90' lang='lat' dir='ltr'><strong>locis</strong></span> <span class='ocrx_word' id='word_1_126' title='bbox 3641 1112 3762 1153; x_wconf 86' lang='lat' dir='ltr'><strong>esse</strong></span> 
     </span>
    </p>
   </div>
   <div class='ocr_carea' id='block_1_11' title="bbox 516 1166 3760 1253">
    <p class='ocr_par' dir='ltr' id='par_1_11' title="bbox 516 1166 3760 1253">
     <span class='ocr_line' id='line_1_11' title="bbox 516 1166 3760 1253; baseline 0.006 -34"><span class='ocrx_word' id='word_1_127' title='bbox 516 1166 799 1236; x_wconf 79' lang='lat' dir='ltr'><strong>impressis</strong></span> <span class='ocrx_word' id='word_1_128' title='bbox 820 1168 973 1222; x_wconf 85' lang='lat' dir='ltr'><strong>libris</strong></span> <span class='ocrx_word' id='word_1_129' title='bbox 996 1170 1264 1233; x_wconf 90' lang='lat' dir='ltr'><strong>auctiora,</strong></span> <span class='ocrx_word' id='word_1_130' title='bbox 1308 1170 1531 1223; x_wconf 88' lang='lat' dir='ltr'><strong>adnotat</strong></span> <span class='ocrx_word' id='word_1_131' title='bbox 1562 1170 1838 1225; x_wconf 75' lang='lat' dir='ltr'><strong>confector</strong></span> <span class='ocrx_word' id='word_1_132' title='bbox 1872 1173 2122 1241; x_wconf 79' lang='lat' dir='ltr'><strong>catalogi.</strong></span> <span class='ocrx_word' id='word_1_133' title='bbox 2154 1203 2224 1214; x_wconf 89' lang='lat'><strong>-—-</strong></span> <span class='ocrx_word' id='word_1_134' title='bbox 2256 1174 2464 1229; x_wconf 89' lang='lat' dir='ltr'><strong>Dublini</strong></span> <span class='ocrx_word' id='word_1_135' title='bbox 2492 1178 2807 1244; x_wconf 87' lang='lat' dir='ltr'><strong>(secundum</strong></span> <span class='ocrx_word' id='word_1_136' title='bbox 2843 1180 3088 1233; x_wconf 89' lang='lat' dir='ltr'><strong>eumdem</strong></span> <span class='ocrx_word' id='word_1_137' title='bbox 3125 1182 3351 1251; x_wconf 74' lang='lat' dir='ltr'><strong>catalog.</strong></span> <span class='ocrx_word' id='word_1_138' title='bbox 3390 1184 3497 1240; x_wconf 80' lang='lat' dir='ltr'><strong>vol.</strong></span> <span class='ocrx_word' id='word_1_139' title='bbox 3524 1182 3591 1251; x_wconf 85' lang='grc' dir='ltr'><strong>ΙΙ,</strong></span> <span class='ocrx_word' id='word_1_140' title='bbox 3626 1199 3760 1253; x_wconf 82' lang='grc' dir='ltr'><strong>ρ.ιι,</strong></span> 
     </span>
    </p>
   </div>
   <div class='ocr_carea' id='block_1_12' title="bbox 515 1253 3763 1339">
    <p class='ocr_par' dir='ltr' id='par_1_12' title="bbox 515 1253 3763 1339">
     <span class='ocr_line' id='line_1_12' title="bbox 515 1253 3763 1339; baseline 0.006 -34"><span class='ocrx_word' id='word_1_141' title='bbox 515 1268 638 1323; x_wconf 76' lang='lat' dir='ltr'><strong>pag.</strong></span> <span class='ocrx_word' id='word_1_142' title='bbox 669 1253 796 1318; x_wconf 70' lang='lat'><strong>23!,</strong></span> <span class='ocrx_word' id='word_1_143' title='bbox 830 1271 882 1307; x_wconf 92' lang='lat' dir='ltr'><strong>n.</strong></span> <span class='ocrx_word' id='word_1_144' title='bbox 915 1254 1042 1325; x_wconf 69' lang='lat'><strong>277)</strong></span> <span class='ocrx_word' id='word_1_145' title='bbox 1078 1254 1130 1308; x_wconf 92' lang='lat' dir='ltr'><strong>in</strong></span> <span class='ocrx_word' id='word_1_146' title='bbox 1158 1255 1367 1324; x_wconf 75' lang='lat' dir='ltr'><strong>collegii</strong></span> <span class='ocrx_word' id='word_1_147' title='bbox 1415 1254 1471 1312; x_wconf 90' lang='lat' dir='ltr'><strong>S.</strong></span> <span class='ocrx_word' id='word_1_148' title='bbox 1500 1256 1751 1311; x_wconf 86' lang='lat' dir='ltr'><strong>Trinitat.</strong></span> <span class='ocrx_word' id='word_1_149' title='bbox 1808 1260 1930 1313; x_wconf 84' lang='lat' dir='ltr'><strong>cod.</strong></span> <span class='ocrx_word' id='word_1_150' title='bbox 1969 1259 2092 1325; x_wconf 84' lang='grc'>157,</span> <span class='ocrx_word' id='word_1_151' title='bbox 2126 1276 2177 1314; x_wconf 91' lang='lat' dir='ltr'><strong>n.</strong></span> <span class='ocrx_word' id='word_1_152' title='bbox 2212 1261 2271 1316; x_wconf 87' lang='grc'><strong>11</strong></span> <span class='ocrx_word' id='word_1_153' title='bbox 2336 1278 2455 1330; x_wconf 85' lang='lat' dir='ltr'><strong>sqq.</strong></span> <span class='ocrx_word' id='word_1_154' title='bbox 2509 1264 2729 1331; x_wconf 87' lang='lat' dir='ltr'><strong>epistola</strong></span> <span class='ocrx_word' id='word_1_155' title='bbox 2778 1264 2985 1319; x_wconf 88' lang='lat' dir='ltr'><strong>Tarasii</strong></span> <span class='ocrx_word' id='word_1_156' title='bbox 3047 1266 3150 1322; x_wconf 78' lang='lat' dir='ltr'><strong>GP.</strong></span> <span class='ocrx_word' id='word_1_157' title='bbox 3194 1270 3258 1321; x_wconf 88' lang='lat' dir='ltr'><strong>ad</strong></span> <span class='ocrx_word' id='word_1_158' title='bbox 3304 1269 3527 1324; x_wconf 75' lang='lat' dir='ltr'><strong>Adrian.</strong></span> <span class='ocrx_word' id='word_1_159' title='bbox 3570 1285 3763 1339; x_wconf 86' lang='lat' dir='ltr'><strong>papam</strong></span> 
     </span>
    </p>
   </div>
   <div class='ocr_carea' id='block_1_13' title="bbox 515 1338 3761 1427">
    <p class='ocr_par' dir='ltr' id='par_1_13' title="bbox 515 1338 3761 1427">
     <span class='ocr_line' id='line_1_13' title="bbox 515 1338 3761 1427; baseline 0.006 -35"><span class='ocrx_word' id='word_1_160' title='bbox 515 1338 557 1393; x_wconf 85' lang='grc'><strong>1³.</strong></span> <span class='ocrx_word' id='word_1_161' title='bbox 601 1339 690 1404; x_wconf 88' lang='lat'><strong>66,</strong></span> <span class='ocrx_word' id='word_1_162' title='bbox 724 1356 813 1410; x_wconf 90' lang='lat' dir='ltr'><strong>ap.</strong></span> <span class='ocrx_word' id='word_1_163' title='bbox 854 1340 1091 1396; x_wconf 84' lang='lat' dir='ltr'><strong>Balsam.</strong></span> <span class='ocrx_word' id='word_1_164' title='bbox 1124 1358 1178 1410; x_wconf 91' lang='lat' dir='ltr'><strong>p.</strong></span> <span class='ocrx_word' id='word_1_165' title='bbox 1210 1340 1367 1407; x_wconf 79' lang='grc'>1083,</span> <span class='ocrx_word' id='word_1_166' title='bbox 1396 1358 1517 1397; x_wconf 90' lang='lat' dir='ltr'><strong>cum</strong></span> <span class='ocrx_word' id='word_1_167' title='bbox 1551 1345 1723 1410; x_wconf 89' lang='lat' dir='ltr'><strong>notis;</strong></span> <span class='ocrx_word' id='word_1_168' title='bbox 1755 1343 2003 1415; x_wconf 84' lang='lat' dir='ltr'><strong>Synodns</strong></span> <span class='ocrx_word' id='word_1_169' title='bbox 2035 1361 2051 1399; x_wconf 93' lang='lat' dir='ltr'><strong>t</strong></span> <span class='ocrx_word' id='word_1_170' title='bbox 2083 1348 2181 1402; x_wconf 86' lang='lat' dir='ltr'><strong>sub</strong></span> <span class='ocrx_word' id='word_1_171' title='bbox 2206 1348 2416 1411; x_wconf 81' lang='lat' dir='ltr'><strong>Pltotio,</strong></span> <span class='ocrx_word' id='word_1_172' title='bbox 2443 1349 2478 1404; x_wconf 78' lang='grc' dir='ltr'>Ι.</span> <span class='ocrx_word' id='word_1_173' title='bbox 2510 1351 2578 1405; x_wconf 89' lang='lat'><strong>68</strong></span> <span class='ocrx_word' id='word_1_174' title='bbox 2614 1354 2664 1406; x_wconf 93' lang='lat' dir='ltr'><strong>b.</strong></span> <span class='ocrx_word' id='word_1_175' title='bbox 2703 1352 2934 1407; x_wconf 83' lang='lat' dir='ltr'><strong>Balsam.</strong></span> <span class='ocrx_word' id='word_1_176' title='bbox 2970 1368 3023 1422; x_wconf 92' lang='lat' dir='ltr'><strong>p.</strong></span> <span class='ocrx_word' id='word_1_177' title='bbox 3057 1354 3159 1409; x_wconf 86' lang='grc'><strong>519</strong></span> <span class='ocrx_word' id='word_1_178' title='bbox 3194 1370 3243 1409; x_wconf 92' lang='lat' dir='ltr'><strong>c.</strong></span> <span class='ocrx_word' id='word_1_179' title='bbox 3274 1366 3386 1411; x_wconf 92' lang='lat' dir='ltr'><strong>not.</strong></span> <span class='ocrx_word' id='word_1_180' title='bbox 3443 1359 3535 1411; x_wconf 74' lang='lat' dir='ltr'><strong>sed</strong></span> <span class='ocrx_word' id='word_1_181' title='bbox 3563 1338 3761 1427; x_wconf 80' lang='lat' dir='ltr'><strong>imper-</strong></span> 
     </span>
    </p>
   </div>
   <div class='ocr_carea' id='block_1_14' title="bbox 516 1426 3760 1510">
    <p class='ocr_par' dir='ltr' id='par_1_14' title="bbox 516 1426 3760 1510">
     <span class='ocr_line' id='line_1_14' title="bbox 516 1426 3760 1510; baseline 0.006 -31"><span class='ocrx_word' id='word_1_182' title='bbox 516 1426 714 1491; x_wconf 77' lang='lat' dir='ltr'><strong>fectis;</strong></span> <span class='ocrx_word' id='word_1_183' title='bbox 748 1429 988 1509; x_wconf 77' lang='lat' dir='ltr'><strong>synodus</strong></span> <span class='ocrx_word' id='word_1_184' title='bbox 1023 1444 1063 1486; x_wconf 83' lang='lat' dir='ltr'><strong>It</strong></span> <span class='ocrx_word' id='word_1_185' title='bbox 1099 1429 1198 1485; x_wconf 89' lang='lat' dir='ltr'><strong>sub</strong></span> <span class='ocrx_word' id='word_1_186' title='bbox 1234 1429 1425 1486; x_wconf 82' lang='lat' dir='ltr'><strong>Pliotio</strong></span> <span class='ocrx_word' id='word_1_187' title='bbox 1458 1430 1496 1484; x_wconf 82' lang='grc' dir='ltr'>Ι.</span> <span class='ocrx_word' id='word_1_188' title='bbox 1529 1431 1592 1486; x_wconf 85' lang='grc'>71</span> <span class='ocrx_word' id='word_1_189' title='bbox 1622 1448 1671 1486; x_wconf 83' lang='lat' dir='ltr'><strong>c.</strong></span> <span class='ocrx_word' id='word_1_190' title='bbox 1702 1442 1813 1488; x_wconf 89' lang='lat' dir='ltr'><strong>not.</strong></span> <span class='ocrx_word' id='word_1_191' title='bbox 1849 1448 1935 1504; x_wconf 87' lang='lat' dir='ltr'><strong>ap.</strong></span> <span class='ocrx_word' id='word_1_192' title='bbox 1966 1434 2198 1488; x_wconf 82' lang='lat' dir='ltr'><strong>Balsam.</strong></span> <span class='ocrx_word' id='word_1_193' title='bbox 2245 1451 2301 1505; x_wconf 92' lang='lat' dir='ltr'><strong>p.</strong></span> <span class='ocrx_word' id='word_1_194' title='bbox 2342 1436 2478 1502; x_wconf 74' lang='lat'><strong>585;</strong></span> <span class='ocrx_word' id='word_1_195' title='bbox 2518 1437 2754 1509; x_wconf 83' lang='lat' dir='ltr'><strong>Dionysii</strong></span> <span class='ocrx_word' id='word_1_196' title='bbox 2788 1440 2942 1493; x_wconf 75' lang='lat' dir='ltr'><strong>Alex.</strong></span> <span class='ocrx_word' id='word_1_197' title='bbox 2985 1441 3049 1493; x_wconf 86' lang='lat' dir='ltr'><strong>ad</strong></span> <span class='ocrx_word' id='word_1_198' title='bbox 3088 1439 3308 1496; x_wconf 88' lang='lat' dir='ltr'><strong>Basilid.</strong></span> <span class='ocrx_word' id='word_1_199' title='bbox 3340 1442 3573 1510; x_wconf 84' lang='lat' dir='ltr'><strong>Epistula</strong></span> <span class='ocrx_word' id='word_1_200' title='bbox 3604 1426 3649 1499; x_wconf 79' lang='lat' dir='ltr'><strong>f.</strong></span> <span class='ocrx_word' id='word_1_201' title='bbox 3673 1445 3760 1509; x_wconf 73' lang='lat'><strong>72,</strong></span> 
     </span>
    </p>
   </div>
   <div class='ocr_carea' id='block_1_15' title="bbox 519 1508 3761 1598">
    <p class='ocr_par' dir='ltr' id='par_1_15' title="bbox 519 1508 3761 1598">
     <span class='ocr_line' id='line_1_15' title="bbox 519 1508 3761 1598; baseline 0.006 -32"><span class='ocrx_word' id='word_1_202' title='bbox 519 1514 657 1583; x_wconf 87' lang='lat' dir='ltr'><strong>apud</strong></span> <span class='ocrx_word' id='word_1_203' title='bbox 687 1508 995 1572; x_wconf 78' lang='lat' dir='ltr'><strong>BalSamon.</strong></span> <span class='ocrx_word' id='word_1_204' title='bbox 1028 1530 1079 1578; x_wconf 88' lang='lat' dir='ltr'><strong>p.</strong></span> <span class='ocrx_word' id='word_1_205' title='bbox 1114 1513 1254 1582; x_wconf 87' lang='lat'><strong>879;</strong></span> <span class='ocrx_word' id='word_1_206' title='bbox 1288 1517 1346 1573; x_wconf 88' lang='lat' dir='ltr'><strong>S.</strong></span> <span class='ocrx_word' id='word_1_207' title='bbox 1374 1518 1539 1585; x_wconf 84' lang='lat' dir='ltr'><strong>Petri,</strong></span> <span class='ocrx_word' id='word_1_208' title='bbox 1580 1520 1736 1574; x_wconf 77' lang='lat' dir='ltr'><strong>Alex.</strong></span> <span class='ocrx_word' id='word_1_209' title='bbox 1766 1522 2022 1590; x_wconf 82' lang='lat' dir='ltr'><strong>martyris</strong></span> <span class='ocrx_word' id='word_1_210' title='bbox 2058 1537 2310 1589; x_wconf 88' lang='lat' dir='ltr'><strong>canones,</strong></span> <span class='ocrx_word' id='word_1_211' title='bbox 2346 1526 2433 1593; x_wconf 88' lang='lat' dir='ltr'><strong>qui</strong></span> <span class='ocrx_word' id='word_1_212' title='bbox 2473 1526 2719 1579; x_wconf 80' lang='lat' dir='ltr'><strong>feruntur</strong></span> <span class='ocrx_word' id='word_1_213' title='bbox 2749 1527 2800 1580; x_wconf 90' lang='lat' dir='ltr'><strong>iu</strong></span> <span class='ocrx_word' id='word_1_214' title='bbox 2853 1542 3103 1583; x_wconf 85' lang='lat' dir='ltr'><strong>sermone</strong></span> <span class='ocrx_word' id='word_1_215' title='bbox 3134 1530 3198 1583; x_wconf 90' lang='lat' dir='ltr'><strong>de</strong></span> <span class='ocrx_word' id='word_1_216' title='bbox 3248 1508 3585 1598; x_wconf 81' lang='lat' dir='ltr'><strong>poenitentia,</strong></span> <span class='ocrx_word' id='word_1_217' title='bbox 3614 1533 3651 1589; x_wconf 79' lang='grc' dir='ltr'>Ι.</span> <span class='ocrx_word' id='word_1_218' title='bbox 3693 1533 3761 1587; x_wconf 81' lang='grc'>’15</span> 
     </span>
    </p>
   </div>
   <div class='ocr_carea' id='block_1_16' title="bbox 519 1598 3759 1687">
    <p class='ocr_par' dir='ltr' id='par_1_16' title="bbox 519 1598 3759 1687">
     <span class='ocr_line' id='line_1_16' title="bbox 519 1598 3759 1687; baseline 0.006 -32"><span class='ocrx_word' id='word_1_219' title='bbox 519 1598 575 1655; x_wconf 85' lang='lat' dir='ltr'><strong>b.</strong></span> <span class='ocrx_word' id='word_1_220' title='bbox 605 1599 914 1687; x_wconf 76' lang='lat' dir='ltr'><strong>Balsamon.</strong></span> <span class='ocrx_word' id='word_1_221' title='bbox 940 1601 1045 1657; x_wconf 85' lang='lat'><strong>887</strong></span> <span class='ocrx_word' id='word_1_222' title='bbox 1077 1602 1150 1674; x_wconf 72' lang='grc' dir='ltr'><strong>(ᾳ)</strong></span> <span class='ocrx_word' id='word_1_223' title='bbox 1179 1615 1329 1660; x_wconf 89' lang='lat' dir='ltr'><strong>caret</strong></span> <span class='ocrx_word' id='word_1_224' title='bbox 1352 1621 1459 1661; x_wconf 91' lang='lat' dir='ltr'><strong>uno</strong></span> <span class='ocrx_word' id='word_1_225' title='bbox 1487 1606 1523 1662; x_wconf 87' lang='lat' dir='ltr'><strong>l&#39;.</strong></span> <span class='ocrx_word' id='word_1_226' title='bbox 1559 1607 1699 1662; x_wconf 85' lang='lat' dir='ltr'><strong>inter</strong></span> <span class='ocrx_word' id='word_1_227' title='bbox 1727 1608 1799 1662; x_wconf 85' lang='lat'><strong>78</strong></span> <span class='ocrx_word' id='word_1_228' title='bbox 1832 1618 1885 1662; x_wconf 89' lang='lat' dir='ltr'><strong>et</strong></span> <span class='ocrx_word' id='word_1_229' title='bbox 1914 1608 2003 1675; x_wconf 88' lang='lat'><strong>79,</strong></span> <span class='ocrx_word' id='word_1_230' title='bbox 2032 1609 2195 1663; x_wconf 87' lang='lat' dir='ltr'><strong>etiam</strong></span> <span class='ocrx_word' id='word_1_231' title='bbox 2223 1610 2273 1664; x_wconf 90' lang='lat' dir='ltr'><strong>in</strong></span> <span class='ocrx_word' id='word_1_232' title='bbox 2301 1611 2404 1665; x_wconf 81' lang='lat' dir='ltr'><strong>line</strong></span> <span class='ocrx_word' id='word_1_233' title='bbox 2431 1629 2446 1678; x_wconf 90' lang='lat'><strong>;</strong></span> <span class='ocrx_word' id='word_1_234' title='bbox 2476 1613 2755 1667; x_wconf 85' lang='lat' dir='ltr'><strong>Athanasii</strong></span> <span class='ocrx_word' id='word_1_235' title='bbox 2803 1615 2956 1669; x_wconf 79' lang='lat' dir='ltr'><strong>Alex.</strong></span> <span class='ocrx_word' id='word_1_236' title='bbox 3004 1615 3229 1687; x_wconf 83' lang='lat' dir='ltr'><strong>epistola</strong></span> <span class='ocrx_word' id='word_1_237' title='bbox 3270 1617 3597 1686; x_wconf 77' lang='grc' dir='ltr'><strong>ἐορτατισκὴ</strong></span> <span class='ocrx_word' id='word_1_238' title='bbox 3649 1618 3720 1673; x_wconf 81' lang='grc'>59</span> <span class='ocrx_word' id='word_1_239' title='bbox 3743 1659 3759 1684; x_wconf 92' lang='grc'><strong>,</strong></span> 
     </span>
    </p>
   </div>
   <div class='ocr_carea' id='block_1_17' title="bbox 524 1685 3761 1773">
    <p class='ocr_par' dir='ltr' id='par_1_17' title="bbox 524 1685 3761 1773">
     <span class='ocr_line' id='line_1_17' title="bbox 524 1685 3761 1773; baseline 0.006 -32"><span class='ocrx_word' id='word_1_240' title='bbox 524 1686 621 1742; x_wconf 77' lang='lat' dir='ltr'><strong>fol.</strong></span> <span class='ocrx_word' id='word_1_241' title='bbox 653 1685 744 1753; x_wconf 73' lang='grc'>81,</span> <span class='ocrx_word' id='word_1_242' title='bbox 774 1698 923 1744; x_wconf 79' lang='lat' dir='ltr'><strong>caret</strong></span> <span class='ocrx_word' id='word_1_243' title='bbox 950 1688 1128 1755; x_wconf 88' lang='lat' dir='ltr'><strong>initio,</strong></span> <span class='ocrx_word' id='word_1_244' title='bbox 1165 1700 1220 1747; x_wconf 90' lang='lat' dir='ltr'><strong>et</strong></span> <span class='ocrx_word' id='word_1_245' title='bbox 1250 1689 1437 1763; x_wconf 89' lang='lat' dir='ltr'><strong>incipit</strong></span> <span class='ocrx_word' id='word_1_246' title='bbox 1458 1709 1511 1763; x_wconf 91' lang='lat' dir='ltr'><strong>p.</strong></span> <span class='ocrx_word' id='word_1_247' title='bbox 1545 1693 1670 1759; x_wconf 69' lang='lat'><strong>922,</strong></span> <span class='ocrx_word' id='word_1_248' title='bbox 1702 1710 1788 1760; x_wconf 87' lang='lat' dir='ltr'><strong>ap.</strong></span> <span class='ocrx_word' id='word_1_249' title='bbox 1814 1694 2228 1764; x_wconf 83' lang='lat' dir='ltr'><strong>Balsamonem;</strong></span> <span class='ocrx_word' id='word_1_250' title='bbox 2264 1709 2372 1753; x_wconf 90' lang='lat' dir='ltr'><strong>tres</strong></span> <span class='ocrx_word' id='word_1_251' title='bbox 2405 1698 2462 1753; x_wconf 88' lang='lat' dir='ltr'><strong>S.</strong></span> <span class='ocrx_word' id='word_1_252' title='bbox 2504 1698 2688 1755; x_wconf 82' lang='lat' dir='ltr'><strong>Basilii</strong></span> <span class='ocrx_word' id='word_1_253' title='bbox 2722 1701 2975 1771; x_wconf 72' lang='lat' dir='ltr'><strong>Epistolte</strong></span> <span class='ocrx_word' id='word_1_254' title='bbox 3015 1685 3309 1769; x_wconf 67' lang='lat' dir='ltr'><strong>canonica),</strong></span> <span class='ocrx_word' id='word_1_255' title='bbox 3333 1685 3497 1759; x_wconf 85' lang='lat' dir='ltr'><strong>etiam</strong></span> <span class='ocrx_word' id='word_1_256' title='bbox 3638 1706 3761 1760; x_wconf 88' lang='lat' dir='ltr'><strong>Bal-</strong></span> 
     </span>
    </p>
   </div>
   <div class='ocr_carea' id='block_1_18' title="bbox 528 1775 3762 1859">
    <p class='ocr_par' dir='ltr' id='par_1_18' title="bbox 528 1775 3762 1859">
     <span class='ocr_line' id='line_1_18' title="bbox 528 1775 3762 1859; baseline 0.006 -32"><span class='ocrx_word' id='word_1_257' title='bbox 528 1789 737 1830; x_wconf 84' lang='lat' dir='ltr'><strong>samon.</strong></span> <span class='ocrx_word' id='word_1_258' title='bbox 769 1775 873 1832; x_wconf 79' lang='lat' dir='ltr'><strong>Sed</strong></span> <span class='ocrx_word' id='word_1_259' title='bbox 892 1777 1027 1846; x_wconf 89' lang='lat' dir='ltr'><strong>apud</strong></span> <span class='ocrx_word' id='word_1_260' title='bbox 1060 1778 1203 1833; x_wconf 91' lang='lat' dir='ltr'><strong>hunc</strong></span> <span class='ocrx_word' id='word_1_261' title='bbox 1226 1793 1332 1835; x_wconf 91' lang='lat' dir='ltr'><strong>non</strong></span> <span class='ocrx_word' id='word_1_262' title='bbox 1361 1790 1543 1837; x_wconf 79' lang='lat' dir='ltr'><strong>exstat</strong></span> <span class='ocrx_word' id='word_1_263' title='bbox 1567 1782 1817 1838; x_wconf 83' lang='lat' dir='ltr'><strong>Praefatio</strong></span> <span class='ocrx_word' id='word_1_264' title='bbox 1843 1784 2095 1854; x_wconf 71' lang='lat' dir='ltr'><strong>EpiStolte</strong></span> <span class='ocrx_word' id='word_1_265' title='bbox 2125 1787 2333 1853; x_wconf 85' lang='lat' dir='ltr'><strong>tertiae;</strong></span> <span class='ocrx_word' id='word_1_266' title='bbox 2376 1786 2557 1841; x_wconf 85' lang='lat' dir='ltr'><strong>Basilii</strong></span> <span class='ocrx_word' id='word_1_267' title='bbox 2594 1788 2819 1856; x_wconf 87' lang='lat' dir='ltr'><strong>cpistola</strong></span> <span class='ocrx_word' id='word_1_268' title='bbox 2869 1790 2935 1842; x_wconf 88' lang='lat' dir='ltr'><strong>ad</strong></span> <span class='ocrx_word' id='word_1_269' title='bbox 2984 1789 3445 1859; x_wconf 75' lang='lat' dir='ltr'><strong>Amphilochium,</strong></span> <span class='ocrx_word' id='word_1_270' title='bbox 3483 1791 3641 1846; x_wconf 84' lang='lat' dir='ltr'><strong>aliter</strong></span> <span class='ocrx_word' id='word_1_271' title='bbox 3673 1793 3762 1846; x_wconf 89' lang='lat' dir='ltr'><strong>in-</strong></span> 
     </span>
    </p>
   </div>
   <div class='ocr_carea' id='block_1_19' title="bbox 519 1864 3764 1943">
    <p class='ocr_par' dir='ltr' id='par_1_19' title="bbox 519 1864 3764 1943">
     <span class='ocr_line' id='line_1_19' title="bbox 519 1864 3764 1943; baseline 0.005 -28"><span class='ocrx_word' id='word_1_272' title='bbox 519 1864 742 1932; x_wconf 78' lang='lat' dir='ltr'><strong>scripta,</strong></span> <span class='ocrx_word' id='word_1_273' title='bbox 774 1878 837 1919; x_wconf 87' lang='lat' dir='ltr'><strong>ac</strong></span> <span class='ocrx_word' id='word_1_274' title='bbox 862 1880 951 1935; x_wconf 84' lang='lat' dir='ltr'><strong>ap.</strong></span> <span class='ocrx_word' id='word_1_275' title='bbox 984 1865 1295 1922; x_wconf 86' lang='lat' dir='ltr'><strong>Balsamon.</strong></span> <span class='ocrx_word' id='word_1_276' title='bbox 1330 1868 1367 1922; x_wconf 81' lang='lat' dir='ltr'><strong>l.</strong></span> <span class='ocrx_word' id='word_1_277' title='bbox 1406 1866 1527 1937; x_wconf 87' lang='grc'>101,</span> <span class='ocrx_word' id='word_1_278' title='bbox 1559 1879 1613 1926; x_wconf 89' lang='lat' dir='ltr'><strong>et</strong></span> <span class='ocrx_word' id='word_1_279' title='bbox 1641 1871 1803 1926; x_wconf 89' lang='lat' dir='ltr'><strong>multa</strong></span> <span class='ocrx_word' id='word_1_280' title='bbox 1831 1873 1935 1926; x_wconf 87' lang='lat' dir='ltr'><strong>alia</strong></span> <span class='ocrx_word' id='word_1_281' title='bbox 1963 1889 2080 1943; x_wconf 75' lang='lat' dir='ltr'><strong>qua:</strong></span> <span class='ocrx_word' id='word_1_282' title='bbox 2112 1874 2165 1927; x_wconf 92' lang='lat' dir='ltr'><strong>in</strong></span> <span class='ocrx_word' id='word_1_283' title='bbox 2200 1874 2321 1929; x_wconf 89' lang='lat' dir='ltr'><strong>Cat.</strong></span> <span class='ocrx_word' id='word_1_284' title='bbox 2360 1874 2689 1930; x_wconf 87' lang='lat' dir='ltr'><strong>indicantur.</strong></span> <span class='ocrx_word' id='word_1_285' title='bbox 2720 1906 2789 1915; x_wconf 94' lang='lat'><strong>—</strong></span> <span class='ocrx_word' id='word_1_286' title='bbox 2817 1874 3075 1935; x_wconf 80' lang='lat' dir='ltr'><strong>Florent.l</strong></span> <span class='ocrx_word' id='word_1_287' title='bbox 3120 1878 3172 1931; x_wconf 93' lang='lat' dir='ltr'><strong>in</strong></span> <span class='ocrx_word' id='word_1_288' title='bbox 3196 1866 3335 1933; x_wconf 84' lang='lat' dir='ltr'><strong>cod.</strong></span> <span class='ocrx_word' id='word_1_289' title='bbox 3393 1878 3585 1933; x_wconf 78' lang='lat' dir='ltr'><strong>Medic.</strong></span> <span class='ocrx_word' id='word_1_290' title='bbox 3617 1878 3764 1933; x_wconf 82' lang='lat' dir='ltr'><strong>Lau-</strong></span> 
     </span>
    </p>
   </div>
   <div class='ocr_carea' id='block_1_20' title="bbox 523 1949 3761 2035">
    <p class='ocr_par' dir='ltr' id='par_1_20' title="bbox 523 1949 3761 2035">
     <span class='ocr_line' id='line_1_20' title="bbox 523 1949 3761 2035; baseline 0.004 -29"><span class='ocrx_word' id='word_1_291' title='bbox 523 1962 664 2006; x_wconf 73' lang='lat' dir='ltr'><strong>rent.</strong></span> <span class='ocrx_word' id='word_1_292' title='bbox 694 1950 750 2015; x_wconf 73' lang='lat'><strong>2,</strong></span> <span class='ocrx_word' id='word_1_293' title='bbox 782 1949 1045 2008; x_wconf 89' lang='lat' dir='ltr'><strong>Collectio</strong></span> <span class='ocrx_word' id='word_1_294' title='bbox 1071 1968 1351 2010; x_wconf 88' lang='lat' dir='ltr'><strong>sacrorum</strong></span> <span class='ocrx_word' id='word_1_295' title='bbox 1376 1972 1644 2013; x_wconf 87' lang='lat' dir='ltr'><strong>canonum</strong></span> <span class='ocrx_word' id='word_1_296' title='bbox 1669 1975 1790 2013; x_wconf 89' lang='lat' dir='ltr'><strong>cum</strong></span> <span class='ocrx_word' id='word_1_297' title='bbox 1812 1959 2166 2030; x_wconf 73' lang='lat' dir='ltr'><strong>EXpositione</strong></span> <span class='ocrx_word' id='word_1_298' title='bbox 2192 1960 2437 2024; x_wconf 55' lang='lat' dir='ltr'><strong>Zonaras,</strong></span> <span class='ocrx_word' id='word_1_299' title='bbox 2462 1958 2804 2019; x_wconf 85' lang='lat' dir='ltr'><strong>Balsamouis</strong></span> <span class='ocrx_word' id='word_1_300' title='bbox 2828 1973 2881 2017; x_wconf 90' lang='lat' dir='ltr'><strong>et</strong></span> <span class='ocrx_word' id='word_1_301' title='bbox 2905 1964 3183 2034; x_wconf 81' lang='lat' dir='ltr'><strong>anonymi,</strong></span> <span class='ocrx_word' id='word_1_302' title='bbox 3208 1979 3368 2035; x_wconf 87' lang='lat' dir='ltr'><strong>quam</strong></span> <span class='ocrx_word' id='word_1_303' title='bbox 3391 1964 3761 2020; x_wconf 86' lang='lat' dir='ltr'><strong>collectionem</strong></span> 
     </span>
    </p>
   </div>
   <div class='ocr_carea' id='block_1_21' title="bbox 521 2039 3758 2120">
    <p class='ocr_par' dir='ltr' id='par_1_21' title="bbox 521 2039 3758 2120">
     <span class='ocr_line' id='line_1_21' title="bbox 521 2039 3758 2120; baseline 0.005 -27"><span class='ocrx_word' id='word_1_304' title='bbox 521 2039 575 2093; x_wconf 89' lang='lat' dir='ltr'><strong>in</strong></span> <span class='ocrx_word' id='word_1_305' title='bbox 604 2039 697 2097; x_wconf 89' lang='lat' dir='ltr'><strong>illo</strong></span> <span class='ocrx_word' id='word_1_306' title='bbox 727 2041 850 2095; x_wconf 92' lang='lat' dir='ltr'><strong>cod.</strong></span> <span class='ocrx_word' id='word_1_307' title='bbox 889 2041 1062 2098; x_wconf 78' lang='lat' dir='ltr'><strong>fusius</strong></span> <span class='ocrx_word' id='word_1_308' title='bbox 1085 2054 1334 2099; x_wconf 85' lang='lat' dir='ltr'><strong>recenset</strong></span> <span class='ocrx_word' id='word_1_309' title='bbox 1360 2055 1417 2099; x_wconf 85' lang='lat' dir='ltr'><strong>et</strong></span> <span class='ocrx_word' id='word_1_310' title='bbox 1448 2047 1600 2116; x_wconf 83' lang='lat' dir='ltr'><strong>plura</strong></span> <span class='ocrx_word' id='word_1_311' title='bbox 1622 2047 1689 2102; x_wconf 91' lang='lat' dir='ltr'><strong>de</strong></span> <span class='ocrx_word' id='word_1_312' title='bbox 1717 2048 1944 2118; x_wconf 80' lang='lat' dir='ltr'><strong>singulis</strong></span> <span class='ocrx_word' id='word_1_313' title='bbox 1976 2050 2218 2117; x_wconf 88' lang='lat' dir='ltr'><strong>partibus</strong></span> <span class='ocrx_word' id='word_1_314' title='bbox 2250 2049 2415 2106; x_wconf 78' lang='lat' dir='ltr'><strong>refert</strong></span> <span class='ocrx_word' id='word_1_315' title='bbox 2445 2048 2674 2106; x_wconf 83' lang='lat' dir='ltr'><strong>Bandin.</strong></span> <span class='ocrx_word' id='word_1_316' title='bbox 2707 2052 2758 2104; x_wconf 90' lang='lat' dir='ltr'><strong>in</strong></span> <span class='ocrx_word' id='word_1_317' title='bbox 2781 2050 2899 2106; x_wconf 89' lang='lat' dir='ltr'><strong>Cat.</strong></span> <span class='ocrx_word' id='word_1_318' title='bbox 2934 2053 3090 2105; x_wconf 85' lang='lat' dir='ltr'><strong>codd.</strong></span> <span class='ocrx_word' id='word_1_319' title='bbox 3123 2052 3217 2107; x_wconf 96' lang='lat' dir='ltr'><strong>Gr.</strong></span> <span class='ocrx_word' id='word_1_320' title='bbox 3246 2051 3407 2108; x_wconf 88' lang='lat' dir='ltr'><strong>Laur.</strong></span> <span class='ocrx_word' id='word_1_321' title='bbox 3439 2053 3480 2118; x_wconf 93' lang='grc' dir='ltr'><strong>Ι,</strong></span> <span class='ocrx_word' id='word_1_322' title='bbox 3519 2069 3572 2120; x_wconf 91' lang='lat' dir='ltr'><strong>p.</strong></span> <span class='ocrx_word' id='word_1_323' title='bbox 3605 2054 3758 2108; x_wconf 88' lang='grc'>1-11.</span> 
     </span>
    </p>
   </div>
   <div class='ocr_carea' id='block_1_22' title="bbox 524 2127 3759 2207">
    <p class='ocr_par' dir='ltr' id='par_1_22' title="bbox 524 2127 3759 2207">
     <span class='ocr_line' id='line_1_22' title="bbox 524 2127 3759 2207; baseline 0.003 -24"><span class='ocrx_word' id='word_1_324' title='bbox 524 2159 593 2168; x_wconf 89' lang='grc'><strong>-</strong></span> <span class='ocrx_word' id='word_1_325' title='bbox 623 2127 774 2184; x_wconf 84' lang='lat' dir='ltr'><strong>Haud</strong></span> <span class='ocrx_word' id='word_1_326' title='bbox 805 2144 975 2199; x_wconf 86' lang='lat' dir='ltr'><strong>pauca</strong></span> <span class='ocrx_word' id='word_1_327' title='bbox 1009 2133 1351 2188; x_wconf 84' lang='lat' dir='ltr'><strong>Bulsamonis</strong></span> <span class='ocrx_word' id='word_1_328' title='bbox 1393 2133 1465 2189; x_wconf 88' lang='lat' dir='ltr'><strong>ib.</strong></span> <span class='ocrx_word' id='word_1_329' title='bbox 1494 2135 1549 2189; x_wconf 88' lang='lat' dir='ltr'><strong>in</strong></span> <span class='ocrx_word' id='word_1_330' title='bbox 1576 2136 1695 2191; x_wconf 86' lang='lat' dir='ltr'><strong>cod.</strong></span> <span class='ocrx_word' id='word_1_331' title='bbox 1728 2136 1800 2192; x_wconf 68' lang='grc'>40</span> <span class='ocrx_word' id='word_1_332' title='bbox 1832 2138 2145 2193; x_wconf 87' lang='lat' dir='ltr'><strong>continente</strong></span> <span class='ocrx_word' id='word_1_333' title='bbox 2172 2152 2407 2191; x_wconf 88' lang='lat' dir='ltr'><strong>canones</strong></span> <span class='ocrx_word' id='word_1_334' title='bbox 2436 2137 2833 2192; x_wconf 85' lang='lat' dir='ltr'><strong>ecclesiasticos</strong></span> <span class='ocrx_word' id='word_1_335' title='bbox 2888 2132 3240 2194; x_wconf 86' lang='lat' dir='ltr'><strong>diversorum.</strong></span> <span class='ocrx_word' id='word_1_336' title='bbox 3278 2139 3339 2194; x_wconf 84' lang='lat' dir='ltr'><strong>V.</strong></span> <span class='ocrx_word' id='word_1_337' title='bbox 3382 2139 3607 2194; x_wconf 88' lang='lat' dir='ltr'><strong>Bandin.</strong></span> <span class='ocrx_word' id='word_1_338' title='bbox 3638 2139 3680 2207; x_wconf 94' lang='grc' dir='ltr'><strong>Ι,</strong></span> <span class='ocrx_word' id='word_1_339' title='bbox 3706 2154 3759 2194; x_wconf 91' lang='lat' dir='ltr'><strong>c.</strong></span> 
     </span>
    </p>
   </div>
   <div class='ocr_carea' id='block_1_23' title="bbox 523 2218 3759 2292">
    <p class='ocr_par' dir='ltr' id='par_1_23' title="bbox 523 2218 3759 2292">
     <span class='ocr_line' id='line_1_23' title="bbox 523 2218 3759 2292; baseline 0.003 -20"><span class='ocrx_word' id='word_1_340' title='bbox 523 2231 646 2287; x_wconf 79' lang='lat' dir='ltr'><strong>pag.</strong></span> <span class='ocrx_word' id='word_1_341' title='bbox 674 2218 738 2273; x_wconf 86' lang='grc' dir='ltr'>’ῖο</span> <span class='ocrx_word' id='word_1_342' title='bbox 768 2234 889 2289; x_wconf 80' lang='lat' dir='ltr'><strong>sqq.</strong></span> <span class='ocrx_word' id='word_1_343' title='bbox 924 2219 1038 2288; x_wconf 88' lang='lat' dir='ltr'><strong>qui,</strong></span> <span class='ocrx_word' id='word_1_344' title='bbox 1076 2228 1135 2275; x_wconf 93' lang='lat' dir='ltr'><strong>ut</strong></span> <span class='ocrx_word' id='word_1_345' title='bbox 1168 2220 1232 2276; x_wconf 89' lang='lat' dir='ltr'><strong>de</strong></span> <span class='ocrx_word' id='word_1_346' title='bbox 1258 2222 1538 2291; x_wconf 86' lang='lat' dir='ltr'><strong>superiore</strong></span> <span class='ocrx_word' id='word_1_347' title='bbox 1568 2223 1691 2279; x_wconf 91' lang='lat' dir='ltr'><strong>cod.</strong></span> <span class='ocrx_word' id='word_1_348' title='bbox 1723 2234 2024 2288; x_wconf 83' lang='lat' dir='ltr'><strong>notaverat,</strong></span> <span class='ocrx_word' id='word_1_349' title='bbox 2053 2224 2215 2278; x_wconf 87' lang='lat' dir='ltr'><strong>etiam</strong></span> <span class='ocrx_word' id='word_1_350' title='bbox 2247 2222 2337 2277; x_wconf 91' lang='lat' dir='ltr'><strong>ubi</strong></span> <span class='ocrx_word' id='word_1_351' title='bbox 2364 2223 2571 2292; x_wconf 86' lang='lat' dir='ltr'><strong>singula</strong></span> <span class='ocrx_word' id='word_1_352' title='bbox 2602 2223 2710 2277; x_wconf 88' lang='lat' dir='ltr'><strong>sint</strong></span> <span class='ocrx_word' id='word_1_353' title='bbox 2742 2224 2882 2278; x_wconf 90' lang='lat' dir='ltr'><strong>edita</strong></span> <span class='ocrx_word' id='word_1_354' title='bbox 2915 2224 3128 2292; x_wconf 84' lang='lat' dir='ltr'><strong>aliaque</strong></span> <span class='ocrx_word' id='word_1_355' title='bbox 3168 2225 3567 2280; x_wconf 85' lang='lat' dir='ltr'><strong>animadvertit.</strong></span> <span class='ocrx_word' id='word_1_356' title='bbox 3604 2227 3664 2281; x_wconf 84' lang='lat' dir='ltr'><strong>P.</strong></span> <span class='ocrx_word' id='word_1_357' title='bbox 3690 2226 3759 2281; x_wconf 83' lang='grc'>76</span> 
     </span>
    </p>
   </div>
   <div class='ocr_carea' id='block_1_24' title="bbox 518 2306 3762 2383">
    <p class='ocr_par' dir='ltr' id='par_1_24' title="bbox 518 2306 3762 2383">
     <span class='ocr_line' id='line_1_24' title="bbox 518 2306 3762 2383; baseline 0.002 -23"><span class='ocrx_word' id='word_1_358' title='bbox 518 2320 606 2374; x_wconf 87' lang='lat' dir='ltr'><strong>sq.</strong></span> <span class='ocrx_word' id='word_1_359' title='bbox 638 2308 841 2375; x_wconf 84' lang='lat' dir='ltr'><strong>primus</strong></span> <span class='ocrx_word' id='word_1_360' title='bbox 868 2322 935 2362; x_wconf 78' lang='lat' dir='ltr'><strong>ex</strong></span> <span class='ocrx_word' id='word_1_361' title='bbox 973 2308 1065 2363; x_wconf 89' lang='lat' dir='ltr'><strong>illo</strong></span> <span class='ocrx_word' id='word_1_362' title='bbox 1102 2310 1223 2364; x_wconf 87' lang='lat' dir='ltr'><strong>cod.</strong></span> <span class='ocrx_word' id='word_1_363' title='bbox 1253 2308 1348 2366; x_wconf 92' lang='lat' dir='ltr'><strong>Gr.</strong></span> <span class='ocrx_word' id='word_1_364' title='bbox 1391 2310 1666 2381; x_wconf 81' lang='lat' dir='ltr'><strong>evulgavit</strong></span> <span class='ocrx_word' id='word_1_365' title='bbox 1695 2306 1921 2366; x_wconf 82' lang='lat' dir='ltr'><strong>Joannis</strong></span> <span class='ocrx_word' id='word_1_366' title='bbox 1954 2311 2278 2383; x_wconf 72' lang='lat' dir='ltr'><strong>patriarchae</strong></span> <span class='ocrx_word' id='word_1_367' title='bbox 2326 2309 2527 2365; x_wconf 81' lang='lat' dir='ltr'><strong>CPolit.</strong></span> <span class='ocrx_word' id='word_1_368' title='bbox 2574 2308 2899 2381; x_wconf 88' lang='lat' dir='ltr'><strong>Synodicam</strong></span> <span class='ocrx_word' id='word_1_369' title='bbox 2943 2309 3380 2378; x_wconf 87' lang='lat' dir='ltr'><strong>dijudicationem</strong></span> <span class='ocrx_word' id='word_1_370' title='bbox 3410 2309 3449 2365; x_wconf 77' lang='grc' dir='ltr'>Ι.</span> <span class='ocrx_word' id='word_1_371' title='bbox 3480 2311 3762 2368; x_wconf 85' lang='lat' dir='ltr'><strong>Constitu-</strong></span> 
     </span>
    </p>
   </div>
   <div class='ocr_carea' id='block_1_25' title="bbox 520 2392 3760 2472">
    <p class='ocr_par' dir='ltr' id='par_1_25' title="bbox 520 2392 3760 2472">
     <span class='ocr_line' id='line_1_25' title="bbox 520 2392 3760 2472; baseline 0.002 -26"><span class='ocrx_word' id='word_1_372' title='bbox 520 2392 721 2448; x_wconf 85' lang='lat' dir='ltr'><strong>tionem</strong></span> <span class='ocrx_word' id='word_1_373' title='bbox 740 2394 807 2450; x_wconf 89' lang='lat' dir='ltr'><strong>de</strong></span> <span class='ocrx_word' id='word_1_374' title='bbox 825 2395 1009 2460; x_wconf 78' lang='lat' dir='ltr'><strong>rebus,</strong></span> <span class='ocrx_word' id='word_1_375' title='bbox 1036 2411 1155 2465; x_wconf 81' lang='lat' dir='ltr'><strong>quae</strong></span> <span class='ocrx_word' id='word_1_376' title='bbox 1187 2398 1253 2453; x_wconf 90' lang='lat' dir='ltr'><strong>ad</strong></span> <span class='ocrx_word' id='word_1_377' title='bbox 1286 2401 1613 2455; x_wconf 83' lang='lat' dir='ltr'><strong>monasteria</strong></span> <span class='ocrx_word' id='word_1_378' title='bbox 1643 2401 1936 2472; x_wconf 85' lang='lat' dir='ltr'><strong>pertinent,</strong></span> <span class='ocrx_word' id='word_1_379' title='bbox 1968 2410 2073 2455; x_wconf 88' lang='lat' dir='ltr'><strong>etc.</strong></span> <span class='ocrx_word' id='word_1_380' title='bbox 2100 2398 2227 2469; x_wconf 82' lang='lat' dir='ltr'><strong>Pag.</strong></span> <span class='ocrx_word' id='word_1_381' title='bbox 2255 2396 2346 2461; x_wconf 90' lang='lat'><strong>8|,</strong></span> <span class='ocrx_word' id='word_1_382' title='bbox 2377 2414 2440 2452; x_wconf 74' lang='lat' dir='ltr'><strong>ex</strong></span> <span class='ocrx_word' id='word_1_383' title='bbox 2467 2396 2586 2451; x_wconf 91' lang='lat' dir='ltr'><strong>cod.</strong></span> <span class='ocrx_word' id='word_1_384' title='bbox 2612 2398 2668 2460; x_wconf 69' lang='lat'><strong>2,</strong></span> <span class='ocrx_word' id='word_1_385' title='bbox 2706 2414 2761 2451; x_wconf 93' lang='lat' dir='ltr'><strong>n.</strong></span> <span class='ocrx_word' id='word_1_386' title='bbox 2812 2395 2915 2451; x_wconf 90' lang='grc'><strong>100</strong></span> <span class='ocrx_word' id='word_1_387' title='bbox 2942 2396 3034 2451; x_wconf 90' lang='lat' dir='ltr'><strong>Gr.</strong></span> <span class='ocrx_word' id='word_1_388' title='bbox 3068 2397 3360 2466; x_wconf 85' lang='lat' dir='ltr'><strong>publicavit</strong></span> <span class='ocrx_word' id='word_1_389' title='bbox 3423 2398 3760 2456; x_wconf 85' lang='lat' dir='ltr'><strong>Balsamonis</strong></span> 
     </span>
    </p>
   </div>
   <div class='ocr_carea' id='block_1_26' title="bbox 516 2480 3757 2561">
    <p class='ocr_par' dir='ltr' id='par_1_26' title="bbox 516 2480 3757 2561">
     <span class='ocr_line' id='line_1_26' title="bbox 516 2480 3757 2561; baseline 0.002 -28"><span class='ocrx_word' id='word_1_390' title='bbox 516 2480 782 2551; x_wconf 76' lang='lat' dir='ltr'><strong>epilogum</strong></span> <span class='ocrx_word' id='word_1_391' title='bbox 818 2483 872 2538; x_wconf 91' lang='lat' dir='ltr'><strong>in</strong></span> <span class='ocrx_word' id='word_1_392' title='bbox 906 2481 1359 2555; x_wconf 83' lang='lat' dir='ltr'><strong>Nomocanonem,</strong></span> <span class='ocrx_word' id='word_1_393' title='bbox 1392 2488 1643 2543; x_wconf 79' lang='lat' dir='ltr'><strong>versibus</strong></span> <span class='ocrx_word' id='word_1_394' title='bbox 1671 2487 1886 2554; x_wconf 87' lang='lat' dir='ltr'><strong>iambis,</strong></span> <span class='ocrx_word' id='word_1_395' title='bbox 1913 2488 2003 2561; x_wconf 87' lang='lat' dir='ltr'><strong>qui</strong></span> <span class='ocrx_word' id='word_1_396' title='bbox 2033 2488 2182 2543; x_wconf 86' lang='lat' dir='ltr'><strong>deest</strong></span> <span class='ocrx_word' id='word_1_397' title='bbox 2216 2485 2268 2540; x_wconf 92' lang='lat' dir='ltr'><strong>in</strong></span> <span class='ocrx_word' id='word_1_398' title='bbox 2300 2486 2574 2555; x_wconf 86' lang='lat' dir='ltr'><strong>Beveregii</strong></span> <span class='ocrx_word' id='word_1_399' title='bbox 2610 2484 2887 2539; x_wconf 81' lang='lat' dir='ltr'><strong>Pandectis</strong></span> <span class='ocrx_word' id='word_1_400' title='bbox 2923 2501 3182 2539; x_wconf 82' lang='lat' dir='ltr'><strong>canonum</strong></span> <span class='ocrx_word' id='word_1_401' title='bbox 3210 2493 3263 2539; x_wconf 91' lang='lat' dir='ltr'><strong>et</strong></span> <span class='ocrx_word' id='word_1_402' title='bbox 3297 2485 3347 2539; x_wconf 93' lang='lat' dir='ltr'><strong>in</strong></span> <span class='ocrx_word' id='word_1_403' title='bbox 3377 2483 3590 2540; x_wconf 78' lang='lat' dir='ltr'><strong>Iuste/li</strong></span> <span class='ocrx_word' id='word_1_404' title='bbox 3612 2486 3757 2547; x_wconf 83' lang='lat' dir='ltr'><strong>Bibl.</strong></span> 
     </span>
    </p>
   </div>
   <div class='ocr_carea' id='block_1_27' title="bbox 514 2568 3759 2645">
    <p class='ocr_par' dir='ltr' id='par_1_27' title="bbox 514 2568 3759 2645">
     <span class='ocr_line' id='line_1_27' title="bbox 514 2568 3759 2645; baseline 0.002 -23"><span class='ocrx_word' id='word_1_405' title='bbox 514 2568 651 2632; x_wconf 70' lang='lat' dir='ltr'><strong>iuris</strong></span> <span class='ocrx_word' id='word_1_406' title='bbox 682 2571 928 2625; x_wconf 80' lang='lat' dir='ltr'><strong>canonici</strong></span> <span class='ocrx_word' id='word_1_407' title='bbox 950 2574 1155 2627; x_wconf 74' lang='lat' dir='ltr'><strong>ueteris.</strong></span> <span class='ocrx_word' id='word_1_408' title='bbox 1180 2602 1251 2614; x_wconf 87' lang='lat'><strong>—-</strong></span> <span class='ocrx_word' id='word_1_409' title='bbox 1285 2573 1343 2629; x_wconf 82' lang='lat' dir='ltr'><strong>In</strong></span> <span class='ocrx_word' id='word_1_410' title='bbox 1369 2576 1489 2630; x_wconf 87' lang='lat' dir='ltr'><strong>cod.</strong></span> <span class='ocrx_word' id='word_1_411' title='bbox 1522 2575 1559 2629; x_wconf 79' lang='grc'>2</span> <span class='ocrx_word' id='word_1_412' title='bbox 1587 2577 1685 2645; x_wconf 78' lang='lat' dir='ltr'><strong>(V.</strong></span> <span class='ocrx_word' id='word_1_413' title='bbox 1716 2576 1940 2631; x_wconf 90' lang='lat' dir='ltr'><strong>Bandin.</strong></span> <span class='ocrx_word' id='word_1_414' title='bbox 1968 2573 2012 2640; x_wconf 95' lang='grc' dir='ltr'><strong>Ι,</strong></span> <span class='ocrx_word' id='word_1_415' title='bbox 2039 2589 2161 2644; x_wconf 88' lang='lat' dir='ltr'><strong>pag.</strong></span> <span class='ocrx_word' id='word_1_416' title='bbox 2200 2576 2286 2641; x_wconf 92' lang='grc'><strong>11,</strong></span> <span class='ocrx_word' id='word_1_417' title='bbox 2317 2588 2373 2628; x_wconf 89' lang='lat' dir='ltr'><strong>u.</strong></span> <span class='ocrx_word' id='word_1_418' title='bbox 2408 2571 2530 2642; x_wconf 92' lang='grc'>101)</span> <span class='ocrx_word' id='word_1_419' title='bbox 2575 2579 2660 2627; x_wconf 90' lang='lat' dir='ltr'><strong>est</strong></span> <span class='ocrx_word' id='word_1_420' title='bbox 2685 2573 2845 2627; x_wconf 86' lang='lat' dir='ltr'><strong>etiam</strong></span> <span class='ocrx_word' id='word_1_421' title='bbox 2875 2568 3213 2627; x_wconf 88' lang='lat' dir='ltr'><strong>Balsamonis</strong></span> <span class='ocrx_word' id='word_1_422' title='bbox 3230 2573 3295 2626; x_wconf 89' lang='lat' dir='ltr'><strong>de</strong></span> <span class='ocrx_word' id='word_1_423' title='bbox 3314 2572 3501 2627; x_wconf 89' lang='lat' dir='ltr'><strong>ordine</strong></span> <span class='ocrx_word' id='word_1_424' title='bbox 3527 2576 3759 2629; x_wconf 88' lang='lat' dir='ltr'><strong>tenendo</strong></span> 
     </span>
    </p>
   </div>
   <div class='ocr_carea' id='block_1_28' title="bbox 517 2655 3755 2733">
    <p class='ocr_par' dir='ltr' id='par_1_28' title="bbox 517 2655 3755 2733">
     <span class='ocr_line' id='line_1_28' title="bbox 517 2655 3755 2733; baseline 0.001 -23"><span class='ocrx_word' id='word_1_425' title='bbox 517 2655 575 2710; x_wconf 90' lang='lat' dir='ltr'><strong>in</strong></span> <span class='ocrx_word' id='word_1_426' title='bbox 603 2658 825 2713; x_wconf 80' lang='lat' dir='ltr'><strong>sedibus</strong></span> <span class='ocrx_word' id='word_1_427' title='bbox 852 2673 882 2713; x_wconf 83' lang='lat' dir='ltr'><strong>a</strong></span> <span class='ocrx_word' id='word_1_428' title='bbox 913 2661 1346 2729; x_wconf 84' lang='lat' dir='ltr'><strong>metropolitanis</strong></span> <span class='ocrx_word' id='word_1_429' title='bbox 1372 2671 1427 2716; x_wconf 90' lang='lat' dir='ltr'><strong>et</strong></span> <span class='ocrx_word' id='word_1_430' title='bbox 1456 2664 1902 2733; x_wconf 79' lang='lat' dir='ltr'><strong>archiepiscopis,</strong></span> <span class='ocrx_word' id='word_1_431' title='bbox 1929 2662 2222 2717; x_wconf 86' lang='lat' dir='ltr'><strong>secundum</strong></span> <span class='ocrx_word' id='word_1_432' title='bbox 2256 2674 2444 2713; x_wconf 89' lang='lat' dir='ltr'><strong>eorum</strong></span> <span class='ocrx_word' id='word_1_433' title='bbox 2475 2657 2912 2727; x_wconf 87' lang='lat' dir='ltr'><strong>descriptionem,</strong></span> <span class='ocrx_word' id='word_1_434' title='bbox 2946 2670 3064 2725; x_wconf 77' lang='lat' dir='ltr'><strong>qua:</strong></span> <span class='ocrx_word' id='word_1_435' title='bbox 3090 2665 3173 2711; x_wconf 88' lang='lat' dir='ltr'><strong>est</strong></span> <span class='ocrx_word' id='word_1_436' title='bbox 3200 2656 3253 2710; x_wconf 89' lang='lat' dir='ltr'><strong>in</strong></span> <span class='ocrx_word' id='word_1_437' title='bbox 3282 2656 3755 2727; x_wconf 82' lang='lat' dir='ltr'><strong>chartOphylaclo;</strong></span> 
     </span>
    </p>
   </div>
   <div class='ocr_carea' id='block_1_29' title="bbox 514 2742 3757 2822">
    <p class='ocr_par' dir='ltr' id='par_1_29' title="bbox 514 2742 3757 2822">
     <span class='ocr_line' id='line_1_29' title="bbox 514 2742 3757 2822; baseline 0 -23"><span class='ocrx_word' id='word_1_438' title='bbox 514 2752 695 2799; x_wconf 75' lang='lat' dir='ltr'><strong>exstat</strong></span> <span class='ocrx_word' id='word_1_439' title='bbox 719 2745 931 2815; x_wconf 85' lang='lat' dir='ltr'><strong>quidem</strong></span> <span class='ocrx_word' id='word_1_440' title='bbox 960 2746 1013 2802; x_wconf 92' lang='lat' dir='ltr'><strong>in</strong></span> <span class='ocrx_word' id='word_1_441' title='bbox 1045 2747 1365 2804; x_wconf 85' lang='lat' dir='ltr'><strong>Leunclavio</strong></span> <span class='ocrx_word' id='word_1_442' title='bbox 1383 2749 1481 2805; x_wconf 85' lang='lat' dir='ltr'><strong>lib.</strong></span> <span class='ocrx_word' id='word_1_443' title='bbox 1503 2766 1586 2816; x_wconf 85' lang='lat' dir='ltr'><strong>nt,</strong></span> <span class='ocrx_word' id='word_1_444' title='bbox 1620 2765 1739 2822; x_wconf 80' lang='lat' dir='ltr'><strong>pag.</strong></span> <span class='ocrx_word' id='word_1_445' title='bbox 1772 2751 1900 2816; x_wconf 70' lang='grc'>245,</span> <span class='ocrx_word' id='word_1_446' title='bbox 1939 2750 2035 2807; x_wconf 87' lang='lat' dir='ltr'><strong>sed</strong></span> <span class='ocrx_word' id='word_1_447' title='bbox 2061 2746 2296 2804; x_wconf 85' lang='lat' dir='ltr'><strong>auctoris</strong></span> <span class='ocrx_word' id='word_1_448' title='bbox 2318 2760 2513 2801; x_wconf 89' lang='lat' dir='ltr'><strong>nomen</strong></span> <span class='ocrx_word' id='word_1_449' title='bbox 2551 2760 2657 2799; x_wconf 90' lang='lat' dir='ltr'><strong>non</strong></span> <span class='ocrx_word' id='word_1_450' title='bbox 2689 2759 2797 2815; x_wconf 83' lang='lat' dir='ltr'><strong>prae</strong></span> <span class='ocrx_word' id='word_1_451' title='bbox 2825 2759 2883 2799; x_wconf 92' lang='lat' dir='ltr'><strong>se</strong></span> <span class='ocrx_word' id='word_1_452' title='bbox 2912 2742 3036 2799; x_wconf 87' lang='lat' dir='ltr'><strong>l&#39;ert.</strong></span> <span class='ocrx_word' id='word_1_453' title='bbox 3058 2771 3129 2785; x_wconf 84' lang='lat'><strong>-—-</strong></span> <span class='ocrx_word' id='word_1_454' title='bbox 3162 2742 3383 2798; x_wconf 89' lang='lat' dir='ltr'><strong>Taurini</strong></span> <span class='ocrx_word' id='word_1_455' title='bbox 3425 2745 3477 2799; x_wconf 91' lang='lat' dir='ltr'><strong>in</strong></span> <span class='ocrx_word' id='word_1_456' title='bbox 3507 2745 3626 2801; x_wconf 90' lang='lat' dir='ltr'><strong>cod.</strong></span> <span class='ocrx_word' id='word_1_457' title='bbox 3652 2744 3757 2800; x_wconf 82' lang='grc'><strong>105</strong></span> 
     </span>
    </p>
   </div>
   <div class='ocr_carea' id='block_1_30' title="bbox 514 2831 3756 2909">
    <p class='ocr_par' dir='ltr' id='par_1_30' title="bbox 514 2831 3756 2909">
     <span class='ocr_line' id='line_1_30' title="bbox 514 2831 3756 2909; baseline 0.005 -24"><span class='ocrx_word' id='word_1_458' title='bbox 514 2841 601 2885; x_wconf 84' lang='lat' dir='ltr'><strong>est</strong></span> <span class='ocrx_word' id='word_1_459' title='bbox 625 2833 957 2903; x_wconf 85' lang='lat' dir='ltr'><strong>amplissima</strong></span> <span class='ocrx_word' id='word_1_460' title='bbox 991 2849 1268 2890; x_wconf 85' lang='lat' dir='ltr'><strong>sacrorum</strong></span> <span class='ocrx_word' id='word_1_461' title='bbox 1310 2839 1663 2893; x_wconf 84' lang='lat' dir='ltr'><strong>conciliorum</strong></span> <span class='ocrx_word' id='word_1_462' title='bbox 1686 2838 2016 2909; x_wconf 80' lang='lat' dir='ltr'><strong>generalium</strong></span> <span class='ocrx_word' id='word_1_463' title='bbox 2078 2845 2134 2892; x_wconf 85' lang='lat' dir='ltr'><strong>et</strong></span> <span class='ocrx_word' id='word_1_464' title='bbox 2200 2832 2629 2903; x_wconf 75' lang='lat' dir='ltr'><strong>particularium.</strong></span> <span class='ocrx_word' id='word_1_465' title='bbox 2670 2847 2767 2886; x_wconf 76' lang='lat' dir='ltr'><strong>nec</strong></span> <span class='ocrx_word' id='word_1_466' title='bbox 2816 2846 2920 2885; x_wconf 79' lang='grc' dir='ltr'><strong>ιιοη</strong></span> <span class='ocrx_word' id='word_1_467' title='bbox 2963 2831 3309 2898; x_wconf 71' lang='grc' dir='ltr'><strong>θβῖδῐυιεπυηι</strong></span> <span class='ocrx_word' id='word_1_468' title='bbox 3371 2832 3756 2887; x_wconf 69' lang='grc' dir='ltr'><strong>οοηοηίνπυιη</strong></span> 
     </span>
    </p>
   </div>
   <div class='ocr_carea' id='block_1_31' title="bbox 517 2916 3756 2991">
    <p class='ocr_par' dir='ltr' id='par_1_31' title="bbox 517 2916 3756 2991">
     <span class='ocr_line' id='line_1_31' title="bbox 517 2916 3756 2991; baseline 0.001 -21"><span class='ocrx_word' id='word_1_469' title='bbox 517 2917 795 2983; x_wconf 80' lang='lat' dir='ltr'><strong>Collectio,</strong></span> <span class='ocrx_word' id='word_1_470' title='bbox 822 2919 1003 2974; x_wconf 71' lang='lat' dir='ltr'><strong>addito</strong></span> <span class='ocrx_word' id='word_1_471' title='bbox 1028 2921 1369 2979; x_wconf 88' lang='lat' dir='ltr'><strong>Balsamouis</strong></span> <span class='ocrx_word' id='word_1_472' title='bbox 1397 2924 1834 2991; x_wconf 85' lang='lat' dir='ltr'><strong>Commentario;</strong></span> <span class='ocrx_word' id='word_1_473' title='bbox 1868 2925 1940 2980; x_wconf 89' lang='lat' dir='ltr'><strong>ib.</strong></span> <span class='ocrx_word' id='word_1_474' title='bbox 1974 2924 2027 2979; x_wconf 86' lang='lat' dir='ltr'><strong>in</strong></span> <span class='ocrx_word' id='word_1_475' title='bbox 2054 2923 2180 2979; x_wconf 67' lang='grc' dir='ltr'>ροίΙ,</span> <span class='ocrx_word' id='word_1_476' title='bbox 2216 2922 2344 2985; x_wconf 70' lang='grc'>(219,</span> <span class='ocrx_word' id='word_1_477' title='bbox 2374 2918 2584 2976; x_wconf 83' lang='lat' dir='ltr'><strong>Theod.</strong></span> <span class='ocrx_word' id='word_1_478' title='bbox 2623 2916 2857 2974; x_wconf 77' lang='lat' dir='ltr'><strong>Balsam.</strong></span> <span class='ocrx_word' id='word_1_479' title='bbox 2892 2919 3290 2974; x_wconf 87' lang='lat' dir='ltr'><strong>Commentaria</strong></span> <span class='ocrx_word' id='word_1_480' title='bbox 3334 2919 3384 2971; x_wconf 86' lang='lat' dir='ltr'><strong>in</strong></span> <span class='ocrx_word' id='word_1_481' title='bbox 3420 2916 3756 2974; x_wconf 81' lang='lat' dir='ltr'><strong>Nomocano-</strong></span> 
     </span>
    </p>
   </div>
   <div class='ocr_carea' id='block_1_32' title="bbox 515 3004 3753 3083">
    <p class='ocr_par' dir='ltr' id='par_1_32' title="bbox 515 3004 3753 3083">
     <span class='ocr_line' id='line_1_32' title="bbox 515 3004 3753 3083; baseline 0 -24"><span class='ocrx_word' id='word_1_482' title='bbox 515 3022 635 3060; x_wconf 80' lang='lat' dir='ltr'><strong>nem</strong></span> <span class='ocrx_word' id='word_1_483' title='bbox 665 3004 861 3072; x_wconf 89' lang='lat' dir='ltr'><strong>Photii,</strong></span> <span class='ocrx_word' id='word_1_484' title='bbox 906 3024 1005 3064; x_wconf 90' lang='lat' dir='ltr'><strong>nec</strong></span> <span class='ocrx_word' id='word_1_485' title='bbox 1030 3025 1135 3065; x_wconf 90' lang='lat' dir='ltr'><strong>non</strong></span> <span class='ocrx_word' id='word_1_486' title='bbox 1162 3012 1492 3080; x_wconf 87' lang='lat' dir='ltr'><strong>apostolicos</strong></span> <span class='ocrx_word' id='word_1_487' title='bbox 1527 3021 1584 3068; x_wconf 90' lang='lat' dir='ltr'><strong>et</strong></span> <span class='ocrx_word' id='word_1_488' title='bbox 1635 3013 1988 3068; x_wconf 88' lang='lat' dir='ltr'><strong>conciliorum</strong></span> <span class='ocrx_word' id='word_1_489' title='bbox 2047 3010 2383 3083; x_wconf 85' lang='lat' dir='ltr'><strong>generalium</strong></span> <span class='ocrx_word' id='word_1_490' title='bbox 2453 3023 2517 3063; x_wconf 91' lang='lat' dir='ltr'><strong>ac</strong></span> <span class='ocrx_word' id='word_1_491' title='bbox 2548 3005 2958 3077; x_wconf 88' lang='lat' dir='ltr'><strong>provincialium</strong></span> <span class='ocrx_word' id='word_1_492' title='bbox 3013 3006 3265 3061; x_wconf 87' lang='lat' dir='ltr'><strong>Canones</strong></span> <span class='ocrx_word' id='word_1_493' title='bbox 3302 3014 3355 3060; x_wconf 91' lang='lat' dir='ltr'><strong>et</strong></span> <span class='ocrx_word' id='word_1_494' title='bbox 3397 3005 3496 3060; x_wconf 89' lang='lat' dir='ltr'><strong>SS.</strong></span> <span class='ocrx_word' id='word_1_495' title='bbox 3531 3005 3753 3063; x_wconf 87' lang='lat' dir='ltr'><strong>Patrum</strong></span> 
     </span>
    </p>
   </div>
   <div class='ocr_carea' id='block_1_33' title="bbox 519 3091 3750 3167">
    <p class='ocr_par' dir='ltr' id='par_1_33' title="bbox 519 3091 3750 3167">
     <span class='ocr_line' id='line_1_33' title="bbox 519 3091 3750 3167; baseline 0 -19"><span class='ocrx_word' id='word_1_496' title='bbox 519 3093 789 3164; x_wconf 80' lang='lat' dir='ltr'><strong>Epistolas</strong></span> <span class='ocrx_word' id='word_1_497' title='bbox 804 3097 1113 3153; x_wconf 85' lang='lat' dir='ltr'><strong>canonicas.</strong></span> <span class='ocrx_word' id='word_1_498' title='bbox 1138 3097 1299 3154; x_wconf 76' lang='lat' dir='ltr'><strong>Prteit</strong></span> <span class='ocrx_word' id='word_1_499' title='bbox 1328 3114 1503 3157; x_wconf 89' lang='lat' dir='ltr'><strong>rerum</strong></span> <span class='ocrx_word' id='word_1_500' title='bbox 1540 3099 1727 3166; x_wconf 84' lang='lat' dir='ltr'><strong>Index,</strong></span> <span class='ocrx_word' id='word_1_501' title='bbox 1756 3103 1823 3156; x_wconf 89' lang='lat' dir='ltr'><strong>ad</strong></span> <span class='ocrx_word' id='word_1_502' title='bbox 1853 3100 2005 3166; x_wconf 83' lang='lat' dir='ltr'><strong>cujus</strong></span> <span class='ocrx_word' id='word_1_503' title='bbox 2032 3099 2239 3155; x_wconf 86' lang='lat' dir='ltr'><strong>calcem</strong></span> <span class='ocrx_word' id='word_1_504' title='bbox 2270 3097 2522 3167; x_wconf 83' lang='lat' dir='ltr'><strong>leguntur</strong></span> <span class='ocrx_word' id='word_1_505' title='bbox 2554 3110 2741 3150; x_wconf 89' lang='lat' dir='ltr'><strong>versus</strong></span> <span class='ocrx_word' id='word_1_506' title='bbox 2767 3092 2973 3148; x_wconf 86' lang='lat' dir='ltr'><strong>heroici</strong></span> <span class='ocrx_word' id='word_1_507' title='bbox 3006 3094 3244 3162; x_wconf 89' lang='lat' dir='ltr'><strong>ejusdem</strong></span> <span class='ocrx_word' id='word_1_508' title='bbox 3294 3091 3652 3149; x_wconf 79' lang='lat' dir='ltr'><strong>Balsamonis.</strong></span> <span class='ocrx_word' id='word_1_509' title='bbox 3682 3094 3750 3149; x_wconf 68' lang='grc' dir='ltr'><strong>ν.</strong></span> 
     </span>
    </p>
   </div>
   <div class='ocr_carea' id='block_1_34' title="bbox 517 3180 3751 3258">
    <p class='ocr_par' dir='ltr' id='par_1_34' title="bbox 517 3180 3751 3258">
     <span class='ocr_line' id='line_1_34' title="bbox 517 3180 3751 3258; baseline 0 -23"><span class='ocrx_word' id='word_1_510' title='bbox 517 3181 636 3236; x_wconf 79' lang='lat' dir='ltr'><strong>Cat.</strong></span> <span class='ocrx_word' id='word_1_511' title='bbox 666 3183 821 3236; x_wconf 86' lang='lat' dir='ltr'><strong>codd.</strong></span> <span class='ocrx_word' id='word_1_512' title='bbox 850 3183 944 3240; x_wconf 88' lang='lat' dir='ltr'><strong>Gr.</strong></span> <span class='ocrx_word' id='word_1_513' title='bbox 974 3182 1139 3241; x_wconf 83' lang='lat' dir='ltr'><strong>Taur.</strong></span> <span class='ocrx_word' id='word_1_514' title='bbox 1175 3202 1297 3258; x_wconf 84' lang='lat' dir='ltr'><strong>pag.</strong></span> <span class='ocrx_word' id='word_1_515' title='bbox 1332 3186 1584 3249; x_wconf 71' lang='lat' dir='ltr'><strong>19i-212,</strong></span> <span class='ocrx_word' id='word_1_516' title='bbox 1617 3197 1668 3243; x_wconf 90' lang='lat' dir='ltr'><strong>et</strong></span> <span class='ocrx_word' id='word_1_517' title='bbox 1694 3202 1817 3257; x_wconf 87' lang='lat' dir='ltr'><strong>pag.</strong></span> <span class='ocrx_word' id='word_1_518' title='bbox 1852 3186 1974 3242; x_wconf 87' lang='grc'>510.</span> <span class='ocrx_word' id='word_1_519' title='bbox 2000 3217 2070 3227; x_wconf 94' lang='grc'><strong><em>-</em></strong></span> <span class='ocrx_word' id='word_1_520' title='bbox 2099 3185 2289 3242; x_wconf 82' lang='lat' dir='ltr'><strong>Venet.</strong></span> <span class='ocrx_word' id='word_1_521' title='bbox 2326 3185 2377 3239; x_wconf 92' lang='lat' dir='ltr'><strong>in</strong></span> <span class='ocrx_word' id='word_1_522' title='bbox 2429 3182 2564 3239; x_wconf 77' lang='lat' dir='ltr'><strong>bibl.</strong></span> <span class='ocrx_word' id='word_1_523' title='bbox 2596 3182 2760 3236; x_wconf 78' lang='lat' dir='ltr'><strong>Marc.</strong></span> <span class='ocrx_word' id='word_1_524' title='bbox 2800 3181 2957 3236; x_wconf 87' lang='lat' dir='ltr'><strong>codd.</strong></span> <span class='ocrx_word' id='word_1_525' title='bbox 3030 3180 3130 3251; x_wconf 61' lang='lat'><strong>168</strong></span> <span class='ocrx_word' id='word_1_526' title='bbox 3179 3189 3231 3234; x_wconf 89' lang='lat' dir='ltr'><strong>et</strong></span> <span class='ocrx_word' id='word_1_527' title='bbox 3286 3180 3387 3235; x_wconf 71' lang='lat'><strong>169</strong></span> <span class='ocrx_word' id='word_1_528' title='bbox 3414 3220 3431 3246; x_wconf 89' lang='lat'><strong>,</strong></span> <span class='ocrx_word' id='word_1_529' title='bbox 3480 3195 3751 3237; x_wconf 85' lang='lat' dir='ltr'><strong>canonum</strong></span> 
     </span>
    </p>
   </div>
   <div class='ocr_carea' id='block_1_35' title="bbox 515 3265 3748 3338">
    <p class='ocr_par' dir='ltr' id='par_1_35' title="bbox 515 3265 3748 3338">
     <span class='ocr_line' id='line_1_35' title="bbox 515 3265 3748 3338; baseline -0.001 -14"><span class='ocrx_word' id='word_1_530' title='bbox 515 3269 777 3324; x_wconf 84' lang='lat' dir='ltr'><strong>Collectio</strong></span> <span class='ocrx_word' id='word_1_531' title='bbox 808 3286 929 3325; x_wconf 90' lang='lat' dir='ltr'><strong>cum</strong></span> <span class='ocrx_word' id='word_1_532' title='bbox 961 3273 1192 3328; x_wconf 86' lang='lat' dir='ltr'><strong>Scholiis</strong></span> <span class='ocrx_word' id='word_1_533' title='bbox 1226 3274 1433 3330; x_wconf 87' lang='lat' dir='ltr'><strong>Theod.</strong></span> <span class='ocrx_word' id='word_1_534' title='bbox 1469 3276 1824 3330; x_wconf 85' lang='lat' dir='ltr'><strong>Balsamonis.</strong></span> <span class='ocrx_word' id='word_1_535' title='bbox 1869 3273 1930 3329; x_wconf 73' lang='grc' dir='ltr'><strong>ν.</strong></span> <span class='ocrx_word' id='word_1_536' title='bbox 1973 3275 2361 3329; x_wconf 77' lang='lat' dir='ltr'><strong>Recensionetn</strong></span> <span class='ocrx_word' id='word_1_537' title='bbox 2419 3270 2472 3325; x_wconf 92' lang='lat' dir='ltr'><strong>in</strong></span> <span class='ocrx_word' id='word_1_538' title='bbox 2532 3269 2652 3326; x_wconf 77' lang='lat' dir='ltr'><strong>Cat.</strong></span> <span class='ocrx_word' id='word_1_539' title='bbox 2710 3269 2869 3326; x_wconf 88' lang='lat' dir='ltr'><strong>codd.</strong></span> <span class='ocrx_word' id='word_1_540' title='bbox 2918 3267 3013 3322; x_wconf 90' lang='lat' dir='ltr'><strong>Gr.</strong></span> <span class='ocrx_word' id='word_1_541' title='bbox 3044 3283 3166 3338; x_wconf 85' lang='lat' dir='ltr'><strong>pag.</strong></span> <span class='ocrx_word' id='word_1_542' title='bbox 3191 3265 3381 3323; x_wconf 74' lang='lat'><strong>95-98.</strong></span> <span class='ocrx_word' id='word_1_543' title='bbox 3413 3266 3748 3325; x_wconf 88' lang='lat' dir='ltr'><strong>Curatiorem</strong></span> 
     </span>
    </p>
   </div>
   <div class='ocr_carea' id='block_1_36' title="bbox 515 3357 3748 3431">
    <p class='ocr_par' dir='ltr' id='par_1_36' title="bbox 515 3357 3748 3431">
     <span class='ocr_line' id='line_1_36' title="bbox 515 3357 3748 3431; baseline 0.001 -22"><span class='ocrx_word' id='word_1_544' title='bbox 515 3367 697 3411; x_wconf 86' lang='lat' dir='ltr'><strong>tamen</strong></span> <span class='ocrx_word' id='word_1_545' title='bbox 726 3357 778 3412; x_wconf 90' lang='lat' dir='ltr'><strong>in</strong></span> <span class='ocrx_word' id='word_1_546' title='bbox 804 3372 855 3413; x_wconf 90' lang='lat' dir='ltr'><strong>c.</strong></span> <span class='ocrx_word' id='word_1_547' title='bbox 889 3358 1094 3415; x_wconf 75' lang='lat' dir='ltr'><strong>Morelli</strong></span> <span class='ocrx_word' id='word_1_548' title='bbox 1127 3362 1260 3416; x_wconf 92' lang='lat' dir='ltr'><strong>bibl.</strong></span> <span class='ocrx_word' id='word_1_549' title='bbox 1294 3374 1418 3417; x_wconf 87' lang='lat' dir='ltr'><strong>mst.</strong></span> <span class='ocrx_word' id='word_1_550' title='bbox 1451 3361 1547 3417; x_wconf 92' lang='lat' dir='ltr'><strong>Gr.</strong></span> <span class='ocrx_word' id='word_1_551' title='bbox 1574 3372 1626 3416; x_wconf 86' lang='lat' dir='ltr'><strong>et</strong></span> <span class='ocrx_word' id='word_1_552' title='bbox 1655 3361 1775 3416; x_wconf 88' lang='lat' dir='ltr'><strong>Lat.</strong></span> <span class='ocrx_word' id='word_1_553' title='bbox 1806 3361 1845 3423; x_wconf 90' lang='grc' dir='ltr'><strong>Ι,</strong></span> <span class='ocrx_word' id='word_1_554' title='bbox 1883 3376 2005 3431; x_wconf 87' lang='lat' dir='ltr'><strong>pag.</strong></span> <span class='ocrx_word' id='word_1_555' title='bbox 2042 3362 2113 3417; x_wconf 85' lang='lat'><strong>96</strong></span> <span class='ocrx_word' id='word_1_556' title='bbox 2147 3378 2231 3431; x_wconf 91' lang='lat' dir='ltr'><strong>sq.</strong></span> <span class='ocrx_word' id='word_1_557' title='bbox 2257 3391 2329 3401; x_wconf 92' lang='lat'><strong>—</strong></span> <span class='ocrx_word' id='word_1_558' title='bbox 2353 3359 2527 3415; x_wconf 87' lang='lat' dir='ltr'><strong>Paris.</strong></span> <span class='ocrx_word' id='word_1_559' title='bbox 2555 3360 2792 3414; x_wconf 88' lang='lat' dir='ltr'><strong>Balsam.</strong></span> <span class='ocrx_word' id='word_1_560' title='bbox 2825 3357 3040 3413; x_wconf 89' lang='lat' dir='ltr'><strong>Scholia</strong></span> <span class='ocrx_word' id='word_1_561' title='bbox 3069 3357 3120 3411; x_wconf 91' lang='lat' dir='ltr'><strong>in</strong></span> <span class='ocrx_word' id='word_1_562' title='bbox 3147 3371 3379 3419; x_wconf 83' lang='lat' dir='ltr'><strong>canones</strong></span> <span class='ocrx_word' id='word_1_563' title='bbox 3397 3359 3748 3425; x_wconf 85' lang='lat' dir='ltr'><strong>conciliorum</strong></span> 
     </span>
    </p>
   </div>
   <div class='ocr_carea' id='block_1_37' title="bbox 514 3442 3752 3519">
    <p class='ocr_par' dir='ltr' id='par_1_37' title="bbox 514 3442 3752 3519">
     <span class='ocr_line' id='line_1_37' title="bbox 514 3442 3752 3519; baseline 0 -20"><span class='ocrx_word' id='word_1_564' title='bbox 514 3452 573 3499; x_wconf 87' lang='lat' dir='ltr'><strong>et</strong></span> <span class='ocrx_word' id='word_1_565' title='bbox 601 3444 654 3498; x_wconf 90' lang='lat' dir='ltr'><strong>in</strong></span> <span class='ocrx_word' id='word_1_566' title='bbox 682 3445 856 3499; x_wconf 82' lang='lat' dir='ltr'><strong>Pltotii</strong></span> <span class='ocrx_word' id='word_1_567' title='bbox 886 3446 1177 3507; x_wconf 78' lang='lat' dir='ltr'><strong>Nomocan.</strong></span> <span class='ocrx_word' id='word_1_568' title='bbox 1206 3449 1258 3502; x_wconf 93' lang='lat' dir='ltr'><strong>in</strong></span> <span class='ocrx_word' id='word_1_569' title='bbox 1294 3449 1453 3505; x_wconf 86' lang='lat' dir='ltr'><strong>codd.</strong></span> <span class='ocrx_word' id='word_1_570' title='bbox 1484 3448 1642 3512; x_wconf 87' lang='grc'>1518,</span> <span class='ocrx_word' id='word_1_571' title='bbox 1672 3466 1725 3503; x_wconf 88' lang='lat' dir='ltr'><strong>n.</strong></span> <span class='ocrx_word' id='word_1_572' title='bbox 1760 3451 1812 3515; x_wconf 89' lang='grc'><strong>1,</strong></span> <span class='ocrx_word' id='word_1_573' title='bbox 1838 3450 2006 3516; x_wconf 83' lang='grc'>5-59;</span> <span class='ocrx_word' id='word_1_574' title='bbox 2041 3459 2093 3504; x_wconf 88' lang='lat' dir='ltr'><strong>et</strong></span> <span class='ocrx_word' id='word_1_575' title='bbox 2112 3466 2165 3504; x_wconf 92' lang='lat' dir='ltr'><strong>n.</strong></span> <span class='ocrx_word' id='word_1_576' title='bbox 2189 3448 2277 3516; x_wconf 74' lang='grc'>40,</span> <span class='ocrx_word' id='word_1_577' title='bbox 2301 3448 2535 3503; x_wconf 76' lang='lat' dir='ltr'><strong>Balsam.</strong></span> <span class='ocrx_word' id='word_1_578' title='bbox 2554 3446 2817 3517; x_wconf 86' lang='lat' dir='ltr'><strong>epilogus,</strong></span> <span class='ocrx_word' id='word_1_579' title='bbox 2841 3443 3092 3499; x_wconf 83' lang='lat' dir='ltr'><strong>versibus</strong></span> <span class='ocrx_word' id='word_1_580' title='bbox 3111 3442 3354 3499; x_wconf 81' lang='lat' dir='ltr'><strong>iambicis</strong></span> <span class='ocrx_word' id='word_1_581' title='bbox 3376 3444 3752 3519; x_wconf 69' lang='lat' dir='ltr'><strong>(l539-l35l),</strong></span> 
     </span>
    </p>
   </div>
   <div class='ocr_carea' id='block_1_38' title="bbox 514 3531 3753 3607">
    <p class='ocr_par' dir='ltr' id='par_1_38' title="bbox 514 3531 3753 3607">
     <span class='ocr_line' id='line_1_38' title="bbox 514 3531 3753 3607; baseline 0 -22"><span class='ocrx_word' id='word_1_582' title='bbox 514 3532 571 3585; x_wconf 88' lang='lat' dir='ltr'><strong>in</strong></span> <span class='ocrx_word' id='word_1_583' title='bbox 601 3546 711 3601; x_wconf 86' lang='lat' dir='ltr'><strong>quo</strong></span> <span class='ocrx_word' id='word_1_584' title='bbox 736 3534 897 3588; x_wconf 84' lang='lat' dir='ltr'><strong>etiam</strong></span> <span class='ocrx_word' id='word_1_585' title='bbox 926 3534 1153 3602; x_wconf 88' lang='lat' dir='ltr'><strong>plurima</strong></span> <span class='ocrx_word' id='word_1_586' title='bbox 1187 3546 1332 3603; x_wconf 91' lang='lat' dir='ltr'><strong>sunt,</strong></span> <span class='ocrx_word' id='word_1_587' title='bbox 1363 3551 1482 3607; x_wconf 71' lang='lat' dir='ltr'><strong>quae</strong></span> <span class='ocrx_word' id='word_1_588' title='bbox 1513 3536 1722 3592; x_wconf 85' lang='lat' dir='ltr'><strong>Fabric.</strong></span> <span class='ocrx_word' id='word_1_589' title='bbox 1752 3546 1888 3592; x_wconf 90' lang='lat' dir='ltr'><strong>sect.</strong></span> <span class='ocrx_word' id='word_1_590' title='bbox 1923 3553 1984 3601; x_wconf 86' lang='lat' dir='ltr'><strong>tt,</strong></span> <span class='ocrx_word' id='word_1_591' title='bbox 2013 3553 2071 3593; x_wconf 84' lang='grc' dir='ltr'>ιιι</span> <span class='ocrx_word' id='word_1_592' title='bbox 2106 3547 2158 3593; x_wconf 91' lang='lat' dir='ltr'><strong>et</strong></span> <span class='ocrx_word' id='word_1_593' title='bbox 2181 3553 2255 3603; x_wconf 81' lang='lat' dir='ltr'><strong>tv,</strong></span> <span class='ocrx_word' id='word_1_594' title='bbox 2287 3537 2560 3592; x_wconf 87' lang='lat' dir='ltr'><strong>recensuit</strong></span> <span class='ocrx_word' id='word_1_595' title='bbox 2591 3536 2644 3589; x_wconf 91' lang='lat' dir='ltr'><strong>in</strong></span> <span class='ocrx_word' id='word_1_596' title='bbox 2667 3532 2787 3589; x_wconf 87' lang='lat' dir='ltr'><strong>cod.</strong></span> <span class='ocrx_word' id='word_1_597' title='bbox 2825 3531 2982 3596; x_wconf 85' lang='grc'>1519,</span> <span class='ocrx_word' id='word_1_598' title='bbox 3015 3548 3067 3585; x_wconf 86' lang='lat' dir='ltr'><strong>n.</strong></span> <span class='ocrx_word' id='word_1_599' title='bbox 3122 3532 3177 3597; x_wconf 75' lang='lat'><strong>2,</strong></span> <span class='ocrx_word' id='word_1_600' title='bbox 3217 3531 3445 3587; x_wconf 68' lang='lat' dir='ltr'><strong>Zonaras</strong></span> <span class='ocrx_word' id='word_1_601' title='bbox 3497 3542 3549 3587; x_wconf 85' lang='lat' dir='ltr'><strong>et</strong></span> <span class='ocrx_word' id='word_1_602' title='bbox 3627 3533 3753 3587; x_wconf 72' lang='lat' dir='ltr'><strong>Bah-</strong></span> 
     </span>
    </p>
   </div>
   <div class='ocr_carea' id='block_1_39' title="bbox 514 3617 3748 3692">
    <p class='ocr_par' dir='ltr' id='par_1_39' title="bbox 514 3617 3748 3692">
     <span class='ocr_line' id='line_1_39' title="bbox 514 3617 3748 3692; baseline 0.001 -20"><span class='ocrx_word' id='word_1_603' title='bbox 514 3620 756 3675; x_wconf 80' lang='lat' dir='ltr'><strong>samonis</strong></span> <span class='ocrx_word' id='word_1_604' title='bbox 782 3621 1145 3677; x_wconf 84' lang='lat' dir='ltr'><strong>Commentar.</strong></span> <span class='ocrx_word' id='word_1_605' title='bbox 1177 3623 1231 3676; x_wconf 90' lang='lat' dir='ltr'><strong>in</strong></span> <span class='ocrx_word' id='word_1_606' title='bbox 1266 3622 1367 3679; x_wconf 89' lang='lat' dir='ltr'><strong>SS.</strong></span> <span class='ocrx_word' id='word_1_607' title='bbox 1399 3623 1614 3677; x_wconf 81' lang='lat' dir='ltr'><strong>Patrum</strong></span> <span class='ocrx_word' id='word_1_608' title='bbox 1646 3622 1913 3692; x_wconf 86' lang='lat' dir='ltr'><strong>Epistolas</strong></span> <span class='ocrx_word' id='word_1_609' title='bbox 1938 3624 2231 3679; x_wconf 78' lang='lat' dir='ltr'><strong>canonicos</strong></span> <span class='ocrx_word' id='word_1_610' title='bbox 2257 3640 2274 3691; x_wconf 88' lang='lat'><strong>;</strong></span> <span class='ocrx_word' id='word_1_611' title='bbox 2303 3653 2373 3663; x_wconf 89' lang='lat'><strong>—-</strong></span> <span class='ocrx_word' id='word_1_612' title='bbox 2397 3622 2455 3679; x_wconf 91' lang='lat' dir='ltr'><strong>ln</strong></span> <span class='ocrx_word' id='word_1_613' title='bbox 2480 3623 2599 3678; x_wconf 84' lang='lat' dir='ltr'><strong>cod.</strong></span> <span class='ocrx_word' id='word_1_614' title='bbox 2630 3619 2964 3677; x_wconf 90' lang='lat' dir='ltr'><strong>Coisliuiano</strong></span> <span class='ocrx_word' id='word_1_615' title='bbox 2984 3618 3052 3674; x_wconf 86' lang='grc'><strong>59</strong></span> <span class='ocrx_word' id='word_1_616' title='bbox 3078 3618 3302 3673; x_wconf 85' lang='lat' dir='ltr'><strong>Zonar:e</strong></span> <span class='ocrx_word' id='word_1_617' title='bbox 3328 3628 3383 3672; x_wconf 91' lang='lat' dir='ltr'><strong>et</strong></span> <span class='ocrx_word' id='word_1_618' title='bbox 3415 3617 3748 3676; x_wconf 83' lang='lat' dir='ltr'><strong>Balsamonis</strong></span> 
     </span>
    </p>
   </div>
   <div class='ocr_carea' id='block_1_40' title="bbox 514 3705 3748 3779">
    <p class='ocr_par' dir='ltr' id='par_1_40' title="bbox 514 3705 3748 3779">
     <span class='ocr_line' id='line_1_40' title="bbox 514 3705 3748 3779; baseline 0 -20"><span class='ocrx_word' id='word_1_619' title='bbox 514 3719 767 3770; x_wconf 86' lang='lat' dir='ltr'><strong>canones,</strong></span> <span class='ocrx_word' id='word_1_620' title='bbox 797 3717 850 3760; x_wconf 91' lang='lat' dir='ltr'><strong>et</strong></span> <span class='ocrx_word' id='word_1_621' title='bbox 876 3708 977 3761; x_wconf 89' lang='lat' dir='ltr'><strong>alia</strong></span> <span class='ocrx_word' id='word_1_622' title='bbox 1013 3724 1131 3777; x_wconf 78' lang='lat' dir='ltr'><strong>qua:</strong></span> <span class='ocrx_word' id='word_1_623' title='bbox 1165 3724 1354 3779; x_wconf 84' lang='lat' dir='ltr'><strong>magna</strong></span> <span class='ocrx_word' id='word_1_624' title='bbox 1382 3724 1448 3764; x_wconf 79' lang='lat' dir='ltr'><strong>ex</strong></span> <span class='ocrx_word' id='word_1_625' title='bbox 1482 3720 1631 3778; x_wconf 86' lang='lat' dir='ltr'><strong>parte</strong></span> <span class='ocrx_word' id='word_1_626' title='bbox 1660 3725 1784 3764; x_wconf 90' lang='lat' dir='ltr'><strong>cusa</strong></span> <span class='ocrx_word' id='word_1_627' title='bbox 1816 3726 1919 3764; x_wconf 92' lang='lat' dir='ltr'><strong>non</strong></span> <span class='ocrx_word' id='word_1_628' title='bbox 1944 3725 2083 3773; x_wconf 89' lang='lat' dir='ltr'><strong>esse,</strong></span> <span class='ocrx_word' id='word_1_629' title='bbox 2111 3721 2336 3767; x_wconf 88' lang='lat' dir='ltr'><strong>testatur</strong></span> <span class='ocrx_word' id='word_1_630' title='bbox 2369 3708 2661 3765; x_wconf 79' lang='lat' dir='ltr'><strong>Montfauc.</strong></span> <span class='ocrx_word' id='word_1_631' title='bbox 2694 3709 2747 3763; x_wconf 91' lang='lat' dir='ltr'><strong>iu</strong></span> <span class='ocrx_word' id='word_1_632' title='bbox 2802 3706 2930 3762; x_wconf 90' lang='lat' dir='ltr'><strong>bibl.</strong></span> <span class='ocrx_word' id='word_1_633' title='bbox 2965 3705 3192 3762; x_wconf 88' lang='lat' dir='ltr'><strong>Coislin.</strong></span> <span class='ocrx_word' id='word_1_634' title='bbox 3227 3721 3280 3772; x_wconf 89' lang='lat' dir='ltr'><strong>p.</strong></span> <span class='ocrx_word' id='word_1_635' title='bbox 3310 3705 3412 3761; x_wconf 89' lang='grc'><strong>115</strong></span> <span class='ocrx_word' id='word_1_636' title='bbox 3437 3721 3520 3775; x_wconf 88' lang='lat' dir='ltr'><strong>sq.</strong></span> <span class='ocrx_word' id='word_1_637' title='bbox 3554 3705 3748 3761; x_wconf 85' lang='lat' dir='ltr'><strong>Venet.</strong></span> 
     </span>
    </p>
   </div>
   <div class='ocr_carea' id='block_1_41' title="bbox 513 3791 3748 3864">
    <p class='ocr_par' dir='ltr' id='par_1_41' title="bbox 513 3791 3748 3864">
     <span class='ocr_line' id='line_1_41' title="bbox 513 3791 3748 3864; baseline -0.001 -17"><span class='ocrx_word' id='word_1_638' title='bbox 513 3793 569 3847; x_wconf 87' lang='lat' dir='ltr'><strong>in</strong></span> <span class='ocrx_word' id='word_1_639' title='bbox 604 3794 726 3849; x_wconf 89' lang='lat' dir='ltr'><strong>cod.</strong></span> <span class='ocrx_word' id='word_1_640' title='bbox 754 3791 1016 3861; x_wconf 81' lang='lat' dir='ltr'><strong>Naniano,</strong></span> <span class='ocrx_word' id='word_1_641' title='bbox 1050 3796 1152 3850; x_wconf 86' lang='grc'><strong>155</strong></span> <span class='ocrx_word' id='word_1_642' title='bbox 1180 3794 1545 3850; x_wconf 78' lang='lat' dir='ltr'><strong>Nomoctmon.</strong></span> <span class='ocrx_word' id='word_1_643' title='bbox 1573 3812 1602 3849; x_wconf 89' lang='lat' dir='ltr'><strong>a</strong></span> <span class='ocrx_word' id='word_1_644' title='bbox 1626 3795 1783 3851; x_wconf 84' lang='lat' dir='ltr'><strong>Joan.</strong></span> <span class='ocrx_word' id='word_1_645' title='bbox 1818 3796 2043 3852; x_wconf 84' lang='lat' dir='ltr'><strong>Trulino</strong></span> <span class='ocrx_word' id='word_1_646' title='bbox 2069 3798 2314 3853; x_wconf 84' lang='lat' dir='ltr'><strong>Cretensi</strong></span> <span class='ocrx_word' id='word_1_647' title='bbox 2340 3838 2356 3864; x_wconf 92' lang='lat'><strong>,</strong></span> <span class='ocrx_word' id='word_1_648' title='bbox 2410 3813 2477 3852; x_wconf 78' lang='lat' dir='ltr'><strong>ex</strong></span> <span class='ocrx_word' id='word_1_649' title='bbox 2509 3794 2834 3851; x_wconf 89' lang='lat' dir='ltr'><strong>testimoniis</strong></span> <span class='ocrx_word' id='word_1_650' title='bbox 2886 3808 3055 3849; x_wconf 68' lang='lat' dir='ltr'><strong>sacra:</strong></span> <span class='ocrx_word' id='word_1_651' title='bbox 3110 3792 3411 3863; x_wconf 64' lang='lat' dir='ltr'><strong>Scriptura:</strong></span> <span class='ocrx_word' id='word_1_652' title='bbox 3432 3833 3445 3856; x_wconf 92' lang='lat'><strong>,</strong></span> <span class='ocrx_word' id='word_1_653' title='bbox 3485 3792 3701 3846; x_wconf 86' lang='lat' dir='ltr'><strong>Patrum</strong></span> <span class='ocrx_word' id='word_1_654' title='bbox 3731 3834 3748 3857; x_wconf 93' lang='lat'><strong>,</strong></span> 
     </span>
    </p>
   </div>
   <div class='ocr_carea' id='block_1_42' title="bbox 514 3878 3747 3951">
    <p class='ocr_par' dir='ltr' id='par_1_42' title="bbox 514 3878 3747 3951">
     <span class='ocr_line' id='line_1_42' title="bbox 514 3878 3747 3951; baseline -0.002 -14"><span class='ocrx_word' id='word_1_655' title='bbox 514 3882 889 3946; x_wconf 88' lang='lat' dir='ltr'><strong>conciliorum,</strong></span> <span class='ocrx_word' id='word_1_656' title='bbox 918 3884 1092 3951; x_wconf 84' lang='lat' dir='ltr'><strong>legum</strong></span> <span class='ocrx_word' id='word_1_657' title='bbox 1118 3883 1376 3950; x_wconf 88' lang='lat' dir='ltr'><strong>civilium,</strong></span> <span class='ocrx_word' id='word_1_658' title='bbox 1410 3883 1773 3951; x_wconf 87' lang='lat' dir='ltr'><strong>Novellarum,</strong></span> <span class='ocrx_word' id='word_1_659' title='bbox 1804 3887 2191 3942; x_wconf 86' lang='lat' dir='ltr'><strong>nomocanonis</strong></span> <span class='ocrx_word' id='word_1_660' title='bbox 2223 3884 2421 3939; x_wconf 87' lang='lat' dir='ltr'><strong>Photii.</strong></span> <span class='ocrx_word' id='word_1_661' title='bbox 2454 3881 2792 3938; x_wconf 80' lang='lat' dir='ltr'><strong>Balsamonis</strong></span> <span class='ocrx_word' id='word_1_662' title='bbox 2846 3880 3181 3948; x_wconf 85' lang='lat' dir='ltr'><strong>aliorumque</strong></span> <span class='ocrx_word' id='word_1_663' title='bbox 3229 3889 3532 3934; x_wconf 79' lang='lat' dir='ltr'><strong>contextus.</strong></span> <span class='ocrx_word' id='word_1_664' title='bbox 3586 3878 3747 3933; x_wconf 85' lang='lat' dir='ltr'><strong>Plura</strong></span> 
     </span>
    </p>
   </div>
   <div class='ocr_carea' id='block_1_43' title="bbox 515 3965 3744 4043">
    <p class='ocr_par' dir='ltr' id='par_1_43' title="bbox 515 3965 3744 4043">
     <span class='ocr_line' id='line_1_43' title="bbox 515 3965 3744 4043; baseline 0 -23"><span class='ocrx_word' id='word_1_665' title='bbox 515 3984 647 4025; x_wconf 77' lang='lat' dir='ltr'><strong>vero</strong></span> <span class='ocrx_word' id='word_1_666' title='bbox 675 3970 742 4025; x_wconf 87' lang='lat' dir='ltr'><strong>de</strong></span> <span class='ocrx_word' id='word_1_667' title='bbox 768 3985 835 4025; x_wconf 87' lang='lat' dir='ltr'><strong>eo</strong></span> <span class='ocrx_word' id='word_1_668' title='bbox 868 3970 922 4025; x_wconf 93' lang='lat' dir='ltr'><strong>in</strong></span> <span class='ocrx_word' id='word_1_669' title='bbox 951 3973 1069 4026; x_wconf 83' lang='lat' dir='ltr'><strong>Cat.</strong></span> <span class='ocrx_word' id='word_1_670' title='bbox 1102 3971 1261 4026; x_wconf 88' lang='lat' dir='ltr'><strong>codd.</strong></span> <span class='ocrx_word' id='word_1_671' title='bbox 1293 3971 1389 4027; x_wconf 88' lang='lat' dir='ltr'><strong>Gr.</strong></span> <span class='ocrx_word' id='word_1_672' title='bbox 1420 3971 1558 4027; x_wconf 83' lang='lat' dir='ltr'><strong>Nan.</strong></span> <span class='ocrx_word' id='word_1_673' title='bbox 1594 3988 1647 4043; x_wconf 94' lang='lat' dir='ltr'><strong>p.</strong></span> <span class='ocrx_word' id='word_1_674' title='bbox 1677 3973 1801 4029; x_wconf 70' lang='grc'><strong>428.</strong></span> <span class='ocrx_word' id='word_1_675' title='bbox 1842 4003 1914 4013; x_wconf 92' lang='grc'><strong><em>-</em></strong></span> <span class='ocrx_word' id='word_1_676' title='bbox 1942 3973 2208 4029; x_wconf 73' lang='lat' dir='ltr'><strong>Prtcterea</strong></span> <span class='ocrx_word' id='word_1_677' title='bbox 2235 3972 2675 4039; x_wconf 81' lang='lat' dir='ltr'><strong>notaudum‘est,</strong></span> <span class='ocrx_word' id='word_1_678' title='bbox 2707 3970 2941 4039; x_wconf 77' lang='lat' dir='ltr'><strong>priorem</strong></span> <span class='ocrx_word' id='word_1_679' title='bbox 2968 3966 3147 4021; x_wconf 87' lang='lat' dir='ltr'><strong>Photii</strong></span> <span class='ocrx_word' id='word_1_680' title='bbox 3198 3965 3590 4021; x_wconf 85' lang='lat' dir='ltr'><strong>Nomocanom‘s</strong></span> <span class='ocrx_word' id='word_1_681' title='bbox 3614 3965 3744 4024; x_wconf 84' lang='lat' dir='ltr'><strong>edit.</strong></span> 
     </span>
    </p>
   </div>
   <div class='ocr_carea' id='block_1_44' title="bbox 512 4051 3745 4133">
    <p class='ocr_par' dir='ltr' id='par_1_44' title="bbox 512 4051 3745 4133">
     <span class='ocr_line' id='line_1_44' title="bbox 512 4051 3745 4133; baseline -0.003 -19"><span class='ocrx_word' id='word_1_682' title='bbox 512 4072 638 4114; x_wconf 82' lang='lat' dir='ltr'><strong>cum</strong></span> <span class='ocrx_word' id='word_1_683' title='bbox 669 4055 973 4114; x_wconf 85' lang='lat' dir='ltr'><strong>Comment.</strong></span> <span class='ocrx_word' id='word_1_684' title='bbox 996 4058 1201 4115; x_wconf 83' lang='lat' dir='ltr'><strong>Theod.</strong></span> <span class='ocrx_word' id='word_1_685' title='bbox 1231 4059 1572 4115; x_wconf 86' lang='lat' dir='ltr'><strong>Balsamonis</strong></span> <span class='ocrx_word' id='word_1_686' title='bbox 1603 4060 1738 4127; x_wconf 64' lang='lat' dir='ltr'><strong>in-t,</strong></span> <span class='ocrx_word' id='word_1_687' title='bbox 1776 4075 1880 4133; x_wconf 88' lang='lat' dir='ltr'><strong>non</strong></span> <span class='ocrx_word' id='word_1_688' title='bbox 1916 4062 1985 4116; x_wconf 87' lang='lat' dir='ltr'><strong>ab</strong></span> <span class='ocrx_word' id='word_1_689' title='bbox 2014 4060 2247 4116; x_wconf 84' lang='lat' dir='ltr'><strong>Henrico</strong></span> <span class='ocrx_word' id='word_1_690' title='bbox 2270 4056 2516 4126; x_wconf 78' lang='lat' dir='ltr'><strong>Juslello,</strong></span> <span class='ocrx_word' id='word_1_691' title='bbox 2552 4056 2649 4112; x_wconf 89' lang='lat' dir='ltr'><strong>sed</strong></span> <span class='ocrx_word' id='word_1_692' title='bbox 2677 4057 2745 4112; x_wconf 88' lang='lat' dir='ltr'><strong>ab</strong></span> <span class='ocrx_word' id='word_1_693' title='bbox 2776 4057 2893 4126; x_wconf 89' lang='lat' dir='ltr'><strong>ejus</strong></span> <span class='ocrx_word' id='word_1_694' title='bbox 2909 4062 3079 4123; x_wconf 89' lang='lat' dir='ltr'><strong>patre,</strong></span> <span class='ocrx_word' id='word_1_695' title='bbox 3097 4052 3485 4123; x_wconf 86' lang='lat' dir='ltr'><strong>Ghristophoro</strong></span> <span class='ocrx_word' id='word_1_696' title='bbox 3498 4051 3745 4117; x_wconf 68' lang='lat' dir='ltr'><strong>Juatello,</strong></span> 
     </span>
    </p>
   </div>
   <div class='ocr_carea' id='block_1_45' title="bbox 512 4138 3747 4213">
    <p class='ocr_par' dir='ltr' id='par_1_45' title="bbox 512 4138 3747 4213">
     <span class='ocr_line' id='line_1_45' title="bbox 512 4138 3747 4213; baseline -0.001 -15"><span class='ocrx_word' id='word_1_697' title='bbox 512 4158 632 4198; x_wconf 84' lang='lat' dir='ltr'><strong>esse</strong></span> <span class='ocrx_word' id='word_1_698' title='bbox 653 4156 922 4209; x_wconf 89' lang='lat' dir='ltr'><strong>curatam,</strong></span> <span class='ocrx_word' id='word_1_699' title='bbox 949 4154 1136 4200; x_wconf 90' lang='lat' dir='ltr'><strong>contra</strong></span> <span class='ocrx_word' id='word_1_700' title='bbox 1161 4147 1387 4201; x_wconf 90' lang='lat' dir='ltr'><strong>alteram</strong></span> <span class='ocrx_word' id='word_1_701' title='bbox 1416 4148 1505 4203; x_wconf 87' lang='lat' dir='ltr'><strong>ed.</strong></span> <span class='ocrx_word' id='word_1_702' title='bbox 1541 4147 1707 4199; x_wconf 87' lang='lat' dir='ltr'><strong>multo</strong></span> <span class='ocrx_word' id='word_1_703' title='bbox 1738 4149 2059 4213; x_wconf 83' lang='lat' dir='ltr'><strong>auctiorem,</strong></span> <span class='ocrx_word' id='word_1_704' title='bbox 2093 4148 2208 4200; x_wconf 80' lang='lat' dir='ltr'><strong>sive</strong></span> <span class='ocrx_word' id='word_1_705' title='bbox 2238 4145 2612 4197; x_wconf 80' lang='lat' dir='ltr'><strong>Bibliotltecam</strong></span> <span class='ocrx_word' id='word_1_706' title='bbox 2637 4143 2778 4211; x_wconf 86' lang='lat' dir='ltr'><strong>juris</strong></span> <span class='ocrx_word' id='word_1_707' title='bbox 2813 4141 3052 4193; x_wconf 85' lang='lat' dir='ltr'><strong>canonici</strong></span> <span class='ocrx_word' id='word_1_708' title='bbox 3083 4140 3286 4202; x_wconf 77' lang='lat' dir='ltr'><strong>veteris,</strong></span> <span class='ocrx_word' id='word_1_709' title='bbox 3317 4139 3372 4192; x_wconf 91' lang='lat' dir='ltr'><strong>in</strong></span> <span class='ocrx_word' id='word_1_710' title='bbox 3403 4138 3539 4192; x_wconf 87' lang='lat' dir='ltr'><strong>duos</strong></span> <span class='ocrx_word' id='word_1_711' title='bbox 3572 4148 3747 4194; x_wconf 87' lang='lat' dir='ltr'><strong>tomos</strong></span> 
     </span>
    </p>
   </div>
   <div class='ocr_carea' id='block_1_46' title="bbox 513 4223 3747 4300">
    <p class='ocr_par' dir='ltr' id='par_1_46' title="bbox 513 4223 3747 4300">
     <span class='ocr_line' id='line_1_46' title="bbox 513 4223 3747 4300; baseline -0.003 -14"><span class='ocrx_word' id='word_1_712' title='bbox 513 4231 875 4287; x_wconf 85' lang='lat' dir='ltr'><strong>distributam.</strong></span> <span class='ocrx_word' id='word_1_713' title='bbox 903 4246 1009 4287; x_wconf 87' lang='lat' dir='ltr'><strong>etc.</strong></span> <span class='ocrx_word' id='word_1_714' title='bbox 1038 4232 1261 4288; x_wconf 71' lang='lat' dir='ltr'><strong>Lutetia:</strong></span> <span class='ocrx_word' id='word_1_715' title='bbox 1293 4234 1489 4298; x_wconf 79' lang='lat' dir='ltr'><strong>Paris.,</strong></span> <span class='ocrx_word' id='word_1_716' title='bbox 1527 4233 1657 4287; x_wconf 88' lang='grc'>1661</span> <span class='ocrx_word' id='word_1_717' title='bbox 1687 4233 1741 4289; x_wconf 83' lang='grc' dir='ltr'><strong>ἱη</strong></span> <span class='ocrx_word' id='word_1_718' title='bbox 1776 4233 1865 4286; x_wconf 86' lang='lat' dir='ltr'><strong>lol.</strong></span> <span class='ocrx_word' id='word_1_719' title='bbox 1904 4235 2103 4288; x_wconf 89' lang='lat' dir='ltr'><strong>editam</strong></span> <span class='ocrx_word' id='word_1_720' title='bbox 2138 4248 2258 4287; x_wconf 84' lang='lat' dir='ltr'><strong>esse</strong></span> <span class='ocrx_word' id='word_1_721' title='bbox 2291 4231 2357 4285; x_wconf 86' lang='lat' dir='ltr'><strong>ab</strong></span> <span class='ocrx_word' id='word_1_722' title='bbox 2381 4231 2500 4300; x_wconf 87' lang='lat' dir='ltr'><strong>ejus</strong></span> <span class='ocrx_word' id='word_1_723' title='bbox 2530 4229 2640 4283; x_wconf 82' lang='lat' dir='ltr'><strong>ﬁlio</strong></span> <span class='ocrx_word' id='word_1_724' title='bbox 2674 4227 2907 4282; x_wconf 80' lang='lat' dir='ltr'><strong>llenrico</strong></span> <span class='ocrx_word' id='word_1_725' title='bbox 2930 4224 3174 4280; x_wconf 74' lang='lat' dir='ltr'><strong>iustello.</strong></span> <span class='ocrx_word' id='word_1_726' title='bbox 3203 4223 3335 4276; x_wconf 79' lang='lat' dir='ltr'><strong>Nam</strong></span> <span class='ocrx_word' id='word_1_727' title='bbox 3378 4224 3747 4293; x_wconf 74' lang='lat' dir='ltr'><strong>inscriptionis</strong></span> 
     </span>
    </p>
   </div>
   <div class='ocr_carea' id='block_1_47' title="bbox 509 4309 3749 4411">
    <p class='ocr_par' dir='ltr' id='par_1_47' title="bbox 509 4309 3749 4411">
     <span class='ocr_line' id='line_1_47' title="bbox 509 4309 3749 4411; baseline -0.003 -36"><span class='ocrx_word' id='word_1_728' title='bbox 509 4320 684 4375; x_wconf 77' lang='lat' dir='ltr'><strong>altera</strong></span> <span class='ocrx_word' id='word_1_729' title='bbox 716 4336 841 4389; x_wconf 86' lang='lat' dir='ltr'><strong>pars</strong></span> <span class='ocrx_word' id='word_1_730' title='bbox 865 4321 917 4375; x_wconf 90' lang='lat' dir='ltr'><strong>id</strong></span> <span class='ocrx_word' id='word_1_731' title='bbox 952 4321 1155 4376; x_wconf 86' lang='lat' dir='ltr'><strong>diserte</strong></span> <span class='ocrx_word' id='word_1_732' title='bbox 1192 4321 1474 4378; x_wconf 85' lang='lat' dir='ltr'><strong>declarat:</strong></span> <span class='ocrx_word' id='word_1_733' title='bbox 1511 4339 1529 4374; x_wconf 73' lang='grc' dir='ltr'>ι</span> <span class='ocrx_word' id='word_1_734' title='bbox 1569 4322 1723 4376; x_wconf 83' lang='lat' dir='ltr'><strong>Alter</strong></span> <span class='ocrx_word' id='word_1_735' title='bbox 1746 4335 1871 4375; x_wconf 86' lang='lat' dir='ltr'><strong>vero</strong></span> <span class='ocrx_word' id='word_1_736' title='bbox 1903 4320 2127 4392; x_wconf 78' lang='lat' dir='ltr'><strong>(tomus)</strong></span> <span class='ocrx_word' id='word_1_737' title='bbox 2166 4318 2486 4388; x_wconf 86' lang='lat' dir='ltr'><strong>insigniores</strong></span> <span class='ocrx_word' id='word_1_738' title='bbox 2513 4315 2650 4385; x_wconf 80' lang='lat' dir='ltr'><strong>juris</strong></span> <span class='ocrx_word' id='word_1_739' title='bbox 2682 4313 2928 4411; x_wconf 64' lang='lat' dir='ltr'><strong>canonici</strong></span> <span class='ocrx_word' id='word_1_740' title='bbox 2974 4320 3185 4411; x_wconf 66' lang='lat' dir='ltr'><strong>veteres</strong></span> <span class='ocrx_word' id='word_1_741' title='bbox 3223 4310 3567 4411; x_wconf 72' lang='lat' dir='ltr'><strong>collectione:</strong></span> <span class='ocrx_word' id='word_1_742' title='bbox 3595 4309 3749 4410; x_wconf 66' lang='lat' dir='ltr'><strong>Gras-</strong></span> 
     </span>
    </p>
   </div>
   <div class='ocr_carea' id='block_1_48' title="bbox 515 4399 3747 4496">
    <p class='ocr_par' dir='ltr' id='par_1_48' title="bbox 515 4399 3747 4496">
     <span class='ocr_line' id='line_1_48' title="bbox 515 4399 3747 4496; baseline 0 -34"><span class='ocrx_word' id='word_1_743' title='bbox 515 4423 613 4463; x_wconf 81' lang='lat' dir='ltr'><strong>cos</strong></span> <span class='ocrx_word' id='word_1_744' title='bbox 638 4410 872 4465; x_wconf 79' lang='lat' dir='ltr'><strong>exhibet.</strong></span> <span class='ocrx_word' id='word_1_745' title='bbox 908 4410 983 4464; x_wconf 80' lang='lat' dir='ltr'><strong>Ex</strong></span> <span class='ocrx_word' id='word_1_746' title='bbox 1008 4410 1246 4480; x_wconf 83' lang='lat' dir='ltr'><strong>antiquis</strong></span> <span class='ocrx_word' id='word_1_747' title='bbox 1276 4411 1434 4467; x_wconf 89' lang='lat' dir='ltr'><strong>codd.</strong></span> <span class='ocrx_word' id='word_1_748' title='bbox 1468 4426 1599 4466; x_wconf 89' lang='lat' dir='ltr'><strong>mss.</strong></span> <span class='ocrx_word' id='word_1_749' title='bbox 1634 4410 1972 4466; x_wconf 67' lang='lat' dir='ltr'><strong>bibliothecae</strong></span> <span class='ocrx_word' id='word_1_750' title='bbox 2002 4406 2379 4477; x_wconf 81' lang='lat' dir='ltr'><strong>Cbristopbori</strong></span> <span class='ocrx_word' id='word_1_751' title='bbox 2411 4402 2638 4496; x_wconf 62' lang='lat' dir='ltr'><strong>instclli.</strong></span> <span class='ocrx_word' id='word_1_752' title='bbox 2678 4399 2880 4496; x_wconf 67' lang='lat' dir='ltr'><strong>Horum</strong></span> <span class='ocrx_word' id='word_1_753' title='bbox 2904 4399 3225 4496; x_wconf 37' lang='lat' dir='ltr'><strong>Initio“)an</strong></span> <span class='ocrx_word' id='word_1_754' title='bbox 3257 4399 3654 4496; x_wconf 51' lang='grc' dir='ltr'><strong>ηιιῐιςρτίηιυηι</strong></span> <span class='ocrx_word' id='word_1_755' title='bbox 3691 4400 3747 4453; x_wconf 73' lang='lat' dir='ltr'><strong>in</strong></span> 
     </span>
    </p>
   </div>
   <div class='ocr_carea' id='block_1_49' title="bbox 514 4486 3746 4571">
    <p class='ocr_par' dir='ltr' id='par_1_49' title="bbox 514 4486 3746 4571">
     <span class='ocr_line' id='line_1_49' title="bbox 514 4486 3746 4571; baseline -0.002 -24"><span class='ocrx_word' id='word_1_756' title='bbox 514 4498 687 4552; x_wconf 63' lang='lat' dir='ltr'><strong>lat-em</strong></span> <span class='ocrx_word' id='word_1_757' title='bbox 712 4498 1035 4567; x_wconf 69' lang='lat' dir='ltr'><strong>prodit,cum</strong></span> <span class='ocrx_word' id='word_1_758' title='bbox 1062 4498 1403 4554; x_wconf 84' lang='lat' dir='ltr'><strong>versionibus</strong></span> <span class='ocrx_word' id='word_1_759' title='bbox 1432 4498 1659 4565; x_wconf 85' lang='lat' dir='ltr'><strong>Latinis,</strong></span> <span class='ocrx_word' id='word_1_760' title='bbox 1694 4499 2125 4571; x_wconf 62' lang='lat' dir='ltr'><strong>praefationibus,</strong></span> <span class='ocrx_word' id='word_1_761' title='bbox 2160 4495 2302 4550; x_wconf 88' lang='lat' dir='ltr'><strong>notis</strong></span> <span class='ocrx_word' id='word_1_762' title='bbox 2333 4502 2388 4548; x_wconf 90' lang='lat' dir='ltr'><strong>et</strong></span> <span class='ocrx_word' id='word_1_763' title='bbox 2419 4492 2686 4548; x_wconf 76' lang='lat' dir='ltr'><strong>indicibus</strong></span> <span class='ocrx_word' id='word_1_764' title='bbox 2717 4488 2843 4545; x_wconf 89' lang='lat' dir='ltr'><strong>buic</strong></span> <span class='ocrx_word' id='word_1_765' title='bbox 2879 4486 3098 4542; x_wconf 86' lang='lat' dir='ltr'><strong>editioni</strong></span> <span class='ocrx_word' id='word_1_766' title='bbox 3132 4486 3470 4548; x_wconf 84' lang='lat' dir='ltr'><strong>necessariis.</strong></span> <span class='ocrx_word' id='word_1_767' title='bbox 3497 4500 3657 4555; x_wconf 84' lang='lat' dir='ltr'><strong>opera</strong></span> <span class='ocrx_word' id='word_1_768' title='bbox 3691 4496 3746 4540; x_wconf 87' lang='lat' dir='ltr'><strong>et</strong></span> 
     </span>
    </p>
   </div>
   <div class='ocr_carea' id='block_1_50' title="bbox 513 4574 3741 4672">
    <p class='ocr_par' dir='ltr' id='par_1_50' title="bbox 513 4574 3741 4672">
     <span class='ocr_line' id='line_1_50' title="bbox 513 4574 3741 4672; baseline -0.002 -36"><span class='ocrx_word' id='word_1_769' title='bbox 513 4583 691 4638; x_wconf 87' lang='lat' dir='ltr'><strong>studio</strong></span> <span class='ocrx_word' id='word_1_770' title='bbox 716 4583 859 4639; x_wconf 83' lang='lat' dir='ltr'><strong>Guil.</strong></span> <span class='ocrx_word' id='word_1_771' title='bbox 890 4582 1081 4649; x_wconf 78' lang='lat' dir='ltr'><strong>Voelli,</strong></span> <span class='ocrx_word' id='word_1_772' title='bbox 1115 4584 1367 4656; x_wconf 76' lang='lat' dir='ltr'><strong>Theologi</strong></span> <span class='ocrx_word' id='word_1_773' title='bbox 1402 4594 1456 4639; x_wconf 90' lang='lat' dir='ltr'><strong>et</strong></span> <span class='ocrx_word' id='word_1_774' title='bbox 1484 4584 1697 4641; x_wconf 85' lang='lat' dir='ltr'><strong>lleurici</strong></span> <span class='ocrx_word' id='word_1_775' title='bbox 1724 4583 1957 4648; x_wconf 79' lang='lat' dir='ltr'><strong>Justelli,</strong></span> <span class='ocrx_word' id='word_1_776' title='bbox 1984 4584 2357 4672; x_wconf 73' lang='lat' dir='ltr'><strong>Christophnri</strong></span> <span class='ocrx_word' id='word_1_777' title='bbox 2390 4580 2453 4635; x_wconf 81' lang='lat' dir='ltr'><strong>F.</strong></span> <span class='ocrx_word' id='word_1_778' title='bbox 2488 4598 2506 4632; x_wconf 73' lang='grc' dir='ltr'><strong><em>ι</em></strong></span> <span class='ocrx_word' id='word_1_779' title='bbox 2549 4577 2842 4672; x_wconf 68' lang='lat' dir='ltr'><strong>[ltramque</strong></span> <span class='ocrx_word' id='word_1_780' title='bbox 2870 4576 3040 4672; x_wconf 69' lang='lat' dir='ltr'><strong>habeo</strong></span> <span class='ocrx_word' id='word_1_781' title='bbox 3066 4575 3197 4672; x_wconf 56' lang='lat' dir='ltr'><strong>edit.</strong></span> <span class='ocrx_word' id='word_1_782' title='bbox 3420 4574 3741 4672; x_wconf 43' lang='lat' dir='ltr'><strong>infra-vol.</strong></span> 
     </span>
    </p>
   </div>
   <div class='ocr_carea' id='block_1_51' title="bbox 514 4659 3742 4760">
    <p class='ocr_par' dir='ltr' id='par_1_51' title="bbox 514 4659 3742 4760">
     <span class='ocr_line' id='line_1_51' title="bbox 514 4659 3742 4760; baseline -0.002 -39"><span class='ocrx_word' id='word_1_783' title='bbox 514 4667 606 4733; x_wconf 76' lang='lat' dir='ltr'><strong>XI,</strong></span> <span class='ocrx_word' id='word_1_784' title='bbox 634 4686 756 4739; x_wconf 86' lang='lat' dir='ltr'><strong>pag.</strong></span> <span class='ocrx_word' id='word_1_785' title='bbox 785 4672 855 4726; x_wconf 84' lang='lat'><strong>50</strong></span> <span class='ocrx_word' id='word_1_786' title='bbox 881 4687 1000 4741; x_wconf 89' lang='lat' dir='ltr'><strong>sqq.</strong></span> <span class='ocrx_word' id='word_1_787' title='bbox 1037 4672 1111 4728; x_wconf 87' lang='lat' dir='ltr'><strong>De</strong></span> <span class='ocrx_word' id='word_1_788' title='bbox 1144 4672 1417 4742; x_wconf 87' lang='lat' dir='ltr'><strong>Beveregil</strong></span> <span class='ocrx_word' id='word_1_789' title='bbox 1452 4672 1720 4741; x_wconf 69' lang='grc' dir='ltr'><strong>δγηοάὶιοο</strong></span> <span class='ocrx_word' id='word_1_790' title='bbox 1746 4673 1851 4726; x_wconf 90' lang='lat' dir='ltr'><strong>vid.</strong></span> <span class='ocrx_word' id='word_1_791' title='bbox 1882 4673 2040 4737; x_wconf 82' lang='lat' dir='ltr'><strong>infra,</strong></span> <span class='ocrx_word' id='word_1_792' title='bbox 2070 4672 2119 4725; x_wconf 90' lang='lat' dir='ltr'><strong>in</strong></span> <span class='ocrx_word' id='word_1_793' title='bbox 2151 4668 2379 4760; x_wconf 33' lang='grc' dir='ltr'>ναι-111,</span> <span class='ocrx_word' id='word_1_794' title='bbox 2424 4665 2645 4760; x_wconf 40' lang='grc' dir='ltr'><strong>ρ331Δ5Α1</strong></span> <span class='ocrx_word' id='word_1_795' title='bbox 2674 4680 2793 4760; x_wconf 76' lang='lat' dir='ltr'><strong>sqq.</strong></span> <span class='ocrx_word' id='word_1_796' title='bbox 2927 4660 3375 4760; x_wconf 34' lang='lat' dir='ltr'><strong>JoanLFabri&#39;cii</strong></span> <span class='ocrx_word' id='word_1_797' title='bbox 3413 4659 3554 4760; x_wconf 59' lang='lat' dir='ltr'><strong>Ilist:</strong></span> <span class='ocrx_word' id='word_1_798' title='bbox 3616 4661 3742 4760; x_wconf 55' lang='lat' dir='ltr'><strong>bibi.</strong></span> 
     </span>
    </p>
   </div>
   <div class='ocr_carea' id='block_1_52' title="bbox 516 4747 3740 4833">
    <p class='ocr_par' dir='ltr' id='par_1_52' title="bbox 516 4747 3740 4833">
     <span class='ocr_line' id='line_1_52' title="bbox 516 4747 3740 4833; baseline -0.002 -25"><span class='ocrx_word' id='word_1_799' title='bbox 516 4755 731 4814; x_wconf 73' lang='lat' dir='ltr'><strong>Fabric.</strong></span> <span class='ocrx_word' id='word_1_800' title='bbox 765 4767 906 4827; x_wconf 88' lang='lat' dir='ltr'><strong>part.</strong></span> <span class='ocrx_word' id='word_1_801' title='bbox 943 4773 1001 4824; x_wconf 84' lang='lat' dir='ltr'><strong>tt,</strong></span> <span class='ocrx_word' id='word_1_802' title='bbox 1031 4774 1154 4829; x_wconf 67' lang='lat' dir='ltr'><strong>pag.</strong></span> <span class='ocrx_word' id='word_1_803' title='bbox 1178 4758 1285 4815; x_wconf 76' lang='grc'><strong>555</strong></span> <span class='ocrx_word' id='word_1_804' title='bbox 1311 4774 1434 4833; x_wconf 87' lang='lat' dir='ltr'><strong>sqq.</strong></span> <span class='ocrx_word' id='word_1_805' title='bbox 1464 4758 1684 4829; x_wconf 86' lang='lat' dir='ltr'><strong>Insuper</strong></span> <span class='ocrx_word' id='word_1_806' title='bbox 1711 4758 1856 4814; x_wconf 80' lang='lat' dir='ltr'><strong>conf.</strong></span> <span class='ocrx_word' id='word_1_807' title='bbox 1890 4773 2075 4825; x_wconf 84' lang='lat' dir='ltr'><strong>supra,</strong></span> <span class='ocrx_word' id='word_1_808' title='bbox 2112 4758 2218 4813; x_wconf 88' lang='lat' dir='ltr'><strong>vol.</strong></span> <span class='ocrx_word' id='word_1_809' title='bbox 2251 4754 2339 4820; x_wconf 76' lang='lat' dir='ltr'><strong>Vl,</strong></span> <span class='ocrx_word' id='word_1_810' title='bbox 2371 4770 2490 4825; x_wconf 82' lang='lat' dir='ltr'><strong>pag.</strong></span> <span class='ocrx_word' id='word_1_811' title='bbox 2525 4750 2650 4816; x_wconf 81' lang='lat'><strong>698,</strong></span> <span class='ocrx_word' id='word_1_812' title='bbox 2685 4750 2790 4806; x_wconf 79' lang='lat' dir='ltr'><strong>vol.</strong></span> <span class='ocrx_word' id='word_1_813' title='bbox 2828 4749 2919 4814; x_wconf 84' lang='lat' dir='ltr'><strong>IX,</strong></span> <span class='ocrx_word' id='word_1_814' title='bbox 2948 4765 3000 4820; x_wconf 89' lang='lat' dir='ltr'><strong>p.</strong></span> <span class='ocrx_word' id='word_1_815' title='bbox 3036 4747 3156 4814; x_wconf 84' lang='grc'>168,</span> <span class='ocrx_word' id='word_1_816' title='bbox 3184 4766 3235 4803; x_wconf 91' lang='lat' dir='ltr'><strong>n.</strong></span> <span class='ocrx_word' id='word_1_817' title='bbox 3264 4748 3365 4815; x_wconf 88' lang='grc'>10;</span> <span class='ocrx_word' id='word_1_818' title='bbox 3398 4747 3604 4804; x_wconf 85' lang='lat' dir='ltr'><strong>etiufra</strong></span> <span class='ocrx_word' id='word_1_819' title='bbox 3632 4747 3740 4803; x_wconf 80' lang='lat' dir='ltr'><strong>vol.</strong></span> 
     </span>
    </p>
   </div>
   <div class='ocr_carea' id='block_1_53' title="bbox 509 4834 3753 4916">
    <p class='ocr_par' dir='ltr' id='par_1_53' title="bbox 509 4834 3753 4916">
     <span class='ocr_line' id='line_1_53' title="bbox 509 4834 3753 4916; baseline -0.002 -20"><span class='ocrx_word' id='word_1_820' title='bbox 509 4840 602 4905; x_wconf 74' lang='lat' dir='ltr'><strong>IX,</strong></span> <span class='ocrx_word' id='word_1_821' title='bbox 626 4859 746 4913; x_wconf 79' lang='lat' dir='ltr'><strong>pag.</strong></span> <span class='ocrx_word' id='word_1_822' title='bbox 780 4845 867 4910; x_wconf 69' lang='grc'>17,</span> <span class='ocrx_word' id='word_1_823' title='bbox 902 4844 992 4912; x_wconf 68' lang='grc'>49,</span> <span class='ocrx_word' id='word_1_824' title='bbox 1022 4856 1127 4901; x_wconf 86' lang='lat' dir='ltr'><strong>etc.</strong></span> <span class='ocrx_word' id='word_1_825' title='bbox 1159 4847 1245 4902; x_wconf 89' lang='lat' dir='ltr'><strong>ed.</strong></span> <span class='ocrx_word' id='word_1_826' title='bbox 1268 4856 1372 4902; x_wconf 78' lang='lat' dir='ltr'><strong>vet.</strong></span> <span class='ocrx_word' id='word_1_827' title='bbox 1401 4845 1621 4916; x_wconf 52' lang='lat' dir='ltr'><strong>(unum)</strong></span> <span class='ocrx_word' id='word_1_828' title='bbox 1652 4874 1724 4883; x_wconf 91' lang='lat'><strong>—</strong></span> <span class='ocrx_word' id='word_1_829' title='bbox 1769 4843 1842 4899; x_wconf 88' lang='lat' dir='ltr'><strong>De</strong></span> <span class='ocrx_word' id='word_1_830' title='bbox 1896 4844 2140 4900; x_wconf 88' lang='lat' dir='ltr'><strong>Florent.</strong></span> <span class='ocrx_word' id='word_1_831' title='bbox 2196 4841 2314 4898; x_wconf 86' lang='lat' dir='ltr'><strong>cod.</strong></span> <span class='ocrx_word' id='word_1_832' title='bbox 2376 4843 2427 4895; x_wconf 90' lang='lat' dir='ltr'><strong>in</strong></span> <span class='ocrx_word' id='word_1_833' title='bbox 2477 4838 2627 4895; x_wconf 90' lang='lat' dir='ltr'><strong>bibli.</strong></span> <span class='ocrx_word' id='word_1_834' title='bbox 2661 4838 2728 4892; x_wconf 73' lang='grc' dir='ltr'>ΙΙΙ.</span> <span class='ocrx_word' id='word_1_835' title='bbox 2754 4836 2916 4891; x_wconf 89' lang='lat' dir='ltr'><strong>Ducis</strong></span> <span class='ocrx_word' id='word_1_836' title='bbox 2940 4876 2955 4901; x_wconf 88' lang='lat'><strong>,</strong></span> <span class='ocrx_word' id='word_1_837' title='bbox 2991 4835 3051 4889; x_wconf 84' lang='lat' dir='ltr'><strong>V.</strong></span> <span class='ocrx_word' id='word_1_838' title='bbox 3092 4834 3236 4891; x_wconf 80' lang='lat' dir='ltr'><strong>Frid.</strong></span> <span class='ocrx_word' id='word_1_839' title='bbox 3279 4836 3640 4906; x_wconf 85' lang='lat' dir='ltr'><strong>LindenbrOg.</strong></span> <span class='ocrx_word' id='word_1_840' title='bbox 3686 4837 3753 4913; x_wconf 5' lang='lat' dir='ltr'><strong>in,</strong></span> 
     </span>
    </p>
   </div>
   <div class='ocr_carea' id='block_1_54' title="bbox 509 4922 3358 5005">
    <p class='ocr_par' dir='ltr' id='par_1_54' title="bbox 509 4922 3358 5005">
     <span class='ocr_line' id='line_1_54' title="bbox 509 4922 3358 5005; baseline -0.004 -18"><span class='ocrx_word' id='word_1_841' title='bbox 509 4932 722 4988; x_wconf 73' lang='lat' dir='ltr'><strong>Cotum.</strong></span> <span class='ocrx_word' id='word_1_842' title='bbox 753 4934 809 4989; x_wconf 76' lang='lat' dir='ltr'><strong>in</strong></span> <span class='ocrx_word' id='word_1_843' title='bbox 842 4933 880 4987; x_wconf 92' lang='grc' dir='ltr'>Ι.</span> <span class='ocrx_word' id='word_1_844' title='bbox 916 4932 1148 5002; x_wconf 82' lang='lat' dir='ltr'><strong>unicam,</strong></span> <span class='ocrx_word' id='word_1_845' title='bbox 1184 4934 1242 4991; x_wconf 92' lang='lat' dir='ltr'><strong>Si</strong></span> <span class='ocrx_word' id='word_1_846' title='bbox 1269 4937 1386 5005; x_wconf 82' lang='lat' dir='ltr'><strong>quis</strong></span> <span class='ocrx_word' id='word_1_847' title='bbox 1416 4934 1728 5005; x_wconf 70' lang='lat' dir='ltr'><strong>imperatori</strong></span> <span class='ocrx_word' id='word_1_848' title='bbox 1772 4932 2125 4996; x_wconf 58' lang='lat' dir='ltr'><strong>maletliwrit,</strong></span> <span class='ocrx_word' id='word_1_849' title='bbox 2159 4940 2288 4985; x_wconf 82' lang='lat' dir='ltr'><strong>ton.</strong></span> <span class='ocrx_word' id='word_1_850' title='bbox 2315 4928 2383 4983; x_wconf 83' lang='lat' dir='ltr'><strong>IV</strong></span> <span class='ocrx_word' id='word_1_851' title='bbox 2424 4926 2578 4982; x_wconf 83' lang='lat' dir='ltr'><strong>Thes.</strong></span> <span class='ocrx_word' id='word_1_852' title='bbox 2604 4925 2743 4997; x_wconf 85' lang='lat' dir='ltr'><strong>juris</strong></span> <span class='ocrx_word' id='word_1_853' title='bbox 2777 4924 3050 4979; x_wconf 84' lang='lat' dir='ltr'><strong>Ottonian.</strong></span> <span class='ocrx_word' id='word_1_854' title='bbox 3078 4937 3200 4995; x_wconf 80' lang='lat' dir='ltr'><strong>pag.</strong></span> <span class='ocrx_word' id='word_1_855' title='bbox 3233 4922 3358 4976; x_wconf 70' lang='grc'><strong>548.</strong></span> 
     </span>
    </p>
   </div>
   <div class='ocr_carea' id='block_1_55' title="bbox 583 5052 2179 5132">
    <p class='ocr_par' dir='ltr' id='par_1_55' title="bbox 583 5059 2179 5132">
     <span class='ocr_line' id='line_1_55' title="bbox 583 5059 2179 5132; baseline -0.002 -18"><span class='ocrx_word' id='word_1_856' title='bbox 583 5060 647 5116; x_wconf 87' lang='grc' dir='ltr'>ΙΙ.</span> <span class='ocrx_word' id='word_1_857' title='bbox 680 5059 803 5115; x_wconf 74' lang='grc' dir='ltr'><strong>τῶν</strong></span> <span class='ocrx_word' id='word_1_858' title='bbox 830 5060 1303 5132; x_wconf 72' lang='grc' dir='ltr'><strong>ἐκκλησιαστικῶν</strong></span> <span class='ocrx_word' id='word_1_859' title='bbox 1334 5060 1633 5127; x_wconf 69' lang='grc' dir='ltr'><strong>διατάξεων</strong></span> <span class='ocrx_word' id='word_1_860' title='bbox 1664 5062 1919 5132; x_wconf 72' lang='grc' dir='ltr'><strong>συλλογὴ.</strong></span> <span class='ocrx_word' id='word_1_861' title='bbox 1956 5059 2179 5115; x_wconf 80' lang='lat' dir='ltr'><strong>Constitt</strong></span> 
     </span>
    </p>
   </div>
   <div class='ocr_carea' id='block_1_56' title="bbox 2204 5052 3800 5132">
    <p class='ocr_par' dir='ltr' id='par_1_56' title="bbox 2205 5052 3741 5123">
     <span class='ocr_line' id='line_1_56' title="bbox 2205 5052 3741 5123; baseline -0.004 -13"><span class='ocrx_word' id='word_1_862' title='bbox 2205 5059 2405 5113; x_wconf 82' lang='lat' dir='ltr'><strong>tiomtm</strong></span> <span class='ocrx_word' id='word_1_863' title='bbox 2438 5053 2906 5123; x_wconf 67' lang='lat' dir='ltr'><strong>imperatorium</strong></span> <span class='ocrx_word' id='word_1_864' title='bbox 2927 5053 2995 5109; x_wconf 75' lang='lat' dir='ltr'><strong>ds</strong></span> <span class='ocrx_word' id='word_1_865' title='bbox 3024 5052 3178 5109; x_wconf 70' lang='lat' dir='ltr'><strong>rebus</strong></span> <span class='ocrx_word' id='word_1_866' title='bbox 3214 5052 3589 5108; x_wconf 67' lang='lat' dir='ltr'><strong>ecclesiasticis</strong></span> <span class='ocrx_word' id='word_1_867' title='bbox 3615 5052 3741 5109; x_wconf 85' lang='lat' dir='ltr'><strong>libri</strong></span> 
     </span>
    </p>
   </div>
   <div class='ocr_carea' id='block_1_57' title="bbox 508 5139 3737 5222">
    <p class='ocr_par' dir='ltr' id='par_1_57' title="bbox 508 5139 3737 5222">
     <span class='ocr_line' id='line_1_57' title="bbox 508 5139 3737 5222; baseline -0.003 -18"><span class='ocrx_word' id='word_1_868' title='bbox 508 5150 599 5217; x_wconf 84' lang='grc'>111,</span> <span class='ocrx_word' id='word_1_869' title='bbox 632 5152 682 5205; x_wconf 76' lang='grc' dir='ltr'>1ο</span> <span class='ocrx_word' id='word_1_870' title='bbox 712 5167 779 5206; x_wconf 84' lang='lat' dir='ltr'><strong>ex</strong></span> <span class='ocrx_word' id='word_1_871' title='bbox 802 5152 1082 5211; x_wconf 53' lang='lat' dir='ltr'><strong>codiceﬂ“</strong></span> <span class='ocrx_word' id='word_1_872' title='bbox 1112 5168 1175 5206; x_wconf 79' lang='lat' dir='ltr'><strong>ex</strong></span> <span class='ocrx_word' id='word_1_873' title='bbox 1204 5152 1436 5222; x_wconf 83' lang='lat' dir='ltr'><strong>Digestis</strong></span> <span class='ocrx_word' id='word_1_874' title='bbox 1476 5161 1530 5207; x_wconf 89' lang='lat' dir='ltr'><strong>et</strong></span> <span class='ocrx_word' id='word_1_875' title='bbox 1560 5152 1824 5206; x_wconf 88' lang='lat' dir='ltr'><strong>lnstitut..</strong></span> <span class='ocrx_word' id='word_1_876' title='bbox 1859 5160 2024 5220; x_wconf 88' lang='lat' dir='ltr'><strong>atque</strong></span> <span class='ocrx_word' id='word_1_877' title='bbox 2052 5149 2110 5203; x_wconf 75' lang='lat'><strong>‘5&#39;</strong></span> <span class='ocrx_word' id='word_1_878' title='bbox 2138 5164 2201 5203; x_wconf 77' lang='lat' dir='ltr'><strong>es</strong></span> <span class='ocrx_word' id='word_1_879' title='bbox 2238 5144 2491 5201; x_wconf 77' lang='lat' dir='ltr'><strong>Novetlis.</strong></span> <span class='ocrx_word' id='word_1_880' title='bbox 2532 5143 2645 5198; x_wconf 76' lang='lat' dir='ltr'><strong>Sub</strong></span> <span class='ocrx_word' id='word_1_881' title='bbox 2695 5140 3083 5197; x_wconf 75' lang='lat' dir='ltr'><strong>Pamtitlartun</strong></span> <span class='ocrx_word' id='word_1_882' title='bbox 3124 5141 3345 5198; x_wconf 84' lang='lat' dir='ltr'><strong>nomine</strong></span> <span class='ocrx_word' id='word_1_883' title='bbox 3380 5140 3550 5197; x_wconf 84' lang='lat' dir='ltr'><strong>edidit</strong></span> <span class='ocrx_word' id='word_1_884' title='bbox 3580 5139 3737 5197; x_wconf 67' lang='lat' dir='ltr'><strong>loco.</strong></span> 
     </span>
    </p>
   </div>
   <div class='ocr_carea' id='block_1_58' title="bbox 508 5229 3732 5310">
    <p class='ocr_par' dir='ltr' id='par_1_58' title="bbox 508 5229 3732 5310">
     <span class='ocr_line' id='line_1_58' title="bbox 508 5229 3732 5310; baseline -0.003 -18"><span class='ocrx_word' id='word_1_885' title='bbox 508 5238 864 5295; x_wconf 74' lang='lat' dir='ltr'><strong>Leonulavius</strong></span> <span class='ocrx_word' id='word_1_886' title='bbox 895 5238 1109 5306; x_wconf 83' lang='lat' dir='ltr'><strong>Latine,</strong></span> <span class='ocrx_word' id='word_1_887' title='bbox 1138 5238 1388 5296; x_wconf 81' lang='lat' dir='ltr'><strong>Francof.</strong></span> <span class='ocrx_word' id='word_1_888' title='bbox 1426 5257 1515 5296; x_wconf 83' lang='lat' dir='ltr'><strong>an.</strong></span> <span class='ocrx_word' id='word_1_889' title='bbox 1549 5240 1708 5298; x_wconf 84' lang='grc'>1595.</span> <span class='ocrx_word' id='word_1_890' title='bbox 1740 5240 1773 5294; x_wconf 86' lang='grc'><strong>8</strong></span> <span class='ocrx_word' id='word_1_891' title='bbox 1796 5239 1895 5310; x_wconf 75' lang='lat'><strong>(2).</strong></span> <span class='ocrx_word' id='word_1_892' title='bbox 1928 5238 2036 5295; x_wconf 83' lang='lat' dir='ltr'><strong>Sed</strong></span> <span class='ocrx_word' id='word_1_893' title='bbox 2064 5236 2249 5293; x_wconf 67' lang='lat' dir='ltr'><strong>Graece</strong></span> <span class='ocrx_word' id='word_1_894' title='bbox 2276 5250 2399 5291; x_wconf 81' lang='lat' dir='ltr'><strong>cum</strong></span> <span class='ocrx_word' id='word_1_895' title='bbox 2445 5231 2756 5288; x_wconf 72' lang='lat' dir='ltr'><strong>Leunclavii</strong></span> <span class='ocrx_word' id='word_1_896' title='bbox 2790 5233 3039 5289; x_wconf 79' lang='lat' dir='ltr'><strong>versione</strong></span> <span class='ocrx_word' id='word_1_897' title='bbox 3072 5240 3129 5287; x_wconf 74' lang='lat' dir='ltr'><strong>et</strong></span> <span class='ocrx_word' id='word_1_898' title='bbox 3158 5229 3368 5286; x_wconf 80' lang='lat' dir='ltr'><strong>duobus</strong></span> <span class='ocrx_word' id='word_1_899' title='bbox 3403 5229 3732 5291; x_wconf 65' lang='lat' dir='ltr'><strong>nontorium</strong></span> 
     </span>
    </p>
   </div>
   <div class='ocr_carea' id='block_1_59' title="bbox 580 5477 3411 5562">
    <p class='ocr_par' dir='ltr' id='par_1_59' title="bbox 580 5477 3411 5562">
     <span class='ocr_line' id='line_1_59' title="bbox 580 5477 3411 5562; baseline -0.002 -23"><span class='ocrx_word' id='word_1_900' title='bbox 580 5483 652 5553; x_wconf 71' lang='grc' dir='ltr'><strong>(ᾳ)</strong></span> <span class='ocrx_word' id='word_1_901' title='bbox 678 5482 877 5562; x_wconf 86' lang='lat' dir='ltr'><strong>l_n_quo</strong></span> <span class='ocrx_word' id='word_1_902' title='bbox 896 5482 1052 5562; x_wconf 63' lang='lat' dir='ltr'><strong>Balsa</strong></span> <span class='ocrx_word' id='word_1_903' title='bbox 1076 5484 1231 5555; x_wconf 82' lang='lat' dir='ltr'><strong>nonis</strong></span> <span class='ocrx_word' id='word_1_904' title='bbox 1258 5482 1612 5562; x_wconf 55' lang='lat' dir='ltr'><strong>Syntagghate</strong></span> <span class='ocrx_word' id='word_1_905' title='bbox 1658 5494 1788 5562; x_wconf 75' lang='lat' dir='ltr'><strong>sunt</strong></span> <span class='ocrx_word' id='word_1_906' title='bbox 1827 5500 2066 5543; x_wconf 86' lang='lat' dir='ltr'><strong>canones</strong></span> <span class='ocrx_word' id='word_1_907' title='bbox 2175 5481 2388 5562; x_wconf 31' lang='lat' dir='ltr'><strong>nes..V_.</strong></span> <span class='ocrx_word' id='word_1_908' title='bbox 2426 5481 2653 5562; x_wconf 73' lang='lat' dir='ltr'><strong>Bandin.</strong></span> <span class='ocrx_word' id='word_1_909' title='bbox 2692 5477 3009 5562; x_wconf 53' lang='lat' dir='ltr'><strong>l._c.&quot;p.</strong></span> <span class='ocrx_word' id='word_1_910' title='bbox 3056 5557 3066 5562; x_wconf 26' lang='grc' dir='ltr'><strong>Δ</strong></span> 
     </span>
    </p>
   </div>
   <div class='ocr_carea' id='block_1_60' title="bbox 510 5545 3742 5632">
    <p class='ocr_par' dir='ltr' id='par_1_60' title="bbox 510 5545 3742 5632">
     <span class='ocr_line' id='line_1_60' title="bbox 510 5545 3742 5632; baseline -0.001 -27"><span class='ocrx_word' id='word_1_911' title='bbox 510 5545 803 5632; x_wconf 57' lang='lat' dir='ltr'><strong>t_5,&#39;§et_l__i_t_i</strong></span> <span class='ocrx_word' id='word_1_912' title='bbox 825 5557 945 5609; x_wconf 88' lang='lat' dir='ltr'><strong>cod.</strong></span> <span class='ocrx_word' id='word_1_913' title='bbox 971 5552 1228 5632; x_wconf 61' lang='lat' dir='ltr'><strong>Laurent:</strong></span> <span class='ocrx_word' id='word_1_914' title='bbox 1255 5545 1342 5621; x_wconf 73' lang='grc'>40,</span> <span class='ocrx_word' id='word_1_915' title='bbox 1375 5545 1543 5632; x_wconf 54' lang='lat' dir='ltr'><strong>n_._v_2_t$,</strong></span> <span class='ocrx_word' id='word_1_916' title='bbox 1556 5570 1687 5613; x_wconf 84' lang='lat' dir='ltr'><strong>sunt</strong></span> <span class='ocrx_word' id='word_1_917' title='bbox 1714 5545 1782 5612; x_wconf 73' lang='grc'>14</span> <span class='ocrx_word' id='word_1_918' title='bbox 1798 5572 2066 5632; x_wconf 75' lang='lat' dir='ltr'><strong>canones.</strong></span> <span class='ocrx_word' id='word_1_919' title='bbox 2250 5552 2536 5632; x_wconf 82' lang='lat' dir='ltr'><strong>(r)_.lo_au.__</strong></span> <span class='ocrx_word' id='word_1_920' title='bbox 2552 5545 2860 5632; x_wconf 75' lang='lat' dir='ltr'><strong>Leunclavil</strong></span> <span class='ocrx_word' id='word_1_921' title='bbox 2896 5546 3231 5632; x_wconf 43' lang='lat' dir='ltr'><strong>.No&#39;t-‘atorum</strong></span> <span class='ocrx_word' id='word_1_922' title='bbox 3288 5545 3413 5632; x_wconf 74' lang='lat' dir='ltr'><strong>libri</strong></span> <span class='ocrx_word' id='word_1_923' title='bbox 3448 5546 3742 5632; x_wconf 25' lang='lat' dir='ltr'><strong>d&#39;uoﬂstlgtt</strong></span> 
     </span>
    </p>
   </div>
   <div class='ocr_carea' id='block_1_61' title="bbox 507 5614 3737 5698">
    <p class='ocr_par' dir='ltr' id='par_1_61' title="bbox 507 5614 3737 5698">
     <span class='ocr_line' id='line_1_61' title="bbox 507 5614 3737 5698; baseline 0.003 -24"><span class='ocrx_word' id='word_1_924' title='bbox 507 5614 671 5698; x_wconf 56' lang='lat' dir='ltr'><strong>gout.</strong></span> <span class='ocrx_word' id='word_1_925' title='bbox 693 5621 1000 5698; x_wconf 77' lang='lat' dir='ltr'><strong>Tilletnont.</strong></span> <span class='ocrx_word' id='word_1_926' title='bbox 1027 5637 1155 5698; x_wconf 77' lang='lat' dir='ltr'><strong>tom.</strong></span> <span class='ocrx_word' id='word_1_927' title='bbox 1183 5624 1247 5698; x_wconf 66' lang='grc' dir='ltr'>Υ,</span> <span class='ocrx_word' id='word_1_928' title='bbox 1290 5614 1343 5698; x_wconf 69' lang='lat' dir='ltr'><strong>p_.</strong></span> <span class='ocrx_word' id='word_1_929' title='bbox 1394 5625 1503 5680; x_wconf 70' lang='grc'>450</span> <span class='ocrx_word' id='word_1_930' title='bbox 1523 5614 1543 5698; x_wconf 48' lang='grc' dir='ltr'><em>ί</em></span> <span class='ocrx_word' id='word_1_931' title='bbox 1558 5643 1715 5697; x_wconf 81' lang='lat' dir='ltr'><strong>seqq.</strong></span> <span class='ocrx_word' id='word_1_932' title='bbox 1765 5628 2007 5698; x_wconf 85' lang='lat' dir='ltr'><strong>aliosque</strong></span> <span class='ocrx_word' id='word_1_933' title='bbox 2036 5641 2068 5681; x_wconf 84' lang='lat' dir='ltr'><strong>a</strong></span> <span class='ocrx_word' id='word_1_934' title='bbox 2179 5614 2459 5698; x_wconf 41' lang='lat' dir='ltr'><strong>rcc‘u&#39;sinin</strong></span> <span class='ocrx_word' id='word_1_935' title='bbox 2489 5621 2973 5698; x_wconf 35' lang='lat' dir='ltr'><strong>_Everh.‘()ttoui&#39;s_</strong></span> <span class='ocrx_word' id='word_1_936' title='bbox 2988 5616 3254 5698; x_wconf 60' lang='grc' dir='ltr'><strong>Ἰξῂιβξιιξνο</strong></span> <span class='ocrx_word' id='word_1_937' title='bbox 3284 5617 3426 5698; x_wconf 46' lang='lat' dir='ltr'><strong>fw“.</strong></span> <span class='ocrx_word' id='word_1_938' title='bbox 3452 5614 3737 5698; x_wconf 55' lang='grc' dir='ltr'><strong>,ξενηξξξξίν</strong></span> 
     </span>
    </p>
   </div>
   <div class='ocr_carea' id='block_1_62' title="bbox 505 5678 2101 5767">
    <p class='ocr_par' dir='ltr' id='par_1_62' title="bbox 505 5678 2071 5767">
     <span class='ocr_line' id='line_1_62' title="bbox 505 5678 2071 5767; baseline 0.003 -22"><span class='ocrx_word' id='word_1_939' title='bbox 505 5690 735 5748; x_wconf 64' lang='grc' dir='ltr'><strong>ωηιηο.</strong></span> <span class='ocrx_word' id='word_1_940' title='bbox 764 5678 974 5767; x_wconf 61' lang='lat' dir='ltr'><strong>non;</strong></span> <span class='ocrx_word' id='word_1_941' title='bbox 997 5678 1155 5767; x_wconf 72' lang='lat' dir='ltr'><strong>codd.</strong></span> <span class='ocrx_word' id='word_1_942' title='bbox 1182 5678 1491 5753; x_wconf 50' lang='lat' dir='ltr'><strong>cum;</strong></span> <span class='ocrx_word' id='word_1_943' title='bbox 1522 5678 1729 5767; x_wconf 48' lang='lat' dir='ltr'><strong>opta;</strong></span> <span class='ocrx_word' id='word_1_944' title='bbox 1767 5678 2071 5763; x_wconf 46' lang='lat' dir='ltr'><strong>ignita:</strong></span> 
     </span>
    </p>
   </div>
   <div class='ocr_carea' id='block_1_63' title="bbox 2140 5678 3736 5767">
    <p class='ocr_par' dir='ltr' id='par_1_63' title="bbox 2182 5678 3736 5767">
     <span class='ocr_line' id='line_1_63' title="bbox 2182 5678 3736 5767; baseline -0.005 -22"><span class='ocrx_word' id='word_1_945' title='bbox 2182 5705 2311 5767; x_wconf 70' lang='lat' dir='ltr'><strong>tom.</strong></span> <span class='ocrx_word' id='word_1_946' title='bbox 2352 5678 2455 5759; x_wconf 86' lang='lat' dir='ltr'><strong>Ill,</strong></span> <span class='ocrx_word' id='word_1_947' title='bbox 2489 5691 2658 5763; x_wconf 65' lang='lat' dir='ltr'><strong>Lugd.</strong></span> <span class='ocrx_word' id='word_1_948' title='bbox 2697 5691 2879 5751; x_wconf 77' lang='lat' dir='ltr'><strong>Batav.</strong></span> <span class='ocrx_word' id='word_1_949' title='bbox 2914 5687 3048 5746; x_wconf 74' lang='lat' dir='ltr'><strong>tm</strong></span> <span class='ocrx_word' id='word_1_950' title='bbox 3079 5728 3092 5757; x_wconf 89' lang='lat'><strong>,</strong></span> <span class='ocrx_word' id='word_1_951' title='bbox 3122 5688 3214 5742; x_wconf 80' lang='lat' dir='ltr'><strong>fol.</strong></span> <span class='ocrx_word' id='word_1_952' title='bbox 3249 5678 3368 5757; x_wconf 68' lang='lat' dir='ltr'><strong>pag.</strong></span> <span class='ocrx_word' id='word_1_953' title='bbox 3410 5678 3545 5740; x_wconf 77' lang='lat' dir='ltr'><strong>tm</strong></span> <span class='ocrx_word' id='word_1_954' title='bbox 3583 5683 3736 5738; x_wconf 73' lang='lat' dir='ltr'><strong>tam.</strong></span> 
     </span>
    </p>
   </div>
   <div class='ocr_carea' id='block_1_64' title="bbox 507 5763 3033 5837">
    <p class='ocr_par' dir='ltr' id='par_1_64' title="bbox 507 5763 3033 5837">
     <span class='ocr_line' id='line_1_64' title="bbox 507 5763 3033 5837; baseline 0.003 -21"><span class='ocrx_word' id='word_1_955' title='bbox 507 5773 592 5819; x_wconf 82' lang='lat' dir='ltr'><strong>tos</strong></span> <span class='ocrx_word' id='word_1_956' title='bbox 618 5779 632 5819; x_wconf 87' lang='lat'><strong>:</strong></span> <span class='ocrx_word' id='word_1_957' title='bbox 661 5779 713 5818; x_wconf 82' lang='grc' dir='ltr'>ιιι</span> <span class='ocrx_word' id='word_1_958' title='bbox 736 5766 854 5821; x_wconf 85' lang='lat' dir='ltr'><strong>cod.</strong></span> <span class='ocrx_word' id='word_1_959' title='bbox 884 5776 1062 5823; x_wconf 87' lang='lat' dir='ltr'><strong>autem</strong></span> <span class='ocrx_word' id='word_1_960' title='bbox 1090 5764 1147 5832; x_wconf 75' lang='lat'><strong>2,</strong></span> <span class='ocrx_word' id='word_1_961' title='bbox 1176 5783 1231 5822; x_wconf 89' lang='lat' dir='ltr'><strong>n.</strong></span> <span class='ocrx_word' id='word_1_962' title='bbox 1281 5767 1372 5832; x_wconf 77' lang='lat'><strong>59,</strong></span> <span class='ocrx_word' id='word_1_963' title='bbox 1411 5774 1538 5821; x_wconf 87' lang='lat' dir='ltr'><strong>sunt</strong></span> <span class='ocrx_word' id='word_1_964' title='bbox 1570 5763 1876 5837; x_wconf 75' lang='lat' dir='ltr'><strong>quindecim</strong></span> <span class='ocrx_word' id='word_1_965' title='bbox 1908 5784 2071 5824; x_wconf 88' lang='lat' dir='ltr'><strong>cano-</strong></span> <span class='ocrx_word' id='word_1_966' title='bbox 2183 5763 2381 5835; x_wconf 62' lang='lat' dir='ltr'><strong>Haut.)</strong></span> <span class='ocrx_word' id='word_1_967' title='bbox 2926 5818 2931 5823; x_wconf 44' lang='grc' dir='ltr'>η</span> <span class='ocrx_word' id='word_1_968' title='bbox 3032 5794 3033 5797; x_wconf 53' lang='grc' dir='ltr'><strong>η</strong></span> 
     </span>
    </p>
   </div>
   <div class='ocr_carea' id='block_1_65' title="bbox 2672 5941 2729 5953">
    <p class='ocr_par' dir='ltr' id='par_1_65' title="bbox 2672 5941 2729 5953">
     <span class='ocr_line' id='line_1_65' title="bbox 2672 5941 2729 5953; baseline 0.018 -1"><span class='ocrx_word' id='word_1_969' title='bbox 2672 5941 2729 5953; x_wconf 54' lang='grc' dir='ltr'><strong>νο,-</strong></span> 
     </span>
    </p>
   </div>
  </div>
