4042 6214
280 322 345 411 ts
410 394 439 416 κ
1741 326 2080 389 ΝοΤιΤιΑ.
3448 333 3510 399 te

278 437 451 505 libris,
479 435 770 509 Carolique
799 436 1081 494 Annibalis
1108 436 1376 503 Fabrotti,
1407 437 1497 509 qui
1535 437 1836 493 versionem
1873 456 1994 496 cum
2026 439 2229 497 Graecis
2257 455 2390 497 mss.
2429 440 2674 511 contulit,
2711 441 2853 499 notis
2880 441 3192 513 prodierunt
3220 444 3273 500 in
3311 445 3378 501 ll.
3412 447 3511 501 Ju-

273 522 413 582 stelli
442 523 586 579 Bibl.
612 523 884 580 Canonica
924 534 1056 578 tom.
1094 525 1160 591 ll,
1193 540 1315 594 pag.
1345 524 1506 581 1225.
1534 523 1711 582 Paris.
1744 523 1903 592 1661,
1941 527 2033 581 l'ol.
2067 526 2198 583 Vide
2226 536 2280 582 et
2305 527 2616 583 Fabrottum
2649 529 2716 583 ad
2744 529 3153 584 Constantinum
3184 530 3507 601 Manassem,

272 628 393 685 pag.
432 611 555 677 195,
588 611 677 666 ubi
708 612 777 667 de
807 610 992 667 codice
1029 627 1128 667 ms.
1170 609 1381 681 (Fame)
1413 610 1568 665 Conf.
1601 610 1757 676 infra,
1788 612 1895 666 vol.
1934 612 2062 681 XII;
2094 629 2146 684 p.
2174 614 2299 682 105,
2322 613 2436 670 Jos.
2463 614 2596 669 Mar.
2629 613 2867 671 Suaresii
2896 614 3067 670 Notit.
3104 615 3460 672 Basilicorum
3489 656 3507 683 ,

274 701 366 785 ed.
403 699 466 755 D.
499 699 698 755 Christi
733 698 881 785 Frid.
917 698 1109 785 Buhlii,
1144 698 1290 768 Lips.
1323 697 1496 785 1804,
1532 696 1585 760 8,
1623 696 1651 769 §
1686 698 1738 762 9,
1768 714 1889 769 pag.
1939 700 2028 755 28.
2079 730 2143 742 —
2170 701 2363 756 Exstat
2400 700 2732 756 Balsamonis
2764 700 3019 755 Collectio
3053 701 3505 756 constitutiouum

274 784 440 843 variis
471 787 524 843 in
556 786 713 842 codd.
750 803 780 841 e
806 784 903 841 Gr.
940 784 1242 840 Vittdubon.
1279 784 1370 848 16,
1401 801 1458 843 n.
1494 785 1528 840 5
1555 785 1897 841 Novellarum
1933 786 2390 843 Constitutionum
2425 787 2556 849 imp.
2585 785 2875 841 Iustiniani
2911 784 2931 839 Ι
2965 786 3208 855 Epitome
3248 786 3509 841 ecclesia-

274 876 431 957 stica,
466 890 497 928 a
524 872 811 929 Theodoro
846 871 1075 935 Balsam,
1103 870 1422 957 composita,
1452 881 1505 926 et
1535 872 1587 926 in
1636 888 1796 943 capp.
1842 874 2116 943 octoginta
2144 885 2347 945 septem
2378 877 2569 929 divisa.
2609 874 2672 931 V.
2704 873 2955 929 Lambec.
2992 873 3058 928 Vl
3084 914 3100 940 ,
3132 883 3273 943 part.
3307 874 3347 939 Ι,
3379 890 3502 943 pag.

277 962 380 1017 118
405 977 526 1032 sqq.
565 961 650 1016 ed.
684 959 887 1015 Kollar.
917 958 1094 1027 Atque
1118 956 1374 1014 Lambec.
1402 960 1700 1026 adnotavit,
1732 972 1948 1017 exstare
1988 962 2202 1030 quidem
2242 962 2293 1016 id
2322 962 2637 1032 opusculum
2688 961 2741 1015 in
2780 960 2946 1015 Voelli
2994 972 3059 1037 et_
3092 960 3303 1016 Justelli
3360 961 3502 1017 Bibl.

275 1048 371 1107 Gr.
411 1048 528 1104 Lat.
556 1045 703 1103 Juris
730 1044 976 1101 canonici
1013 1054 1121 1099 vet.
1156 1053 1285 1099 tom.
1321 1044 1383 1112 Il,
1416 1062 1469 1116 p.
1496 1046 1831 1114 1512-1561,
1855 1043 1948 1099 sed
1980 1044 2132 1113 longe
2156 1044 2335 1107 aliter,
2366 1059 2524 1114 quam
2556 1044 2609 1099 in
2638 1044 2739 1099 hoc
2773 1045 2959 1098 codice
2981 1045 3183 1099 Caesar.
3217 1044 3359 1107 (sed.
3392 1044 3500 1099 vid.

276 1137 441 1208 paulo
473 1146 593 1207 post
619 1135 685 1189 de
723 1132 882 1187 codd.
913 1129 1137 1186 Taurin.
1171 1141 1224 1187 et
1252 1130 1549 1205 Marciano)
1582 1133 1820 1188 Fabrott.
1856 1138 2032 1184 autem
2070 1129 2124 1182 in
2172 1128 2347 1183 fronte
2378 1138 2579 1183 monet.
2611 1138 2827 1184 exstare
2861 1129 2913 1183 in
2957 1128 3130 1184 Vatic.
3163 1132 3284 1184 cod.
3316 1130 3419 1185 856
3450 1139 3506 1185 et

270 1218 502 1281 Palatin.
534 1221 654 1277 cod.
685 1217 789 1274 226
820 1217 919 1273 Gr.
946 1216 1221 1272 simillima
1249 1217 1528 1273 Paratitla.
1559 1217 1873 1273 —Florent.
1902 1215 1958 1271 in
1987 1217 2110 1271 cod.
2144 1214 2401 1270 Laurent.
2430 1216 2483 1280 8,
2519 1232 2573 1269 n.
2606 1215 2693 1282 56,
2725 1217 2857 1285 plut.
2886 1216 2940 1280 9,
2977 1224 3031 1269 et
3063 1218 3184 1271 cod.
3223 1217 3312 1281 15,
3344 1234 3396 1273 n.
3429 1217 3497 1271 15

272 1330 392 1384 sqq.
428 1312 560 1382 plut.
588 1308 683 1375 56,
710 1310 776 1363 de
802 1306 997 1378 quibus
1038 1304 1100 1361 V.
1139 1306 1367 1361 Bandin.
1396 1309 1448 1361 in
1476 1306 1598 1362 Cat.
1634 1306 1793 1363 codd.
1825 1304 1916 1361 Gr.
1956 1304 2120 1362 Laur.
2149 1304 2193 1369 1,
2225 1320 2348 1375 pag.
2385 1304 2509 1370 402,
2546 1315 2600 1359 et
2637 1315 2767 1361 tom.
2796 1304 2863 1371 ll,
2897 1320 2950 1375 p.
2979 1304 3415 1360 510.—Taurini
3444 1307 3499 1362 in

269 1405 392 1465 coit,
424 1414 533 1469 reg.
567 1396 638 1451 26
675 1395 767 1464 qui
792 1393 1035 1450 continet
1079 1393 1229 1448 varia
1260 1392 1531 1448 Theodor.
1566 1393 1797 1449 Balsam.
1837 1391 2036 1463 Opusc.
2077 1392 2622 1464 juridico-canonica,
2658 1408 2819 1462 quem
2863 1391 3140 1447 coniector
3186 1402 3292 1447 cat.
3342 1395 3500 1449 codd.

270 1505 353 1560 gr.
380 1486 541 1551 Taur,
571 1500 626 1556 p.
656 1483 724 1539 96
754 1498 875 1552 sqq.
907 1488 1094 1537 curate
1122 1481 1446 1551 capioscque
1477 1489 1745 1536 recenset.
1780 1479 2021 1535 Primum
2068 1487 2249 1534 monet
2281 1486 2466 1534 contra
2512 1478 2833 1544 Nesselium,
2862 1478 2916 1532 in
2952 1478 3073 1533 Cat.
3106 1479 3233 1533 bibl.
3270 1478 3496 1535 Viudob.

270 1583 406 1646 part.
440 1588 501 1635 ιι,
533 1587 586 1640 p.
622 1570 713 1635 22,
747 1584 802 1636 η,
834 1570 889 1624 5.
925 1569 1035 1634 (cui
1089 1578 1266 1623 tamen
1298 1568 1432 1637 jam,
1481 1578 1539 1622 ut
1574 1568 1824 1632 vidimus,
1861 1566 2068 1637 praeivit
2098 1562 2378 1636 Lambec.)
2413 1563 2788 1629 atlirmantem,
2827 1563 2954 1619 illud
3002 1564 3335 1621 Balsamonis
3365 1580 3501 1636 opus

270 1664 328 1718 in
360 1662 479 1718 cod.
514 1659 741 1715 Viudub.
771 1666 986 1726 exstare
1017 1656 1069 1710 in
1101 1654 1272 1711 Voelli
1305 1665 1359 1709 et
1388 1652 1596 1709 Justelli
1631 1654 1964 1709 Bibliotheca
1989 1691 2006 1716 ,
2040 1661 2172 1707 tom.
2214 1653 2280 1707 II.
2320 1651 2505 1722 Longe
2555 1652 2710 1707 aliter
2757 1660 2932 1707 tamen
2981 1651 3287 1722 expositum
3335 1661 3498 1722 atque

269 1754 564 1812 diversum,
585 1747 739 1802 valde
769 1758 992 1809 errare;
1025 1752 1080 1797 et
1113 1752 1396 1807 tractatus,
1429 1742 1519 1811 qui
1547 1741 1676 1796 editi
1707 1731 1924 1795 luerunt
1943 1756 1973 1795 a
2001 1741 2186 1797 Voello
2212 1749 2265 1796 et
2292 1738 2539 1805 Justello,
2567 1739 2701 1795 alios
2729 1754 2948 1810 prorsus
2968 1754 3087 1794 esse
3115 1748 3169 1794 et
3199 1730 3489 1795 distinctos

268 1840 337 1895 ab
367 1853 529 1909 opere
564 1836 616 1890 in
644 1835 765 1890 cod.
801 1832 1027 1887 Taurin.
1062 1832 1318 1901 (quocum
1347 1831 1469 1884 cod.
1503 1829 1759 1884 Laurent.
1808 1835 2158 1892 memoratus,
2192 1828 2377 1896 paucis
2410 1827 2563 1882 initio
2593 1829 2841 1896 exceptis
2864 1868 2880 1894 ,
2912 1827 3223 1891 concordat,
3254 1828 3500 1881 auimad-

265 1934 511 1983 vertente
538 1922 764 1977 Bandin.
795 1921 832 1975 ι.
864 1920 940 1988 c.)
974 1916 1132 1984 Hinc,
1165 1916 1309 1984 quod
1370 1916 1424 1971 id
1478 1916 1711 1986 primum
1774 1914 2090 1984 opusculum
2125 1915 2401 1984 (nimirum
2439 1914 2528 1981 87,
2565 1915 2742 1984 priora
2784 1913 3035 1984 capitula)
3073 1913 3497 1983 praetermissum

266 2014 368 2069 fuit
395 2013 449 2068 in
470 1993 640 2067 Voelli
663 2018 715 2063 et
740 2005 947 2063 Justelli
978 2003 1115 2058 Bibl.
1147 2005 1293 2072 (nam
1328 2004 1380 2057 in
1400 2002 1502 2058 bac
1530 2003 1755 2071 reliqua,
1789 2014 1909 2072 quae.
1930 2013 1959 2053 a
1991 1998 2123 2055 folio
2156 2000 2261 2055 100
2293 2000 2547 2070 deinceps
2574 2009 2872 2069 sequuntur
2900 1999 2955 2054 in
2985 2000 3190 2062 codice,
3224 2009 3349 2053 sunt
3379 1998 3499 2052 vul-

262 2084 433 2171 gata).
464 2098 741 2154 confector
790 2094 910 2150 Cat.
949 2092 1133 2146 titulos
1178 2088 1510 2160 singulorum
1554 2091 1789 2160 capitum
1824 2103 1886 2141 ex
1933 2087 2055 2142 cod.
2094 2086 2315 2154 protulit
2346 2101 2468 2155 pag.
2503 2085 2727 2142 96-107.
2761 2115 2833 2126 —
2877 2086 2936 2139 In
2968 2086 3151 2141 codice
3180 2084 3272 2149 26,
3310 2098 3339 2137 a
3368 2084 3499 2139 folio

262 2188 389 2252 262,
416 2186 471 2242 2.
506 2184 570 2240 V.
606 2181 765 2239 catal.
794 2181 887 2238 cit.
924 2194 977 2250 p.
1011 2177 1133 2233 198.
1165 2206 1233 2218 -
1266 2175 1502 2231 Venetiis
1537 2178 1587 2230 in
1615 2176 1737 2230 cod.
1770 2173 2047 2227 Marciano
2078 2171 2206 2228 269.
2243 2172 2308 2229 V.
2331 2173 2451 2228 Cat.
2485 2173 2642 2227 codd.
2672 2172 2767 2227 Gr.
2791 2173 2955 2228 Marc.
2989 2189 3042 2243 p.
3068 2174 3159 2229 98.
3197 2172 3306 2227 Sed
3333 2171 3500 2227 multo

262 2260 576 2341 distinctius
618 2270 890 2325 recensuit
918 2283 1041 2322 eum
1074 2266 1180 2321 cel.
1210 2263 1436 2331 Morelli,
1473 2263 1526 2318 in
1561 2262 1693 2319 bibl.
1724 2277 1853 2317 mss.
1886 2258 1981 2314 Gr.
2014 2268 2067 2314 et
2110 2257 2226 2312 Lat.
2261 2260 2306 2325 ι,
2354 2274 2475 2328 pag.
2508 2258 2600 2341 97,
2633 2272 2826 2328 nempe
2856 2259 3043 2313 insunt
3076 2275 3090 2313 :
3128 2260 3183 2312 1°
3225 2257 3501 2313 Constitu-

266 2364 461 2427 tiones,
488 2374 554 2415 ex
584 2359 651 2414 iis
684 2360 919 2422 selectae,
957 2369 1095 2423 quas
1128 2363 1253 2423 post
1282 2351 1621 2407 Novellarum
1653 2350 1896 2405 codicem
1919 2345 2261 2407 Justinianus
2295 2344 2479 2410 edidit,
2511 2337 2612 2400 sub
2649 2358 2800 2413 capp.
2826 2343 2917 2409 87,
2953 2345 3191 2416 syllogen
3217 2386 3232 2410 ,
3266 2360 3294 2398 a
3323 2344 3502 2399 Theo-

263 2452 396 2504 doro
428 2446 659 2500 Balsam.
691 2445 1034 2506 adornatam,
1070 2438 1329 2504 cilicium,
1359 2438 1571 2508 qualem
1603 2438 1823 2492 exhibet
1854 2436 1975 2491 cod.
2008 2432 2390 2496 Taurinensis,
2421 2440 2476 2487 et
2505 2446 2625 2499 quas
2656 2431 2857 2502 sylloge
2886 2446 2917 2485 a
2957 2431 3247 2488 Lambecio
3286 2432 3335 2486 in
3375 2434 3498 2487 cod.

260 2520 568 2590 ’Vindoiion.
599 2545 826 2586 memor.
860 2543 956 2596 pro
987 2526 1235 2594 sequenti
1271 2525 1606 2579 Balsamonis
1630 2539 1791 2593 opere
1820 2536 2103 2592 perperam
2136 2518 2319 2574 habita
2353 2527 2457 2574 est.
2504 2516 2700 2572 Exstat
2742 2532 2955 2588 quoque
3006 2518 3060 2573 in
3098 2514 3222 2597 ξοδ.
3273 2518 3498 2572 Coislin.

260 2637 386 2697 pag.
413 2619 501 2684 87,
535 2617 673 2673 Bibl.
701 2614 1064 2671 Coislinianze.
1120 2611 1179 2665 2°
1208 2610 1804 2697 XXlliConstitutiones
1834 2610 2011 2697 legum
2044 2606 2284 2662 civilium
2313 2622 2379 2661 ex
2410 2604 2650 2662 Novellis
2675 2605 3003 2670 Justiuiani,
3037 2616 3092 2659 ut
3122 2606 3171 2660 in
3197 2606 3317 2659 cod.
3348 2604 3493 2659 Tau-

264 2693 366 2763 rin.
402 2720 457 2775 p.
495 2702 618 2758 101.
650 2703 808 2757 catal.
843 2709 897 2752 et
928 2698 1190 2752 Laurent.
1220 2712 1308 2765 ap.
1340 2696 1566 2751 Bandin.
1604 2696 1645 2761 Ι,
1676 2710 1730 2764 ρ.
1761 2693 1887 2760 478,
1923 2711 1980 2748 n.
2015 2693 2175 2761 7-25)
2207 2696 2326 2748 dum
2358 2693 2701 2750 collectiones
2748 2710 2868 2748 cum
2922 2694 3093 2749 titulis
3142 2694 3338 2759 tribus,
3372 2706 3491 2762 qum

262 2794 544 2861 continent
573 2788 908 2844 Balsamonis
951 2783 1335 2839 Collectionem
1364 2780 1675 2837 Constituit.
1707 2782 2218 2846 ecclesiasticarum,
2244 2782 2417 2836 tribus
2441 2782 2592 2835 libris
2625 2781 2957 2846 distinctam,
2992 2782 3207 2852 qualem
3239 2782 3366 2837 bibl.
3395 2779 3494 2836 Ju-

267 2882 405 2939 stelli
434 2876 829 2948 complectitur.
859 2901 932 2914 —--
958 2871 1133 2927 Paris.
1168 2871 1222 2924 in
1254 2870 1374 2924 cod.
1409 2868 1564 2933 1555,
1602 2879 1767 2938 atque
1797 2882 1918 2938 cap.
1952 2867 2014 2923 1|
2049 2879 2102 2924 et
2137 2868 2202 2922 12
2233 2868 2287 2923 in
2337 2867 2458 2922 cod.
2504 2866 2662 2934 1552,
2701 2883 2756 2922 n.
2808 2868 2898 2933 51,
2951 2869 3082 2923 bibl.
3126 2868 3276 2937 pubi.
3334 2866 3493 2921 Conf.

260 2972 429 3041 etiam
465 2966 528 3020 D.
554 2968 713 3032 Casp.
747 2962 941 3016 Aeliat.
971 2957 1134 3024 Beck,
1172 2959 1245 3014 De
1275 2954 1509 3012 Novellis
1538 2954 1728 3009 Leonis
1754 2955 1917 3041 aug”
1952 2966 2059 3013 etc.
2097 2957 2187 3012 ed.
2233 2957 2297 3012 D.
2345 2955 2472 3011 Car.
2524 2955 2670 3013 Frid.
2700 2954 2994 3026 Zepernick
3019 2995 3035 3023 ,
3072 2956 3218 3012 [lake
3251 2956 3411 3024 1779,
3439 2957 3496 3023 8,

264 3075 322 3130 p.
346 3056 445 3123 27;
476 3054 657 3122 ibique
686 3060 801 3105 not.
829 3045 1193 3119 Zcpernickii,
1225 3052 1278 3099 et
1312 3045 1533 3130 liuncp.
1566 3041 1693 3099 562.
1728 3040 1956 3115 ("Mil")

262 3116 284 3211 .-
335 3116 441 3199 111(
464 3116 741 3211 Responsa
774 3116 924 3189 varia
948 3144 1003 3189 et
1030 3129 1376 3202 imperatoria
1406 3129 1581 3185 edicta
1609 3144 1804 3185 causas
1829 3131 2231 3188 ecclesiasticas
2258 3116 2724 3201 spectantiafquze
2752 3138 2967 3186 exstant
2995 3130 3047 3186 in
3080 3130 3218 3185 libro
3245 3129 3488 3186 secundo

263 3234 412 3292 luris
442 3224 892 3288 Graeco-Romani
943 3237 974 3278 a
1018 3220 1226 3293 Μάγου.
1260 3218 1499 3277 Frcbero
1546 3218 1735 3276 Graece
1777 3230 1833 3277 et
1865 3219 1980 3274 Lat.
2016 3217 2144 3274 editi
2198 3215 2449 3273 Francot‘.
2481 3216 2642 3283 1596,
2685 3218 2777 3273 ubi
2809 3217 3146 3275 Balsamonis
3174 3233 3369 3274 nomen
3403 3231 3498 3272 oc-

265 3320 441 3381 currit
472 3332 489 3372 :

339 3411 393 3465 1.
424 3405 563 3478 Περὶ
590 3402 687 3460 τοῦ
714 3401 1005 3474 ἐφειμένον
1034 3395 1173 3454 εἶναι
1223 3398 1300 3469 τῷ
1351 3397 1583 3468 βασιλεῖ,
1614 3396 1840 3465 ἀνάγειν
1868 3397 1935 3449 τὰ

1902 3397 1966 3458 ὰς
1996 3393 2305 3456 immersae
2335 3393 2415 3457 εἰς
2451 3392 2813 3463 μητροπόλεις
2845 3392 2936 3463 (s).
2981 3391 3137 3459 Quod
3181 3392 3494 3462 imperatori

265 3498 575 3569 permissum
604 3492 673 3549 sit
712 3492 1038 3561 episc0patus
1072 3488 1127 3543 in
1156 3485 1466 3555 metropoles
1495 3487 1713 3554 erigere,
1749 3498 1803 3553 p.
1842 3483 1966 3538 150.

337 3522 575 3553 mnuum
604 3522 673 3549 us
712 3522 1038 3561 ινιοιυμιωισ
1073 3522 1127 3543 ιη
1156 3522 1466 3555 ιηιηυμυη.
1495 3522 1713 3554 (aluero,
1751 3522 1803 3553 γ.
1847 3522 1933 3538 ..η

337 3585 396 3639 2.
419 3581 555 3653 Περὶ
581 3580 761 3651 γάμου
799 3576 949 3640 Gela;
980 3575 1076 3630 καὶ
1106 3573 1334 3645 ἀνεψιᾶς
1358 3574 1502 3645 μετὰ
1531 3572 1680 3626 θείου
1705 3571 1801 3625 καὶ
1822 3572 1933 3640 ἁνει

1895 3522 2044 3642 ὦ.ιοῦ
2075 3570 2139 3641 (ι)
2188 3585 2202 3624 :
2257 3567 2334 3622 De
2364 3567 2555 3634 nuptiis
2588 3568 2767 3621 amita!
2792 3576 2839 3621 et
2870 3567 3056 3631 fratris
3102 3522 3229 3633 ﬁlia!
3274 3564 3491 3634 legitimi

270 3686 388 3727 cum
419 3649 529 3739 [ilio
559 3649 744 3737 fratris
781 3674 830 3718 et
860 3676 1050 3731 patruo
1087 3661 1353 3728 ineundis,
1405 3675 1505 3732 pag
1542 3659 1664 3715 1'58.
1694 3659 1879 3729 (FABR.
1914 3657 2115 3728 (Conf.
2170 3657 2289 3712 cod.
2338 3653 2567 3709 Nanian.
2596 3653 2722 3720 229,
2763 3670 2815 3707 n.
2848 3653 2898 3716 1,
2926 3662 2981 3707 et
3024 3650 3143 3707 Cat.
3191 3650 3348 3706 codd.
3393 3649 3489 3705 Gr.

274 3759 409 3815 Nan.
443 3772 495 3825 p.
533 3754 660 3809 425.
693 3751 917 3820 (ιιλιιι.)

260 3902 263 3909 ,
299 3882 305 3890 -
339 3846 394 3899 5.
429 3842 564 3914 Περὶ
604 3841 713 3894 τῶν
756 3836 1139 3911 ψηφισθέντων
1172 3836 1249 3900 εἰς
1290 3835 1387 3899 τὰς
1425 3830 1769 3894 ’Δνατολικάς
1834 3831 1856 3884 ‘.

1897 3826 2158 3898 κκλησιας
2207 3826 2285 3900 (u)
2338 3842 2353 3882 :
2407 3826 2485 3881 De
2536 3826 2709 3880 electis
2739 3828 2805 3879 ad
2860 3825 3158 3883 Orientales
3207 3820 3491 3890 Ecelesias,

258 3946 397 4094 ,μῗῖ
587 4015 948 4087 δικαστηρίου
978 4014 1087 4067 τῶν
1120 4010 1399 4083 κληρικῶν
1450 4008 1521 4080 (v)
1558 4004 1586 4063 ε’
1605 4008 1679 4062 De
1706 4006 1821 4075 foro

1171 4010 1399 4083 mptxt'iw
1450 4008 1521 4080 (υ)
1558 4004 1586 4063 ε’
1605 4008 1679 4062 De
1706 4006 1821 4075 foro
1858 4004 2190 4094 clericorum,
2225 4016 2278 4070 p.
2319 4002 2441 4057 159.
2765 4048 2767 4051 ,

344 4105 399 4161 5.
439 4083 576 4176 Περὶ
598 4103 692 4158 τοῦ
726 4083 1133 4173 πατριαρχικοῦ
1169 4098 1381 4153 δικαίου
1413 4098 1508 4151 ἐπὶ
1537 4096 1605 4149 τὰ
1638 4093 1939 4166 μοναστήρι

1897 4108 1979 4162 pia
2010 4088 2087 4161 (α)
2120 4105 2140 4144 :
2171 4090 2245 4144 De
2265 4090 2390 4159 jure
2437 4090 2784 4158 patriarcliico
2823 4090 2878 4145 in
2912 4086 3252 4151 monasteria,
3279 4101 3332 4156 p.
3371 4083 3493 4140 140.

272 4193 470 4267 (Paris.
503 4194 556 4249 in
588 4194 709 4250 cod.
741 4192 899 4256 1552,
934 4206 986 4244 n.
1021 4185 1136 4261 45.]

341 4281 396 4336 6.
428 4282 566 4350 Περὶ
589 4278 931 4334 διδασκάλων
964 4276 1039 4348 (y)
1071 4291 1088 4328 :
1125 4275 1198 4330 De
1223 4273 1545 4338 doctoribus,
1578 4288 1632 4342 p.
1666 4270 1790 4326 145.

256 4416 263 4437 3
341 4369 401 4426 7,
431 4347 568 4437 Περὶ
595 4347 983 4435 δικαιωμάτων
1038 4364 1145 4416 τῶν
1192 4360 1508 4431 ἁπανταχοῦ
1566 4358 1852 4429 ἐκκλησιῶε

1913 4354 2006 4405 ἐπὶ
2048 4357 2114 4425 τῇ
2152 4355 2355 4423 κατοχῇ
2381 4353 2488 4406 τῶν
2518 4352 2793 4420 ἀκινήτων
2838 4348 2916 4419 (s)
2956 4368 2967 4404 :
3010 4347 3091 4402 De
3129 4349 3495 4403 instrumentis

271 4447 526 4512 omnium,
558 4460 675 4515 qua
709 4445 914 4514 ubique,
940 4442 1277 4497 ecclesiarum
1318 4441 1379 4494 ob
1410 4441 1783 4509 possessionem
1818 4441 2184 4503 immabilium,
2217 4455 2269 4509 p.
2306 4439 2428 4494 149.

344 4535 398 4590 8.
436 4532 569 4604 Περὶ
604 4530 827 4601 ἡμερῶν
859 4530 1160 4600 ἀπράκτων
1198 4526 1272 4598 (a)
1307 4545 1323 4583 :
1359 4526 1436 4582 De
1462 4525 1630 4595 feriis,
1683 4540 1806 4596 pag.
1838 4524 1940 4579 160

1901 4524 1962 4578 ιο.
2012 4524 2226 4593 (Fam)
2279 4522 2678 4579 Eruditissimis
2723 4522 2944 4577 sclioliis
2992 4535 3022 4574 a
3073 4519 3393 4576 Balsamoue
3444 4520 3497 4576 in

272 4619 579 4678 Summario
613 4620 677 4673 ad
716 4614 966 4672 Novellas
997 4614 1249 4670 illustrari
1281 4629 1313 4669 a
1339 4612 1479 4667 Man.
1509 4612 1786 4668 Comueuo
1816 4612 2251 4666 constitutionem
2290 4611 2356 4665 de
2392 4608 2565 4675 feriis,
2593 4624 2697 4663 non
2730 4609 2987 4683 diliitetur
3013 4606 3131 4662 Nic.
3164 4606 3490 4671 Comnenus,

258 4698 329 4780 7p.
360 4704 486 4771 588,
520 4704 823 4760 Balsamoui
859 4702 997 4757 alias
1030 4702 1285 4770 iniquior.

342 4792 434 4848 ιγ.
473 4791 738 4861 Responsa
767 4792 834 4844 ad
864 4788 1173 4861 quwitiones
1204 4786 1389 4842 LXIV
1412 4785 1716 4848 eanonicas,
1759 4784 1873 4841 sive
1905 4783 1979 4837 De
2029 4784 2151 4854 jure
2201 4784 2587 4850 ecclesiastico,
2622 4782 2926 4854 propositas
2974 4798 3003 4837 a
3053 4782 3233 4837 Marco
3266 4780 3497 4834 Alexan-

273 4883 430 4937 drino
459 4879 793 4951 patriarcha.
819 4876 1145 4933 Prodierunt
1173 4875 1224 4929 in
1254 4875 1376 4942 jure
1404 4869 1661 4926 Orientali
1715 4884 1836 4923 cum
1867 4872 2118 4927 versione
2162 4872 2449 4926 Enimundi
2483 4870 2739 4926 Bonelldii
2779 4871 2925 4926 edito
2962 4887 3053 4924 an.
3083 4871 3243 4935 1575,
3269 4868 3324 4931 8,
3357 4864 3495 4934 apud

273 4950 564 5021 llenricum
598 4965 949 5033 Stephanum,
986 4964 1126 5018 libro
1159 4960 1335 5021 tertio,
1365 4956 1550 5013 Graece
1581 4971 1633 5025 p.
1658 4954 1924 5018 257-500,
1956 4963 2007 5010 et
2034 4954 2223 5012 Latine
2254 4973 2375 5029 pag.
2405 4958 2668 5014 265-509.
2702 4955 2769 5010 Et
2802 4959 2854 5011 in
2886 4955 3013 5011 Jnre
3037 4950 3497 5012 Graeco-Romano

274 5054 581 5123 Μαι-ειυαωί
613 5052 855 5115 Freberi,
884 5051 1020 5104 libro
1052 5049 1261 5117 quinto,
1298 5060 1417 5114 pag.
1448 5043 1688 5099 562-591
1719 5042 1992 5113 (Francol‘.
2055 5040 2213 5108 1596,
2246 5043 2383 5115 10L).
2416 5045 2505 5100 ubi
2536 5061 2588 5114 p.
2608 5042 2757 5113 (588,
2783 5042 2969 5097 lacuna
2992 5041 3280 5111 Supplenda
3306 5038 3497 5108 κυρίου

258 5140 570 5205 Νικολάου,
598 5149 657 5192 ut
685 5153 751 5193 es
777 5136 1112 5189 Balsamonis
1137 5146 1405 5187 canonum
1437 5130 1767 5186 ColleCtione
1791 5130 2098 5187 observavit
2118 5130 2441 5198 Cotclerius,
2466 5143 2599 5188 tom.
2630 5132 2670 5195 Ι,
2705 5132 2767 5186 ad
2790 5131 2978 5185 Patres
3010 5128 3352 5198 apostolicos,
3375 5141 3498 5194 pag.

275 5227 399 5283 526.
429 5226 505 5281 Ex
531 5228 795 5295 procemio
824 5222 1071 5293 colligas,
1102 5237 1156 5277 a.
1188 5220 1249 5275 C.
1281 5218 1422 5276 1205
1445 5218 1648 5288 scripta
1680 5216 1850 5273 fuisse
1874 5215 2190 5290 Responsa;
2221 5219 2315 5274 sed
2342 5233 2627 5274 numerum
2649 5226 2957 5287 corruptum
2988 5231 3124 5285 esse,
3154 5232 3258 5271 non
3286 5213 3496 5269 dubitat

350 5454 421 5528 (sl
446 5452 580 5528 Cum
622 5447 871 5528 versione
904 5443 1409 5528 Latipahl'lnim‘nndi
1438 5440 1720 5528 Bonam-lii
1739 5455 1833 5528 ex:
2227 5440 2319 5528 Er.
2348 5454 2398 5528 ρ.
2431 5439 2657 5528 λιτοὶ.
2694 5456 2745 5512 p.
2779 5440 2868 5528 δέ.

276 5507 465 5615 6ξυί
498 5518 767 5615 οῇυιιειεαητξ
791 5515 1057 5615 orientali.
1088 5514 1239 5615 libéht‘
1266 5516 1383 5615 (ἐι-η
1413 5530 1463 5583 p.
1489 5512 1593 5615 6g;
1631 5510 1747 5566 Lat.
1781 5525 1835 5580 p.
2232 5510 2326 5615 Gr.
2560 5507 2764 5615 'p.

216 5656 219 5661 ι
280 5594 372 5656 46,
412 5579 583 5646 Ρατιὶ.
625 5589 783 5653 1575,
818 5601 909 5654 ap.
946 5587 1110 5641 Henr.
1144 5579 1503 5656 Stephanum,
1535 5580 1589 5637 8.
1785 5579 1788 5580 ⁷
1930 5598 1933 5603 '
2016 5579 2095 5719 ty;
2126 5580 2203 5635 Id.
2234 5581 2329 5635 Gr.
2357 5592 2411 5648 p.
2439 5580 2534 5646 61;
2565 5579 2680 5634 Lat.
2708 5595 2757 5649 p.
2787 5579 2878 5634 Μ.

347 5664 419 5739 (ι),
442 5663 500 5739 Ῑέ
528 5660 622 5739 οἷς
654 5674 709 5729 Ρθ
738 5659 844 5739 1193
878 5654 998 5711 La“
1033 5671 1098 5739 ΒΑ
1115 5653 1205 5739 29.“
1252 5731 1266 5739 .
1324 5737 1345 5739 _
1422 5723 1478 5739 ...
2018 5654 2094 5739 i3.
2232 5648 2327 5739 ,ρξ’
2352 5662 2408 5739 Ρ·
2438 5648 2938 5739 ῖ.ιίῗ¹’,Ρ’ρῖ.9’
3312 5674 3329 5739 ξ

345 5718 425 5804 (εἰ)
456 5731 551 5788 Gr.
585 5718 914 5793 uo'neuanis,
943 5741 997 5798 p.
1031 5718 1132 5798 ea;
1172 5722 1293 5779 Lat.
1322 5737 1376 5795 p.
1412 5723 1500 5778 45.
2019 5718 2096 5789 (α)
2125 5719 2202 5775 ld.
2231 5719 2324 5777 Gr.
2352 5733 2404 5789 ι).
2437 5719 2538 5788 so;
2576 5719 2694 5775 Lat.
2729 5718 2781 5789 ις,
2818 5718 2906 5775 δε,
3252 5738 3343 5753 .....
3367 5729 3474 5804 an.

3948 2418 4042 2444 ³⁸ιῆ
