4042 6214
406 407 479 475 17
1105 356 1108 359 ν
1837 398 2002 459 NOTJ

2039 399 2174 460 I‘IA.
3571 390 3635 456 18

393 518 648 582 Allatius,
690 529 747 586 p.
782 513 907 578 705.
943 512 1011 570 de
1041 526 1330 579 consensu,
1364 521 1418 570 et
1445 526 1627 569 verum
1655 527 1747 568 an.
1783 513 1941 578 1195,
1972 513 2391 569 restituendum.
2429 512 2643 583 (Ριιιιι.)
2670 541 2739 553 -
2768 511 2943 568 Paris.
2986 512 3039 567 in
3069 520 3272 581 septem
3305 511 3466 568 codd.
3497 509 3633 566 bibl.

396 604 620 674 publ.—-
654 601 945 670 Sexaginta
972 613 1069 655 sex
1120 600 1469 668 quaestiones,
1496 610 1602 655 etc.
1639 600 1866 655 Vindob.
1901 599 1956 653 in
1980 601 2102 655 cod.
2134 601 2224 663 15,
2266 600 2355 654 11.
2402 597 2464 654 ν.
2502 598 2753 654 Lambec.
2786 599 2849 654 Vl
2874 638 2889 661 ,
2937 607 3081 669 part.
3126 613 3185 664 ι,
3234 613 3356 668 pag.
3396 596 3520 653 100.
3564 625 3639 641 -

397 691 607 746 Monac.
644 688 696 743 in
726 688 847 742 cod.
875 685 1070 742 Bavar.
1101 685 1192 741 85.
1240 685 1303 740 γ.
1335 686 1525 741 Hardt.
1565 688 1619 741 in
1648 685 1853 743 Aretini
1882 684 2219 757 Beytregen,
2250 695 2379 751 etc.,
2412 685 2571 751 1804,
2601 694 2739 754 part.
2767 700 2820 749 ν,
2848 700 2969 754 pag.
3001 685 3068 738 17
3101 694 3156 741 et
3180 685 3341 740 18.-
3365 684 3554 739 Venet.
3583 683 3637 737 in

394 777 520 832 cod.
552 774 788 828 Nanian.
817 772 925 827 228
954 772 1043 836 l5,
1074 771 1139 828 ν.
1169 772 1287 828 Cat.
1325 774 1483 829 codd.
1505 771 1604 831 Gr.
1633 772 1772 827 Nan.
1800 787 1923 843 pag.
1954 770 2080 827 420.
2106 802 2179 813 —
2219 772 2461 828 Florent.
2490 773 2543 826 in
2571 772 2692 828 cod.
2718 770 2977 827 Laurent.
3011 772 3067 838 2,
3100 788 3155 826 ιι.
3187 770 3283 834 96,
3312 771 3452 841 plut.
3490 770 3545 834 5,
3580 777 3639 824 et

395 862 524 917 cod.
553 860 639 923 40,
675 876 733 914 ιι.
766 859 830 913 61
875 857 934 911 ν.
970 856 1199 912 Bandin.
1231 866 1340 913 cat.
1372 858 1465 913 cit.
1496 858 1534 922 Ι,
1564 873 1689 928 pag.
1718 858 1785 911 10
1812 867 1867 913 et
1899 856 1991 913 78.
2027 861 2120 915 ubi
2151 860 2395 915 adnotat.
2425 860 2477 914 in
2505 860 2774 925 versione,
2807 874 2925 929 quae
2953 876 2980 914 a
3018 859 3343 914 Leunclavio
3373 857 3465 913 lib.
3497 872 3554 920 ν,
3582 870 3639 926 p.

404 950 538 1015 562,
580 945 828 1011 aﬂ‘ertur,
864 944 1388 1014 multareprebendi
1421 960 1451 998 a
1479 944 1595 1000 .lac.
1630 943 1909 1014 Gretsero,
1942 942 2080 1016 Opp.
2111 957 2241 1023 tom.
2273 946 2440 1014 XVII,
2473 962 2525 1016 p.
2555 946 2645 1013 16,
2679 948 2767 1001 ed.
2791 946 3249 1002 Ratisbon.—-LX
3277 945 3636 1013 Quaestiones.

395 1045 529 1099 etc.,
577 1033 886 1103 Mosquensi
940 1032 1030 1095 52,
1082 1047 1136 1087 ιι.
1183 1032 1272 1087 45.
1307 1031 1368 1088 γ.
1422 1033 1655 1087 Matthxi
1709 1030 1876 1087 Notit:
1933 1049 1986 1104 p.
2047 1036 2135 1102 51,
2170 1034 2264 1091 lol.
2318 1035 2477 1106 paulo
2539 1035 2692 1090 aliter
2742 1036 2795 1091 in
2854 1035 2942 1092 ed.
2968 1035 3021 1090 in
3052 1034 3106 1104 8,
3130 1034 3305 1105 p.,47,
3332 1032 3461 1089 ibid.
3486 1031 3642 1087 11.55

399 1126 757 1189 Balsamonis,
788 1124 1006 1194 εἰσῆλθε
1034 1124 1096 1177 τὸ
1124 1122 1341 1195 ἀξίωμά
1376 1140 1493 1179 σου·
1524 1134 1579 1179 et
1601 1125 1840 1194 ejusdem
1867 1126 1990 1185 alia.

641 1126 757 1189 mis,
788 1124 1006 1194 εἰσῆλθε
1034 1124 1096 1177 τὸ
1124 1122 1341 1195 ἀξίωμά
1376 1140 1493 1179 σου·
1524 1134 1579 1179 et
1601 1125 1840 1194 ejusdem
1867 1126 1990 1185 alia.
2018 1128 2237 1200 (Ηιιιι.)

474 1213 539 1267 ν.
572 1213 816 1267 Μελὲται
862 1212 983 1282 ἦτοι
1039 1211 1383 1282 ἀποκρίσεις·
1431 1210 1803 1267 Meditationes
1850 1214 1954 1269 sive
2007 1215 2070 1270 Rc

2044 1218 2295 1286 lesponsa.
2350 1216 2403 1270 1ο
2452 1216 2627 1286 Χάριν
2674 1216 2785 1269 τῶν
2831 1214 3248 1285 πατριαρχικῶν
3299 1211 3640 1283 προνομῶν

402 1301 481 1355 De
507 1299 933 1368 patriarcharum
964 1298 1270 1368 privilegiis,
1299 1309 1431 1355 tom.
1454 1299 1549 1355 VII
1575 1299 1725 1355 luris
1754 1300 2119 1355 GracooRom.
2148 1316 2201 1371 p.
2231 1301 2358 1355 442.
2386 1298 2597 1372 (ΡΑιιιι.)
2623 1298 2679 1353 In
2704 1299 2825 1355 cod.
2859 1298 3165 1367 Mosquensi
3209 1296 3298 1361 52,
3332 1313 3388 1352 ιι.
3424 1295 3493 1351 59
3518 1308 3642 1364 sqq.

404 1401 523 1443 sec.
562 1384 802 1439 Matthxi
829 1383 996 1448 Notit.
1037 1399 1092 1454 p.
1128 1386 1198 1440 55
1226 1386 1311 1442 ed.
1350 1388 1404 1442 in
1438 1386 1529 1442 fol.
1556 1395 1682 1443 sunt
1719 1388 1979 1454 Μελέται,

2045 1396 2133 1451 tc.,
2170 1387 2224 1452 1,
2265 1388 2320 1451 4,
2351 1386 2384 1441 5
2407 1393 2460 1440 et
2485 1386 2540 1442 6.
2567 1385 2890 1440 —Vindob.
2928 1385 2979 1457 in
3011 1383 3132 1437 cod.
3160 1383 3364 1437 Caesar.
3392 1381 3481 1446 15,
3504 1395 3561 1434 ιι.
3585 1380 3641 1445 ι,

414 1481 541 1528 sunt
565 1472 802 1525 Balsam.
830 1471 1089 1526 meditata
1120 1471 1233 1527 sive
1263 1487 1520 1543 responsa
1548 1475 1919 1543 ecclesiastica
1945 1483 2090 1541 octo,
2117 1488 2147 1530 e
2171 1474 2367 1545 quibus
2393 1474 2635 1545 quinque
2655 1480 2872 1528 exstant
2898 1472 2951 1525 in
2970 1471 3189 1527 Freberi
3208 1470 3341 1526 lure
3363 1467 3646 1524 σιτ-ηοω

407 1576 531 1632 pag.
568 1560 838 1625 412-478;
871 1561 1077 1631 reliqua
1114 1562 1216 1617 tria
1253 1562 1324 1617 ibi
1359 1563 1575 1627 desunt,
1616 1565 1845 1620 docente
1876 1563 2131 1619 Lambec.
2169 1562 2273 1617 vol.
2306 1560 2398 1625 VI,
2429 1568 2569 1631 part.
2600 1576 2641 1625 ι,
2672 1573 2796 1630 pag.
2830 1558 2951 1623 115,
2994 1558 3083 1613 ubi
3116 1571 3332 1627 quoque
3361 1571 3414 1609 ν.
3438 1554 3647 1609 Kollar.

420 1656 535 1701 not.
562 1647 703 1702 Inter
732 1662 795 1701 ea
824 1661 943 1717 quae
981 1664 1088 1702 non
1115 1648 1255 1703 edita
1284 1657 1431 1715 sunt,
1465 1659 1550 1705 est
1577 1650 1818 1719 Epistola
1844 1651 1909 1706 de
1951 1650 2084 1705 libro
2136 1649 2503 1703 mathematica
2534 1663 2636 1701 non
2685 1645 2925 1716 legendo,
2954 1648 3096 1715 {quae
3147 1654 3325 1699 tamen
3372 1640 3645 1711 reperitur,

419 1750 637 1805 quoque
660 1736 716 1789 in
741 1736 861 1791 cod.
890 1734 1067 1792 Paris.
1101 1735 1264 1805 1552,
1291 1753 1346 1792 n.
1380 1738 1449 1793 48
1495 1737 1629 1793 bibl.
1656 1737 1804 1808 publ.
1837 1737 1914 1808 (in
1946 1750 2054 1806 quo
2086 1735 2249 1792 etiam
2278 1744 2493 1790 exstant
2540 1742 2744 1802 septem
2792 1731 3074 1802 Responsa
3126 1730 3353 1786 secund.
3397 1727 3651 1793 ordinem

422 1820 640 1877 Fabric.
689 1831 741 1877 et
789 1821 976 1877 Venet.
1012 1821 1066 1877 in
1112 1824 1235 1878 cod.
1276 1820 1549 1879 Marciano
1581 1823 1705 1887 168,
1751 1823 1803 1878 in
1847 1837 1956 1893 quo
1985 1838 2016 1879 c

2056 1823 2108 1877 d.
2146 1830 2273 1877 sunt
2316 1829 2575 1890 praeterea
2619 1818 2879 1885 Μελέται,
2914 1835 2970 1874 ιι.
3000 1818 3056 1885 2,
3091 1818 3147 1887 4,
3186 1817 3221 1872 5
3253 1824 3310 1873 et
3338 1815 3393 1881 7,
3419 1829 3451 1869 a
3484 1812 3648 1869 Fabr.

413 1909 660 1976 signatae.
693 1906 809 1961 Vid.
845 1916 951 1962 cat.
979 1908 1136 1963 codd.
1165 1908 1262 1964 Gr.
1297 1908 1465 1964 Marc.
1499 1924 1553 1977 p.
1585 1910 1674 1974 96,
1704 1902 1762 1964 et
1797 1909 1943 1964 conf.
1977 1908 2142 1973 infra,
2177 1908 2284 1975 vol.
2315 1906 2433 1974 XII,
2461 1922 2518 1976 p.
2550 1905 2678 1961 491.
2714 1905 2939 1976 (“aut”)

481 1998 558 2052 2'.
608 1997 786 2069 Χάριν
814 1997 925 2051 τῶν
948 1998 1043 2052 δύο
1074 1998 1366 2068 ὀφφικίων,
1404 1999 1500 2055 τοῦ
1527 2017 1586 2054 τε
1615 1999 2031 2071 χαρτοφύλακος
2059 2018 2077 2054 ι

2059 2000 2156 2054 καὶ
2189 1998 2283 2055 τοῦ
2316 1998 2725 2071 πρωτεκδζκοψ
2757 1998 2834 2055 De
2860 1998 3064 2054 duobus
3090 1998 3295 2070 ofﬁciis,
3328 1996 3649 2053 chartularii

412 2101 475 2138 ac
503 2086 659 2151 primi
696 2084 1011 2153 defensoris,
1042 2100 1098 2155 p.
1121 2085 1250 2141 455.
1722 2076 1857 2084 ”“”’
3648 2124 3652 2135 .

484 2172 559 2226 5'.
608 2171 786 2241 Χάριν
810 2169 907 2224 τοῦ
932 2171 1264 2243 λαληθέντος
1297 2173 1599 2238 συνοδικῶς
1638 2173 1976 2245 ζητήματος,
2007 2172 2139 2244 περὶ
2163 2173 2279 2237 τοῦ,
2315 2174 2363 2227 sl
2386 2172 2492 2244 χρὴ
2522 2173 2616 2227 τὸν
2643 2158 2808 2227 αὑτὸν
2842 2172 2932 2227 καὶ
2962 2171 3060 2226 ἕνα
3088 2171 3214 2224 δυσὶ
3237 2169 3653 2239 δισεξαδέλφαις

418 2258 791 2312 συνάπτεσθαι
815 2273 831 2290 ο
862 2257 939 2313 De
962 2259 1250 2330 disceptata
1277 2263 1333 2314 in
1361 2262 1561 2331 synodo
1584 2263 1891 2332 quaestione,
1928 2276 2053 2315 nam
2077 2277 2211 2314 unus
2236 2269 2286 2315 et
2317 2261 2456 2314 idem
2506 2259 2712 2314 duabus
2739 2258 2966 2317 sobrinis
2994 2258 3152 2330 jungi
3182 2259 3394 2321 debeat,
3444 2273 3498 2326 p.
3524 2255 3651 2310 465.

416 2343 626 2413 (πλη.)
664 2344 725 2399 1η
762 2344 889 2399 cod.
913 2344 1140 2401 Barocc.
1169 2346 1553 2403 l49.—Paris.
1588 2348 1641 2402 in
1675 2350 1834 2404 codd.
1863 2347 2012 2415 1527,

2059 2365 2114 2402 ιι.
2148 2347 2237 2410 15,
2265 2357 2319 2402 et
2346 2346 2478 2401 l55l
2511 2388 2527 2413 ,
2565 2362 2624 2403 ιι.
2650 2346 2759 2412 49;
2796 2345 3108 2401 Vindobon.
3142 2345 3197 2398 in
3231 2342 3354 2398 cod.
3392 2342 3479 2406 15,
3505 2358 3565 2398 ιι.
3594 2343 3650 2406 9,

415 2447 485 2487 ex
515 2447 622 2501 quo
649 2430 1017 2501 Responsum,
1055 2432 1108 2486 in
1145 2432 1370 2489 Freberi
1394 2433 1527 2489 lure
1554 2432 1650 2489 Gr.
1686 2433 1838 2489 Rom.
1870 2442 2004 2490 tom.
2037 2433 2081 2499 I,
2103 2449 2159 2504 p.
2183 2434 2289 2491 465
2323 2434 2548 2498 editum,
2597 2447 2759 2503 posse
2799 2431 3076 2488 emendari
3105 2446 3171 2486 ac
3200 2430 3466 2501 suppleri,
3492 2430 3655 2485 Lamo

414 2524 536 2577 bec.
575 2521 659 2587 VI,
688 2529 831 2589 part.
863 2536 903 2584 l,
931 2534 985 2588 p.
1022 2520 1147 2587 105,
1185 2529 1441 2589 testatur,
1493 2530 1547 2579 et
1607 2522 1665 2578 in
1715 2523 1842 2579 cod.
1894 2521 2024 2590 270,
2053 2538 2114 2578 ιι.
2148 2520 2204 2590 8,
2241 2521 2510 2591 Excerpta
2544 2536 2575 2575 a
2633 2519 2892 2575 Simeone
2923 2518 3251 2577 Thessalon.
3302 2519 3467 2585 facta,
3516 2527 3655 2574 teste

411 2607 669 2664 Lambec.
703 2604 769 2671 ν,
806 2621 858 2675 p.
893 2606 1021 2661 455.
1061 2607 1290 2678 (Ηλιιι.)

477 2697 557 2751 4°.
622 2693 917 2764 Ἐπιστολὴ
947 2695 1113 2764 χάριν
1142 2695 1252 2748 τῶν
1277 2694 1572 2766 διδομένων
1604 2694 1967 2767 θυμιαμάτων
1998 2693 2151 2766 παρὰ
2183 2692 2278 2748 τοῦ
2318 2695 2665 2767 πατριάρχου
2725 2692 2869 2749 κατὰ
2909 2693 3006 2766 τὴν
3042 2693 3260 2765 ἡμέραν
3288 2693 3386 2764 τῆς
3412 2691 3658 2764 κατηχή-

420 2801 561 2847 σεως
581 2799 598 2815 ·
635 2782 874 2850 Epistola
900 2782 964 2836 de
990 2784 1236 2851 incensis,
1265 2800 1382 2854 qua
1412 2801 1443 2838 a
1469 2786 1777 2851 patriarcha
1808 2786 1928 2839 dari
1956 2784 2118 2839 solent
2151 2798 2211 2836 eo
2232 2783 2316 2838 die
2343 2800 2443 2853 quo
2473 2783 2754 2838 catechesis
2796 2783 3037 2847 habetur,
3071 2797 3125 2851 p.
3156 2779 3282 2836 470.
3654 2850 3657 2851 ν

482 2869 563 2923 5°.
625 2866 844 2935 Μελέτη
875 2868 1038 2937 χάριν
1062 2868 1162 2936 τῆς
1192 2868 1274 2930 εἰς
1304 2867 1433 2931 τοὺς
1462 2868 1643 2931 θείους
1668 2869 1832 2933 ναοὺς
1864 2868 1976 2922 τῶν
2007 2870 2388 2940 μοναστηρίων
2413 2869 2710 2941 γινομένης
2734 2869 3126 2941 μετακλήσεως
3153 2868 3244 2925 διὰ
3266 2856 3659 2939 σημαντηρίων

413 2954 621 3027 τριῶνο
658 2952 971 3007 Ηεᾱίιαιιιηι
1004 2953 1070 3007 de
1102 2957 1485 3018 conrocatione,
1509 2972 1627 3027 qua:
1648 2956 1711 3023 ﬁt
1747 2957 1816 3010 ad
1849 2971 2009 3010 sacra.

2066 2959 2499 3010 monasteriorum
2537 2957 2673 3012 aedes
2714 2972 2807 3025 per
2846 2957 2951 3011 tria
2993 2957 3165 3027 signa,
3197 2972 3252 3028 ρ.
3280 2955 3404 3012 476.
3440 2953 3662 3027 (Fam)

415 3044 472 3098 In
497 3042 630 3097 cod.
661 3039 909 3095 Naniano
931 3041 1060 3104 228,
1092 3058 1147 3097 ιι.
1174 3041 1227 3096 5.
1254 3042 1322 3097 ν.
1353 3041 1473 3098 Cat.
1505 3044 1658 3097 codd.
1694 3043 1788 3098 Gr.
1818 3042 2011 3097 Naniat

2085 3058 2139 3113 p.
2168 3043 2293 3100 119.
2325 3042 2549 3115 (ΗΑιιι.)
2888 3066 2891 3067 ν
3654 3106 3663 3114 η

483 3130 572 3185 6°.
632 3128 923 3199 Ἐπιστολὴ
954 3128 1116 3199 χάριν
1153 3129 1264 3183 τῶν
1311 3130 1644 3200 ὀφειλουσῶν
1689 3130 1964 3185 τελεῖσθαι
2001 3132 2269 3202 νηστειῶν
2317 3131 2551 3186 ἑκάστου
2593 3131 2784 3196 ἔτους,
2832 3131 3148 3203 πεμφθεῖσα
3178 3130 3314 3201 πρὸς
3356 3132 3484 3194 τοὺς
3534 3129 3658 3184 ’Δν-

412 3217 659 3288 τιοχεϊς·
697 3215 938 3286 Epistola
972 3218 1036 3272 de
1063 3218 1310 3288 jejuniis,
1343 3235 1460 3289 qua:
1510 3219 1693 3290 peragi
1732 3219 1914 3274 debent
1956 3236 2046 3288 per
2085 3219 2320 3290 singutos
2368 3235 2560 3285 annos,
2609 3221 2771 3274 missa
2810 3220 2879 3273 ad
2911 3219 3307 3281 Antiochenses,
3336 3225 3390 3272 et
3422 3218 3654 3286 primum

412 3304 609 3358 Graece
637 3317 701 3356 ac
734 3301 928 3358 Latine
953 3306 1094 3358 edita
1124 3321 1151 3357 a
1178 3305 1355 3361 lonn.‘
1374 3305 1617 3375 Baptista
1646 3305 1925 3373 Colelerio,
1963 3315 2008 3359 to

2058 3321 2094 3360 l.
2126 3305 2172 3361 11
2205 3305 2531 3361 Monument.
2585 3305 2837 3362 Ecclesiae
2881 3309 3048 3361 σιεγε.
3089 3323 3140 3377 p.
3184 3305 3448 3371 492-5”,
3477 3304 3654 3363 Paris.

312 3418 315 3419 ν
415 3391 584 3454 1681,
612 3391 666 3446 4.
694 3389 911 3459 (FABR.)
942 3388 1033 3463 [V.
1071 3390 1302 3446 Bandini
1332 3392 1451 3448 Cat.
1481 3393 1637 3448 codd.
1680 3394 1777 3448 Gr.
1810 3392 1908 3447 Lau

2066 3392 2137 3459 1,
2183 3409 2235 3464 p.
2263 3394 2350 3457 11,
2382 3408 2435 3447 ιι.
2460 3392 2566 3459 99;
2606 3404 2746 3463 etp.
2782 3394 2871 3457 78,
2909 3409 2967 3449 ιι.
3004 3393 3102 3460 60;
3134 3402 3188 3449 et
3214 3392 3406 3453 Lamb.
3440 3391 3549 3447 vol.
3589 3392 3662 3458 ν,

415 3494 467 3548 p.
495 3476 610 3533 558
640 3492 725 3547 sq.
748 3495 804 3531 ιι.
842 3478 929 3541 12,
963 3478 1145 3547 ibique
1176 3477 1378 3537 Kollar.
1411 3478 1467 3533 In
1494 3481 1611 3536 cod.
1648 3480 1817 3535 Paris.
1860 3480 2011 3542 1528,

2072 3481 2227 3535 ι.41.
2264 3478 2524 3553 (ΗΑιιι.)]
2574 3479 2791 3534 Tomum
2844 3481 3152 3550 synodicum
3204 3479 3434 3549 appellat
3464 3478 3668 3551 Balsa—I

417 3578 544 3619 nson
575 3563 645 3617 ad
679 3564 1011 3632 interrogata
1047 3562 1212 3617 Marci
1243 3565 1401 3620 Alex.
1438 3574 1631 3634 quaest.
1667 3565 1757 3629 55,
1786 3576 1840 3621 et
1881 3568 2072 3636 paucis
2105 3569 2325 3621 mutatis
2347 3568 2511 3621 etiam
2554 3571 2620 3620 ad
2657 3566 3022 3621 Theodosium
3074 3567 3437 3636 Sarpeiotem,
3466 3580 3667 3633 mona-,

414 3653 581 3706 chum
618 3650 670 3705 in
701 3651 837 3707 valle
873 3651 932 3706 S.
960 3651 1215 3707 Auxentii
1252 3653 1474 3707 missum
1508 3669 1535 3707 a
1570 3668 1629 3708 se
1665 3661 1901 3709 testatur
1958 3654 2010 3706 in
2042 3652 2306 3721 Responso
2346 3653 2533 3724 synodi
2594 3650 2757 3707 CPol.
2812 3653 2906 3706 sub
2954 3651 3181 3706 Nicolao
3221 3651 3528 3721 patriarcha
3578 3652 3669 3725 ad.

416 3741 760 3809 qua-stionem
818 3738 1025 3791 tertiam
1058 3739 1430 3792 monachorum
1474 3741 1841 3809 quorumdam,
1878 3739 2030 3807 cuius
2073 3753 2304 3810 partem,
2339 3742 2527 3797 Latine
2575 3751 2778 3797 tantum
2811 3743 2878 3796 ab
2923 3740 3154 3798 llerveto
3203 3742 3429 3809 editam,
3458 3738 3649 3795 Grasce

420 3808 561 3883 mss.
596 3827 738 3894 regis
771 3825 1150 3880 Christianiss.
1172 3826 1320 3880 dedit
1342 3808 1816 3883 idemCotelerius
1839 3828 1890 3881 in
1925 3808 2170 3883 Notisad
2200 3827 2633 3884 Constitutiones
2660 3830 2891 3900 apostol.
2921 3828 3014 3884 lib.
3043 3845 3096 3896 \',
3122 3845 3242 3899 cap.
3281 3808 3383 3886 20.

487 3914 574 3969 7‘.
642 3912 935 3984 Ἐπιστολὴ
964 3914 1127 3984 χάριν
1155 3913 1265 3967 τῶν
1306 3916 1626 3987 ῥασοφόρων
1652 3935 1664 3949 ·
1691 3917 1928 3986 Epistola
1951 3918 2014 3971 de
2041 3935 2083 3971 rt

2074 3918 2340 3987 asophoris
2362 3918 2459 3989 (b).
2489 3920 2603 3974 sive
2630 3918 2909 3973 monachis
2955 3918 3022 3973 ad
3065 3916 3434 3973 Theodosium
3468 3912 3670 3995 mena-1'

418 4000 589 4054 chum
610 3999 933 4071 καθηγητὴν
964 3999 1075 4053 τῶν
1099 3999 1242 4055 κατὰ
1270 4001 1548 4057 Παπξκιον
1590 4004 1969 4074 μοναστηρίων
2000 4020 2014 4074 ι

2070 4006 2345 4073 sepositum
2377 4004 2582 4075 Papicii
2629 4005 3110 4060 monasteriorum.
3160 4004 3314 4059 Edita
3356 4003 3425 4057 ab
3468 4003 3666 4079 eodem,

418 4088 715 4155 Cotelerio,
749 4098 881 4142 tom.
916 4088 987 4141 111
1016 4087 1345 4145 Monument.
1376 4104 1501 4159 pag.
1536 4092 1665 4157 475,
1696 4093 1820 4157 494,
1855 4092 2014 4147 Paris

2074 4092 2215 4155 1686,
2248 4092 2301 4146 4.
2335 4092 2549 4163 (Fam)
2596 4092 2900 4148 Vindobon.
2937 4092 2993 4146 in
3026 4091 3148 4146 cod.
3180 4090 3247 4144 15
3280 4089 3491 4144 Caesar.
3517 4105 3571 4142 ιι.
3598 4090 3670 4159 .4.

418 4176 483 4234 V.
514 4176 778 4231 Lambec.
811 4175 899 4241 VI,
930 4186 1075 4246 part.
1107 4195 1147 4239 ι.
1173 4193 1295 4248 pag.
1332 4180 1456 4244 115,
1487 4180 1574 4234 ubi
1606 4180 1809 4234 Kollar.
1843 4181 1896 4233 in
1925 4188 2037 4233 not.
2079 4190 2145 4230 ex
2178 4176 2435 4232 Cotelerii
2471 4178 2613 4245 loco,
2671 4192 2703 4232 a
2738 4177 2996 4233 Fabricio
3020 4176 3136 4246 jam
3168 4176 3360 4241 citato,
3391 4176 3673 4241 aduotatt.

420 4264 489 4319 de
508 4263 739 4331 Papicio
762 4272 817 4318 et
850 4264 1165 4333 rasophoris
1194 4275 1477 4336 excerptas
1502 4267 1754 4321 reddidit.
1787 4263 2013 4335 (Ηλιιι.)

486 4348 748 4404 Nicolaus
774 4348 1084 4405 Comnenus
1105 4348 1430 4421 Papadopoli
1470 4353 1520 4406 in
1548 4351 1973 4407 Prwnotionibus
2005 4352 2399 4423 mystagogicis,
2422 4367 2545 4423 pag.
2573 4352 2627 4418 5,
2658 4352 2789 4408 citat
2814 4350 3175 4423 Athenagora:
3205 4349 3571 4406 testimonium
3594 4348 3671 4406 e1"

416 4436 761 4490 Balsamonis
794 4436 1045 4502 Respons.
1075 4437 1144 4491 ad
1174 4441 1332 4505 episr.
1362 4438 1539 4509 Cypri.
1573 4454 1683 4510 quo
1711 4450 1911 4506 monet,
1941 4440 2297 4495 ordinationis
2328 4442 2602 4509 negotium
2634 4440 2971 4510 negotiorum
3001 4439 3266 4507 omnium,
3288 4438 3347 4493 iu
3406 4436 3651 4494 Ecclesia

419 4523 718 4579 maximum
747 4538 810 4578 ac
838 4523 1235 4578 divinissimum
1266 4526 1333 4579 ab
1366 4526 1497 4593 ipsis
1525 4527 1689 4581 luisse
1721 4527 1962 4582 habitum
1994 4527 2275 4596 apostolis.
2305 4527 2524 4597 (FABR.)

488 4612 555 4665 In
581 4610 704 4664 cod.
733 4611 912 4665 Paris.
946 4610 1078 4666 bibl.
1119 4611 1267 4679 publ.
1302 4613 1462 4680 1528,
1495 4630 1550 4669 n.
1576 4615 1637 4668 21
1676 4630 1796 4684 sqq.
1843 4614 2181 4670 Balsamonis
2214 4615 2420 4671 scholia
2469 4616 2535 4671 ad
2581 4615 2845 4687 quasdam
2876 4613 3126 4685 Gregorii
3174 4600 3673 4674 Neocaesariensis,‘

420 4697 731 4760 Athanasii,
763 4696 971 4764 Basilii,
1005 4698 1251 4767 Gregorii
1281 4698 1533 4769 Nysseni,
1563 4710 1694 4765 etc.,
1730 4702 2019 4769 Epistolas.
2048 4731 2119 4741 —
2148 4700 2284 4756 Tres
2327 4700 2972 4771 Balsamonis'Epistolx,
3013 4702 3066 4755 in
3105 4700 3227 4756 cod.
3259 4700 3503 4755 Naniano
3528 4699 3659 4765 281,

421 4801 479 4839 ιι.
505 4785 632 4839 121.
662 4782 784 4838 Vid.
807 4785 927 4840 Cat.
953 4784 1107 4839 codd.
1139 4784 1235 4840 Gr.
1275 4786 1408 4841 Nan.
1440 4802 1493 4858 p.
1516 4788 1639 4842 470.
1682 4787 1818 4841 Add.
1849 4802 2008 4855 supra

1226 4825 1235 4840 .
1275 4786 1408 4841 Nan.
1440 4802 1493 4858 p.
1516 4788 1639 4842 470.
1682 4787 1818 4841 Add.
1849 4802 2032 4855 supra,
2065 4788 2172 4844 vol.
2202 4788 2310 4852 Vll,
2344 4805 2397 4859 p.
2431 4789 2557 4854 655,
2587 4790 2689 4843 sub
2724 4791 2822 4843 lin.

492 4871 836 4927 Balsamonis
858 4870 1132 4927 Carmina.
1166 4874 1360 4929 Venet.
1396 4874 1449 4928 in
1484 4876 1606 4929 cod.
1643 4875 1757 4929 bib.
1805 4873 2092 4928 Marciana:
2140 4875 2264 4930 521.
2300 4876 2362 4930 V.
2399 4876 2519 4930 Cat.
2568 4876 2726 4930 codd.
2762 4874 2860 4930 Gr.
2901 4874 3068 4930 Marc.
3098 4889 3152 4943 p.
3186 4873 3315 4929 285.
3353 4904 3423 4916 --
3450 4864 3663 4934 Versus

425 4960 821 5030 quinquaginta
863 4960 1079 5016 iatnbici
1136 4963 1189 5014 in
1240 4960 1497 5032 Lapidem
1521 4962 1832 5032 quemdam,
1890 4969 1995 5017 etc.
2026 4961 2264 5019 Florent.
2300 4962 2351 5017 in
2384 4962 2505 5017 cod.
2538 4960 2797 5017 Laurent.
2863 4960 2929 5027 Υ,
2958 4977 3011 5016 ιι.
3038 4961 3129 5015 27.
3156 4959 3223 5015 V.
3270 4960 3501 5015 Bandin.
3537 4960 3659 5013 Cat.

427 5046 588 5101 codd.
615 5044 711 5099 Gr.
742 5044 908 5099 Laur.
932 5044 998 5108 Il,
1020 5061 1075 5115 ι).
1108 5046 1233 5101 665.

496 5131 815 5203 Martyrium
846 5131 1139 5199 Theodori,
1172 5132 1473 5199 orientalis,
1512 5143 1567 5189 et
1601 5134 1833 5200 Claudii,
1866 5133 2431 5202 auctoren'I‘beodoro,
2458 5134 2769 5207 patriarcha
2800 5137 3166 5206 Antiocheno,
3187 5138 3240 5192 in
3274 5137 3395 5192 cod.
3433 5136 3655 5193 Selden.

431 5217 522 5280 62,
560 5235 606 5273 s.
630 5235 684 5274 n.
723 5219 886 5281 5274,
922 5220 972 5272 in
998 5219 1117 5273 Cat.
1147 5221 1302 5275 codd.
1339 5221 1565 5291 Angliae,
1594 5232 1727 5288 etc.,
1756 5230 1893 5277 tom.
1922 5220 1967 5277 I.

506 5304 771 5377 Dionysii,
794 5305 1037 5374 archiep.
1062 5306 1437 5374 Alexandrini,
1465 5309 1708 5375 Epistola
1759 5308 1827 5365 de
1873 5310 2002 5364 hora
2032 5309 2225 5377 ieiunii
2256 5307 2479 5364 Pascha!
2500 5349 2516 5375 ,
2576 5324 2700 5364 eum
2739 5309 3146 5365 Commentario
3208 5312 3566 5379 Balsamonis,
3603 5315 3662 5369 in

434 5392 576 5452 Bibl.
609 5394 765 5450 Patr.
797 5394 975 5451 Paris.
1006 5397 1167 5463 1575,
1199 5397 1308 5453 vol.
1340 5396 1394 5464 l;
1430 5397 1563 5455 ibid.
1598 5397 1757 5464 1589,
1787 5397 1894 5454 vol.
1926 5397 2013 5465 III,

1816 5397 1894 5454 'ol.
1926 5397 2013 5465 III,
2049 5397 2147 5453 Gr.
2172 5413 2238 5453 ac
2269 5398 2426 5463 Lat.;
2463 5398 2595 5453 ibid.
2620 5397 2727 5453 vol.
2759 5396 2801 5463 l,
2824 5413 2878 5467 p.
2905 5398 3031 5461 275,
3061 5398 3156 5453 l‘ol.
3190 5400 3412 5473 (Ηιιιι.)

424 5576 427 5585 ’
472 5647 485 5659 ι
513 5576 585 5647 (b)
619 5578 941 5659 ’ξασοφὸροι
982 5582 1145 5635 etiam
1200 5582 1541 5659 paas_t_v§tirat,
1593 5599 1715 5643 raso
1753 5585 1871 5643 sive
1902 5584 2020 5642 vilia

2064 5597 2093 5641 e
2129 5598 2308 5654 panno
2339 5583 2530 5641 induti.
2596 5584 2731 5642 Vide
2764 5584 2953 5658 Cangii
3020 5584 3261 5641 Glossar.
3323 5592 3385 5639 et‘
3440 5582 3659 5638 Cotele-

438 5650 605 5717 riunt,
631 5650 722 5708 lib.
753 5667 810 5707 nt
837 5651 1164 5708 Monumenl.
1200 5650 1258 5723 ρ.
1287 5652 1412 5710 659.
