4042 6214
288 344 353 409 ιε)
1342 359 1550 424 GUII.
1582 359 1884 424 BEVEBEl

1933 360 1991 422 II
2021 362 2431 430 PREFATIO.
3391 326 3396 333 ’
3458 369 3529 436 20

1192 512 1415 530 m—

299 503 1187 531 ’.Ἢ

1422 517 2216 543 ....__.___.___,._._______

2218 518 3514 544 mm

1379 696 1536 788 EX
1623 698 2426 797 PBJEFATIONE

865 902 1798 1044 GUILIELMI
1946 935 2960 1056 BEVEREGII

1058 1163 1127 1224 In
1162 1162 1496 1231 Pandectis
1531 1185 1861 1245 canonum,
1894 1168 1934 1231 2
1965 1166 2093 1232 vol.
2126 1168 2284 1235 folio
2316 1173 2553 1238 Oxonii
2588 1175 2760 1237 1672.

355 1496 506 1588 luris
539 1497 1068 1588 eanbn‘ici_stndium
1109 1502 1434 1588 duodecimo
1477 1510 1748 1579 praecipue
1793 1512 1991 1568 saeculo
2017 1515 2069 1568 in
2098 1512 2323 1573 Oriente
2357 1518 2549 1588 viguit,
2585 1531 2693 1588 quo
2722 1520 2977 1573 currente
3010 1508 3120 1572 tres
3161 1515 3519 1575 eruditissimi

287 1585 414 1651 viri,
445 1586 764 1643 Theodorus
794 1586 1099 1656 Balsamon,
1149 1587 1387 1649 Joannes
1435 1595 1677 1651 Zonaras
1713 1606 1764 1653 et
1791 1598 2011 1654 Alexius
2050 1600 2338 1657 Aristenus
2367 1585 2703 1669 claruerunt,
2728 1601 2818 1672 qui
2848 1618 3037 1658 omnes
3073 1603 3342 1672 egregiam
3390 1605 3518 1659 huic

289 1674 366 1730 rei
396 1689 617 1744 operam
651 1674 939 1730 dederunt.
973 1676 1177 1733 Horum
1207 1679 1389 1750 itaque
1418 1681 1753 1751 singulorum
1783 1684 1989 1740 scholia
2041 1687 2095 1741 in
2128 1687 2230 1742 hoc
2263 1687 2402 1744 libro
2431 1689 2774 1755 exhibemus,
2828 1688 2989 1757 idque
3032 1704 3095 1743 ea
3141 1688 3414 1755 methodo,
3460 1698 3523 1743 ut

287 1758 486 1828 singuli
512 1774 749 1816 canones
774 1762 937 1817 trium
966 1762 1189 1818 istorum
1216 1764 1572 1835 interpretum
1595 1775 1984 1826 commentaria
2012 1772 2115 1828 sibi
2140 1788 2345 1828 annexa
2374 1775 2631 1832 habeant.
2654 1776 2713 1831 In
2744 1775 2939 1845 quibus
2964 1785 3143 1832 tamen
3175 1773 3522 1845 disponendis

288 1845 534 1902 ordinem
570 1850 852 1918 temporis,
886 1864 993 1918 quo
1029 1850 1255 1921 quisque
1282 1855 1519 1923 scripsit,
1564 1870 1669 1910 non
1712 1857 2083 1923 ObSQ'I'YamllS,
2136 1862 2230 1915 sed
2278 1859 2627 1916 Theodorum
2670 1862 3071 1927 Balsamonem,
3131 1863 3225 1932 qui
3276 1862 3523 1931 tempore

288 1947 593 2002 postremus
625 1937 747 2003 fuit,
793 1940 966 2007 primo
1001 1938 1052 1993 in
1089 1940 1203 1996 loco
1230 1944 1631 2004 constituimus.
1665 1945 1920 2000 nimirum
1946 1948 2016 2001 ob
2039 1963 2309 2002 summam
2354 1950 2471 2019 ejus
2500 1950 2553 2003 in
2599 1949 2747 2006 hisce
2794 1951 2989 2005 studiis
3025 1950 3429 2013 auctoritatem,
3465 1957 3523 2002 et

288 2028 584 2081 maximam
620 2028 669 2084 in
702 2028 944 2085 Ecclesia
978 2030 1332 2102 dignitatem;
1371 2049 1491 2088 nam
1535 2036 1846 2103 patriarcha
1878 2035 1999 2100 fuit,
2046 2043 2105 2089 ut
2148 2050 2268 2089 mox
2318 2036 2694 2091 ostendemus.
2746 2036 2823 2092 De
2869 2035 3094 2108 singulis
3138 2042 3315 2090 autem
3371 2034 3522 2089 hisce

287 2115 616 2181 scholiastis,
648 2133 784 2187 quos
811 2119 1024 2173 edimus
1049 2120 1239 2175 ordine
1273 2135 1431 2190 quem
1469 2124 1521 2178 in
1554 2125 1694 2178 libro
1728 2130 2013 2193 occupant,
2041 2121 2194 2176 ratio‘
2207 2123 2416 2194 pariter
2448 2131 2608 2193 atque
2640 2123 2974 2179 consuetudo
3011 2122 3272 2193 postulat,
3299 2131 3357 2175 ut
3385 2135 3522 2175 non-

284 2201 417 2256 nihil
440 2202 540 2257 hoc
565 2201 686 2258 loco
706 2206 1120 2271 prmmittamus.

354 2312 673 2371 Theodorus
700 2313 985 2373 Balsamon
1017 2317 1482 2389 Constantinopoli
1510 2320 1778 2377 oriundus
1808 2330 1911 2377 est.
1958 2322 2079 2389 Ipse
2108 2321 2253 2376 enim
2286 2335 2343 2377 se
2375 2318 3039 2387 Constantinopolitanum
3076 2320 3309 2390 appellat
3354 2322 3408 2379 in
3443 2324 3526 2379 sl-

286 2404 399 2481 tera
426 2398 873 2470 interpretatione
902 2403 1340 2460 duodetricesimi
1389 2405 1611 2461 canonis
1641 2406 1882 2462 Cbalced

1927 2408 2123 2473 nensis,
2165 2408 2397 2464 dicens:
2442 2406 2585 2475 Ἐγὼ
2638 2409 2694 2469 δὲ
2740 2410 3385 2477 Κωνσταντινουπολίτης
3446 2411 3523 2466 ὢν

283 2489 778 2561 ἀκραιφνέστατος,
811 2492 906 2544 καὶ
936 2489 1029 2544 τοῦ
1061 2492 1366 2560 ἁγιωτάτου
1397 2488 1587 2562 θρόνου
1616 2493 1716 2562 τῆς
1755 2495 2389 2557 Κωνσταντινουπόλεως
2419 2496 2583 2566 μέρος
2615 2494 2877 2563 γεγονώς.
2922 2494 3034 2565 Ego
3065 2513 3198 2555 vero,
3234 2514 3355 2552 cum
3384 2497 3524 2553 Con-

286 2575 788 2638 stantinopolitanus
814 2577 939 2630 civis
964 2578 1060 2631 sim
1096 2579 1484 2647 integerrimus,
1519 2587 1566 2631 et
1613 2581 1930 2634 sanctissimi
1963 2582 2135 2634 throni
2178 2581 2747 2647 ConstantinOpolitani
2786 2597 2910 2648 pars
2939 2580 3135 2648 factus.
3176 2580 3327 2638 Unde
3356 2584 3522 2637 simul

285 2662 557 2732 colligitur
578 2677 700 2716 eum
735 2664 787 2717 in
819 2664 923 2717 ista
954 2662 1403 2734 Ecclesiaprimo
1430 2666 1739 2719 ordinatum
1799 2667 1992 2723 fuisse.
2048 2667 2315 2722 Nimirum
2360 2666 2642 2732 diaconus,
2693 2667 3079 2737 nomophylax,
3136 2679 3302 2737 atque
3352 2670 3516 2723 etiam

285 2746 681 2819 chartophylax
715 2749 871 2805 istius
903 2749 1162 2806 Ecclesiae
1208 2751 1333 2814 fuit,
1379 2762 1438 2805 ut
1487 2762 1632 2821 patet
1662 2769 1725 2807 es
1767 2753 2124 2825 inscriptione
2178 2754 2631 2808 Constitutionum
2679 2752 3167 2808 ecclesiasticarum
3212 2767 3353 2823 quas
3399 2754 3520 2823 ipse

284 2835 523 2906 collegit,
549 2851 667 2904 quae
696 2836 747 2889 in
787 2835 974 2892 codice
1004 2854 1106 2892 ms.
1131 2836 1336 2893 Nicolai
1374 2836 1652 2905 Peirescii,
1683 2844 1955 2897 senatoris
1985 2840 2467 2907 Aquissextiensis,
2501 2856 2529 2893 a
2559 2840 2753 2895 Carolo
2781 2840 3044 2894 Annibale
3081 2840 3314 2895 Fabroto
3337 2841 3388 2894 in
3414 2857 3517 2896 no.

284 2924 356 2980 tis
386 2924 451 2977 ad
481 2924 699 2979 easdem
729 2923 1159 2982 Constitutiones
1183 2927 1369 2992 citato,
1395 2927 1471 2980 sic
1497 2941 1554 2981 se
1590 2928 1751 2982 habet
1787 2948 1801 2984 :
1835 2930 1875 2982 Θ

1920 2928 2115 3000 οδὼρου
2136 2929 2385 2982 διακόνου
2416 2929 2516 2998 τῆς
2541 2928 2855 2997 ἁγιωτάτης
2878 2928 2973 2982 τοῦ
3005 2927 3141 2982 Θεοῦ
3188 2928 3516 2998 Ἑκκλησίας

282 3011 685 3081 νομοφύλακος,
717 3014 812 3067 καὶ
835 3014 1271 3085 χαρτοφύλακος,
1316 3015 1411 3068 καὶ
1440 3014 1657 3086 πρώτου
1684 3017 1794 3071 τῶν
1821 3017 2167 3087 Βλαχερνῶν,
2198 3014 2290 3070 τοῦ
2339 3014 2729 3086 Βαλσαμῶνος.
2778 3016 2874 3069 τοῦ
2913 3016 3051 3086 μετὰ
3091 3016 3316 3086 χρόνους
3363 3016 3519 3080 τινὰς

282 3102 570 3171 γεγονότος
605 3103 945 3174 πατριάρχου
979 3102 1329 3165 Θεουπόλεως
1361 3104 1604 3175 μεγάλης
1643 3105 1878 3176 Ἀντιοχε

1921 3124 1997 3168 ις.
2030 3103 2285 3157 Theodori
2313 3104 2523 3157 diaconi
2554 3104 2897 3157 sanctissima:
2931 3102 3027 3157 Dei
3061 3102 3310 3159 Ecclesia
3337 3108 3517 3157 nosno-

284 3178 521 3259 phylacis
549 3203 594 3245 et
619 3190 1061 3260 charlophylacis,
1084 3201 1133 3246 et
1160 3191 1318 3261 primi
1349 3192 1763 3247 Blachernarum
1797 3190 2155 3252 Balsamonis,
2182 3198 2297 3256 post
2325 3188 2524 3260 aliquot
2553 3206 2670 3244 vero
2697 3206 2864 3245 annos
2896 3191 3210 3253 patriarcha:
3239 3189 3519 3257 Theopolis

291 3293 500 3347 magna?
531 3278 845 3334 Antiochiw.
886 3278 1017 3344 Quae
1045 3281 1233 3332 eadem
1269 3278 1380 3334 fere
1400 3279 1665 3334 habentur
1686 3291 1741 3334 et
1766 3280 1817 3334 in
1854 3278 2210 3349 inscriptione
2261 3277 2422 3346 hujus
2461 3280 2638 3348 operis
2672 3294 2793 3334 mox
2825 3279 3066 3334 uitanda.
3107 3278 3248 3345 Quin
3290 3279 3452 3333 etiam
3484 3292 3517 3331 ι

285 3360 576 3420 Pbilotbeo
608 3365 918 3434 patriarcha
956 3364 1008 3418 in
1044 3364 1392 3419 Refutatione
1420 3368 1858 3421 exsecratiouum
1908 3365 1977 3420 ab
2010 3364 2420 3434 Harmenopulo
2465 3366 2797 3434 scriptarum
2828 3368 2856 3421 ὀ
2892 3367 3054 3433 σοφὸς
3081 3364 3394 3434 νομοφύλαξ
3421 3378 3517 3434 ap-

280 3447 535 3529 pellatur}
566 3444 683 3515 Ipse
709 3446 870 3502 etiam
908 3462 967 3502 se
996 3447 1466 3518 chartophylacem
1503 3447 1669 3504 fuisse
1698 3451 1749 3503 in
1792 3450 2021 3507 scholiis
2049 3453 2116 3507 ad
2145 3454 2379 3523 primum
2422 3454 2612 3524 synodi
2654 3452 2885 3509 Nicena:
2919 3470 2935 3507 ι
2968 3450 3232 3515 canonem
3288 3460 3517 3508 testatus

280 3543 387 3598 est,
418 3534 506 3591 his
540 3535 740 3600 verbis,
770 3536 879 3589 Καὶ
907 3534 995 3587 ὅτε
1020 3534 1080 3588 τὸ
1113 3533 1589 3605 χαρτοφυλακικδν
1622 3537 1876 3608 ὲνήργουι

1928 3538 2187 3607 ὁφφίκιον
2227 3539 2321 3591 καὶ
2354 3539 2496 3609 μετά
2525 3539 2586 3593 τὸ
2624 3538 3080 3609 πατριαρχεῦσαι.
3118 3538 3161 3592 E
3198 3538 3393 3608 quibus
3428 3535 3513 3592 ul-

228 3672 231 3673 .
280 3622 428 3678 timis
461 3623 638 3677 verbis
668 3637 727 3677 se
757 3622 1119 3690 patriarcham
1153 3624 1314 3676 etiam
1345 3622 1511 3677 fuisse
1540 3622 1698 3678 (idem
1730 3624 1893 3691 facit;
1930 3626 2233 3681 Antiochia:
2265 3625 2495 3689 scilicet,
2527 3641 2689 3695 quam
2726 3625 3139 3693 patriarebalem
3167 3626 3349 3679 sedem
3385 3638 3509 3677 eum

280 3724 578 3778 occupasse
607 3708 793 3763 lsaacii
824 3708 1012 3777 Angeli
1042 3707 1250 3775 diebus,
1284 3710 1377 3780 qui
1412 3711 1678 3778 imperare
1728 3712 1891 3781 carpit
1938 3726 2082 3767 anno
2136 3713 2346 3767 Domini
2383 3712 2519 3766 1185
2546 3728 2614 3766 ex
2644 3712 2844 3766 Nicetaa
2888 3710 3167 3765 Choniats:
3216 3710 3515 3765 Annalibus

280 3797 580 3862 discimus;
622 3798 710 3864 qui
744 3797 1017 3851 memoria:
1046 3797 1289 3860 tradidit,
1321 3806 1375 3849 ut
1406 3797 1581 3877 dictus
1607 3798 1898 3866 imperator
1921 3799 1973 3852 in
2004 3800 2188 3854 animo
2214 3800 2419 3854 habens
2456 3798 2768 3854 Dositheum
2798 3796 3161 3868 patriarcham
3196 3794 3513 3865 Hierosoly-

278 3884 545 3941 mitanum
570 3883 636 3937 ad
668 3882 850 3937 sedem
875 3880 1522 3952 Constantiuopolitanam
1556 3881 1766 3937 Leontii
1795 3884 2004 3953 expulsi
2055 3886 2173 3940 loco
2220 3900 2561 3954 promovere,
2612 3894 2667 3939 et
2720 3890 2924 3941 certior
2975 3885 3151 3939 factus
3191 3885 3292 3939 hoc
3325 3892 3511 3938 contra

283 3986 522 4029 canones
551 3984 689 4036 esse,
721 3971 787 4025 ad
819 3968 1193 4025 Balsamouem
1224 3971 1644 4037 Antiochenum,
1676 3982 1857 4038 utpote
1879 3973 2002 4042 jure
2036 3972 2301 4027 canonico
2333 3973 2845 4027 exercitatissimum
2880 3986 2938 4026 se
2967 3970 3282 4035 contulerit,
3318 3972 3389 4024 de
3413 3972 3518 4022 hac

283 4076 346 4116 re
375 4057 717 4113 consulturus
743 4075 757 4114 :
796 4056 965 4120 Εἰδὼς
992 4056 1046 4109 δὲ
1072 4057 1200 4121 τοὺς
1223 4056 1453 4121 κανόνας
1477 4057 1636 4111 τοῦτο
1677 4058 1750 4129 μὴ
1780 4058 2224 4129 συγχωροῦντας,
2259 4060 2501 4127 μέτεισιν
2535 4058 2786 4122 ὑπούλως
2824 4058 2915 4111 τὸν
2940 4057 3195 4110 διέποντα
3212 4056 3303 4108 τὸν
3328 4054 3519 4124 θρόνον

285 4146 381 4217 τοῦ
414 4144 551 4202 Θεοῦ
580 4147 791 4212 πόλεως
826 4144 1067 4217 μεγάλης
1111 4147 1463 4214 Ἀντιοχείας,
1500 4146 1774 4217 Θεόδωρον
1821 4148 1912 4200 τὸν
1953 4146 2287 4217 Βαλσαμὼν.
2320 4146 2490 4217 ἄνδρα
2513 4146 2619 4200 ὑπὸ
2638 4146 2766 4210 τοὺς
2809 4146 2929 4198 τότε
2962 4145 3173 4206 πάντας
3201 4143 3334 4196 ὂντα
3360 4157 3521 4211 νομο-

278 4232 464 4305 τρισῆ.
493 4232 646 4300 Quod
686 4249 803 4287 cum
831 4249 1057 4287 canones
1091 4249 1192 4287 non
1218 4235 1519 4302 permittere
1545 4236 1807 4302 sciret,ad
1844 4235 2171 4290 Theodorum
2211 4235 2573 4290 Balsamonem
2606 4235 2850 4288 thronum
2897 4232 2992 4285 Dei
3029 4232 3257 4311 ciuitatis
3315 4244 3523 4299 magna

279 4323 572 4378 Antiochiet:
590 4321 1068 4386 administrantem,
1106 4322 1272 4374 virum
1306 4337 1368 4374 ea
1417 4332 1569 4375 (etate
1614 4340 1775 4389 supra
1823 4338 1998 4377 omnes
2050 4323 2183 4376 alios
2222 4323 2367 4391 juris
2423 4322 2869 4376 consultissimum
2923 4317 3139 4372 subdole
3191 4317 3411 4372 accedit.
3454 4317 3517 4371 Et

279 4412 471 4481 paucis
506 4407 807 4476 iuterjectis
837 4406 1045 4472 scribit,
1076 4417 1133 4461 ut
1165 4409 1305 4461 idem
1340 4409 1636 4476 imperator
1669 4426 1789 4465 Clltll
1819 4411 2147 4465 Balsamone
2182 4411 2495 4479 colloquens
2527 4407 2866 4463 simulaverit
2907 4420 3109 4461 secum
3139 4408 3375 4462 voluisse
3405 4411 3517 4461 Δο-

281 4497 481 4551 tiochia
512 4492 1040 4563 Constantinopolim
1075 4494 1390 4549 transferre.
1441 4496 1551 4551 Καὶ
1584 4495 1791 4549 τοιαῦθ’
1828 4496 1877 4548 Et

1922 4514 1990 4567 ρα
2017 4496 2441 4564 σχετλιαπικῶς
2463 4493 3003 4564 προαναὸαλόμενος,
3051 4494 3303 4563 ἐπήγαγε
3346 4496 3515 4548 πάλαι

285 4592 385 4663 μὲν
420 4589 707 4661 βούλεσθαι
740 4589 1280 4663 μτενεγκείνιαῦτὸν
1325 4590 1389 4643 ὲκ
1436 4591 1535 4657 τῆς
1579 4589 1907 4660 Ἀντιοχέων
1976 4590 2309 4661 Ἐκκλησίας
2356 4592 2437 4654 εἰς
2485 4588 2583 4659 τὴν
2642 4589 3038 4659 οἱκουμενικὴν
3095 4589 3388 4661 περιωπὴν
3435 4590 3513 4655 ὡς

280 4678 474 4751 λύχνον
512 4677 614 4746 τῆς
638 4677 749 4731 τῶν
769 4677 949 4751 νόμων
969 4677 1306 4747 τηλαυγείας
1340 4677 1669 4749 πάμφωτον.
1709 4676 1837 4731 Haec
1867 4698 1876 4733 ι

1911 4688 1913 4723 ῖ
1946 4679 2001 4730 id
2025 4694 2187 4747 genus
2236 4677 2346 4733 alis
2378 4693 2480 4731 non
2512 4677 2627 4730 sine
2664 4688 2846 4747 questu
2899 4676 3156 4745 praefatus
3214 4679 3507 4745 subjunrit,

288 4768 412 4822 olim
445 4767 605 4836 fuisse
635 4766 729 4819 sibi
756 4766 809 4819 in
836 4765 1012 4819 animo
1041 4764 1189 4817 illum
1217 4782 1281 4818 ea:
1308 4765 1633 4818 Antiochena
1669 4762 1907 4820 Ecclesia
1934 4765 2004 4817 ad
2025 4767 2395 4819 secumenicam
2433 4764 2761 4834 dignitatem,
2800 4774 2859 4816 ut
2903 4764 3161 4818 illustrem
3195 4765 3375 4833 legatis
3414 4774 3516 4831 pu-

289 4856 464 4912 ritatis
487 4854 755 4909 lucernam
787 4854 1094 4923 transferre.
1125 4853 1304 4906 Nicet.
1337 4852 1584 4905 Chonint.
1615 4851 1668 4905 in
1711 4852 1883 4906 Isaac.
1913 4853 2102 4922 Augei.
2134 4853 2227 4908 lib.
2262 4869 2320 4907 ll.
2352 4852 2393 4906 E
2423 4853 2618 4922 quibus
2636 4852 2803 4907 simul
2833 4862 3047 4907 constat
3067 4854 3256 4922 quanti
3280 4854 3516 4906 nominis

288 4953 452 5013 atque
484 4926 535 4997 in
562 4944 685 5014 jure
712 4942 975 4996 canonico
1001 4938 1343 4993 auctoritatis
1377 4936 1696 4992 Theodorus
1730 4938 1822 4993 hic
1845 4940 2220 4994 Antiochenus
2257 4949 2370 4993 tum
2399 4940 2609 4994 dierum
2665 4938 2848 4993 fuerit.
2891 4937 2995 5004 Qui
3051 4939 3403 4994 nihilominus
3444 4940 3513 4993 ad

289 5029 545 5085 thronum
581 5027 682 5085 sibi
714 5022 1059 5083 commissum
1100 5038 1376 5093 nunqunm
1409 5026 1670 5081 accedere
1698 5028 1895 5095 potuit,
1943 5026 2153 5082 Latinis
2194 5035 2323 5081 tunc
2363 5027 2622 5094 temporis
2672 5027 3013 5082 Antiochiam
3065 5027 3388 5090 tenentibus,
3449 5041 3516 5082 ac

285 5118 572 5196 propterea
600 5114 781 5169 omnia
810 5111 1195 5175 ecclesiastica,
1228 5125 1349 5181 qua:
1371 5110 1438 5165 ad
1465 5112 1895 5182 patriarchatum
1924 5128 2083 5170 suum
2111 5113 2451 5181 pertinebant
2492 5112 2707 5186 negatis
2753 5112 3217 5183 Constantinopoli
3274 5113 3513 5168 admini-

287 5214 400 5260 stra
410 5219 467 5258 rc
497 5212 719 5256 coactus
750 5208 856 5256 est.

356 5312 515 5369 llunc
541 5325 705 5380 porro
733 5308 1079 5365 Theodorum
1110 5308 1488 5365 Balsamonem
1521 5309 1644 5378 jure
1670 5307 1934 5363 canonico
1969 5308 2172 5378 pariter
2195 5324 2259 5364 ac
2287 5309 2436 5364 civili
2484 5309 2965 5364 instructissimum
3013 5306 3205 5379 fuisse,
3246 5323 3358 5363 non
3402 5319 3513 5366 tam

288 5417 357 5459 ex
386 5402 616 5455 aliorum
647 5395 999 5462 testimoniis,
1029 5410 1191 5466 quam
1220 5411 1285 5452 ex
1316 5397 1431 5453 suis
1464 5397 1630 5467 ipsius
1652 5396 1914 5466 operibus
1948 5406 2182 5452 constat.
2215 5395 2380 5451 Multa
2427 5396 2696 5467 siquidem
2725 5397 3051 5465 composuit,
3084 5409 3205 5464 Quae
3237 5397 3416 5451 omnia
3448 5401 3516 5453 ad

286 5486 771 5563 jurisprudentiam
807 5493 1073 5553 spectant.
1110 5484 1208 5537 Hic
1244 5485 1388 5539 enim
1424 5495 1615 5538 auctor
1653 5484 1752 5538 fuit
1785 5482 2129 5539 collectionis
2172 5482 2314 5537 illius
2355 5482 2810 5557 Constitutionum
2856 5483 3364 5547 ecclesiasticarum,
3396 5500 3518 5555 quae

288 5579 394 5633 sub
426 5572 804 5630 Paratitlorum
831 5570 1049 5626 nomine
1078 5586 1105 5623 a
1133 5568 1339 5625 Joanne
1364 5569 1690 5625 Leunclavio
1728 5573 1905 5640 primo
1930 5570 2120 5625 Latine
2143 5572 2287 5626 edita
2320 5582 2424 5635 est,
2455 5583 2514 5649 et
2539 5580 2719 5639 postea
2753 5570 2944 5625 Graece
2973 5586 3003 5624 a
3028 5570 3223 5626 Carolo
3253 5572 3515 5627 Annibale

288 5664 526 5721 Fabroto
562 5658 613 5714 J.
644 5659 733 5723 C.,
765 5667 825 5713 ut
854 5658 994 5713 idem
1032 5656 1298 5712 Fabrotus
1324 5658 1377 5711 in
1412 5659 1557 5713 notis
1584 5659 1849 5727 probavit.
1895 5658 2164 5713 Plurimos
2187 5659 2346 5712 etiam
2386 5668 2649 5712 tractatus
2674 5658 3019 5727 conscripsit,
3068 5668 3125 5712 ut
3176 5660 3241 5713 de
3288 5661 3517 5729 patriar-

288 5753 515 5810 charum
546 5745 883 5820 pririlegiis;
912 5744 981 5802 de
1007 5744 1213 5802 duobus
1241 5744 1346 5803 illis
1371 5742 1562 5804 ofﬁciis
1588 5745 2026 5819 chartophylacis
2057 5757 2109 5802 et
2132 5746 2290 5815 primi
2318 5745 2661 5808 defensoris;
2694 5744 2758 5801 de
2787 5746 3083 5814 quaestione
3110 5744 3234 5812 ista,
3270 5746 3349 5799 An
3376 5761 3514 5802 unus
