4042 6214
427 361 499 426 21
1533 369 1744 433 GUIL.
1784 368 2203 430 BEVEBEGII
2239 366 2664 429 PRIEFATIO.
3610 358 3682 424 ‘2‘2

430 478 489 523 et
526 466 673 524 idem
701 467 917 526 duabus
943 472 1285 530 consobrinis
1320 474 1680 547 coniungatur
1712 495 1727 532 :
1760 478 1826 535 de
1864 478 2100 533 incensis
2125 492 2243 547 qua:
2278 492 2307 532 a
2338 476 2643 545 patriarcha
2668 473 2784 530 dari
2826 474 2999 530 solent
3028 489 3093 530 eo
3121 474 3208 536 die
3241 486 3348 544 quo
3379 472 3683 539 catechesis

432 558 669 611 habetur
694 574 709 622 ;
746 569 799 611 et
825 559 893 613 de
922 562 1315 616 convocatione
1341 578 1461 631 quae
1495 564 1551 617 lit
1574 564 1637 618 ad
1666 580 1852 619 sacras
1877 565 2327 620 monasteriorum
2354 564 2498 618 aedes
2522 577 2617 632 per
2643 563 2747 623 tria
2772 563 2946 629 signa,
2976 563 3063 631 qui
3092 576 3281 618 omnes
3312 562 3414 617 sub
3448 561 3682 615 Medita-

434 653 619 697 torstm
652 646 869 700 nomine
900 650 1193 716 septimum
1218 650 1413 704 librum
1458 651 1611 705 luris
1642 650 2090 706 Greece-Romani
2118 667 2144 705 a
2173 651 2381 704 Joanne
2420 639 2747 705 Lenttclavio
2803 651 2985 705 emissi
3046 651 3404 705 constituunt.
3455 649 3685 717 Scripsit

433 732 609 785 etiam
643 746 906 800 responsa
934 734 1001 787 ad
1040 748 1167 787 utv
1197 740 1486 790 canonicas
1513 738 1971 807 interrogationes
2003 754 2031 792 a
2060 738 2243 794 Marco
2272 739 2641 793 Alexandrino
2688 738 2995 807 patriarcha
3039 738 3137 807 ipsl
3186 738 3516 809 propositas,
3565 751 3685 805 quae

427 818 603 871 etiam
638 819 689 873 in
720 819 912 887 quinto
941 820 1072 874 dicti
1111 821 1263 901 luris
1294 821 1731 879 Graeco-Romani
1762 825 1901 882 libro
1927 836 2164 881 exstant.
2209 828 2411 881 Horum
2448 828 2712 896 prommio
2761 827 2878 882 ista
2908 826 3364 896 interrogationes
3414 825 3571 879 facta:
3602 824 3685 878 di-

433 918 658 972 cuntur,
683 910 987 975 imperante
1020 907 1226 964 Isaac-io
1259 911 1486 979 Angela.
1512 921 1566 967 et
1598 912 1829 983 Georgio
1858 914 2281 983 patriarchatum
2314 913 2934 983 ConstantinOplitanum
2958 923 3194 977 tenente,
3225 927 3407 967 mense
3448 912 3689 967 Februa-

432 999 547 1061 rio,
580 999 878 1054 indictione
917 1014 1040 1063 χιιι,
1074 1014 1216 1053 anno
1249 1010 1373 1070 post
1404 1001 1830 1057 incarnationem
1860 1002 2028 1058 Domit

2107 1004 2265 1067 1205,
2303 1004 2435 1074 μηνὶ
2483 1002 2860 1073 Φεδρουαρίῳ,
2894 1003 3271 1071 ἐπινεμήσεως
3313 999 3404 1070 ιγ’,
3430 1002 3521 1055 καὶ
3546 1000 3685 1054 ἐτῶν

434 1086 582 1155 μετά
626 1086 726 1153 τὴν
758 1086 1039 1156 σάρκωσιν
1062 1085 1158 1138 τοῦ
1196 1088 1404 1157 Κυρίου
1433 1089 1528 1140 καὶ
1553 1088 1688 1142 Θεοῦ
1723 1090 1819 1143 καὶ
1854 1089 2030 1159 Σωτῆε

2088 1091 2297 1160 ςήμῶν
2337 1089 2512 1161 Ἰησοῦ
2548 1090 2785 1159 Χριστοῦ
2848 1098 3004 1158 ,ασγ’.
3042 1089 3167 1144 Haec
3196 1098 3373 1143 autem
3428 1088 3529 1144 sibi
3576 1104 3684 1142 non

430 1181 713 1226 constant.
748 1171 881 1225 Nam
910 1187 1054 1228 anno
1082 1174 1221 1227 1204
1249 1191 1279 1229 a
1321 1172 1539 1232 Venetis
1573 1186 1629 1231 et
1658 1175 1883 1231 Francis
1912 1186 2173 1247 occupata
2199 1187 2284 1231 est
2310 1175 2829 1247 Constantinopolis.
2865 1175 3062 1231 Verum
3093 1185 3213 1244 post
3244 1176 3529 1240 lsaacium,
3562 1175 3690 1228 Ale-

436 1259 567 1314 xius
590 1258 831 1326 Angelus
854 1266 981 1312 octo
1014 1273 1207 1325 annos,
1232 1269 1290 1314 et
1320 1261 1460 1315 alios
1486 1268 1612 1332 post
1644 1277 1766 1317 eum
1801 1262 2046 1328 Alexius,
2084 1263 2257 1317 Ducas
2286 1265 2630 1337 cognomine,
2677 1263 3070 1333 aliquantisper
3101 1263 3385 1333 imperavit
3433 1270 3562 1318 ante
3596 1277 3691 1317 ca-

435 1354 591 1413 ptam
627 1347 847 1409 urbem;
878 1344 1007 1413 quin
1036 1347 1202 1400 etiam
1230 1355 1350 1415 post
1386 1347 1680 1417 Georgium
1708 1349 1869 1403 istum
1908 1349 2241 1419 Xiphilinum
2271 1350 2510 1405 Joannes
2554 1350 2876 1407 Camaterus
2912 1351 3161 1407 thronum
3194 1349 3691 1419 Constantinopoli-

438 1441 631 1485 tanum
657 1433 900 1500 quinque
923 1446 1097 1488 annos
1116 1445 1174 1487 et
1200 1442 1327 1489 octo
1357 1449 1575 1492 menses
1609 1438 2033 1499 administravit.
2065 1437 2380 1507 priusquam
2413 1436 2541 1493 urbs
2575 1453 2601 1489 a
2636 1436 2844 1493 Latinis
2896 1447 3203 1507 caperetur.
3254 1439 3329 1493 Ac
3384 1435 3609 1505 proinde
3642 1435 3688 1489 si

438 1522 567 1575 ista:
592 1520 1049 1591 interrogationes
1079 1524 1238 1579 factae
1268 1524 1471 1581 fuerint
1496 1527 1597 1582 sub
1626 1528 1854 1596 imperio
1880 1528 2093 1591 Isaacii,
2138 1535 2192 1581 et
2236 1524 2609 1595 patriarcbatu
2659 1523 2897 1593 Georgii,
2932 1532 3055 1579 ante
3089 1539 3288 1578 annum
3347 1524 3483 1578 1205
3538 1521 3694 1578 lactrc

440 1608 560 1661 sint
588 1622 809 1662 necesse
838 1620 944 1664 est.
970 1608 1153 1679 Neque
1179 1614 1342 1666 etiam
1371 1613 1596 1668 indlctio
1612 1617 1887 1680 convenit;
1908 1613 2009 1669 isto
2031 1613 2173 1669 enim
2202 1626 2366 1674 anno,
2384 1625 2485 1665 non
2512 1628 2607 1666 xm
2636 1612 2727 1667 sed
2752 1628 2802 1667 v1
2834 1613 3056 1667 indictio
3077 1613 3362 1677 currebat;
3395 1612 3445 1665 in
3466 1619 3693 1700 utroque

443 1694 632 1762 itaque
647 1698 891 1759 nurnero,
913 1705 966 1750 et
996 1698 1119 1751 anui
1143 1699 1419 1754 scilicetet
1440 1700 1765 1761 indictionis,
1786 1716 1940 1755 error
1959 1702 2225 1757 admissus
2242 1709 2345 1756 est.
2379 1700 2485 1755 Nec
2506 1701 2660 1755 video
2682 1700 2950 1769 quomodo
2971 1702 3301 1771 corrigatur,
3317 1700 3418 1755 nisi
3445 1716 3538 1771 pro
3551 1716 3674 1767 ,ασγ

446 1782 747 1847 scribatur,
804 1788 975 1853 ptpr
1004 1795 1059 1840 et
1110 1784 1179 1839 ια’
1228 1801 1328 1856 pro
1382 1785 1707 1853 ty’.Utistae
1743 1789 2042 1843 nimirumi

2100 1792 2481 1861 terrogationes
2514 1790 2820 1844 Balsamoni
2860 1789 3147 1860 proposita:
3170 1789 3371 1844 l’ueriut
3412 1804 3553 1843 anno
3595 1787 3696 1840 Doo

448 1868 591 1922 mini
626 1864 781 1934 H95,
816 1870 1004 1927 indict.
1045 1887 1125 1939 ιι,
1160 1887 1270 1941 quo
1303 1873 1521 1943 quidem
1558 1890 1700 1929 anno
1728 1874 1970 1931 lsaacius
2001 1878 2240 1947 Angelus
2286 1879 2596 1947 imperium,
2631 1888 2684 1931 et
2716 1876 2981 1948 Georgius
3041 1874 3354 1947 Xiphilinus
3395 1873 3694 1929 Ecclesium

445 1956 1109 2027 ConstantinOpolitanam
1145 1963 1482 2032 gubernabat
1515 1981 1530 2019 :
1559 1979 1723 2035 quam
1752 1963 1926 2020 facilis
1958 1975 2137 2020 autem
2170 1965 2533 2037 frequensque
2564 1963 2633 2019 sit
2664 1964 2844 2035 lapsus
2881 1964 2933 2019 iu
2963 1961 3167 2020 Gratcis
3191 1962 3559 2018 describendis
3592 1976 3691 2016 nu-

450 2044 636 2105 meris,
668 2046 938 2100 neminem
964 2046 1113 2101 latet.

520 2130 666 2185 Inter
694 2132 876 2186 omnia
911 2144 1089 2190 autem
1112 2151 1275 2204 opera
1316 2148 1436 2206 quae
1466 2137 1691 2196 illustris
1728 2142 1815 2196 hic
1847 2142 1902 2196 in
1928 2150 2164 2211 utroque
2186 2140 2310 2210 jure
2350 2140 2603 2210 princeps
2631 2138 2944 2203 elaboravit,
3007 2138 3237 2207 primum
3283 2137 3409 2191 illud
3430 2135 3551 2206 jure
3583 2152 3695 2190 me-

452 2214 563 2269 rito
594 2217 841 2282 habetur,
877 2232 985 2288 quo
1034 2222 1283 2291 antiquos
1333 2226 1685 2281 conciliorum
1720 2228 2049 2297 Patrumque
2082 2242 2315 2283 canones
2341 2226 2727 2294 interpretatus
2758 2235 2858 2287 est,
2886 2225 3137 2293 quodque
3172 2224 3255 2277 his
3294 2224 3470 2277 verbis
3500 2224 3695 2277 inscri-

452 2309 601 2363 bitur
630 2326 643 2362 :
686 2309 979 2380 Ἐξήγησις
1005 2314 1113 2367 τῶν
1143 2315 1307 2385 ιερῶν
1330 2318 1423 2370 καὶ
1443 2318 1602 2371 θείων
1648 2322 1913 2388 κανόνων,
1953 2322 2062 2374 τῶν
2087 2338 2145 2373 τε
2179 2320 2351 2389 ἁγίων
2382 2318 2477 2371 καὶ
2505 2318 2878 2387 πανευςιήμων
2924 2315 3236 2369 ἀποστόλων
3268 2315 3361 2367 καὶ
3397 2315 3503 2367 τῶν
3535 2315 3694 2385 ίερῶν

456 2399 848 2467 οἰκουμενικῶν
903 2402 1160 2467 συνόδων,
1227 2403 1365 2481 ᾴλλὰ
1426 2408 1531 2476 μὴν
1580 2408 1675 2460 καὶ
1719 2408 1828 2461 τῶν
1862 2410 2101 2463 τοπικῶν
2150 2411 2267 2479 ἦτοι
2319 2407 2558 2477 μερικῶν
2620 2407 2713 2460 καὶ
2764 2406 2868 2459 τῶν
2911 2405 3115 2458 λοιπῶν
3169 2404 3340 2472 ἁγίων
3389 2404 3648 2473 Πατέρων
3677 2418 3693 2434 ⁶

459 2485 601 2552 πρὸς
626 2486 680 2539 δέ
705 2489 797 2541 καὶ
828 2488 1064 2558 δήλωσις
1113 2490 1222 2543 τῶν
1269 2493 1637 2561 ἐνεργούντων
1683 2496 1886 2565 νόμων,
1922 2498 2017 2550 καὶ
2079 2496 2151 2569 μὴ
2205 2494 2595 2564 ἐνεργούντων,
2644 2494 2750 2546 τῶν
2799 2492 3243 2561 ἁναταττομένων
3289 2492 3348 2543 ἐν
3391 2493 3503 2554 τοῖς
3564 2492 3697 2545 δέκα

453 2574 594 2643 πρὸς
621 2578 728 2639 τοῖς
755 2575 1019 2646 τέσσαρσι
1050 2577 1247 2643 τίτλοις
1292 2582 1405 2643 τοῖς
1429 2583 1554 2634 κατ’
1584 2584 1760 2651 ἀρχὴν
1790 2583 1897 2635 τῶν
1942 2584 2181 2637 κανόνων
2212 2580 2487 2649 κειμένοις
2516 2598 2531 2615 ο
2579 2580 2875 2648 πονηθεῖσα
2943 2578 3081 2631 κατά
3127 2577 3425 2648 πρόσταξιν
3486 2577 3697 2648 βασιλιο

451 2661 558 2730 κὴν
584 2664 680 2713 καὶ
710 2667 1122 2736 πατριαρχικὴν
1155 2666 1418 2740 Θεοδώρῳ
1463 2670 1540 2740 τῷ
1587 2671 1797 2723 εὐτελεῖ
1839 2670 2073 2741 διακόνῳ
2110 2673 2208 2741 τῆς
2239 2670 2551 2737 ἁγιωτάτης
2582 2667 2675 2721 τοῦ
2724 2667 2859 2722 Θεοῦ
2912 2665 3176 2735 Μεγάλης
3239 2666 3539 2735 ἐκκλησίας
3604 2685 3693 2721 νοο

454 2748 752 2817 populant,
783 2753 1174 2820 χαρτοφύλακι,
1210 2755 1305 2808 καὶ
1346 2756 1546 2826 πρώτῳ
1597 2756 1706 2810 τῶν
1749 2758 2091 2830 Βλαχερνὼν,
2128 2756 2206 2826 τῷ
2248 2754 2551 2825 Βαλσαμὼν
2612 2754 2689 2825 τῷ
2721 2755 2858 2824 μετὰ
2910 2752 3135 2825 χρόνους
3180 2751 3333 2816 τινὰς
3382 2754 3697 2825 πατριάρχῃ

448 2836 799 2899 Θεουπόλεως
831 2840 1074 2909 μεγάλης
1107 2841 1442 2912 Ἀντιοχείας
1462 2843 1557 2898 καὶ
1591 2844 1773 2915 πάσης
1814 2846 2044 2898 Ἀνατολὲ

2098 2863 2123 2903 ς.
2154 2842 2426 2913 Expositio
2456 2858 2726 2896 sacrorum
2752 2842 3147 2913 divinorumque
3168 2857 3448 2904 canonum,
3483 2852 3694 2897 sancto-

455 2938 578 2974 rum
613 2922 1248 2993 celebratissimorumque
1270 2929 1627 2997 apostolorum
1656 2942 1702 2985 et
1732 2948 2002 2987 sacrorum
2032 2933 2466 2988 aecumcnicorum
2499 2940 2656 2998 atque
2688 2929 2846 2984 etiam
2879 2928 3278 2993 provincialium
3307 2930 3415 2982 sive
3456 2929 3693 2994 particu-

455 3008 654 3061 larium
682 3009 1044 3074 conciliorum,
1074 3014 1495 3084 reliquorumque
1525 3027 1825 3072 sanctorum
1871 3019 2095 3073 Patrum
2128 3034 2150 3075 :
2178 3021 2389 3081 insuper
2411 3028 2457 3073 et
2491 3018 2779 3072 declaratio
2837 3017 3121 3086 efﬁcaciam
3156 3028 3310 3081 atque
3348 3016 3721 3089 incﬂieacinnr

457 3095 631 3164 legum
652 3098 709 3150 in
728 3102 1126 3165 quatuordecim
1158 3102 1329 3157 titulis
1354 3114 1474 3157 ante
1507 3120 1733 3159 canones
1767 3109 1950 3174 positis
1978 3107 2355 3161 collocuturum
2382 3123 2401 3172 ;
2441 3105 2713 3159 elaborata
2728 3104 2886 3173 jussu
2918 3103 3255 3172 imperatorio
3280 3111 3437 3172 atque
3457 3102 3696 3171 patriar-

455 3185 671 3245 chali,a
701 3184 971 3240 Theodoro
999 3185 1334 3253 Balsamone,
1372 3193 1719 3245 sanctissima:
1772 3193 1864 3246 Dei
1916 3192 2126 3264 Magnae
2170 3194 2402 3247 ecclesia:
2448 3193 2689 3256 diacono,
2733 3189 3123 3260 nomopliylace,
3169 3199 3216 3244 et
3263 3189 3690 3260 cltartophylace,

455 3271 704 3339 prefecto
728 3269 1168 3335 Blachernarum,
1192 3276 1281 3336 qui
1307 3279 1466 3329 etiam
1492 3286 1607 3345 post
1665 3278 1863 3347 aliquot
1895 3296 2061 3333 annos
2089 3279 2361 3348 Theopolis
2381 3294 2582 3348 magna:
2616 3276 2817 3331 scilicet
2849 3277 3142 3332 Antiochia:
3174 3287 3217 3329 et
3250 3278 3409 3330 totius
3463 3277 3693 3353 orientis

456 3358 762 3424 patriarcha
784 3359 961 3426 {actus
986 3368 1082 3415 est.
1118 3359 1227 3415 Hoc
1254 3371 1335 3416 est
1366 3364 1621 3417 eximium
1652 3364 1778 3417 illud
1806 3380 1959 3433 opus,
1984 3369 2123 3435 quod
2153 3378 2321 3421 totum
2347 3368 2447 3421 hoc
2478 3365 2680 3419 lihroin
2709 3365 2978 3433 publicum
3006 3367 3216 3425 damus,
3247 3364 3350 3418 nisi
3376 3367 3514 3433 quod
3547 3364 3689 3418 illam

459 3445 881 3501 declarationem
912 3447 1089 3516 legum
1123 3450 1175 3502 in
1205 3448 1359 3503 titulo
1385 3462 1889 3517 commemoratam,
1924 3454 2021 3508 hoc
2051 3464 2155 3518 est,
2190 3454 2579 3508 nomocanonis
2624 3451 2798 3504 Photii
2835 3450 2887 3505 iu
2936 3450 3341 3521 quatuordecim
3372 3448 3557 3503 titulos
3584 3450 3694 3502 dis-

457 3532 671 3595 tributi,
722 3534 1223 3602 interpretationem
1266 3538 1679 3606 pratermittere
1726 3540 1901 3594 visum
1938 3551 2021 3595 est
2051 3540 2162 3611 (a);
2195 3540 2388 3609 partim
2421 3539 2563 3609 quod
2601 3540 2652 3594 in
2681 3538 3014 3594 Bibliotheca
3048 3538 3244 3593 veteris
3280 3538 3525 3593 canonici
3555 3537 3695 3605 juris

456 3634 567 3673 non
596 3619 668 3673 ita
698 3619 906 3687 pridem
938 3622 1079 3677 edita
1109 3633 1213 3689 est,
1247 3633 1303 3678 et
1331 3625 1526 3693 partim
1560 3626 1701 3694 quod
1745 3630 1811 3680 de
1853 3628 2061 3695 legibus
2095 3628 2341 3682 civilibus
2375 3629 2559 3697 potius
2615 3641 2778 3696 quam
2832 3629 2899 3682 de
2942 3626 3248 3681 canonibus
3305 3623 3693 3680 ecclesiasticis

459 3707 571 3775 agit
601 3724 617 3760 :
660 3706 803 3760 unde
828 3717 882 3761 et
917 3710 967 3762 in
995 3709 1105 3777 ipsa
1146 3709 1251 3765 hac
1280 3725 1549 3769 canonum
1574 3714 2042 3781 interpretatione,
2073 3714 2165 3769 ubi
2204 3716 2270 3769 de
2299 3715 2506 3785 legibus
2536 3714 2767 3783 politicis
2793 3713 3053 3782 loquitur,
3087 3714 3268 3783 ibique
3298 3715 3494 3777 solum,
3530 3714 3688 3767 istam

458 3793 855 3849 Nomocanonis
884 3798 1276 3865 expositionem
1306 3800 1459 3865 citat,
1493 3803 1593 3865 sub
1627 3803 1845 3857 nomine
1881 3802 1977 3855 τοῦ
2004 3819 2054 3854 πε

2097 3803 2273 3871 priuso;
2308 3802 2705 3868 συντάγματος.
2738 3800 2809 3855 Ut
2838 3800 2891 3852 in
2935 3801 3228 3855 secundum
3261 3814 3521 3853 canonem
3566 3813 3693 3852 conc

458 3878 569 3933 citii
604 3878 1208 3951 ConstantinOpolitani,
1237 3885 1502 3940 novellam
1534 3890 1668 3943 citat
1700 3888 2054 3959 καταστρωθε

2095 3905 2185 3941 ταν
2217 3891 2296 3952 τίς
2329 3888 2426 3956 τὴν
2452 3888 2769 3958 .ἐρμηνείαν
2799 3886 2891 3941 τοῦ
2929 3895 2969 3940 ε’
3015 3904 3137 3955 κεφ.
3167 3886 3261 3939 τοῦ
3289 3894 3338 3939 α’
3362 3887 3540 3939 τίτλου
3597 3886 3691 3938 τοῦ

461 3968 732 4037 παρόντος
760 3970 1143 4039 συντάγματος
1175 3991 1189 4027 :
1224 3973 1327 4027 hoc
1357 3982 1465 4041 est,
1503 3976 1557 4029 in
1581 3975 2057 4046 interpretationes

2092 3975 2210 4029 siuti
2238 3976 2424 4042 capitis
2458 3974 2617 4042 primi
2658 3973 2799 4028 tituli
2857 3973 3246 4027 Nomocanonis
3283 3973 3466 4027 Photii
3514 3974 3688 4027 sitam.

462 4054 615 4118 Quod
646 4055 818 4126 παρὸν
844 4055 1138 4126 σύνταγμα
1167 4069 1451 4128 propterea
1482 4062 1734 4130 appellat,
1757 4064 1899 4131 quod
1935 4063 2039 4118 iste
2063 4062 2407 4115 Nomocanon
2442 4062 2572 4130 ipsis
2601 4061 2902 4116 canonibus
2942 4062 3165 4129 prmtigi,
3192 4070 3244 4117 et
3279 4077 3444 4114 unum
3473 4075 3594 4114 cum
3625 4060 3692 4113 iis

460 4141 712 4197 volumen
740 4157 1070 4210 componere
1102 4146 1297 4202 solitus
1328 4145 1529 4215 fuerit;
1561 4151 1704 4218 quod
1742 4149 1827 4203 hic
1855 4150 2111 4204 lectorem
2148 4149 2523 4216 prmmonitum
2566 4162 2691 4202 esse
2722 4148 2970 4202 sutiiciat.
3029 4147 3162 4202 Cum
3210 4156 3389 4201 autem
3444 4148 3496 4201 in
3536 4148 3691 4201 titulo

460 4244 628 4297 supra
653 4229 891 4292 laudato,
926 4230 1028 4283 hoc
1063 4246 1196 4299 opus
1222 4232 1556 4288 elaboratum
1584 4234 1802 4288 dicatur
1850 4234 1993 4287 κατὰ
2040 4254 2056 4287 1

2100 4233 2337 4298 »όσταξιν
2385 4233 2672 4304 βασιλικὴν
2704 4234 2798 4287 καὶ⁸
2851 4232 3278 4304 πατριαρχικὴν,
3338 4234 3438 4287 hoc
3488 4233 3696 4287 idcirco

458 4318 679 4381 asserit,
715 4315 856 4386 quod
898 4316 1029 4370 illud
1062 4334 1351 4387 aggressus
1380 4328 1463 4376 est
1490 4322 1642 4389 jussu
1677 4322 1942 4380 Manuelis
1973 4323 2239 4380 Comueni
2274 4321 2617 4390 imperatoris
2656 4332 2711 4375 et
2755 4319 3032 4375 Michaelis
3086 4320 3330 4376 Anchiali
3362 4322 3686 4390 patriarchae

455 4402 1035 4471 Constantinopolitani
1093 4413 1152 4458 ut
1189 4405 1304 4473 ipse
1336 4407 1436 4462 sub
1485 4409 1695 4463 initium
1726 4410 2055 4479 prtet‘ationis
2098 4426 2210 4466 sua!
2257 4410 2309 4464 in
2355 4410 2793 4466 Nomocanonem
2840 4408 3038 4473 Photii,
3077 4424 3196 4478 qua:
3244 4409 3432 4464 eadem
3476 4418 3528 4464 et
3564 4409 3687 4463 huic

458 4505 730 4544 canonum
758 4491 1194 4560 interpretationi
1229 4494 1478 4560 inservit,
1514 4503 1745 4551 testatus
1770 4506 1875 4563 est,
1904 4498 2054 4552 dicen

2090 4536 2091 4545 η
2121 4515 2135 4553 :
2165 4497 2337 4553 Τοῦτο
2373 4496 2470 4550 καὶ
2504 4498 2664 4567 ἡμεῖς
2693 4495 3004 4567 ὁρισθέντος
3046 4497 3198 4566 παρὰ
3231 4495 3324 4551 τοῦ
3359 4496 3686 4564 θεοστεφοῦς

457 4575 621 4642 ἁγίου
649 4576 811 4645 ἡμῶν
850 4577 1255 4648 αὐτοκράτορος
1292 4578 1446 4647 ἁγίου
1486 4581 1745 4651 Μανουὴλ
1773 4584 2068 4652 Κομνηνοῦ
2099 4586 2197 4639 καὶ
2232 4584 2327 4638 τοῦ
2361 4584 2777 4651 παναγιωτάτου
2814 4583 2974 4653 ἡμῶν
3016 4583 3277 4636 δεσπότου
3303 4584 3399 4636 καὶ
3440 4584 3692 4653 οίκουμε-

459 4662 614 4717 νικοῦ
645 4663 987 4733 πατριάρχου
1014 4664 1108 4718 τοῦ
1134 4667 1421 4734 γεγονότος
1448 4667 1654 4721 ὑπάτου
1702 4669 1809 4721 τῶν
1864 4668 2191 4739 φιλοσόφων,
2224 4672 2414 4742 κυρίου
2444 4670 2662 4740 Μιχαὴλ
2709 4669 2804 4723 τοῦ
2866 4670 3169 4741 Ἀγχιάλου,
3206 4674 3334 4734 τοὺς
3368 4672 3548 4742 ίεροίις
3594 4687 3694 4724 καδ-

458 4753 620 4815 νόνας
652 4752 1122 4821 κατασκέψασθαι,
1160 4756 1346 4809 καὶτὰ
1372 4756 1430 4811 ἐν
1460 4756 1642 4820 αὐτοῖς
1667 4759 1852 4828 ἀσαφῆ
1883 4759 2108 4822 καὶτοῖς
2141 4758 2325 4829 νόμοις
2353 4759 2415 4811 τὸ
2442 4759 2618 4811 δοκεῖν
2647 4757 3036 4826 ἐναντιούμενα
3073 4758 3369 4828 σαφηνίσαι
3396 4759 3486 4811 καὶ
3519 4758 3691 4827 ἑρμη-

458 4840 669 4894 νεῦσαι.
702 4839 1028 4909 Quapropter
1063 4858 1154 4896 nos
1177 4859 1321 4907 sane,
1355 4845 1444 4897 ubi
1478 4862 1509 4898 a
1540 4846 1790 4900 divinitus
1819 4856 2071 4900 coronato
2108 4862 2293 4899 sancto
2328 4853 2504 4899 nostra
2560 4846 2881 4912 imperatore
2927 4844 2993 4897 D.
3042 4844 3285 4899 Manuele
3325 4845 3607 4906 Conmeno,
3640 4856 3689 4897 et

458 4928 794 4981 sanctissimo
828 4912 1044 4980 domino
1075 4940 1254 4982 nostra
1288 4941 1337 4983 et
1370 4932 1687 4984 aecumeniro
1719 4932 2023 5000 patriarcha
2061 4932 2130 4986 Ι).
2162 4934 2415 4987 illic/saele
2435 4930 2706 4992 Anchiale,
2729 4932 2821 4999 qui
2856 4931 3280 5000 philosophorum
3303 4932 3536 4995 princeps
3561 4930 3685 4998 fuit,

459 5012 727 5067 decretum
760 5025 915 5076 esset,
948 5024 1005 5067 ut
1035 5032 1215 5069 sacros
1242 5033 1463 5071 canones
1493 5018 1771 5086 diligenter
1805 5019 2201 5086 inspiceremus,
2238 5029 2289 5072 et
2323 5033 2447 5086 quae
2462 5019 2513 5069 in
2544 5017 2656 5070 illis
2686 5016 2991 5071 obscuriora
3018 5028 3205 5078 essent,
3233 5017 3485 5086 modoque
3514 5017 3692 5086 aliqua

461 5098 658 5168 legibus
702 5100 975 5154 adversari
1008 5102 1324 5165 viderentur,
1353 5104 1767 5168 declararemus,
1791 5115 1943 5174 atque
1968 5106 2445 5174 interpretarentur.
2471 5104 2572 5159 Ubi
2602 5104 2763 5158 etiam
2786 5107 3076 5160 observare
3124 5106 3269 5169 licet,
3323 5106 3423 5158 hoc
3461 5105 3509 5157 ei
3555 5118 3693 5173 opus

460 5187 771 5253 impositum
800 5186 994 5250 fuisse,
1028 5189 1341 5257 priusquam
1370 5191 1681 5257 patriarcha
1721 5200 1938 5247 creatus
1965 5203 2136 5256 esset,
2167 5200 2360 5246 etcum
2402 5190 2580 5244 adhuc
2610 5187 2787 5246 ollicio
2819 5192 2997 5262 aliquo
3024 5192 3076 5246 in
3104 5191 3339 5246 Ecclesia
3369 5191 3689 5245 Constanti-

461 5276 774 5342 nopolitana
803 5276 1118 5343 iungeretur
1152 5292 1168 5330 :
1203 5278 1470 5347 siquidem
1521 5281 1885 5349 patriarcham
1918 5282 2571 5352 Constantinopolitanum
2602 5284 2882 5339 dominum
2916 5297 3076 5337 suum
3126 5282 3373 5351 appellet.
3427 5283 3676 5352 Captum

457 5362 738 5428 estigitur
767 5362 869 5417 hoc
896 5378 1031 5432 opus
1061 5362 1319 5419 Michaele
1358 5366 1627 5421 Anchialo
1663 5368 1919 5421 thronum
1952 5369 2606 5438 Constantinopolitanum
2666 5379 2914 5436 tenente;
2950 5372 3044 5424 sed
3098 5383 3204 5423 non
3252 5379 3682 5425 consummatum

457 5456 546 5500 est
612 5461 783 5516 usque
834 5450 902 5502 ad
956 5449 1245 5518 Georgium
1298 5449 1659 5519 Xiphilinutn.
1723 5455 1790 5506 ad
1841 5456 2024 5507 sedem
2080 5455 2239 5508 istam
2299 5465 2548 5511 evectum
2611 5471 2753 5510 anno
2815 5456 3027 5510 Domini
3085 5456 3243 5525 “9|,
3304 5458 3426 5526 plus
3485 5458 3682 5513 minus.

460 5534 605 5589 Huic
654 5537 803 5592 enim
862 5537 1185 5606 patriarcha
1226 5536 1509 5593 Balsamon
1556 5540 1876 5608 praeclarum
1933 5540 2036 5597 hoc
2086 5558 2222 5614 opus
2269 5556 2298 5599 a
2337 5557 2398 5600 se
2439 5545 2777 5602 elaboratum
2826 5544 3094 5601 dedicarit
3137 5563 3153 5599 :
3211 5556 3267 5603 et
3316 5545 3383 5601 ad
3440 5548 3699 5602 eumdem.

522 5756 594 5822 (α)
625 5754 875 5809 Edidimus
907 5755 1036 5808 inter
1067 5756 1230 5809 Pbotii
1256 5768 1424 5821 opera,
1447 5761 1561 5809 tom.
1591 5758 1707 5811 CIV.
1732 5759 1865 5812 Eutr.
1894 5761 2046 5814 Pan.
