4042 6214
284 367 363 429 25
1361 370 1570 435 GUIL.
1609 371 2024 435 nuvuaacu
2056 354 2475 432 PRAZFATIO.
3350 354 3363 366 '
3444 362 3516 425 se

288 495 411 536 vero
445 479 709 536 inveniens
736 480 794 534 in
825 483 1092 539 nonnullis
1137 485 1396 544 codicibus
1425 506 1658 544 errarem
1688 492 1965 559 scripturae
2010 493 2151 545 circa
2180 490 2427 551 Celestini
2462 505 2649 544 nomen
2691 487 2937 559 (namque
2971 503 3066 555 pro
3096 485 3322 543 Celestia
3355 482 3515 538 Cele-

281 570 465 625 stiuus
494 570 725 622 insertus
756 572 855 639 est)
880 572 1035 624 dictis
1067 575 1275 641 scriptis
1303 592 1364 630 ne
1387 578 1622 630 animum
1649 578 1911 632 advertas.
1942 577 2083 631 Nam
2119 578 2409 634 Celestinus
2447 594 2582 645 papa
2603 588 2714 632 erat
2747 576 3037 640 Romanus,
3073 574 3417 638 orthodozus,
3449 580 3509 624 ut

281 673 452 727 supra
480 657 679 710 dictum
710 665 791 711 est
823 673 844 712 :
873 657 1133 713 Celestius
1158 677 1273 716 vero
1308 679 1423 717 cum
1462 662 1708 719 Nestorio
1744 666 2016 729 sentiebat,
2044 668 2147 720 sive
2195 666 2476 719 ha'reticus
2503 675 2637 719 erat.
2673 664 2800 731 Quae
2833 666 2942 732 ipsa
2976 662 3311 717 Balsamonis
3346 660 3510 713 verba

283 753 513 798 exstant
540 745 595 797 in
626 744 848 799 scholiis
876 746 992 814 ejus
1018 747 1085 799 ad
1121 748 1348 814 primum
1400 752 1590 821 synodi
1620 753 1905 821 Ephesium
1941 768 2229 807 canoncm.
2271 752 2553 806 Matthaaus
2584 750 2854 806 Blastares
2884 751 3047 806 etiam
3093 750 3143 802 in
3171 747 3513 816 alphabetico

283 831 458 900 ipsius
486 841 841 902 syntagmate,
872 833 986 887 haec
1017 833 1351 891 Balsamonis
1405 839 1607 892 scholia
1638 855 1739 893 non
1773 839 1901 894 citat
1926 844 2103 904 modo,
2136 841 2230 893 sed
2256 848 2309 893 et
2340 838 2566 893 subinde
2599 839 2932 893 transcribit.
2970 837 3108 902 Quin
3135 835 3297 890 etiam
3333 828 3543 888 Isido-’

287 933 387 973 rus
418 917 715 982 Mercator,
748 921 816 971 ad
853 919 1099 975 Latinam
1128 938 1281 977 suam
1313 938 1581 979 canonum
1615 926 1919 982 versionem
1961 928 2352 991 exornandam,
2387 927 2538 980 hisce
2568 927 2972 981 commentariis
3003 939 3133 979 usus
3153 932 3256 978 est.
3291 924 3339 976 ls
3363 921 3523 1011 enim

283 1020 403 1059 suae
430 1006 736 1059 duodecitni
761 1008 984 1061 canonis
1015 1010 1203 1078 synodi
1232 1010 1577 1082 'Gangrensis
1600 1014 1834 1067 versioui
1866 1014 1980 1068 hzec
2014 1015 2314 1080 interserit,
2342 1014 2503 1067 Beroe
2530 1014 2740 1066 videtur
2765 1011 3052 1065 Balsamon
3094 1012 3363 1078 episcopus
3397 1008 3506 1062 An-

283 1091 559 1145 tiaelteuus
595 1092 735 1146 hunc
771 1092 942 1146 locum
992 1094 1373 1164 interpretans,
1401 1114 1587 1152 uocare
1608 1109 1770 1154 vestes
1800 1116 1865 1155 ea:
1892 1102 2058 1155 serica
2098 1111 2390 1154 contextae.
2444 1100 2506 1153 Et
2543 1101 2613 1153 ita
2669 1100 2883 1155 cuidem
2919 1097 3294 1152 Balsatuouem
3320 1108 3506 1151 vocem

281 1176 502 1246 Βήρους
537 1179 954 1248 interpretatum
989 1193 1132 1245 esse,
1161 1194 1227 1235 ex
1265 1182 1489 1238 scholiis
1516 1184 1633 1254 ejus
1664 1186 1717 1239 in
1750 1185 1952 1242 dictum
1981 1202 2241 1242 canonem
2276 1188 2553 1243 elucescit.

364 1265 408 1319 Δ
442 1275 687 1333 tempore
714 1276 894 1319 autem
919 1281 1029 1334 quo
1064 1278 1438 1324 consummata
1478 1281 1598 1324 sunt
1627 1271 1938 1327 doctissima
1987 1275 2099 1327 haec
2133 1274 2463 1329 Balsamonis
2494 1276 2546 1329 iu
2589 1274 3029 1329 Nomocauouem
3065 1270 3342 1334 Photii,’et
3373 1284 3504 1324 cou-

283 1351 537 1406 ciliorum
580 1350 913 1421 Patrumque
943 1368 1182 1409 canones
1213 1359 1628 1423 commentaria,
1658 1360 2082 1429 quadringentos
2117 1361 2504 1430 propemodum
2556 1376 2728 1415 anuos
2782 1361 2923 1413 inter
2959 1358 3176 1413 Graecos
3206 1358 3505 1420 latuerunt,

280 1441 491 1495 Latinis
520 1439 796 1509 plerisque
830 1441 1106 1508 incognita
1138 1461 1151 1498 :
1181 1444 1353 1500 donec
1387 1445 1688 1501 Gentianus
1713 1446 1996 1511 Hervetus,
2027 1447 2295 1513 Tridenti,
2326 1463 2446 1503 cum
2482 1449 2770 1504 concilium
2806 1446 2877 1501 ibi
2914 1447 3223 1509 haberetur,
3261 1460 3506 1499 commo—

281 1543 432 1594 rans,
464 1539 519 1582 et
541 1538 855 1584 accuratum
881 1546 1070 1585 eorum
1107 1541 1299 1589 nactus
1326 1536 1604 1605 exemplar
1634 1552 1661 1589 a
1690 1534 1903 1590 Joanne
1956 1536 2113 1601 Tilio,
2139 1535 2391 1606 episcOpo
2433 1535 2731 1600 Brioceusi,
2766 1534 2894 1588 illud
2926 1532 3125 1587 Latine
3159 1533 3339 1586 vertit.
3375 1533 3506 1599 Quae

282 1614 404 1683 ejus
431 1618 610 1669 versio
658 1618 779 1670 sine
817 1616 1009 1674 Crteco
1071 1629 1243 1687 textu,
1281 1638 1310 1675 a
1363 1620 1650 1678 Guilielmo
1694 1622 1923 1677 Morelio
1971 1622 2195 1677 Lutetiae
2224 1621 2554 1678 Parisiorum
2586 1624 2726 1694 typis
2771 1622 3024 1676 mandata
3066 1619 3171 1675 iuit
3214 1634 3359 1674 anno
3400 1620 3504 1673 Do-

286 1701 417 1754 mini
442 1700 603 1755 l56l.
631 1700 762 1757 Post
804 1703 1007 1760 multos
1039 1716 1219 1760 autem
1271 1722 1443 1763 annos
1487 1708 1788 1778 bibliopolae
1816 1707 2150 1764 Parisienses
2178 1708 2423 1763 Graecum
2474 1710 2747 1779 quoddam
2794 1708 3070 1764 consecuti
3111 1707 3504 1777 apographum,

286 1785 423 1841 illud
460 1803 565 1840 una
600 1802 719 1842 cum
758 1790 1017 1857 praedicta
1044 1791 1263 1847 Hervetl
1292 1795 1540 1849 versione
1581 1794 1633 1848 in
1682 1795 1953 1864 publicam
2012 1796 2185 1850 lucem
2235 1796 2560 1861 emiserunt,
2588 1794 2816 1850 Lutetiae
2862 1795 3196 1850 Parisiorum
3228 1807 3370 1847 anno
3401 1792 3507 1846 Do-

282 1874 419 1928 mini
454 1874 615 1930 1620.
636 1876 720 1941 ‘Et
748 1877 862 1932 hate
888 1878 1109 1948 quidem
1140 1880 1328 1946 editio,
1359 1897 1531 1953 eaque
1559 1881 1699 1945 sola,
1741 1883 1809 1936 ab
1834 1896 1900 1936 eo
1924 1895 2096 1951 usque
2125 1891 2364 1952 tempore
2403 1882 2685 1937 doctorum
2712 1884 2962 1937 manibus
2993 1882 3118 1937 trita
3149 1881 3269 1935 fuit.
3304 1879 3505 1933 Verum

277 1960 557 2023 enimvero
607 1963 735 2017 licet
786 1966 853 2019 ad
888 1966 1044 2020 istam
1095 1969 1467 2024 exornandam
1517 1970 1811 2024 editionem
1848 1971 2236 2034 Parisiensem,
2267 1972 2431 2024 multa
2461 1985 2527 2024 ex
2563 1985 2691 2024 mss.
2731 1967 3031 2031 Vaticanis,
3061 1977 3115 2023 et
3146 1966 3403 2023 nonnulla
3434 1981 3501 2021 ex

276 2050 472 2103 codice
511 2048 793 2105 heredum
813 2051 1036 2108 Achillis
1066 2051 1283 2121 Harlaai,
1315 2056 1472 2124 primi
1506 2057 1559 2111 in
1584 2071 1836 2121 suprema
1870 2059 2021 2112 curia
2056 2059 2349 2115 Parisieusi
2380 2058 2659 2127 praesidis,
2694 2058 2918 2113 collecta
2947 2057 3182 2121 fuerint;
3216 2054 3504 2123 quamplu-
3532 2086 3535 2087 ν

280 2136 421 2189 rima
449 2142 632 2190 tamen
670 2137 727 2190 in
776 2153 838 2193 ea
866 2140 1042 2195 doctis
1084 2142 1261 2199 adhuc
1309 2145 1612 2202 desiderata
1645 2156 1788 2204 sunt.
1822 2147 2000 2201 Multae
2042 2144 2186 2199 enim
2220 2144 2425 2200 lacinia:
2454 2146 2506 2198 iu
2558 2146 2676 2213 ipso
2705 2145 2896 2199 Graeco
2928 2152 3075 2197 textu
3122 2143 3323 2198 relictae
3346 2152 3503 2204 sunt,

287 2236 407 2291 qua:
428 2237 458 2275 a
490 2223 638 2277 nullo
662 2224 955 2293 exemplari
979 2226 1168 2284 Graeco
1199 2232 1434 2301 suppleri
1466 2243 1718 2300 poterant
1744 2253 1759 2289 :
1788 2244 1843 2288 et
1872 2233 1973 2301 ipsi
2002 2232 2243 2285 editores
2275 2231 2505 2299 ingenue
2550 2231 2812 2293 fatentur.
2839 2245 2897 2285 se
2922 2231 2977 2284 in
3010 2230 3216 2285 nullum
3245 2228 3504 2283 incidisse

280 2307 579 2377 perfectum
598 2320 664 2367 .et
705 2312 981 2379 expletum
1016 2316 1257 2371 codicem
1306 2317 1574 2382 Graecum,
1607 2320 1699 2388 qui
1739 2312 1983 2374 Latinam
2020 2317 2234 2372 Herveti
2275 2321 2578 2371 versionem
2611 2326 2876 2385 aequaret,
2903 2332 3066 2387 quam
3120 2316 3291 2370 nihilo
3320 2315 3503 2370 secius

284 2395 661 2451 adhibuerunt.
686 2398 806 2462 Quo
846 2399 1047 2455 factum
1096 2412 1201 2469 est,
1249 2412 1308 2459 ut
1349 2404 1490 2460 inter
1514 2405 1761 2461 Graecum
1807 2416 2013 2462 textum
2051 2415 2107 2460 et
2153 2403 2399 2458 Latinam
2436 2406 2762 2468 versionem,
2791 2404 3209 2474 quamplurimis
3256 2405 3311 2458 in
3364 2402 3502 2456 locis

224 2534 231 2537 ,
284 2480 507 2535 minime
526 2483 839 2549 conveniat,
872 2499 992 2540 cum
1020 2489 1299 2558 exemplar
1326 2506 1433 2561 quo
1470 2506 1601 2546 usus
1627 2500 1710 2546 est
1737 2490 2034 2548 Geutianus
2073 2491 2338 2548 Hervetus
2370 2508 2515 2546 nunc
2548 2493 2723 2561 plura,
2755 2508 2898 2547 nunc
2928 2492 3183 2561 pauciora
3217 2492 3497 2555 habuerit,

275 2580 439 2634 quam
467 2567 599 2622 illud
629 2572 773 2639 quod
802 2572 919 2642 ejus
943 2575 1174 2630 versioui
1206 2576 1587 2648 adjunxerant.
1611 2577 1679 2633 Et
1721 2578 1810 2634 ubi
1856 2583 2076 2638 totidem
2108 2582 2392 2652 utrobique
2428 2591 2557 2636 sunt
2610 2581 2915 2641 sententiae.
2943 2594 3136 2636 sensus
3166 2590 3351 2634 tamen
3394 2578 3484 2633 hic

271 2671 434 2731 atque
462 2662 535 2717 ibi
564 2664 702 2719 alius
735 2681 877 2734 sepe
910 2670 1353 2739 deprehenditur.

342 2749 479 2804 Cum
506 2750 689 2819 itaque
742 2750 1071 2811 Parisiensis
1121 2758 1315 2813 horum
1369 2760 1708 2819 Balsamonis
1742 2764 1794 2819 in
1825 2780 2059 2823 canones
2088 2769 2602 2823 commentariorum
2652 2768 2819 2821 editio
2873 2766 3012 2822 adeo
3070 2765 3256 2819 mutila
3310 2762 3499 2825 fuerit,

271 2844 437 2905 atque
470 2836 809 2906 imperfecta,
842 2855 1057 2895 summo
1090 2846 1162 2898 rei
1188 2850 1462 2904 canonica;
1490 2850 1852 2906 emolumento
1886 2855 2102 2917 accidit,
2141 2865 2198 2908 ut
2230 2865 2382 2909 vetus
2420 2857 2708 2909 admodum
2728 2865 2780 2908 et
2820 2854 3146 2923 completum
3185 2851 3498 2906 earumdem
3530 2868 3533 2871 λ

273 2923 557 2992 exemplar
589 2925 643 2979 in
677 2926 1101 2997 locupletissima
1131 2944 1317 2989 nostra
1351 2935 1682 2993 bibliotheca
1731 2938 2018 2994 Bodleiana
2063 2940 2285 2996 Oxonise
2316 2944 2655 3005 haberemus,
2686 2942 2826 3012 quod
2855 2940 3261 3010 quadringentis
3283 2938 3507 2994 circiter

276 3009 477 3066 abhinc
515 3012 691 3077 annis,
724 3024 780 3066 ut
808 3030 873 3069 ex
909 3017 1127 3085 charta,
1164 3021 1592 3091 characteribus,
1624 3026 1895 3096 ligaturis,
1931 3029 2157 3097 aliisque
2197 3028 2503 3083 istiusmodi
2534 3009 3117 3096 antiquitatisiudiciis
3146 3027 3495 3095 conjicimus,

274 3099 511 3169 eleganti
554 3117 713 3156 manu
748 3116 1033 3160 exaratum
1076 3111 1226 3178 prelo
1276 3115 1491 3168 tandem
1528 3116 1819 3183 aliquando
1873 3117 2225 3184 subjecimus,
2254 3125 2308 3169 et
2360 3115 2559 3184 publici
2612 3116 2712 3169 hoc
2754 3116 2806 3169 iu
2849 3131 3012 3184 opere
3057 3113 3195 3182 juris
3248 3114 3497 3169 fecimus.

274 3187 466 3257 Neque
498 3190 641 3243 enim
678 3191 758 3246 l'as
785 3204 921 3260 erat,
961 3205 1019 3250 ut
1048 3206 1155 3251 tam
1199 3202 1499 3269 pretiosum
1538 3203 1676 3271 juris
1708 3206 1950 3260 canonici
1981 3205 2266 3273 κειμήλιον
2299 3206 2350 3257 in
2383 3220 2484 3257 una
2526 3205 2848 3259 bibliotheca
2880 3204 3085 3259 diutius
3120 3204 3316 3259 lateret
3345 3221 3359 3256 :
3391 3217 3499 3272 quo
3528 3220 3531 3225 ‘

272 3288 380 3327 non
412 3274 571 3329 modo
603 3292 809 3345 omnes,
846 3296 967 3350 qua:
997 3283 1049 3337 in
1084 3286 1254 3353 priori
1288 3286 1507 3343 fuerunt
1544 3291 1804 3355 editione,
1846 3294 2051 3346 lacunae
2083 3290 2339 3359 suppleta:
2372 3302 2531 3357 sunt;
2564 3307 2749 3344 verum
2786 3294 2947 3346 etiam
2969 3293 3073 3345 alia
3103 3290 3499 3360 quamplurima

275 3360 353 3415 ibi
377 3360 702 3428 desiderata,
742 3366 828 3420 hic
874 3370 1293 3438 interseruntur,
1326 3384 1381 3428 et
1411 3378 1589 3430 omnia
1615 3377 1727 3432 fere
1762 3394 1929 3449 usque
1970 3379 2107 3431 adeo
2143 3379 2522 3443 emendantur,
2552 3388 2608 3431 ut
2641 3393 2768 3432 vera
2806 3378 3148 3433 Balsamonis
3170 3377 3523 3433 Antiocheni‘

274 3444 332 3499 in
369 3460 606 3502 canones
628 3454 1020 3507 commentaria
1050 3471 1192 3511 nunc
1220 3459 1453 3525 primum
1487 3460 1538 3514 in
1566 3460 1734 3517 lucem
1761 3444 1959 3520 emissa
1985 3464 2302 3523 videantur.

345 3557 426 3611 Ad
476 3556 734 3626 majorem
783 3570 958 3619 tamen
989 3566 1173 3635 operis
1221 3578 1471 3624 ornatum
1514 3572 1720 3629 duobus
1752 3576 1872 3631 aliis
1897 3579 2207 3631 eorumdem
2266 3578 2606 3634 scholiorum
2660 3581 2940 3636 codicibus
2984 3594 3120 3636 mss.
3152 3579 3233 3634 usi
3281 3593 3489 3641 sumus,

275 3640 607 3739 Etoniensi,
644 3658 697 3739 et
731 3649 1165 3739 Amerhachiano
1192 3670 1206 3721 ;
1244 3670 1471 3723 quorum
1502 3658 1630 3713 illud
1666 3662 2001 3729 amplissimo
2024 3665 2140 3719 viro
2169 3664 2442 3720 Richardo
2473 3669 2723 3737 Allestry,
2753 3668 2861 3723 SS.
2892 3667 3174 3739 theologia:
3204 3666 3497 3737 professorl

280 3729 427 3826 regio
462 3729 517 3784 in
550 3732 840 3788 Academia
866 3736 1188 3806 Oxoniensi,
1222 3751 1277 3796 et
1309 3744 1509 3813 regalis
1542 3745 1748 3817 collegii
1782 3747 2016 3805 Etouiae
2051 3755 2332 3809 constituti
2396 3754 2651 3823 praefecto
2672 3729 2966 3826 acceptum
2999 3729 3223 3811 ferimus
3259 3774 3273 3811 :
3308 3764 3494 3823 utpote

273 3817 588 3915 quieturam
636 3820 896 3915 adhibere
935 3824 1189 3893 dignatus
1233 3838 1337 3894 est,
1368 3842 1426 3885 ut
1460 3834 1735 3890 variantes
1777 3852 1840 3891 ex
1887 3838 2075 3894 codice
2127 3855 2227 3895 ms.
2261 3842 2313 3894 in
2366 3817 2687 3897 bibliotheca
2732 3817 2971 3912 ejusdem
3011 3845 3223 3915 collegii
3261 3842 3498 3911 reposito

272 3902 537 4002 lectipnes
572 3905 976 3976 colligerentur.
1029 3912 1181 3966 Alter
1213 3916 1385 3970 codex
1444 3934 1547 3973 ms.
1600 3935 1706 3989 quo
1737 3921 1903 3989 adjuti
1963 3940 2170 3992 sumus,
2203 3938 2287 3981 est
2323 3939 2564 3983 vetustus
2598 3931 2685 3984 ille
2712 3902 3040 4002 et'insigltis,
3072 3902 3251 4000 quivin
3283 3930 3497 3999 publica
3530 3956 3533 3959 -

273 3988 583 4044 Academiae
625 3991 951 4049 Basileeusis
992 3997 1320 4055 bibliotheca
1348 4013 1551 4068 exstat,
1594 4008 1679 4061 cui
1736 3988 1857 4061 eum
1888 3988 2227 4066 clarissimus
2254 4015 2337 4068 vir
2390 4014 2619 4070 Basilius
2679 3988 3157 4088 Amerba'chiusta
3214 4017 3365 4080 cujus
3395 4030 3501 4069 uo-

279 4076 429 4167 mine
461 4077 935 4167 Amerbachianum
962 4085 1319 4160 appellamus)
1350 4089 1525 4159 legato
1551 4094 1694 4147 dedit
1726 4110 1867 4149 anno
1905 4095 2113 4152 Domini
2167 4099 2326 4155 1593.
2356 4102 2471 4167 Quo
2517 4104 2655 4156 inter
2688 4104 2817 4166 alia,
2859 4076 3198 4158 Balsautonis
3252 4076 3409 4156 simul
3445 4111 3501 4155 et

273 4158 501 4217 Zonaras
534 4163 587 4218 in
625 4179 862 4221 canones
910 4158 1325 4238 commentaria,
1373 4158 1544 4230 nitido
1576 4187 1629 4232 et
1678 4189 1892 4235 vetusto
1934 4184 2252 4239 charactere
2278 4187 2572 4254 descripta,
2602 4190 2982 4254 continentur;
3019 4191 3111 4243 sed
3141 4188 3349 4242 Zonara
3377 4202 3501 4257 per-

277 4254 440 4315 petuo
470 4248 775 4306 Balsamoni
801 4256 1101 4320 praemisso.
1134 4256 1305 4325 Hujus
1339 4260 1600 4329 elegantis
1647 4266 1848 4320 codicis
1874 4284 2029 4324 usum
2050 4268 2299 4323 fructum
2336 4248 2744 4327 honoratissimi
2787 4275 2931 4327 illius
2957 4276 3263 4329 Academia!
3295 4289 3491 4342 proce-
3524 4322 3527 4327 .

272 4349 363 4391 res
395 4337 464 4391 ad
498 4337 634 4391 hanc
655 4340 948 4395 editionem
974 4344 1340 4400 adornaudam
1366 4350 1731 4417 permiserunt
1765 4353 1921 4410 nobis
1952 4356 2322 4411 exhibendum
2363 4375 2459 4427 per
2498 4376 2714 4415 manum
2744 4372 2801 4416 et
2833 4362 3155 4427 industriam
3181 4363 3483 4418 doctissimi

267 4424 606 4519 :iri-d‘omini
634 4424 861 4519 Joannis
893 4429 1159 4500 Rodolphi
1201 4432 1513 4503 Wetstenii,
1558 4438 1678 4506 lilii,
1722 4441 1812 4511 qui
1866 4452 2012 4500 tanta
2065 4446 2191 4511 ﬁde,
2223 4424 2374 4501 tanta
2402 4448 2679 4519 diligentia
2715 4466 2821 4505 ms.
2873 4424 3035 4504 istum
3088 4452 3333 4506 codicem
3367 4467 3495 4506 cum

263 4510 671 4567 Parisiensibus
697 4514 1030 4573 Balsatnonis
1068 4530 1122 4573 et
1164 4519 1389 4577 Zonaras
1425 4510 1749 4582 editionibus
1778 4533 2033 4593 contulit,
2072 4544 2129 4586 ut
2160 4549 2317 4601 pares
2372 4536 2421 4590 ei
2449 4510 2647 4606 gratias
2694 4537 2910 4593 referre
2939 4554 3281 4607 nequaquam
3318 4540 3499 4606 possi-

266 4613 430 4664 mus,
458 4614 632 4668 neque
671 4617 769 4656 nos
813 4604 980 4668 solos,
1009 4620 1195 4661 verum
1223 4615 1279 4662 et
1312 4624 1503 4666 omnes
1533 4615 1753 4669 omnino
1772 4616 1917 4685 juris
1941 4620 2191 4676 canonici
2219 4604 2492 4677 studiosos
2528 4625 2631 4679 hoc
2674 4626 2941 4694 singulari
2980 4604 3155 4694 ipsius
3184 4626 3367 4680 ofﬁcio
3391 4628 3493 4682 sibi

264 4684 323 4737 in
362 4692 627 4741 aateruum
678 4690 958 4745 devinctos
1014 4692 1253 4747 habebit.
1295 4694 1497 4753 Omnes
1539 4700 1681 4755 enim
1746 4684 1930 4760 varias
1964 4706 2224 4763 lectiones
2262 4710 2687 4779 exquisitissime
2712 4714 2966 4783 collegit;
2998 4726 3052 4766 et
3084 4716 3246 4767 multa
3274 4715 3496 4783 insuper

264 4773 489 4841 antiqua
544 4775 597 4828 in
631 4790 862 4831 canones
887 4779 1092 4833 scholia
1132 4796 1162 4835 e
1196 4783 1381 4837 codice
1409 4784 1513 4839 isto
1538 4788 1852 4857 exscripsit,
1886 4806 2004 4860 quae
2040 4809 2137 4847 nec
2171 4794 2224 4848 in
2267 4794 2625 4865 Balsamonis,
2651 4814 2753 4855 nec
2796 4798 3021 4856 Zonaras:
3062 4803 3493 4865 counuentariis,

266 4878 370 4919 nec
397 4867 528 4930 alio,
561 4882 822 4937 quantum
867 4872 1089 4939 scimus,
1122 4879 1308 4933 codice
1341 4879 1625 4937 habentur.
1652 4881 1764 4939 Hoc
1787 4900 1920 4942 sane
1954 4889 2238 4945 dolendum
2264 4901 2367 4956 est,
2407 4894 2549 4961 quod
2580 4896 2761 4949 nescio
2786 4910 2893 4964 quo
2930 4895 3038 4949 fato
3069 4906 3336 4950 accuratae
3368 4898 3484 4949 istae

268 4952 640 5020 collectioues,
676 4972 776 5026 per
805 4957 1080 5015 biennium
1123 4960 1240 5019 fere
1283 4966 1334 5018 in
1372 4967 1562 5022 itinere
1594 4971 1887 5040 haerentes,
1912 4976 2089 5031 serius
2125 4977 2193 5031 ad
2228 4993 2423 5033 manus
2453 4990 2669 5035 nostras
2700 4952 3087 5050 pervenerunt,
3118 4998 3277 5051 quam
3317 4993 3373 5034 ut
3408 4982 3493 5033 di-

262 5050 353 5137 cta
383 5043 587 5099 scholia
626 5044 724 5113 ipsi
768 5048 951 5116 operis
1000 5050 1158 5119 hujus
1205 5056 1417 5123 corpori
1452 5060 1563 5113 suis
1616 5059 1670 5115 in
1707 5061 1840 5117 locis
1883 5063 2134 5119 interseri
2180 5074 2451 5133 poterant.
2482 5067 2563 5121 Ne
2587 5043 2716 5137 quis
2738 5078 2915 5123 tamen
2964 5070 3031 5123 de
3060 5043 3378 5122 iis'outuino
3404 5071 3490 5125 hic

263 5128 590 5187 desideratis
620 5148 1071 5205 conquereretur,
1108 5156 1169 5194 ea
1192 5144 1395 5209 omnia,
1430 5143 1619 5201 Latine
1650 5149 1811 5203 etiam
1839 5166 1867 5204 a
1900 5151 2055 5206 nobis
2076 5167 2254 5216 versa,
2287 5155 2724 5210 annotationibus
2777 5156 3125 5221 inseruitnus,
3162 5157 3227 5209 ad
3267 5158 3487 5211 eosdem

266 5217 442 5271 relata
468 5234 731 5287 canones,
766 5224 964 5292 quibus
993 5226 1044 5279 in
1073 5229 1257 5284 codice
1286 5232 1717 5291 Anterbachiano
1754 5239 1990 5307 ascripta
2024 5247 2168 5293 sunt.
2208 5238 2287 5292 Ex
2312 5241 2484 5294 variis
2508 5251 2688 5296 autem
2727 5243 3046 5297 lectionibus
3084 5258 3180 5310 pro
3211 5253 3490 5313 cmnperto

268 5303 551 5397 habemus,
586 5308 826 5364 codicem
861 5311 1026 5366 istum
1058 5314 1549 5374 Amerbachiauum
1583 5336 1703 5375 cum
1737 5303 2032 5381 Bodleiano
2061 5335 2253 5381 nostro
2287 5328 2604 5397 plerumque
2647 5331 2969 5394 convenire,
3001 5330 3163 5384 etiam
3210 5331 3299 5385 ubi
3335 5330 3491 5384 Pari-

260 5388 463 5485 siensis
497 5391 667 5448 editio
711 5396 778 5449 ab
809 5404 1039 5467 utroque
1066 5399 1384 5471 discrepat:
1424 5407 1563 5461 adeo
1614 5417 1670 5462 ut
1703 5412 1844 5466 inter
1866 5413 2178 5469 innumeras
2207 5415 2355 5481 illas,
2392 5430 2527 5484 quas
2582 5418 2918 5471 clarissimus
2951 5418 3051 5485 vir,
3088 5433 3189 5473 ms.
3217 5419 3486 5472 Amerha~

258 5475 517 5530 chianum
542 5495 663 5534 cum
696 5481 1105 5541 Parisieusibus
1128 5488 1412 5546 codicibus
1457 5494 1766 5563 conferens,
1816 5501 1999 5556 varias
2047 5502 2268 5571 collegit
2320 5503 2607 5567 lectiones,
2638 5518 2759 5560 raro
2792 5504 3079 5559 admodum
3138 5507 3266 5569 ulla,
3295 5516 3481 5559 notatu

255 5565 457 5657 saltem
486 5567 665 5638 digna,
696 5584 968 5657 occurrat,
994 5591 1114 5644 quae
1144 5591 1173 5630 a
1220 5581 1407 5635 codice
1443 5594 1626 5639 nostro
1658 5586 1745 5641 hic
1791 5588 2056 5657 impresso
2106 5565 2356 5644 dissidet:
2390 5590 2545 5656 Quod
2582 5565 2722 5645 idem
2762 5600 2818 5647 et.
2857 5599 2926 5647 de
2957 5593 3142 5648 codice
3167 5592 3476 5648 Aﬂtoniensi

257 5648 551 5747 dicendum
582 5663 686 5709 est.
718 5655 964 5747 Namque
994 5662 1136 5717 inter
1160 5673 1272 5719 tres
1304 5666 1470 5723 hosce
1506 5672 1722 5729 codices
1753 5648 1955 5746 optime
1978 5678 2262 5744 convenit;
2297 5648 2748 5747 quemadmodum
2803 5678 2858 5735 in
2880 5680 3321 5736 annotationibus
3345 5679 3482 5734 mul-

264 5736 428 5794 toties
455 5739 746 5811 observare
768 5743 919 5831 licet,
950 5747 1039 5806 ubi
1066 5758 1176 5807 tres
1211 5752 1375 5811 hosce
1400 5757 1617 5829 codices
1659 5770 1716 5819 se
1746 5736 1975 5821 invicem
2002 5736 2388 5824 conﬁrmauies
2420 5780 2562 5835 saepe
2598 5766 2971 5835 producimus.
2996 5768 3140 5830 Inter
3162 5783 3258 5829 eos
3296 5775 3476 5827 autem
