4042 6214
281 364 358 429 33
1346 362 1555 426 GUIL.
1588 363 2003 428 BEVEREGII
2035 362 2454 425 PREFATIO.
3472 364 3544 431 34

287 485 459 539 theca
497 479 807 536 Vaticana:
840 491 1120 548 nunquam
1170 478 1315 534 enim
1370 482 1606 538 antehac
1655 482 1801 540 edita
1843 480 2082 539 fuerunt.
2123 482 2205 537 Ad
2259 482 2403 538 hanc
2453 489 2633 538 autem
2701 491 2943 539 nostram
3001 497 3190 540 eorum
3246 484 3540 543 editionem

291 567 728 637 perpoliendam,
767 576 1001 635 quatuor
1057 564 1137 619 ttsi
1190 580 1377 621 smnus
1420 568 1701 623 codicibus
1745 585 1877 624 mss.
1925 585 2152 637 quorum
2202 586 2366 624 unum
2416 569 2695 624 nobiscum
2742 572 3186 635 communicavit,
3210 572 3547 630 clarissimus

289 655 377 707 vir
418 651 670 708 Joannes
697 653 961 716 Pearsou,
1007 650 1105 705 SS.
1143 652 1425 723 theologia
1459 655 1736 725 professor
1768 655 2162 725 Margareticus
2214 656 2268 709 in
2302 656 2655 711 universitate
2702 655 3162 727 Cantabrigiensi,
3211 658 3305 728 qui
3354 660 3407 714 in
3464 662 3547 715 bi-

290 741 573 796 bliotheca
611 740 825 807 collegii
864 739 968 794 SS.
1011 738 1322 805 Trinitatis,
1362 742 1448 796 cui
1497 742 1611 809 ipse
1656 742 1943 812 praefectus
1992 752 2077 798 est
2125 744 2176 798 in
2223 745 2413 798 eadem
2461 743 2836 810 universitate,
2886 746 3130 800 codicem
3170 747 3331 801 istum
3378 747 3551 802 nitide

288 836 585 883 exaratum
640 828 948 893 inveniens,
1004 829 1253 882 eumdem
1301 829 1456 884 nobis
1506 828 1695 884 Latine
1727 831 2047 884 vertendum
2097 837 2396 885 concedere
2445 830 2700 900 dignatus
2751 839 2856 896 est,
2909 840 2964 885 et
3009 832 3087 886 sic
3139 835 3367 901 primam
3422 833 3551 887 huic

295 916 517 970 edendo
549 914 703 983 Operi
736 914 1081 969 occasionem
1118 914 1365 983 praebuit.
1407 916 1509 970 lste
1539 924 1718 971 autem
1745 918 1918 972 codex
1947 917 2167 987 elonge
2196 917 2479 971 vetustiori
2513 918 2565 971 in
2599 917 2928 973 bibliotheca
2978 919 3276 973 Bodleiana
3321 919 3549 974 Oxoniae

294 1004 615 1071 eXScriptus
646 1002 847 1067 fuerat,
876 1017 1036 1070 quem
1070 1012 1353 1070 propterea
1385 1018 1527 1070 saepe
1556 1004 1842 1059 consulere
1874 1019 2160 1060 necessum
2209 1005 2516 1058 habuimus.
2552 1003 2691 1068 Quin
2735 1014 2790 1057 et
2821 1004 2984 1058 alium
3021 1005 3384 1075 suppeditavit
3411 1007 3549 1060 insi-

295 1091 602 1160 gnissimus
632 1090 717 1143 \ir
746 1087 988 1143 Thomas
1040 1087 1256 1150 Brown,
1305 1088 1405 1143 SS.
1452 1090 1740 1161 theologia:
1782 1091 2083 1161 professor,
2135 1100 2188 1145 et
2238 1092 2459 1161 capellae
2498 1093 2657 1160 regia:
2708 1090 3066 1147 Windesoriae
3116 1093 3546 1161 praebendarius.

293 1178 434 1232 Cum
489 1193 624 1248 opus
681 1190 866 1232 autem
918 1192 1055 1246 pene
1108 1178 1175 1233 ad
1226 1178 1542 1233 umbilicum
1599 1180 1916 1248 perductum
1966 1178 2149 1242 fuerit.
2196 1179 2335 1233 alius
2382 1179 2435 1231 in
2491 1178 2804 1246 supradicta
2868 1178 3194 1232 bibliotheca
3255 1177 3547 1232 Bodleiana

293 1252 554 1321 inventus
587 1274 670 1319 est
702 1266 876 1320 codex
928 1279 1031 1318 ms.
1084 1266 1316 1336 eleganti
1349 1256 1403 1319 et
1430 1276 1642 1322 vetusto
1670 1267 1989 1321 charactere
2020 1276 2277 1322 cxaratus
2307 1283 2322 1321 :
2361 1281 2391 1320 e
2422 1281 2531 1335 quo
2561 1266 2816 1321 nonnulla
2850 1275 3104 1333 excerpta
3135 1273 3285 1329 sunt,
3322 1266 3443 1334 quas
3489 1266 3547 1320 in

294 1354 423 1407 aliis
451 1354 733 1407 codicibus
763 1352 1170 1415 desiderantur,
1218 1368 1281 1407 ac
1310 1352 1536 1423 proinde
1584 1364 1708 1423 post
1736 1356 2045 1409 .canonicas
2086 1354 2361 1422 epistolas,
2410 1352 2475 1405 ad
2506 1367 2641 1419 quas
2670 1353 2965 1420 pertinent,
3023 1351 3075 1403 in
3111 1354 3350 1406 secundo
3380 1362 3529 1405 tomo

293 1442 555 1495 eduntur.
588 1441 787 1493 Eorum
818 1450 996 1493 autem
1024 1439 1397 1494 collectionem
1431 1442 1635 1509 pariter
1666 1449 1827 1511 atque
1857 1442 2163 1495 versionem
2192 1440 2310 1493 viro
2340 1438 2527 1491 multis
2560 1438 2869 1491 nominibus
2898 1438 3215 1491 honorando
3248 1436 3308 1489 D.
3342 1436 3542 1492 Joanni

295 1527 435 1590 Fell,
477 1527 533 1583 S.
561 1527 623 1580 T.
663 1526 747 1591 P.,
781 1526 1039 1581 Ecclesiae
1070 1526 1394 1582 cathedralis
1423 1527 1625 1583 Christi
1686 1530 1889 1583 decano
1916 1528 1972 1581 in
2002 1525 2365 1581 Universitate
2389 1524 2684 1581 Oxoniensi
2714 1525 2990 1590 debemus,
3018 1523 3109 1594 qui
3137 1524 3206 1579 ad
3237 1525 3541 1579 uberiorem

297 1614 469 1684 hujus
501 1614 680 1684 operis
706 1624 960 1668 ornatum
992 1614 1226 1679 curavit,
1259 1622 1318 1669 ut
1354 1615 1480 1669 illud
1518 1631 1654 1685 opus
1689 1631 1716 1670 a
1761 1618 1921 1670 docto
1950 1616 2185 1684 quodam
2232 1614 2350 1667 viro
2382 1613 2435 1667 in
2468 1614 2657 1667 eadem
2694 1612 2988 1667 Academia
3034 1611 3407 1681 perﬁceretur.
3434 1612 3544 1681 Sed

295 1712 358 1757 et
389 1702 568 1756 eidem
595 1702 757 1755 etiam
790 1703 1054 1769 pra'clara
1090 1702 1397 1763 eruditione
1430 1710 1486 1756 et
1532 1703 1728 1773 insigni
1764 1705 1965 1772 pietate
2012 1705 2129 1757 viro
2182 1712 2495 1757 accuratam
2544 1704 2709 1755 totius
2760 1701 2986 1771 hujusce
3024 1701 3205 1769 operis
3259 1700 3546 1755 editionem

295 1789 618 1859 reSpublica
672 1788 930 1844 canonica
984 1798 1267 1856 acceptam
1327 1788 1549 1856 referat,
1604 1791 1802 1861 quippe
1848 1790 2003 1859 cujus
2030 1790 2200 1845 solius
2234 1804 2365 1844 cura
2408 1798 2571 1858 atque
2604 1788 2831 1843 consilio
2880 1788 2934 1842 in
2970 1788 3226 1843 omnibus
3281 1786 3549 1853 adhibito,

297 1888 563 1932 accurate
592 1879 727 1932 adeo
758 1885 809 1932 et
843 1877 1006 1947 polite
1038 1876 1238 1947 prodit.

370 1986 457 2042 Ad
511 1986 716 2041 calcem
769 1984 938 2039 totius
987 1983 1169 2050 operis
1219 1983 1602 2040 annotationes
1656 1983 2031 2054 subjunximus
2062 1986 2179 2059 (q):
2236 1987 2287 2041 in
2350 1985 2546 2053 quibus
2614 1984 2742 2054 quid
2801 1984 3172 2054 praestitimus,
3215 1984 3298 2039 vel
3360 1984 3551 2038 saltem

304 2083 567 2143 praestare
611 2071 788 2124 conati
848 2085 1057 2132 sumus,
1111 2072 1295 2138 paucis
1350 2072 1721 2139 expediemus.
1760 2070 1944 2127 Primo
1992 2076 2136 2129 enim
2178 2075 2332 2129 nobis
2382 2074 2606 2128 minime
2645 2075 2982 2142 propositum
3026 2073 3149 2136 fuit,
3215 2074 3267 2127 in
3311 2072 3555 2141 singulos

305 2174 547 2215 canones
594 2172 903 2226 eorumque
933 2156 1134 2210 scholia
1175 2158 1595 2213 commentarios
1632 2159 1814 2224 edere,
1842 2161 1983 2229 quod
2011 2176 2191 2229 opera:
2226 2160 2379 2215 nobis
2409 2161 2641 2228 pretium
2676 2159 2815 2214 haud
2860 2160 3033 2213 visum
3070 2168 3175 2214 est.
3220 2159 3297 2213 Ac
3328 2158 3555 2228 proinde

302 2245 613 2302 istiusmodi
643 2245 1019 2298 tantummodo
1050 2242 1205 2310 locis,
1255 2260 1375 2314 quae
1419 2247 1732 2300 obscuriora
1773 2247 1889 2301 visa
1922 2258 2064 2310 sunt,
2107 2262 2227 2314 qua:
2267 2262 2549 2315 perperam
2602 2247 2670 2300 ab
2718 2246 2839 2299 aliis
2868 2246 3158 2306 intellecta.
3209 2254 3301 2297 aut
3336 2243 3553 2311 majoris

301 2333 589 2398 momenti,
620 2342 674 2385 et
703 2330 1096 2399 frequentioris
1128 2332 1179 2384 in
1218 2331 1604 2386 ecclesiasticis
1629 2332 1978 2387 dischtiendis
2004 2333 2393 2387 controversiis
2424 2347 2580 2396 usus,
2616 2331 3001 2394 dilucidandis,
3030 2328 3371 2383 vindicandis
3406 2339 3459 2383 et
3487 2329 3554 2383 ad

307 2422 604 2491 genuinum
666 2420 908 2486 ipsorum
958 2432 1177 2472 sensum
1233 2418 1607 2482 restituendis,
1661 2427 1863 2482 totam,
1913 2421 2088 2487 qualis
2133 2419 2314 2490 qualis
2358 2417 2499 2483 fuit,
2548 2433 2767 2487 operam
2820 2418 3139 2471 locavimus.
3195 2414 3330 2470 llinc
3385 2417 3551 2471 etiam

308 2490 585 2561 variantes
634 2505 841 2575 passim
897 2503 1158 2558 lectiones
1206 2519 1273 2558 ex
1314 2504 1592 2557 codicibus
1624 2514 1734 2556 tam
1787 2508 1917 2557 mss.
1963 2521 2122 2575 quam
2172 2505 2454 2575 impressis
2496 2543 2512 2569 ,
2560 2490 2967 2568 adnotavimus;
3010 2502 3112 2555 alia
3162 2504 3323 2556 etiam
3360 2517 3551 2571 quam-

303 2595 542 2665 plurima
571 2593 802 2655 scholia,
841 2606 963 2660 quae
992 2600 1047 2643 ut
1078 2605 1252 2659 neque
1284 2592 1351 2644 ad
1394 2590 1759 2657 Balsamonis,
1794 2606 1890 2645 nec
1921 2591 2167 2655 Zonarae,
2201 2606 2302 2646 nec
2330 2590 2570 2645 Aristeui
2619 2589 2922 2661 ἑρμηνείας
2954 2588 3302 2656 pertinentia,
3342 2590 3394 2641 in
3437 2589 3553 2655 ipstt

299 2683 486 2753 aperis
536 2696 763 2749 corpore
813 2679 1062 2735 consulto
1116 2680 1479 2749 praetermissa
1524 2688 1681 2743 sunt,
1733 2693 1800 2733 ex
1850 2695 1981 2734 mss.
2033 2678 2338 2732 Bodleianis
2376 2686 2431 2731 et
2481 2677 2957 2733 Amerbachiauo.
3017 2675 3083 2728 ad
3148 2688 3277 2728 suos
3329 2689 3553 2742 quaeque

308 2786 557 2828 canones
584 2771 727 2825 inter
760 2768 1141 2823 annotationes
1171 2768 1539 2838 apposuimus.
1564 2767 1836 2835 Quidquid
1859 2754 2021 2822 etiam
2050 2765 2373 2822 scholiastes
2403 2768 2454 2818 in
2489 2763 2831 2818 Constantini
2863 2761 3246 2829 llarmenopuli
3278 2761 3552 2830 epitomen

301 2876 575 2919 canonum
608 2859 1075 2925 conscripserunt,
1105 2860 1170 2912 ad
1211 2857 1385 2911 locum
1414 2854 1591 2911 itidem
1621 2856 1873 2926 quodque
1897 2870 2050 2910 suum
2080 2854 2469 2924 congessimus.
2500 2851 2646 2906 Adeo
2678 2860 2736 2905 ut
2762 2850 2893 2904 nihil
2940 2864 2969 2903 a
2996 2847 3199 2904 Grtccis
3225 2848 3553 2918 quibuslibet

299 2953 353 3005 in
396 2949 507 3004 hoc
542 2944 792 3001 canonici
826 2946 1063 3014 ipsorum
1092 2944 1235 3013 juris
1263 2959 1459 3013 corpus
1489 2942 1856 3013 conscriptum
1884 2940 1952 2997 ad
1985 2940 2232 2997 notitiam
2268 2948 2510 2995 nostram
2552 2936 2821 3007 pervenit,
2849 2936 2991 3007 quod
3023 2952 3128 2991 non
3172 2937 3225 2990 in
3259 2937 3360 2991 hoc
3388 2935 3550 2990 unico

297 3052 467 3109 opere
497 3034 783 3090 collectum
818 3032 1119 3089 exhibetur.

364 3208 440 3271 to)
465 3208 622 3262 Notas
648 3206 817 3263 textui
847 3206 1165 3273 subjeeimus,
1201 3209 1288 3262 sed
1315 3208 1514 3259 delectu
1539 3207 1723 3258 habito.
1752 3207 1886 3258 Eutr.
1912 3207 2065 3258 Pun.
