4042 6214
404 380 479 445 ³ο
1671 380 1952 443 TIIEOD.
1981 380 2393 444 BALSAMON
3583 380 3651 441 ω

471 492 698 560 uitiam,
729 489 810 546 uel
835 506 977 555 aues,
1028 491 1106 546 uel
1155 490 1335 564 aliqua
1371 492 1651 559 animalia,
1708 494 1783 547 vel
1830 493 1969 564 legu-

2146 494 2184 561 ἢ
2226 494 2404 563 γάλα,
2449 493 2488 560 ἣ
2532 491 2663 547 ἀντὶ
2716 491 2887 547 οἴνου
2942 491 3154 559 σίκερα
3210 492 3651 565 ἐπιτηδευτὴῆ

475 587 640 649 mina,
659 593 850 651 prteler
866 584 1268 650 ordinationem,
1289 586 1604 654 deponatur,
1623 596 1971 655 praterquam

358 746 363 753 η
474 693 631 731 novas
660 678 831 745 spicas
858 676 938 731 vel
960 694 1128 731 .unam
1159 688 1388 749 tempore
1426 687 1743 746 opportuno.
1795 676 1878 732 Ne
1912 677 1976 731 li-

362 814 363 817 η
469 784 581 826 ceat
606 784 780 826 autent
821 773 1022 841 aliquid
1058 773 1207 827 aliud
1259 773 1328 825 ad
1362 772 1531 826 altare
1577 773 1769 841 offerre
1814 788 1972 841 quam

471 866 644 920 oleum
682 867 750 918 ad
785 867 1063 930 luminare,
1093 873 1145 919 et
1169 865 1442 919 incensum
1499 873 1728 934 tempore
1776 874 1976 919 sancta:

473 956 778 1011 oblationis.

470 1132 662 1188 BALS.
697 1131 975 1186 Sacriﬁcia
1009 1147 1129 1200 qua:
1168 1147 1232 1184 ex
1276 1130 1391 1201 lege
1422 1126 1641 1202 antiqua
1675 1133 1726 1186 iu
1777 1132 1975 1202 templo

405 1226 623 1288 ﬁebant,
655 1240 749 1294 per
788 1225 1104 1293 sanguinem
1148 1234 1203 1277 et
1231 1223 1547 1277 animalium
1589 1227 1814 1287 caedem,
1852 1239 1977 1293 pro-

406 1321 651 1373 hibentes
680 1319 846 1373 divini
900 1319 1165 1386 Apostoli,
1217 1319 1582 1381 incruentum,
1628 1318 1771 1387 quod
1804 1334 1831 1370 a
1864 1316 1973 1369 Do-

403 1414 551 1467 mino
587 1412 842 1466 traditum
889 1424 995 1477 εει,
1033 1411 1358 1465 sacriﬁcium
1417 1411 1531 1463 ﬁeri
1576 1410 1877 1477 jusserunt,
1920 1418 1974 1463 et

398 1504 759 1569 sacerdotem,
791 1502 883 1571 qui
908 1512 1102 1571 pra-ter
1126 1502 1238 1556 haec
1271 1501 1424 1563 facit,
1451 1500 1821 1569 deponendum
1849 1515 1974 1555 esse

398 1604 730 1648 statuerunt.
784 1595 876 1647 Est
904 1602 1085 1646 autem
1128 1595 1302 1647 sicera
1335 1596 1593 1662 quidquid
1644 1605 1841 1663 praeter
1889 1594 1971 1647 vi-

401 1701 528 1737 num
558 1684 808 1739 inebriat.
830 1684 963 1738 Cum
995 1695 1173 1737 autem
1206 1685 1359 1738 audis
1386 1699 1645 1739 canouem
1676 1687 1969 1749 dicentem,

400 1772 761 1842 Prmterquatn
793 1787 958 1827 novas
982 1776 1159 1842 spicas
1181 1774 1261 1829 vel
1290 1774 1575 1844 legumina,
1604 1789 1670 1829 ne
1696 1784 1848 1843 putes
1878 1790 1971 1842 per

2147 586 2365 653 ὄρνεις,
2391 586 2432 653 ἢ
2457 584 2569 646 (dxi
2597 600 2751 648 τινα,
2800 584 2838 653 ἣ
2879 584 3123 651 ὄσπρια,
3184 585 3345 652 παρὰ
3379 585 3494 654 τὴν
3523 586 3653 640 διά-
3712 648 3713 661 γ

2145 677 2340 741 safer,
2394 676 2812 743 καθαιρείσθω
2853 675 3025 744 πλὴν
3080 675 3233 729 νέων
3284 677 3506 745 χίδρων
3542 677 3648 749 (l),

2145 768 2186 835 ἢ
2217 767 2543 837 σταφυλῆς
2571 767 2651 833 τῷ
2677 767 2862 834 καιρῷ
2899 768 2978 834 τῷ
3002 767 3224 824 δέοντι.
3281 768 3377 836 Μὴ
3405 770 3550 834 ἐξὸν
3583 772 3653 824 δὲ

2149 858 2328 924 ἔστω,
2353 858 2773 927 προσάγεσθαι
2796 875 2851 911 τι
2877 858 3084 927 ἕτερον
3118 860 3205 924 είς
3225 859 3293 911 τὸ
3322 860 3653 928 θυσιαστή-

2137 966 2277 1019 ριον
2326 950 2364 1019 ἢ
2397 950 2608 1003 ἔλαιον
2628 950 2713 1015 είς
2758 948 2876 1017 τὴν
2910 951 3192 1020 λυχνίαν,
3241 950 3340 1004 aral
3389 953 3652 1023 θυμίαμα

2148 1043 2227 1107 τῷ
2265 1042 2449 1111 καιρῷ
2490 1040 2597 1108 τῆς
2624 1042 2799 1112 ἁγίας
2830 1042 3199 1112 προσφορᾶς.

2146 1134 2339 1189 ΒΑΛΣ.
2379 1134 2489 1196 Τὰς
2517 1136 2583 1186 ὲκ
2611 1133 2705 1187 τοῦ
2741 1132 2973 1186 παλαιοῦ
3013 1135 3181 1203 νόμου
3209 1136 3507 1205 γινομένας
3552 1137 3649 1190 ἐπὶ

2074 1226 2171 1278 τοῦ
2208 1225 2363 1295 ἱεροῦ
2420 1224 2611 1289 θυσίας
2651 1225 2720 1278 δι’
2784 1224 3016 1296 αἵματος
3082 1228 3176 1280 καὶ
3227 1226 3383 1291 ζώων
3435 1230 3650 1297 σφαγῆς

2077 1318 2565 1387 ἀπαγορεύσαντες
2593 1318 2643 1372 οῖ
2680 1318 2815 1371 θεῖοι
2865 1317 3180 1379 ἀπόστολοι.
3238 1322 3340 1387 τὴν
3395 1320 3502 1372 ὑπὸ
3549 1321 3646 1374 τοῦ

2076 1408 2286 1476 Κυρίου
2319 1406 2724 1477 παραδοθεῖσαν
2746 1406 3086 1476 ἀναίμακτον
3124 1408 3321 1461 θυσίαν
3348 1410 3649 1463 ἐκέλευσαν

2073 1499 2321 1566 γίνεσθαι
2350 1500 2447 1553 καὶ
2485 1500 2576 1553 τὸν
2608 1502 2759 1560 παρὰ
2792 1500 2966 1553 ταῦτα
3016 1499 3277 1553 ποιοῦντα
3327 1502 3479 1570 ίερὲα
3508 1500 3649 1554 καθ-

2074 1592 2344 1661 αιρεῖσθαι
2391 1592 2729 1664 διωρίσαντο.
2763 1595 2964 1664 Σίκερα
3002 1593 3060 1647 δι
3117 1594 3233 1645 ἐστι
3268 1594 3378 1646 πᾶν
3409 1592 3469 1645 τδ
3517 1592 3647 1645 ἄνευ

2073 1684 2220 1735 οἴνου
2264 1684 2436 1753 μέθην
2473 1684 2759 1750 ἐμποιοῦν.
2806 1684 3049 1738 Ἀκούων
3083 1684 3143 1737 τδ
3173 1682 3268 1736 τοῦ
3304 1685 3529 1745 κανόνος
3560 1682 3649 1736 λέ-

2074 1789 2289 1840 γοντος,
2326 1791 2345 1825 ι
2385 1772 2553 1840 πλὴν
2602 1774 2760 1826 νέων
2812 1774 3052 1841 χίδρων,
3107 1790 3126 1824 s
3160 1774 3331 1841 ἤγουν
3378 1772 3646 1843 ὀσπρίων,

401 1863 517 1917 lucc
544 1863 779 1932 permitti
819 1864 931 1918 ﬁeri
961 1866 1310 1926 sacriﬁcium,
1336 1873 1391 1917 et
1423 1868 1523 1917 hoc
1551 1866 1691 1918 enim
1720 1865 1968 1935 prohibe-

2075 1865 2151 1934 μὴ
2190 1865 2415 1935 νομίσῃς
2433 1864 2903 1935 συγκεχωρεῖσθαι
2929 1865 3032 1935 τὴν
3072 1863 3160 1917 διὰ
3194 1864 3400 1918 τούτων
3432 1864 3646 1918 θυσίαν⁶

401 1965 520 2023 tur;
552 1958 644 2011 scd
676 1959 761 2012 dic
795 1972 855 2011 ea
890 1957 1069 2012 ollerri
1097 1958 1387 2023 sacerdoti,
1426 1968 1678 2025 tanquam
1708 1973 1965 2011 novorum

400 2047 670 2104 fructuum
705 2050 971 2118 primitias
1004 2067 1018 2103 :
1049 2059 1103 2104 et
1144 2059 1201 2103 ut
1233 2065 1295 2103 ea
1328 2066 1392 2103 ex
1434 2050 1681 2103 manibus
1721 2050 1970 2103 sacerdo-

399 2142 467 2194 tis
498 2156 619 2194 cum
646 2140 1020 2194 benedictione
1063 2141 1412 2209 accipientes,
1450 2141 1557 2194 Deo
1591 2141 1796 2208 gratias
1839 2155 1970 2207 aga-

400 2246 542 2295 mus,
582 2230 671 2298 qui
701 2246 762 2283 ca
795 2232 953 2283 nobis
989 2232 1316 2299 suppeditat,
1354 2247 1477 2301 quae
1522 2236 1588 2285 ad
1624 2233 1822 2285 victum
1869 2247 1968 2284 no-

395 2332 566 2373 strum
585 2320 895 2387 cultumque
912 2320 1206 2373 sulliciunt.
1229 2319 1291 2372 Et
1313 2320 1451 2386 ideo,
1475 2329 1533 2372 ut
1550 2328 1631 2373 est
1655 2319 1967 2384 verisimile,

399 2410 719 2479 patriarcha
748 2426 965 2479 quoque
1014 2427 1131 2465 uva:
1184 2410 1486 2464 offeruntur
1514 2413 1565 2465 in
1603 2411 1762 2464 altari
1799 2426 1971 2465 sacra:

399 2504 531 2558 tedis
561 2503 1003 2568 Blacbcrnarum,
1059 2512 1280 2570 peracto
1310 2518 1467 2557 sacro
1496 2502 1548 2556 in
1586 2502 1725 2556 festo
1760 2501 1970 2555 Dormi-

401 2595 567 2649 tionis
598 2594 959 2649 sanctissima:
988 2594 1255 2660 Deiparzc.
1300 2594 1408 2661 Ego
1431 2602 1607 2647 autem
1641 2593 1746 2646 vidi
1777 2607 1968 2662 quem-

399 2690 524 2742 dam
549 2689 874 2755 depositum,
899 2696 954 2739 et
972 2700 1037 2738 ex
1060 2687 1351 2740 venerandi
1378 2686 1689 2740 monasterii
1712 2686 1966 2755 rcgiOnis,

399 2780 488 2835 cui
530 2786 781 2847 praeerat,
814 2777 1130 2845 praefectura
1183 2776 1439 2845 ejectum,
1494 2778 1636 2845 quod
1686 2792 1871 2831 caseos
1916 2787 1970 2831 ct

400 2884 594 2925 carnes
621 2869 687 2925 ad
712 2868 882 2923 altare
908 2868 1149 2932 inlerret,
1179 2868 1407 2922 consilio
1428 2867 1703 2934 cujusdam
1738 2867 1968 2935 improbi

405 2960 658 3024 hominis,
687 2959 779 3028 qui
809 2973 931 3014 eum
964 2958 1198 3021 seduxit,
1241 2965 1295 3012 et
1324 2958 1459 3012 dixit
1503 2958 1606 3011 hoc
1634 2958 1794 3012 modo
1826 2958 1970 3011 futu-

402 3066 520 3106 ram
569 3050 927 3120 plurimorum
986 3048 1294 3103 morborum
1349 3048 1632 3103 medelam.
1687 3047 1967 3103 lncensum

2070 1956 2167 2009 καὶ
2196 1956 2355 2009 τοῦτο
2383 1958 2492 2026 γὰρ
2522 1957 2923 2027 ἀπηγόρευται·
2979 1956 3118 2009 ἀλλὰ
3162 1957 3288 2025 λέγε
3331 1958 3647 2026 προσφέρε-

2070 2048 2195 2099 σθαι
2229 2046 2401 2099 ταῦτα
2456 2046 2536 2117 τῷ
2585 2049 2740 2117 ίερεῖ,
2799 2046 2876 2110 ὡς
2934 2046 3193 2119 ἀπαρχὰς
3241 2048 3351 2099 τῶν
3408 2045 3647 2116 ἐτησίων

2070 2136 2328 2205 καρπῶν*
2372 2138 2469 2189 καὶ
2505 2137 2614 2201 ἴνα,
2640 2138 3017 2207 λαμϐάνοντες
3056 2139 3198 2191 αὐτὰ
3235 2137 3344 2191 ἀπὸ
3375 2136 3483 2189 τῶν
3529 2154 3645 2206 χει-

2073 2228 2183 2299 ρῶν
2214 2228 2308 2280 τοῦ
2339 2228 2531 2296 ἱερέως
2564 2227 2684 2295 μετ’
2726 2227 3003 2295 εὐλογίας,
3039 2229 3394 2298 εὐχαριστίαν
3426 2227 3504 2297 τῷ
3527 2227 3646 2298 Θεῷ

2071 2321 2518 2390 ἀναπέμπωμεν,
2555 2318 2634 2387 τῷ
2668 2320 3097 2389 οἰκονομήσαντι
3146 2320 3225 2373 ’τὰ
3272 2320 3411 2391 πρὸς
3463 2320 3644 2390 ζωάρ-

2072 2429 2227 2464 κειαν
2282 2411 2380 2464 καὶ⁵
2435 2410 2736 2479 θεροίπείαν
2790 2411 2968 2480 ἡμῶν.
3042 2411 3145 2462 Διά
3200 2410 3312 2482 γὰρ
3361 2411 3538 2477 τοῦτο,
3571 2414 3647 2475 ὡς

2071 2502 2238 2563 ἔοικε,
2280 2502 2374 2554 καὶ
2419 2500 2699 2568 σταφυλὰς
2756 2501 2835 2571 τῷ
2871 2502 3186 2574 πατριάρχῃ
3242 2502 3647 2573 προσφέρουσιν

2073 2594 2130 2645 ὲν
2171 2592 2249 2662 τῷ
2273 2593 2648 2663 θυσιαστηρίῳ
2678 2593 2779 2647 τοῦ
2829 2594 2974 2648 θείου
3009 2594 3138 2647 ναοῦ
3178 2594 3291 2647 τῶν
3324 2594 3646 2664 Βλαχερνῶν

2075 2683 2214 2754 μετὰ
2247 2685 2344 2754 τὴν
2386 2684 2786 2753 ῖεροτελεστίαν
2812 2686 2956 2740 κατὰ
2998 2687 3101 2757 τὴν
3136 2687 3329 2758 ἑορτὴν
3364 2688 3462 2757 τῆς
3513 2689 3647 2740 Κοι-

2076 2775 2295 2845 μήσεως
2349 2774 2450 2843 τῆς
2502 2776 2812 2844 ὑπεραγίας
2868 2776 3174 2831 Θεοτόκου·
3226 2778 3336 2846 ἐγὼ
3387 2780 3446 2832 δὲ
3505 2776 3646 2833 εἶδον

2071 2865 2471 2936 καθαιρεθέντα
2513 2867 2609 2919 καὶ
2640 2867 2740 2937 τῆς
2794 2869 3134 2938 ⁴ἢγουμενίας
3201 2870 3536 2940 ἐκϐληθέντα
3567 2888 3650 2922 τι·

2070 2957 2138 3010 νά
2172 2958 2495 3027 προεστῶτα
2527 2958 2625 3027 τῆς
2650 2959 2954 3028 σεϐασμίας
2992 2964 3159 3032 μονῆς
3189 2962 3287 3032 τῆς
3320 2962 3527 3032 χώρας,
3557 2961 3647 3015 διὰ

2069 3046 2130 3099 τὸ
2162 3048 2360 3116 τυροὺς
2389 3050 2484 3101 καὶ
2516 3048 2656 3119 κρέα
2691 3050 2749 3101 ὲν
2773 3050 2852 3119 τῷ
2903 3050 3281 3123 θυσιαστηρίῳ
3323 3053 3646 3121 εἰσαγαγεῖν

401 3153 582 3199 autem
618 3148 674 3195 et
709 3140 889 3196 oleum
932 3148 1154 3209 pr0pter
1193 3138 1525 3193 sacriﬁcium
1571 3153 1679 3192 non
1721 3138 1966 3203 oll‘ertnr,

2075 3140 2186 3193 ἀπὸ
2249 3139 2569 3210 συμϐουλῆς
2637 3141 2927 3210 ἀνθρώπου
2992 3146 3164 3197 κακοῦ
3194 3185 3209 3210 ,
3275 3144 3648 3214 πλανήσαντος

397 3236 492 3290 sed
525 3235 591 3289 ad
628 3232 810 3301 templi
846 3231 1315 3293 illuminationem,
1352 3240 1406 3285 et
1444 3244 1585 3284 vera:
1633 3230 1739 3282 luci
1768 3239 1823 3284 et
1860 3230 1966 3283 Deo

2075 3229 2257 3295 αὐτὸν,
2294 3232 2391 3283 καὶ
2414 3231 2665 3293 εἰπόντος
2703 3232 2769 3283 ὲκ
2798 3232 2993 3285 τούτου
3033 3233 3130 3286 τοῦ
3165 3234 3370 3304 τρόπου
3430 3233 3645 3288 πολλῶν

396 3326 693 3398 gratiarum
723 3324 1085 3380 exhibendam
1118 3321 1407 3377 actionem.
1453 3320 1597 3393 Lege
1621 3329 1788 3377 sextae
1818 3335 1964 3392 syn.,

400 3434 521 3472 εειη.
552 3432 717 3471 XXVIII
753 3424 807 3472 et
830 3430 975 3470 XXXII
996 3424 1047 3470 ΕΙ
1073 3429 1201 3469 LVII.

2075 3323 2528 3395 ἀρρωστημάτων
2582 3322 2884 3393 θεραπείαν
2939 3325 3216 3391 γενέσθαι.
3278 3326 3544 3396 Θυμίαμα
3583 3326 3644 3379 δὲ

2078 3414 2170 3466 καὶ
2237 3411 2417 3465 ἔλαιον
2447 3414 2508 3466 οὐ
2564 3414 2724 3485 χᾴριν
2764 3414 2953 3480 θυσίας
3007 3417 3368 3486 προσάγεται,
3419 3416 3533 3470 ἀλλ’
3564 3418 3646 3478 είς

400 3512 769 3582 φωταγωγίαν
802 3509 899 3565 τοῦ
932 3508 1068 3562 ναοῦ
1100 3506 1585 3579 καὶςεύχαριστίαν
1619 3507 1715 3561 τοῦ
1768 3504 2027 3578 ἀληθινοῦ
2060 3494 2255 3576 ¹φωτὸς
2285 3507 2379 3560 καὶ
2401 3506 2561 3564 Θεοῦ.
2603 3508 2902 3574 ’Δνάγνωθι
2969 3510 3068 3579 τῆς
3135 3517 3190 3575 ς’
3254 3510 3477 3564 συνόδου
3544 3527 3644 3565 κα·

400 3606 559 3667 νόνας
597 3601 705 3671 κη’,
738 3600 835 3672 λβ’,
868 3602 970 3666 vC'.

472 3684 725 3748 ZONAR.
771 3695 1029 3749 Dominus
1077 3694 1295 3749 tradens
1346 3692 1631 3763 discipulis
1680 3692 1795 3748 suis
1836 3690 1968 3747 illud

401 3785 546 3853 quod
577 3785 755 3856 agitur
790 3785 842 3837 iu
876 3784 1157 3839 incruento
1199 3786 1470 3839 sacriﬁcio
1499 3784 1839 3855 mysterium,
1868 3783 1974 3837 hoc

402 3876 574 3942 ipsum
632 3888 795 3942 pane,
845 3874 1083 3943 vinoque
1152 3874 1546 3929 conﬁciendum
1592 3873 1834 3929 tradidit.
1888 3872 1971 3929 0b

401 3962 545 4033 quod
576 3963 737 4017 etiam
770 3961 870 4031 ipsi
902 3962 1130 4030 apostoli
1163 3963 1558 4032 prohibuerunt
1582 3962 1728 4017 aliud
1757 3961 1889 4032 quid
1914 3964 1967 4016 in

403 4052 730 4108 sacriﬁcium
763 4053 956 4107 adduci
993 4069 1008 4107 :
1039 4053 1255 4123 vinique
1299 4054 1420 4109 loco
1466 4054 1574 4108 alia
1617 4053 1855 4124 pmionis
1890 4053 1968 4108 uti

402 4144 583 4210 specie
611 4155 921 4211 vetuerunt,
972 4145 1150 4214 qualis
1190 4155 1274 4201 est
1301 4146 1499 4200 sicera.
1553 4145 1741 4201 Sicera
1786 4156 1968 4201 autem

403 4247 504 4303 est,
526 4236 786 4306 quidquid
818 4247 1014 4305 praeter
1043 4239 1227 4292 vinum
1259 4237 1384 4293 facit
1418 4238 1758 4305 ebrietatem,
1786 4239 1967 4308 qualia

400 4340 548 4395 sunt,
572 4346 691 4400 qua
722 4345 819 4400 per
843 4341 1016 4387 artem
1052 4340 1243 4401 parant
1275 4332 1542 4395 limuines,
1577 4340 1633 4385 ut
1670 4340 1756 4386 est
1784 4329 1967 4400 appel-

2147 3687 2391 3741 ΖΩΝΔΡ.
2453 3688 2514 3740 Ὀ
2565 3687 2768 3759 Κύριος
2816 3689 3144 3759 παραδιδοὺς
3196 3693 3307 3755 τοῖς
3372 3693 3646 3764 μαθηταῖς

2076 3778 2243 3834 αὑτοῦ
2268 3778 2367 3849 τὴν
2404 3780 2498 3832 ἐπὶ
2522 3782 2590 3851 τῇ
2629 3782 2956 3851 ἀναιμάκτῳ
2991 3784 3155 3854 θυσίᾳ
3185 3783 3432 3856 τελετὴν,
3485 3789 3640 3856 ἄρτῳ

2076 3873 2172 3926 καὶ
2192 3871 2322 3941 οἴνῳ
2371 3870 2577 3940 ταύτην
2631 3872 2807 3926 τελεῖν
2862 3872 3238 3940 παραδέδωκε.
3297 3876 3399 3929 Διά
3449 3877 3546 3929 καὶ
3592 3877 3646 3930 οῖ

2077 3963 2369 4017 ἀπόστολοι
2413 3964 2603 4033 ἔτερόν
2641 3981 2693 4016 τι
2728 3965 2865 4035 πρὸς
2893 3965 3086 4019 θυσίαν
3112 3966 3481 4035 προσάγεσθαι
3504 3968 3647 4037 ἀπη-

2076 4060 2369 4129 γόρευσανο
2406 4063 2503 4114 καὶ
2536 4062 2658 4115 ἀντὶ
2683 4062 2830 4115 οῐνου
2870 4061 2928 4116 δὲ
2984 4062 3158 4133 ἑτέρῳ
3193 4065 3400 4134 πόματι
3443 4066 3648 4136 κεχρῆ-

2080 4154 2207 4207 σθαι
2238 4152 2543 4218 ἐκώλυσαν,
2574 4149 2687 4208 οἷον
2713 4154 2928 4226 σίκεραο
2962 4155 3155 4227 σίκερα
3196 4155 3255 4209 δέ
3284 4156 3400 4209 ἐστι
3446 4158 3557 4211 πᾶν
3590 4159 3650 4211 τὺ

2077 4245 2209 4299 ἄνευ
2240 4248 2386 4301 οῐνου
2429 4247 2601 4317 μέθην
2644 4248 2929 4318 ἐμποιοῦν,
2987 4243 3077 4302 οἷά
3127 4249 3267 4303 εἰσιν
3300 4248 3335 4303 ἂ
3364 4249 3648 4320 ἐπιτηδεύ-

2080 4354 2230 4390 ουσιν
2293 4338 2594 4410 ἄνθρωποι,
2624 4340 2698 4403 ὡς
2728 4342 2763 4410 ή
2796 4340 3065 4410 λεγομένη
3114 4340 3357 4412 χουμέὶ.η
3384 4340 3489 4413 (2),
3553 4341 3649 4395 καὶ

1639 4443 1805 4507 Guil.
1853 4447 2181 4527 Bevercgii
2217 4458 2401 4513 notua.

474 4549 549 4618 (l)
578 4545 753 4624 Πλὴν
772 4543 932 4624 γέων
961 4544 1200 4614 χίόρων.
1233 4544 1563 4624 [interpretes
1603 4544 1689 4599 hic
1720 4560 1951 4624 consen-
1983 4554 2036 4614 ι)
2063 4551 2379 4616 dignissima
2406 4562 2529 4605 sunt
2552 4551 2615 4608 D.
2650 4553 2957 4624 Hieronymi
2987 4558 3151 4613 verba
3179 4576 3193 4614 :
3220 4557 3399 4614 Sicera
3428 4562 3644 4621 (lebmo

405 4617 565 4680 tiuut,
595 4619 737 4685 quod
771 4617 873 4668 hoc
903 4631 1114 4669 canone
1145 4617 1475 4683 prmcipitur,
1514 4624 1571 4668 ul
1592 4630 1741 4669 uovm
1772 4618 1957 4683 spicae,

406 4700 648 4757 tempore
696 4697 1027 4757 opportuno,
1058 4686 1115 4757 id
1137 4692 1295 4757 _est,
1324 4699 1445 4757 cum
1500 4685 1674 4757 primo
1700 4694 1966 4757 mature-

403 4753 581 4819 scunt,
612 4753 802 4808 nonut
839 4756 1103 4807 sacriﬁcia
1136 4753 1266 4816 Deo,
1294 4755 1386 4808 sed
1430 4764 1487 4807 ut
1512 4754 1761 4823 primitiae
1785 4771 1969 4809 sacer-

404 4826 514 4880 doti
544 4824 863 4879 ollerautur.
898 4824 986 4879 Sic
1015 4827 1178 4878 etiam
1209 4823 1542 4878 Scltoliastes
1575 4825 1626 4877 iu
1667 4823 1971 4878 Ilarmeuo-

406 4896 515 4966 puli
538 4895 827 4966 epitomeu,
862 4895 965 4966 οὐχ
989 4894 1063 4957 ὡς
1091 4894 1249 4948 θυσία
1270 4893 1467 4959 ταῦτα,
1504 4894 1619 4947 ἀλλ’
1647 4892 1721 4956 ὡς
1744 4895 1972 4966 ἀπαρχὴ

407 4964 641 5087 ὀιαρζῶν
695 4964 855 5018 νέων.
927 4965 1255 5032 llarmeuop.
1312 4974 1443 5033 epit.
1507 4979 1631 5018 can.
1699 4975 1835 5019 sect.

408 5040 491 5087 lit.
554 5074 568 5087 .

408 5040 491 5091 tit.
514 5036 568 5088 2.
1963 5036 1969 5041 ·

478 5107 555 5173 (2)
585 5102 881 5173 Χουμέ.1η.
935 5102 1155 5157 Etiamsi
1190 5117 1383 5158 nomen
1434 5104 1534 5160 boc
1588 5103 1677 5157 vix
1732 5103 1882 5168 alibi,
1916 5105 1974 5159 ni

409 5176 587 5238 fallor,
614 5186 973 5244 praeterquam
1020 5175 1125 5238 hoc
1172 5175 1289 5227 loco
1320 5182 1597 5236 occurrat,
1624 5174 1751 5242 quin
1791 5176 1965 5241 potio-

411 5260 533 5298 nem
570 5243 746 5298 tamen
779 5243 1010 5313 aliquam
1058 5260 1121 5298 cx
1157 5243 1311 5297 melle
1354 5244 1652 5298 conlectam
1683 5244 1969 5311 signiticet,

410 5328 570 5383 nemo
598 5313 846 5368 dubitare
878 5324 1071 5383 potest.
1108 5314 1170 5366 lit
1198 5313 1415 5381 quidem
1473 5314 1736 5367 mellitum
1768 5314 1970 5381 aliquid

409 5383 520 5436 vini
558 5382 680 5435 loco
733 5383 928 5437 oll'erre
978 5385 1268 5438 concilium
1305 5382 1754 5436 Antisiodorense
1801 5384 1966 5435 etiam

412 5452 705 5523 prohibet:
745 5450 868 5505 Non
897 5452 1011 5507 licet
1051 5455 1103 5506 in
1154 5453 1374 5523 altario,
1406 5452 1460 5504 in
1487 5452 1755 5520 sacriﬁcio
1791 5452 1969 5523 divino

410 5521 690 5587 mellitum,
721 5526 859 5590 quod
892 5525 1121 5577 mulsum
1152 5521 1443 5590 appellant,
1481 5536 1573 5574 nec
1623 5523 1788 5574 ullum
1821 5522 1971 5574 aliud

407 5591 673 5662 poculum,
709 5599 859 5662 extra
901 5595 1085 5662 uiuum
1116 5610 1235 5646 cum
1289 5609 1426 5662 aqua
1476 5592 1958 5662 minutius/Terre.

409 5661 616 5715 Concil.
653 5660 933 5714 Antesiod.
990 5676 1109 5716 can.
1148 5664 1199 5717 8.
1236 5663 1303 5715 At
1332 5660 1525 5731 praeter
1554 5660 1814 5731 χουμέλη,
1854 5660 1973 5712 alia:

413 5741 540 5784 sunt
565 5731 979 5799 quamplurima:
1027 5732 1275 5799 potioties
1315 5732 1667 5796 inebrimtes,
1693 5746 1830 5796 quas
1870 5734 1970 5781 sub

411 5805 590 5857 mem
642 5804 859 5859 nomine
894 5814 1066 5857 canon
1094 5802 1182 5857 hic
1217 5801 1415 5859 oﬂcrre
1460 5809 1626 5857 vetat.
1669 5801 1969 5856 Observata

2069 4636 2307 4701 sermone
2341 4624 2509 4701 omnis
2535 4624 2675 4701 potio
2705 4641 3057 4701 nuncupatur,
3086 4645 3203 4698 qua:
3240 4632 3503 4687 inebriare
3539 4651 3645 4701 po-

2073 4698 2170 4743 test
2206 4691 2310 4744 sive
2335 4693 2451 4756 illa,
2487 4709 2603 4769 quis
2627 4695 2887 4770 frumento
2917 4691 3218 4767 conﬁcitur,
3250 4703 3357 4755 sive
3375 4691 3647 4770 pomorum

2073 4775 2255 4834 succo,
2289 4773 2533 4834 autcum
2567 4763 2673 4831 favi
2706 4763 3070 4834 decoquuntur
3104 4770 3157 4821 in
3183 4763 3389 4825 dulcem
3438 4784 3486 4825 et
3516 4776 3643 4825 bar-

2075 4829 2261 4908 baram
2289 4829 2574 4897 potionem,
2605 4844 2694 4908 aut
2726 4829 3025 4908 palmarum
3051 4838 3256 4908 fructus
3278 4834 3647 4907 exprimuntur

2076 4900 2133 4952 in
2168 4899 2445 4977 liquorem,
2480 4899 2743 4977 coctisque
2781 4904 3024 4977 frugibus
3051 4899 3208 4977 aqua:
3235 4899 3479 4977 pinguior
3500 4911 3644 4962 colo-

2079 4981 2248 5022 ratur.
2276 4969 2503 5046 _Hieron.
2535 4972 2600 5025 ad
2628 4969 2820 5046 Nepai.
2850 4973 2926 5027 De
2947 4977 3053 5029 vita
3082 4969 3261 5030 elei-ie.
3295 4969 3349 5046 p'.
3375 4978 3428 5037 6,
3457 4979 3559 5031 cui.
3589 4980 3641 5039 ί.

2085 5049 2218 5112 l_om.
2272 5038 2313 5101 l,
2345 5055 2501 5107 oper.
2552 5056 2647 5109 per
2694 5041 3000 5112 Erasmum.
3037 5046 3111 5099 De
3159 5038 3332 5101 sicer'a
3377 5050 3553 5112 primo
3578 5038 3644 5101 ex

2080 5108 2355 5160 frumento
2416 5108 2691 5173 consecto,
2743 5112 2823 5165 sic
2869 5110 3113 5169 Plinius:
3147 5113 3238 5167 Est
3270 5123 3319 5167 et
3346 5108 3645 5169 Occidentis

2077 5175 2415 5253 populis-sua
2440 5179 2670 5253 ebrietas
2706 5180 2857 5247 fruge
2909 5186 3119 5237 madida
3148 5199 3167 5236 :
3198 5184 3437 5253 pluribus
3473 5189 3643 5239 modis

2076 5263 2167 5311 per
2192 5246 2397 5300 Gallias
2431 5246 2817 5315 Hispaniasque
2856 5254 3153 5305 nominibus
3179 5246 3321 5316 aliis,
3349 5256 3438 5308 sed
3463 5261 3644 5309 eadem

2079 5316 2498 5392 ratione.___Plin.
2546 5318 2584 5371 Ι.
2615 5333 2902 5392 xtv,_cap.
2950 5321 3040 5375 2i.
3072 5320 3335 5390 ngyptus
3384 5341 3587 5392 quoque
3621 5341 3648 5377 ε

2076 5386 2228 5455 fruge
2272 5385 2372 5439 sibi
2403 5396 2583 5460 __potus
2640 5385 3229 5460 similes—excogitauit,
3285 5385 3535 5460 nullaque
3591 5397 3646 5447 iu

2070 5465 2225 5521 parte
2253 5455 2436 5530 mundi
2485 5467 2657 5530 cessat
2687 5459 2935 5522 ebrietas,
2972 5455 3099 5513 ibid.
3134 5471 3189 5513 et
3235 5464 3390 5516 alibi.
3431 5455 3497 5514 Et
3527 5463 3649 5530 [ru-

2068 5539 2189 5592 gum
2246 5528 2454 5592 quidem
2515 5528 2626 5580 hazc
2660 5537 2781 5581 sunt
2841 5531 2894 5583 in
2926 5545 3025 5581 usu
3072 5531 3296 5584 modico.
3333 5532 3416 5585 Ex
3457 5528 3645 5586 iisdem

2069 5594 2279 5668 [iunget
2308 5606 2484 5668 potus,
2532 5597 2745 5665 zytlium
2800 5600 2851 5650 in
2891 5596 3142 5668 JEgyplo,
3200 5602 3375 5663 calia,
3424 5612 3472 5655 et
3507 5605 3648 5656 ceria

2071 5664 2125 5713 in
2153 5662 2434 5739 Hispania,
2458 5662 2744 5739 cerv'isiael
2776 5669 2930 5734 plura
2959 5662 3148 5736 genera
3181 5671 3235 5723 in
3268 5662 3470 5739 Gallia,
3501 5672 3648 5727 aliis-

2071 5748 2171 5802 que
2193 5734 2496 5805 provinciis,
2528 5736 2603 5793 ld.
2636 5738 2731 5792 lib.
2768 5752 2903 5804 xxii,
2924 5734 3044 5808 cap.
3073 5742 3171 5794 ult.
3201 5754 3229 5793 a
3256 5740 3384 5797 ﬁne.
