4042 6214
433 342 501 402 4'l
1669 330 1943 391 ΤΠΕΟΙ).
1984 331 2009 391 Ι

2115 330 2386 391 ,ΞΑΜΟΝ
3627 327 3701 392 ﬂ

504 448 756 505 ZONAR.
791 445 1023 501 Fructus
1068 441 1407 497 autumnales
1430 452 1495 495 ad
1523 442 1691 495 altare
1718 456 1825 495 non
1850 456 2009 509 apor-

2186 444 2434 497 ΖΩΝΑΡ.
2488 442 2599 505 Τὰς
2634 441 2857 513 ὀπώρας
2915 440 3017 495 οὐκ
3069 440 3152 503 εἰς
3182 438 3249 493 τὸ
3305 438 3699 512 θυσιαστήριον

436 553 511 597 [et
545 539 759 595 aﬂ'erre.
794 538 900 592 Sed
931 536 1023 605 qui
1082 549 1180 604 pro
1230 534 1409 590 debila
1445 534 1745 602 gratiarum
1795 534 2009 586 actione

2115 537 2196 589 δεῖ
2256 533 2655 606 προσάγεσθαι,
2713 534 2852 586 ἀλλὰ
2901 533 2993 586 τὸν
3041 531 3370 603 βουλόμενον
3439 535 3699 605 ἀπαρχάς

436 634 549 687 vult
572 648 637 687 ex
670 631 755 685 bis
787 628 983 684 oﬂ‘erre
1012 628 1117 682 Deo
1142 627 1386 682 decimas
1428 633 1523 677 aut
1552 622 1845 692 primitias,
1888 623 2009 691 epi-

2115 628 2176 690 ὲξ
2210 627 2395 680 αὐτῶν
2426 628 2807 695 προσαγαγεῖν
2834 623 2910 694 τῷ
2944 624 3063 694 Θεῷ
3097 624 3180 686 είς
3237 624 3591 695 εὐχαριστίαν
3620 623 3698 693 τῷ

436 733 622 789 scopo,
677 718 1121 789 presbyterisque
1157 714 1367 770 deferat
1401 714 1567 783 ipsas.
1605 710 1707 777 Qui
1741 728 1860 766 cum
1892 726 2009 766 sus-

2115 719 2401 789 ὲπισκόπῳ
2432 718 2637 780 ταύτας
2690 714 3031 786 προσφέρειν
3076 716 3173 770 καὶ
3214 718 3331 779 τοῖς
3384 715 3696 786 πρεσϐυτέ-

438 811 681 881 ceperint
712 823 831 874 eas,
870 810 921 861 in
949 807 1305 863 domesticam
1353 819 1505 859 suam
1549 803 1717 857 solam
1769 820 1876 858 non
1915 804 2013 856 lia-

437 904 601 956 beant
630 902 939 961 utilitatem,
991 912 1092 953 nec
1132 896 1232 953 soli
1284 895 1537 951 fruantur
1567 914 1581 951 :
1616 897 1712 950 sed
1757 896 2013 949 universo

439 993 585 1047 clero
618 992 964 1046 distribuant.

437 1082 665 1139 ARIST.
712 1081 943 1135 Fructus
1022 1082 1233 1134 domum
1301 1080 1600 1143 mittantur,

767 1174 948 1226 ordine
969 1172 1299 1240 sequentibus
1334 1170 1673 1224 distribuant.

509 1267 740 1335 Excepta
791 1281 889 1318 uva
927 1278 1085 1333 passa
1146 1263 1412 1333 primitias
1458 1262 1682 1316 aliorum
1737 1261 2010 1318 fructuum

436 1374 541 1411 non
591 1358 716 1411 licet
748 1355 903 1409 altari
954 1354 1189 1421 οπως-εκ,
1244 1354 1338 1408 sed
1378 1354 1595 1408 domum
1647 1353 1858 1407 mittere
1894 1355 2011 1424 epi-

436 1463 604 1516 scopo
640 1458 695 1500 et
733 1446 1087 1517 presbyteris,
1127 1457 1185 1499 ut
1234 1445 1627 1500 distribuantur
1677 1445 1918 1500 diaconis
1957 1454 2010 1499 et

437 1540 558 1592 aliis
595 1538 827 1593 clericis.
867 1538 979 1592 Uva
1003 1538 1146 1591 enim
1174 1538 1225 1591 in
1259 1536 1487 1591 ecclesia
1522 1535 1747 1590 oll'ertur
1775 1536 2014 1605 peculia-

436 1632 569 1683 riter
609 1630 674 1682 ab
712 1629 831 1684 aliis
870 1629 1154 1693 fructibus,
1194 1637 1251 1681 ut
1296 1638 1351 1681 et
1401 1644 1429 1681 a
1468 1628 1592 1681 vino
1630 1643 1694 1683 ex
1742 1643 1804 1681 ea
1847 1627 2010 1694 laeto,

436 1721 575 1787 quod
611 1722 904 1774 assumitur
936 1721 1001 1774 ad
1033 1719 1414 1790 perliciendum
1464 1718 1810 1773 incruentum
1836 1720 2010 1774 sacri-

437 1814 638 1867 licium.

1676 1094 1804 1148 quos
1852 1079 2012 1147 primi

1083 1994 1309 2051 CANON
1350 1995 1409 2051 V.

439 2088 771 2158 EpiscOpus,
834 2088 911 2142 vel
968 2094 1273 2158 presbyter,
1338 2087 1415 2142 vel
1472 2088 1728 2142 diaconus
1790 2102 2009 2146 uxorem

506 2197 658 2233 suam
707 2197 770 2233 ne
818 2181 995 2249 ejiciat
1051 2180 1319 2251 religionis
1357 2189 1615 2250 praztemtu
1648 2196 1669 2234 :
1704 2182 1789 2235 sin
1837 2191 2010 2237 autem

507 2274 749 2342 ejecerit,
814 2284 1108 2342 segregetur
1141 2289 1160 2327 :
1211 2283 1259 2326 et
1308 2275 1355 2328 si
1400 2286 1721 2342 perseveret,
1779 2276 2011 2344 depona-

508 2376 614 2416 tur.

508 2456 701 2510 BALS.
731 2456 871 2510 Ante
901 2466 1108 2510 sextam
1142 2456 1427 2526 synodum,
1456 2473 1576 2525 qua:
1622 2457 1720 2512 fuit
1746 2458 1796 2512 in
1824 2456 2010 2511 Trullo

436 2548 643 2617 palatii,
675 2548 869 2601 licebat
898 2548 1165 2616 episcopis
1196 2547 1402 2603 habere
1434 2565 1653 2615 uxores,
1684 2552 1847 2606 etiam
1889 2561 2011 2621 post

436 2643 751 2711 dignitatem
784 2641 1169 2710 episcopalem,
1204 2643 1656 2710 quemadmodum
1690 2654 1744 2699 et
1762 2622 1860 2711 qui
1889 2654 2010 2714 post

436 2734 842 2787 matrimonium
910 2733 1231 2786 ordinantur
1283 2734 1593 2789 sacerdotes
1650 2744 1707 2789 et
1771 2734 2007 2791 diaconi.

436 2828 699 2893 Quoniam
734 2827 913 2895 itaque
942 2835 1067 2879 ante
1111 2840 1259 2879 cxvii
1290 2824 1522 2881 Justiani
1561 2824 1858 2890 Novellam,
1891 2841 2012 2896 quas

434 2921 537 2974 sita
561 2929 640 2973 est
670 2919 723 2972 in
754 2918 893 2973 libro
924 2916 1141 2971 Basilio.
1178 2931 1371 2982 uvnt,
1405 2918 1488 2971 tit.
1536 2917 1587 2983 7,
1625 2918 1822 2972 licebat
1853 2918 2010 2973 cuili-

435 3012 526 3065 bet
560 2993 749 3078 quavis
773 3024 836 3063 ex
868 3022 1032 3063 causa
1067 3008 1281 3062 mittere
1322 3022 1433 3062 sua:
1457 3011 1612 3062 uxori
1644 3008 1882 3062 libellum
1924 3022 2009 3062 re-

438 3102 608 3172 pudii,
645 3100 775 3155 dicit
802 3113 1040 3169 prteseus
1062 3114 1261 3165 canon,
1297 3113 1405 3153 non
1430 3099 1596 3155 licere
1620 3102 1893 3169 episcopo,
1928 3100 2008 3154 vel

2117 828 2251 882 ροις’
2282 812 2571 873 κάκείνους
2598 810 2921 879 δεχομένους
2962 806 3165 872 ταύτας
3215 812 3291 877 μὴ
3350 810 3432 872 είς
3484 807 3695 861 οἰκείαν

2118 904 2286 974 μόνην
2319 903 2465 973 ἔχειν
2519 900 2844 965 ἀπόλαυσιν,
2875 899 3010 953 ἀλλά
3040 902 3133 953 καὶ
3158 898 3248 967 τῷ
3278 899 3469 971 κλήρῳ
3517 899 3696 960 διανέ-

2119 1012 2244 1064 μειν
2274 997 2461 1049 παντί.

2116 1088 2338 1142 ΑΡΙΣΤ.
2387 1092 2457 1143 Al
2488 1087 2711 1156 ὀπῶραι
2742 1088 2896 1141 οἴκοι
2933 1086 3379 1156 πεμπέσθωσᾳν
3402 1086 3476 1156 (4)
3532 1084 3605 1153 ἂς
3642 1086 3697 1139 οι

2444 1178 2657 1248 πρῶτοι
2686 1179 2810 1247 τοῖς
2832 1179 2977 1247 ἑξῆς
3012 1178 3367 1247 διανέμοιεν.

2192 1272 2359 1325 ’Ἄνευ
2394 1271 2673 1341 σταφυλῆς
2708 1273 2807 1333 τὰς
2834 1273 3089 1343 ἀπαρχάς
3117 1272 3225 1325 τῶν
3254 1270 3429 1325 ἄλλων
3460 1267 3694 1338 ὀπωρῶν

2116 1362 2175 1415 οὐ
2194 1362 2271 1432 τῷ
2295 1363 2671 1434 θυσιαστηρίῳ
2696 1365 3031 1434 προσφέρειν
3048 1362 3151 1425 δεῖ,
3178 1361 3292 1414 ἀλλ’
3316 1360 3455 1413 οἶκοι
3475 1358 3688 1413 στέλλε-

2115 1457 2240 1509 σθαι
2271 1456 2348 1526 τῷ
2378 1456 2659 1525 ὲπισκόπῳ
2686 1457 2779 1510 καὶ
2801 1458 2912 1518 τοῖς
2934 1453 3345 1525 πρεσϐυτέροις,
3370 1452 3464 1505 ἐπὶ
3482 1451 3559 1522 τῷ
3581 1450 3694 1505 δια-

2110 1546 2403 1617 νείμασθαι
2431 1545 2601 1601 ταῦτα
2622 1546 2739 1610 ,τοῖς
2763 1545 3027 1607 διακόνοις
3055 1544 3153 1599 καὶ
3194 1546 3307 1608 τοῖς
3330 1543 3534 1604 λοιποῖς
3564 1541 3696 1610 κλη-

2116 1640 2311 1711 ρικοῖς.
2344 1639 2412 1692 Ἠ
2441 1638 2549 1708 γὰρ
2578 1636 2820 1708 σταφυλὴ
2848 1639 2904 1689 ἐν
2927 1639 2991 1707 τῇ
3029 1635 3296 1706 ἐκκλησίᾳ
3320 1633 3693 1704 προσαχθήσε-

2115 1750 2226 1797 ται,
2250 1733 2370 1784 κατ’
2396 1730 2671 1801 ἐξαίρετον
2698 1728 2807 1784 τῶν
2828 1728 2999 1783 ἄλλων
3022 1727 3363 1800 όπωρῶν,ὡς
3391 1726 3483 1779 καὶ
3511 1723 3605 1780 τοῦ
3634 1721 3694 1787 ἐξ

2117 1823 2289 1893 αὐτῆς
2316 1824 2462 1877 οίνου
2518 1825 2600 1887 είς
2645 1821 3057 1893 τελεσιουργίαν
3120 1818 3691 1891 παραλαμϐανομένου

2112 1916 2212 1986 τῆς
2238 1916 2577 1986 ἁναιμάκτου
2607 1914 2818 1977 θυσίας.

2708 2006 2950 2061 ΚΑΝΩΝ
2983 2008 3057 2059 E'.

2126 2101 2536 2167 Ἐπίσκοπος,
2582 2100 2622 2168 ἢ
2678 2100 3121 2167 πρεσϐύτερος,
3166 2098 3206 2165 ἢ
3249 2096 3528 2164 διάκονος
3573 2096 3691 2158 τὴν

2182 2194 2403 2249 ἑαυτοῦ
2425 2192 2680 2262 γυναῖκα
2698 2192 2781 2260 μὴ
2813 2191 3155 2245 ἐκϐαλλέτω
3185 2190 3476 2259 προφάσει
3507 2194 3690 2244 εὐλα-

2183 2288 2367 2351 ϐείαςο
2398 2286 2507 2338 ἐὰν
2534 2285 2603 2338 δὲ
2645 2283 2936 2350 ἐκϐάλλῃ,
2972 2280 3357 2351 ἀφοριζέσθω·
3391 2283 3690 2353 ἐπιμένων·

2183 2380 2273 2443 δὲ,
2321 2378 2737 2448 καθαιρείσθω.

2182 2470 2381 2525 ΒᾹΛΣ.
2406 2470 2532 2539 ’Πρὸ
2558 2470 2656 2538 τῆς
2701 2473 2755 2532 ς’
2815 2466 3032 2520 συνόδου
3095 2468 3194 2539 τῆς
3232 2468 3289 2520 ὲν
3318 2467 3396 2538 τῷ
3432 2467 3690 2540 Τρούλλῳ

2109 2566 2207 2619 τοῦ
2261 2564 2528 2618 παλατίου
2600 2560 2901 2631 γενομένης
2982 2561 3110 2628 ἐξῆν
3181 2562 3295 2622 τοῖς
3362 2561 3689 2625 ἐπισκόποις

2092 2659 2259 2729 ’ἔχειν
2295 2656 2560 2724 γυναῖκας
2599 2656 2695 2707 καὶ
2753 2655 2893 2720 μετὰ
2926 2654 2987 2705 τὸ
3038 2652 3397 2706 ὲπισκοπικὸν
3442 2651 3686 2722 ἀξίωμα,

2096 2752 2301 2821 Ἰῶσπερ
2335 2750 2549 2820 ἔχουσιν
2586 2747 2754 2811 αὐτὰς
2785 2746 2880 2801 καὶ
2911 2747 2960 2799 oi
3000 2746 3140 2817 μετὰ
3167 2746 3258 2800 τὸν
3305 2746 3484 2817 γάμον
3510 2763 3691 2817 χειρο-

2106 2844 2421 2913 τονούμενοι
2480 2843 2645 2910 ἱερεῖς
2685 2840 2716 2909 ἢ
2761 2840 3021 2894 διάκονοι.
3081 2839 3233 2893 Ἐπεὶ
3287 2834 3383 2893 οὖν
3434 2840 3539 2911 πρὸ
3591 2841 3691 2908 τῆς

2123 2934 2563 2988 Ἰουστινιανείου
2593 2928 2720 3000 ριζ’,
2756 2947 2960 3001 νεαρας
2989 2929 3088 2998 τῆς
3122 2928 3387 2999 κειμένης
3418 2930 3477 2982 ὲν
3502 2929 3693 2999 βιϐλίῳ

2110 3028 2218 3081 τῶν
2254 3024 2556 3079 Βασιλικῶν
2584 3023 2659 3093 (5)
2686 3019 2772 3092 κη’
2795 3022 2959 3090 τίτλὶρ
2989 3022 3032 3086 ζ’
3066 3021 3247 3075 ἄδειαν
3276 3015 3422 3090 εἶχεν
3451 3024 3479 3075 ὁ
3501 3020 3692 3091 βουλό·

2116 3137 2274 3191 μενος
2303 3122 2367 3171 ὲκ
2390 3117 2567 3186 πάσης
2597 3116 2776 3177 αἰτίας
2806 3113 3158 3168 ἀποστέλλειν
3179 3116 3245 3184 τῇ
3274 3113 3495 3181 γυναικὶ
3523 3110 3691 3166 αὐτοῦ

436 3199 772 3264 presbytero,
813 3191 897 3245 vel
936 3192 1162 3246 diacono
1212 3200 1474 3261 prmtextu
1531 3191 1806 3262 religionis
1855 3208 2006 3246 suam

2115 3211 2413 3279 διαζύγιον,
2438 3210 2603 3279 φησιν
2639 3210 2666 3261 ό
2705 3205 2898 3277 παρὼν
2933 3204 3137 3266 κανὼν,
3182 3205 3258 3275 μὴ
3310 3205 3455 3275 ἔχειν
3508 3207 3694 3260 ἄδειαν

437 3298 659 3338 uxorein
692 3284 911 3354 ejicere.
950 3279 1049 3336 Hic
1077 3290 1255 3336 autem
1284 3296 1456 3336 canon
1483 3281 1736 3348 exolevit,
1772 3283 1913 3352 quod
1940 3284 2006 3336 ad

435 3374 779 3446 presbyteros
812 3383 867 3428 et
898 3374 1156 3427 diaconos
1197 3374 1424 3437 attinet;
1462 3372 1696 3442 episc0pi
1732 3375 1899 3438 enim,
1952 3386 2010 3427 ut

435 3465 639 3521 dictum
679 3474 784 3530 est,
831 3476 954 3535 post
994 3465 1360 3534 episcOpatum
1411 3478 1616 3518 uxores
1661 3464 2009 3522 haberentur

436 3566 693 3630 possunt;
725 3558 868 3626 quod
902 3572 1042 3610 nunc
1069 3570 1174 3610 non
1201 3557 1369 3624 possit
1391 3554 1547 3609 aliter
1568 3554 1703 3609 solvi
1731 3556 2011 3609 matrimo-

437 3651 587 3705 nium
624 3654 790 3719 quam
823 3664 921 3718 pro
950 3650 1133 3704 causis
1168 3663 1288 3718 quae
1319 3648 1373 3702 in
1408 3648 1551 3703 dicta
1582 3644 1803 3704 Novella
1833 3650 2008 3704 conti-

439 3752 653 3807 nentur,
681 3755 801 3811 quae
829 3752 954 3796 sunt
989 3742 1071 3796 hac
1102 3758 1115 3794 :
1150 3740 1203 3795 Si
1228 3741 1347 3809 quis
1379 3755 1444 3795 ex
1480 3739 1798 3810 coniugibus
1821 3742 2013 3797 adver-

438 3849 529 3889 sus
562 3836 941 3901 imperatorem
971 3832 1384 3902 couspiraverit.
1419 3831 1475 3887 Si
1521 3848 1656 3888 uxor
1709 3832 2010 3888 adulterata

440 3929 621 3981 luerit.
666 3927 722 3981 Si
753 3930 1015 3979 alteruter
1058 3926 1179 3979 vita:
1222 3924 1445 3981 alterius
1494 3925 1781 3981 insidiatus
1822 3926 2007 3982 fuerit.

440 4019 495 4071 Si
530 4030 663 4071 UXOI‘
700 4033 821 4072 cum
859 4017 991 4070 viris
1019 4016 1259 4070 externis
1285 4017 1502 4072 nolente
1532 4019 1725 4072 marito
1750 4019 2006 4075 convive-

439 4122 550 4173 tur,
583 4110 665 4165 vel
691 4110 922 4164 lavetur.
966 4108 1023 4163 Si
1054 4118 1209 4163 extra
1239 4110 1455 4163 domum
1481 4110 1661 4165 mariti
1696 4126 1831 4165 uxor
1857 4128 2003 4167 man-

436 4205 588 4267 serit,
623 4204 727 4257 nisi
767 4204 905 4256 lorte
940 4202 1083 4271 apud
1111 4216 1238 4257 suos
1268 4212 1542 4269 parentes.
1580 4200 1638 4257 Si
1678 4219 1813 4259 uxor
1849 4205 2013 4260 vadat

436 4297 501 4347 ad
532 4308 793 4363 equorum
840 4293 1092 4348 Circense
1130 4294 1457 4348 curriculum
1520 4303 1715 4365 praeter
1765 4297 2011 4352 volunta-

439 4397 557 4437 tem'
580 4384 784 4437 mariti.
821 4383 877 4437 Si
907 4383 1167 4438 alteruter
1197 4384 1487 4454 coniugum
1532 4386 1696 4441 vitam
1747 4389 2013 4443 monasti-

2112 3300 2206 3353 τὸν
2235 3300 2560 3362 ἐπίσκοπον,
2586 3298 2618 3367 ἢ
2656 3296 2751 3349 τὸν
2780 3294 3180 3365 πρεσϐύτερον,
3209 3296 3241 3365 ἢ
3272 3295 3364 3351 τὸν
3419 3296 3693 3365 διάκονον,

2116 3391 2390 3461 προφάσει
2422 3389 2713 3453 εὐλαϐείας
2737 3389 3020 3444 ἐκϐάλλειν
3046 3388 3153 3459 ’τὴν
3182 3389 3391 3443 οἰκείαν
3434 3393 3688 3456 γυναῖκα.

2116 3484 2196 3537 Τά
2228 3482 2324 3535 τοῦ
2346 3482 2594 3536 τοιούτου
2626 3482 2684 3535 δὲ
2731 3482 2958 3545 κανόνος
3011 3481 3336 3552 ἐσχόλασαν,
3371 3480 3496 3535 ὅσον
3550 3483 3689 3544 τέως

2113 3576 2193 3638 είς
2218 3575 2348 3638 τοὺς
2387 3574 2922 3644 πρεσϐυτέρουςηκαὶ
2965 3574 3268 3636 διακόνους.
3315 3573 3514 3645 Οίγὰρ
3568 3574 3691 3629 επί-

2118 3682 2314 3720 σκοποι
2345 3668 2616 3734 γυναῖκας
2650 3666 2816 3735 ἔχειν,
2844 3664 2922 3728 ὡς
2963 3665 3197 3734 εἴρηται,
3244 3666 3385 3735 μετὰ
3419 3666 3518 3736 τὴν
3566 3667 3689 3720 ἑπι-

2119 3757 2330 3829 σκοπὴν
2388 3758 2450 3812 ού
2502 3756 2781 3809 δύνανταιο
2814 3757 2878 3809 ἐκ
2928 3756 3023 3809 τοῦ
3052 3757 3127 3826 μὴ
3176 3755 3401 3812 λύεσθαι
3447 3759 3687 3827 σήμερον

2116 3850 2293 3913 ἄλλως
2332 3866 2448 3913 πως
2490 3848 2830 3901 συνοικέσιον
2883 3847 2961 3918 (6)
3003 3847 3410 3919 οίονδηποτοῦν,
3436 3851 3486 3903 εί
3517 3850 3590 3920 μὴ
3623 3853 3687 3904 ὲκ

2116 3942 2226 3995 τῶν
2259 3941 2449 3994 αἰτιῶν
2470 3940 2580 3992 τῶν
2610 3941 2668 3992 ὲν
2692 3942 2759 4009 τῇ
2788 3940 3017 4011 ῥηθείσῃ
3048 3942 3217 4010 νεαρᾷ
3254 3942 3680 4012 περιεχομένων

2115 4029 2171 4082 αἳ
2205 4028 2299 4081 καί
2325 4030 2462 4082 εἰσιν
2495 4020 2657 4083 αὗται
2681 4045 2695 4059 ·
2732 4028 2795 4081 τδ
2848 4028 3117 4098 φρονῆσαί
3146 4047 3269 4083 τινα
3300 4031 3366 4082 ὲκ
3418 4030 3524 4085 τῶν
3552 4033 3685 4100 ὁμο-

2115 4119 2294 4187 ζύγων
2317 4118 2460 4172 κατὰ
2494 4118 2739 4188 βασιλέα,
2791 4120 2851 4173 τὸ
2894 4120 3256 4190 μοιχευθῆναι
3288 4121 3387 4191 τὴν
3430 4125 3684 4189 γυναῖκα,

2120 4213 2178 4266 τὸ
2200 4211 2693 4268 ἐπιϐουλεύσασθαι
2725 4214 2953 4283 θάτερον
2982 4216 3048 4282 τῇ
3084 4213 3179 4266 τοῦ
3209 4214 3397 4284 ἐτέρου
3442 4212 3579 4283 ζωῇ,
3629 4215 3688 4268 τὸ

2122 4302 2518 4373 συμποσιὸἄειν
2548 4304 2580 4373 ἢ
2611 4305 2964 4357 συλλούεσθαι
2989 4304 3086 4373 τὴν
3133 4307 3367 4372 γυναῖκα
3430 4305 3686 4375 ἀνδράσιν

2120 4396 2421 4461 ὲξωτικοῖς,
2482 4397 2556 4467 μὴ
2613 4396 2938 4466 βουλομένου
2977 4395 3070 4449 τοῦ
3106 4396 3322 4466 ἀνδρός·
3354 4397 3418 4452 τὸ
3456 4398 3561 4467 ἔξω
3585 4399 3685 4468 τῆς

1669 4502 1837 4565 Guil.
1874 4506 2203 4587 Beveregii
2248 4516 2436 4571 notae.

508 4622 585 4705 μ)
613 4623 777 4675 Οἵκοι
802 4622 1267 4710 πειιπέιζθξυσαν.
1310 4623 1363 4706 in
1398 4625 1668 4710 Sirrteouis
1695 4627 2009 4710 _Logothcl:_c

2126 4636 2234 4710 lilio
2263 4636 2468 4710 _Leone
2521 4637 2852 4704 Philosophe
2900 4638 3178 4710 collectus,
3213 4638 3495 4709 βασιλικαί
3558 4642 3686 4710 (viz.

437 4697 670 4772 epitonie
696 4706 809 4762 post
848 4695 1639 4772 uspnsallwaav‘sielegitur;
1683 4695 1909 4772 ἀπαρχὴ
1936 4703 2012 4772 τῷ

438 4764 725 4843 ὲπισκόπῳ
771 4766 914 4843 Ακαὶῂ
950 4768 1062 4827 τοῖς
1110 4765 1529 4837 πρεσϐυτέροις,
1591 4769 1659 4831 ἃς
1696 4771 1745 4821 οἱ
1793 4764 2012 4843 ’πρῶτόι

434 4838 548 4898 τοῖς
609 4835 734 4902 ἑξῆς
768 4834 1099 4903 διανέμοιεν.

394 4938 401 4939 κ
508 4906 583 4975 t5)
633 4908 733 4958 Ἐν
770 4907 980 4970 βιϐλίῳ
1025 4906 1146 4962 τῶν
1173 4907 1533 4963 Βασιλικῶν.
1563 4912 1722 4965 Liber
1745 4914 2011 4967 constitu-

438 4977 642 5049 ιίοιιιιιιι
691 4978 1049 5049 ἱιιινιιιοιυιιιιηι
1097 4994 1125 5031 e
1180 4981 1471 5049 Justiniani
1503 4983 1708 5044 codice,
1757 4986 2007 5049 digestis,

436 5046 692 5109 novellis,
750 5046 1180 5103 institutionilms
1213 5058 1267 5103 et
1317 5048 1548 5114 edictis;
1587 5062 1711 5106 item
1748 5069 1776 5105 e
1813 5046 2009 5109 Justini

433 5116 697 5179 Juuioris,
766 5115 995 5190 Tiberii,
1026 5115 1259 5190 lenonis
1311 5119 1653 5190 aliorumque
1717 5124 2010 5190 imperato-

442 5200 581 5247 rum,
635 5198 799 5254 atque
848 5186 1016 5254 ipsius
1070 5188 1257 5242 Basilii
1315 5186 1622 5245 Macedonis
1672 5186 1921 5256 novellis,
1976 5210 2007 5249 e

442 5256 928 5331 tlpnstitutionibus
978 5256 1137 5310 etiam
1204 5257 1517 5331 Βασιλικαῖς
1552 5299 1568 5323 ,
1625 5264 1954 5331 ὲπαρχικαῖς
1988 5305 2004 5329 ,

448 5322 786 5403 ,Ρῳμιῖκαίς
812 5341 825 5389 ;
861 5340 1067 5403 uectum
1092 5344 1155 5381 ex
1181 5329 1469 5403 paratitlis,
1490 5322 1701 5403 glossis,
1720 5322 2007 5403 #59176“;

441 5396 594 5473 quis,
640 5399 1072 5473 παραπομπαῖς,
1124 5396 1215 5452 seu
1262 5396 1822 5473 interpretationibus,
1871 5396 2005 5472 quas

436 5467 596 5541 varii_
634 5467 1007 5541 juristtonsulti
1056 5468 1501 5541 conscribebant,
1531 5485 1561 5523 e
1614 5474 1809 5541 ῥοπαῖς
1838 5467 1998 5527 etiam

431 5548 526 5612 seu
573 5532 986 5612 hmyaigfrepl
1028 5539 1135 5590 τῶν
1171 5540 1351 5608 νόμων
1381 5532 1625 5612 -Ῥοδίουξ
1677 5532 2009 5612 Γεώργικοῦ,

435 5606 511 5654 De
543 5606 705 5662 poenis
743 5604 1085 5671 utilitatibus,
1119 5604 1251 5673 etin,
1283 5626 1345 5662 ex
1380 5608 1498 5662 littli
1554 5604 1726 5676 libris,
1758 5604 1809 5665 ei
1841 5604 1879 5665 ἐξ
1910 5604 2011 5665 Ιίιὲ

438 5684 577 5723 trmn
621 5686 878 5740 praetcrea
924 5682 1209 5731 sententiis
1237 5720 1251 5742 ,
1284 5692 1337 5732 et
1370 5682 1736 5734 (Iouciliorutu
1782 5684 2008 5735 CtlttOIIi-

439 5743 557 5807 bus,
599 5746 772 5811 primo
800 5762 828 5799 ιι
865 5743 1062 5799 Basilio
1095 5749 1407 5816 Macedone,
1444 5761 1497 5803 et
1524 5753 1715 5805 deinde
1743 5754 1809 5806 ab
1843 5755 2006 5820 ipsius

2120 4707 2416 4779 διατάξεις)
2453 4719 2503 4763 et
2552 4724 2938 4777 nonnunquam
3007 4707 3264 4778 βασιλικά
3319 4707 3680 4779 nuncupatur.

2120 4778 2407 4849 Egregium
2428 4779 2553 4849 ,μου
2592 4794 2729 4847 opus
2780 4781 2831 4832 iu
2866 4780 3034 4833 libros
3062 4795 3128 4833 ιιι
3178 4778 3546 4840 distributum.
3582 4781 3686 4833 ali-

2118 4847 2337 4914 quando
2369 4865 2394 4898 a
2425 4847 2634 4903 Zonara
2666 4859 2718 4901 ct
2764 4850 3039 4913 Aristeno,
3073 4864 3101 4901 a
3122 4880 3125 4881 ν
3148 4849 3471 4906 Balsamoue
3502 4850 3687 4916 saepis-

2118 4919 2255 4972 sime
2311 4918 2581 4972 laudatur.
2639 4918 2907 4972 Ca‘sternm
2963 4920 3243 4985 eremplar
3283 4933 3311 4970 a
3364 4916 3686 4975 Balsamonc

2119 4989 2448 5058 reliquisque
2504 4991 2760 5042 usitatum
2816 4992 2882 5042 ab
2932 5004 3018 5052 c0,
3062 4989 3202 5058 quod
3254 4989 3569 5052 impreSsum
3602 4999 3688 5043 est

2117 5055 2534 5112 Parisiis’anno
2589 5058 2750 5122 1647,
2784 5055 3240 5128 quamplurimum
3301 5058 3589 5128 discrepat,
3631 5060 3683 5110 in

2117 5128 2288 5181 titulis
2310 5130 2610 5196 praesertim
2647 5138 2703 5181 et
2730 5123 3000 5197 capitibus
3030 5125 3395 5197 recensendis.
3427 5123 3688 5197 Nonnun-

2115 5210 2300 5265 quam,
2353 5198 2548 5262 fateor,
2600 5211 2706 5250 non
2764 5199 2939 5266 capita
2990 5207 3217 5260 tantum,
3266 5196 3360 5249 sed
3388 5205 3444 5248 et
3483 5196 3623 5266 tituli
3656 5212 3685 5250 a

2116 5264 2434 5320 Balsamone
2469 5267 2615 5319 citati
2650 5266 2700 5319 in
2724 5264 3000 5336 impressis
3024 5264 3685 5336 desideranturzplernm-

2115 5351 2220 5403 que
2263 5346 2438 5389 tamen
2470 5336 2644 5389 locum
2676 5335 2919 5403 citatum,
2954 5338 2999 5392 si
3040 5348 3144 5389 non
3171 5335 3221 5387 in
3257 5336 3374 5402 ipso
3401 5336 3598 5403 capite,
3629 5336 3681 5387 in

2113 5405 2302 5476 eodem
2356 5405 2545 5459 saltent
2583 5406 2760 5471 titulo,
2795 5407 2856 5461 ad
2880 5423 3041 5476 quem
3070 5413 3124 5476 te
3156 5406 3383 5476 remittit
3427 5407 3683 5458 invenies.

2190 5474 2266 5544 (6)
2298 5476 2708 5530 Συνοικέσιον.
2741 5480 2828 5531 Sic
2853 5474 2911 5530 in
2938 5492 3037 5529 ms.
3070 5474 3381 5539 Bodleiano,
3418 5485 3473 5528 at
3504 5477 3555 5527 in
3588 5476 3685 5526 im-

2120 5547 2325 5613 pressis
2369 5554 2450 5597 est
2499 5547 2865 5611 γυναικέσιον,
2917 5545 3059 5613 quod
3095 5546 3340 5614 nnspiam
3385 5546 3622 5600 Occurrit
3667 5559 3680 5595 :

2119 5614 2460 5666 συνοικέσιον
2487 5626 2664 5669 autem
2702 5619 2913 5679 eodem,
2945 5632 3050 5683 quo
3073 5630 3101 5667 a
3139 5616 3473 5678 llalsamouc,
3498 5619 3682 5671 s'c-nstt.

2118 5687 2222 5738 viz.
2256 5702 2351 5753 pro
2382 5688 2751 5749 matrimonio,
2791 5696 2953 5741 etiam
2989 5701 3017 5737 a
3044 5686 3239 5741 concil.
3272 5684 3525 5739 Citalced.
3558 5696 3685 5735 can.

2117 5756 2207 5821 ‘27,
2234 5767 2541 5825 usurpatur.
3245 5786 3249 5790 -
