4042 6214
295 284 368 349 57
1577 290 1661 351 IN
1699 289 1869 353 CAN.
1913 291 1995 352 XI
2050 288 2309 352 APOST.
2392 307 2395 311 '
3500 280 3571 351 58

294 408 485 468 κεῖνος
516 402 973 473 ἀφορισθήσεται.
1013 402 1188 459 Τοῦτο
1224 406 1321 460 καὶ
1349 408 1377 462 ό
1412 407 1455 461 θ’
1484 409 1664 463 κανὼν
1696 409 1796 479 τῆς
1831 411 1886 464 ιν

1995 411 2218 467 ecclesia
2251 412 2345 467 sed
2377 412 2431 466 in
2467 410 2646 476 domo,
2674 407 2881 478 pariter
2904 415 2959 462 ει
2993 404 3081 461 bic
3112 404 3571 461 excommunica-

293 495 638 565 Kapﬂayivn
669 494 887 550 συνόδου
921 497 1078 566 φησί.

294 676 525 732 ΑΡΙΣΤ.
566 675 629 728 Ὀ
670 678 1123 746 συνευχόμενος
1160 680 1540 749 ἀκοινωνήτῳ
1597 699 1893 739 ταυτοκα·

971 769 1266 839 τάκριτος.

377 863 445 916 ’0
476 864 871 933 συνευχόμενος
887 861 1182 935 αἱρετικοίς
1204 867 1262 918 ὲν
1289 864 1554 937 ἐκκλησίᾳ
1582 867 1613 938 ἦ
1648 866 1710 920 ὲν
1733 865 1891 939 οἴκῳ,

294 954 668 1017 ἀκοινώνητος
697 956 964 1019 ὡσαύτως
995 956 1141 1008 ἔστω
1168 958 1265 1009 καὶ
1296 957 1478 1020 αὐτός.

912 1047 1155 1101 ΚΔΝΩΝ
1193 1047 1283 1103 ια’.

293 1139 372 1193 EI
423 1156 515 1205 τις
565 1141 958 1206 καθῃρημένῳ
1006 1138 1118 1207 (18)
1170 1138 1460 1207 κληρικὸς
1506 1140 1591 1193 ὢν
1633 1142 1896 1211 κληρικῷ

367 1230 747 1297 συνεύξηται
781 1228 919 1297 (19),
952 1228 1350 1295 καθαιρείσθω
1382 1230 1482 1283 καὶ
1515 1232 1716 1297 αὑτός.

368 1317 573 1374 ΒΑΔΣ.
622 1320 783 1384 Τινὲς
827 1320 890 1373 τὸ
937 1318 1302 1383 συνεύξασθαι
1350 1320 1584 1375 ἐνταῦθα
1632 1324 1754 1378 ἀντὶ
1799 1325 1894 1379 τοῦ

294 1411 762 1482 συνιερουργῆσαι
808 1409 1148 1475 εξελάὃοντο.
1194 1410 1269 1464 Οὐ
1314 1411 1464 1465 δοκεῖ
1502 1413 1558 1466 δὲ
1605 1414 1700 1468 καὶ
1748 1415 1894 1486 ἐμοὶ.

291 1502 443 1574 Περὶ
481 1503 592 1574 γὰρ
629 1502 830 1565 παντὸς
865 1500 1134 1572 κληρικοῦ
1169 1499 1592 1573 καθαιρεθέντος
1623 1504 1895 1576 ἐξελήφθη

286 1592 321 1644 ό
350 1589 547 1646 κανὼν
566 1634 581 1658 ,
607 1591 666 1646 οὗ
701 1592 806 1661 μὴν
833 1591 965 1662 περὶ
995 1592 1157 1661 μόνου
1190 1592 1403 1663 ἱερέως.
1436 1593 1622 1650 Ἀλλοι
1649 1596 1708 1651 δὲ
1739 1592 1897 1653 εἷπον

290 1680 551 1738 ινταῦθα
567 1685 655 1737 τὸν
673 1684 1067 1755 καθαιρεθέντα
1081 1684 1450 1757 ὑποϐληθῆναι
1469 1688 1564 1742 καὶ
1579 1690 1892 1763 ἀφορισμῷ,

291 1778 397 1829 καὶ
442 1776 535 1829 διὰ
572 1774 727 1829 τοῦτο
767 1775 1083 1845 κωλυθῆναι
1116 1777 1216 1850 τὴν
1250 1779 1390 1847 μετὰ
1423 1779 1613 1835 τούτου
1655 1799 1893 1853 προσευ-

294 1868 426 1939 χήν.
466 1868 623 1938 Ἐμοὶ
656 1866 714 1920 δὲ
745 1869 1095 1922 κατανοεῖται
1126 1870 1211 1923 ὅτι
1243 1871 1446 1935 σκοπὸς
1473 1872 1551 1942 τῷ
1586 1875 1769 1929 κανόνι
1803 1876 1891 1930 ὲν-

296 1956 479 2014 ταῦθά
520 1961 637 2011 ἐστι
676 1958 1002 2023 κολάζεσθαι
1042 1960 1224 2015 πάντα
1262 1963 1526 2033 κληρικδν
1561 1966 1894 2038 συνευξάμε-

299 2069 397 2105 νον
441 2051 801 2119 ὁπωσδήποτε
851 2050 1103 2122 κληρικῷ
1149 2053 1423 2125 οἱῳδήτινι
1471 2053 1890 2125 καθαιρεθέντι,

297 2142 401 2197 καὶ
442 2143 579 2211 μετὰ
608 2141 712 2211 τὴν
744 2141 1071 2215 καθαίρεσιν
1104 2142 1467 2214 ὲνεργήσαντι
1508 2147 1785 2215 ἱερατικόν
1816 2166 1891 2204 τι.

300 2234 403 2286 Διὰ
437 2234 547 2302 γὰρ
576 2231 735 2286 τοῦτο
769 2232 864 2285 καὶ
894 2233 1396 2306 καθαίρεσιςάὺτῷ
1427 2235 1722 2309 ἐπάγεται,
1759 2237 1894 2292 Ἀπὸ

304 2326 501 2395 μέντοι
522 2324 611 2378 τοῦ
637 2323 1002 2391 συνεύξασθαι
1024 2343 1147 2380 τινα
1173 2326 1545 2398 ἀφωρισμένῳ
1569 2329 1676 2382 τινὶ
1702 2331 1892 2385 καθαί-

302 2433 461 2487 ρεσις
499 2416 595 2468 οὐκ
628 2416 919 2484 ἐπάγεται,
950 2415 1087 2471 ἀλλὰ
1121 2418 1447 2490 ἁφορισμὸς,
1476 2419 1553 2484 ὡς
1588 2423 1617 2477 ό
1646 2430 1687 2476 ι’
1711 2425 1894 2480 κανὼν

302 2501 763 2571 παρακελεύεται.

377 2593 627 2647 ΖΩΝΑΡ.
656 2592 781 2647 Τῶν
810 2594 1265 2667 καθαιρουμένων
1283 2600 1424 2665 τινὲς
1443 2603 1543 2673 μὲν
1573 2605 1743 2674 μόνης
1780 2605 1892 2679 lep-

300 2684 535 2754 ουργίας
568 2685 895 2750 κωλύονται,
940 2688 1001 2742 οὐ
1060 2690 1242 2758 μέντοι
1272 2692 1367 2746 καὶ
1397 2694 1702 2761 κοινωνίας,
1734 2696 1767 2767 ἢ
1797 2697 1889 2752 τοῦ

302 2776 820 2848 συνεκκλησιάζειν.
853 2780 916 2833 Οἱ
950 2780 1008 2834 δὲ
1039 2780 1138 2835 σὺν
1164 2786 1230 2853 τῇ
1264 2783 1584 2855 καθαιρέσει
1616 2788 1709 2841 καὶ
1738 2789 1893 2843 ἀκοι-

300 2868 537 2938 νώνητοί
572 2870 678 2922 εεσι
714 2871 805 2923 καὶ
838 2872 1239 2944 ἀφωρισμένοι.
1267 2874 1340 2929 Ἦ
1370 2876 1500 2945 γοῦν
1531 2879 1559 2931 ό
1593 2878 1773 2933 κανὼν
1802 2874 1891 2936 οὗ·

300 2976 394 3022 τος
438 2960 572 3030 περὶ
607 2960 1033 3031 καθαιρεθέντος
1066 2966 1128 3017 ἐν
1159 2966 1346 3036 ταυτῷ
1378 2968 1473 3022 καὶ
1506 2969 1894 3039 ἀφορισθέντος

2000 505 2166 560 bitur.
2204 503 2319 560 lloc
2355 505 2519 561 etiam
2547 515 2727 558 nonus
2751 515 2925 555 canon
2959 496 3145 569 synodi
3174 496 3570 567 Carthagincu-

1994 591 2072 645 sis
2106 592 2255 645 dicit.

2066 679 2293 737 ARIST.
2321 680 2426 748 Qui
2457 698 2574 736 cum
2610 681 3059 737 excommunicato
3102 678 3266 733 simul
3316 677 3565 743 oraverit,

2406 775 2570 828 eidem
2594 775 2801 845 judicio
2827 771 3128 841 subjicitur.

2066 865 2169 934 Qui
2219 865 2379 921 simul
2420 867 2659 921 oraverit
2687 880 2807 919 cum
2837 864 3107 919 haereticis
3143 862 3195 916 in
3226 860 3457 919 ecclesia
3484 861 3573 916 vel

1996 956 2178 1023 domo,
2207 957 2319 1027 ipse
2346 956 2596 1012 similiter
2617 957 2685 1011 sit
2709 953 3231 1010 excommunicatus.

2602 1046 2834 1104 CANON
2866 1044 2959 1101 Xl.

1997 1141 2058 1198 Si
2086 1142 2224 1214 quis,
2249 1157 2365 1196 cum
2395 1142 2469 1195 sit
2499 1141 2744 1205 clericus,
2794 1156 2901 1194 una
2951 1155 3071 1193 cum
3107 1138 3342 1206 deposito
3381 1136 3572 1192 clerico

2372 1231 2624 1293 oraverit,
2663 1229 2954 1299 deponatur
2991 1237 3040 1282 et
3072 1228 3202 1296 ipse.

2066 1323 2266 1378 BALS.
2287 1320 2545 1377 Nonnulli
2574 1321 2723 1381 illud.
2761 1335 2865 1374 una
2898 1317 3131 1387 precari,
3179 1331 3276 1383 pro
3319 1328 3384 1370 eo
3430 1313 3570 1383 quod

1994 1425 2080 1473 est
2101 1414 2260 1473 simul
2282 1428 2435 1470 sacra
2463 1413 2665 1476 facere,
2689 1410 2776 1465 bic
2797 1416 3145 1477 acceperunt.
3171 1406 3276 1462 Sed
3303 1405 3437 1460 mihi
3465 1420 3570 1459 non

1998 1509 2069 1564 ita
2097 1507 2335 1564 videtur.
2372 1505 2444 1561 De
2468 1503 2660 1576 quovis
2682 1501 2826 1558 enim
2859 1500 3062 1557 clerico
3090 1498 3339 1567 deposito
3372 1495 3573 1565 accipi-

1999 1609 2088 1657 tur
2111 1614 2309 1665 canon,
2340 1613 2443 1653 non
2476 1607 2656 1652 autem
2687 1596 2754 1650 de
2776 1594 2892 1650 solo
2916 1592 3219 1649 sacerdote.
3255 1590 3358 1644 Alii
3389 1598 3571 1644 autem

1997 1693 2253 1749 dixerunt
2291 1692 2384 1747 hic
2409 1691 2711 1760 depositum
2740 1687 2905 1743 etiam
2962 1683 3323 1755 scgregationi
3355 1680 3569 1753 subjici,

1925 1762 1967 1818 Β
1994 1793 2048 1840 ει
2075 1785 2196 1839 ideo
2227 1798 2349 1840 esse
2377 1780 2709 1853 prohibitam
2756 1794 2862 1834 una
2913 1793 3038 1833 cum
3069 1794 3134 1833 eo
3174 1775 3569 1847 precationem.

1994 1877 2106 1948 Ego
2131 1890 2260 1931 vero
2286 1874 2546 1944 intelligo,
2573 1873 2714 1943 quod
2739 1870 2962 1927 canonis
2996 1870 3099 1927 hoc
3132 1876 3213 1924 est
3240 1867 3571 1925 institutum.

1994 1968 2187 2036 punire
2214 1966 2461 2037 quemvis
2492 1966 2773 2030 clericum,
2812 1964 2902 2033 qui
2939 1978 3060 2017 cum
3095 1960 3286 2031 quovis
3318 1959 3567 2027 deposito

1994 2058 2213 2123 clerico,
2259 2068 2313 2115 et
2339 2067 2459 2128 post
2488 2057 2880 2127 depositionem
2911 2052 3256 2109 sacerdOIale
3284 2050 3564 2120 quidpiam

1993 2158 2242 2218 operato,
2300 2149 2370 2203 sit
2421 2148 2913 2218 quomodocunque
2955 2151 3228 2211 precatus.
3278 2141 3569 2209 Propterea

1994 2243 2138 2296 enim
2169 2241 2438 2311 depositio
2488 2240 2653 2296 etiam
2689 2239 2763 2292 illi
2809 2237 3089 2306 inﬂigitur.
3141 2235 3217 2289 Ex
3269 2247 3337 2288 eo
3388 2242 3567 2286 autem

1994 2334 2137 2404 quod
2159 2334 2281 2404 quis
2309 2349 2431 2389 cum
2462 2332 2643 2402 aliquo
2670 2328 3138 2399 excommunicato
3170 2335 3423 2395 precatus
3455 2322 3571 2376 lue-

1994 2426 2088 2490 rit,
2117 2440 2222 2480 non
2251 2423 2510 2495 inﬂigitur
2532 2420 2820 2492 depositio,
2845 2420 2939 2475 sed
2967 2417 3485 2479 excommunicatio,
3511 2424 3573 2469 ut

1995 2518 2241 2573 decimus
2275 2530 2450 2570 canon
2474 2513 2647 2584 jubet.

2067 2607 2317 2666 ZONAR.
2350 2606 2726 2678 Depositorum
2763 2601 2998 2681 nonnulli
3023 2602 3240 2673 quidem
3272 2598 3569 2670 prohiben-

1997 2709 2084 2755 tur
2126 2717 2155 2755 a
2199 2699 2314 2757 sola
2345 2712 2627 2753 sacrorum
2668 2694 3035 2751 celebratione
3080 2710 3098 2748 :
3156 2706 3264 2747 non
3319 2690 3484 2745 etiam
3539 2702 3568 2741 ι

1994 2792 2397 2855 communione,
2444 2787 2529 2843 vel
2573 2787 2642 2843 ab
2687 2784 2944 2841 Ecclesia:
2987 2790 3277 2839 conventu.
3339 2778 3568 2846 Quidam

1994 2900 2124 2941 vcro
2149 2881 2309 2940 simul
2342 2896 2463 2937 cum
2486 2880 2819 2949 depositione
2851 2884 2977 2933 sunt
3032 2884 3086 2931 et
3114 2870 3569 2930 excommunicati

1988 2968 2049 3031 et
2071 2979 2137 3031 ab
2159 2975 2279 3030 aliis
2304 2972 2595 3045 segregati.
2622 2970 2721 3028 Vel
2741 2971 2829 3026 hic
2846 2970 3008 3040 igitur
3022 2983 3194 3024 canon
3232 2967 3300 3020 de
3324 2964 3571 3033 deposito

302 3052 659 3122 νοηθήσεται,
688 3054 783 3107 καὶ
811 3055 843 3107 ό
872 3055 1273 3124 συνευξάμενος
1298 3056 1476 3128 τούτῳ
1504 3059 1612 3113 ὑπὸ
1638 3060 1886 3132 καθαιρσ·

2001 3067 2204 3138 pariter
2247 3072 2303 3121 et
2361 3062 2834 3119 excommunicato
2880 3060 3028 3114 venit
3071 3057 3471 3127 intelligendus,
3515 3063 3573 3110 et

306 3158 390 3194 σιν
424 3141 582 3195 ἔσται
608 3158 622 3173 ο
653 3143 687 3214 ἢ
720 3143 780 3196 τὸ
821 3143 1188 3210 συνεύξασθαι
1218 3146 1339 3201 ἀντὶ
1367 3149 1463 3201 τοῦ
1499 3152 1891 3221 συνιερουργῆ-

307 3250 396 3287 σαι
432 3235 949 3309 παραληφθήσεται.

304 3413 531 3467 ΔΡῐΣΤ.
587 3413 654 3467 '0
690 3415 1141 3485 συνευχόμενος
1180 3415 1566 3486 καθῃρημένφ
1600 3433 1892 3473 ταυτοκα-

943 3508 1238 3577 τάκριτος.

2001 3158 2088 3225 qui
2124 3156 2284 3212 simul
2310 3155 2548 3211 oraverit
2583 3168 2705 3208 cum
2737 3168 2823 3218 eo,
2857 3151 3180 3221 depositioni
3228 3150 3441 3204 iuturus
3498 3148 3573 3201 sit

1997 3249 2304 3313 obnoxius;
2340 3248 2443 3313 vel,
2473 3246 2634 3301 simul
2664 3259 2872 3310 orasse,
2906 3259 3004 3314 pro
3030 3258 3187 3300 sacra
3217 3240 3378 3298 simul
3408 3253 3568 3310 pere-

1998 3341 2159 3412 gisse,
2187 3340 2483 3409 accipiatur

2066 3427 2297 3485 ARIST.
2349 3427 2455 3494 Qui
2492 3428 2651 3482 simul
2685 3428 2911 3482 oraverit
2944 3443 3061 3482 cum
3105 3426 3363 3495 deposito,
3399 3420 3566 3478 eidem

2508 3519 2715 3590 judicio
2750 3520 3052 3588 subjicitur.

1569 3653 1733 3716 Guil.
1765 3652 2094 3730 Beveregii
2138 3659 2329 3715 notae.

376 3812 497 3884 (l8)
534 3811 609 3863 ει
638 3825 727 3876 τις
755 3811 1172 3884 κᾳθῃρημένῳ.
1200 3805 1267 3884 lit
1288 3808 1427 3884 laici
1461 3810 1730 3884 scelerum
1755 3828 1886 3871 con-

303 3880 434 3941 victi
466 3880 1030 3954 excommunicantur.
1062 3883 1143 3936 sic
1166 3880 1354 3936 clerici
1389 3881 1769 3954 delinquentes
1792 3899 1889 3954 per

302 3967 551 4012 canones
575 3953 942 4020 deponuntur;
972 3952 1070 4006 boc
1097 3960 1235 4021 esta
1262 3952 1436 4006 sacris
1467 3952 1753 4021 iungendis
1785 3952 1888 4009 mi-

304 4024 559 4080 nisteriis
607 4028 882 4081 arcentur,
939 4031 993 4076 et
1024 4020 1076 4076 in
1124 4020 1389 4075 laicorum
1439 4020 1684 4077 ordinem
1744 4024 1889 4078 redi-

303 4105 532 4165 guntur.
584 4088 737 4165 Hanc
779 4105 995 4165 poenam
1029 4089 1243 4145 clericis
1296 4089 1555 4165 inﬂictam
1594 4104 1805 4165 veteres
1834 4093 1889 4148 bi

302 4159 553 4220 canones
598 4159 893 4231 καθαιρεῖν
949 4169 1164 4226 vocant,
1229 4170 1282 4215 et
1340 4161 1537 4231 quibus
1594 4160 1872 4231 inﬂigitur,

302 4230 757 4302 καθῃρημένους.
776 4229 1183 4302 Nonnunquam
1216 4229 1664 4302 περιῴραςτικῶς
1693 4229 1877 4297 expri-

301 4298 498 4365 mittir,
523 4298 621 4368 per
647 4299 741 4354 τοῦ
767 4298 977 4368 βαθμοῦ
1019 4298 1418 4369 καθαιρεῖσθαι,
1449 4299 1610 4355 Basil.
1638 4316 1761 4356 can.
1782 4301 1872 4358 55.

300 4372 601 4426 ἐκπίπτειν
618 4370 717 4439 τῆς
742 4369 1069 4440 ὑπηρεσίας,
1108 4368 1201 4425 Id.
1228 4385 1350 4425 can.
1392 4372 1483 4426 51.
1517 4368 1612 4424 τοῦ
1665 4369 1766 4439 βαθ
1814 4373 1877 4426 οὗ

302 4439 673 4495 κατάγεσθαι.
738 4439 819 4492 Id.
874 4454 996 4494 can.
1053 4439 1143 4494 32.
1210 4440 1550 4495 ὲκκήουκτον
1607 4390 1875 4495 γίνεσθαι.
1910 4415 1955 4472 D

302 4439 673 4506 κατάγεσθαι,
738 4439 996 4510 ἰάζειιη.
1028 4439 1147 4510 732.
1210 4440 1550 4508 ὲκκήρυκτον
1607 4439 1875 4510 γίνεσθαι.

303 4511 842 4580 ϐοηε11.Αιι(·γι“.Αε.
877 4508 941 4562 18
966 4526 984 4580 ι
1020 4509 1309 4562 ἐκπίπτειν
1338 4512 1433 4565 τοῦ
1467 4510 1596 4564 ἰδίου
1620 4508 1879 4580 βαθμοῦ,

303 4579 570 4651 Chalced.
751 4578 845 4651 27,
869 4579 1195 4633 κινδυνεύειν
1224 4579 1353 4649 περὶ
1374 4580 1465 4634 τὸν
1494 4581 1625 4634 ἴδιον
1650 4578 1880 4651 βαθμόν,

302 4649 569 4703 Chalced.
600 4662 649 4719 cr.
664 4648 721 4711 2,
748 4650 850 4719 hoc
870 4658 975 4709 est.
994 4651 1262 4719 jacturam
1281 4648 1558 4719 clericatus
1579 4648 1879 4717 sustinebit,

302 4720 406 4788 τῆς
443 4718 743 4788 ἱερωσύνης
771 4718 1238 4788 ἀπογυμνοῦσθαι,
1264 4718 1435 4773 'l‘rull.
1469 4734 1591 4774 can.
1624 4720 1883 4783 suae-

302 4771 585 4857 αι’ῥεῖσθαι
812 4771 1174 4855 λείτουργιας,
1224 4771 1881 4855 ὧηζᾜξῖιι

306 4860 511 4928 μηκέτι
537 4858 876 4928 λειτουργεῖν
903 4858 951 4912 ei
987 4858 1066 4911 las
1098 4859 1189 4921 sit,
1209 4859 1395 4925 Apost.
1427 4874 1554 4914 can.
1588 4860 1676 4914 15.
1704 4857 1769 4915 Ει
1798 4862 1880 4917 sic

302 4929 526 5053 git-idem
555 4927 881 5007 in.Ecclesia
933 4928 1202 4993 primitiva
1254 4929 1346 5011 qui
1397 4928 1878 5011 semeldepOsitus

330 5007 433 5053 ιιιι.
475 4997 707 5053 amplius
740 4997 1019 5051 celebrare
1046 5009 1150 5050 n0u
1189 5005 1384 5053 notuit.
1418 5013 1520 5053 nec
1565 5015 1618 5053 In
1668 5001 1877 5053 clerum

330 4998 433 5062 uit,
475 4997 707 5066 amplius
740 4997 1019 5051 celebrare
1046 5009 1150 5050 n0u
1189 4999 1384 5066 potuit,
1418 5013 1520 5054 nec
1565 5000 1618 5053 in
1668 4997 1877 5055 clerum

304 5081 501 5137 rursus
546 5065 790 5137 admitti;
839 5068 932 5122 sed
969 5067 1110 5122 inter
1140 5065 1309 5122 laicos
1343 5078 1604 5137 perpetuo
1633 5069 1880 5125 recensi-

304 5145 396 5191 tus
424 5136 774 5209 fuitaPostea
822 5143 1003 5193 autem
1036 5136 1279 5209 partialis
1314 5134 1566 5209 quaedam
1599 5148 1696 5195 aut
1725 5148 1879 5195 tem-

303 5206 512 5276 poralis
560 5205 869 5262 introducta
922 5215 1004 5262 est
1038 5205 1349 5275 depositio,’
1383 5209 1450 5262 ad
1500 5217 1706 5264 certum
1760 5219 1877 5264 tan-

304 5276 588 5331 tummodo
643 5287 857 5345 tempus
909 5276 1125 5332 clericis
1176 5278 1437 5346 inllicta;
1474 5292 1638 5346 quant
1696 5290 1875 5334 tamen

304 5360 417 5417 non
464 5347 834 5417 depositionem
864 5347 1101 5417 proprie,
1152 5349 1248 5401 sed
1295 5350 1682 5417 suspensionem
1735 5350 1878 5404 voci-

303 5416 414 5469 tari
451 5430 548 5470 usu
574 5417 740 5471 venit.
766 5415 1068 5471 Concilium
1104 5415 1520 5482 Aurelianense,
1570 5416 1876 5477 Memoratat

300 5487 626 5569 persona-sub
642 5485 838 5566 [tenore
857 5486 935 5569 uel
954 5486 1119 5569 ofﬁcio
1143 5498 1385 5569 suscepto
1402 5487 1874 5569 juxtanarbitr‘iu'm

302 5557 391 5608 sui
412 5555 679 5623 pontiﬁcis
703 5556 1111 5624 suspendantur,
1141 5556 1336 5612 concil.
1357 5555 1539 5611 Aurel.
1566 5555 1622 5621 5,
1653 5572 1703 5611 c.
1736 5558 1792 5622 5,
1817 5572 1872 5625 p.

302 5625 456 5705 515..
477 5633 611 5681 ιοιιι.
641 5622 704 5679 ll.
733 5624 854 5705 Bjn.
887 5626 1030 5705 Anni
1056 5626 1290 5705 spatio}
1319 5626 1680 5705 communione
1706 5626 1872 5705 eccle-

300 5694 522 5749 siastica
547 5695 921 5759 suspendatur.
959 5694 1091 5751 ibid.
1117 5711 1168 5753 ε.
1198 5694 1284 5757 17,
1307 5704 1363 5752 ει
1389 5695 1587 5754 consil.
1609 5697 1663 5758 4.
1696 5711 1745 5754 c.
1782 5698 1870 5759 19.

1984 3811 2029 3866 Α
2050 3813 2414 3867 communione
2443 3812 2710 3867 catholica
2740 3829 2833 3880 pro
2882 3812 3247 3867 emendatione
3294 3809 3565 3868 sacrilegii

1982 3886 2356 3952 suspendatur.
2384 3882 2595 3941 Concil.
2633 3884 2815 3937 Aurel.
2857 3882 2912 3943 4,
2954 3897 3004 3935 c.
3039 3883 3125 3946 15,
3158 3883 3313 3943 ibid.,
3361 3898 3412 3949 p.
3439 3880 3566 3933 iii-2.

1983 3950 2117 4006 Cum
2154 3968 2259 4007 vox
2291 3955 2564 4021 suspensio
2610 3968 2715 4007 non
2755 3961 3074 4019 usurpatur,
3131 3963 3342 4020 tempus
3390 3953 3568 4021 deter-

1984 4022 2246 4087 minatur,
2276 4020 2391 4089 quo
2414 4025 2482 4076 ab
2514 4022 2690 4076 omcio
2738 4037 2954 4077 cessare
2986 4021 3181 4075 debent
3213 4037 3228 4072 :
3283 4031 3358 4083 ιιι,
3398 4020 3565 4071 tribus

1986 4092 2247 4145 mensibus
2278 4093 2345 4145 sit
2378 4110 2409 4145 a
2434 4108 2532 4145 suo
2562 4092 2742 4160 officia
2769 4098 3149 4160 sequestratus.
3174 4089 3343 4160 Cone.
3376 4089 3561 4142 Aurel.

1985 4160 2042 4222 ὅ,
2074 4176 2123 4216 c.
2154 4160 2209 4223 ‘2,
2247 4162 2464 4283 ibid.
2500 4158 2627 4215 505.
2658 4162 2797 4215 Anni
2833 4158 3003 4228 spatio
3030 4159 3226 4213 Missas
3268 4158 3440 4224 facere
3461 4170 3567 4210 non

1985 4242 2287 4283 urmumat:
2319 4230 2389 4283 ibi
2432 4268 2447 4283 .
2480 4246 2531 4283 c.
2557 4231 2649 4283 25.
2684 4231 3072 4283 Αιιηοιίιιιεανο
3098 4245 3280 4283 uacent
3314 4226 3564 4281 Ecclesia:

1982 4242 2287 4297 primumut:
2319 4226 2447 4285 ibid.
2480 4246 2531 4284 c.
2557 4231 2649 4284 25.
2684 4226 3072 4297 Αιιηοίίιιιεςνο
3098 4245 3280 4296 pacem
3314 4226 3564 4281 Ecclesia:

1985 4296 2086 4353 non
2121 4300 2350 4354 habebit.
2385 4300 2515 4357 ibid.
2550 4315 2601 4354 c.
2640 4300 2731 4354 16.
2763 4296 3027 4353 Τιιιιάὶιιία
3054 4296 3405 4366 sacriﬁcando
3450 4313 3565 4351 cits-

1983 4369 2139 4433 subit,
2195 4371 2449 4439 quamdiu
2513 4370 2750 4440 legitima
2822 4370 3135 4440 paenitentiae
3198 4368 3565 4440 satisfactione

1983 4437 2249 4509 correptus
2272 4443 2340 4495 ad
2370 4437 2577 4507 gradus
2602 4441 2706 4493 sive
2735 4439 2977 4508 ofﬁcium
3010 4439 3209 4509 redeat,
3236 4441 3390 4509 quod
3420 4437 3567 4509 rami:

1981 4510 2071 4570 sit,
2126 4505 2280 4566 conc.
2334 4505 2594 4565 Bracbar.
2647 4510 2702 4573 3,
2750 4505 2867 4576 cap.
2923 4523 2960 4569 I,
3016 4523 3071 4576 p.
3118 4506 3277 4572 1204,
3332 4517 3464 4560 ιοιιι.
3518 4505 3564 4561 ll

1983 4578 2104 4633 Bin.
2164 4580 2431 4644 Quamdiu
2467 4581 2527 4633 in
2584 4581 2681 4633 hoc
2714 4579 2842 4633 vitio
2879 4578 3058 4646 fuerit,
3134 4594 3165 4630 a
3205 4577 3563 4646 sacriﬁcando

1981 4648 2224 4713 cessabit,
2263 4650 2393 4704 ibid.
2424 4664 2545 4717 cap.
2577 4648 2633 4713 5,
2680 4649 2927 4702 ἐνιαυτὸν
2958 4649 3171 4716 ἀργεῖν,
3221 4645 3383 4700 Basil.
3433 4661 3561 4701 can.

1981 4718 2071 4773 69.
2124 4718 2391 4774 Caeterum
2432 4719 2723 4774 concilium
2778 4719 3143 4773 Lateraneuse
3194 4719 3405 4781 statuit,
3460 4730 3563 4770 nec

1980 4789 2388 4854 suspensionetn
2421 4788 2537 4844 lleri
2573 4788 2679 4843 nisi
2713 4788 2967 4842 canonica
2991 4786 3394 4840 commonitioue
3419 4801 3562 4853 pra:-

1980 4858 2163 4980 gtissa,
2193 4859 2391 4914 concil.
2442 4856 2624 4915 Later.
2675 4860 2732 4925 ‘5,
2773 4874 2823 4912 c.
2858 4858 2912 4922 6,
2981 4872 3034 4926 p.
3080 4855 3238 4923 1516,
3296 4865 3430 4910 ιοιιι.
3493 4854 3562 4909 Ill

2028 4945 2106 4980 ιιι.

2028 4945 2106 4981 ιιι.

2052 4996 2163 5065 (19)
2200 4997 2308 5051 Ὧν
2348 4993 2614 5064 φαληρικῷ
2644 4996 3039 5060 συνεύεηται.
3078 4994 3132 5047 in
3166 4994 3446 5062 impressis
3472 5003 3561 5050 est

1977 5065 2053 5149 διν
2184 5066 2459 5149 κληρικιῖινι
2479 5068 2750 5148 quomodo
2784 5067 2966 5149 legunt
3004 5065 3131 5149 Joh:
3159 5065 3552 5149 Antiocltenus,

1977 5145 2032 5208 et
2072 5136 2357 5208 Dionysius
2403 5136 2684 5208 'Egtiguus,
2736 5136 2827 5205 qui
2882 5145 3051 5208 totum
3110 5136 3254 5208 hunc
3282 5148 3557 5208 cntionem

1977 5206 2057 5260 sic
2089 5203 2366 5261 transtulit
2398 5223 2413 5260 :
2448 5205 2507 5260 Si
2530 5203 2670 5273 'quis
2719 5203 2839 5259 cum
2869 5207 3118 5258 damnato
3167 5204 3356 5257 clerico
3398 5203 3559 5259 veluti

1976 5292 2095 5329 cum
2122 5274 2311 5330 clerico
2334 5276 2495 5330 simul
2526 5277 2775 5337 oraverit,
2801 5277 2897 5329 iste
2939 5273 3240 5329 damnetur.
3304 5274 3370 5326 Et
3401 5288 3557 5339 para-

2015 5347 2231 5405 hrastes
2280 5345 2563 5411 Arabicus,
2597 5346 2686 5414 qui
2743 5346 2927 5406 verba,
2976 5345 3052 5406 ὡς
3083 5342 3331 5414 κληρικῷ
3362 5342 3555 5396 συνεύ-

2046 5432 2136 5468 ται
2190 5416 2353 5469 vertit
2404 5423 2499 5469 aut
2529 5424 2774 5483 precatur
2799 5428 2920 5468 cum
2939 5429 3022 5475 eo,
3047 5422 3102 5466 ut
3135 5426 3381 5482 precatur
3415 5414 3551 5468 veris

1974 5482 2349 5539 sacerdotibus.
2376 5485 2659 5541 Balsamon
2686 5498 2779 5552 per
2815 5482 3170 5548 συνεύξασθαι
3218 5484 3307 5538 hic
3335 5498 3554 5552 συνιερ-

1974 5557 2242 5626 ουργῆσαι
2273 5571 2301 5607 a
2336 5555 2612 5626 nonnullis
2639 5554 2863 5626 intelligi
2895 5553 3189 5626 observat:
3246 5553 3551 5626 interquos

1976 5622 2247 5695 zonaram
2284 5624 2689 5695 et_Aristenum
2725 5622 2894 5682 fuisse
2941 5622 3422 5695 interpretationes
3448 5635 3547 5676 eo-

1977 5710 2094 5751 rum
2125 5693 2304 5757 palam
2331 5693 2563 5751 iaciunt.
