4042 6214
578 317 651 382 63
1790 307 2067 368 THEOD.
2126 304 2220 364 ΒΑ
2231 304 2522 366 LSAMON
3756 306 3826 365 65

577 431 912 502 recipiendo,
939 431 1253 492 et.necdum
1297 430 1569 497 ordinato,
1610 442 1785 498 neque
1821 440 2137 484 excommu-

2243 437 2371 474 κτου
2410 418 2761 489 ἐξεφωνήθη,
2800 416 2892 472 καὶ
2935 418 3102 489 μήπω
3143 418 3649 491 χειροτονηθέντος,
3689 424 3827 495 μηδὲ

579 522 761 578 nicato
789 523 1161 593 promulgatas
1192 529 1276 578 est
1308 540 1323 579 :
1364 522 1463 577 sed
1494 538 1603 592 prae
1625 536 1733 575 .ens
1766 536 1939 575 canon
1968 520 2036 574 de
2063 536 2147 575 or-

576 614 761 667 dinato
787 615 1001 679 statuit,
1035 623 1087 670 et
1110 615 1601 679 excommunicato,
1649 614 1740 684 qni
1774 622 1895 681 post
1917 628 2142 667 excom-

580 704 998 758 municatiouetn
1051 718 1192 773 aegre
1242 704 1421 760 ferens
1476 704 1543 758 ad
1601 704 1764 757 alium
1824 719 1881 758 se
1938 703 2144 758 confert

580 798 909 865 pontiﬁcem,
940 800 1303 867 recipiturque
1339 798 1407 852 ab
1440 812 1505 853 eo
1532 796 1675 853 illius
1704 797 2145 853 excommunica-

580 887 744 941 tionis
774 888 980 959 ignaro.
1007 888 1192 943 Canon
1229 888 1393 957 igitur
1424 886 1549 943 talis
1582 887 1732 956 jubet
1763 890 2144 945 excommuni-

578 980 842 1033 cationetu
870 981 1092 1035 intendi.

578 1070 804 1128 ARIST.
884 1071 989 1137 Qui
1062 1075 1466 1142 segregationem
1525 1090 1676 1129 suam
1735 1077 2007 1140 mentitur,
2063 1085 2144 1131 est

1068 1167 1281 1222 minime
1300 1168 1645 1234 recipiendus.

648 1256 705 1310 Si
740 1257 861 1326 quis
891 1271 918 1310 a
954 1260 1173 1328 proprio
1211 1259 1463 1330 episc0po
1497 1269 1831 1333 segregatur,
1883 1270 1939 1318 et
1981 1263 2144 1334 proti-

576 1346 789 1403 ciscens
818 1348 883 1403 ad
909 1349 1071 1404 alium
1096 1351 1408 1419 episcOpum
1440 1352 1581 1407 celat
1605 1353 2058 1424 segregationem,
2087 1362 2143 1408 et

578 1440 647 1492 ah
679 1455 743 1494 eo
781 1442 1057 1508 recipitur.
1095 1455 1423 1514 aggravetur
1451 1444 1499 1499 ei
1526 1447 1849 1515 segregatio.
1887 1456 2139 1517 tanquam

578 1532 858 1586 mentienti
885 1541 941 1588 et
970 1534 1259 1603 decipionti
1288 1535 1585 1592 Ecclesiam
1615 1537 1730 1593 Dei.

1147 1714 1377 1772 CANON
1419 1715 1560 1771 XIV.

577 1800 833 1873 Episcopo
868 1821 968 1859 non
1006 1805 1180 1869 liceat,
1215 1823 1311 1860 sua
1352 1808 1529 1862 relicta
1553 1810 1824 1875 paroclna,
1869 1824 1935 1863 aa
1970 1809 2137 1863 aliam

647 1898 935 1961 transilire,
967 1900 1175 1954 etiamsi
1214 1917 1245 1952 α
1275 1900 1516 1968 pluribus
1545 1913 1783 1972 cogatur,
1816 1902 1917 1955 nisi
1939 1903 2006 1955 sit
2035 1902 2140 1955 ait"

644 2003 747 2055 qua
767 2004 926 2043 causa
954 1992 1149 2046 rationi
1185 2002 1561 2053 consentanea.
1586 2009 1702 2064 qua!
1722 2010 1838 2047 eum
1864 2003 2013 2063 cogat
2041 1995 2138 2048 hoc

644 2079 831 2149 facere
864 2092 1038 2148 utpote
1061 2099 1177 2135 cum
1201 2086 1359 2151 possit
1386 2085 1493 2149 ipse
1522 2089 1697 2153 majus
1719 2089 1926 2138 lucrum
1961 2087 2024 2139 iis
2048 2088 2139 2156 qui

644 2171 753 2224 illic
781 2171 1015 2226 habitant
1040 2173 1253 2242 pietatis
1288 2175 1438 2228 verbo
1469 2174 1744 2242 conferre;
1775 2178 1929 2246 idque
1952 2193 2053 2230 non
2076 2193 2141 2232 ea:

645 2277 718 2323 se,
753 2264 841 2315 sed
865 2262 1148 2317 nmltorum
1184 2264 1543 2334 episcoporum
1574 2265 1781 2335 judicio
1818 2276 1866 2321 et
1908 2268 2138 2322 maxima

641 2354 1013 2409 exhortatione.

650 2536 840 2594 BALS.
869 2540 1116 2594 Prmsens
1144 2539 1359 2607 quidem
1401 2555 1574 2596 canon
1626 2541 1695 2596 14
1740 2542 1981 2598 decernit
2031 2559 2137 2599 non

573 2628 738 2686 licere
767 2631 1017 2701 episcopo
1044 2645 1110 2686 ex
1138 2646 1230 2685 sua
1263 2633 1514 2702 parochia
1554 2633 1618 2689 ad
1651 2634 1809 2689 alium
1843 2636 2135 2703 transilire,

575 2723 738 2775 etiam
786 2724 829 2776 si
862 2723 1038 2793 populi
1077 2724 1323 2780 utilitatis
1371 2726 1539 2794 gratia
1578 2727 1679 2782 hoc
1722 2726 1942 2794 fecerit,
1979 2740 2031 2785 et
2070 2730 2138 2785 ab

573 2810 763 2865 alienae
791 2811 1021 2878 regionis
1050 2813 1245 2883 populo
1277 2816 1342 2868 ad
1375 2816 1474 2870 hoc
1504 2827 1748 2886 cogatur,
1779 2818 1882 2873 nisi
1923 2820 2025 2873 hoc
2070 2834 2136 2873 ex

574 2903 817 2971 synodali
874 2905 1231 2971 permissione
1260 2904 1465 2963 fecerit.
1501 2908 1567 2963 16
1598 2919 1776 2966 autem
1822 2926 1993 2965 canon
2028 2912 2138 2966 Au-

573 2993 842 3050 tiochenm
884 3010 1006 3067 syn.
1036 2998 1183 3065 dicit,
1215 3013 1336 3053 eum
1375 3000 1747 3071 rejiciendttm,
1802 3006 1893 3074 qui
1933 3005 2138 3074 absque

2245 512 2630 582 ἀφορισθέντος
2650 525 2666 541 ·
2696 513 2725 564 6
2756 510 2813 563 δὲ
2846 510 3038 581 παρὼν
3067 510 3249 565 κανὼν
3282 512 3409 583 περὶ
3441 531 3825 591 κεχειροτονη-

2247 602 2411 673 μένου
2454 602 2788 657 διατάττεται
2831 603 2927 655 καὶ
2967 603 3377 673 ἀφωρισμένον,
3418 604 3498 671 6;,
3549 608 3686 675 μετά
3736 610 3826 661 τδν

2244 694 2548 764 άφορισμδν
2578 694 3050 764 άποδυσπετήσας,
3084 695 3257 765 ἑτέρῳ
3290 696 3598 767 προσῆλθεν
3632 699 3825 769 ἀρχιε-

2245 786 2350 855 ρεῖ,
2377 786 2468 837 καὶ
2495 783 2687 853 ἐδέχθη
2717 782 2847 851 παρ’
2871 784 3082 837 ἐκείνου
3111 785 3202 837 τὸν
3229 785 3536 857 άφορισμδν
3564 787 3823 855 ἀγνοοῦν-

2240 892 2366 938 τος’
2394 878 2487 931 τοῦ
2515 875 2646 945 γοῦν
2670 874 2912 929 τοιούτου
2941 876 3309 931 ἐπιτείνεσθαι
3340 877 3552 932 κελεύει
3580 880 3608 932 6
3636 878 3820 933 κανὼν

2241 965 2335 1019 τὸν
2361 967 2683 1037 ἁφορισμόν;

2240 1058 2463 1112 ΑΡΙΣΤ.
2529 1057 2583 1112 '0
2623 1059 2730 1113 τὸν
2765 1058 3104 1129 ἁφορισμὸν
3145 1055 3533 1129 ψευσάμενος
3576 1058 3821 1113 adsud-

2930 1168 3130 1220 τατος.

2312 1240 2381 1294 Εἴ
2416 1259 2501 1306 τις
2542 1243 2696 1314 παρὰ
2729 1243 2824 1298 τοῦ
2867 1246 3001 1299 ἰδίου
3043 1245 3344 1299 ἐπισκόπου
3385 1246 3681 1318 ἀφορισθῇ,
3719 1246 3818 1300 καὶ

2239 1328 2489 1384 ἀπελθὼν
2511 1334 2591 1395 είς
2615 1333 2805 1404 ἕτερον
2830 1334 3126 1388 ἐπίσκοπον
3148 1334 3347 1404 κρύψει
3369 1334 3461 1388 τὸν
3484 1334 3812 1405 ἀφορισμδν,

2239 1423 2334 1475 καὶ
2366 1425 2493 1493 παρ’
2517 1424 2727 1477 ἐκείνου
2758 1426 3112 1498 προσδεχθείη
3134 1466 3149 1489 .
3183 1426 3538 1481 ὲπιτεινέσθω
3566 1428 3594 1480 6
3620 1428 3815 1497 ἀφορι-

2241 1511 2375 1581 σμὸς
2404 1514 2574 1586 αὐτῷ,
2605 1516 2681 1578 ὡς
2708 1516 3036 1589 ψευσαμένῳ
3062 1517 3157 1571 καὶ
3184 1519 3529 1590 ἀπατήσαντι
3554 1519 3654 1590 τὴν
3681 1522 3810 1575 Ἐκ-

2238 1604 2466 1677 κλησίαν
2491 1608 2586 1662 τοῦ
2615 1608 2771 1664 Θεοῦ.

2835 1702 3074 1755 ΚᾸΝΩΝ
3108 1700 3207 1756 ΙΔ’.

2251 1790 2622 1847 Ἐπίσκοπον
2646 1792 2733 1862 μὴ
2767 1793 3016 1860 ἐξεῖναι,
3048 1795 3497 1864 scutulam-arta
3527 1796 3641 1864 τὴν
3669 1797 3809 1851 ἐαυ-

2308 1883 2414 1937 τοῦ
2438 1886 2777 1952 παροικίαν,
2802 1885 2968 1953 ἑτέρᾳ
2993 1885 3313 1955 ἐπιπηδᾷν,
3339 1886 3455 1940 κᾶν
3474 1888 3595 1942 ὑπὸ
3619 1888 3818 1941 πλειόο

2308 1992 2430 2030 νων
2461 1978 2858 2045 ἀναγκάζηται
2878 2018 2894 2043 ,
2936 1981 2987 2032 εί
3019 1978 3104 2047 μή
3136 1997 3226 2045 τις
3261 1980 3515 2048 εὔλογος
3550 1982 3711 2033 αίτία
3741 1975 3810 2050 ᾖ,

2306 2069 2487 2124 τοῦτο
2529 2070 2856 2140 ,βιαζομένῃ
2903 2072 3091 2125 αὐτὸν
3131 2072 3347 2134 ποιεῖν,
3393 2072 3472 2138 ὡς
3523 2072 3717 2126 πλέον
3759 2090 3814 2127 τι

2307 2159 2521 2226 κέρδος
2552 2160 2895 2229 δυναμένου
2931 2160 3116 2216 αὐτοῦ
3144 2162 3272 2227 τοῖς
3303 2161 3501 2216 ἐκεῖσε
3531 2164 3692 2231 λόγῳ
3721 2165 3817 2217 εὐ-

2306 2254 2547 2318 σεϐείας
2583 2252 3044 2321 συμϐάλλεσθαι
3066 2270 3081 2286 ο
3118 2253 3222 2310 καί
3253 2253 3429 2309 τοῦτο
3461 2254 3531 2308 δὲ
3563 2257 3673 2309 οὐκ
3712 2255 3815 2323 ἀφ’

2306 2341 2546 2408 ἑαυτοῦ,
2588 2341 2750 2396 ἀλλὰ
2796 2343 2985 2409 κρίσει
3034 2340 3285 2397 πολλῶν
3321 2343 3671 2398 ἐπισκόπων
3711 2342 3809 2398 καί

2307 2433 2686 2502 παρακλήσει
2714 2434 2991 2503 μεγίστῃ.

2310 2526 2507 2580 ΒΑΛΣ.
2549 2524 2608 2578 '0
2659 2525 2756 2594 μὲν
2804 2526 2996 2595 παρὼν
3059 2525 3123 2579 ιδ’
3166 2525 3347 2580 κανὼν
3386 2526 3681 2599 διορίζεται
3730 2528 3807 2599 μὴ

2236 2616 2381 2691 ἔχειν
2409 2619 2495 2673 ἐπ’
2524 2618 2707 2682 ἀδείας
2736 2618 3033 2672 ἐπίσκοπον
3064 2618 3127 2672 ὲκ
3151 2618 3247 2690 τῆς
3276 2619 3474 2673 ἑαυτοῦ
3515 2620 3806 2691 παροικίας

2237 2712 2317 2774 εἰς
2348 2710 2542 2779 ἑτέραν
2571 2708 2862 2779 ἐπιπηδᾷν,
2894 2707 2998 2761 κᾶν
3021 2707 3288 2777 ὠφελείας
3334 2709 3495 2779 χάριν
3534 2710 3629 2763 τοῦ
3673 2709 3807 2762 λαου

2235 2802 2394 2856 τοῦτο
2434 2803 2586 2871 ποιῇ.
2645 2800 2751 2854 κᾶν
2795 2801 2901 2853 ὑπὸ
2945 2798 3037 2853 τοῦ
3084 2799 3326 2870 πλήθους
3369 2802 3472 2871 τῆς
3519 2801 3808 2871 ἀλλοτρίας

2236 2892 2452 2958 ὲνορίας
2489 2893 2568 2954 είς
2600 2889 2760 2943 τοῦτο
2794 2888 3170 2961 παραδιασθῇ,
3202 2889 3251 2942 εί
3297 2889 3372 2960 μὴ
3397 2889 3646 2960 συνοδικῇ
3684 2891 3809 2943 ἑπι-

2236 2983 2411 3052 τροπῇ
2439 2980 2597 3034 τοῦτο
2626 2982 2875 3049 ποιήσει’
2915 2980 2945 3032 6
2990 2979 3047 3032 δὲ
3103 2977 3178 3044 ις’
3225 2979 3406 3033 κανὼν
3434 2979 3535 3051 τῆς
3584 2980 3643 3035 ὲν
3687 2980 3814 3033 Ἀν-

575 3088 816 3157 synodali
851 3089 1116 3144 sententia
1149 3102 1428 3147 vacantem
1455 3096 1740 3151 ecclesiam
1773 3097 2018 3166 arripuit.
2056 3094 2137 3150 Tu

2240 3071 2450 3143 τιοχείᾳ
2497 3071 2739 3136 συνόδου,
2787 3070 3094 3140 άπόὸλητον
3144 3066 3281 3124 εἶναι
3321 3070 3468 3139 λέγει
3527 3072 3619 3125 τὸν
3672 3072 3804 3126 ἄνευ

573 3188 753 3234 autem
781 3181 923 3237 scias
947 3223 961 3247 ,
996 3182 1135 3251 quod
1166 3182 1291 3238 licet
1323 3199 1559 3253 praesens
1592 3186 1658 3240 14
1697 3202 1868 3244 canon
1901 3186 2133 3257 apostol.

568 3280 684 3328 ‘non
726 3275 878 3343 punit
915 3289 1037 3330 eum
1088 3275 1179 3344 qui
1231 3276 1387 3333 docet
1421 3287 1574 3333 extra
1610 3293 1764 3335 suam
1811 3279 2093 3335 dioecesim
2118 3319 2135 3345 ,

575 3364 665 3419 alii
694 3375 869 3422 tamen
902 3366 1099 3421 diversi
1130 3381 1367 3424 canones
1396 3382 1510 3433 eos,
1550 3368 1641 3437 qui
1675 3379 1828 3424 extra
1857 3370 2135 3426 dimcesim

572 3458 776 3529 aliquid
809 3460 1143 3516 sacerdotale
1165 3472 1445 3529 exercent,
1470 3462 1792 3531 depositioni
1816 3462 2135 3533 subjiciunt.

568 3554 952 3609 'Characterem
1010 3566 1190 3609 autem
1249 3556 1380 3611 dare
1408 3564 1560 3610 extra
1613 3556 1927 3619 dioecesim,
1982 3558 2140 3629 jussu

577 3646 930 3710 imperatorio
960 3647 1285 3715 permissum
1324 3655 1426 3701 est.
1457 3646 1688 3713 Quidam
1721 3657 1898 3701 autem
1934 3658 2141 3704 metro-

574 3735 864 3803 politanus,
912 3736 1003 3804 qui
1058 3735 1110 3789 in
1156 3735 1525 3805 compluribus
1578 3736 1693 3792 suis
1739 3739 2140 3807 episcopalibus

573 3836 769 3895 praeter
797 3825 1172 3895 episcOporum
1205 3825 1533 3880 voluntatem
1572 3826 1850 3893 docuerat,
1888 3837 1943 3883 et
1966 3844 2133 3885 accu-

574 3917 817 3981 sabatur,
846 3916 1202 3986 respondebat
1230 3917 1436 3981 dicens,
1466 3918 1668 3987 justum
1699 3932 1805 3974 non
1834 3933 1955 3975 esse
1986 3929 2045 3974 ut
2073 3935 2139 3977 ex

573 4023 640 4063 co
669 4009 978 4072 laederetur,
1012 4010 1155 4080 quod
1198 4019 1253 4064 et
1297 4010 1646 4079 episcopatus
1672 4012 1784 4067 sint
1828 4012 1879 4066 in
1912 4027 2006 4067 sua
2039 4026 2140 4082 po-

574 4109 791 4165 testate,
820 4109 877 4154 et
899 4099 1041 4170 quod
1077 4110 1315 4168 praesens
1343 4112 1517 4154 canon
1548 4099 1597 4154 ei
1639 4112 1856 4168 postiam
1883 4116 1993 4157 non
2045 4103 2141 4158 im-

572 4204 761 4264 ponat,
798 4204 847 4248 et
884 4192 1025 4262 quod
1052 4207 1157 4246 non
1188 4192 1259 4245 sit
1304 4191 1442 4245 forte
1479 4206 1673 4247 munus
1696 4192 1999 4263 episcopale
2040 4195 2143 4251 do-

574 4296 718 4344 cere,
768 4285 848 4336 vel
896 4282 1026 4335 dare
1064 4281 1463 4347 characterem;
1493 4297 1613 4351 quae
1656 4285 1874 4352 quidem
1924 4300 2136 4356 magnae

577 4374 783 4443 synodo
818 4389 920 4427 non
973 4373 1315 4442 placuerunt.
1355 4372 1492 4426 Nota
1524 4388 1653 4444 ergo
1678 4390 1798 4442 quas
1842 4378 1894 4429 itt
1942 4376 2045 4432 hoc
2072 4378 2140 4433 14

2242 3164 2526 3236 συνοδικῆς
2554 3163 2781 3233 γνώμης
2842 3162 3244 3233 ύφαρπάσαντα
3293 3162 3660 3232 σχολάζουσαν
3709 3168 3815 3218 ὲκ-

2239 3256 2490 3329 κλησίαν.
2553 3256 2627 3311 Σὺ
2682 3256 2739 3309 δὲ
2796 3253 2908 3308 ῐσθι
2955 3255 3055 3318 ὅτι,
3092 3254 3198 3308 κᾶν
3225 3255 3254 3307 6
3300 3252 3493 3324 παρὼν
3527 3254 3591 3307 ιδ’
3627 3255 3809 3309 κανὼν

2238 3348 2595 3411 ἀποστολικδς
2621 3348 2684 3403 ού
2708 3346 2931 3412 κολάζει
2954 3347 3046 3401 τὸν
3079 3346 3212 3417 παρ’
3234 3346 3448 3418 ἑνορίαν
3463 3347 3807 3414 διδάσκοντα,

2239 3440 2355 3496 ἀλλ’
2380 3441 2559 3512 ἕτεροι
2591 3440 2840 3512 διάφοροι
2870 3439 3095 3503 κανόνες
3120 3439 3245 3502 τοὺς
3271 3440 3405 3510 παρ’
3439 3439 3654 3509 ὲνορίαν
3687 3439 3819 3497 ὲπιο

2242 3531 2507 3588 σκοπικόν
2562 3548 2616 3585 τι
2652 3532 3065 3601 ἑνεργήσαντας
3091 3530 3412 3602 καθαιρέσει
3463 3530 3815 3587 καθυποὸάλο

2240 3626 2417 3680 λουσι.
2461 3626 2535 3679 Τὸ
2575 3624 2633 3679 δὲ
2694 3642 2715 3676 ι
2763 3623 2893 3694 παρ’
2927 3623 3142 3693 ἐνορίαν
3180 3641 3201 3676 ι
3260 3621 3622 3694 σημειοῦσθαι
3666 3625 3813 3679 κατὰ

2240 3716 2543 3790 πρόσταξιν
2582 3715 2872 3788 βασιλικὴν
2902 3714 3324 3788 ίὲκκεχὼρηται.
3389 3714 3810 3787 Μητροπολίτης

2238 3812 2299 3867 δέ
2325 3828 2411 3877 τις
2448 3812 2529 3874 είς
2568 3808 2872 3874 ἑπισκοπὰς
2895 3808 3061 3863 αὐτοῦ
3089 3807 3381 3877 διαφόρους
3398 3806 3619 3871 διδάξας
3650 3808 3807 3877 παρὰ

2239 3902 2465 3973 γνώμην
2487 3901 2599 3956 τῶν
2624 3901 2961 3967 ἐπισκόπων,
3001 3899 3098 3953 καὶ
3120 3897 3467 3967 αίτιώμενος,
3501 3896 3809 3952 ἐδικαιολο-

2239 3993 2390 4059 γεῖτο
2429 3990 2503 4061 μὴ
2536 3990 2774 4060 ὀφείλειν
2816 3986 3236 4059 παραϐλαδῆναι
3265 3985 3356 4039 διά
3376 4003 3436 4039 τε
3465 3985 3529 4039 τὸ
3560 3986 3665 4040 ὑπὸ
3702 3986 3817 4059 τὴν

2240 4084 2489 4149 ἐξουσίαν
2512 4081 2674 4137 αὑτοῦ
2704 4079 2844 4139 εἰναι
2881 4082 2980 4146 τὰς
3014 4080 3344 4146 ὲπισκοπὰς,
3388 4080 3477 4135 διά
3524 4098 3583 4135 τε
3628 4081 3689 4136 τὸ
3731 4081 3812 4153 μὴ

2241 4176 2547 4245 ἐπάγεσθαι
2596 4175 2821 4230 κόλασιν
2878 4175 2987 4229 ὑπὸ
3020 4174 3116 4228 τοῦ
3158 4174 3427 4246 παρόντος
3476 4174 3703 4238 κανόνος
3728 4175 3814 4244 τῷ

2241 4265 2487 4336 τοιούτῳ,
2525 4266 2617 4320 καὶ
2647 4265 2737 4318 διὰ
2763 4266 2824 4318 τὸ
2849 4265 2924 4334 μὴ
2953 4260 3093 4319 εἷναι
3122 4264 3265 4332 τάχα
3304 4264 3666 4318 ἑπισκοπικδν
3695 4264 3815 4319 λει-

2241 4357 2529 4428 τούργημα
2552 4356 2613 4408 τὸ
2638 4354 2851 4420 διδάξαι
2877 4353 2911 4425 ἢ
2935 4351 3375 4423 σημειώσασθαι,
3409 4352 3552 4423 άπερ
3580 4356 3647 4424 τῇ
3710 4372 3815 4422 με-

578 4419 779 4443 -,
973 4419 1314 4442 r---_--_..--
1355 4419 1492 4426 η---
1527 4419 1650 4444 “De
1680 4419 1797 4442 ην..
1942 4419 2045 4432 ..νυ
2077 4419 2139 4433 ,τ

578 4478 790 4522 canone
834 4473 958 4519 sunt
1006 4463 1233 4533 scripta,
1281 4472 1539 4534 praetcrea
1574 4480 1722 4532 vero,
1754 4483 1873 4535 quae
1905 4468 1956 4523 in
1991 4485 2139 4524 com-

2245 4419 2398 4520 γάλη
2416 4419 2616 4518 ὦνάδῳ
2644 4446 2746 4500 οὐκ
2768 4419 3028 4516 ἠρεσκονι
3052 4442 3368 4514 Σημείωσαι
3398 4438 3493 4497 οὖν
3521 4419 3809 4514 ἀἰνῷ

582 4554 849 4609 tuentario
875 4553 926 4607 in
957 4552 1028 4607 20
1051 4568 1259 4609 canone
1292 4556 1478 4626 synodi
1528 4556 1579 4611 in
1611 4556 1795 4613 Trullo
1837 4559 1965 4614 alibi
2019 4571 2139 4617 sunt

2240 4542 2469 4613 παρόντι
2498 4537 2558 4593 ιδ’
2590 4537 2778 4592 κανόνι
2807 4535 3093 4606 γραφέντα
3117 4550 3131 4565 ·
3174 4534 3312 4605 πρὸς
3340 4534 3397 4588 δὲ
3428 4536 3523 4589 καὶ
3545 4536 3613 4590 τὰ
3652 4536 3708 4589 ὲν
3728 4537 3811 4607 τῷ

577 4656 858 4711 annotata,
893 4646 960 4701 de
983 4660 1048 4701 eo
1075 4647 1327 4717 episcopo
1365 4647 1456 4717 qui
1494 4659 1644 4703 extra
1680 4649 1879 4707 limites
1915 4668 2027 4709 suae
2058 4670 2144 4709 re-

572 4733 751 4805 gionis
779 4734 1042 4800 docuerit,
1075 4748 1237 4806 atque
1267 4744 1556 4794 utrumque
1590 4754 1852 4796 canonetn
1884 4744 2140 4801 concilia.

1055 5002 1235 5059 Altera
1270 5004 1656 5074 interpretatio.

651 5095 727 5153 Ex
770 5098 871 5154 hoc
901 5096 1148 5168 praesenti
1181 5095 1249 5150 14
1290 5110 1496 5152 canone
1539 5098 1961 5167 deprehenditur
2001 5105 2144 5172 quod

574 5201 751 5248 astuta
792 5187 1033 5260 episcopi
1083 5187 1307 5259 alicujus
1354 5186 1421 5243 de
1468 5190 1703 5258 ραι·ωοίε
1748 5191 1800 5246 in
1846 5196 2142 5261 parteciam

572 5286 824 5340 transitio
843 5278 1568 5340 condemnatur.'l‘ranslatio
1588 5292 1766 5337 autem
1800 5285 1939 5340 bona
1964 5288 2139 5355 gratia

572 5372 778 5447 justam
815 5374 884 5428 ob
911 5387 1130 5430 causam
1184 5385 1433 5442 magnam
1473 5380 1528 5428 et
1572 5373 1641 5429 ad
1680 5373 1933 5442 pietatem
1973 5375 2144 5430 stabi-

2240 4640 2287 4687 κ’
2317 4633 2501 4687 κανόνι
2535 4621 2635 4701 τῆς
2677 4634 2735 4684 ὲν
2782 4628 2861 4699 τῷ
2890 4627 3146 4698 Τρούλλῳ
3203 4627 3445 4691 συνόδου,
3483 4627 3683 4693 ἔξωθεν
3712 4630 3813 4700 ἐρ-

2244 4725 2586 4797 μηνευθέντα
2613 4723 2745 4794 περὶ
2799 4720 2893 4775 τοῦ
2924 4719 3234 4784 διδάξαντος
3270 4719 3567 4772 ἐπισκόπου
3593 4720 3672 4783 είς
3712 4722 3821 4773 ἀλ-

2240 4816 2462 4889 λοτρίαν
2499 4813 2737 4885 ὲνορίαν,
2768 4811 2864 4867 καὶ
2909 4810 3250 4880 συμϐίδασον
3283 4807 3453 4879 άμφω
3481 4810 3605 4874 τοὺς
3653 4812 3817 4865 κανόι

2248 4932 2346 4979 νας
2353 4951 2368 4967 ο

2679 4999 2885 5067 Ἑτέρα
2921 4994 3201 5065 ἑρμηνεία
3236 4993 3372 5066 (25).

2330 5097 2463 5152 ’Δπδ
2508 5093 2603 5148 τοῦ
2631 5091 2903 5161 παρόντος
2941 5085 3002 5141 ιδ’
3045 5085 3273 5149 κανόνος
3324 5084 3823 5155 καταλαμϐάνεται

2244 5189 2329 5245 ὅτι
2357 5189 2391 5259 ἡ
2418 5185 2520 5258 μὲν
2553 5177 2932 5251 κακεντρεχὴς
2980 5174 3314 5245 ἑπιπὴδησις
3362 5174 3470 5226 άπὸ
3523 5176 3822 5243 παροικίας

2248 5284 2326 5344 είς
2344 5276 2637 5350 παροικίαν
2669 5272 2970 5327 ἐπισκόπου
3012 5267 3156 5331 τινὸς
3189 5264 3621 5335 κατακρίνεται·
3664 5267 3696 5337 ἡ
3760 5267 3819 5319 δὲ

2248 5369 2514 5443 γινομένη
2542 5363 2834 5438 μετάθεσις
2860 5360 3047 5431 χάριτι
3086 5356 3265 5425 ἁγαθῇ
3291 5354 3357 5407 δι’
3389 5353 3608 5423 εὔλογον
3646 5355 3825 5424 μεγάς

1819 5489 1981 5555 Guil.
2026 5484 2349 5565 Beveregii
2399 5488 2587 5545 noue.

652 5593 768 5665 (25)
800 5592 998 5661 Ἑτέρα
1025 5594 1326 5664 ἑρμηνεία..
1348 5592 1539 5666 Totam
1572 5593 1710 5666 hanc
1736 5593 1963 5666 alteram
1988 5592 2139 5666 hujus

2251 5588 2439 5645 codice
2471 5592 2674 5666 autem,
2708 5570 3821 5666 quem‘Gentiauus.Henrvents‘trattstuht:

579 5642 1385 5730 caitBit’is"iiitérbﬁiiiuéﬁém
1460 5664 1511 5715 in
1572 5664 1849 5732 impressis
1914 5642 2139 5718 antehac

2250 5642 2446 5730 partim
2474 5642 2745 5722 descripta
2800 5650 2934 5732 fuit;
2982 5647 3126 5726 unde
3167 5654 3220 5697 et
3248 5642 3435 5732 llati'na
3481 5642 3609 5732 eius
3643 5644 3823 5699 t'crsio

579 5737 969 5802 dc:ideratam,
1004 5748 1104 5791 ms.
1138 5733 1436 5790 Bodleiano
1465 5742 1740 5803 acceptant
1790 5732 2035 5790 ierimus.
2083 5732 2141 5789 lu

2247 5713 2389 5789 inter
2421 5713 2795 5797 supplementa
2831 5718 2899 5775 ad
2932 5716 3142 5789 priores
3167 5713 3383 5773 codices
3407 5719 3604 5769 exstat.
