4042 6214
196 275 269 332 es
333 287 339 291 -
1182 236 1189 243 ’
1485 273 1570 336 IN
1609 274 1779 339 CAN.
1810 274 1945 338 xw
1969 275 2224 340 APOST.
2531 252 2537 257 ’
3411 284 3481 351 σε

202 393 306 457 λην
337 389 532 440 αἰτῗαν
565 384 664 442 καὶ
694 386 1002 457 στηριγμδν
1026 386 1128 457 τῆς
1178 387 1464 451 εὐσεϐείας
1520 391 1662 460 μετὰ
1705 407 1798 460 με-

1910 388 2142 447 liendam
2176 393 2408 448 maxima
2454 394 2834 464 episcoporum
2870 395 3161 453 multorum
3213 400 3478 465 adhorta-

208 484 407 552 γξστης
442 482 855 552 παρακλήσεως
887 481 1214 534 ἐπισκόπων
1243 482 1458 536 πολλῶν
1502 483 1800 554 ἐπιτρέπε-

211 594 320 629 ται.
381 574 547 628 Ἐπεὶ
583 574 641 627 δέ
671 573 894 641 λέγουσί
916 590 1065 636 τινες
1095 573 1233 642 μηδὲ
1264 575 1373 628 ἀπὸ
1408 574 1501 629 τοῦ
1528 576 1803 646 παρόντος

216 666 443 730 κανόνος
469 666 869 736 ἐπιτρέπεσθαι
889 666 990 737 τὴν
1023 667 1335 736 μετάθεσιν,
1366 668 1502 723 ἀλλὰ
1541 668 1802 740 καιρικὴν

217 761 565 832 μετάκλησιν
589 760 895 813 ἐπισκόπου
940 761 1102 830 χάριν
1137 760 1489 825 διδασκαλίας
1514 764 1583 817 ἐκ
1604 764 1799 817 τούτου

216 854 641 923 ἀναφαίνεσθαι,
691 853 1094 907 ἀκουσάτωσαν
1132 852 1217 906 ὃτι
1255 851 1353 906 τοῦ
1396 854 1624 918 κανόνος
1692 871 1804 908 τοι·

218 947 373 1000 οὖτόν
397 964 453 998 τι
498 945 576 1015 μὴ
598 945 855 1012 λέγοντος
884 944 1049 997 πόθεν
1074 944 1231 998 αὐτοὶ
1260 944 1419 998 τοῦτο
1467 945 1801 1014 προϐάλλονο

216 1058 337 1102 ταις
373 1035 498 1093 εἷτα
534 1039 631 1093 καὶ
660 1039 792 1091 ποία
818 1037 1057 1106 ὠφέλεια
1087 1037 1165 1107 τῷ
1182 1036 1297 1107 λαῷ
1325 1037 1426 1108 τῆς
1459 1038 1803 1109 χηρευούσης

219 1132 524 1202 ἐκκλησίας
554 1130 751 1201 ἔμελλε
781 1128 1040 1198 γενέσθαι
1074 1129 1183 1183 ἀπὸ
1204 1129 1553 1193 διδασκαλίας
1575 1133 1804 1186 ἐπισκό-

221 1242 326 1279 που
359 1223 509 1288 ἆπαξ
536 1224 570 1295 ἢ
610 1225 709 1277 καὶ
742 1223 825 1286 δὶς
853 1222 888 1292 ἢ
927 1222 1026 1275 καὶ
1058 1223 1152 1276 ἐπὶ
1175 1222 1387 1293 χρόνων
1415 1224 1602 1293 ῥητῶν
1655 1224 1803 1277 διδά-

222 1316 417 1379 ξαντος
451 1316 512 1366 ἐν
541 1314 708 1382 αὐτῇ,
759 1313 929 1382 μηδὲν
954 1312 1011 1365 δέ
1062 1329 1117 1363 τι
1175 1313 1365 1383 ἕτερον
1410 1315 1801 1385 άρχιερατικὸν

218 1407 621 1476 ἐνεργήσαντος
645 1406 705 1457 ἐν
732 1402 930 1475 ταύτῃ.
954 1404 1098 1457 ὥστε
1134 1404 1387 1474 γενέσθαι
1423 1408 1521 1476 τὴν
1540 1405 1801 1476 τοιαύτην

222 1498 564 1567 μετάκλησιν
613 1496 752 1567 μετὰ
824 1495 1066 1566 μεγάλης
1132 1496 1537 1567 παρακλήσεως
1589 1497 1802 1553 πολλῶν

221 1590 547 1643 ἐπισκόπων
565 1603 582 1619 ·
599 1588 755 1658 εἴπερ
782 1589 884 1641 οὐκ
913 1588 1140 1659 ἔμελλεν
1170 1590 1197 1641 ὁ
1222 1588 1582 1660 μετακληθεὶς
1609 1590 1799 1662 δικαίῳ

1907 482 2055 538 tione
2087 483 2226 557 facta
2267 486 2621 556 permittitur.
2656 487 2923 554 Quoniam
2951 505 3081 547 vero
3110 493 3299 549 dicunt
3337 512 3475 550 non-

1906 574 2041 629 nulli
2075 590 2173 631 nee
2203 576 2270 631 ab
2301 578 2404 633 hoc
2431 581 2685 648 praesenti
2721 595 2927 637 canone
2966 585 3203 651 permitti
3235 586 3472 642 translaJ

1906 665 2131 730 tionem,
2164 668 2260 722 sed
2280 677 2487 722 tantum
2510 671 2748 741 episcopi
2777 673 2845 727 ad
2877 682 3086 744 tempus
3107 678 3477 734 evocationem

1903 755 2135 812 docendi
2171 759 2341 827 gratia
2373 774 2439 813 ex
2493 777 2558 817 eo
2587 777 2866 833 apparere,
2906 769 3150 833 audiant,
3182 772 3325 839 quod
3374 772 3479 827 hoc

1903 863 2112 904 canone
2147 850 2280 904 nihil
2316 851 2621 918 huiusmodi
2646 855 2860 911 dicente
2896 858 3037 913 unde
3078 859 3179 928 ipsi
3218 861 3320 915 hoc
3352 878 3478 930 pro-

1904 939 2119 995 ierunt?
2147 941 2349 997 Deinde
2379 954 2435 997 et
2471 960 2717 1014 quasnam
2738 949 2983 1004 vacantis
3008 951 3250 1007 ecclesiae
3279 954 3478 1024 populo

1902 1035 2086 1087 futura
2114 1043 2196 1090 est
2233 1034 2439 1092 utilitas
2466 1051 2496 1090 e
2526 1039 2773 1094 doctrina
2804 1043 3041 1113 episcopi
3075 1046 3243 1100 semel
3272 1048 3355 1101 vel
3391 1048 3473 1102 his

1902 1126 1987 1180 vt-l
2018 1136 2073 1182 et
2099 1128 2262 1183 dietis
2292 1129 2622 1199 temporibus
2658 1132 2902 1188 docentis
2933 1135 2986 1189 in
3015 1151 3076 1190 ea
3099 1177 3115 1201 ,
3142 1138 3235 1192 sed
3268 1139 3470 1193 nullum

1906 1218 2053 1275 aliud
2084 1221 2345 1276 antistitis
2376 1236 2571 1278 munus
2595 1224 2647 1278 in
2679 1240 2741 1279 ea
2767 1230 3094 1293 exercentis,
3118 1239 3178 1283 ut
3204 1230 3471 1301 ejusmodi

1903 1315 2150 1370 evocatio
2170 1330 2291 1369 cum
2325 1331 2523 1386 magna
2546 1319 2925 1388 episcoporum
2959 1322 3245 1379 multorum
3275 1327 3477 1380 adhor-

1904 1409 2110 1463 tatione
2164 1408 2354 1465 ﬁeret?
2389 1410 2447 1466 Si
2494 1412 2708 1480 quidem
2755 1422 3012 1469 evocatus
3048 1416 3169 1484 jure
3215 1419 3476 1476 antistitis

1904 1516 2010 1555 non
2053 1502 2309 1558 docturus
2345 1514 2511 1567 esset,
2564 1520 2665 1560 nec
2708 1506 2978 1575 indigeret
3024 1511 3319 1566 multorum
3360 1512 3477 1582 epi-

1902 1606 2190 1662 scoporum
2231 1595 2631 1663 adhortatione,
2663 1600 2839 1668 potuit
2866 1602 3011 1655 enim
3038 1608 3093 1655 et
3121 1601 3267 1655 solus
3302 1603 3474 1672 pieta-

223 1680 614 1751 ἂρχιερατικῷ
641 1680 864 1745 διδάξαι,
890 1680 993 1733 οὐκ
1014 1679 1210 1751 ἐδεήθη
1262 1681 1331 1735 ἂν
1392 1682 1798 1755 παρακλήσεως

1906 1695 2012 1740 tem
2057 1687 2373 1757 pmdicare.
2406 1687 2729 1745 Praesertim,
2752 1702 2931 1746 autem
2962 1692 3053 1762 qui
3089 1692 3191 1748 hoc
3221 1694 3351 1749 dicit
3379 1710 3473 1751 ac-

227 1771 439 1823 πολλῶν
466 1772 810 1825 ἐπισκόπωνσ
840 1770 1069 1825 ἐδύνατο
1100 1771 1209 1844 γάρ
1239 1773 1332 1826 καὶ
1365 1773 1527 1844 μόνος
1561 1777 1798 1847 κηρύξαι

1903 1787 2056 1833 cusat
2089 1789 2143 1835 et
2173 1795 2423 1850 magnum
2446 1780 2765 1852 Gregorium
2790 1782 3123 1853 Theologum
3150 1795 3203 1839 et
3225 1793 3473 1840 sanctum

227 1863 324 1933 τὴν
349 1863 660 1917 εὐσέϐειαν.
694 1862 907 1927 ’Δλλως
935 1880 995 1917 τε
1023 1866 1051 1917 ὁ
1088 1864 1247 1918 τοῦτο
1272 1864 1450 1934 λέγων
1502 1873 1803 1941 κατηγορεί

230 1956 322 2009 καὶ
348 1955 443 2009 τοῦ
490 1956 731 2026 μεγάλου
758 1956 1065 2026 Γρηγορίου
1097 1955 1191 2009 τοῦ
1216 1957 1504 2027 Θεολόγου,
1567 1964 1662 2016 καὶ
1704 1966 1798 2019 τοῦ

234 2049 382 2115 ἁγίου
414 2047 663 2118 Πρόκλου
696 2048 788 2101 καὶ
813 2048 1018 2119 ἐτέρων
1048 2049 1264 2103 πολλῶν
1306 2051 1420 2123 (26)
1473 2054 1800 2123 ἁγιωτάτων

234 2140 581 2210 πατριαρχῶν
613 2139 1025 2209 μετατεθέντων
1054 2141 1162 2195 ἀπὸ
1206 2143 1411 2215 ἐτέρων
1468 2145 1674 2218 θρόνων
1720 2151 1801 2215 είς

234 2234 318 2286 τὸν
348 2235 450 2305 τῆς
487 2233 1114 2301 Κωνσταντινουπόλεως
1145 2235 1177 2305 ἢ
1206 2238 1300 2290 καὶ
1337 2241 1421 2303 είς
1447 2242 1693 2312 ἐτέρους,
1725 2242 1801 2308 ὡς

231 2325 465 2389 ἀναξίως
499 2326 934 2396 ἱερουργούντων
963 2326 1104 2397 μετὰ
1142 2330 1458 2401 μετάθεσιν,
1489 2334 1627 2406 ὅπερ
1650 2336 1800 2391 ἐστὶν

228 2420 634 2485 ἁσύγγνωστον.

296 2513 543 2567 ΖΩΝΑΡ.
581 2513 844 2583 Διάφοροι
909 2516 1181 2570 συνοδικοὶ
1235 2517 1459 2581 κανόνες
1524 2518 1799 2573 κωλύουσι

225 2607 346 2666 τοὺς
396 2606 734 2671 ἐπισκόπους
793 2607 902 2661 ἀπὸ
946 2609 1056 2661 τῶν
1112 2609 1332 2667 οἰκείων
1363 2611 1671 2683 ἐκκλησιῶν
1718 2616 1799 2679 εἰς

226 2700 414 2768 ἐτέρας
450 2700 833 2770 μεταϐαίνειν·
857 2702 1092 2757 ἕκαστον
1122 2704 1232 2775 γὰρ
1264 2707 1329 2776 τῇ
1365 2705 1609 2781 λαχούσῃ
1633 2708 1799 2764 αὑτὸν

224 2794 490 2865 ἐκκλησία
516 2795 775 2863 ἐμμένειν
816 2794 1213 2863 διατάττονται,
1247 2798 1333 2852 ἵνα
1362 2800 1436 2869 μὴ
1474 2800 1610 2868 πρὸς
1633 2801 1799 2872 ἀλλή-

224 2887 340 2948 λους
372 2888 743 2951 στασιάζωσιν
770 2904 784 2919 ο
815 2888 916 2941 οὐκ
960 2889 1180 2944 ἐναντία
1234 2891 1417 2945 τοίνυν
1471 2894 1518 2946 οἱ
1572 2895 1799 2959 κανόνες

224 2978 602 3032 διατάττεσθαι
627 2979 1042 3051 λογισθήσονται
1065 2993 1082 3011 '
1116 2980 1233 3035 ἀλλ’
1261 2983 1462 3037 ἐκεῖνοι
1500 2984 1601 3055 μὲν
1660 2987 1794 3057 περὶ

1903 1867 2176 1938 Proclum,
2210 1883 2265 1928 et
2294 1873 2432 1929 alios
2467 1876 2667 1930 multos
2692 1876 3068 1931 sanctissimos
3109 1878 3473 1947 patriarchas,

1902 1965 1992 2033 qui
2025 1964 2093 2019 ab
2139 1963 2261 2019 aliis
2316 1965 2528 2019 tltronis
2579 1966 2644 2020 ad
2691 1966 3351 2038 Constantinopolitanum
3392 1972 3475 2025 vel

1900 2059 2061 2113 etiam
2093 2059 2158 2111 ad
2184 2058 2317 2114 alios
2345 2059 2589 2116 translati
2619 2060 2786 2126 fuere,
2817 2070 2875 2115 ut
2907 2062 3123 2133 indigne
3146 2073 3269 2133 post
3292 2075 3474 2120 trans-

1901 2147 2155 2203 lationem
2198 2162 2353 2205 sacra
2395 2159 2740 2222 peragentes,
2791 2153 2936 2223 quod
2977 2156 3131 2209 venia
3200 2166 3285 2211 est
3327 2157 3474 2212 indi-

1900 2256 2087 2312 gnum.

1972 2512 2224 2568 ZONAR.
2249 2511 2395 2566 Varii
2418 2526 2656 2568 canones
2678 2512 2919 2583 synodici
2947 2512 3230 2583 prohibent
3261 2516 3474 2583 episco-

1900 2619 1996 2676 pos
2023 2619 2052 2658 a
2102 2604 2215 2659 suis
2244 2603 2492 2659 ecclesiis
2524 2603 2575 2658 in
2610 2603 2746 2657 alias
2790 2605 3027 2675 migrare
3071 2623 3086 2659 :
3131 2607 3224 2661 scd
3274 2623 3473 2661 unum-

1899 2712 2172 2770 quemque
2207 2696 2467 2751 mandant
2494 2696 2547 2751 in
2586 2712 2672 2762 ea,
2700 2712 2819 2766 qua:
2849 2706 2999 2753 sorte
3046 2698 3148 2754 sibi
3202 2701 3427 2770 contigit
3454 2740 3470 2768 ,

1899 2789 2126 2846 ecclesia
2162 2803 2404 2853 manere,
2437 2803 2507 2844 ne
2532 2790 2830 2845 dissideant
2875 2792 3017 2845 inter
3059 2807 3140 2847 se.
3189 2790 3304 2848 Non
3352 2793 3475 2849 ideo

1899 2884 2171 2939 contraria
2206 2897 2444 2939 canones
2477 2881 2930 2938 existitnabnntur
2987 2884 3290 2940 inStituisse
3324 2902 3339 2940 :
3376 2888 3471 2943 sed

1900 2976 1977 3032 illi
2005 2976 2223 3047 quidem
2260 2976 2431 3045 legem
2466 2985 2670 3046 ponunt
2699 2976 2991 3047 episcopis,
3031 2978 3097 3030 de
3126 2993 3231 3032 non
3256 2992 3474 3048 permu-

225 3076 313 3128 τοῦ
346 3076 425 3145 μὴ
455 3075 766 3144 διαμείϐειν
800 3076 898 3139 τὰς
944 3075 1242 3147 ἐκκλησίας
1292 3080 1419 3141 τοὺς
1453 3080 1790 3145 ἐπισκόπους

1901 3070 2078 3125 tandis
2102 3069 2350 3126 ecclesiis
2377 3070 2533 3126 suis:
2560 3080 2613 3126 et
2646 3069 2750 3125 hoc
2797 3078 3001 3125 vetant.
3045 3069 3290 3126 Praesens
3341 3084 3474 3127 vero

224 3166 594 3236 νομοθετοῦσι,
653 3165 750 3218 καὶ
801 3165 961 3219 τοῦτο
1015 3166 1359 3221 κωλύουσιν·
1418 3170 1446 3221 ὁ
1490 3169 1546 3225 δέ
1605 3171 1799 3242 παρὼν

229 3260 404 3312 κανὼν
463 3260 597 3328 περὶ
660 3257 753 3312 τοῦ
814 3258 1033 3312 ἀπιέναι
1093 3259 1174 3323 είς
1226 3260 1421 3332 ἑτέραν
1477 3262 1795 3333 ἐκκλησίαν,

226 3354 412 3424 χρείας
476 3352 938 3422 κατεπειγούσης,
986 3351 1210 3422 διδαχῆς
1278 3352 1439 3424 χάριν
1495 3353 1798 3410 ἐπίσκοπον

224 3447 533 3514 διαλέγεται
559 3462 573 3475 ·
605 3446 738 3509 ἴσως
762 3446 871 3515 γὰρ
899 3446 926 3497 ὁ
954 3445 1059 3515 τῆς
1090 3444 1388 3514 ἐκκλησίας
1435 3446 1651 3516 ἐκείνης
1681 3449 1799 3500 ἐπί-

226 3556 427 3602 σκοπος
475 3538 539 3592 ού
576 3538 722 3591 πάνυ
758 3553 842 3590 τοι
890 3536 1027 3605 πρὸς
1084 3536 1144 3589 τὸ
1188 3535 1456 3591 διδάσκειν
1496 3540 1800 3609 ἐπιτήδειος

224 3632 376 3685 ἔσται
407 3648 419 3660 ·
445 3632 473 3683 ὀ
498 3629 553 3682 δὲ
592 3627 1096 3699 προσκαλούμενος,
1144 3628 1306 3698 τυχὸν
1341 3629 1663 3701 λογιώτερος
1698 3631 1800 3699 ῶν,

223 3728 315 3779 καί
346 3724 488 3794 πρὸς
517 3722 749 3786 διάλεξιν
772 3722 1226 3792 ἐπιτηδειότερος,
1249 3721 1339 3775 διά
1366 3739 1415 3775 τι
1454 3725 1799 3795 συμϐεϐηκὸς

224 3818 523 3885 ἀναγκαῖον
558 3815 626 3868 ἂν
664 3815 754 3883 εἴη
784 3817 853 3885 τῇ
883 3814 1038 3867 πόλει
1065 3815 1249 3886 ἐκείνῃ
1285 3816 1644 3886 ἐπιδημῆσαι.
1687 3818 1799 3873 Καὶ

225 3912 342 3963 τότε
367 3909 428 3963 δὲ
473 3908 546 3979 μὴ
574 3908 665 3977 ἀφ’
688 3906 887 3962 ἐαυτοῦ
916 3907 1158 3974 ἀπιέναι,
1206 3906 1343 3962 ἀλλὰ
1387 3910 1799 3980 προσκαλούμε-

222 4019 311 4056 νον
334 4003 365 4056 ὁ
391 4000 573 4055 κανὼν
611 4002 774 4055 αὐτὸν
806 3998 1057 4071 βούλεται
1088 4014 1103 4030 ’
1137 3999 1170 4071 ἢ
1203 3999 1407 4071 μᾶλλον
1432 4001 1614 4073 κρίσει
1672 4004 1801 4057 πολ-

226 4096 332 4149 λῶν
378 4094 695 4148 ἐπισκόπων
746 4091 1259 4164 παρακαλούμενον.
1327 4093 1391 4146 0i
1448 4093 1631 4164 μέντοι
1691 4094 1799 4148 τῶν

227 4189 461 4243 συνόδων
491 4187 717 4249 κανόνες
740 4186 1118 4259 ἀποτρέπουσι
1154 4186 1330 4258 πάντη
1371 4186 1434 4241 τὸ
1480 4189 1545 4242 ἐκ
1603 4205 1799 4261 παροι-

178 4292 181 4293 '
224 4283 349 4344 κίας
398 4282 483 4343 εἰς
539 4279 707 4349 άλλην
753 4277 1070 4349 μεταπηδᾷν
1130 4280 1427 4349 παροικίαν
1475 4279 1795 4347 ἐπίσκοπον,

224 4375 315 4425 καὶ
344 4370 447 4441 τὴν
482 4368 700 4436 ἐκείνης
744 4368 1212 4440 ἐκκλησιαστικὴν
1263 4370 1613 4441 ὑφαρπάζειν
1662 4373 1800 4426 διοί-

224 4481 407 4535 κησιν,
446 4463 613 4533 κᾶνή
648 4461 918 4532 ἐκκλησία
961 4461 1147 4533 ἐκείνη
1206 4463 1416 4539 χηρεύῃ
1466 4467 1797 4535 ἐπισκόπου,

222 4561 361 4609 κατὰ
390 4557 486 4608 τὸν
512 4551 591 4618 ιςῗ
613 4552 812 4607 κανόνα
828 4552 925 4623 τῆς
954 4554 1012 4605 ἐν
1042 4553 1340 4626 Ἀντιοχείᾳ
1369 4557 1609 4611 συνόδου.
1653 4557 1714 4612 ’0
1741 4560 1799 4613 δὲ

224 4645 417 4718 παρὼν
461 4645 572 4700 τῶν
622 4640 795 4712 ἁγίων
846 4644 1164 4698 ἀποστόλων
1210 4645 1394 4700 κανὼν
1445 4651 1798 4720 προσκαίρως

220 4740 481 4796 ἀπελθεῖν
543 4738 845 4791 ἐπίσκοπον
903 4739 983 4800 είς
1032 4736 1200 4809 ἄλλην
1239 4741 1535 4809 παροικίαν
1574 4742 1798 4814 διδαχῆς

222 4832 382 4900 χάριν
413 4832 505 4883 καὶ
536 4827 943 4894 διαλέξεως,δι’
971 4826 1243 4897 ὠφέλειαν
1269 4830 1363 4883 τοῦ
1411 4832 1589 4884 ἐκεῖσε
1638 4832 1793 4887 λαούο

224 4925 318 4975 καὶ
367 4922 490 4975 τότε
541 4922 644 4974 οὐκ
692 4918 790 4989 ἀφ’
833 4918 1053 4986 ἑαυτοῦ,
1112 4920 1251 4976 ἀλλά
1315 4924 1797 4997 προσκαλούμενον

225 5018 317 5067 καλ⁵
343 5013 666 5084 ἀξιούμενον
694 5011 757 5067 ού
790 5012 1019 5070 κωλύει.

222 5107 445 5163 ΑΡΙΣΤ.
483 5109 687 5177 Θρόνῳ
710 5108 822 5160 οὐκ
845 5104 1244 5175 ἐπιπηδήσεις
1263 5107 1331 5162 ἐκ
1360 5109 1600 5176 θρόνου,
1631 5114 1681 5165 εἰ
1712 5114 1799 5183 μὴ

291 5198 417 5264 τοῖς
454 5197 585 5254 ἐκεῖ
602 5197 1129 5265 λυσιτελέστερος,
1171 5197 1250 5264 ὡς
1300 5196 1802 5257 διδασκαλικώτεο

1900 3176 2074 3217 canon
2112 3163 2349 3233 loquitur
2375 3162 2444 3218 de
2478 3162 2731 3233 episcopo
2764 3162 2878 3231 qui,
2910 3162 3035 3217 dum
3068 3163 3209 3229 coxit
3238 3161 3465 3229 utilitas,

1901 3256 2160 3311 doctrinae
2202 3254 2398 3323 gratia,
2444 3253 2808 3323 proﬁciscitur
2842 3255 2894 3309 in
2943 3254 3102 3309 aliam
3142 3255 3467 3322 ecclesiam;

1900 3348 2045 3403 illius
2079 3346 2223 3401 enim
2249 3344 2494 3400 ecclesiae
2521 3344 2804 3414 episcopus
2856 3344 3082 3401 forsitan
3130 3360 3234 3402 non
3280 3347 3472 3402 admo-

1899 3440 2025 3495 dum
2056 3439 2129 3493 sit
2155 3439 2381 3493 idonens
2413 3437 2479 3491 ad
2510 3437 2811 3492 docendum
2850 3454 2865 3490 :
2904 3439 3000 3507 qui
3023 3446 3198 3492 autent
3238 3440 3471 3494 advoca-

1900 3542 2009 3600 tur,
2043 3534 2182 3588 l'orte
2222 3530 2296 3586 sit
2334 3530 2697 3601 eloquentior,
2739 3544 2802 3584 ac
2842 3530 3053 3585 dicendi
3087 3530 3341 3587 facultate
3388 3531 3474 3587 in-

1900 3624 2159 3679 structior
2193 3621 2375 3679 :unde
2422 3622 2685 3693 contingit
2720 3633 2780 3677 ut
2807 3637 3032 3679 necesse
3059 3623 3216 3679 sitad
3242 3624 3387 3679 illam
3414 3640 3474 3679 se

1900 3715 2146 3772 conferat
2174 3714 2475 3770 civitatem.
2502 3712 2569 3769 Et
2600 3724 2728 3768 tunc
2754 3713 2972 3782 quidem
2997 3730 3101 3769 non
3125 3730 3221 3769 sua
3252 3725 3470 3785 sponte,

1900 3811 1996 3865 sed
2036 3819 2361 3872 evocatum,
2388 3806 2471 3862 vel
2524 3810 2703 3876 potius
2747 3806 3124 3876 episcoporum
3178 3808 3472 3863 multorum

1895 3901 2100 3973 judicio
2144 3899 2558 3965 commonitum,
2610 3912 2783 3954 canon
2829 3898 2946 3954 vult
2997 3899 3168 3955 abire.
3221 3899 3473 3956 Canones

1901 3993 2060 4063 igitur
2092 3991 2416 4063 synodorum
2451 4005 2677 4062 prorsus
2705 3990 2951 4045 inhibent
2989 3991 3365 4060 episcoporum
3402 3993 3468 4045 de

1899 4083 2139 4155 partecia
2176 4083 2233 4137 in
2279 4081 2440 4136 aliam
2497 4080 2772 4137 transilire
2828 4082 3146 4151 parmciam,
3196 4082 3474 4152 ipsiusque

1899 4173 2327 4231 ecclesiasticam
2351 4172 2629 4241 surripere
2652 4171 3201 4239 administrationem,
3220 4172 3473 4243 quamvis

1898 4284 1960 4325 ea
1997 4266 2162 4322 fuerit
2195 4264 2447 4335 episcopo
2479 4262 2695 4318 viduata
2730 4278 2745 4316 :
2764 4262 2921 4334 juxta
2948 4262 3218 4317 decimum
3250 4274 3468 4319 sextum

1903 4374 2166 4417 canonem
2193 4358 2384 4429 synodi
2409 4355 2783 4424 Antiochenm,
2811 4368 3055 4427 prcesens
3088 4365 3268 4411 autem
3299 4371 3473 4412 canon

1906 4460 2218 4509 sanctorum
2252 4448 2623 4521 apostolorum
2656 4463 2756 4519 pro
2784 4444 3044 4518 temporis
3077 4449 3289 4506 ratione
3310 4491 3324 4517 ,
3360 4451 3477 4506 vult

1904 4545 2065 4600 aliam
2109 4544 2163 4600 in
2198 4542 2491 4615 parceciam
2537 4541 2770 4598 transire
2816 4542 3124 4612 episcopum
3150 4538 3476 4608 {doctrinae

1902 4635 2481 4704 sertnocinationisque
2519 4647 2709 4700 causa,
2742 4644 2966 4705 prapter
2995 4633 3283 4690 utilitatem
3328 4650 3477 4691 com-

1903 4730 2169 4789 morantis
2200 4728 2309 4782 illic
2345 4725 2549 4797 populi.
2579 4726 2765 4795 Neque
2812 4734 2995 4781 tamen
3029 4721 3343 4783 sua'solius
3373 4728 3475 4783 hoc

1905 4825 2202 4887 voluntate,
2238 4821 2331 4877 sed
2366 4820 2435 4876 ab
2459 4818 2581 4876 aliis
2613 4827 2863 4877 vocatum
2887 4826 2943 4877 et
2973 4820 3193 4893 dignum
3225 4819 3469 4875 habitum

1906 4934 2012 4973 non
2045 4914 2317 4987 prohibet.

1900 5112 2131 5171 ARIST.
2190 5110 2311 5166 Non
2397 5110 2745 5179 proﬁcisceris
2780 5110 2842 5165 de
2875 5110 3066 5165 throno
3109 5110 3180 5163 ad
3209 5111 3474 5180 thronum,

1971 5207 2071 5261 nisi
2102 5205 2210 5259 illis
2256 5203 2331 5257 ibi
2360 5204 2543 5258 utilior
2573 5212 2747 5269 utpote
2771 5203 2993 5257 docendi
3033 5213 3147 5258 arts
3190 5202 3479 5260 instructor

1432 5318 1599 5380 Guil.
1645 5321 1974 5403 Beveregii
2012 5330 2203 5386 notio.

289 5417 544 5494 (millia!
566 5417 785 5494 ἐτέρων
806 5414 1079 5494 πολλῶν.
1118 5415 1209 5473 Sic
1243 5415 1546 5494 Germanus
1592 5421 1792 5494 Cyzico

219 5504 269 5547 et
292 5487 588 5546 Autbimus
610 5487 959 5559 Trapezunte
990 5489 1511 5558 Constantinopolim
1543 5487 1789 5549 translati

218 5575 370 5628 sunt;
404 5560 726 5633 Eustathius
753 5560 1009 5633 Berrlttca
1042 5559 1272 5633 (Aleppo
1304 5559 1465 5629 vulgo
1493 5566 1709 5633 vocant)
1736 5575 1791 5619 et

220 5637 449 5688 tlclitius
501 5630 851 5701 Cappadocia
908 5628 1373 5701 Hierosolymam,
1406 5628 1486 5684 iet
1537 5628 1792 5690 Rebeitus

219 5701 494 5762 i'htenicia
537 5698 747 5775 Tyrum
808 5701 1112 5772 utigrarunt
1158 5698 1174 5755 ι
1226 5698 1348 5756 vide
1404 5715 1525 5772 qua:
1571 5705 1636 5759 dc
1688 5708 1788 5761 hac

1902 5425 2215 5496 rescripta
2275 5435 2402 5480 sunt
2464 5425 2522 5496 in
2582 5434 2821 5496 tractatu
2877 5421 3145 5496 Mranuelis
3191 5430 3323 5496 περὶ
3359 5441 3477 5496 ,με-

1896 5494 2172 5564 ταθέσεων
2209 5498 2261 5551 in
2295 5496 2443 5564 luris
2484 5494 2935 5550 Gnaeo-Romani
2988 5493 3083 5550 lib.
3121 5510 3205 5558 Ill,
3243 5493 3294 5564 p.
3347 5494 3475 5551 240.

1898 5563 2151 5619 Francoi‘.
2185 5565 2344 5620 l596.
2380 5563 2515 5621 Vide
2539 5577 2591 5620 et
2621 5565 2877 5620 Demetrii
2920 5563 3480 5621 Chnmateni’archie—

1899 5638 2103 5705 piscnpi
2136 5635 2400 5704 Bulgath
2452 5640 2517 5689 ad
2567 5636 2990 5692 Constantinum
3037 5636 3343 5693 Cabasilatn
3394 5652 3481 5692 rc-

1900 5720 2130 5776 sponsa,
2169 5709 2300 5763 lDltl.
2335 5709 2368 5761 l.
2406 5707 2459 5771 5,
2489 5723 2542 5776 p.
2577 5707 2699 5763 517.
