4042 6214
545 253 620 322 θτ
1779 244 2057 306 TllEOD.
2102 244 2510 308 BALSAMON
3753 253 3838 318 6S

612 370 895 442 judiceris.
953 368 1141 436 Etjhoe
1163 360 1456 421 multorum‘
1470 365 1828 434 episcoporum
1849 374 1893 416 et
1921 360 2127 430 judicio

2293 381 2407 429 ρος
2436 365 2686 433 κρίνοιο,
2711 364 2812 420 καί
2837 363 3015 419 τοῦτο
3043 363 3295 420 πολλῶν
3321 364 3676 420 ἐπισκόπων
3717 369 3834 420 καὶ

619 476 669 518 et
708 463 1092 517 adhortatione.

625 556 742 611 Non
770 563 984 624 oportet
1007 552 1322 622 episcopum
1356 546 1628 618 propriam
1656 544 1934 601 dimcesim
1966 544 2130 598 relin-

550 665 719 721 quere
747 659 801 703 et
831 649 885 702 in
918 646 1081 699 alium
1114 645 1368 696 thronum
1399 639 1625 705 insilire,
1651 638 1752 691 nisi
1781 637 1918 691 forte
1941 651 2132 704 appro-

558 745 736 805 betur,
766 747 819 793 et
845 737 1119 808 judicetur
1145 733 1253 786 illic
1304 731 1678 785 habitantibus
1720 729 1903 782 utilior
1947 737 2130 795 utpote

551 830 780 888 docendi
819 838 936 882 arte
981 827 1151 894 inagis
1187 825 1507 886 instructus,
1541 822 1718 875 ethoc
1744 820 1960 888 quidem
1993 819 2132 872 mul-

555 935 731 978 torum
797 921 1175 989 episcoporum
1235 925 1290 969 et
1343 913 1554 984 jmlicio
1603 921 1656 965 et
1725 911 2126 965 adhortatione.

552 1015 816 1070 Aboletur
865 1019 1044 1065 autem
1095 1009 1183 1062 hic
1234 1023 1430 1062 canon.
1464 1004 1596 1058 Nam
1651 1003 1894 1058 decimus
1947 1009 2132 1056 sextus

553 1123 732 1161 canon
774 1105 826 1158 in
860 1103 1162 1156 Antiochia:
1215 1100 1449 1171 synodo,
1485 1105 1767 1150 vacantem
1816 1094 2128 1164 episcopum

550 1198 766 1252 vacanti
799 1196 1042 1250 ecclesia:
1072 1193 1274 1261 praefici
1310 1189 1602 1261 permittit.
1640 1186 1746 1243 Sed
1779 1195 1898 1255 post
1931 1183 2132 1252 proha-

555 1291 755 1344 tiouem
785 1287 1036 1356 perfectae
1081 1285 1293 1354 synodi,
1336 1290 1601 1351 praesente
1652 1289 1709 1334 et
1763 1278 2130 1347 metropoleos

552 1381 828 1450 episcopo.
861 1377 976 1432 Non
1007 1388 1190 1428 autem
1220 1382 1500 1428 vacantem
1531 1371 1677 1425 nullo
1706 1371 1865 1424 modo
1898 1369 2128 1438 permit-

556 1474 619 1526 tit
649 1472 699 1525 in
731 1471 893 1524 aliam
925 1468 1198 1521 civitatem
1227 1465 1478 1530 transire,
1509 1477 1612 1518 nec
1641 1476 1814 1517 canon
1840 1461 2133 1530 vigesimus

553 1565 760 1634 primus
800 1563 852 1616 in
877 1559 1178 1616 Antiochiae
1210 1559 1438 1628 synodo,
1468 1570 1570 1610 nec
1619 1555 1865 1610 decimus
1914 1553 2134 1622 quintus

554 1656 608 1710 in
643 1654 857 1710 Nicama
887 1653 1108 1723 synodo,
1135 1666 1234 1705 nec
1265 1649 1472 1720 primus
1504 1648 1555 1702 in
1585 1646 1919 1704 Sardicensi.

1117 1827 1348 1885 CANON
1410 1826 1528 1881 XV.

557 1929 618 1985 Si
643 1927 758 1998 quis
786 1925 1075 1996 presbyter,
1107 1925 1184 1977 vel
1213 1924 1468 1977 diaconus
1495 1963 1508 1986 ,
1540 1939 1616 1974 vet
1648 1921 1858 1974 omnino
1889 1935 1954 1973 ea:
1983 1918 2140 1972 cleri-

623 2041 807 2077 corum
833 2025 1094 2092 catalogo,
1123 2023 1302 2074 relicta
1322 2038 1417 2074 sua
1444 2017 1717 2085 parochia,
1751 2021 1803 2070 in
1822 2017 1987 2070 aliam
2016 2018 2137 2070 abs-

625 2116 856 2175 cesserit,
909 2124 954 2167 et
1004 2131 1120 2167 cum
1173 2113 1375 2181 penitus
1427 2110 1730 2172 transierit,
1794 2117 1985 2173 pra'ter
2057 2108 2142 2160 sui

621 2208 848 2276 episcopi
877 2207 1187 2259 sententiain
1222 2205 1274 2257 in
1310 2205 1417 2256 alia
1453 2203 1705 2272 parocliia
1739 2211 1972 2264 maneat,
2021 2214 2140 2252 eum

627 2317 729 2352 non
774 2300 1002 2364 amplius
1043 2297 1305 2351 celebrare
1338 2296 1617 2365 jubcmns,
1668 2294 1895 2346 maxime
1936 2292 1982 2344 si
2025 2307 2140 2344 eum

628 2393 946 2444 adhortante
994 2391 1234 2458 episcojio
1288 2398 1341 2439 ut
1396 2388 1621 2448 rediret,
1673 2392 1773 2436 non
1816 2386 2030 2452 paruit,
2088 2383 2141 2436 in

629 2485 960 2539 contumacia
1011 2493 1059 2537 et
1106 2481 1389 2536 insolentia
1441 2495 1783 2548 perseverans
1823 2494 1841 2533 :
1879 2481 1925 2533 is
1965 2487 2142 2532 autem

629 2579 700 2631 ibi
740 2587 794 2628 ut
834 2575 1009 2628 laicus
1041 2576 1413 2628 communicet.

631 2753 826 2809 BALS.
867 2754 1068 2810 Sextus
1120 2768 1292 2807 canon
1335 2767 1457 2822 syn.
1504 2752 1757 2810 Clialced.
1804 2754 1997 2822 jubet,
2035 2767 2140 2806 non

562 2846 834 2908 absolute,
869 2844 960 2898 sed
994 2845 1044 2896 in
1077 2843 1389 2912 episcopatu
1417 2882 1434 2907 ,
1473 2843 1554 2897 vel
1587 2843 1814 2898 ecclesia
1843 2883 1857 2905 ,
1894 2844 1974 2897 vel
2021 2860 2137 2898 mo-

533 2935 820 2999 .nasterio,
851 2933 1092 2989 ordinari
1129 2934 1356 2988 clericos
1386 2949 1398 2984 :
1426 2948 1526 2987 nec
1551 2943 1774 3000 possunt
1799 2944 1992 3002 praeter
2018 2933 2137 3003 ejus

2291 456 2587 524 διακρίσει
2620 459 2715 511 καὶ
2755 458 3160 526 παρακλήσει.

2308 550 2386 601 Οὐ
2422 550 2503 601 δεῖ
2530 551 2833 604 ἐπίσκοπον
2882 550 2982 622 τὴν
3010 551 3207 604 ἑαυτοῦ
3243 551 3542 620 παροικίαν
3591 554 3838 606 καταλι-

2235 644 2379 706 πεῖν,
2423 642 2520 696 καὶ
2570 643 2740 712 ἑτέρῳ
2775 642 2957 713 θρόνῳ
2995 643 3356 714 ἑπιπηδῆσαι,
3391 645 3440 697 εἰ
3484 645 3559 716 μή
3589 663 3692 699 που
3721 646 3830 698 δο-

2232 733 2475 804 κιμασθῇ
2525 734 2621 787 καὶ
2667 735 2830 805 κριθῇ
2887 737 3200 800 τοῖςὲκεῖσε
3246 735 3690 806 ὠφελιμώτερός,
3741 736 3832 799 ὡς

2230 823 2802 896 διδασκαλικώτερος,
2851 829 2950 880 καὶ
2996 828 3176 893 τοῦτο,
3228 827 3442 882 πολλῶν
3499 829 3833 881 ἐπισκόπων

2231 918 2329 971 καὶ
2357 919 2629 987 διακρίσει
2654 920 2749 972 καὶ
2781 919 3149 990 παρακλήσει.
3191 920 3459 991 Ἀνῃρέθη
3493 920 3552 974 δὲ
3574 924 3601 975 ό
3630 922 3828 975 κανὼν

2229 1006 2386 1072 οὗτος
2414 1025 2432 1043 ⁸
2461 1010 2490 1062 ὁ
2521 1011 2629 1080 γὰρ
2658 1010 3048 1075 ἑκκαιδέκατος
3075 1010 3254 1065 κανὼν
3283 1014 3383 1082 τῆς
3417 1014 3475 1067 ὲν
3514 1014 3830 1086 Ἀντιοχείᾳ

2234 1102 2455 1157 συνόδου
2485 1102 2579 1156 τὸν
2610 1102 2708 1172 μὲν
2741 1103 3076 1173 σχολάζοντα
3115 1104 3421 1158 ἐπίσκοπον
3473 1105 3568 1158 ἐπὶ
3621 1106 3828 1174 σχολά-

2235 1196 2434 1260 ζουσαν
2473 1193 2772 1264 ὲκκλησίαν
2824 1194 3190 1250 καθίστασθαι
3222 1196 3613 1266 παραδέχεται.
3652 1195 3830 1250 Ἀλλὰ

2240 1287 2378 1356 μετὰ
2397 1287 2723 1356 δοκιμασίας
2754 1287 2977 1340 συνόδου
3009 1287 3253 1351 τελείας,
3287 1288 3556 1356 παρόντος
3599 1285 3824 1341 καὶτοῦ

2236 1380 2337 1448 τῆς
2371 1379 2754 1449 μητροπόλεως
2785 1380 3108 1434 ἐπισκόπου.
3139 1378 3244 1432 Τδν
3282 1377 3339 1432 δὲ
3364 1377 3438 1448 μὴ
3482 1378 3827 1449 σχολάζοντα

2235 1471 2345 1524 οὐδ’
2373 1471 2512 1532 ὅλως
2553 1470 2924 1541 παραδέχεται
2975 1472 3056 1532 είς
3102 1471 3298 1540 ἑτέραν
3342 1468 3498 1528 πόλιν
3554 1468 3828 1539 μεταϐαί-

2236 1575 2380 1614 vsw'
2423 1559 2550 1612 οὕτε
2578 1561 2606 1612 δ
2651 1559 2738 1613 κα¹
2768 1560 2950 1613 κανὼν
2981 1560 3076 1626 τῆς
3099 1565 3157 1613 ὲν
3218 1560 3522 1630 Ἀντιοχείᾳ
3569 1561 3824 1621 συνόδου.

2157 1657 2208 1718 Β
2235 1651 2359 1705 οὔτε
2387 1655 2414 1705 ὁ
2444 1651 2504 1705 ιε’
2534 1653 2635 1723 τῆς
2663 1655 2720 1706 ὲν
2749 1653 2958 1721 Nini;
2987 1652 3233 1718 συνόδου,
3260 1651 3387 1705 οὔτε
3413 1654 3440 1706 ό
3463 1651 3679 1720 πρῶτος
3714 1653 3826 1722 τῆς

2237 1745 2296 1796 ἐν
2325 1742 2584 1814 Σαρδικῇ.

2862 1832 3092 1890 ΚΑΝΩΝ
3117 1831 3222 1891 ιε’.

2238 1926 2312 1980 Et
2339 1943 2430 1993 τις
2458 1928 2860 1996 πρεσϐύτερος
2881 1927 2918 1994 ἢ
2951 1926 3249 1991 διάκονος.
3268 1925 3306 1994 ἢ
3329 1925 3484 1991 ὅλως
3511 1926 3621 1980 τοῦ
3641 1942 3829 1979 κατα-

2308 2021 2499 2088 λόγου
2529 2019 2647 2073 τῶν
2683 2020 3005 2087 κληρωτῶν,
3032 2019 3377 2086 ἀπολείψεις
3430 2018 3548 2085 τὴν
3598 2018 3826 2073 ἑαυτοῦ

2314 2111 2659 2178 παροικίαν,
2689 2113 2778 2176 εὶς
2812 2109 3025 2177 ἑτέραν
3056 2110 3317 2176 ἀπέλθῃ,
3365 2109 3464 2162 καὶ
3507 2109 3827 2176 παντελῶς

2312 2202 2617 2273 μεταστὰς
2663 2202 2944 2269 διατρίϐει
2999 2202 3070 2255 ἐν
3120 2202 3285 2270 ἄλλῃ
3326 2203 3603 2270 παροικίᾳ
3661 2203 3828 2270 παρὰ

2311 2295 2554 2364 γνώμην
2593 2293 2699 2348 τοῦ
2732 2295 2889 2348 ὶδίου
2922 2293 3264 2347 ἐπισκόπου
3291 2311 3308 2328 ·
3343 2293 3566 2347 τοῦτον
3604 2293 3825 2346 κελεύ-

2311 2402 2457 2454 ομεν
2477 2385 2687 2454 μηκέτι
2718 2384 3108 2451 λειτουργεῖν,
3146 2388 3198 2437 εἱ
3232 2385 3520 2453 μάλιστα,
3546 2399 3827 2452 προσκα-

2311 2477 2616 2543 λουμένου
2643 2477 2831 2529 αὐτὸν
2857 2476 2962 2528 τοῦ
2994 2475 3334 2529 ἐπισκόπου
3369 2477 3577 2540 αὑτοῦ,
3632 2476 3826 2530 ἐπαν-

2312 2568 2512 2622 ελθεῖν
2545 2569 2660 2636 οὐχ
2714 2567 3093 2635 ὑπήκουσεν,
3133 2566 3430 2636 ἐπιμένων
3482 2567 3557 2637 τῇ
3604 2567 3828 2636 ἀταξίᾳ

2311 2658 2391 2722 ὡς
2413 2657 2624 2721 λαικὸς
2642 2656 2846 2724 μέντοι
2873 2657 3072 2710 ἐκεῖσε
3092 2659 3465 2710 κοινωνείτω.

2316 2751 2513 2803 ΒᾹΛΣ.
2578 2750 2637 2801 '0
2669 2755 2724 2813 ς’
2765 2748 2948 2802 κανὼν
3005 2750 3103 2819 τῆς
3155 2751 3213 2803 ἐν
3257 2749 3562 2820 Χαλκηδόνι
3605 2750 3826 2805 συνόδου

2240 2841 2583 2895 δ.ατάττεται
2616 2841 2690 2912 μὴ
2740 2842 3181 2912 ἀπολελυμένως,
3223 2842 3341 2895 ἀλλ’
3371 2844 3428 2895 ὲν
3479 2846 3749 2914 ἐπισκοπῇ
3787 2843 3822 2915 ἦ

2247 2934 2570 3004 ἐκκλησίηᾳῆ
2607 2935 2957 3004 μοναστηρίῳ
3002 2935 3430 3005 χειροτονεῖσθαι
3463 2935 3588 2992 τοὺς
3632 2935 3826 3005 κληρι-

559 3031 651 3094 qui
683 3025 763 3081 eis
793 3035 990 3093 praeest
1026 3028 1375 3088 sententiam,
1429 3027 1495 3078 ad
1527 3025 1686 3077 aliam
1717 3026 1869 3080 abire
1917 3027 2136 3092 pronn-

2251 3026 2399 3086 κούς.
2444 3025 2552 3076 Καὶ
2584 3025 2644 3076 οὑ
2676 3024 2932 3077 δύνανται
2959 3017 3108 3079 οὗτοι
3141 3025 3262 3096 δίχα
3298 3025 3524 3094 γνώμης
3547 3024 3639 3077 τοῦ
3687 3042 3828 3096 προ-

559 3122 724 3186 ciam,
753 3129 846 3172 aut
876 3119 1180 3182 dioecesim,
1205 3128 1253 3172 et
1281 3120 1634 3174 clericatuum
1667 3118 1838 3172 ollicia
1861 3134 2136 3174 exercere:

540 3228 686 3266 eum
718 3221 896 3266 autem
931 3212 1020 3280 qui
1063 3211 1164 3266 hoc
1199 3211 1345 3276 facit,
1387 3226 1561 3268 canon
1598 3221 1872 3280 segregat,
1907 3211 2142 3265 maxime

534 3304 607 3359 ,εἰ
641 3311 918 3368 evocatus,
948 3313 1003 3358 et
1034 3304 1098 3357 ad
1125 3304 1358 3370 priorem
1393 3304 1706 3373 parochiam
1741 3306 1914 3358 redire
1929 3303 2142 3371 jussus,

563 3414 672 3453 non
703 3397 943 3467 paruerit
981 3416 994 3451 :
1027 3412 1150 3452 eum
1187 3406 1366 3452 tamen
1398 3398 1449 3451 in
1481 3396 1584 3450 alia
1612 3396 1829 3450 civitate
1862 3405 1920 3448 ut
1947 3396 2138 3450 laicum

563 3491 772 3545 versari
809 3505 981 3544 canon
1017 3506 1119 3544 non
1150 3491 1423 3559 prohibet.
1459 3490 1650 3556 Quaere
1680 3489 1842 3543 etiam
1875 3488 1938 3542 lli
1961 3504 2130 3542 cano-

563 3597 687 3638 nem
711 3582 904 3648 prima:
933 3597 1056 3653 syn.
1077 3592 1130 3636 et
1159 3593 1366 3650 quarta:
1391 3582 1589 3636 can.5.
1627 3581 1808 3646 Quare
1843 3591 1964 3635 nota
2001 3580 2143 3649 quod

565 3687 674 3726 non
705 3672 880 3726 solum
911 3671 1370 3726 commendatitii‘s
1399 3670 1602 3726 litteris
1629 3672 1826 3724 clerico
1879 3686 2012 3733 opus
2038 3679 2140 3736 est,

566 3763 767 3818 volenti
803 3763 855 3817 in
881 3764 984 3817 alia
1015 3763 1235 3818 dimeesi
1283 3778 1468 3832 agere,
1516 3771 1736 3831 etquae
1789 3773 1913 3816 sunt
1961 3763 2142 3818 clerici

564 3873 824 3914 exercere
869 3860 1012 3912 :sed
1067 3858 1232 3910 etiam
1280 3854 1606 3909 diiiiissoriis
1665 3854 1858 3908 litteris
1905 3856 2142 3923 episeOpi

567 3950 660 4019 qui
701 3963 824 4002 eum
857 3946 985 4002 fecit
1009 3947 1290 4001 clericum.
1320 3945 1436 4000 Nisi
1465 3945 1612 3999 enim
1641 3945 1903 4012 ejusmodi
1937 3946 2144 4002 litteras

567 4039 1198 4109 ostendat,yproliibetur
1249 4037 1318 4092 ab
1368 4036 1706 4106 operatione.
1741 4033 1935 4100 Quaere
1979 4038 2125 4093 etiau

568 4133 634 4187 17
670 4147 795 4186 can.
828 4146 950 4202 syn.
987 4130 1040 4186 in
1076 4130 1283 4186 Trullo.

640 4395 893 4450 ZONAR.
955 4395 1154 4448 Sextus
1211 4395 1266 4448 in
1319 4395 1663 4450 Chalcedone
1716 4399 1903 4468 synodi
1974 4413 2145 4454 cauon

572 4489 765 4540 Statuit
809 4486 1079 4539 nominent
1115 4484 1312 4539 debere
1343 4487 1590 4539 absolute
1635 4489 1898 4552 ordinari,
1950 4492 2042 4544 sed
2093 4491 2146 4544 in

569 4578 906 4646 episcopatu,
941 4577 1022 4628 vel
1055 4576 1107 4629 in
1145 4576 1374 4631 ecclesia
1410 4577 1588 4646 aliqua
1615 4619 1629 4644 ,
1670 4580 1754 4634 vel
1786 4580 1839 4634 in
1874 4591 2148 4636 monaste-

573 4669 677 4721 rio.
703 4668 802 4734 Qui
863 4669 940 4722 sic
977 4669 1143 4738 igitur
1195 4669 1480 4723 ordinatus
1527 4671 1808 4726 ecclesiam
1875 4674 2150 4742 reliquerit

570 4760 726 4828 cujus
765 4760 866 4812 luit
896 4759 1103 4814 electus
1134 4759 1383 4827 clericus,
1413 4761 1465 4815 in
1502 4763 1770 4832 aliamque
1798 4766 2148 4832 discesserit,

571 4849 624 4903 in
659 4851 758 4903 hoc
793 4864 1000 4903 canone
1033 4852 1350 4919 prohibetur
1385 4869 1413 4904 a
1449 4853 1749 4908 ministerio
1784 4870 1797 4907 :
1831 4857 2059 4912 maxime
2105 4859 2147 4912 si

573 4950 802 4995 vocatus
846 4957 950 4994 non
993 4942 1316 5011 regreditur.
1357 4942 1456 5011 Ipsi
1490 4954 1665 4998 tamen
1701 4945 1961 4999 indultum
2001 4963 2150 5002 com-

575 5034 852 5086 municare
886 5044 1139 5101 tanquam
1173 5033 1332 5088 laico.
1362 5035 1536 5090 Etiam
1567 5037 1811 5091 decimus
1836 5046 2023 5094 sextus
2058 5056 2150 5094 ca—

576 5141 680 5179 non
715 5128 903 5195 prima:
941 5129 1154 5197 synodi,
1187 5138 1240 5184 et
1266 5130 1488 5198 quintus
1523 5141 1751 5201 quartae,
1783 5131 2032 5187 similiter
2067 5135 2149 5189 di-

573 5225 707 5269 cunt.

574 5306 804 5362 ARIST.
853 5308 1034 5365 Omnis
1079 5312 1300 5366 clericus
1340 5315 1611 5383 propriam
1661 5317 1944 5382 parweiam
1995 5317 2154 5371 relin-

645 5414 828 5467 quens,
851 5413 900 5452 et
931 5404 1161 5456 alienam
1203 5406 1529 5468 inhabitans,
1568 5418 1616 5460 et
1653 5411 1715 5460 ab
1753 5401 1992 5477 episcopo
2031 5425 2155 5463 exo-

654 5501 822 5556 ratus,
855 5506 899 5545 ει
929 5510 1027 5548 non
1063 5499 1289 5562 rediens,
1325 5504 1812 5557 cxcmnmunicatus
1843 5513 1940 5558 est.

650 5665 965 5737 Quicunque
1020 5672 1250 5727 clericus
1303 5679 1573 5745 propriam
1631 5695 1927 5749 partecmm
1983 5686 2148 5741 relino

2249 3119 2484 3179 εστιῦτος
2512 3116 2692 3170 αὐτῶν
2746 3117 2826 3178 εἰς
2871 3116 3068 3186 ἑτέραν
3109 3118 3382 3192 ἐπαρχίαν
3426 3117 3669 3181 ἀπιέναι,
3729 3116 3829 3170 καὶ

2250 3212 2492 3280 ἐνεργεῖν
2523 3210 2592 3261 τὰ
2618 3209 2726 3260 τῶν
2753 3209 3101 3279 κληρικάτων
3160 3210 3392 3278 ὁφφίκια
3423 3211 3619 3264 αὐτῶν.
3645 3210 3750 3264 Τὸν
3769 3209 3828 3266 δι

2249 3303 2492 3358 τοιοῦτόν
2522 3321 2572 3355 τι
2605 3302 2863 3354 ποιοῦντα
2911 3303 3164 3372 ἀξορίζει
3198 3306 3223 3356 ὁ
3248 3303 3454 3364 κανὼν,
3487 3303 3582 3355 καὶ
3623 3302 3828 3372 μᾶλλον

2253 3393 2753 3464 μετακαλούμενον,
2781 3394 2877 3446 καὶ
2904 3393 2980 3464 μὴ
3013 3394 3336 3462 πειθόμενον
3369 3392 3705 3463 ὑποστρέψαι
3746 3393 3829 3454 εἰς

2250 3485 2350 3552 τὴν
2383 3485 2657 3555 προτέραν
2691 3487 2985 3552 παροικίαν
3014 3483 3182 3536 αὑτοῦ
3204 3498 3218 3512 ⁸
3257 3483 3464 3552 διάγειν
3495 3485 3675 3554 μέντοι
3702 3481 3832 3536 τοῦ-

2249 3591 2340 3628 τον
2373 3577 2428 3626 ὲν
2459 3574 2622 3644 ἑτέρα
2651 3576 2801 3630 πόλει
2832 3576 2904 3638 ὠς
2939 3575 3151 3641 λαῖκὸν,
3179 3575 3239 3629 οὗ
3296 3575 3494 3630 κωλύει
3535 3577 3563 3628 ὁ
3621 3579 3826 3632 κανών.

2251 3668 2415 3735 Ζήτει
2445 3667 2531 3717 xa‘t
2577 3667 2667 3717 τὸν
2703 3674 2776 3734 ις’
2808 3669 3011 3721 κανόνα
3046 3668 3146 3736 τῆς
3178 3674 3226 3718 α’
3261 3668 3502 3729 συνόδου,
3537 3668 3628 3720 καὶ
3662 3667 3753 3719 τὸν
3784 3665 3825 3718 ε’

2251 3759 2453 3811 κανόνα
2482 3759 2577 3827 τῆς
2615 3759 2675 3810 δ’.
2702 3760 2858 3811 Ὥστε
2889 3760 3190 3829 σημείωσαι
3217 3760 3296 3813 ὅτι
3335 3760 3393 3812 οὐ
3426 3759 3596 3831 μόνης
3626 3777 3827 3813 συστα-

2251 3850 2409 3918 τικῆς
2435 3852 2656 3919 γραφῆς
2691 3852 2849 3922 χρεία
2892 3851 2968 3920 τῷ
3001 3851 3247 3922 κληρικῷ
3273 3853 3352 3914 εἰς
3395 3852 3587 3922 ἑτέραν
3639 3850 3826 3920 βουλο-

2255 3941 2402 4010 μένῳ
2427 3940 2636 4009 διάγειν
2690 3943 2926 4012 ὲνορίαν,
2960 3943 3055 3996 καὶ
3107 3943 3182 4005 ὼς
3235 3941 3484 4012 κληρικῷ
3538 3945 3828 4012 ὲνεργεῖνο

2253 4034 2388 4086 ἀλλὰ
2458 4037 2553 4088 καὶ
2598 4037 2934 4106 ἀπολυτικῆς
2974 4037 3193 4109 γραφῆς
3236 4036 3332 4090 τοῦ
3385 4038 3687 4090 ἐπισκόπου
3734 4035 3828 4089 τοῦ

2251 4127 2440 4179 τοῦτον
2465 4128 2872 4198 κληρώσαντος.
2911 4129 2971 4181 Εἰ
3001 4129 3077 4200 μὴ
3114 4131 3220 4199 γὰρ
3252 4132 3344 4182 καὶ
3385 4131 3640 4199 τοιαύτην
3697 4146 3830 4197 γραο

2253 4219 2360 4287 (pip)
2396 4219 2740 4271 ὑποδεικνύει
2771 4221 3145 4287 κωλυθήσεται
3177 4224 3273 4289 τῆς
3305 4223 3609 4291 ἐνεργείας.
3667 4222 3827 4290 Ζήτει

2254 4310 2459 4360 καὶτὸν
2507 4307 2571 4370 ιζ’
2605 4311 2805 4361 κανόνα
2835 4311 2934 4379 τῆς
2970 4311 3028 4360 ἐν
3058 4310 3133 4380 τῷ
3153 4311 3411 4381 Τρούλλῳ
3445 4314 3681 4365 συνόδου.

2328 4402 2578 4454 ΖΩΝΑΡ.
2621 4402 2680 4453 Ὀ
2714 4401 2869 4464 ἕκτος
2900 4402 3080 4455 κανὼν
3112 4403 3209 4472 τῆς
3246 4407 3302 4457 ὲν
3353 4405 3652 4476 Χαλκηδόνι
3707 4424 3829 4458 συν-

2253 4496 2370 4549 όδου
2398 4496 2744 4549 διατάττεται
2804 4496 2879 4568 μὴ
2925 4499 3343 4568 ἀπολελυμένως
3407 4503 3830 4570 χειροτονεῖσθαι

2219 4606 2400 4662 (τινα,
2433 4589 2546 4641 ἀλλ’
2579 4591 2636 4641 ἐν
2669 4590 3002 4661 ἐπισκοτεῇῆ
3041 4592 3308 4662 ἐκκλησίᾳ
3343 4594 3448 4646 τινὶ
3493 4593 3526 4663 ἦ
3561 4612 3832 4664 μοναστη-

2261 4683 2378 4753 ρίῳ.
2429 4681 2486 4735 Ὀ
2516 4683 2642 4750 γοῦν
2671 4682 2814 4735 οὕτω
2849 4685 3246 4754 χειροτονηθεὶς
3271 4690 3364 4737 καὶ
3394 4685 3705 4739 καταλιπὼν
3735 4688 3831 4756 τὴν

2261 4775 2558 4845 ἐκκλησίαν
2610 4771 2676 4847 ἦς
2728 4776 3024 4846 ὠνομάσθη
3064 4777 3346 4848 κληρικὸς,
3407 4779 3499 4832 καὶ
3538 4782 3616 4843 εἰς
3667 4781 3832 4850 ἄλλην

2256 4867 2531 4932 ἀπελθὼν,
2563 4870 2658 4939 τῆς
2691 4869 3038 4939 λειτουργίας
3085 4873 3236 4939 παρᾶ
3266 4871 3358 4922 τοῦ
3384 4871 3608 4934 κανόνος
3641 4872 3830 4925 τούτου

2265 4960 2554 5024 κωλύεται,
2600 4962 2691 5014 καὶ
2722 4963 2920 5031 μᾶλλον
2951 4964 2998 5015 el
3032 4963 3515 5032 προσκαλούμενος
3541 4965 3640 5017 οὐκ
3672 4964 3834 5017 ὲπάν-

2259 5072 2386 5108 εισι.
2421 5055 2877 5125 Μεταλαμϐάνειν
2912 5056 2970 5108 δὲ
3031 5057 3103 5120 ὡς
3137 5058 3312 5126 λαῐκῷ
3347 5058 3497 5126 αὐτῷ
3549 5058 3832 5127 ἐπιτέτρα-

2261 5161 2414 5197 πται.
2445 5146 2602 5197 Καὶὸ
2653 5143 2726 5209 ις’
2755 5145 2937 5197 κανὼν
2995 5145 3091 5215 τῆς
3137 5147 3359 5215 πρώτης
3401 5146 3640 5213 συνόδου,
3692 5147 3782 5199 καὶ
3808 5148 3834 5199 ὁ

2175 5234 2185 5244 ’
2261 5242 2301 5286 ε’
2336 5235 2430 5300 τῆς
2465 5235 2751 5304 τετάρτης,
2795 5235 2997 5304 ὁμοίως
3033 5234 3218 5300 φασίν.

2261 5327 2483 5380 ΔΡΙΣΤ.
2516 5328 2809 5392 Κληρικιδς
2833 5327 2990 5392 ἅπας
3019 5329 3051 5379 ό
3072 5327 3181 5393 τῆς
3215 5326 3440 5391 οἰκείας
3465 5325 3707 5393 ἐκστὰς.
3740 5328 3835 5379 καὶ

2336 5416 2450 5482 τὴν
2473 5417 2805 5485 ἀλλοτρίαν
2843 5417 3038 5482 οἰκῶν,
3091 5417 3189 5470 καὶ
3250 5417 3398 5484 πρὸς
3444 5418 3550 5472 τοῦ
3597 5418 3837 5470 ἐπισκό-

2344 5522 2458 5560 που
2485 5508 2979 5579 δυσωπούμενος,
3010 5508 3108 5561 καὶ
3129 5507 3216 5577 μὴ
3240 5510 3647 5575 παλινοστῶν,
3673 5508 3836 5562 ἀκοι-

2342 5600 2625 5666 νώνητος.

2336 5686 2460 5755 υἷος
2527 5693 2751 5762 δήποτε
2809 5694 3092 5766 κληρικδς,
3131 5694 3230 5766 τὴν
3267 5694 3464 5749 ἑαυτοῦ
3524 5693 3834 5750 καταλιπὼν
