4042 6214
268 412 333 473 77
1540 386 1621 447 IN
1662 382 1828 445 CAN.
1860 380 2005 442 XIX
2042 378 2300 438 arosr.
3461 371 3538 434 γε

273 525 408 577 εἶναι
438 522 500 575 τὸ
536 512 849 586 ἐγγυᾶσθαι
877 509 1022 580 ὑπὲρ
1057 508 1245 578 ἑτέρου
1286 505 1377 559 τδν
1400 502 1684 572 κληρικόν·
1707 497 1853 560 τινὲς
1883 550 1885 555 λ

1990 508 2058 548 ro
2095 494 2201 547 alio
2261 489 2555 559 fidejubere
2590 504 2605 555 ;
2637 488 2876 544 nonnulli
2921 495 3099 544 autem
3128 486 3383 542 clericum
3437 503 3536 557 pro

272 616 325 668 δὲ
348 613 411 666 τὺ
448 611 657 665 διδόναι
700 606 793 659 τὸν
826 601 1090 671 κληρικδν
1121 598 1264 667 ὑπὲρ
1318 594 1514 649 ἑαυτοῦ
1547 594 1736 661 ἕτερον
1763 590 1855 655 ἐγ-

273 704 506 774 γυητήν.
537 699 614 752 Τδ
647 695 782 765 γοῦν
807 693 991 761 λέγειν
1040 685 1427 758 καῡαιρεῖσθαι
1458 683 1549 737 τὸν
1595 679 1857 751 κληρικδν

277 770 839 867 μὴ’παραδεχόμενον
886 788 967 847 είς
1025 782 1406 851 δικαστήριον,
1455 778 1488 847 ἢ
1549 777 1630 838 είς
1668 770 1860 840 ὲνοχὴν

274 865 338 942 δι’
369 886 642 958 ἀπορίαν,
696 882 730 953 ἢ
764 880 830 932 δι’
857 879 1049 948 ἓτερον
1099 875 1303 944 τρόπον
1339 871 1559 937 εὔλογόν
1588 885 1733 930 τινα,
1766 865 1861 916 κα.)⁵

277 978 364 1033 διὰ
388 978 557 1031 τοῦτο
587 972 808 1027 διδόντα
842 967 1124 1037 ἐγγυητὰς
1164 966 1325 1035 χάριν
1358 961 1453 1014 τοῦ
1479 957 1862 1023 ἀπαλλαγῆναι

278 1071 579 1140 ὀχλήσεως,
619 1062 1030 1134 φορτικώτατόν
1077 1061 1193 1113 ἐστι
1251 1056 1346 1109 καὶ
1367 1055 1467 1121 τῆς
1495 1049 1863 1116 ἀποπολικῆς

280 1158 703 1232 φιλανθρωπίας
738 1154 981 1219 ἀνάξιον.
1010 1150 1085 1204 Τὸ
1115 1151 1171 1203 δὲ
1207 1145 1510 1216 ἐγγυᾶσθαι
1543 1142 1633 1196 τὸν
1664 1140 1864 1210 κληρι-

281 1230 373 1306 κὺν
421 1249 567 1319 ὑπὲρ
602 1248 792 1315 ἑτέρου
836 1244 964 1298 ποτὲ
1000 1243 1129 1303 ἴσως
1164 1239 1585 1307 κολασθήσεται,
1648 1233 1708 1286 Et
1768 1230 1865 1301 μὲν

282 1348 392 1415 γὰρ
420 1346 585 1413 χάριν
615 1340 850 1409 κέρδους
880 1332 1217 1405 ὲγγυήσεταί
1251 1347 1372 1383 τινα
1412 1325 1696 1407 κληρικδς,
1732 1320 1866 1415 xuii?

282 1411 653 1507 αιρεδησεται
684 1430 777 1503 διὰ
817 1429 918 1497 τὴν
970 1423 1306 1495 αἰσχρότητα
1334 1421 1434 1491 τῆς
1466 1417 1694 1487 ἐγγύας.
1724 1414 1785 1465 Et
1810 1411 1868 1507 δὲ

282 1502 499 1595 πένητα
528 1540 656 1576 τινα
685 1502 1031 1588 ἐγγυήσεται
1066 1512 1157 1567 διὰ
1203 1512 1376 1576 ἔλεον,
1434 1509 1468 1579 ἢ
1500 1508 1588 1560 διά
1626 1520 1751 1558 τινα
1778 1502 1870 1554 εὐ-

288 1592 437 1687 σεδῆ
487 1614 670 1669 αἰτίαν
720 1608 915 1665 ἑαυτὸν
958 1607 1097 1675 ὑπὲρ
1159 1603 1349 1673 ἑτέρου
1405 1596 1757 1669 παρεμῦἁλῃ,
1809 1592 1871 1646 οὗ

286 1708 779 1777 καθαιρεθήσεται.
820 1701 1100 1771 Εὕρηνται
1139 1698 1195 1750 δὲ
1228 1696 1323 1748 καὶ
1358 1695 1414 1747 ἐν
1449 1694 1515 1761 τῇ
1542 1691 1583 1741 δ’
1610 1690 1872 1777 οίκουμε·

286 1802 419 1867 νικῇ
459 1776 661 1865 συνόδῳ
697 1792 891 1845 πολλοὶ
922 1791 1218 1842 ἐπίσκοποι
1247 1786 1343 1839 καὶ
1373 1782 1631 1853 κληρικοὶ
1661 1776 1873 1846 ἐγγύας

288 1892 729 1959 ἀπαιτήσαντες,
786 1884 885 1937 καὶ
943 1880 1363 1950 ἁπαιτηθέντες,
1428 1875 1524 1928 καὶ
1586 1872 1763 1933 οὐδεὶς
1816 1867 1875 1933 ἐξ

289 1984 472 2038 αὐτῶν
507 1979 741 2048 ἐϐλάϐη.
791 1975 1175 2047 Ἐρμήνευσον
1205 1969 1349 2022 οὕτω
1402 1966 1472 2019 τὰ
1505 1965 1606 2033 τῆς
1646 1961 1872 2030 ἐγγύας.

300 2075 610 2143 Ἀνάγνωθι
660 2072 719 2124 δὲ
746 2069 841 2121 καὶ
890 2068 989 2137 τὴν
1026 2070 1143 2129 ρκγ¹
1182 2058 1613 2115 ’1ουστινιάνειον
1653 2055 1877 2113 Νεαρὰν

296 2170 568 2238 κειμένην
595 2167 655 2219 ὲν
698 2161 890 2233 βιϐλίῳ
917 2157 966 2227 γ’
998 2156 1109 2210 τῶν
1130 2152 1460 2216 Βασιλικῶν,
1492 2152 1657 2219 τίτλῳ
1684 2155 1729 2200 α’
1756 2146 1878 2217 ἦτοι

293 2236 592 2331 κεςράλαιον
618 2256 788 2310 αὐτοῦ
826 2236 896 2321 ιγ’
934 2251 1094 2319 λέγον
1121 2247 1295 2311 οὕτως
1335 2248 1393 2299 ὲν
1426 2246 1617 2315 μέρει·
1650 2242 1789 2302 Τοὺς
1823 2240 1880 2291 δὲ

297 2353 711 2426 πρεσϐυτέρους
738 2348 837 2400 καὶ
877 2345 1161 2406 διακόνους
1191 2341 1287 2393 κοιλ⁹
1339 2334 1731 2396 ὑποδιακόνους
1754 2372 1767 2397 ,
1802 2330 1881 2397 τῷ

302 2421 497 2515 δικαίῳ
528 2421 625 2497 καὶ
658 2443 805 2513 μόνῳ
850 2439 954 2507 τῆς
1002 2431 1327 2502 συγγενείας
1384 2430 1463 2492 είς
1512 2421 1878 2496 ἐπιτροπὴνῆ

306 2534 723 2607 κουρατωρείαν
772 2527 1167 2598 καλουμένους,
1203 2524 1301 2593 τὴν
1331 2519 1588 2589 τοιαύτην
1635 2516 1882 2585 λειτουρ-

303 2604 433 2697 γίαν
470 2622 844 2693 ὑποδέχεσθαι
900 2615 1316 2688 συγχωροῦμεν.
1376 2611 1488 2664 Καὶ
1555 2606 1672 2679 μετ’
1725 2604 1882 2697 όλίγα

305 2693 469 2773 πάλιν
491 2733 506 2747 ο
563 2714 707 2768 Ἀλλ’
754 2711 874 2766 οὐδὲ
905 2708 1216 2778 ἀπαιτητὴν
1248 2701 1525 2774 δημοσίων
1561 2693 1885 2751 συντελειῶν

304 2813 338 2883 ἢ
365 2811 685 2879 ὲκλήπτορα
736 2806 770 2876 ἢ
839 2802 1110 2874 μισθωτὸν
1154 2798 1325 2852 τελῶν
1355 2796 1386 2865 ἢ
1421 2792 1717 2862 ἀλλοτρίων
1752 2788 1885 2856 κτή-

308 2881 468 2967 σεων,
519 2901 553 2971 ἢ
585 2899 913 2967 κουράτωρα
941 2896 1113 2959 οἴκου,
1163 2892 1197 2961 ἢ
1254 2889 1473 2942 ἐντολέα
1504 2885 1683 2951 δίκης,
1725 2881 1756 2952 ἦ
1793 2882 1887 2947 ἑγ-

307 2994 521 3066 γυητὴν
556 2991 699 3061 ὑπὲρ
726 2987 935 3042 τούτων
961 2985 1070 3037 τῶν
1109 2982 1324 3042 αἰτιῶν,
1358 2978 1655 3031 ἐπίσκοπον
1683 2972 1715 3043 ἢ
1745 2971 1890 3024 οἱκο-

310 3062 499 3157 νόμονς
529 3084 563 3154 ἢ
602 3081 760 3136 ἄλλον
794 3078 1054 3148 κληρικδν
1082 3072 1400 3142 οίουδήποτε
1450 3063 1684 3136 βαθμοῦ,
1713 3062 1746 3132 ἢ
1790 3077 1886 3128 μορ

1962 590 2140 656 seipso
2167 586 2298 639 dare
2329 584 2498 638 alium
2526 582 2897 651 fideiussorem
2933 596 2947 633 :
2983 580 3166 635 dicere
3188 592 3320 648 ergo
3340 577 3538 646 deponi

1963 679 2239 743 clct-icnm,
2271 676 2365 745 qui
2403 676 2470 730 ad
2499 674 2757 745 judicium
2785 674 2867 728 vel
2902 675 2969 728 ad
2998 673 3288 742 agendum,
3316 684 3537 741 propter

1963 779 2365 840 paupertatem,
2392 769 2478 823 vel
2510 767 2746 836 aliquam
2773 765 2933 821 aliam
2963 758 3162 834 justam
3185 778 3403 819 causam
3428 779 3536 839 non

1967 862 2295 927 admittitur,
2322 869 2370 913 et
2400 868 2687 935 propterea
2727 858 2821 912 dat
2848 857 3192 926 fideiussores
3223 866 3281 909 ut
3307 871 3337 909 a
3371 836 3539 910 mole-

1966 957 2068 1010 stia
2098 956 2376 1016 liberetur,
2406 962 2491 1007 est
2522 952 2920 1019 gravissimum,
2957 959 3011 1005 et
3031 948 3323 1018 apostolica
3353 949 3547 1002 buma-

1968 1049 2135 1102 nitate
2172 1047 2471 1112 indignum.
2509 1043 2565 1096 Si
2598 1044 2829 1097 clericus
2857 1054 3035 1096 autem
3064 1056 3158 1110 pro
3189 1041 3297 1095 alio
3352 1038 3544 1110 fidcju-

1968 1140 2114 1203 beat,
2143 1138 2373 1191 fortasse
2390 1138 2713 1206 quandoque
2748 1136 3022 1205 punietur.
3053 1134 3109 1187 Si
3144 1134 3287 1188 enim
3320 1132 3548 1186 clericus

1969 1231 2109 1286 lucri
2170 1229 2341 1299 gratia
2397 1243 2495 1297 pro
2538 1228 2717 1297 aliquo
2788 1226 3114 1295 fidejusserit
3145 1267 3159 1290 ,
3203 1224 3505 1293 deponetur
3531 1264 3546 1286 ,

1972 1328 2195 1392 propter
2235 1319 2600 1390 fidejussionis
2647 1317 3033 1385 turpitudinem
3070 1333 3083 1368 :
3116 1316 3199 1370 sin
3240 1325 3417 1368 autem
3440 1329 3550 1385 pro

1973 1415 2153 1483 aliquo
2188 1426 2423 1481 paupere
2466 1410 2796 1479 fidejusserit
2840 1418 3062 1479 propter
3096 1406 3548 1467 misericordiam,

1973 1505 2061 1560 vel
2090 1513 2313 1575 propter
2342 1504 2575 1571 aliquam
2609 1502 2751 1572 piam
2782 1516 2999 1555 causam
3034 1502 3271 1569 seipsnm
3317 1513 3415 1569 pro
3445 1498 3553 1552 alio

1975 1598 2285 1667 iugesserit,
2313 1611 2413 1650 non
2437 1596 2757 1663 deponetttr.
2794 1592 3000 1646 Inventi
3031 1602 3160 1647 sunt
3184 1598 3362 1645 autem
3389 1590 3548 1645 etiam

1978 1688 2030 1742 in
2066 1689 2098 1742 4
2127 1687 2416 1742 universali
2462 1685 2672 1756 synodo
2702 1685 2853 1739 multi
2887 1684 3068 1739 clerici
3101 1691 3153 1737 et
3184 1682 3439 1752 episcopi,
3460 1681 3551 1748 qui

1980 1779 2328 1849 fidejussores
2355 1787 2406 1832 et
2436 1778 2723 1841 dederunt,
2751 1786 2806 1831 et
2829 1783 3190 1845 acceperunt,
3237 1788 3336 1828 nec
3377 1782 3554 1826 tamen

1978 1870 2118 1926 ullus
2151 1871 2269 1925 ideo
2308 1869 2465 1923 laesus
2492 1875 2596 1923 est.
2633 1866 3062 1934 Fidejussionem
3089 1880 3219 1937 ergo
3278 1866 3351 1919 ita
3397 1864 3556 1919 inter-

1979 1971 2211 2031 pretare.
2246 1960 2385 2031 Lege
2415 1961 2577 2015 etiam
2615 1959 2719 2013 125
2747 1959 3038 2013 Justiniani
3073 1957 3353 2014 Novellatu
3386 1997 3402 2024 ,
3437 1968 3558 2026 qum

1981 2055 2083 2108 sita
2109 2064 2192 2108 est
2223 2053 2274 2106 in
2317 2055 2457 2107 libro
2481 2068 2539 2106 ιιι
2565 2052 2783 2107 Basilic.
2822 2053 2906 2106 tit.
2943 2052 3120 2121 primo
3147 2067 3241 2106 seu
3279 2064 3398 2119 cap.
3440 2050 3559 2119 ejus

1984 2145 2051 2198 15
2076 2145 2218 2213 quod
2253 2146 2331 2197 sic
2357 2145 2485 2198 dicit
2527 2144 2579 2197 in
2631 2154 2820 2213 parte:
2850 2144 3203 2213 Presbyteros
3245 2152 3459 2206 autem,
3504 2153 3559 2195 et

1985 2235 2259 2298 diaconos,
2293 2244 2345 2287 et
2367 2233 2744 2296 subdiaconos,
2778 2233 2872 2300 qui
2915 2232 3029 2286 solo
3059 2232 3182 2299 jure
3213 2229 3556 2299 cognationis

1986 2327 2052 2381 ad
2084 2325 2303 2380 tutelam
2339 2324 2422 2378 vel
2445 2339 2629 2377 curam
2667 2332 2933 2386 vecantur
2970 2361 2986 2386 ,
3016 2323 3122 2377 tale
3162 2335 3357 2375 munus
3389 2323 3560 2389 susci—

1984 2434 2115 2491 pere
2158 2416 2541 2488 permittimus.
2570 2415 2635 2470 Et
2668 2416 2831 2485 paulo
2874 2423 2993 2484 post
3028 2414 3221 2468 iterum
3262 2431 3274 2467 :
3308 2412 3415 2467 Sed
3461 2428 3559 2467 nec

1989 2511 2338 2585 publicorum
2368 2511 2692 2565 tributorum
2724 2518 3057 2572 exactorem,
3087 2507 3170 2561 vel
3203 2515 3558 2576 receptorem,

1988 2604 2069 2657 vel
2102 2601 2444 2671 vectigalium
2479 2608 2573 2654 aut
2634 2600 3035 2669 possessionum
3089 2598 3392 2652 alienarum
3431 2611 3565 2651 con-

1988 2694 2293 2760 ductorem,
2320 2692 2403 2746 vel
2434 2699 2744 2746 curatorem
2774 2690 2989 2752 domus,
3028 2688 3111 2744 vel
3160 2703 3338 2742 causa
3365 2702 3563 2758 procu-

1989 2796 2223 2839 ratorem
2247 2825 2262 2850 ,
2295 2785 2372 2838 vel
2408 2798 2508 2854 pro
2559 2783 2645 2839 bis
2691 2782 2872 2836 causis
2911 2778 3283 2851 fidejussorem
3304 2820 3319 2845 ,
3353 2780 3567 2849 episco-

1990 2892 2139 2947 pum,
2172 2877 2254 2931 vel
2286 2890 2648 2941 ceconomum,
2671 2875 2753 2929 vel
2780 2874 2940 2928 alium
2968 2874 3226 2928 clericum
3267 2873 3566 2943 cujuscun-

1990 2982 2096 3037 que
2126 2968 2326 3039 gradus
2353 3007 2368 3033 ,
2400 2966 2483 3020 vel
2525 2965 2847 3021 monachum
2907 2964 3129 3035 proprio
3180 2965 3398 3019 nomine
3423 3004 3440 3026 ,
3482 2967 3566 3017 vel

1992 3058 2269 3125 ecclesiae,
2297 3068 2388 3112 aut
2433 3057 2790 3123 monasterii,
2844 3071 2967 3111 esse
3011 3056 3380 3126 permittimus
3425 3071 3440 3107 :
3497 3072 3568 3111 ne

315 3149 481 3247 ναχὶν
514 3149 632 3243 ίέὶῳ
657 3171 903 3240 ὀνόματι,
941 3167 1099 3239 ἢτῆς
1130 3160 1455 3232 ἐκκλησίας,
1490 3158 1522 3228 ἢ
1572 3155 1668 3208 τοῦ
1692 3246 1695 3247 ν
1717 3168 1885 3247 μονα-

1997 3154 2097 3208 ltoc
2126 3161 2386 3221 prmtextu
2427 3150 2633 3205 sanctis
2666 3162 2883 3219 quoque
2907 3149 3158 3204 domibus
3179 3149 3564 3203 detrimentum

311 3244 558 3339 στηρίου,
586 3262 897 3317 ὑπεισιέναι
926 3257 1342 3329 συγχωροῦμεν,
1383 3252 1472 3305 ἵνα
1524 3249 1599 3319 μὴ
1626 3246 1712 3300 διὰ
1742 3244 1866 3298 ταύ-

310 3378 408 3429 της
440 3357 775 3428 προφάσεως
793 3354 886 3406 καὶ
910 3353 1023 3413 τοῖς
1050 3348 1228 3417 ἁγίοις
1248 3345 1420 3407 οἴκοις
1440 3341 1615 3412 ζημία
1636 3338 1886 3429 γένηται,

311 3425 405 3506 καὶ
444 3425 505 3503 αί
569 3447 715 3501 θεῖαι
770 3443 1069 3515 ὑπηρεσίαι
1112 3437 1541 3511 ὲμποδίζωνται.
1572 3432 1737 3483 Ὥστε
1794 3425 1892 3480 καὶ

314 3543 419 3596 ἀπὸ
447 3540 560 3594 τῶν
590 3538 855 3609 ῥημάτων
911 3534 1120 3587 τούτων
1150 3532 1248 3600 τῆς
1276 3526 1497 3597 Νεαρᾶς
1517 3563 1533 3587 ,
1570 3523 1675 3575 τῶν
1706 3517 1891 3586 λεγόν-

311 3651 421 3688 των
455 3632 532 3703 μὴ
591 3628 843 3699 γίνεσθαι
883 3624 1183 3696 ἱερωμένον
1240 3620 1364 3673 τινὰ
1417 3611 1692 3684 ἐγγυητὴν
1751 3609 1891 3677 ὑπὲρ

266 3778 281 3783 _
314 3726 524 3780 τούτων
554 3723 669 3776 τῶν
696 3721 909 3783 αἰτιῶν,
940 3714 1141 3786 δηλαδὴ
1161 3713 1268 3766 τῶν
1304 3705 1721 3779 διαληφθεισῶν,
1746 3718 1891 3771 παρ·-

316 3819 538 3871 ίσταται
566 3813 749 3876 καλῶς
785 3810 1091 3880 ἐγγυᾶσθαι
1118 3807 1211 3858 τὸν
1235 3802 1497 3873 κληρικὸν
1517 3798 1660 3867 ὑπὲρ
1688 3795 1891 3865 ἑτέρων

317 3909 563 3961 εὐσεὸῶν
593 3903 809 3969 αἰτιιῖιν,
865 3900 1053 3971 ὥσπερ
1101 3898 1197 3951 καὶ
1238 3890 1645 3965 παρεμϐάλλειν
1676 3887 1889 3942 ἑαυτόν.

1996 3244 2280 3307 aﬂ‘cratur,
2311 3253 2365 3297 et
2409 3242 2588 3297 divina
2619 3241 2919 3296 ministeria
2954 3239 3341 3311 impediantur.
3391 3240 3572 3308 Quare

1994 3352 2060 3391 ex
2091 3337 2173 3390 Itis
2204 3350 2416 3404 quoque
2449 3334 2629 3387 verbis
2660 3331 2916 3397 Novella',
2957 3347 3077 3401 quae
3107 3331 3295 3387 dicunt
3336 3348 3441 3387 non
3481 3333 3573 3387 de-

1996 3426 2126 3481 bere
2156 3425 2273 3479 fieri
2316 3434 2587 3479 sacratum
2621 3423 2854 3492 aliquem
2888 3437 2985 3492 pro
3020 3422 3103 3478 his
3131 3425 3314 3477 causis
3354 3421 3569 3491 fideius-

1996 3533 2200 3582 sorem,
2232 3517 2298 3572 iis
2327 3517 2578 3572 videlicet
2600 3531 2719 3586 qua:
2746 3514 3149 3583 comprehensae
3171 3524 3317 3581 sunt,
3349 3516 3572 3585 pulchre

2000 3617 2212 3663 constat
2246 3622 2403 3677 posse
2429 3606 2686 3662 clericum
2718 3622 2815 3675 pro
2844 3607 2964 3661 aliis
3008 3606 3109 3677 piis
3152 3606 3334 3662 causis
3381 3606 3569 3675 fidelu-

2001 3700 2153 3762 bere,
2177 3700 2318 3753 sicut
2335 3698 2494 3753 etiam
2513 3699 2749 3766 seipsum
2772 3696 3037 3767 ingerere.
3066 3695 3171 3769 14
3192 3696 3384 3763 Quaere
3411 3699 3571 3752 etiam

2004 3792 2214 3847 titulum
2246 3792 2444 3846 nouum
2494 3790 2777 3859 praesentis
2825 3790 3008 3859 operis
3033 3832 3047 3857 ,
3080 3806 3199 3861 cap.
3231 3790 3300 3846 54
3334 3802 3390 3847 et
3415 3791 3486 3845 27
3520 3803 3574 3846 et

2003 3901 2121 3955 qua:
2145 3895 2269 3937 sunt
2310 3884 2363 3937 in
2397 3884 2496 3949 eis,
2529 3889 2583 3937 et
2620 3881 2872 3938 Cbalced.
2903 3898 3046 3953 syn.,
3077 3898 3201 3937 cari.
3241 3884 3329 3938 50.

316 4002 480 4071 Ζήτει
531 3999 631 4051 καὶ
678 3996 721 4049 θ’
766 3994 947 4047 τίτλον
987 3991 1081 4045 τοῦ
1140 3987 1407 4058 παρόντος
1458 3985 1858 4051 συντάγματος,
1901 3996 2031 4048 κεφ.
2064 3977 2134 4030 λδ¹
2170 3978 2263 4030 καὶ
2300 3974 2382 4040 κζ’
2415 3975 2510 4028 καὶ
2542 3974 2611 4028 τὰ
2640 3976 2697 4028 ὲν
2721 3976 2927 4041 αὐτοῖς,
2992 3976 3086 4030 καὶ
3147 3979 3206 4029 ὲν
3270 3976 3574 4047 Χαλκηδόνι

318 4096 536 4149 συνόδου
564 4094 767 4147 κανόνα
785 4087 855 4142 λ’.

391 4190 639 4245 ΖΩΝΑΡ.
688 4184 922 4254 Ἐγγύας
979 4199 1062 4245 τις
1123 4180 1339 4234 δίδωσιν
1372 4177 1405 4247 ἦ
1439 4176 1581 4245 ὑπὲρ
1626 4170 1824 4225 ἑαυτοῦ
1860 4170 1894 4239 ἢ

321 4285 464 4355 ὑπὲρ
494 4281 682 4338 ἄλλον.
738 4278 851 4331 Καὶ
884 4278 912 4329 ὁ
948 4275 1087 4345 ὑπὲρ
1118 4273 1278 4329 ἄλλον
1314 4269 1492 4332 διδοὺς
1524 4267 1556 4338 ἢ
1588 4266 1676 4321 διὰ
1706 4263 1898 4355 κέρδος

322 4376 596 4444 ἐγγυᾶται
633 4371 669 4442 ἢ
698 4369 788 4423 διὰ
812 4368 1056 4436 ἀγάπην,
1088 4364 1155 4417 δι’
1186 4366 1251 4435 ἣν
1277 4363 1371 4415 καὶ
1395 4360 1496 4422 τὰς
1524 4358 1707 4427 ψυχὰς
1739 4354 1898 4444 ἡμῶν

2078 4165 2331 4222 ZONAB.
2358 4164 2641 4233 Fidejubet
2673 4163 2865 4231 aliquis
2895 4174 2986 4217 aut
3036 4179 3132 4232 pro
3185 4177 3246 4216 se
3270 4202 3285 4226 ,
3339 4172 3430 4215 aut
3475 4177 3577 4233 pro

2010 4260 2136 4313 alio.
2176 4258 2276 4324 Qui
2303 4271 2428 4310 vero
2459 4270 2557 4323 pro
2580 4253 2685 4308 alio
2718 4254 3086 4324 fidejussorem
3112 4268 3171 4308 se
3198 4263 3418 4321 praestat
3442 4294 3460 4321 ,
3485 4269 3578 4308 aut

2008 4358 2233 4422 propter
2285 4347 2496 4402 lucrum
2549 4342 2845 4414 fidejubet,
2901 4351 2995 4399 aut
3056 4355 3273 4416 propter
3342 4347 3581 4401 cltarlta-

320 4437 537 4522 τιδέναι
573 4437 715 4533 ὑπὲρ
749 4462 857 4513 τῶν
888 4456 1133 4527 ἀδελφῶν
1165 4450 1563 4522 ὲντετάλμεθα.
1584 4448 1659 4502 Τὸ
1684 4448 1782 4517 μὲν
1804 4441 1885 4498 οὖι

2009 4453 2137 4507 tem,
2179 4450 2401 4511 propter
2450 4453 2614 4509 quam
2671 4446 2885 4492 nostras
2930 4438 3167 4507 ipsorum
3225 4437 3434 4492 animas
3482 4453 3580 4508 pro

323 4558 465 4627 ὑπὲρ
501 4555 668 4611 ἄλλου
695 4550 994 4605 ὑποϐαλεῖν
1026 4545 1240 4610 ἑαυτὸν,
1272 4545 1392 4614 ἦτοι
1425 4541 1608 4611 ἔνοχον
1646 4537 1894 4607 ποιῆσαι,

321 4650 397 4713 ὡς
436 4648 603 4718 τυχὸν
657 4643 798 4712 ὑπὲρ
847 4640 1104 4702 τελώνου,
1168 4635 1514 4689 κεκώλυται·
1570 4629 1772 4699 ἀρχαία
1842 4627 1900 4681 δὲ

326 4741 496 4796 κακία
525 4738 590 4791 τὸ
624 4735 879 4790 τελωνεῖν
900 4750 914 4764 ο
946 4730 1179 4785 τελῶναι
1223 4727 1266 4781 δ’
1295 4726 1432 4779 εἰσὶν
1461 4724 1511 4777 οἱ
1534 4723 1630 4786 τὰς
1661 4721 1901 4789 ἀπαιτή-

328 4848 440 4893 σεις
474 4825 783 4896 ὠνούμενοι
813 4824 920 4876 τῶν
969 4820 1249 4891 δημοσίων
1297 4813 1637 4870 συντελειῶν.
1674 4813 1736 4865 Oi
1771 4811 1902 4880 γοῦν

326 4920 584 4981 τοιοῦτοι,
622 4917 672 4970 εί
706 4916 783 4987 μὴ
822 4916 1068 4985 φανερᾶς
1105 4908 1434 4980 εὐποροῦσιν
1461 4905 1673 4972 οὐσίας,
1693 4902 1902 4972 ἐγγύας

331 5012 709 5073 ἀπαιτοῦνται,
761 5010 857 5061 καὶ
891 5004 1199 5077 παράγουσί
1250 5018 1401 5063 τινας
1429 4997 1783 5059 ὑποτιθέντας
1831 4994 1899 5049 δι’

334 5105 575 5166 ἐκείνους
614 5102 683 5154 τὰ
712 5097 957 5152 ἑαυτῶν·
1013 5095 1173 5148 τοῦτο
1226 5091 1408 5145 τοίνυν
1442 5091 1536 5144 καὶ
1585 5089 1686 5141 ὅσα
1724 5085 1902 5141 τούτω

2004 4535 2265 4589 fratribus
2329 4546 2530 4601 ponere
2602 4528 2875 4599 iubemur.
2953 4527 3201 4597 Seipsum
3250 4529 3411 4600 igitur
3478 4543 3580 4599 pro

1998 4624 2104 4679 alio
2154 4621 2422 4691 subjicere
2477 4616 2788 4687 obligatioui
2816 4656 2831 4680 ,
2878 4616 2993 4671 sive
3040 4612 3332 4671 obnoxium
3388 4632 3447 4673 se
3495 4617 3578 4670 fa-

1999 4730 2142 4782 cere,
2202 4723 2260 4767 ut
2307 4713 2444 4767 forte
2503 4724 2601 4778 pro
2646 4707 2953 4779 publicano,
2992 4717 3226 4763 velatur.
3283 4709 3574 4778 Antiquum

2000 4809 2266 4879 siquidem
2294 4813 2376 4861 est
2416 4804 2639 4865 malum,
2676 4802 3025 4869 publicanum
3078 4816 3257 4872 agere.
3295 4799 3577 4857 Publicaui

2000 4915 2127 4957 vero
2162 4907 2329 4961 sunt,
2386 4896 2478 4965 qui
2536 4893 2873 4965 publicorum
2934 4893 3257 4947 tributorum
3309 4893 3575 4948 redimunt

2006 4993 2339 5049 exactiones.
2375 4990 2417 5041 Α
2455 4986 2652 5040 talibus
2679 4999 2807 5054 ergo
2834 5022 2848 5048 ,
2878 4984 2923 5039 si
2954 4981 3254 5038 manifestis
3278 4997 3383 5037 non
3411 4984 3578 5039 abun.

2014 5089 2143 5142 dent
2173 5082 2538 5137 facultatibus.
2572 5078 2915 5149 fideiussores
2955 5077 3245 5148 exiguntur
3269 5117 3285 5144 ,
3334 5088 3390 5133 et
3439 5093 3580 5140 non.

1572 5230 1765 5292 Guill.
1796 5228 2119 5308 Beveregii
2162 5241 2351 5289 noue.

335 5364 535 5425 νετέος.
566 5358 1068 5429 Βετιηθηονηουίι.
1097 5372 1217 5429 ean.
1249 5365 1384 5429 sect.
1419 5355 1475 5413 5.
1505 5353 1682 5429 tit.‘2.
1710 5350 1917 5429 Egber-

340 5445 430 5488 tus
466 5420 868 5490 Eboracensis,—
909 5420 985 5481 Ui
1010 5427 1142 5479 nulli
1181 5428 1520 5479 sacerdotum
1576 5424 1727 5475 liceat
1780 5420 1915 5491 ﬁdei.-

327 5505 588 5574 juuorem
622 5518 753 5574 esse,
782 5489 1146 5574 neqitepreftctc
1174 5496 1391 5565 propria
1415 5491 1616 5574 ἰδρεμά
1636 5489 1923 5573 argentariis,

337 5562 536 5627 iudicia
569 5562 835 5635 accedere,
857 5562 1086 5635 Egbert.
1124 5562 1183 5619 in
1206 5562 1450 5633 excerpt.
1487 5562 1629 5615 idem
1682 5563 1911 5635 innuere

335 5645 555 5697 videtur
600 5653 654 5696 et
703 5629 994 5702 Dionysius
1043 5634 1312 5702 Exiguus,
1345 5629 1432 5700 qui
1468 5645 1732 5702 canonem
1764 5629 1911 5683 hunc

334 5714 415 5767 sic
477 5710 779 5775 transfert,
841 5700 1074 5762 Clericus
1129 5700 1563 5774 ﬁdejussiouibus
1625 5701 1908 5775 insaniens

330 5783 651 5853 adjiciatur.
685 5769 792 5836 Sed
823 5778 1089 5847 Josepltus
1119 5769 1403 5847 Esvptius
1432 5784 1696 5828 cntionem
1752 5769 1910 5825 aliter

2022 5353 2451 5421 interpretatur:
2489 5347 2801 5421 Quicunque
2861 5362 2889 5421 ᾳ
2924 5345 3284 5421 sacerdotibus
3320 5348 3582 5421 hominem

2019 5438 2116 5489 pro
2172 5417 2227 5472 se
2261 5417 2634 5489 =ﬁdejusso'rem
2702 5418 2927 5489 dederit,
2976 5428 3067 5469 aut
3112 5417 3239 5489 ipse
3278 5434 3334 5471 se
3381 5417 3581 5472 dederit

2016 5486 2381 5559 ﬁdejuuarem
2411 5504 2507 5555 pro
2537 5487 2668 5559 alio,
2690 5489 2766 5559 vel
2787 5486 3047 5559 hominegt
3067 5488 3272 5558 pignori
3300 5490 3581 5559 acceperit.

2014 5555 2451 5630 quemadmodum
2482 5558 2649 5630 ceteri
2692 5557 2922 5630 faciunt,
2974 5555 3217 5612 Ecclesia
3265 5555 3578 5625 expellatur.

2013 5628 2165 5684 Adeo
2201 5637 2258 5681 ut
2305 5628 2371 5681 de
2396 5628 2629 5691 clericis,
2657 5629 2747 5695 qui
2791 5628 2927 5681 alios
2958 5643 3055 5696 pro
3089 5643 3170 5692 se,
3218 5643 3369 5697 teque
3408 5642 3472 5680 ac
3520 5629 3584 5681 iis

2011 5701 2101 5769 qui
2131 5714 2189 5753 se
2225 5712 2322 5764 pro
2362 5697 2479 5751 aliis
2507 5711 2795 5766 sponsores
2822 5698 3087 5765 dederint,
3139 5712 3400 5755 rationem
3439 5697 3587 5751 hunc

2009 5779 2263 5839 exponat.
