  <div class='ocr_page' id='page_1' title='image "/cluster/home/n/w/nwhite01/storage/ocr_20150623/137/hvd.32044073502536/049.png"; bbox 0 0 4042 6214; ppageno 0'>
   <div class='ocr_carea' id='block_1_1' title="bbox 468 347 3715 427">
    <p class='ocr_par' dir='ltr' id='par_1_1' title="bbox 468 347 3715 427">
     <span class='ocr_line' id='line_1_1' title="bbox 468 347 3715 427; baseline 0.005 -17"><span class='ocrx_word' id='word_1_1' title='bbox 468 347 535 410; x_wconf 70' lang='grc'><strong>79</strong></span> <span class='ocrx_word' id='word_1_2' title='bbox 1723 355 1999 424; x_wconf 82' lang='lat' dir='ltr'><strong>THEOD.</strong></span> <span class='ocrx_word' id='word_1_3' title='bbox 2023 359 2414 422; x_wconf 71' lang='lat' dir='ltr'><strong>BALSAMUN</strong></span> <span class='ocrx_word' id='word_1_4' title='bbox 3643 364 3715 427; x_wconf 85' lang='lat'><strong>80</strong></span> 
     </span>
    </p>
   </div>
   <div class='ocr_carea' id='block_1_2' title="bbox 471 460 2014 547">
    <p class='ocr_par' dir='ltr' id='par_1_2' title="bbox 471 460 2014 537">
     <span class='ocr_line' id='line_1_2' title="bbox 471 460 2014 537; baseline 0.004 -21"><span class='ocrx_word' id='word_1_5' title='bbox 471 461 646 517; x_wconf 84' lang='lat' dir='ltr'><strong>nullos</strong></span> <span class='ocrx_word' id='word_1_6' title='bbox 675 460 972 526; x_wconf 78' lang='lat' dir='ltr'><strong>adducunt.</strong></span> <span class='ocrx_word' id='word_1_7' title='bbox 1008 463 1097 532; x_wconf 85' lang='lat' dir='ltr'><strong>qui</strong></span> <span class='ocrx_word' id='word_1_8' title='bbox 1127 463 1263 518; x_wconf 85' lang='lat' dir='ltr'><strong>bona</strong></span> <span class='ocrx_word' id='word_1_9' title='bbox 1295 478 1389 518; x_wconf 87' lang='lat' dir='ltr'><strong>sua</strong></span> <span class='ocrx_word' id='word_1_10' title='bbox 1415 473 1635 535; x_wconf 82' lang='lat' dir='ltr'><strong>propter</strong></span> <span class='ocrx_word' id='word_1_11' title='bbox 1655 479 1749 520; x_wconf 84' lang='lat' dir='ltr'><strong>eos</strong></span> <span class='ocrx_word' id='word_1_12' title='bbox 1775 469 2014 537; x_wconf 68' lang='grc' dir='ltr'>ομιιῑςηοι</span> 
     </span>
    </p>
   </div>
   <div class='ocr_carea' id='block_1_3' title="bbox 2116 460 3716 547">
    <p class='ocr_par' dir='ltr' id='par_1_3' title="bbox 2135 471 3716 547">
     <span class='ocr_line' id='line_1_3' title="bbox 2135 471 3716 547; baseline 0.006 -25"><span class='ocrx_word' id='word_1_13' title='bbox 2135 471 2400 538; x_wconf 76' lang='grc' dir='ltr'>ἐοίκασιν,</span> <span class='ocrx_word' id='word_1_14' title='bbox 2433 475 2809 545; x_wconf 72' lang='grc' dir='ltr'><strong>ἀπηγόρευται</strong></span> <span class='ocrx_word' id='word_1_15' title='bbox 2838 478 2949 539; x_wconf 82' lang='grc' dir='ltr'>τοῖς</span> <span class='ocrx_word' id='word_1_16' title='bbox 2989 475 3308 547; x_wconf 73' lang='grc' dir='ltr'>κλήρικοῖς·</span> <span class='ocrx_word' id='word_1_17' title='bbox 3345 477 3433 528; x_wconf 86' lang='grc' dir='ltr'>ἵνα</span> <span class='ocrx_word' id='word_1_18' title='bbox 3461 476 3538 546; x_wconf 78' lang='grc' dir='ltr'>μὴ</span> <span class='ocrx_word' id='word_1_19' title='bbox 3576 479 3716 532; x_wconf 82' lang='grc' dir='ltr'>ἐαυ-</span> 
     </span>
    </p>
   </div>
   <div class='ocr_carea' id='block_1_4' title="bbox 468 554 2014 638">
    <p class='ocr_par' dir='ltr' id='par_1_4' title="bbox 468 554 2014 626">
     <span class='ocr_line' id='line_1_4' title="bbox 468 554 2014 626; baseline 0 -16"><span class='ocrx_word' id='word_1_20' title='bbox 468 566 606 611; x_wconf 78' lang='lat' dir='ltr'><strong>rant.</strong></span> <span class='ocrx_word' id='word_1_21' title='bbox 635 554 747 610; x_wconf 89' lang='lat' dir='ltr'><strong>Iloe</strong></span> <span class='ocrx_word' id='word_1_22' title='bbox 765 555 1031 626; x_wconf 63' lang='grc' dir='ltr'>ίείιυενσι</span> <span class='ocrx_word' id='word_1_23' title='bbox 1057 571 1173 624; x_wconf 84' lang='lat' dir='ltr'><strong>quac</strong></span> <span class='ocrx_word' id='word_1_24' title='bbox 1192 569 1313 612; x_wconf 85' lang='lat' dir='ltr'><strong>sunt</strong></span> <span class='ocrx_word' id='word_1_25' title='bbox 1333 557 1458 612; x_wconf 87' lang='lat' dir='ltr'><strong>huic</strong></span> <span class='ocrx_word' id='word_1_26' title='bbox 1473 556 1688 624; x_wconf 79' lang='lat' dir='ltr'><strong>similia,</strong></span> <span class='ocrx_word' id='word_1_27' title='bbox 1705 560 1923 626; x_wconf 58' lang='lat' dir='ltr'><strong>prohibt</strong></span> <span class='ocrx_word' id='word_1_28' title='bbox 1949 571 2014 613; x_wconf 69' lang='lat' dir='ltr'><strong>tu:</strong></span> 
     </span>
    </p>
   </div>
   <div class='ocr_carea' id='block_1_5' title="bbox 2116 554 3708 638">
    <p class='ocr_par' dir='ltr' id='par_1_5' title="bbox 2135 565 3708 638">
     <span class='ocr_line' id='line_1_5' title="bbox 2135 565 3708 638; baseline 0.003 -22"><span class='ocrx_word' id='word_1_29' title='bbox 2135 566 2264 627; x_wconf 73' lang='grc' dir='ltr'>τοὺς</span> <span class='ocrx_word' id='word_1_30' title='bbox 2298 565 2444 635; x_wconf 71' lang='grc' dir='ltr'>ὔχλῳ</span> <span class='ocrx_word' id='word_1_31' title='bbox 2471 567 2816 636; x_wconf 74' lang='grc' dir='ltr'><strong>πραγμάτων</strong></span> <span class='ocrx_word' id='word_1_32' title='bbox 2835 569 2929 620; x_wconf 81' lang='grc' dir='ltr'>καὶ</span> <span class='ocrx_word' id='word_1_33' title='bbox 2954 568 3252 636; x_wconf 83' lang='grc' dir='ltr'>ἐλκυσμοῖς</span> <span class='ocrx_word' id='word_1_34' title='bbox 3279 568 3708 638; x_wconf 76' lang='grc' dir='ltr'>παρεμϐάλωσι,</span> 
     </span>
    </p>
   </div>
   <div class='ocr_carea' id='block_1_6' title="bbox 465 649 2014 732">
    <p class='ocr_par' dir='ltr' id='par_1_6' title="bbox 465 649 2014 718">
     <span class='ocr_line' id='line_1_6' title="bbox 465 649 2014 718; baseline 0.003 -19"><span class='ocrx_word' id='word_1_35' title='bbox 465 649 692 709; x_wconf 77' lang='lat' dir='ltr'><strong>ileticis,</strong></span> <span class='ocrx_word' id='word_1_36' title='bbox 725 663 792 702; x_wconf 90' lang='lat' dir='ltr'><strong>ue</strong></span> <span class='ocrx_word' id='word_1_37' title='bbox 825 663 882 704; x_wconf 82' lang='lat' dir='ltr'><strong>se</strong></span> <span class='ocrx_word' id='word_1_38' title='bbox 909 649 1240 718; x_wconf 75' lang='lat' dir='ltr'><strong>negotiorum</strong></span> <span class='ocrx_word' id='word_1_39' title='bbox 1286 649 1548 704; x_wconf 89' lang='lat' dir='ltr'><strong>molestiis</strong></span> <span class='ocrx_word' id='word_1_40' title='bbox 1573 689 1589 714; x_wconf 91' lang='lat'><strong>,</strong></span> <span class='ocrx_word' id='word_1_41' title='bbox 1631 657 1685 703; x_wconf 90' lang='lat' dir='ltr'><strong>et</strong></span> <span class='ocrx_word' id='word_1_42' title='bbox 1729 651 2014 704; x_wconf 83' lang='lat' dir='ltr'><strong>actionihm</strong></span> 
     </span>
    </p>
   </div>
   <div class='ocr_carea' id='block_1_7' title="bbox 2116 649 3713 732">
    <p class='ocr_par' dir='ltr' id='par_1_7' title="bbox 2135 655 3713 732">
     <span class='ocr_line' id='line_1_7' title="bbox 2135 655 3713 732; baseline 0.007 -26"><span class='ocrx_word' id='word_1_43' title='bbox 2135 655 2232 706; x_wconf 79' lang='grc' dir='ltr'>καὶ</span> <span class='ocrx_word' id='word_1_44' title='bbox 2258 656 2544 724; x_wconf 85' lang='grc' dir='ltr'>ἐπηρείαις</span> <span class='ocrx_word' id='word_1_45' title='bbox 2579 661 2925 728; x_wconf 87' lang='grc' dir='ltr'>σεκρετικαῖς</span> <span class='ocrx_word' id='word_1_46' title='bbox 2949 673 2961 686; x_wconf 94' lang='grc'><strong>·</strong></span> <span class='ocrx_word' id='word_1_47' title='bbox 2998 659 3401 713; x_wconf 83' lang='grc' dir='ltr'>ὑποπτεύονται</span> <span class='ocrx_word' id='word_1_48' title='bbox 3451 659 3563 732; x_wconf 77' lang='grc' dir='ltr'><strong>γὰρ</strong></span> <span class='ocrx_word' id='word_1_49' title='bbox 3617 661 3713 719; x_wconf 80' lang='grc' dir='ltr'>διὰ</span> 
     </span>
    </p>
   </div>
   <div class='ocr_carea' id='block_1_8' title="bbox 467 737 2014 822">
    <p class='ocr_par' dir='ltr' id='par_1_8' title="bbox 467 737 2014 809">
     <span class='ocr_line' id='line_1_8' title="bbox 467 737 2014 809; baseline 0.002 -17"><span class='ocrx_word' id='word_1_50' title='bbox 467 741 810 806; x_wconf 87' lang='lat' dir='ltr'><strong>interponant</strong></span> <span class='ocrx_word' id='word_1_51' title='bbox 834 738 1201 808; x_wconf 83' lang='lat' dir='ltr'><strong>judicialihus.</strong></span> <span class='ocrx_word' id='word_1_52' title='bbox 1228 737 1478 806; x_wconf 85' lang='lat' dir='ltr'><strong>Suspicio</strong></span> <span class='ocrx_word' id='word_1_53' title='bbox 1509 743 1741 807; x_wconf 80' lang='lat' dir='ltr'><strong>namque</strong></span> <span class='ocrx_word' id='word_1_54' title='bbox 1764 749 1864 804; x_wconf 89' lang='lat' dir='ltr'><strong>est,</strong></span> <span class='ocrx_word' id='word_1_55' title='bbox 1889 755 2014 809; x_wconf 75' lang='lat' dir='ltr'><strong>qum</strong></span> 
     </span>
    </p>
   </div>
   <div class='ocr_carea' id='block_1_9' title="bbox 2116 737 3709 822">
    <p class='ocr_par' dir='ltr' id='par_1_9' title="bbox 2133 747 3709 822">
     <span class='ocr_line' id='line_1_9' title="bbox 2133 747 3709 822; baseline 0.006 -24"><span class='ocrx_word' id='word_1_56' title='bbox 2133 747 2324 818; x_wconf 82' lang='grc' dir='ltr'>κέρδος</span> <span class='ocrx_word' id='word_1_57' title='bbox 2363 749 2589 820; x_wconf 28' lang='grc' dir='ltr'>τούτων.</span> <span class='ocrx_word' id='word_1_58' title='bbox 2618 751 2947 820; x_wconf 72' lang='grc' dir='ltr'>ἀνέχεσθαιο</span> <span class='ocrx_word' id='word_1_59' title='bbox 2997 752 3414 822; x_wconf 74' lang='grc' dir='ltr'><strong>αἰσχροκερδεῖς</strong></span> <span class='ocrx_word' id='word_1_60' title='bbox 3470 752 3528 806; x_wconf 87' lang='grc' dir='ltr'>δὲ</span> <span class='ocrx_word' id='word_1_61' title='bbox 3577 754 3709 815; x_wconf 68' lang='grc' dir='ltr'>τοὺς</span> 
     </span>
    </p>
   </div>
   <div class='ocr_carea' id='block_1_10' title="bbox 465 825 2014 914">
    <p class='ocr_par' dir='ltr' id='par_1_10' title="bbox 465 825 2006 898">
     <span class='ocr_line' id='line_1_10' title="bbox 465 825 2006 898; baseline 0.001 -18"><span class='ocrx_word' id='word_1_62' title='bbox 465 829 566 882; x_wconf 87' lang='lat' dir='ltr'><strong>ista</strong></span> <span class='ocrx_word' id='word_1_63' title='bbox 599 839 816 898; x_wconf 90' lang='lat' dir='ltr'><strong>propter</strong></span> <span class='ocrx_word' id='word_1_64' title='bbox 850 827 1059 881; x_wconf 90' lang='lat' dir='ltr'><strong>lucrum</strong></span> <span class='ocrx_word' id='word_1_65' title='bbox 1094 825 1302 891; x_wconf 79' lang='lat' dir='ltr'><strong>ferant,</strong></span> <span class='ocrx_word' id='word_1_66' title='bbox 1331 827 1559 881; x_wconf 89' lang='lat' dir='ltr'><strong>clericos</strong></span> <span class='ocrx_word' id='word_1_67' title='bbox 1595 837 1776 882; x_wconf 88' lang='lat' dir='ltr'><strong>autem</strong></span> <span class='ocrx_word' id='word_1_68' title='bbox 1810 829 2006 884; x_wconf 89' lang='lat' dir='ltr'><strong>dedcce</strong></span> 
     </span>
    </p>
   </div>
   <div class='ocr_carea' id='block_1_11' title="bbox 2116 825 3709 914">
    <p class='ocr_par' dir='ltr' id='par_1_11' title="bbox 2133 835 3709 914">
     <span class='ocr_line' id='line_1_11' title="bbox 2133 835 3709 914; baseline 0.006 -26"><span class='ocrx_word' id='word_1_69' title='bbox 2133 837 2430 908; x_wconf 78' lang='grc' dir='ltr'>κληρικοὺς</span> <span class='ocrx_word' id='word_1_70' title='bbox 2459 835 2596 893; x_wconf 77' lang='grc' dir='ltr'>εἶναι</span> <span class='ocrx_word' id='word_1_71' title='bbox 2625 842 2684 893; x_wconf 86' lang='grc' dir='ltr'>οὐ</span> <span class='ocrx_word' id='word_1_72' title='bbox 2713 841 2796 894; x_wconf 76' lang='grc' dir='ltr'><strong>δεῖ</strong></span> <span class='ocrx_word' id='word_1_73' title='bbox 2816 857 2830 872; x_wconf 90' lang='grc'><strong>·</strong></span> <span class='ocrx_word' id='word_1_74' title='bbox 2875 843 2946 894; x_wconf 91' lang='grc' dir='ltr'><strong>δι’</strong></span> <span class='ocrx_word' id='word_1_75' title='bbox 2979 843 3007 894; x_wconf 79' lang='grc' dir='ltr'><strong>ὃ</strong></span> <span class='ocrx_word' id='word_1_76' title='bbox 3036 846 3131 896; x_wconf 76' lang='grc' dir='ltr'>καὶ</span> <span class='ocrx_word' id='word_1_77' title='bbox 3157 845 3190 912; x_wconf 90' lang='grc' dir='ltr'><strong>ή</strong></span> <span class='ocrx_word' id='word_1_78' title='bbox 3222 843 3549 914; x_wconf 81' lang='grc' dir='ltr'><strong>καθαίρεσις</strong></span> <span class='ocrx_word' id='word_1_79' title='bbox 3577 845 3709 897; x_wconf 81' lang='grc' dir='ltr'>τού-</span> 
     </span>
    </p>
   </div>
   <div class='ocr_carea' id='block_1_12' title="bbox 464 914 2014 1004">
    <p class='ocr_par' dir='ltr' id='par_1_12' title="bbox 464 914 2014 985">
     <span class='ocr_line' id='line_1_12' title="bbox 464 914 2014 985; baseline 0 -15"><span class='ocrx_word' id='word_1_80' title='bbox 464 932 584 970; x_wconf 87' lang='lat' dir='ltr'><strong>esse</strong></span> <span class='ocrx_word' id='word_1_81' title='bbox 617 916 785 984; x_wconf 86' lang='lat' dir='ltr'><strong>turpis</strong></span> <span class='ocrx_word' id='word_1_82' title='bbox 819 915 949 969; x_wconf 91' lang='lat' dir='ltr'><strong>lucri</strong></span> <span class='ocrx_word' id='word_1_83' title='bbox 1013 915 1254 983; x_wconf 87' lang='lat' dir='ltr'><strong>cupidos.</strong></span> <span class='ocrx_word' id='word_1_84' title='bbox 1313 914 1604 984; x_wconf 78' lang='lat' dir='ltr'><strong>Propterea</strong></span> <span class='ocrx_word' id='word_1_85' title='bbox 1677 917 2014 985; x_wconf 76' lang='lat' dir='ltr'><strong>depositionis</strong></span> 
     </span>
    </p>
   </div>
   <div class='ocr_carea' id='block_1_13' title="bbox 2116 914 3707 1004">
    <p class='ocr_par' dir='ltr' id='par_1_13' title="bbox 2130 932 3707 1004">
     <span class='ocr_line' id='line_1_13' title="bbox 2130 932 3707 1004; baseline 0.005 -22"><span class='ocrx_word' id='word_1_86' title='bbox 2130 947 2243 992; x_wconf 89' lang='grc' dir='ltr'>τοις</span> <span class='ocrx_word' id='word_1_87' title='bbox 2295 932 2580 999; x_wconf 75' lang='grc' dir='ltr'>ἐπάγεται.</span> <span class='ocrx_word' id='word_1_88' title='bbox 2641 933 2701 985; x_wconf 79' lang='lat' dir='ltr'><strong>Ei</strong></span> <span class='ocrx_word' id='word_1_89' title='bbox 2745 934 2801 986; x_wconf 81' lang='grc' dir='ltr'>δὲ</span> <span class='ocrx_word' id='word_1_90' title='bbox 2848 934 3000 1004; x_wconf 77' lang='grc' dir='ltr'>παρά</span> <span class='ocrx_word' id='word_1_91' title='bbox 3051 952 3196 997; x_wconf 84' lang='grc' dir='ltr'>τινος</span> <span class='ocrx_word' id='word_1_92' title='bbox 3253 935 3386 998; x_wconf 78' lang='grc' dir='ltr'>ἴσως</span> <span class='ocrx_word' id='word_1_93' title='bbox 3436 937 3707 1004; x_wconf 71' lang='grc' dir='ltr'>κληρικὶς</span> 
     </span>
    </p>
   </div>
   <div class='ocr_carea' id='block_1_14' title="bbox 465 1001 2014 1098">
    <p class='ocr_par' dir='ltr' id='par_1_14' title="bbox 465 1001 2014 1071">
     <span class='ocr_line' id='line_1_14' title="bbox 465 1001 2014 1071; baseline 0.003 -17"><span class='ocrx_word' id='word_1_94' title='bbox 465 1020 622 1071; x_wconf 76' lang='grc' dir='ltr'>ρσνηςι</span> <span class='ocrx_word' id='word_1_95' title='bbox 668 1005 862 1058; x_wconf 83' lang='lat' dir='ltr'><strong>talibus</strong></span> <span class='ocrx_word' id='word_1_96' title='bbox 895 1001 1170 1071; x_wconf 80' lang='lat' dir='ltr'><strong>inﬂigitur.</strong></span> <span class='ocrx_word' id='word_1_97' title='bbox 1203 1003 1354 1069; x_wconf 83' lang='lat' dir='ltr'><strong>Quod</strong></span> <span class='ocrx_word' id='word_1_98' title='bbox 1395 1005 1440 1060; x_wconf 87' lang='lat' dir='ltr'><strong>si</strong></span> <span class='ocrx_word' id='word_1_99' title='bbox 1507 1005 1642 1060; x_wconf 81' lang='lat' dir='ltr'><strong>forte</strong></span> <span class='ocrx_word' id='word_1_100' title='bbox 1697 1006 1925 1062; x_wconf 87' lang='lat' dir='ltr'><strong>clericus</strong></span> <span class='ocrx_word' id='word_1_101' title='bbox 1962 1008 2014 1060; x_wconf 88' lang='lat' dir='ltr'><strong>ai</strong></span> 
     </span>
    </p>
   </div>
   <div class='ocr_carea' id='block_1_15' title="bbox 2116 1001 3705 1098">
    <p class='ocr_par' dir='ltr' id='par_1_15' title="bbox 2131 1001 3705 1098">
     <span class='ocr_line' id='line_1_15' title="bbox 2131 1001 3705 1098; baseline 0.005 -27"><span class='ocrx_word' id='word_1_102' title='bbox 2131 1022 2461 1090; x_wconf 78' lang='grc' dir='ltr'>ἐναγὸμενος</span> <span class='ocrx_word' id='word_1_103' title='bbox 2486 1024 2588 1092; x_wconf 82' lang='grc' dir='ltr'>τῆς</span> <span class='ocrx_word' id='word_1_104' title='bbox 2614 1025 2695 1086; x_wconf 79' lang='grc' dir='ltr'><strong>είς</strong></span> <span class='ocrx_word' id='word_1_105' title='bbox 2722 1024 2781 1076; x_wconf 83' lang='grc' dir='ltr'>τὸ</span> <span class='ocrx_word' id='word_1_106' title='bbox 2805 1001 3164 1096; x_wconf 81' lang='grc' dir='ltr'>δικαστήριον</span> <span class='ocrx_word' id='word_1_107' title='bbox 3186 1001 3705 1098; x_wconf 35' lang='grc' dir='ltr'>προσεδρίας-χάριν</span> 
     </span>
    </p>
   </div>
   <div class='ocr_carea' id='block_1_16' title="bbox 462 1093 2014 1189">
    <p class='ocr_par' dir='ltr' id='par_1_16' title="bbox 462 1093 2014 1164">
     <span class='ocr_line' id='line_1_16' title="bbox 462 1093 2014 1164; baseline 0.003 -18"><span class='ocrx_word' id='word_1_108' title='bbox 462 1097 643 1164; x_wconf 75' lang='lat' dir='ltr'><strong>aliquo</strong></span> <span class='ocrx_word' id='word_1_109' title='bbox 689 1103 892 1148; x_wconf 89' lang='lat' dir='ltr'><strong>tractus</strong></span> <span class='ocrx_word' id='word_1_110' title='bbox 947 1095 1010 1147; x_wconf 89' lang='lat' dir='ltr'><strong>ad</strong></span> <span class='ocrx_word' id='word_1_111' title='bbox 1036 1093 1300 1162; x_wconf 76' lang='lat' dir='ltr'><strong>judicium</strong></span> <span class='ocrx_word' id='word_1_112' title='bbox 1330 1134 1345 1156; x_wconf 85' lang='lat'><strong>,</strong></span> <span class='ocrx_word' id='word_1_113' title='bbox 1381 1095 1647 1151; x_wconf 85' lang='lat' dir='ltr'><strong>satisdare</strong></span> <span class='ocrx_word' id='word_1_114' title='bbox 1703 1095 1907 1163; x_wconf 83' lang='lat' dir='ltr'><strong>judicio</strong></span> <span class='ocrx_word' id='word_1_115' title='bbox 1953 1099 2014 1152; x_wconf 87' lang='lat' dir='ltr'><strong>si-</strong></span> 
     </span>
    </p>
   </div>
   <div class='ocr_carea' id='block_1_17' title="bbox 2116 1093 3702 1189">
    <p class='ocr_par' dir='ltr' id='par_1_17' title="bbox 2139 1093 3702 1189">
     <span class='ocr_line' id='line_1_17' title="bbox 2139 1093 3702 1189; baseline 0.006 -25"><span class='ocrx_word' id='word_1_116' title='bbox 2139 1114 2342 1180; x_wconf 80' lang='grc' dir='ltr'><strong>ἐγγύας</strong></span> <span class='ocrx_word' id='word_1_117' title='bbox 2396 1115 2734 1178; x_wconf 83' lang='grc' dir='ltr'>ἀπαιτεῖται,</span> <span class='ocrx_word' id='word_1_118' title='bbox 2791 1117 2967 1181; x_wconf 78' lang='grc' dir='ltr'>διδοὺς</span> <span class='ocrx_word' id='word_1_119' title='bbox 3017 1093 3328 1181; x_wconf 35' lang='grc' dir='ltr'>ταύτας-οὐ</span> <span class='ocrx_word' id='word_1_120' title='bbox 3364 1093 3702 1189; x_wconf 57' lang='grc' dir='ltr'>βλαϐήσεται</span> 
     </span>
    </p>
   </div>
   <div class='ocr_carea' id='block_1_18' title="bbox 461 1184 2028 1254">
    <p class='ocr_par' dir='ltr' id='par_1_18' title="bbox 461 1184 2028 1254">
     <span class='ocr_line' id='line_1_18' title="bbox 461 1184 2028 1254; baseline 0.001 -15"><span class='ocrx_word' id='word_1_121' title='bbox 461 1187 632 1240; x_wconf 81' lang='lat' dir='ltr'><strong>szendi</strong></span> <span class='ocrx_word' id='word_1_122' title='bbox 669 1199 827 1239; x_wconf 86' lang='lat' dir='ltr'><strong>causa</strong></span> <span class='ocrx_word' id='word_1_123' title='bbox 852 1195 1094 1254; x_wconf 83' lang='lat' dir='ltr'><strong>cogatur,</strong></span> <span class='ocrx_word' id='word_1_124' title='bbox 1124 1184 1429 1240; x_wconf 86' lang='lat' dir='ltr'><strong>istiusmodi</strong></span> <span class='ocrx_word' id='word_1_125' title='bbox 1460 1187 1842 1243; x_wconf 84' lang='lat' dir='ltr'><strong>satisdationes</strong></span> <span class='ocrx_word' id='word_1_126' title='bbox 1892 1202 2028 1254; x_wconf 76' lang='lat' dir='ltr'><strong>prae-</strong></span> 
     </span>
    </p>
   </div>
   <div class='ocr_carea' id='block_1_19' title="bbox 461 1276 2029 1347">
    <p class='ocr_par' dir='ltr' id='par_1_19' title="bbox 461 1276 2029 1347">
     <span class='ocr_line' id='line_1_19' title="bbox 461 1276 2029 1347; baseline 0 -15"><span class='ocrx_word' id='word_1_127' title='bbox 461 1289 610 1332; x_wconf 78' lang='lat' dir='ltr'><strong>sians</strong></span> <span class='ocrx_word' id='word_1_128' title='bbox 632 1285 773 1328; x_wconf 88' lang='lat' dir='ltr'><strong>statu</strong></span> <span class='ocrx_word' id='word_1_129' title='bbox 802 1290 901 1330; x_wconf 93' lang='lat' dir='ltr'><strong>suo</strong></span> <span class='ocrx_word' id='word_1_130' title='bbox 935 1291 1038 1330; x_wconf 90' lang='lat' dir='ltr'><strong>non</strong></span> <span class='ocrx_word' id='word_1_131' title='bbox 1062 1276 1266 1330; x_wconf 88' lang='lat' dir='ltr'><strong>idcirco</strong></span> <span class='ocrx_word' id='word_1_132' title='bbox 1309 1277 1650 1332; x_wconf 84' lang='lat' dir='ltr'><strong>multabitur.</strong></span> <span class='ocrx_word' id='word_1_133' title='bbox 1678 1277 2029 1347; x_wconf 83' lang='lat' dir='ltr'><strong>Quandoqui-</strong></span> 
     </span>
    </p>
   </div>
   <div class='ocr_carea' id='block_1_20' title="bbox 460 1367 2025 1437">
    <p class='ocr_par' dir='ltr' id='par_1_20' title="bbox 460 1367 2025 1437">
     <span class='ocr_line' id='line_1_20' title="bbox 460 1367 2025 1437; baseline 0.003 -19"><span class='ocrx_word' id='word_1_134' title='bbox 460 1371 577 1421; x_wconf 74' lang='lat' dir='ltr'><strong>tiem</strong></span> <span class='ocrx_word' id='word_1_135' title='bbox 607 1368 864 1435; x_wconf 82' lang='lat' dir='ltr'><strong>comperti</strong></span> <span class='ocrx_word' id='word_1_136' title='bbox 907 1377 1033 1422; x_wconf 89' lang='lat' dir='ltr'><strong>sunt</strong></span> <span class='ocrx_word' id='word_1_137' title='bbox 1081 1367 1134 1419; x_wconf 89' lang='lat' dir='ltr'><strong>iu</strong></span> <span class='ocrx_word' id='word_1_138' title='bbox 1183 1368 1512 1427; x_wconf 70' lang='lat' dir='ltr'><strong>mcuruenica</strong></span> <span class='ocrx_word' id='word_1_139' title='bbox 1575 1369 1778 1437; x_wconf 84' lang='lat' dir='ltr'><strong>synodo</strong></span> <span class='ocrx_word' id='word_1_140' title='bbox 1834 1378 2025 1437; x_wconf 88' lang='lat' dir='ltr'><strong>quarta</strong></span> 
     </span>
    </p>
   </div>
   <div class='ocr_carea' id='block_1_21' title="bbox 459 1458 2023 1528">
    <p class='ocr_par' dir='ltr' id='par_1_21' title="bbox 459 1458 2023 1528">
     <span class='ocr_line' id='line_1_21' title="bbox 459 1458 2023 1528; baseline -0.001 -15"><span class='ocrx_word' id='word_1_141' title='bbox 459 1459 769 1528; x_wconf 78' lang='lat' dir='ltr'><strong>congregati</strong></span> <span class='ocrx_word' id='word_1_142' title='bbox 805 1458 967 1511; x_wconf 87' lang='lat' dir='ltr'><strong>divini</strong></span> <span class='ocrx_word' id='word_1_143' title='bbox 1007 1458 1230 1523; x_wconf 81' lang='lat' dir='ltr'><strong>Patres,</strong></span> <span class='ocrx_word' id='word_1_144' title='bbox 1281 1467 1334 1512; x_wconf 91' lang='lat' dir='ltr'><strong>et</strong></span> <span class='ocrx_word' id='word_1_145' title='bbox 1377 1458 1468 1528; x_wconf 85' lang='lat' dir='ltr'><strong>qui</strong></span> <span class='ocrx_word' id='word_1_146' title='bbox 1517 1468 1878 1517; x_wconf 75' lang='lat' dir='ltr'><strong>convenerant</strong></span> <span class='ocrx_word' id='word_1_147' title='bbox 1919 1475 2023 1513; x_wconf 89' lang='lat' dir='ltr'><strong>una</strong></span> 
     </span>
    </p>
   </div>
   <div class='ocr_carea' id='block_1_22' title="bbox 2128 1204 3700 1283">
    <p class='ocr_par' dir='ltr' id='par_1_22' title="bbox 2128 1204 3700 1283">
     <span class='ocr_line' id='line_1_22' title="bbox 2128 1204 3700 1283; baseline 0.006 -28"><span class='ocrx_word' id='word_1_148' title='bbox 2128 1205 2281 1274; x_wconf 71' lang='grc' dir='ltr'>παρὰ</span> <span class='ocrx_word' id='word_1_149' title='bbox 2308 1204 2405 1275; x_wconf 86' lang='grc' dir='ltr'>τὴν</span> <span class='ocrx_word' id='word_1_150' title='bbox 2436 1207 2649 1261; x_wconf 80' lang='grc' dir='ltr'><strong>οἰκείαν</strong></span> <span class='ocrx_word' id='word_1_151' title='bbox 2688 1211 2992 1278; x_wconf 85' lang='grc' dir='ltr'>ἐπιτιμίαν.</span> <span class='ocrx_word' id='word_1_152' title='bbox 3035 1211 3191 1264; x_wconf 75' lang='grc' dir='ltr'>Ἐπεὶ</span> <span class='ocrx_word' id='word_1_153' title='bbox 3221 1211 3485 1283; x_wconf 76' lang='grc' dir='ltr'><strong>εὕρηνται</strong></span> <span class='ocrx_word' id='word_1_154' title='bbox 3516 1215 3613 1267; x_wconf 70' lang='grc' dir='ltr'>καὶ</span> <span class='ocrx_word' id='word_1_155' title='bbox 3642 1216 3700 1266; x_wconf 84' lang='grc' dir='ltr'><strong>ἐν</strong></span> 
     </span>
    </p>
   </div>
   <div class='ocr_carea' id='block_1_23' title="bbox 2128 1299 3702 1377">
    <p class='ocr_par' dir='ltr' id='par_1_23' title="bbox 2128 1299 3702 1377">
     <span class='ocr_line' id='line_1_23' title="bbox 2128 1299 3702 1377; baseline 0.008 -30"><span class='ocrx_word' id='word_1_156' title='bbox 2128 1299 2191 1365; x_wconf 80' lang='grc' dir='ltr'>τῇ</span> <span class='ocrx_word' id='word_1_157' title='bbox 2226 1299 2464 1369; x_wconf 77' lang='grc' dir='ltr'>τετάρτῃ</span> <span class='ocrx_word' id='word_1_158' title='bbox 2496 1301 2852 1372; x_wconf 81' lang='grc' dir='ltr'>οἰκουμενικῇ</span> <span class='ocrx_word' id='word_1_159' title='bbox 2885 1304 3090 1372; x_wconf 79' lang='grc' dir='ltr'>συνόδῳ</span> <span class='ocrx_word' id='word_1_160' title='bbox 3122 1305 3172 1356; x_wconf 80' lang='grc' dir='ltr'>οἱ</span> <span class='ocrx_word' id='word_1_161' title='bbox 3216 1305 3276 1357; x_wconf 83' lang='grc' dir='ltr'><strong>ἐν</strong></span> <span class='ocrx_word' id='word_1_162' title='bbox 3309 1306 3489 1377; x_wconf 81' lang='grc' dir='ltr'>ταύτῃ</span> <span class='ocrx_word' id='word_1_163' title='bbox 3512 1307 3702 1376; x_wconf 80' lang='grc' dir='ltr'>ἀθροι-</span> 
     </span>
    </p>
   </div>
   <div class='ocr_carea' id='block_1_24' title="bbox 2129 1383 3698 1465">
    <p class='ocr_par' dir='ltr' id='par_1_24' title="bbox 2129 1383 3698 1465">
     <span class='ocr_line' id='line_1_24' title="bbox 2129 1383 3698 1465; baseline 0.01 -31"><span class='ocrx_word' id='word_1_164' title='bbox 2129 1383 2347 1445; x_wconf 78' lang='grc' dir='ltr'>σθέντες</span> <span class='ocrx_word' id='word_1_165' title='bbox 2371 1386 2502 1439; x_wconf 87' lang='grc' dir='ltr'>θεῖοι</span> <span class='ocrx_word' id='word_1_166' title='bbox 2535 1389 2801 1458; x_wconf 84' lang='grc' dir='ltr'>Πατέρες,</span> <span class='ocrx_word' id='word_1_167' title='bbox 2833 1391 2927 1443; x_wconf 78' lang='grc' dir='ltr'>καὶ</span> <span class='ocrx_word' id='word_1_168' title='bbox 2949 1393 3000 1444; x_wconf 80' lang='grc' dir='ltr'>οἱ</span> <span class='ocrx_word' id='word_1_169' title='bbox 3051 1393 3304 1457; x_wconf 79' lang='grc' dir='ltr'><strong>συνόντες</strong></span> <span class='ocrx_word' id='word_1_170' title='bbox 3352 1395 3536 1459; x_wconf 79' lang='grc' dir='ltr'>αὐτοῖς</span> <span class='ocrx_word' id='word_1_171' title='bbox 3563 1414 3698 1465; x_wconf 89' lang='grc' dir='ltr'>συγ-</span> 
     </span>
    </p>
   </div>
   <div class='ocr_carea' id='block_1_25' title="bbox 2126 1473 3699 1554">
    <p class='ocr_par' dir='ltr' id='par_1_25' title="bbox 2126 1473 3699 1554">
     <span class='ocr_line' id='line_1_25' title="bbox 2126 1473 3699 1554; baseline 0.009 -27"><span class='ocrx_word' id='word_1_172' title='bbox 2126 1473 2396 1542; x_wconf 75' lang='grc' dir='ltr'>κλητικοὶ,</span> <span class='ocrx_word' id='word_1_173' title='bbox 2430 1478 2556 1540; x_wconf 78' lang='grc' dir='ltr'>τοὺς</span> <span class='ocrx_word' id='word_1_174' title='bbox 2585 1477 2922 1547; x_wconf 78' lang='grc' dir='ltr'>Αἰγυπτίους</span> <span class='ocrx_word' id='word_1_175' title='bbox 2951 1483 3294 1547; x_wconf 75' lang='grc' dir='ltr'><strong>ἐπισκόπους</strong></span> <span class='ocrx_word' id='word_1_176' title='bbox 3345 1487 3554 1554; x_wconf 76' lang='grc' dir='ltr'>ἐγγύας</span> <span class='ocrx_word' id='word_1_177' title='bbox 3590 1489 3699 1541; x_wconf 79' lang='grc' dir='ltr'><strong>ἀπ·-</strong></span> 
     </span>
    </p>
   </div>
   <div class='ocr_carea' id='block_1_26' title="bbox 457 1548 2025 1622">
    <p class='ocr_par' dir='ltr' id='par_1_26' title="bbox 457 1548 2025 1622">
     <span class='ocr_line' id='line_1_26' title="bbox 457 1548 2025 1622; baseline 0.001 -18"><span class='ocrx_word' id='word_1_178' title='bbox 457 1561 735 1605; x_wconf 74' lang='lat' dir='ltr'><strong>scnatores</strong></span> <span class='ocrx_word' id='word_1_179' title='bbox 763 1549 830 1604; x_wconf 87' lang='lat' dir='ltr'><strong>ab</strong></span> <span class='ocrx_word' id='word_1_180' title='bbox 856 1548 1125 1619; x_wconf 66' lang='lat' dir='ltr'><strong>[Egyptiis</strong></span> <span class='ocrx_word' id='word_1_181' title='bbox 1148 1551 1412 1618; x_wconf 88' lang='lat' dir='ltr'><strong>episcopis</strong></span> <span class='ocrx_word' id='word_1_182' title='bbox 1447 1551 1692 1619; x_wconf 75' lang='lat' dir='ltr'><strong>exegisse</strong></span> <span class='ocrx_word' id='word_1_183' title='bbox 1721 1549 2025 1622; x_wconf 83' lang='lat' dir='ltr'><strong>ﬁdejussio-</strong></span> 
     </span>
    </p>
   </div>
   <div class='ocr_carea' id='block_1_27' title="bbox 1701 1564 3694 1648">
    <p class='ocr_par' dir='ltr' id='par_1_27' title="bbox 1701 1564 3694 1648">
     <span class='ocr_line' id='line_1_27' title="bbox 1701 1564 3694 1648; baseline 0.012 -42"><span class='ocrx_word' id='word_1_184' title='bbox 1701 1564 2025 1648; x_wconf 42' lang='lat' dir='ltr'><strong>.lIUEJltSSN-r</strong></span> <span class='ocrx_word' id='word_1_185' title='bbox 2125 1564 2452 1632; x_wconf 88' lang='grc' dir='ltr'>αιτήσαντες</span> <span class='ocrx_word' id='word_1_186' title='bbox 2516 1569 2882 1640; x_wconf 70' lang='grc' dir='ltr'>προσεδρίαςν</span> <span class='ocrx_word' id='word_1_187' title='bbox 2962 1570 2996 1638; x_wconf 77' lang='grc' dir='ltr'>ἢ</span> <span class='ocrx_word' id='word_1_188' title='bbox 3055 1572 3261 1626; x_wconf 82' lang='grc' dir='ltr'>τούτων</span> <span class='ocrx_word' id='word_1_189' title='bbox 3327 1574 3694 1648; x_wconf 77' lang='grc' dir='ltr'>ἀποροῦντας,</span> 
     </span>
    </p>
   </div>
   <div class='ocr_carea' id='block_1_28' title="bbox 459 1637 2022 1708">
    <p class='ocr_par' dir='ltr' id='par_1_28' title="bbox 459 1637 2022 1708">
     <span class='ocr_line' id='line_1_28' title="bbox 459 1637 2022 1708; baseline 0 -16"><span class='ocrx_word' id='word_1_190' title='bbox 459 1656 556 1692; x_wconf 90' lang='lat' dir='ltr'><strong>nes</strong></span> <span class='ocrx_word' id='word_1_191' title='bbox 582 1639 782 1708; x_wconf 86' lang='lat' dir='ltr'><strong>judicio</strong></span> <span class='ocrx_word' id='word_1_192' title='bbox 817 1638 1039 1692; x_wconf 87' lang='lat' dir='ltr'><strong>sistendi</strong></span> <span class='ocrx_word' id='word_1_193' title='bbox 1074 1655 1088 1690; x_wconf 90' lang='lat'><strong>:</strong></span> <span class='ocrx_word' id='word_1_194' title='bbox 1130 1638 1212 1696; x_wconf 80' lang='lat' dir='ltr'><strong>vel</strong></span> <span class='ocrx_word' id='word_1_195' title='bbox 1250 1638 1342 1708; x_wconf 86' lang='lat' dir='ltr'><strong>qui</strong></span> <span class='ocrx_word' id='word_1_196' title='bbox 1375 1637 1819 1698; x_wconf 85' lang='lat' dir='ltr'><strong>satisdatiouibus</strong></span> <span class='ocrx_word' id='word_1_197' title='bbox 1853 1639 2022 1692; x_wconf 88' lang='lat' dir='ltr'><strong>desti-</strong></span> 
     </span>
    </p>
   </div>
   <div class='ocr_carea' id='block_1_29' title="bbox 2125 1653 3698 1736">
    <p class='ocr_par' dir='ltr' id='par_1_29' title="bbox 2125 1653 3698 1736">
     <span class='ocr_line' id='line_1_29' title="bbox 2125 1653 3698 1736; baseline 0.009 -28"><span class='ocrx_word' id='word_1_198' title='bbox 2125 1653 2484 1719; x_wconf 80' lang='grc' dir='ltr'>κελεύσαντες</span> <span class='ocrx_word' id='word_1_199' title='bbox 2509 1657 2818 1728; x_wconf 81' lang='grc' dir='ltr'>ἐξωμοσίαν</span> <span class='ocrx_word' id='word_1_200' title='bbox 2855 1661 3210 1728; x_wconf 72' lang='grc' dir='ltr'>ποιήσασθαι,</span> <span class='ocrx_word' id='word_1_201' title='bbox 3245 1663 3544 1736; x_wconf 75' lang='grc' dir='ltr'><strong>ζητοῦντας</strong></span> <span class='ocrx_word' id='word_1_202' title='bbox 3571 1685 3698 1722; x_wconf 72' lang='grc' dir='ltr'>καιτ</span> 
     </span>
    </p>
   </div>
   <div class='ocr_carea' id='block_1_30' title="bbox 459 1729 2014 1822">
    <p class='ocr_par' dir='ltr' id='par_1_30' title="bbox 459 1729 2014 1799">
     <span class='ocr_line' id='line_1_30' title="bbox 459 1729 2014 1799; baseline -0.001 -15"><span class='ocrx_word' id='word_1_203' title='bbox 459 1731 766 1796; x_wconf 85' lang='lat' dir='ltr'><strong>tuebantur,</strong></span> <span class='ocrx_word' id='word_1_204' title='bbox 801 1730 882 1783; x_wconf 91' lang='lat' dir='ltr'><strong>his</strong></span> <span class='ocrx_word' id='word_1_205' title='bbox 931 1729 1307 1798; x_wconf 69' lang='lat' dir='ltr'><strong>jusjurandum</strong></span> <span class='ocrx_word' id='word_1_206' title='bbox 1343 1729 1641 1799; x_wconf 85' lang='lat' dir='ltr'><strong>imperasse</strong></span> <span class='ocrx_word' id='word_1_207' title='bbox 1669 1767 1683 1793; x_wconf 92' lang='lat'><strong>,</strong></span> <span class='ocrx_word' id='word_1_208' title='bbox 1719 1729 1845 1789; x_wconf 87' lang='lat' dir='ltr'><strong>dum</strong></span> <span class='ocrx_word' id='word_1_209' title='bbox 1885 1740 2014 1784; x_wconf 82' lang='lat' dir='ltr'><strong>tem-</strong></span> 
     </span>
    </p>
   </div>
   <div class='ocr_carea' id='block_1_31' title="bbox 2116 1729 3693 1822">
    <p class='ocr_par' dir='ltr' id='par_1_31' title="bbox 2125 1729 3693 1822">
     <span class='ocr_line' id='line_1_31' title="bbox 2125 1729 3693 1822; baseline 0.01 -27"><span class='ocrx_word' id='word_1_210' title='bbox 2125 1743 2218 1814; x_wconf 82' lang='grc' dir='ltr'><strong>ρδν</strong></span> <span class='ocrx_word' id='word_1_211' title='bbox 2265 1747 2346 1808; x_wconf 87' lang='grc' dir='ltr'><strong>εἱς</strong></span> <span class='ocrx_word' id='word_1_212' title='bbox 2394 1746 2710 1816; x_wconf 82' lang='grc' dir='ltr'>ὑπέρθεσιν.</span> <span class='ocrx_word' id='word_1_213' title='bbox 2741 1749 2807 1801; x_wconf 80' lang='grc' dir='ltr'>Εἰ</span> <span class='ocrx_word' id='word_1_214' title='bbox 2841 1749 2899 1803; x_wconf 80' lang='grc' dir='ltr'>δὲ</span> <span class='ocrx_word' id='word_1_215' title='bbox 2933 1751 3197 1822; x_wconf 80' lang='grc' dir='ltr'>κληρικδς</span> <span class='ocrx_word' id='word_1_216' title='bbox 3229 1729 3533 1822; x_wconf 74' lang='grc' dir='ltr'>ἑλκόμενόν</span> <span class='ocrx_word' id='word_1_217' title='bbox 3567 1775 3693 1822; x_wconf 80' lang='grc' dir='ltr'>τινα,</span> 
     </span>
    </p>
   </div>
   <div class='ocr_carea' id='block_1_32' title="bbox 454 1803 2014 1918">
    <p class='ocr_par' dir='ltr' id='par_1_32' title="bbox 454 1819 2014 1891">
     <span class='ocr_line' id='line_1_32' title="bbox 454 1819 2014 1891; baseline 0 -17"><span class='ocrx_word' id='word_1_218' title='bbox 454 1837 555 1891; x_wconf 90' lang='lat' dir='ltr'><strong>pus</strong></span> <span class='ocrx_word' id='word_1_219' title='bbox 592 1829 838 1890; x_wconf 67' lang='lat' dir='ltr'><strong>quaerunt</strong></span> <span class='ocrx_word' id='word_1_220' title='bbox 866 1822 930 1874; x_wconf 87' lang='lat' dir='ltr'><strong>ad</strong></span> <span class='ocrx_word' id='word_1_221' title='bbox 961 1820 1293 1874; x_wconf 85' lang='lat' dir='ltr'><strong>dilationem.</strong></span> <span class='ocrx_word' id='word_1_222' title='bbox 1327 1819 1478 1886; x_wconf 85' lang='lat' dir='ltr'><strong>Quod</strong></span> <span class='ocrx_word' id='word_1_223' title='bbox 1513 1822 1559 1875; x_wconf 88' lang='lat' dir='ltr'><strong>si</strong></span> <span class='ocrx_word' id='word_1_224' title='bbox 1590 1821 1820 1876; x_wconf 79' lang='lat' dir='ltr'><strong>clericus</strong></span> <span class='ocrx_word' id='word_1_225' title='bbox 1849 1819 1914 1874; x_wconf 92' lang='lat' dir='ltr'><strong>ad</strong></span> <span class='ocrx_word' id='word_1_226' title='bbox 1933 1821 2014 1890; x_wconf 83' lang='lat' dir='ltr'><strong>ju-</strong></span> 
     </span>
    </p>
   </div>
   <div class='ocr_carea' id='block_1_33' title="bbox 2116 1803 3694 1918">
    <p class='ocr_par' dir='ltr' id='par_1_33' title="bbox 2121 1803 3694 1918">
     <span class='ocr_line' id='line_1_33' title="bbox 2121 1803 3694 1918; baseline 0.015 -34"><span class='ocrx_word' id='word_1_227' title='bbox 2121 1803 2392 1905; x_wconf 63' lang='grc' dir='ltr'>εὑρηκως,</span> <span class='ocrx_word' id='word_1_228' title='bbox 2425 1803 2521 1893; x_wconf 63' lang='grc' dir='ltr'><strong>καί</strong></span> <span class='ocrx_word' id='word_1_229' title='bbox 2563 1837 2771 1904; x_wconf 81' lang='grc' dir='ltr'>ἐγγύας</span> <span class='ocrx_word' id='word_1_230' title='bbox 2802 1839 2946 1910; x_wconf 82' lang='grc' dir='ltr'>ὑπὲρ</span> <span class='ocrx_word' id='word_1_231' title='bbox 2981 1803 3432 1912; x_wconf 57' lang='grc' dir='ltr'><strong>πὲρσὲέςὲάῖσεῶξ</strong></span> <span class='ocrx_word' id='word_1_232' title='bbox 3447 1803 3496 1918; x_wconf 36' lang='lat' dir='ltr'><strong>ii.</strong></span> 
     </span>
    </p>
   </div>
   <div class='ocr_carea' id='block_1_34' title="bbox 455 1911 2014 2008">
    <p class='ocr_par' dir='ltr' id='par_1_34' title="bbox 455 1911 2014 1982">
     <span class='ocr_line' id='line_1_34' title="bbox 455 1911 2014 1982; baseline 0 -17"><span class='ocrx_word' id='word_1_233' title='bbox 455 1913 651 1967; x_wconf 79' lang='lat' dir='ltr'><strong>dicium</strong></span> <span class='ocrx_word' id='word_1_234' title='bbox 683 1912 1022 1982; x_wconf 90' lang='lat' dir='ltr'><strong>comperiens</strong></span> <span class='ocrx_word' id='word_1_235' title='bbox 1054 1912 1286 1981; x_wconf 88' lang='lat' dir='ltr'><strong>aliquem</strong></span> <span class='ocrx_word' id='word_1_236' title='bbox 1316 1920 1644 1981; x_wconf 85' lang='lat' dir='ltr'><strong>protractum</strong></span> <span class='ocrx_word' id='word_1_237' title='bbox 1687 1912 1755 1966; x_wconf 89' lang='lat' dir='ltr'><strong>oh</strong></span> <span class='ocrx_word' id='word_1_238' title='bbox 1790 1911 2014 1965; x_wconf 76' lang='lat' dir='ltr'><strong>dandam</strong></span> 
     </span>
    </p>
   </div>
   <div class='ocr_carea' id='block_1_35' title="bbox 2116 1911 3695 2008">
    <p class='ocr_par' dir='ltr' id='par_1_35' title="bbox 2122 1911 3695 2008">
     <span class='ocr_line' id='line_1_35' title="bbox 2122 1911 3695 2008; baseline 0.011 -32"><span class='ocrx_word' id='word_1_239' title='bbox 2122 1941 2240 1986; x_wconf 83' lang='grc' dir='ltr'><strong>πως</strong></span> <span class='ocrx_word' id='word_1_240' title='bbox 2271 1927 2682 1997; x_wconf 82' lang='grc' dir='ltr'>ἀπαιτούμενον</span> <span class='ocrx_word' id='word_1_241' title='bbox 2715 1931 2812 1988; x_wconf 71' lang='grc' dir='ltr'>καὶ</span> <span class='ocrx_word' id='word_1_242' title='bbox 2841 1933 3034 2004; x_wconf 75' lang='grc' dir='ltr'>εἱρκτῇ</span> <span class='ocrx_word' id='word_1_243' title='bbox 3061 1911 3695 2008; x_wconf 67' lang='grc' dir='ltr'>παραπεμπόμενον,ὼς</span> 
     </span>
    </p>
   </div>
   <div class='ocr_carea' id='block_1_36' title="bbox 451 2001 2014 2097">
    <p class='ocr_par' dir='ltr' id='par_1_36' title="bbox 451 2001 2014 2072">
     <span class='ocr_line' id='line_1_36' title="bbox 451 2001 2014 2072; baseline -0.001 -14"><span class='ocrx_word' id='word_1_244' title='bbox 451 2003 678 2058; x_wconf 87' lang='lat' dir='ltr'><strong>sistendi</strong></span> <span class='ocrx_word' id='word_1_245' title='bbox 705 2017 763 2057; x_wconf 88' lang='lat' dir='ltr'><strong>se</strong></span> <span class='ocrx_word' id='word_1_246' title='bbox 785 2001 991 2071; x_wconf 77' lang='lat' dir='ltr'><strong>judicio</strong></span> <span class='ocrx_word' id='word_1_247' title='bbox 1027 2002 1350 2068; x_wconf 89' lang='lat' dir='ltr'><strong>cautionem,</strong></span> <span class='ocrx_word' id='word_1_248' title='bbox 1383 2001 1466 2057; x_wconf 73' lang='lat' dir='ltr'><strong>rei</strong></span> <span class='ocrx_word' id='word_1_249' title='bbox 1493 2003 1598 2058; x_wconf 86' lang='lat' dir='ltr'><strong>alio</strong></span> <span class='ocrx_word' id='word_1_250' title='bbox 1615 2017 1831 2072; x_wconf 84' lang='lat' dir='ltr'><strong>quoquo</strong></span> <span class='ocrx_word' id='word_1_251' title='bbox 1863 2003 2014 2058; x_wconf 86' lang='lat' dir='ltr'><strong>modo</strong></span> 
     </span>
    </p>
   </div>
   <div class='ocr_carea' id='block_1_37' title="bbox 2116 2001 3693 2097">
    <p class='ocr_par' dir='ltr' id='par_1_37' title="bbox 2123 2001 3693 2097">
     <span class='ocr_line' id='line_1_37' title="bbox 2123 2001 3693 2097; baseline 0.013 -32"><span class='ocrx_word' id='word_1_252' title='bbox 2123 2014 2198 2084; x_wconf 79' lang='grc' dir='ltr'><strong>μή</strong></span> <span class='ocrx_word' id='word_1_253' title='bbox 2221 2014 2520 2086; x_wconf 73' lang='grc' dir='ltr'>δυνάμενον</span> <span class='ocrx_word' id='word_1_254' title='bbox 2551 2023 2856 2091; x_wconf 78' lang='grc' dir='ltr'>παρασχεῖν</span> <span class='ocrx_word' id='word_1_255' title='bbox 2880 2001 2982 2086; x_wconf 73' lang='grc' dir='ltr'><strong>τὰς</strong></span> <span class='ocrx_word' id='word_1_256' title='bbox 3006 2001 3234 2094; x_wconf 74' lang='grc' dir='ltr'>ἐγγύας,</span> <span class='ocrx_word' id='word_1_257' title='bbox 3265 2001 3498 2097; x_wconf 60' lang='grc' dir='ltr'>ἐλεήσας</span> <span class='ocrx_word' id='word_1_258' title='bbox 3523 2001 3693 2084; x_wconf 68' lang='grc' dir='ltr'>αῦτδν</span> 
     </span>
    </p>
   </div>
   <div class='ocr_carea' id='block_1_38' title="bbox 453 2093 2014 2191">
    <p class='ocr_par' dir='ltr' id='par_1_38' title="bbox 453 2093 2014 2163">
     <span class='ocr_line' id='line_1_38' title="bbox 453 2093 2014 2163; baseline -0.001 -14"><span class='ocrx_word' id='word_1_259' title='bbox 453 2095 729 2163; x_wconf 87' lang='lat' dir='ltr'><strong>petitionis</strong></span> <span class='ocrx_word' id='word_1_260' title='bbox 758 2093 1060 2163; x_wconf 90' lang='lat' dir='ltr'><strong>cujuspiam</strong></span> <span class='ocrx_word' id='word_1_261' title='bbox 1088 2093 1358 2163; x_wconf 85' lang='lat' dir='ltr'><strong>judiciatis</strong></span> <span class='ocrx_word' id='word_1_262' title='bbox 1391 2107 1541 2148; x_wconf 91' lang='lat' dir='ltr'><strong>reum</strong></span> <span class='ocrx_word' id='word_1_263' title='bbox 1572 2129 1588 2157; x_wconf 85' lang='lat'><strong>,</strong></span> <span class='ocrx_word' id='word_1_264' title='bbox 1633 2093 1726 2162; x_wconf 90' lang='lat' dir='ltr'><strong>qui</strong></span> <span class='ocrx_word' id='word_1_265' title='bbox 1763 2093 2014 2148; x_wconf 60' lang='lat' dir='ltr'><strong>custodia</strong></span> 
     </span>
    </p>
   </div>
   <div class='ocr_carea' id='block_1_39' title="bbox 2116 2093 3691 2191">
    <p class='ocr_par' dir='ltr' id='par_1_39' title="bbox 2121 2093 3691 2191">
     <span class='ocr_line' id='line_1_39' title="bbox 2121 2093 3691 2191; baseline 0.011 -32"><span class='ocrx_word' id='word_1_266' title='bbox 2121 2103 2262 2174; x_wconf 71' lang='grc' dir='ltr'>ὑπὲρ</span> <span class='ocrx_word' id='word_1_267' title='bbox 2296 2105 2503 2162; x_wconf 87' lang='grc' dir='ltr'>ἐκείνου</span> <span class='ocrx_word' id='word_1_268' title='bbox 2531 2109 2732 2166; x_wconf 72' lang='grc' dir='ltr'>ἑαυτὸν</span> <span class='ocrx_word' id='word_1_269' title='bbox 2763 2111 3081 2170; x_wconf 76' lang='grc' dir='ltr'>ὑποτίθεται</span> <span class='ocrx_word' id='word_1_270' title='bbox 3129 2119 3196 2186; x_wconf 80' lang='grc' dir='ltr'><strong>τῇ</strong></span> <span class='ocrx_word' id='word_1_271' title='bbox 3231 2093 3429 2191; x_wconf 61' lang='grc' dir='ltr'>ἐγγύῂ,</span> <span class='ocrx_word' id='word_1_272' title='bbox 3456 2121 3691 2176; x_wconf 71' lang='grc' dir='ltr'>ἐπικλαο</span> 
     </span>
    </p>
   </div>
   <div class='ocr_carea' id='block_1_40' title="bbox 453 2184 2020 2256">
    <p class='ocr_par' dir='ltr' id='par_1_40' title="bbox 453 2184 2020 2256">
     <span class='ocr_line' id='line_1_40' title="bbox 453 2184 2020 2256; baseline 0 -18"><span class='ocrx_word' id='word_1_273' title='bbox 453 2187 702 2250; x_wconf 89' lang='lat' dir='ltr'><strong>traditur,</strong></span> <span class='ocrx_word' id='word_1_274' title='bbox 733 2185 862 2256; x_wconf 87' lang='lat' dir='ltr'><strong>quia</strong></span> <span class='ocrx_word' id='word_1_275' title='bbox 896 2186 1160 2239; x_wconf 88' lang='lat' dir='ltr'><strong>satisdare</strong></span> <span class='ocrx_word' id='word_1_276' title='bbox 1186 2195 1415 2255; x_wconf 86' lang='lat' dir='ltr'><strong>nequeat</strong></span> <span class='ocrx_word' id='word_1_277' title='bbox 1445 2201 1460 2238; x_wconf 89' lang='lat'><strong>:</strong></span> <span class='ocrx_word' id='word_1_278' title='bbox 1497 2184 1790 2239; x_wconf 86' lang='lat' dir='ltr'><strong>miseratus</strong></span> <span class='ocrx_word' id='word_1_279' title='bbox 1837 2194 2020 2241; x_wconf 87' lang='lat' dir='ltr'><strong>autem</strong></span> 
     </span>
    </p>
   </div>
   <div class='ocr_carea' id='block_1_41' title="bbox 448 2274 2018 2346">
    <p class='ocr_par' dir='ltr' id='par_1_41' title="bbox 448 2274 2018 2346">
     <span class='ocr_line' id='line_1_41' title="bbox 448 2274 2018 2346; baseline -0.002 -14"><span class='ocrx_word' id='word_1_280' title='bbox 448 2278 599 2338; x_wconf 75' lang='lat' dir='ltr'><strong>illum</strong></span> <span class='ocrx_word' id='word_1_281' title='bbox 629 2291 727 2345; x_wconf 90' lang='lat' dir='ltr'><strong>pro</strong></span> <span class='ocrx_word' id='word_1_282' title='bbox 757 2275 846 2330; x_wconf 93' lang='lat' dir='ltr'><strong>illo</strong></span> <span class='ocrx_word' id='word_1_283' title='bbox 873 2276 988 2346; x_wconf 88' lang='lat' dir='ltr'><strong>ipse</strong></span> <span class='ocrx_word' id='word_1_284' title='bbox 1026 2274 1302 2344; x_wconf 79' lang='lat' dir='ltr'><strong>iidejubet,</strong></span> <span class='ocrx_word' id='word_1_285' title='bbox 1352 2275 1522 2346; x_wconf 88' lang='lat' dir='ltr'><strong>ipsius</strong></span> <span class='ocrx_word' id='word_1_286' title='bbox 1553 2274 1865 2330; x_wconf 84' lang='lat' dir='ltr'><strong>calamitate</strong></span> <span class='ocrx_word' id='word_1_287' title='bbox 1899 2288 2018 2329; x_wconf 81' lang='lat' dir='ltr'><strong>ino-</strong></span> 
     </span>
    </p>
   </div>
   <div class='ocr_carea' id='block_1_42' title="bbox 449 2366 2019 2435">
    <p class='ocr_par' dir='ltr' id='par_1_42' title="bbox 449 2366 2019 2435">
     <span class='ocr_line' id='line_1_42' title="bbox 449 2366 2019 2435; baseline -0.001 -12"><span class='ocrx_word' id='word_1_288' title='bbox 449 2383 556 2435; x_wconf 86' lang='lat' dir='ltr'><strong>tus,</strong></span> <span class='ocrx_word' id='word_1_289' title='bbox 587 2371 732 2425; x_wconf 89' lang='lat' dir='ltr'><strong>hunc</strong></span> <span class='ocrx_word' id='word_1_290' title='bbox 763 2384 870 2424; x_wconf 88' lang='lat' dir='ltr'><strong>non</strong></span> <span class='ocrx_word' id='word_1_291' title='bbox 897 2369 1128 2424; x_wconf 86' lang='lat' dir='ltr'><strong>arbitror</strong></span> <span class='ocrx_word' id='word_1_292' title='bbox 1149 2366 1342 2423; x_wconf 89' lang='lat' dir='ltr'><strong>ordine</strong></span> <span class='ocrx_word' id='word_1_293' title='bbox 1379 2381 1480 2422; x_wconf 82' lang='lat' dir='ltr'><strong>suo</strong></span> <span class='ocrx_word' id='word_1_294' title='bbox 1509 2366 1828 2422; x_wconf 77' lang='lat' dir='ltr'><strong>movendum</strong></span> <span class='ocrx_word' id='word_1_295' title='bbox 1867 2383 1882 2420; x_wconf 92' lang='lat'><strong>:</strong></span> <span class='ocrx_word' id='word_1_296' title='bbox 1925 2366 2019 2422; x_wconf 88' lang='lat' dir='ltr'><strong>sed</strong></span> 
     </span>
    </p>
   </div>
   <div class='ocr_carea' id='block_1_43' title="bbox 448 2456 2021 2531">
    <p class='ocr_par' dir='ltr' id='par_1_43' title="bbox 448 2456 2021 2531">
     <span class='ocr_line' id='line_1_43' title="bbox 448 2456 2021 2531; baseline 0 -19"><span class='ocrx_word' id='word_1_297' title='bbox 448 2461 588 2531; x_wconf 74' lang='lat' dir='ltr'><strong>apud</strong></span> <span class='ocrx_word' id='word_1_298' title='bbox 628 2460 791 2521; x_wconf 83' lang='lat' dir='ltr'><strong>Deum</strong></span> <span class='ocrx_word' id='word_1_299' title='bbox 845 2460 1120 2528; x_wconf 86' lang='lat' dir='ltr'><strong>bonosque</strong></span> <span class='ocrx_word' id='word_1_300' title='bbox 1156 2458 1303 2513; x_wconf 81' lang='lat' dir='ltr'><strong>viros</strong></span> <span class='ocrx_word' id='word_1_301' title='bbox 1351 2465 1629 2527; x_wconf 88' lang='lat' dir='ltr'><strong>acceptum</strong></span> <span class='ocrx_word' id='word_1_302' title='bbox 1678 2456 1825 2521; x_wconf 78' lang='lat' dir='ltr'><strong>fore,</strong></span> <span class='ocrx_word' id='word_1_303' title='bbox 1877 2457 2021 2513; x_wconf 80' lang='lat' dir='ltr'><strong>velut</strong></span> 
     </span>
    </p>
   </div>
   <div class='ocr_carea' id='block_1_44' title="bbox 446 2546 2018 2622">
    <p class='ocr_par' dir='ltr' id='par_1_44' title="bbox 446 2546 2018 2622">
     <span class='ocr_line' id='line_1_44' title="bbox 446 2546 2018 2622; baseline -0.003 -16"><span class='ocrx_word' id='word_1_304' title='bbox 446 2551 739 2622; x_wconf 75' lang='lat' dir='ltr'><strong>evangelici</strong></span> <span class='ocrx_word' id='word_1_305' title='bbox 771 2551 1172 2608; x_wconf 73' lang='lat' dir='ltr'><strong>observatorem</strong></span> <span class='ocrx_word' id='word_1_306' title='bbox 1199 2547 1459 2602; x_wconf 88' lang='lat' dir='ltr'><strong>mandati.</strong></span> <span class='ocrx_word' id='word_1_307' title='bbox 1482 2546 1546 2600; x_wconf 86' lang='lat' dir='ltr'><strong>Et</strong></span> <span class='ocrx_word' id='word_1_308' title='bbox 1567 2546 1741 2602; x_wconf 85' lang='lat' dir='ltr'><strong>civilis</strong></span> <span class='ocrx_word' id='word_1_309' title='bbox 1759 2555 2018 2616; x_wconf 64' lang='lat' dir='ltr'><strong>praeterea</strong></span> 
     </span>
    </p>
   </div>
   <div class='ocr_carea' id='block_1_45' title="bbox 446 2632 2016 2708">
    <p class='ocr_par' dir='ltr' id='par_1_45' title="bbox 446 2632 2016 2708">
     <span class='ocr_line' id='line_1_45' title="bbox 446 2632 2016 2708; baseline -0.003 -16"><span class='ocrx_word' id='word_1_310' title='bbox 446 2641 530 2696; x_wconf 80' lang='lat' dir='ltr'><strong>lex</strong></span> <span class='ocrx_word' id='word_1_311' title='bbox 562 2640 789 2694; x_wconf 79' lang='lat' dir='ltr'><strong>clericos</strong></span> <span class='ocrx_word' id='word_1_312' title='bbox 829 2640 883 2692; x_wconf 92' lang='lat' dir='ltr'><strong>in</strong></span> <span class='ocrx_word' id='word_1_313' title='bbox 934 2638 1028 2708; x_wconf 79' lang='lat' dir='ltr'><strong>jus</strong></span> <span class='ocrx_word' id='word_1_314' title='bbox 1077 2643 1295 2692; x_wconf 76' lang='lat' dir='ltr'><strong>vocatos</strong></span> <span class='ocrx_word' id='word_1_315' title='bbox 1344 2635 1609 2690; x_wconf 86' lang='lat' dir='ltr'><strong>satisdare</strong></span> <span class='ocrx_word' id='word_1_316' title='bbox 1649 2632 1822 2704; x_wconf 89' lang='lat' dir='ltr'><strong>jubet.</strong></span> <span class='ocrx_word' id='word_1_317' title='bbox 1879 2633 2016 2688; x_wconf 79' lang='lat' dir='ltr'><strong>Nota</strong></span> 
     </span>
    </p>
   </div>
   <div class='ocr_carea' id='block_1_46' title="bbox 445 2724 2019 2802">
    <p class='ocr_par' dir='ltr' id='par_1_46' title="bbox 445 2724 2019 2802">
     <span class='ocr_line' id='line_1_46' title="bbox 445 2724 2019 2802; baseline -0.004 -16"><span class='ocrx_word' id='word_1_318' title='bbox 445 2733 592 2802; x_wconf 86' lang='lat' dir='ltr'><strong>quod</strong></span> <span class='ocrx_word' id='word_1_319' title='bbox 619 2731 920 2802; x_wconf 77' lang='lat' dir='ltr'><strong>segregatio</strong></span> <span class='ocrx_word' id='word_1_320' title='bbox 952 2739 1035 2785; x_wconf 87' lang='lat' dir='ltr'><strong>est</strong></span> <span class='ocrx_word' id='word_1_321' title='bbox 1069 2729 1232 2785; x_wconf 85' lang='lat' dir='ltr'><strong>etiam</strong></span> <span class='ocrx_word' id='word_1_322' title='bbox 1257 2741 1452 2800; x_wconf 70' lang='lat' dir='ltr'><strong>poenas</strong></span> <span class='ocrx_word' id='word_1_323' title='bbox 1493 2727 1624 2782; x_wconf 89' lang='lat' dir='ltr'><strong>dare</strong></span> <span class='ocrx_word' id='word_1_324' title='bbox 1670 2740 1790 2796; x_wconf 70' lang='lat' dir='ltr'><strong>qua:</strong></span> <span class='ocrx_word' id='word_1_325' title='bbox 1819 2739 1852 2780; x_wconf 90' lang='lat' dir='ltr'><strong>e</strong></span> <span class='ocrx_word' id='word_1_326' title='bbox 1878 2724 2019 2781; x_wconf 83' lang='lat' dir='ltr'><strong>divi-</strong></span> 
     </span>
    </p>
   </div>
   <div class='ocr_carea' id='block_1_47' title="bbox 447 2816 2016 2891">
    <p class='ocr_par' dir='ltr' id='par_1_47' title="bbox 447 2816 2016 2891">
     <span class='ocr_line' id='line_1_47' title="bbox 447 2816 2016 2891; baseline -0.002 -16"><span class='ocrx_word' id='word_1_327' title='bbox 447 2823 531 2875; x_wconf 86' lang='lat' dir='ltr'><strong>nis</strong></span> <span class='ocrx_word' id='word_1_328' title='bbox 563 2822 789 2890; x_wconf 85' lang='lat' dir='ltr'><strong>ejiciunt</strong></span> <span class='ocrx_word' id='word_1_329' title='bbox 822 2819 1086 2886; x_wconf 78' lang='lat' dir='ltr'><strong>terminis,</strong></span> <span class='ocrx_word' id='word_1_330' title='bbox 1119 2827 1174 2874; x_wconf 91' lang='lat' dir='ltr'><strong>et</strong></span> <span class='ocrx_word' id='word_1_331' title='bbox 1204 2819 1258 2874; x_wconf 89' lang='lat' dir='ltr'><strong>in</strong></span> <span class='ocrx_word' id='word_1_332' title='bbox 1312 2817 1686 2891; x_wconf 60' lang='lat' dir='ltr'><strong>paenitentiam</strong></span> <span class='ocrx_word' id='word_1_333' title='bbox 1737 2816 1854 2873; x_wconf 84' lang='lat' dir='ltr'><strong>loco</strong></span> <span class='ocrx_word' id='word_1_334' title='bbox 1887 2832 2016 2874; x_wconf 86' lang='lat' dir='ltr'><strong>con-</strong></span> 
     </span>
    </p>
   </div>
   <div class='ocr_carea' id='block_1_48' title="bbox 445 2915 690 2966">
    <p class='ocr_par' dir='ltr' id='par_1_48' title="bbox 445 2915 690 2966">
     <span class='ocr_line' id='line_1_48' title="bbox 445 2915 690 2966; baseline -0.008 0"><span class='ocrx_word' id='word_1_335' title='bbox 445 2915 690 2966; x_wconf 83' lang='lat' dir='ltr'><strong>stitnunt.</strong></span> 
     </span>
    </p>
   </div>
   <div class='ocr_carea' id='block_1_49' title="bbox 444 3001 2012 3074">
    <p class='ocr_par' dir='ltr' id='par_1_49' title="bbox 444 3001 2012 3074">
     <span class='ocr_line' id='line_1_49' title="bbox 444 3001 2012 3074; baseline -0.001 -16"><span class='ocrx_word' id='word_1_336' title='bbox 444 3003 669 3058; x_wconf 78' lang='lat' dir='ltr'><strong>AitlST.</strong></span> <span class='ocrx_word' id='word_1_337' title='bbox 701 3001 934 3058; x_wconf 72' lang='lat' dir='ltr'><strong>Clericus</strong></span> <span class='ocrx_word' id='word_1_338' title='bbox 970 3001 1338 3074; x_wconf 74' lang='lat' dir='ltr'><strong>ﬁdejuuiones</strong></span> <span class='ocrx_word' id='word_1_339' title='bbox 1375 3018 1476 3057; x_wconf 86' lang='lat' dir='ltr'><strong>non</strong></span> <span class='ocrx_word' id='word_1_340' title='bbox 1505 3001 1630 3068; x_wconf 85' lang='lat' dir='ltr'><strong>dat,</strong></span> <span class='ocrx_word' id='word_1_341' title='bbox 1667 3003 1800 3063; x_wconf 73' lang='lat' dir='ltr'><strong>dans</strong></span> <span class='ocrx_word' id='word_1_342' title='bbox 1841 3010 2012 3062; x_wconf 80' lang='lat' dir='ltr'><strong>autem</strong></span> 
     </span>
    </p>
   </div>
   <div class='ocr_carea' id='block_1_50' title="bbox 1076 3097 1372 3165">
    <p class='ocr_par' dir='ltr' id='par_1_50' title="bbox 1076 3097 1372 3165">
     <span class='ocr_line' id='line_1_50' title="bbox 1076 3097 1372 3165; baseline 0.003 -15"><span class='ocrx_word' id='word_1_343' title='bbox 1076 3097 1372 3165; x_wconf 78' lang='lat' dir='ltr'><strong>deponitur.</strong></span> 
     </span>
    </p>
   </div>
   <div class='ocr_carea' id='block_1_51' title="bbox 509 3188 2014 3268">
    <p class='ocr_par' dir='ltr' id='par_1_51' title="bbox 509 3188 2014 3268">
     <span class='ocr_line' id='line_1_51' title="bbox 509 3188 2014 3268; baseline -0.006 -15"><span class='ocrx_word' id='word_1_344' title='bbox 509 3198 627 3261; x_wconf 74' lang='lat' dir='ltr'><strong>Non</strong></span> <span class='ocrx_word' id='word_1_345' title='bbox 663 3200 874 3268; x_wconf 85' lang='lat' dir='ltr'><strong>oportet</strong></span> <span class='ocrx_word' id='word_1_346' title='bbox 899 3191 1150 3248; x_wconf 85' lang='lat' dir='ltr'><strong>clericum</strong></span> <span class='ocrx_word' id='word_1_347' title='bbox 1183 3191 1236 3245; x_wconf 89' lang='lat' dir='ltr'><strong>in</strong></span> <span class='ocrx_word' id='word_1_348' title='bbox 1285 3190 1502 3260; x_wconf 77' lang='lat' dir='ltr'><strong>negotia</strong></span> <span class='ocrx_word' id='word_1_349' title='bbox 1557 3203 1613 3244; x_wconf 86' lang='lat' dir='ltr'><strong>se</strong></span> <span class='ocrx_word' id='word_1_350' title='bbox 1662 3188 1883 3259; x_wconf 74' lang='lat' dir='ltr'><strong>injicere</strong></span> <span class='ocrx_word' id='word_1_351' title='bbox 1905 3229 1921 3256; x_wconf 91' lang='lat'><strong>,</strong></span> <span class='ocrx_word' id='word_1_352' title='bbox 1958 3197 2014 3244; x_wconf 90' lang='lat' dir='ltr'><strong>et</strong></span> 
     </span>
    </p>
   </div>
   <div class='ocr_carea' id='block_1_52' title="bbox 443 3280 2004 3360">
    <p class='ocr_par' dir='ltr' id='par_1_52' title="bbox 443 3280 2004 3360">
     <span class='ocr_line' id='line_1_52' title="bbox 443 3280 2004 3360; baseline -0.008 -13"><span class='ocrx_word' id='word_1_353' title='bbox 443 3294 540 3354; x_wconf 83' lang='lat' dir='ltr'><strong>fori</strong></span> <span class='ocrx_word' id='word_1_354' title='bbox 570 3287 837 3360; x_wconf 82' lang='lat' dir='ltr'><strong>judicialis</strong></span> <span class='ocrx_word' id='word_1_355' title='bbox 868 3284 1144 3342; x_wconf 87' lang='lat' dir='ltr'><strong>molestias</strong></span> <span class='ocrx_word' id='word_1_356' title='bbox 1192 3290 1407 3352; x_wconf 81' lang='lat' dir='ltr'><strong>prOpter</strong></span> <span class='ocrx_word' id='word_1_357' title='bbox 1455 3280 1672 3351; x_wconf 85' lang='lat' dir='ltr'><strong>aliquod</strong></span> <span class='ocrx_word' id='word_1_358' title='bbox 1711 3291 1866 3349; x_wconf 90' lang='lat' dir='ltr'><strong>turpe</strong></span> <span class='ocrx_word' id='word_1_359' title='bbox 1923 3282 2004 3334; x_wconf 89' lang='lat' dir='ltr'><strong>tn-</strong></span> 
     </span>
    </p>
   </div>
   <div class='ocr_carea' id='block_1_53' title="bbox 440 3371 2011 3442">
    <p class='ocr_par' dir='ltr' id='par_1_53' title="bbox 440 3371 2011 3442">
     <span class='ocr_line' id='line_1_53' title="bbox 440 3371 2011 3442; baseline -0.013 -2"><span class='ocrx_word' id='word_1_360' title='bbox 440 3399 614 3442; x_wconf 79' lang='lat' dir='ltr'><strong>crum.</strong></span> <span class='ocrx_word' id='word_1_361' title='bbox 645 3381 701 3435; x_wconf 91' lang='lat' dir='ltr'><strong>Si</strong></span> <span class='ocrx_word' id='word_1_362' title='bbox 726 3378 890 3437; x_wconf 82' lang='lat' dir='ltr'><strong>Paulo</strong></span> <span class='ocrx_word' id='word_1_363' title='bbox 917 3376 1062 3432; x_wconf 90' lang='lat' dir='ltr'><strong>enim</strong></span> <span class='ocrx_word' id='word_1_364' title='bbox 1087 3373 1315 3435; x_wconf 79' lang='lat' dir='ltr'><strong>fortasse</strong></span> <span class='ocrx_word' id='word_1_365' title='bbox 1339 3387 1460 3428; x_wconf 90' lang='lat' dir='ltr'><strong>cum</strong></span> <span class='ocrx_word' id='word_1_366' title='bbox 1504 3371 1719 3440; x_wconf 87' lang='lat' dir='ltr'><strong>publico</strong></span> <span class='ocrx_word' id='word_1_367' title='bbox 1771 3371 1852 3426; x_wconf 79' lang='lat' dir='ltr'><strong>vel</strong></span> <span class='ocrx_word' id='word_1_368' title='bbox 1902 3372 2011 3442; x_wconf 84' lang='lat' dir='ltr'><strong>pri-</strong></span> 
     </span>
    </p>
   </div>
   <div class='ocr_carea' id='block_1_54' title="bbox 441 3465 2010 3544">
    <p class='ocr_par' dir='ltr' id='par_1_54' title="bbox 441 3465 2010 3544">
     <span class='ocr_line' id='line_1_54' title="bbox 441 3465 2010 3544; baseline -0.008 -16"><span class='ocrx_word' id='word_1_369' title='bbox 441 3487 562 3532; x_wconf 65' lang='lat' dir='ltr'><strong>vato</strong></span> <span class='ocrx_word' id='word_1_370' title='bbox 589 3475 773 3544; x_wconf 67' lang='lat' dir='ltr'><strong>aliquo</strong></span> <span class='ocrx_word' id='word_1_371' title='bbox 805 3471 1085 3543; x_wconf 87' lang='lat' dir='ltr'><strong>pactiones</strong></span> <span class='ocrx_word' id='word_1_372' title='bbox 1117 3468 1488 3531; x_wconf 84' lang='lat' dir='ltr'><strong>contrahente,</strong></span> <span class='ocrx_word' id='word_1_373' title='bbox 1521 3475 1574 3520; x_wconf 91' lang='lat' dir='ltr'><strong>et</strong></span> <span class='ocrx_word' id='word_1_374' title='bbox 1599 3465 1649 3519; x_wconf 91' lang='lat' dir='ltr'><strong>ei</strong></span> <span class='ocrx_word' id='word_1_375' title='bbox 1694 3482 1799 3518; x_wconf 91' lang='lat' dir='ltr'><strong>non</strong></span> <span class='ocrx_word' id='word_1_376' title='bbox 1831 3465 2010 3518; x_wconf 85' lang='lat' dir='ltr'><strong>credi-</strong></span> 
     </span>
    </p>
   </div>
   <div class='ocr_carea' id='block_1_55' title="bbox 443 3555 2012 3634">
    <p class='ocr_par' dir='ltr' id='par_1_55' title="bbox 443 3555 2012 3634">
     <span class='ocr_line' id='line_1_55' title="bbox 443 3555 2012 3634; baseline -0.009 -11"><span class='ocrx_word' id='word_1_377' title='bbox 443 3583 550 3634; x_wconf 88' lang='lat' dir='ltr'><strong>tur,</strong></span> <span class='ocrx_word' id='word_1_378' title='bbox 587 3568 678 3622; x_wconf 85' lang='lat' dir='ltr'><strong>sed</strong></span> <span class='ocrx_word' id='word_1_379' title='bbox 707 3563 1081 3634; x_wconf 84' lang='lat' dir='ltr'><strong>ﬁdejnssiones</strong></span> <span class='ocrx_word' id='word_1_380' title='bbox 1130 3561 1434 3628; x_wconf 72' lang='lat' dir='ltr'><strong>exiguntur,</strong></span> <span class='ocrx_word' id='word_1_381' title='bbox 1486 3555 1718 3612; x_wconf 86' lang='lat' dir='ltr'><strong>clericus</strong></span> <span class='ocrx_word' id='word_1_382' title='bbox 1771 3571 1868 3626; x_wconf 88' lang='lat' dir='ltr'><strong>pro</strong></span> <span class='ocrx_word' id='word_1_383' title='bbox 1923 3555 2012 3609; x_wconf 88' lang='lat' dir='ltr'><strong>illo</strong></span> 
     </span>
    </p>
   </div>
   <div class='ocr_carea' id='block_1_56' title="bbox 443 3649 2011 3727">
    <p class='ocr_par' dir='ltr' id='par_1_56' title="bbox 443 3649 2011 3727">
     <span class='ocr_line' id='line_1_56' title="bbox 443 3649 2011 3727; baseline -0.008 -13"><span class='ocrx_word' id='word_1_384' title='bbox 443 3659 787 3727; x_wconf 84' lang='lat' dir='ltr'><strong>tid-jnsserit,</strong></span> <span class='ocrx_word' id='word_1_385' title='bbox 826 3665 879 3710; x_wconf 88' lang='lat' dir='ltr'><strong>et</strong></span> <span class='ocrx_word' id='word_1_386' title='bbox 903 3649 1384 3711; x_wconf 78' lang='lat' dir='ltr'><strong>semctohnoxium</strong></span> <span class='ocrx_word' id='word_1_387' title='bbox 1435 3649 1747 3714; x_wconf 85' lang='lat' dir='ltr'><strong>reddiderit,</strong></span> <span class='ocrx_word' id='word_1_388' title='bbox 1805 3649 1924 3705; x_wconf 80' lang='lat' dir='ltr'><strong>talis</strong></span> <span class='ocrx_word' id='word_1_389' title='bbox 1954 3655 2011 3702; x_wconf 91' lang='lat' dir='ltr'><strong>ut</strong></span> 
     </span>
    </p>
   </div>
   <div class='ocr_carea' id='block_1_57' title="bbox 441 3739 2008 3824">
    <p class='ocr_par' dir='ltr' id='par_1_57' title="bbox 441 3739 2008 3824">
     <span class='ocr_line' id='line_1_57' title="bbox 441 3739 2008 3824; baseline -0.007 -21"><span class='ocrx_word' id='word_1_390' title='bbox 441 3758 772 3821; x_wconf 62' lang='lat' dir='ltr'><strong>contemptor</strong></span> <span class='ocrx_word' id='word_1_391' title='bbox 806 3744 1005 3824; x_wconf 68' lang='lat' dir='ltr'><strong>prolirii</strong></span> <span class='ocrx_word' id='word_1_392' title='bbox 1030 3751 1202 3802; x_wconf 83' lang='lat' dir='ltr'><strong>status</strong></span> <span class='ocrx_word' id='word_1_393' title='bbox 1220 3751 1275 3796; x_wconf 91' lang='lat' dir='ltr'><strong>et</strong></span> <span class='ocrx_word' id='word_1_394' title='bbox 1304 3741 1522 3795; x_wconf 91' lang='lat' dir='ltr'><strong>honoris</strong></span> <span class='ocrx_word' id='word_1_395' title='bbox 1559 3739 2008 3811; x_wconf 84' lang='lat' dir='ltr'><strong>propterlucrum</strong></span> 
     </span>
    </p>
   </div>
   <div class='ocr_carea' id='block_1_58' title="bbox 441 3829 2012 3910">
    <p class='ocr_par' dir='ltr' id='par_1_58' title="bbox 441 3829 2012 3910">
     <span class='ocr_line' id='line_1_58' title="bbox 441 3829 2012 3910; baseline -0.006 -18"><span class='ocrx_word' id='word_1_396' title='bbox 441 3844 708 3910; x_wconf 69' lang='lat' dir='ltr'><strong>quoddam</strong></span> <span class='ocrx_word' id='word_1_397' title='bbox 747 3838 950 3902; x_wconf 71' lang='lat' dir='ltr'><strong>factus,</strong></span> <span class='ocrx_word' id='word_1_398' title='bbox 985 3834 1298 3905; x_wconf 84' lang='lat' dir='ltr'><strong>deponetur.</strong></span> <span class='ocrx_word' id='word_1_399' title='bbox 1341 3829 1397 3886; x_wconf 88' lang='lat' dir='ltr'><strong>Si</strong></span> <span class='ocrx_word' id='word_1_400' title='bbox 1425 3831 1655 3886; x_wconf 84' lang='lat' dir='ltr'><strong>clericus</strong></span> <span class='ocrx_word' id='word_1_401' title='bbox 1693 3839 1871 3886; x_wconf 89' lang='lat' dir='ltr'><strong>autem</strong></span> <span class='ocrx_word' id='word_1_402' title='bbox 1928 3831 2012 3883; x_wconf 84' lang='lat' dir='ltr'><strong>in-</strong></span> 
     </span>
    </p>
   </div>
   <div class='ocr_carea' id='block_1_59' title="bbox 441 3922 2014 3995">
    <p class='ocr_par' dir='ltr' id='par_1_59' title="bbox 441 3922 2014 3995">
     <span class='ocr_line' id='line_1_59' title="bbox 441 3922 2014 3995; baseline -0.005 -11"><span class='ocrx_word' id='word_1_403' title='bbox 441 3935 663 3988; x_wconf 67' lang='lat' dir='ltr'><strong>veniens</strong></span> <span class='ocrx_word' id='word_1_404' title='bbox 689 3931 957 3992; x_wconf 71' lang='lat' dir='ltr'><strong>hominem</strong></span> <span class='ocrx_word' id='word_1_405' title='bbox 993 3933 1304 3995; x_wconf 77' lang='lat' dir='ltr'><strong>oppressum</strong></span> <span class='ocrx_word' id='word_1_406' title='bbox 1353 3932 1408 3984; x_wconf 84' lang='lat' dir='ltr'><strong>et</strong></span> <span class='ocrx_word' id='word_1_407' title='bbox 1455 3922 1508 3977; x_wconf 89' lang='lat' dir='ltr'><strong>in</strong></span> <span class='ocrx_word' id='word_1_408' title='bbox 1556 3925 1796 3977; x_wconf 81' lang='lat' dir='ltr'><strong>custodia</strong></span> <span class='ocrx_word' id='word_1_409' title='bbox 1826 3927 2014 3978; x_wconf 79' lang='lat' dir='ltr'><strong>deten-</strong></span> 
     </span>
    </p>
   </div>
   <div class='ocr_carea' id='block_1_60' title="bbox 440 4014 2018 4088">
    <p class='ocr_par' dir='ltr' id='par_1_60' title="bbox 440 4014 2018 4088">
     <span class='ocr_line' id='line_1_60' title="bbox 440 4014 2018 4088; baseline -0.008 -10"><span class='ocrx_word' id='word_1_410' title='bbox 440 4037 574 4088; x_wconf 87' lang='lat' dir='ltr'><strong>tum,</strong></span> <span class='ocrx_word' id='word_1_411' title='bbox 611 4036 659 4078; x_wconf 90' lang='lat' dir='ltr'><strong>ct</strong></span> <span class='ocrx_word' id='word_1_412' title='bbox 684 4022 840 4075; x_wconf 83' lang='lat' dir='ltr'><strong>aliter</strong></span> <span class='ocrx_word' id='word_1_413' title='bbox 880 4019 1023 4073; x_wconf 86' lang='lat' dir='ltr'><strong>illinc</strong></span> <span class='ocrx_word' id='word_1_414' title='bbox 1052 4033 1157 4072; x_wconf 90' lang='lat' dir='ltr'><strong>non</strong></span> <span class='ocrx_word' id='word_1_415' title='bbox 1206 4015 1472 4072; x_wconf 80' lang='lat' dir='ltr'><strong>exiturum</strong></span> <span class='ocrx_word' id='word_1_416' title='bbox 1523 4014 1626 4070; x_wconf 88' lang='lat' dir='ltr'><strong>nisi</strong></span> <span class='ocrx_word' id='word_1_417' title='bbox 1667 4014 1898 4084; x_wconf 85' lang='lat' dir='ltr'><strong>aliquem</strong></span> <span class='ocrx_word' id='word_1_418' title='bbox 1932 4017 2018 4066; x_wconf 81' lang='lat' dir='ltr'><strong>dc-</strong></span> 
     </span>
    </p>
   </div>
   <div class='ocr_carea' id='block_1_61' title="bbox 437 4105 2013 4183">
    <p class='ocr_par' dir='ltr' id='par_1_61' title="bbox 437 4105 2013 4183">
     <span class='ocr_line' id='line_1_61' title="bbox 437 4105 2013 4183; baseline -0.005 -15"><span class='ocrx_word' id='word_1_419' title='bbox 437 4116 577 4170; x_wconf 85' lang='lat' dir='ltr'><strong>derit</strong></span> <span class='ocrx_word' id='word_1_420' title='bbox 601 4111 974 4183; x_wconf 78' lang='lat' dir='ltr'><strong>iidcjuhentem</strong></span> <span class='ocrx_word' id='word_1_421' title='bbox 1008 4124 1128 4164; x_wconf 90' lang='lat' dir='ltr'><strong>eum</strong></span> <span class='ocrx_word' id='word_1_422' title='bbox 1180 4122 1284 4162; x_wconf 88' lang='lat' dir='ltr'><strong>non</strong></span> <span class='ocrx_word' id='word_1_423' title='bbox 1335 4105 1731 4176; x_wconf 81' lang='lat' dir='ltr'><strong>confugiturum</strong></span> <span class='ocrx_word' id='word_1_424' title='bbox 1759 4146 1772 4168; x_wconf 84' lang='lat'><strong>,</strong></span> <span class='ocrx_word' id='word_1_425' title='bbox 1803 4117 1856 4160; x_wconf 87' lang='lat' dir='ltr'><strong>et</strong></span> <span class='ocrx_word' id='word_1_426' title='bbox 1887 4121 2013 4176; x_wconf 86' lang='lat' dir='ltr'><strong>pro-</strong></span> 
     </span>
    </p>
   </div>
   <div class='ocr_carea' id='block_1_62' title="bbox 437 4198 2017 4280">
    <p class='ocr_par' dir='ltr' id='par_1_62' title="bbox 437 4198 2017 4280">
     <span class='ocr_line' id='line_1_62' title="bbox 437 4198 2017 4280; baseline -0.004 -20"><span class='ocrx_word' id='word_1_427' title='bbox 437 4223 558 4278; x_wconf 76' lang='lat' dir='ltr'><strong>pzer</strong></span> <span class='ocrx_word' id='word_1_428' title='bbox 592 4205 949 4280; x_wconf 79' lang='lat' dir='ltr'><strong>sympathiam</strong></span> <span class='ocrx_word' id='word_1_429' title='bbox 977 4210 1029 4256; x_wconf 87' lang='lat' dir='ltr'><strong>et</strong></span> <span class='ocrx_word' id='word_1_430' title='bbox 1062 4199 1451 4254; x_wconf 87' lang='lat' dir='ltr'><strong>humanitatem</strong></span> <span class='ocrx_word' id='word_1_431' title='bbox 1479 4198 1639 4251; x_wconf 88' lang='lat' dir='ltr'><strong>talem</strong></span> <span class='ocrx_word' id='word_1_432' title='bbox 1668 4198 1718 4251; x_wconf 89' lang='lat' dir='ltr'><strong>in</strong></span> <span class='ocrx_word' id='word_1_433' title='bbox 1763 4213 1822 4253; x_wconf 71' lang='lat' dir='ltr'><strong>se</strong></span> <span class='ocrx_word' id='word_1_434' title='bbox 1870 4214 2017 4254; x_wconf 85' lang='lat' dir='ltr'><strong>rece-</strong></span> 
     </span>
    </p>
   </div>
   <div class='ocr_carea' id='block_1_63' title="bbox 440 4289 2015 4368">
    <p class='ocr_par' dir='ltr' id='par_1_63' title="bbox 440 4289 2015 4368">
     <span class='ocr_line' id='line_1_63' title="bbox 440 4289 2015 4368; baseline -0.004 -18"><span class='ocrx_word' id='word_1_435' title='bbox 440 4299 598 4368; x_wconf 77' lang='lat' dir='ltr'><strong>perit,</strong></span> <span class='ocrx_word' id='word_1_436' title='bbox 635 4307 687 4350; x_wconf 85' lang='lat' dir='ltr'><strong>et</strong></span> <span class='ocrx_word' id='word_1_437' title='bbox 727 4293 1050 4364; x_wconf 80' lang='lat' dir='ltr'><strong>ﬁdejnsserit</strong></span> <span class='ocrx_word' id='word_1_438' title='bbox 1079 4307 1201 4346; x_wconf 88' lang='lat' dir='ltr'><strong>cum</strong></span> <span class='ocrx_word' id='word_1_439' title='bbox 1259 4305 1316 4346; x_wconf 88' lang='lat' dir='ltr'><strong>sc</strong></span> <span class='ocrx_word' id='word_1_440' title='bbox 1360 4289 1564 4362; x_wconf 82' lang='lat' dir='ltr'><strong>judicio</strong></span> <span class='ocrx_word' id='word_1_441' title='bbox 1599 4290 1793 4344; x_wconf 86' lang='lat' dir='ltr'><strong>sistere</strong></span> <span class='ocrx_word' id='word_1_442' title='bbox 1842 4305 2015 4366; x_wconf 82' lang='lat' dir='ltr'><strong>quan-</strong></span> 
     </span>
    </p>
   </div>
   <div class='ocr_carea' id='block_1_64' title="bbox 443 4380 2005 4457">
    <p class='ocr_par' dir='ltr' id='par_1_64' title="bbox 443 4380 2005 4457">
     <span class='ocr_line' id='line_1_64' title="bbox 443 4380 2005 4457; baseline -0.006 -14"><span class='ocrx_word' id='word_1_443' title='bbox 443 4393 725 4457; x_wconf 80' lang='lat' dir='ltr'><strong>docunque</strong></span> <span class='ocrx_word' id='word_1_444' title='bbox 758 4385 1048 4456; x_wconf 76' lang='lat' dir='ltr'><strong>requisitus</strong></span> <span class='ocrx_word' id='word_1_445' title='bbox 1076 4381 1256 4445; x_wconf 80' lang='lat' dir='ltr'><strong>fuerit,</strong></span> <span class='ocrx_word' id='word_1_446' title='bbox 1311 4395 1415 4434; x_wconf 88' lang='lat' dir='ltr'><strong>non</strong></span> <span class='ocrx_word' id='word_1_447' title='bbox 1462 4388 1670 4433; x_wconf 84' lang='lat' dir='ltr'><strong>tantum</strong></span> <span class='ocrx_word' id='word_1_448' title='bbox 1733 4396 1837 4433; x_wconf 90' lang='lat' dir='ltr'><strong>non</strong></span> <span class='ocrx_word' id='word_1_449' title='bbox 1878 4380 2005 4448; x_wconf 87' lang='lat' dir='ltr'><strong>abji-</strong></span> 
     </span>
    </p>
   </div>
   <div class='ocr_carea' id='block_1_65' title="bbox 2121 2194 3691 2279">
    <p class='ocr_par' dir='ltr' id='par_1_65' title="bbox 2121 2194 3691 2279">
     <span class='ocr_line' id='line_1_65' title="bbox 2121 2194 3691 2279; baseline 0.011 -29"><span class='ocrx_word' id='word_1_450' title='bbox 2121 2194 2272 2259; x_wconf 74' lang='grc' dir='ltr'>σθεὶς</span> <span class='ocrx_word' id='word_1_451' title='bbox 2304 2198 2371 2268; x_wconf 76' lang='grc' dir='ltr'>τῇ</span> <span class='ocrx_word' id='word_1_452' title='bbox 2395 2197 2490 2253; x_wconf 87' lang='grc' dir='ltr'><strong>τοῦ</strong></span> <span class='ocrx_word' id='word_1_453' title='bbox 2532 2201 2837 2270; x_wconf 79' lang='grc' dir='ltr'>πάσχοντος</span> <span class='ocrx_word' id='word_1_454' title='bbox 2867 2207 3144 2277; x_wconf 76' lang='grc' dir='ltr'>συμφορᾷ,</span> <span class='ocrx_word' id='word_1_455' title='bbox 3180 2208 3282 2263; x_wconf 78' lang='grc' dir='ltr'>οὐκ</span> <span class='ocrx_word' id='word_1_456' title='bbox 3317 2204 3474 2279; x_wconf 75' lang='grc' dir='ltr'>οἶμαι</span> <span class='ocrx_word' id='word_1_457' title='bbox 3497 2211 3691 2274; x_wconf 78' lang='grc' dir='ltr'>τοῦτον</span> 
     </span>
    </p>
   </div>
   <div class='ocr_carea' id='block_1_66' title="bbox 2118 2284 3691 2370">
    <p class='ocr_par' dir='ltr' id='par_1_66' title="bbox 2118 2284 3691 2370">
     <span class='ocr_line' id='line_1_66' title="bbox 2118 2284 3691 2370; baseline 0.011 -33"><span class='ocrx_word' id='word_1_458' title='bbox 2118 2284 2646 2356; x_wconf 63' lang='grc' dir='ltr'>καθαιρεθήσεσθαι,</span> <span class='ocrx_word' id='word_1_459' title='bbox 2705 2289 2842 2348; x_wconf 76' lang='grc' dir='ltr'><strong>ἀλλὰ</strong></span> <span class='ocrx_word' id='word_1_460' title='bbox 2874 2292 2974 2354; x_wconf 80' lang='grc' dir='ltr'>καὶ</span> <span class='ocrx_word' id='word_1_461' title='bbox 3029 2295 3503 2368; x_wconf 81' lang='grc' dir='ltr'>ἀποδεχθήσεσθαι</span> <span class='ocrx_word' id='word_1_462' title='bbox 3535 2303 3691 2370; x_wconf 75' lang='grc' dir='ltr'><strong>παρᾴ</strong></span> 
     </span>
    </p>
   </div>
   <div class='ocr_carea' id='block_1_67' title="bbox 2117 2373 3691 2460">
    <p class='ocr_par' dir='ltr' id='par_1_67' title="bbox 2117 2373 3691 2460">
     <span class='ocr_line' id='line_1_67' title="bbox 2117 2373 3691 2460; baseline 0.013 -34"><span class='ocrx_word' id='word_1_463' title='bbox 2117 2373 2254 2428; x_wconf 82' lang='grc' dir='ltr'>Θεοῦ</span> <span class='ocrx_word' id='word_1_464' title='bbox 2301 2392 2364 2428; x_wconf 84' lang='grc' dir='ltr'><strong>τε</strong></span> <span class='ocrx_word' id='word_1_465' title='bbox 2413 2378 2510 2430; x_wconf 81' lang='grc' dir='ltr'>καὶ</span> <span class='ocrx_word' id='word_1_466' title='bbox 2543 2378 2906 2448; x_wconf 75' lang='grc' dir='ltr'><strong>εὐγνωμόνων</strong></span> <span class='ocrx_word' id='word_1_467' title='bbox 2941 2383 3174 2454; x_wconf 81' lang='grc' dir='ltr'>ἀνδρῶν,</span> <span class='ocrx_word' id='word_1_468' title='bbox 3217 2385 3293 2449; x_wconf 83' lang='grc' dir='ltr'>ὡς</span> <span class='ocrx_word' id='word_1_469' title='bbox 3326 2388 3691 2460; x_wconf 74' lang='grc' dir='ltr'>εὐαγγελικὴν</span> 
     </span>
    </p>
   </div>
   <div class='ocr_carea' id='block_1_68' title="bbox 2117 2464 3689 2550">
    <p class='ocr_par' dir='ltr' id='par_1_68' title="bbox 2117 2464 3689 2550">
     <span class='ocr_line' id='line_1_68' title="bbox 2117 2464 3689 2550; baseline 0.013 -34"><span class='ocrx_word' id='word_1_470' title='bbox 2117 2464 2486 2537; x_wconf 77' lang='grc' dir='ltr'>πληρώσαντα</span> <span class='ocrx_word' id='word_1_471' title='bbox 2516 2469 2762 2540; x_wconf 86' lang='grc' dir='ltr'>ἐντολήν.</span> <span class='ocrx_word' id='word_1_472' title='bbox 2792 2472 2910 2525; x_wconf 77' lang='grc' dir='ltr'><strong>Καὶ</strong></span> <span class='ocrx_word' id='word_1_473' title='bbox 2933 2473 2960 2526; x_wconf 83' lang='grc' dir='ltr'><strong>ὁ</strong></span> <span class='ocrx_word' id='word_1_474' title='bbox 2992 2473 3266 2540; x_wconf 81' lang='grc' dir='ltr'>πολιτικὸς</span> <span class='ocrx_word' id='word_1_475' title='bbox 3288 2477 3343 2530; x_wconf 76' lang='grc' dir='ltr'>δὲ</span> <span class='ocrx_word' id='word_1_476' title='bbox 3377 2481 3538 2550; x_wconf 75' lang='grc' dir='ltr'>νόμος</span> <span class='ocrx_word' id='word_1_477' title='bbox 3560 2483 3689 2550; x_wconf 73' lang='grc' dir='ltr'>τοὺς</span> 
     </span>
    </p>
   </div>
   <div class='ocr_carea' id='block_1_69' title="bbox 2119 2555 3689 2641">
    <p class='ocr_par' dir='ltr' id='par_1_69' title="bbox 2119 2555 3689 2641">
     <span class='ocr_line' id='line_1_69' title="bbox 2119 2555 3689 2641; baseline 0.012 -33"><span class='ocrx_word' id='word_1_478' title='bbox 2119 2555 2421 2626; x_wconf 77' lang='grc' dir='ltr'>κληρικοὺς</span> <span class='ocrx_word' id='word_1_479' title='bbox 2472 2558 2867 2631; x_wconf 74' lang='grc' dir='ltr'>δικαζομένους</span> <span class='ocrx_word' id='word_1_480' title='bbox 2924 2563 3129 2622; x_wconf 80' lang='grc' dir='ltr'>διδόναι</span> <span class='ocrx_word' id='word_1_481' title='bbox 3181 2569 3389 2637; x_wconf 76' lang='grc' dir='ltr'>ἐγγύας</span> <span class='ocrx_word' id='word_1_482' title='bbox 3438 2589 3689 2641; x_wconf 75' lang='grc' dir='ltr'>παρακεο</span> 
     </span>
    </p>
   </div>
   <div class='ocr_carea' id='block_1_70' title="bbox 2118 2645 3689 2726">
    <p class='ocr_par' dir='ltr' id='par_1_70' title="bbox 2118 2645 3689 2726">
     <span class='ocr_line' id='line_1_70' title="bbox 2118 2645 3689 2726; baseline 0.013 -28"><span class='ocrx_word' id='word_1_483' title='bbox 2118 2645 2359 2705; x_wconf 82' lang='grc' dir='ltr'>λεύεται.</span> <span class='ocrx_word' id='word_1_484' title='bbox 2403 2649 2722 2719; x_wconf 76' lang='grc' dir='ltr'>Σημείωσαι</span> <span class='ocrx_word' id='word_1_485' title='bbox 2755 2654 2838 2706; x_wconf 82' lang='grc' dir='ltr'>ὅτι</span> <span class='ocrx_word' id='word_1_486' title='bbox 2871 2654 3180 2726; x_wconf 70' lang='grc' dir='ltr'>ἀφόρισμός</span> <span class='ocrx_word' id='word_1_487' title='bbox 3225 2661 3344 2712; x_wconf 87' lang='grc' dir='ltr'>ἐστι</span> <span class='ocrx_word' id='word_1_488' title='bbox 3383 2664 3477 2718; x_wconf 69' lang='grc' dir='ltr'>καὶ</span> <span class='ocrx_word' id='word_1_489' title='bbox 3524 2664 3584 2717; x_wconf 74' lang='grc' dir='ltr'><strong>τὸ</strong></span> <span class='ocrx_word' id='word_1_490' title='bbox 3629 2667 3689 2718; x_wconf 78' lang='grc' dir='ltr'><strong>ἐν</strong></span> 
     </span>
    </p>
   </div>
   <div class='ocr_carea' id='block_1_71' title="bbox 2115 2736 3686 2814">
    <p class='ocr_par' dir='ltr' id='par_1_71' title="bbox 2115 2736 3686 2814">
     <span class='ocr_line' id='line_1_71' title="bbox 2115 2736 3686 2814; baseline 0.014 -27"><span class='ocrx_word' id='word_1_491' title='bbox 2115 2736 2416 2808; x_wconf 85' lang='grc' dir='ltr'>ἐπιτιμίοις</span> <span class='ocrx_word' id='word_1_492' title='bbox 2467 2740 2725 2808; x_wconf 85' lang='grc' dir='ltr'>γενέσθαι</span> <span class='ocrx_word' id='word_1_493' title='bbox 2773 2747 2889 2810; x_wconf 85' lang='grc' dir='ltr'>τοῖς</span> <span class='ocrx_word' id='word_1_494' title='bbox 2962 2747 3286 2802; x_wconf 71' lang='grc' dir='ltr'>ἐκϐάλλουσι</span> <span class='ocrx_word' id='word_1_495' title='bbox 3355 2751 3464 2808; x_wconf 85' lang='grc' dir='ltr'>τῶν</span> <span class='ocrx_word' id='word_1_496' title='bbox 3526 2752 3686 2814; x_wconf 83' lang='grc' dir='ltr'>θείων</span> 
     </span>
    </p>
   </div>
   <div class='ocr_carea' id='block_1_72' title="bbox 2116 2829 3687 2912">
    <p class='ocr_par' dir='ltr' id='par_1_72' title="bbox 2116 2829 3687 2912">
     <span class='ocr_line' id='line_1_72' title="bbox 2116 2829 3687 2912; baseline 0.012 -31"><span class='ocrx_word' id='word_1_497' title='bbox 2116 2829 2442 2899; x_wconf 78' lang='grc' dir='ltr'>περιὸόλων,</span> <span class='ocrx_word' id='word_1_498' title='bbox 2499 2834 2595 2887; x_wconf 73' lang='grc' dir='ltr'><strong>καὶ</strong></span> <span class='ocrx_word' id='word_1_499' title='bbox 2649 2835 2785 2907; x_wconf 73' lang='grc' dir='ltr'>πρὸς</span> <span class='ocrx_word' id='word_1_500' title='bbox 2808 2838 2906 2909; x_wconf 75' lang='grc' dir='ltr'>τὴν</span> <span class='ocrx_word' id='word_1_501' title='bbox 2933 2837 3042 2892; x_wconf 82' lang='grc' dir='ltr'><strong>τῶν</strong></span> <span class='ocrx_word' id='word_1_502' title='bbox 3093 2842 3499 2912; x_wconf 71' lang='grc' dir='ltr'>μετανοούντων</span> <span class='ocrx_word' id='word_1_503' title='bbox 3553 2847 3687 2900; x_wconf 83' lang='grc' dir='ltr'>καθ·</span> 
     </span>
    </p>
   </div>
   <div class='ocr_carea' id='block_1_73' title="bbox 2119 2921 2550 2994">
    <p class='ocr_par' dir='ltr' id='par_1_73' title="bbox 2119 2921 2550 2994">
     <span class='ocr_line' id='line_1_73' title="bbox 2119 2921 2550 2994; baseline 0.007 -19"><span class='ocrx_word' id='word_1_504' title='bbox 2119 2921 2310 2979; x_wconf 84' lang='grc' dir='ltr'>ιστῶσι</span> <span class='ocrx_word' id='word_1_505' title='bbox 2343 2923 2550 2994; x_wconf 82' lang='grc' dir='ltr'>χώραν.</span> 
     </span>
    </p>
   </div>
   <div class='ocr_carea' id='block_1_74' title="bbox 2113 3011 3686 3090">
    <p class='ocr_par' dir='ltr' id='par_1_74' title="bbox 2113 3011 3686 3090">
     <span class='ocr_line' id='line_1_74' title="bbox 2113 3011 3686 3090; baseline 0.008 -24"><span class='ocrx_word' id='word_1_506' title='bbox 2113 3012 2337 3072; x_wconf 80' lang='grc' dir='ltr'><strong>ΔΡΙΣΤ.</strong></span> <span class='ocrx_word' id='word_1_507' title='bbox 2393 3011 2694 3085; x_wconf 74' lang='grc' dir='ltr'>Κληρικός</span> <span class='ocrx_word' id='word_1_508' title='bbox 2751 3017 2976 3090; x_wconf 76' lang='grc' dir='ltr'>ἐγγύας</span> <span class='ocrx_word' id='word_1_509' title='bbox 3031 3021 3104 3074; x_wconf 87' lang='grc' dir='ltr'>οὐ</span> <span class='ocrx_word' id='word_1_510' title='bbox 3137 3018 3386 3085; x_wconf 71' lang='grc' dir='ltr'>δίδωσι·</span> <span class='ocrx_word' id='word_1_511' title='bbox 3437 3022 3582 3088; x_wconf 73' lang='grc' dir='ltr'>δοὺς</span> <span class='ocrx_word' id='word_1_512' title='bbox 3617 3022 3686 3078; x_wconf 78' lang='grc' dir='ltr'>δὲ</span> 
     </span>
    </p>
   </div>
   <div class='ocr_carea' id='block_1_75' title="bbox 2702 3109 3086 3176">
    <p class='ocr_par' dir='ltr' id='par_1_75' title="bbox 2702 3109 3086 3176">
     <span class='ocr_line' id='line_1_75' title="bbox 2702 3109 3086 3176; baseline 0.021 -16"><span class='ocrx_word' id='word_1_513' title='bbox 2702 3109 3086 3176; x_wconf 81' lang='grc' dir='ltr'>καθαιρεῐται.</span> 
     </span>
    </p>
   </div>
   <div class='ocr_carea' id='block_1_76' title="bbox 2185 3195 3687 3280">
    <p class='ocr_par' dir='ltr' id='par_1_76' title="bbox 2185 3195 3687 3280">
     <span class='ocr_line' id='line_1_76' title="bbox 2185 3195 3687 3280; baseline 0.008 -30"><span class='ocrx_word' id='word_1_514' title='bbox 2185 3196 2260 3256; x_wconf 77' lang='grc' dir='ltr'><strong>Οὐ</strong></span> <span class='ocrx_word' id='word_1_515' title='bbox 2290 3195 2371 3256; x_wconf 89' lang='grc' dir='ltr'>δεῖ</span> <span class='ocrx_word' id='word_1_516' title='bbox 2398 3197 2488 3250; x_wconf 71' lang='grc' dir='ltr'>τὸν</span> <span class='ocrx_word' id='word_1_517' title='bbox 2537 3198 2797 3269; x_wconf 79' lang='grc' dir='ltr'>κληρικὸν</span> <span class='ocrx_word' id='word_1_518' title='bbox 2844 3202 3039 3256; x_wconf 68' lang='grc' dir='ltr'>ἐαυτὸν</span> <span class='ocrx_word' id='word_1_519' title='bbox 3074 3203 3156 3267; x_wconf 78' lang='grc' dir='ltr'><strong>είς</strong></span> <span class='ocrx_word' id='word_1_520' title='bbox 3187 3206 3489 3277; x_wconf 78' lang='grc' dir='ltr'>πράγματα</span> <span class='ocrx_word' id='word_1_521' title='bbox 3539 3225 3687 3280; x_wconf 66' lang='grc' dir='ltr'>παρ-</span> 
     </span>
    </p>
   </div>
   <div class='ocr_carea' id='block_1_77' title="bbox 2117 3287 3684 3366">
    <p class='ocr_par' dir='ltr' id='par_1_77' title="bbox 2117 3287 3684 3366">
     <span class='ocr_line' id='line_1_77' title="bbox 2117 3287 3684 3366; baseline 0.008 -25"><span class='ocrx_word' id='word_1_522' title='bbox 2117 3287 2436 3357; x_wconf 68' lang='grc' dir='ltr'>εμὸάλὶειν,</span> <span class='ocrx_word' id='word_1_523' title='bbox 2471 3290 2564 3342; x_wconf 74' lang='grc' dir='ltr'>καὶ</span> <span class='ocrx_word' id='word_1_524' title='bbox 2596 3289 2970 3362; x_wconf 79' lang='grc' dir='ltr'>δικαστηρίων</span> <span class='ocrx_word' id='word_1_525' title='bbox 2996 3293 3251 3366; x_wconf 75' lang='grc' dir='ltr'>ὀχλήσεις</span> <span class='ocrx_word' id='word_1_526' title='bbox 3307 3297 3397 3351; x_wconf 79' lang='grc' dir='ltr'>διά</span> <span class='ocrx_word' id='word_1_527' title='bbox 3429 3315 3549 3352; x_wconf 89' lang='grc' dir='ltr'>τινα</span> <span class='ocrx_word' id='word_1_528' title='bbox 3596 3303 3684 3353; x_wconf 62' lang='grc' dir='ltr'><strong>αἱ-</strong></span> 
     </span>
    </p>
   </div>
   <div class='ocr_carea' id='block_1_78' title="bbox 2120 3380 3682 3459">
    <p class='ocr_par' dir='ltr' id='par_1_78' title="bbox 2120 3380 3682 3459">
     <span class='ocr_line' id='line_1_78' title="bbox 2120 3380 3682 3459; baseline 0.01 -30"><span class='ocrx_word' id='word_1_529' title='bbox 2120 3380 2510 3456; x_wconf 80' lang='grc' dir='ltr'>σχροκέρδειαν</span> <span class='ocrx_word' id='word_1_530' title='bbox 2534 3396 2549 3411; x_wconf 85' lang='grc'><strong>·</strong></span> <span class='ocrx_word' id='word_1_531' title='bbox 2586 3381 2634 3433; x_wconf 80' lang='grc' dir='ltr'><strong>εί</strong></span> <span class='ocrx_word' id='word_1_532' title='bbox 2664 3383 2772 3454; x_wconf 75' lang='grc' dir='ltr'>γὰρ</span> <span class='ocrx_word' id='word_1_533' title='bbox 2809 3382 2904 3436; x_wconf 87' lang='grc' dir='ltr'><strong>τοῦ</strong></span> <span class='ocrx_word' id='word_1_534' title='bbox 2949 3385 3163 3440; x_wconf 77' lang='grc' dir='ltr'>Παύλου</span> <span class='ocrx_word' id='word_1_535' title='bbox 3200 3387 3364 3458; x_wconf 78' lang='grc' dir='ltr'>τυχὸν</span> <span class='ocrx_word' id='word_1_536' title='bbox 3407 3392 3547 3459; x_wconf 84' lang='grc' dir='ltr'>μετὰ</span> <span class='ocrx_word' id='word_1_537' title='bbox 3588 3392 3682 3454; x_wconf 81' lang='grc' dir='ltr'><strong>τοῦ</strong></span> 
     </span>
    </p>
   </div>
   <div class='ocr_carea' id='block_1_79' title="bbox 2119 3472 3686 3548">
    <p class='ocr_par' dir='ltr' id='par_1_79' title="bbox 2119 3472 3686 3548">
     <span class='ocr_line' id='line_1_79' title="bbox 2119 3472 3686 3548; baseline 0.007 -24"><span class='ocrx_word' id='word_1_538' title='bbox 2119 3472 2386 3542; x_wconf 77' lang='grc' dir='ltr'>δημοσίου</span> <span class='ocrx_word' id='word_1_539' title='bbox 2421 3472 2454 3542; x_wconf 78' lang='grc' dir='ltr'>ἢ</span> <span class='ocrx_word' id='word_1_540' title='bbox 2495 3473 2594 3526; x_wconf 75' lang='grc' dir='ltr'>καὶ</span> <span class='ocrx_word' id='word_1_541' title='bbox 2647 3473 2859 3528; x_wconf 73' lang='grc' dir='ltr'>ἰδιώτου</span> <span class='ocrx_word' id='word_1_542' title='bbox 2891 3477 3034 3541; x_wconf 72' lang='grc' dir='ltr'>τινὶς</span> <span class='ocrx_word' id='word_1_543' title='bbox 3066 3479 3548 3548; x_wconf 79' lang='grc' dir='ltr'>συναλλάσσοντος,</span> <span class='ocrx_word' id='word_1_544' title='bbox 3589 3483 3686 3541; x_wconf 71' lang='grc' dir='ltr'>καὶ</span> 
     </span>
    </p>
   </div>
   <div class='ocr_carea' id='block_1_80' title="bbox 2117 3566 3682 3648">
    <p class='ocr_par' dir='ltr' id='par_1_80' title="bbox 2117 3566 3682 3648">
     <span class='ocr_line' id='line_1_80' title="bbox 2117 3566 3682 3648; baseline 0.005 -31"><span class='ocrx_word' id='word_1_545' title='bbox 2117 3566 2193 3636; x_wconf 83' lang='grc' dir='ltr'><strong>μὴ</strong></span> <span class='ocrx_word' id='word_1_546' title='bbox 2249 3568 2746 3643; x_wconf 82' lang='grc' dir='ltr'>ἐμπιστευομένου,</span> <span class='ocrx_word' id='word_1_547' title='bbox 2803 3570 2919 3626; x_wconf 82' lang='grc' dir='ltr'><strong>ἀλλ’</strong></span> <span class='ocrx_word' id='word_1_548' title='bbox 2977 3571 3386 3642; x_wconf 79' lang='grc' dir='ltr'>ἀπαιτουμένου</span> <span class='ocrx_word' id='word_1_549' title='bbox 3448 3573 3682 3648; x_wconf 73' lang='grc' dir='ltr'>ἐγγύας,</span> 
     </span>
    </p>
   </div>
   <div class='ocr_carea' id='block_1_81' title="bbox 2115 3655 3684 3734">
    <p class='ocr_par' dir='ltr' id='par_1_81' title="bbox 2115 3655 3684 3734">
     <span class='ocr_line' id='line_1_81' title="bbox 2115 3655 3684 3734; baseline 0.006 -25"><span class='ocrx_word' id='word_1_550' title='bbox 2115 3655 2372 3726; x_wconf 79' lang='grc' dir='ltr'>κληρικδς</span> <span class='ocrx_word' id='word_1_551' title='bbox 2402 3658 2738 3727; x_wconf 81' lang='grc' dir='ltr'>ἐγγυήσεται</span> <span class='ocrx_word' id='word_1_552' title='bbox 2765 3661 2980 3724; x_wconf 89' lang='grc' dir='ltr'>τοῦτον,</span> <span class='ocrx_word' id='word_1_553' title='bbox 3012 3663 3105 3714; x_wconf 81' lang='grc' dir='ltr'>καὶ</span> <span class='ocrx_word' id='word_1_554' title='bbox 3131 3663 3468 3734; x_wconf 78' lang='grc' dir='ltr'>καταστήσει</span> <span class='ocrx_word' id='word_1_555' title='bbox 3495 3663 3684 3733; x_wconf 82' lang='grc' dir='ltr'>ἔνοχον</span> 
     </span>
    </p>
   </div>
   <div class='ocr_carea' id='block_1_82' title="bbox 2115 3747 3678 3822">
    <p class='ocr_par' dir='ltr' id='par_1_82' title="bbox 2115 3747 3678 3822">
     <span class='ocr_line' id='line_1_82' title="bbox 2115 3747 3678 3822; baseline 0.004 -22"><span class='ocrx_word' id='word_1_556' title='bbox 2115 3747 2341 3801; x_wconf 78' lang='grc' dir='ltr'>ἑαυτόν·</span> <span class='ocrx_word' id='word_1_557' title='bbox 2375 3750 2403 3801; x_wconf 85' lang='grc' dir='ltr'>ὁ</span> <span class='ocrx_word' id='word_1_558' title='bbox 2431 3749 2691 3814; x_wconf 84' lang='grc' dir='ltr'>τοιοῦτος,</span> <span class='ocrx_word' id='word_1_559' title='bbox 2748 3751 2823 3815; x_wconf 87' lang='grc' dir='ltr'>ὼς</span> <span class='ocrx_word' id='word_1_560' title='bbox 2858 3754 3276 3822; x_wconf 71' lang='grc' dir='ltr'>καταφρονητὴς</span> <span class='ocrx_word' id='word_1_561' title='bbox 3319 3755 3416 3822; x_wconf 77' lang='grc' dir='ltr'>τῆς</span> <span class='ocrx_word' id='word_1_562' title='bbox 3465 3754 3678 3818; x_wconf 77' lang='grc' dir='ltr'>οἰκείας</span> 
     </span>
    </p>
   </div>
   <div class='ocr_carea' id='block_1_83' title="bbox 2113 3837 3672 3914">
    <p class='ocr_par' dir='ltr' id='par_1_83' title="bbox 2113 3837 3672 3914">
     <span class='ocr_line' id='line_1_83' title="bbox 2113 3837 3672 3914; baseline 0.006 -25"><span class='ocrx_word' id='word_1_563' title='bbox 2113 3837 2394 3908; x_wconf 83' lang='grc' dir='ltr'>ἐπιτιμίας</span> <span class='ocrx_word' id='word_1_564' title='bbox 2418 3839 2506 3893; x_wconf 82' lang='grc' dir='ltr'>διά</span> <span class='ocrx_word' id='word_1_565' title='bbox 2539 3856 2589 3892; x_wconf 85' lang='grc' dir='ltr'><strong>τι</strong></span> <span class='ocrx_word' id='word_1_566' title='bbox 2622 3840 2811 3910; x_wconf 83' lang='grc' dir='ltr'>κέρδος</span> <span class='ocrx_word' id='word_1_567' title='bbox 2837 3842 3146 3911; x_wconf 80' lang='grc' dir='ltr'>γενόμενος,</span> <span class='ocrx_word' id='word_1_568' title='bbox 3182 3844 3672 3914; x_wconf 81' lang='grc' dir='ltr'>καθαιρεθήσεται.</span> 
     </span>
    </p>
   </div>
   <div class='ocr_carea' id='block_1_84' title="bbox 2116 3931 3681 4003">
    <p class='ocr_par' dir='ltr' id='par_1_84' title="bbox 2116 3931 3681 4003">
     <span class='ocr_line' id='line_1_84' title="bbox 2116 3931 3681 4003; baseline 0.003 -21"><span class='ocrx_word' id='word_1_569' title='bbox 2116 3931 2179 3982; x_wconf 76' lang='grc' dir='ltr'><strong>Εἰ</strong></span> <span class='ocrx_word' id='word_1_570' title='bbox 2209 3931 2265 3984; x_wconf 82' lang='grc' dir='ltr'>δὲ</span> <span class='ocrx_word' id='word_1_571' title='bbox 2292 3933 2431 3983; x_wconf 69' lang='grc' dir='ltr'>κατὰ</span> <span class='ocrx_word' id='word_1_572' title='bbox 2463 3931 2628 3984; x_wconf 84' lang='grc' dir='ltr'>πόνου</span> <span class='ocrx_word' id='word_1_573' title='bbox 2678 3931 2852 4000; x_wconf 84' lang='grc' dir='ltr'>εὑρὼν</span> <span class='ocrx_word' id='word_1_574' title='bbox 2879 3935 2905 3985; x_wconf 87' lang='grc' dir='ltr'>ὁ</span> <span class='ocrx_word' id='word_1_575' title='bbox 2934 3932 3194 4002; x_wconf 79' lang='grc' dir='ltr'>κλήρικὸς</span> <span class='ocrx_word' id='word_1_576' title='bbox 3236 3933 3547 4003; x_wconf 70' lang='grc' dir='ltr'>ἄνθρωπον,</span> <span class='ocrx_word' id='word_1_577' title='bbox 3583 3937 3681 3987; x_wconf 73' lang='grc' dir='ltr'>καὶ</span> 
     </span>
    </p>
   </div>
   <div class='ocr_carea' id='block_1_85' title="bbox 2117 4021 3683 4098">
    <p class='ocr_par' dir='ltr' id='par_1_85' title="bbox 2117 4021 3683 4098">
     <span class='ocr_line' id='line_1_85' title="bbox 2117 4021 3683 4098; baseline 0.002 -25"><span class='ocrx_word' id='word_1_578' title='bbox 2117 4024 2175 4076; x_wconf 83' lang='grc' dir='ltr'><strong>ἐν</strong></span> <span class='ocrx_word' id='word_1_579' title='bbox 2233 4021 2450 4092; x_wconf 66' lang='grc' dir='ltr'>φιλακῇ</span> <span class='ocrx_word' id='word_1_580' title='bbox 2502 4025 2890 4093; x_wconf 81' lang='grc' dir='ltr'>κατεχόμενον,</span> <span class='ocrx_word' id='word_1_581' title='bbox 2945 4025 3040 4076; x_wconf 72' lang='grc' dir='ltr'>καὶ</span> <span class='ocrx_word' id='word_1_582' title='bbox 3085 4024 3262 4088; x_wconf 78' lang='grc' dir='ltr'>ἄλλως</span> <span class='ocrx_word' id='word_1_583' title='bbox 3320 4024 3534 4086; x_wconf 81' lang='grc' dir='ltr'>ἐκεῖθεν</span> <span class='ocrx_word' id='word_1_584' title='bbox 3605 4026 3683 4098; x_wconf 79' lang='grc' dir='ltr'>μὴ</span> 
     </span>
    </p>
   </div>
   <div class='ocr_carea' id='block_1_86' title="bbox 2117 4101 3682 4186">
    <p class='ocr_par' dir='ltr' id='par_1_86' title="bbox 2117 4101 3682 4186">
     <span class='ocr_line' id='line_1_86' title="bbox 2117 4101 3682 4186; baseline -0.001 -17"><span class='ocrx_word' id='word_1_585' title='bbox 2117 4115 2472 4182; x_wconf 81' lang='grc' dir='ltr'>ἐξαγόμενον,</span> <span class='ocrx_word' id='word_1_586' title='bbox 2495 4116 2542 4165; x_wconf 82' lang='grc' dir='ltr'>εξ</span> <span class='ocrx_word' id='word_1_587' title='bbox 2571 4116 2644 4184; x_wconf 83' lang='grc' dir='ltr'><strong>μή</strong></span> <span class='ocrx_word' id='word_1_588' title='bbox 2667 4131 2790 4168; x_wconf 85' lang='grc' dir='ltr'>τινα</span> <span class='ocrx_word' id='word_1_589' title='bbox 2817 4115 2933 4186; x_wconf 77' lang='grc' dir='ltr'>δοίη</span> <span class='ocrx_word' id='word_1_590' title='bbox 2959 4113 3049 4168; x_wconf 80' lang='grc' dir='ltr'>τὸν</span> <span class='ocrx_word' id='word_1_591' title='bbox 3079 4115 3492 4185; x_wconf 73' lang='grc' dir='ltr'>ἐγγυησάμενον</span> <span class='ocrx_word' id='word_1_592' title='bbox 3517 4101 3682 4170; x_wconf 72' lang='grc' dir='ltr'>αὑτὸν</span> 
     </span>
    </p>
   </div>
   <div class='ocr_carea' id='block_1_87' title="bbox 2118 4204 3684 4279">
    <p class='ocr_par' dir='ltr' id='par_1_87' title="bbox 2118 4204 3684 4279">
     <span class='ocr_line' id='line_1_87' title="bbox 2118 4204 3684 4279; baseline 0.004 -23"><span class='ocrx_word' id='word_1_593' title='bbox 2118 4205 2196 4276; x_wconf 81' lang='grc' dir='ltr'>μὴ</span> <span class='ocrx_word' id='word_1_594' title='bbox 2223 4204 2523 4275; x_wconf 79' lang='grc' dir='ltr'>ἀποδρᾶναι</span> <span class='ocrx_word' id='word_1_595' title='bbox 2545 4219 2558 4233; x_wconf 83' lang='grc'><em>’</em></span> <span class='ocrx_word' id='word_1_596' title='bbox 2611 4208 2706 4258; x_wconf 72' lang='grc' dir='ltr'>καὶ</span> <span class='ocrx_word' id='word_1_597' title='bbox 2737 4206 2827 4259; x_wconf 79' lang='grc' dir='ltr'>διὰ</span> <span class='ocrx_word' id='word_1_598' title='bbox 2864 4208 3213 4277; x_wconf 77' lang='grc' dir='ltr'>συμπάθειαν</span> <span class='ocrx_word' id='word_1_599' title='bbox 3245 4209 3340 4269; x_wconf 75' lang='grc' dir='ltr'>καὶ</span> <span class='ocrx_word' id='word_1_600' title='bbox 3375 4207 3684 4279; x_wconf 74' lang='grc' dir='ltr'>φιλανθρωο</span> 
     </span>
    </p>
   </div>
   <div class='ocr_carea' id='block_1_88' title="bbox 2116 4295 3682 4372">
    <p class='ocr_par' dir='ltr' id='par_1_88' title="bbox 2116 4295 3682 4372">
     <span class='ocr_line' id='line_1_88' title="bbox 2116 4295 3682 4372; baseline 0.003 -23"><span class='ocrx_word' id='word_1_601' title='bbox 2116 4296 2246 4350; x_wconf 84' lang='grc' dir='ltr'>πίαν</span> <span class='ocrx_word' id='word_1_602' title='bbox 2277 4295 2585 4361; x_wconf 77' lang='grc' dir='ltr'>ἀναδέξεται</span> <span class='ocrx_word' id='word_1_603' title='bbox 2617 4298 2708 4351; x_wconf 73' lang='grc' dir='ltr'>τὸν</span> <span class='ocrx_word' id='word_1_604' title='bbox 2737 4298 2982 4359; x_wconf 75' lang='grc' dir='ltr'>τοιοῦτον</span> <span class='ocrx_word' id='word_1_605' title='bbox 3023 4299 3116 4352; x_wconf 78' lang='grc' dir='ltr'>καὶ</span> <span class='ocrx_word' id='word_1_606' title='bbox 3150 4303 3427 4372; x_wconf 73' lang='grc' dir='ltr'>παριστᾷν</span> <span class='ocrx_word' id='word_1_607' title='bbox 3478 4302 3682 4372; x_wconf 77' lang='grc' dir='ltr'>ἐγγυή-</span> 
     </span>
    </p>
   </div>
   <div class='ocr_carea' id='block_1_89' title="bbox 2117 4387 3682 4464">
    <p class='ocr_par' dir='ltr' id='par_1_89' title="bbox 2117 4387 3682 4464">
     <span class='ocr_line' id='line_1_89' title="bbox 2117 4387 3682 4464; baseline 0.003 -22"><span class='ocrx_word' id='word_1_608' title='bbox 2117 4406 2288 4454; x_wconf 84' lang='grc' dir='ltr'>σεται,</span> <span class='ocrx_word' id='word_1_609' title='bbox 2318 4389 2520 4444; x_wconf 81' lang='grc' dir='ltr'>ὁπόταν</span> <span class='ocrx_word' id='word_1_610' title='bbox 2552 4387 2616 4442; x_wconf 83' lang='grc' dir='ltr'>ἂν</span> <span class='ocrx_word' id='word_1_611' title='bbox 2645 4387 2853 4459; x_wconf 76' lang='grc' dir='ltr'>ζητηθῇ</span> <span class='ocrx_word' id='word_1_612' title='bbox 2879 4428 2894 4453; x_wconf 96' lang='grc'><strong>,</strong></span> <span class='ocrx_word' id='word_1_613' title='bbox 2925 4389 2985 4442; x_wconf 82' lang='grc' dir='ltr'>οὐ</span> <span class='ocrx_word' id='word_1_614' title='bbox 3033 4390 3195 4460; x_wconf 84' lang='grc' dir='ltr'>μόνον</span> <span class='ocrx_word' id='word_1_615' title='bbox 3238 4391 3340 4445; x_wconf 82' lang='grc' dir='ltr'>οὐκ</span> <span class='ocrx_word' id='word_1_616' title='bbox 3367 4393 3682 4464; x_wconf 65' lang='grc' dir='ltr'>ἀπὲσλητος</span> 
     </span>
    </p>
   </div>
   <div class='ocr_carea' id='block_1_90' title="bbox 441 4467 2014 4554">
    <p class='ocr_par' dir='ltr' id='par_1_90' title="bbox 441 4469 2011 4547">
     <span class='ocr_line' id='line_1_90' title="bbox 441 4469 2011 4547; baseline -0.005 -15"><span class='ocrx_word' id='word_1_617' title='bbox 441 4476 666 4532; x_wconf 79' lang='lat' dir='ltr'><strong>cicndus</strong></span> <span class='ocrx_word' id='word_1_618' title='bbox 691 4474 814 4538; x_wconf 89' lang='lat' dir='ltr'><strong>erit,</strong></span> <span class='ocrx_word' id='word_1_619' title='bbox 845 4476 938 4528; x_wconf 86' lang='lat' dir='ltr'><strong>sed</strong></span> <span class='ocrx_word' id='word_1_620' title='bbox 967 4471 1264 4532; x_wconf 82' lang='lat' dir='ltr'><strong>laudandus</strong></span> <span class='ocrx_word' id='word_1_621' title='bbox 1300 4469 1629 4544; x_wconf 86' lang='lat' dir='ltr'><strong>judicahitur</strong></span> <span class='ocrx_word' id='word_1_622' title='bbox 1650 4510 1665 4539; x_wconf 85' lang='lat'><strong>,</strong></span> <span class='ocrx_word' id='word_1_623' title='bbox 1702 4479 1759 4524; x_wconf 90' lang='lat' dir='ltr'><strong>ut</strong></span> <span class='ocrx_word' id='word_1_624' title='bbox 1806 4487 2011 4547; x_wconf 80' lang='lat' dir='ltr'><strong>ponens</strong></span> 
     </span>
    </p>
   </div>
   <div class='ocr_carea' id='block_1_91' title="bbox 2116 4467 3679 4554">
    <p class='ocr_par' dir='ltr' id='par_1_91' title="bbox 2116 4477 3679 4554">
     <span class='ocr_line' id='line_1_91' title="bbox 2116 4477 3679 4554; baseline 0.003 -24"><span class='ocrx_word' id='word_1_625' title='bbox 2116 4479 2291 4542; x_wconf 79' lang='grc' dir='ltr'>ἔσται,</span> <span class='ocrx_word' id='word_1_626' title='bbox 2347 4477 2482 4532; x_wconf 83' lang='grc' dir='ltr'><strong>ἀλλά</strong></span> <span class='ocrx_word' id='word_1_627' title='bbox 2510 4477 2636 4531; x_wconf 81' lang='grc' dir='ltr'>-καὶ</span> <span class='ocrx_word' id='word_1_628' title='bbox 2674 4478 2991 4541; x_wconf 85' lang='grc' dir='ltr'>ἐπαινετέος</span> <span class='ocrx_word' id='word_1_629' title='bbox 3037 4480 3386 4552; x_wconf 83' lang='grc' dir='ltr'>κριθήσεται,</span> <span class='ocrx_word' id='word_1_630' title='bbox 3457 4483 3532 4546; x_wconf 83' lang='grc' dir='ltr'>ὡς</span> <span class='ocrx_word' id='word_1_631' title='bbox 3580 4484 3679 4554; x_wconf 77' lang='grc' dir='ltr'>τὴν</span> 
     </span>
    </p>
   </div>
   <div class='ocr_carea' id='block_1_92' title="bbox 442 4560 2011 4635">
    <p class='ocr_par' dir='ltr' id='par_1_92' title="bbox 442 4560 2011 4635">
     <span class='ocr_line' id='line_1_92' title="bbox 442 4560 2011 4635; baseline -0.005 -12"><span class='ocrx_word' id='word_1_632' title='bbox 442 4570 678 4625; x_wconf 66' lang='lat' dir='ltr'><strong>animam</strong></span> <span class='ocrx_word' id='word_1_633' title='bbox 709 4580 864 4622; x_wconf 86' lang='lat' dir='ltr'><strong>suam</strong></span> <span class='ocrx_word' id='word_1_634' title='bbox 903 4579 999 4634; x_wconf 90' lang='lat' dir='ltr'><strong>pro</strong></span> <span class='ocrx_word' id='word_1_635' title='bbox 1039 4570 1292 4635; x_wconf 77' lang='lat' dir='ltr'><strong>cognato.</strong></span> <span class='ocrx_word' id='word_1_636' title='bbox 1328 4560 1551 4614; x_wconf 75' lang='lat' dir='ltr'><strong>Clericis</strong></span> <span class='ocrx_word' id='word_1_637' title='bbox 1602 4570 1782 4614; x_wconf 87' lang='lat' dir='ltr'><strong>autem</strong></span> <span class='ocrx_word' id='word_1_638' title='bbox 1836 4563 1888 4617; x_wconf 90' lang='lat' dir='ltr'><strong>in</strong></span> <span class='ocrx_word' id='word_1_639' title='bbox 1925 4562 2011 4634; x_wconf 87' lang='lat' dir='ltr'><strong>jus</strong></span> 
     </span>
    </p>
   </div>
   <div class='ocr_carea' id='block_1_93' title="bbox 436 4648 2013 4724">
    <p class='ocr_par' dir='ltr' id='par_1_93' title="bbox 436 4648 2013 4724">
     <span class='ocr_line' id='line_1_93' title="bbox 436 4648 2013 4724; baseline -0.003 -14"><span class='ocrx_word' id='word_1_640' title='bbox 436 4657 647 4714; x_wconf 76' lang='lat' dir='ltr'><strong>vocatis</strong></span> <span class='ocrx_word' id='word_1_641' title='bbox 679 4655 817 4724; x_wconf 75' lang='lat' dir='ltr'><strong>exigi</strong></span> <span class='ocrx_word' id='word_1_642' title='bbox 856 4651 1234 4724; x_wconf 83' lang='lat' dir='ltr'><strong>iidejussiones</strong></span> <span class='ocrx_word' id='word_1_643' title='bbox 1253 4648 1457 4719; x_wconf 86' lang='lat' dir='ltr'><strong>judicio</strong></span> <span class='ocrx_word' id='word_1_644' title='bbox 1499 4663 1558 4704; x_wconf 86' lang='lat' dir='ltr'><strong>se</strong></span> <span class='ocrx_word' id='word_1_645' title='bbox 1595 4649 1856 4716; x_wconf 81' lang='lat' dir='ltr'><strong>sistendi,</strong></span> <span class='ocrx_word' id='word_1_646' title='bbox 1911 4652 2013 4706; x_wconf 92' lang='lat' dir='ltr'><strong>hoc</strong></span> 
     </span>
    </p>
   </div>
   <div class='ocr_carea' id='block_1_94' title="bbox 446 4739 2011 4818">
    <p class='ocr_par' dir='ltr' id='par_1_94' title="bbox 446 4739 2011 4818">
     <span class='ocr_line' id='line_1_94' title="bbox 446 4739 2011 4818; baseline -0.005 -14"><span class='ocrx_word' id='word_1_647' title='bbox 446 4765 553 4805; x_wconf 85' lang='lat' dir='ltr'><strong>non</strong></span> <span class='ocrx_word' id='word_1_648' title='bbox 583 4747 755 4805; x_wconf 87' lang='lat' dir='ltr'><strong>reddit</strong></span> <span class='ocrx_word' id='word_1_649' title='bbox 780 4741 873 4800; x_wconf 85' lang='lat' dir='ltr'><strong>eos</strong></span> <span class='ocrx_word' id='word_1_650' title='bbox 901 4742 1226 4814; x_wconf 85' lang='lat' dir='ltr'><strong>dcpositioni</strong></span> <span class='ocrx_word' id='word_1_651' title='bbox 1251 4741 1530 4796; x_wconf 78' lang='lat' dir='ltr'><strong>obnoxios.</strong></span> <span class='ocrx_word' id='word_1_652' title='bbox 1563 4739 1621 4794; x_wconf 87' lang='lat' dir='ltr'><strong>lu</strong></span> <span class='ocrx_word' id='word_1_653' title='bbox 1652 4756 1842 4818; x_wconf 82' lang='lat' dir='ltr'><strong>quarta</strong></span> <span class='ocrx_word' id='word_1_654' title='bbox 1865 4741 2011 4796; x_wconf 86' lang='lat' dir='ltr'><strong>enim</strong></span> 
     </span>
    </p>
   </div>
   <div class='ocr_carea' id='block_1_95' title="bbox 443 4820 2013 4910">
    <p class='ocr_par' dir='ltr' id='par_1_95' title="bbox 443 4820 2013 4910">
     <span class='ocr_line' id='line_1_95' title="bbox 443 4820 2013 4910; baseline -0.006 -15"><span class='ocrx_word' id='word_1_655' title='bbox 443 4843 655 4895; x_wconf 88' lang='lat' dir='ltr'><strong>actione</strong></span> <span class='ocrx_word' id='word_1_656' title='bbox 691 4838 744 4892; x_wconf 91' lang='lat' dir='ltr'><strong>in</strong></span> <span class='ocrx_word' id='word_1_657' title='bbox 780 4820 1122 4892; x_wconf 80' lang='lat' dir='ltr'><strong>Chalcedone</strong></span> <span class='ocrx_word' id='word_1_658' title='bbox 1154 4842 1418 4900; x_wconf 84' lang='lat' dir='ltr'><strong>actorum,</strong></span> <span class='ocrx_word' id='word_1_659' title='bbox 1445 4844 1638 4887; x_wconf 84' lang='lat' dir='ltr'><strong>sancta</strong></span> <span class='ocrx_word' id='word_1_660' title='bbox 1685 4835 1922 4910; x_wconf 78' lang='lat' dir='ltr'><strong>synodus</strong></span> <span class='ocrx_word' id='word_1_661' title='bbox 1960 4842 2013 4891; x_wconf 87' lang='lat' dir='ltr'><strong>et</strong></span> 
     </span>
    </p>
   </div>
   <div class='ocr_carea' id='block_1_96' title="bbox 441 4925 2008 4995">
    <p class='ocr_par' dir='ltr' id='par_1_96' title="bbox 441 4925 2008 4995">
     <span class='ocr_line' id='line_1_96' title="bbox 441 4925 2008 4995; baseline -0.007 -5"><span class='ocrx_word' id='word_1_662' title='bbox 441 4933 781 4990; x_wconf 81' lang='lat' dir='ltr'><strong>considentes</strong></span> <span class='ocrx_word' id='word_1_663' title='bbox 813 4932 867 4985; x_wconf 91' lang='lat' dir='ltr'><strong>in</strong></span> <span class='ocrx_word' id='word_1_664' title='bbox 897 4944 958 4983; x_wconf 90' lang='lat' dir='ltr'><strong>ea</strong></span> <span class='ocrx_word' id='word_1_665' title='bbox 1010 4926 1346 4983; x_wconf 85' lang='lat' dir='ltr'><strong>celeberrimi</strong></span> <span class='ocrx_word' id='word_1_666' title='bbox 1397 4925 1656 4995; x_wconf 69' lang='lat' dir='ltr'><strong>prmiecti,</strong></span> <span class='ocrx_word' id='word_1_667' title='bbox 1702 4933 2008 4980; x_wconf 83' lang='lat' dir='ltr'><strong>statuerunt</strong></span> 
     </span>
    </p>
   </div>
   <div class='ocr_carea' id='block_1_97' title="bbox 441 5014 2006 5096">
    <p class='ocr_par' dir='ltr' id='par_1_97' title="bbox 441 5014 2006 5096">
     <span class='ocr_line' id='line_1_97' title="bbox 441 5014 2006 5096; baseline -0.006 -18"><span class='ocrx_word' id='word_1_668' title='bbox 441 5022 726 5096; x_wconf 64' lang='lat' dir='ltr'><strong>Aigyptios</strong></span> <span class='ocrx_word' id='word_1_669' title='bbox 763 5019 1042 5090; x_wconf 84' lang='lat' dir='ltr'><strong>episcOpos</strong></span> <span class='ocrx_word' id='word_1_670' title='bbox 1071 5015 1443 5085; x_wconf 80' lang='lat' dir='ltr'><strong>ﬁdejussioues</strong></span> <span class='ocrx_word' id='word_1_671' title='bbox 1483 5029 1542 5069; x_wconf 90' lang='lat' dir='ltr'><strong>se</strong></span> <span class='ocrx_word' id='word_1_672' title='bbox 1573 5014 1797 5069; x_wconf 84' lang='lat' dir='ltr'><strong>sistendi</strong></span> <span class='ocrx_word' id='word_1_673' title='bbox 1834 5015 2006 5081; x_wconf 56' lang='lat' dir='ltr'><strong>,dare,</strong></span> 
     </span>
    </p>
   </div>
   <div class='ocr_carea' id='block_1_98' title="bbox 441 5105 1636 5180">
    <p class='ocr_par' dir='ltr' id='par_1_98' title="bbox 441 5105 1636 5180">
     <span class='ocr_line' id='line_1_98' title="bbox 441 5105 1636 5180; baseline -0.007 -10"><span class='ocrx_word' id='word_1_674' title='bbox 441 5129 494 5170; x_wconf 88' lang='lat' dir='ltr'><strong>ct</strong></span> <span class='ocrx_word' id='word_1_675' title='bbox 519 5116 626 5172; x_wconf 86' lang='lat' dir='ltr'><strong>illis</strong></span> <span class='ocrx_word' id='word_1_676' title='bbox 652 5113 938 5171; x_wconf 78' lang='lat' dir='ltr'><strong>destitutos</strong></span> <span class='ocrx_word' id='word_1_677' title='bbox 962 5107 1318 5180; x_wconf 86' lang='lat' dir='ltr'><strong>jurejurando</strong></span> <span class='ocrx_word' id='word_1_678' title='bbox 1352 5105 1636 5176; x_wconf 78' lang='lat' dir='ltr'><strong>obstringi.</strong></span> 
     </span>
    </p>
   </div>
   <div class='ocr_carea' id='block_1_99' title="bbox 1025 5384 1420 5445">
    <p class='ocr_par' dir='ltr' id='par_1_99' title="bbox 1025 5384 1420 5445">
     <span class='ocr_line' id='line_1_99' title="bbox 1025 5384 1420 5445; baseline -0.01 0"><span class='ocrx_word' id='word_1_679' title='bbox 1025 5385 1252 5445; x_wconf 74' lang='lat' dir='ltr'><strong>CANON</strong></span> <span class='ocrx_word' id='word_1_680' title='bbox 1282 5384 1420 5441; x_wconf 79' lang='lat' dir='ltr'><strong>XXI.</strong></span> 
     </span>
    </p>
   </div>
   <div class='ocr_carea' id='block_1_100' title="bbox 445 5478 2006 5550">
    <p class='ocr_par' dir='ltr' id='par_1_100' title="bbox 445 5478 2006 5550">
     <span class='ocr_line' id='line_1_100' title="bbox 445 5478 2006 5550; baseline 0.001 -18"><span class='ocrx_word' id='word_1_681' title='bbox 445 5485 755 5547; x_wconf 59' lang='lat' dir='ltr'><strong>Eunuchus,</strong></span> <span class='ocrx_word' id='word_1_682' title='bbox 790 5481 836 5533; x_wconf 75' lang='lat' dir='ltr'><strong>si</strong></span> <span class='ocrx_word' id='word_1_683' title='bbox 865 5496 928 5536; x_wconf 77' lang='lat' dir='ltr'><strong>ea:</strong></span> <span class='ocrx_word' id='word_1_684' title='bbox 960 5481 1222 5536; x_wconf 78' lang='lat' dir='ltr'><strong>hominum</strong></span> <span class='ocrx_word' id='word_1_685' title='bbox 1247 5479 1457 5550; x_wconf 80' lang='lat' dir='ltr'><strong>quidem</strong></span> <span class='ocrx_word' id='word_1_686' title='bbox 1481 5478 1678 5548; x_wconf 83' lang='lat' dir='ltr'><strong>injuria</strong></span> <span class='ocrx_word' id='word_1_687' title='bbox 1709 5479 1885 5549; x_wconf 73' lang='lat' dir='ltr'><strong>factus</strong></span> <span class='ocrx_word' id='word_1_688' title='bbox 1915 5481 2006 5546; x_wconf 78' lang='lat' dir='ltr'><strong>sit,</strong></span> 
     </span>
    </p>
   </div>
   <div class='ocr_carea' id='block_1_101' title="bbox 2111 4568 3683 4641">
    <p class='ocr_par' dir='ltr' id='par_1_101' title="bbox 2111 4568 3683 4641">
     <span class='ocr_line' id='line_1_101' title="bbox 2111 4568 3683 4641; baseline 0.003 -18"><span class='ocrx_word' id='word_1_689' title='bbox 2111 4568 2304 4623; x_wconf 85' lang='grc' dir='ltr'>ἐαυτοῦ</span> <span class='ocrx_word' id='word_1_690' title='bbox 2335 4569 2516 4641; x_wconf 77' lang='grc' dir='ltr'>ψυχὴν</span> <span class='ocrx_word' id='word_1_691' title='bbox 2547 4568 2690 4638; x_wconf 78' lang='grc' dir='ltr'>ὑπὲρ</span> <span class='ocrx_word' id='word_1_692' title='bbox 2721 4568 3019 4639; x_wconf 85' lang='grc' dir='ltr'>ὁμογενοῦς</span> <span class='ocrx_word' id='word_1_693' title='bbox 3075 4571 3324 4640; x_wconf 82' lang='grc' dir='ltr'>θέμενος.</span> <span class='ocrx_word' id='word_1_694' title='bbox 3361 4571 3434 4625; x_wconf 80' lang='grc' dir='ltr'><strong>Τὸ</strong></span> <span class='ocrx_word' id='word_1_695' title='bbox 3467 4573 3523 4626; x_wconf 83' lang='grc' dir='ltr'>δὲ</span> <span class='ocrx_word' id='word_1_696' title='bbox 3555 4576 3683 4640; x_wconf 82' lang='grc' dir='ltr'>τοὺς</span> 
     </span>
    </p>
   </div>
   <div class='ocr_carea' id='block_1_102' title="bbox 2112 4662 3684 4736">
    <p class='ocr_par' dir='ltr' id='par_1_102' title="bbox 2112 4662 3684 4736">
     <span class='ocr_line' id='line_1_102' title="bbox 2112 4662 3684 4736; baseline 0.001 -19"><span class='ocrx_word' id='word_1_697' title='bbox 2112 4664 2414 4735; x_wconf 73' lang='grc' dir='ltr'>κληρικοῦς</span> <span class='ocrx_word' id='word_1_698' title='bbox 2447 4662 2840 4732; x_wconf 79' lang='grc' dir='ltr'>δικαζομένους</span> <span class='ocrx_word' id='word_1_699' title='bbox 2878 4662 3229 4717; x_wconf 82' lang='grc' dir='ltr'>ἀπαιτεῖσθαι</span> <span class='ocrx_word' id='word_1_700' title='bbox 3266 4665 3476 4733; x_wconf 88' lang='grc' dir='ltr'>ἐγγύας</span> <span class='ocrx_word' id='word_1_701' title='bbox 3505 4683 3684 4736; x_wconf 72' lang='grc' dir='ltr'>παρα-</span> 
     </span>
    </p>
   </div>
   <div class='ocr_carea' id='block_1_103' title="bbox 2113 4753 3682 4827">
    <p class='ocr_par' dir='ltr' id='par_1_103' title="bbox 2113 4753 3682 4827">
     <span class='ocr_line' id='line_1_103' title="bbox 2113 4753 3682 4827; baseline 0.001 -19"><span class='ocrx_word' id='word_1_702' title='bbox 2113 4758 2361 4818; x_wconf 76' lang='grc' dir='ltr'>στάσεως</span> <span class='ocrx_word' id='word_1_703' title='bbox 2421 4753 2680 4811; x_wconf 83' lang='grc' dir='ltr'>τοσοῦτον</span> <span class='ocrx_word' id='word_1_704' title='bbox 2731 4754 2791 4807; x_wconf 81' lang='grc' dir='ltr'>οὐ</span> <span class='ocrx_word' id='word_1_705' title='bbox 2849 4754 3170 4825; x_wconf 79' lang='grc' dir='ltr'>καθαιρέσει</span> <span class='ocrx_word' id='word_1_706' title='bbox 3223 4757 3423 4821; x_wconf 74' lang='grc' dir='ltr'>αὐτοὺς</span> <span class='ocrx_word' id='word_1_707' title='bbox 3461 4757 3682 4827; x_wconf 84' lang='grc' dir='ltr'>ἐνόχους</span> 
     </span>
    </p>
   </div>
   <div class='ocr_carea' id='block_1_104' title="bbox 2111 4845 3681 4919">
    <p class='ocr_par' dir='ltr' id='par_1_104' title="bbox 2111 4845 3681 4919">
     <span class='ocr_line' id='line_1_104' title="bbox 2111 4845 3681 4919; baseline 0.001 -18"><span class='ocrx_word' id='word_1_708' title='bbox 2111 4847 2456 4916; x_wconf 75' lang='grc' dir='ltr'>καθίστησιν,</span> <span class='ocrx_word' id='word_1_709' title='bbox 2489 4845 2570 4898; x_wconf 78' lang='grc' dir='ltr'>ὅτι</span> <span class='ocrx_word' id='word_1_710' title='bbox 2605 4848 2702 4900; x_wconf 77' lang='grc' dir='ltr'>καὶ</span> <span class='ocrx_word' id='word_1_711' title='bbox 2749 4846 2807 4899; x_wconf 86' lang='grc' dir='ltr'><strong>ἐν</strong></span> <span class='ocrx_word' id='word_1_712' title='bbox 2844 4848 2910 4916; x_wconf 76' lang='grc' dir='ltr'>τῇ</span> <span class='ocrx_word' id='word_1_713' title='bbox 2944 4850 3184 4919; x_wconf 67' lang='grc' dir='ltr'>τετάρτῃ</span> <span class='ocrx_word' id='word_1_714' title='bbox 3255 4848 3449 4918; x_wconf 75' lang='grc' dir='ltr'>πράξει</span> <span class='ocrx_word' id='word_1_715' title='bbox 3477 4850 3587 4902; x_wconf 83' lang='grc' dir='ltr'>τῶν</span> <span class='ocrx_word' id='word_1_716' title='bbox 3621 4852 3681 4903; x_wconf 86' lang='grc' dir='ltr'><strong>ἐν</strong></span> 
     </span>
    </p>
   </div>
   <div class='ocr_carea' id='block_1_105' title="bbox 2109 4936 3682 5008">
    <p class='ocr_par' dir='ltr' id='par_1_105' title="bbox 2109 4936 3682 5008">
     <span class='ocr_line' id='line_1_105' title="bbox 2109 4936 3682 5008; baseline -0.005 -16"><span class='ocrx_word' id='word_1_717' title='bbox 2109 4937 2415 5006; x_wconf 77' lang='grc' dir='ltr'>Χαλκηδόνι</span> <span class='ocrx_word' id='word_1_718' title='bbox 2476 4936 2827 5008; x_wconf 77' lang='grc' dir='ltr'>πραχθέντων</span> <span class='ocrx_word' id='word_1_719' title='bbox 2889 4938 2921 5007; x_wconf 82' lang='grc' dir='ltr'><strong>ή</strong></span> <span class='ocrx_word' id='word_1_720' title='bbox 2983 4938 3114 5006; x_wconf 80' lang='grc' dir='ltr'>ἁγία</span> <span class='ocrx_word' id='word_1_721' title='bbox 3169 4939 3384 5003; x_wconf 82' lang='grc' dir='ltr'>σύνοδος</span> <span class='ocrx_word' id='word_1_722' title='bbox 3428 4941 3521 5005; x_wconf 72' lang='grc' dir='ltr'>καὶ</span> <span class='ocrx_word' id='word_1_723' title='bbox 3553 4960 3682 5007; x_wconf 71' lang='grc' dir='ltr'>συν-</span> 
     </span>
    </p>
   </div>
   <div class='ocr_carea' id='block_1_106' title="bbox 2113 5029 3682 5103">
    <p class='ocr_par' dir='ltr' id='par_1_106' title="bbox 2113 5029 3682 5103">
     <span class='ocr_line' id='line_1_106' title="bbox 2113 5029 3682 5103; baseline 0.004 -21"><span class='ocrx_word' id='word_1_724' title='bbox 2113 5029 2428 5099; x_wconf 86' lang='grc' dir='ltr'>εδρεύοντες</span> <span class='ocrx_word' id='word_1_725' title='bbox 2457 5029 2594 5100; x_wconf 77' lang='grc' dir='ltr'>αὐτῇ</span> <span class='ocrx_word' id='word_1_726' title='bbox 2619 5029 2955 5098; x_wconf 77' lang='grc' dir='ltr'>ἐνδοξότατοι</span> <span class='ocrx_word' id='word_1_727' title='bbox 2988 5033 3248 5103; x_wconf 64' lang='grc' dir='ltr'>ἄρχοντες</span> <span class='ocrx_word' id='word_1_728' title='bbox 3281 5033 3526 5089; x_wconf 77' lang='grc' dir='ltr'>διέλαόον</span> <span class='ocrx_word' id='word_1_729' title='bbox 3553 5038 3682 5098; x_wconf 74' lang='grc' dir='ltr'>τοὺς</span> 
     </span>
    </p>
   </div>
   <div class='ocr_carea' id='block_1_107' title="bbox 2112 5109 3686 5201">
    <p class='ocr_par' dir='ltr' id='par_1_107' title="bbox 2112 5109 3686 5201">
     <span class='ocr_line' id='line_1_107' title="bbox 2112 5109 3686 5201; baseline 0.004 -25"><span class='ocrx_word' id='word_1_730' title='bbox 2112 5123 2450 5192; x_wconf 74' lang='grc' dir='ltr'>Αἰγυπτίους</span> <span class='ocrx_word' id='word_1_731' title='bbox 2499 5123 2834 5185; x_wconf 84' lang='grc' dir='ltr'>ἐπισκόπους</span> <span class='ocrx_word' id='word_1_732' title='bbox 2887 5109 3093 5196; x_wconf 86' lang='grc' dir='ltr'>ἐγγύας</span> <span class='ocrx_word' id='word_1_733' title='bbox 3129 5127 3457 5197; x_wconf 86' lang='grc' dir='ltr'>προσεδρίας</span> <span class='ocrx_word' id='word_1_734' title='bbox 3511 5147 3686 5201; x_wconf 84' lang='grc' dir='ltr'>παρα-</span> 
     </span>
    </p>
   </div>
   <div class='ocr_carea' id='block_1_108' title="bbox 2116 5213 3682 5292">
    <p class='ocr_par' dir='ltr' id='par_1_108' title="bbox 2116 5213 3682 5292">
     <span class='ocr_line' id='line_1_108' title="bbox 2116 5213 3682 5292; baseline 0.006 -26"><span class='ocrx_word' id='word_1_735' title='bbox 2116 5217 2284 5285; x_wconf 87' lang='grc' dir='ltr'>σχεῖν,</span> <span class='ocrx_word' id='word_1_736' title='bbox 2321 5215 2417 5272; x_wconf 74' lang='grc' dir='ltr'>καὶ</span> <span class='ocrx_word' id='word_1_737' title='bbox 2463 5213 2673 5268; x_wconf 72' lang='grc' dir='ltr'>τούτων</span> <span class='ocrx_word' id='word_1_738' title='bbox 2727 5215 3072 5286; x_wconf 82' lang='grc' dir='ltr'>ἀποροῦντας</span> <span class='ocrx_word' id='word_1_739' title='bbox 3128 5218 3404 5292; x_wconf 77' lang='grc' dir='ltr'>ἐξωμοσία</span> <span class='ocrx_word' id='word_1_740' title='bbox 3437 5224 3682 5283; x_wconf 68' lang='grc' dir='ltr'>καταπι-</span> 
     </span>
    </p>
   </div>
   <div class='ocr_carea' id='block_1_109' title="bbox 2116 5302 2423 5373">
    <p class='ocr_par' dir='ltr' id='par_1_109' title="bbox 2116 5302 2423 5373">
     <span class='ocr_line' id='line_1_109' title="bbox 2116 5302 2423 5373; baseline -0.007 -15"><span class='ocrx_word' id='word_1_741' title='bbox 2116 5302 2423 5373; x_wconf 81' lang='grc' dir='ltr'>στευθῆναι.</span> 
     </span>
    </p>
   </div>
   <div class='ocr_carea' id='block_1_110' title="bbox 2698 5397 3096 5456">
    <p class='ocr_par' dir='ltr' id='par_1_110' title="bbox 2698 5397 3096 5456">
     <span class='ocr_line' id='line_1_110' title="bbox 2698 5397 3096 5456; baseline 0.005 -6"><span class='ocrx_word' id='word_1_742' title='bbox 2698 5397 2937 5456; x_wconf 73' lang='grc' dir='ltr'><strong>ΚΛΝΩΝ</strong></span> <span class='ocrx_word' id='word_1_743' title='bbox 2970 5398 3096 5452; x_wconf 77' lang='lat' dir='ltr'><strong>KA&#39;.</strong></span> 
     </span>
    </p>
   </div>
   <div class='ocr_carea' id='block_1_111' title="bbox 2117 5484 3683 5561">
    <p class='ocr_par' dir='ltr' id='par_1_111' title="bbox 2117 5484 3683 5561">
     <span class='ocr_line' id='line_1_111' title="bbox 2117 5484 3683 5561; baseline 0.004 -20"><span class='ocrx_word' id='word_1_744' title='bbox 2117 5487 2426 5554; x_wconf 78' lang='grc' dir='ltr'>Εὑνοῦχος</span> <span class='ocrx_word' id='word_1_745' title='bbox 2466 5484 2599 5558; x_wconf 76' lang='grc'>(56),</span> <span class='ocrx_word' id='word_1_746' title='bbox 2650 5489 2699 5541; x_wconf 80' lang='grc' dir='ltr'><strong>ει</strong></span> <span class='ocrx_word' id='word_1_747' title='bbox 2752 5487 2870 5557; x_wconf 78' lang='grc' dir='ltr'>μὲν</span> <span class='ocrx_word' id='word_1_748' title='bbox 2919 5489 2990 5554; x_wconf 82' lang='grc' dir='ltr'><strong>ἐξ</strong></span> <span class='ocrx_word' id='word_1_749' title='bbox 3033 5489 3317 5558; x_wconf 78' lang='grc' dir='ltr'>ἐπηρείας</span> <span class='ocrx_word' id='word_1_750' title='bbox 3355 5491 3683 5561; x_wconf 77' lang='grc' dir='ltr'>ἀνθρώπων</span> 
     </span>
    </p>
   </div>
   <div class='ocr_carea' id='block_1_112' title="bbox 1651 5595 2427 5677">
    <p class='ocr_par' dir='ltr' id='par_1_112' title="bbox 1651 5595 2427 5677">
     <span class='ocr_line' id='line_1_112' title="bbox 1651 5595 2427 5677; baseline 0.005 -21"><span class='ocrx_word' id='word_1_751' title='bbox 1651 5595 1840 5657; x_wconf 89' lang='lat' dir='ltr'><strong>Guill.</strong></span> <span class='ocrx_word' id='word_1_752' title='bbox 1872 5598 2194 5677; x_wconf 63' lang='lat' dir='ltr'><strong>Bcveregii</strong></span> <span class='ocrx_word' id='word_1_753' title='bbox 2238 5606 2427 5660; x_wconf 61' lang='lat' dir='ltr'><strong>notet.</strong></span> 
     </span>
    </p>
   </div>
   <div class='ocr_carea' id='block_1_113' title="bbox 513 5697 2004 5772">
    <p class='ocr_par' dir='ltr' id='par_1_113' title="bbox 513 5697 2004 5772">
     <span class='ocr_line' id='line_1_113' title="bbox 513 5697 2004 5772; baseline 0 -17"><span class='ocrx_word' id='word_1_754' title='bbox 513 5699 627 5772; x_wconf 68' lang='grc'><strong>(5-4)</strong></span> <span class='ocrx_word' id='word_1_755' title='bbox 683 5699 1011 5766; x_wconf 63' lang='grc' dir='ltr'>Εἰρνοῦχος.</span> <span class='ocrx_word' id='word_1_756' title='bbox 1073 5698 1322 5772; x_wconf 77' lang='lat' dir='ltr'><strong>Secundo</strong></span> <span class='ocrx_word' id='word_1_757' title='bbox 1377 5715 1405 5772; x_wconf 69' lang='grc' dir='ltr'><strong>ιι</strong></span> <span class='ocrx_word' id='word_1_758' title='bbox 1478 5697 1679 5753; x_wconf 84' lang='lat' dir='ltr'><strong>Christi</strong></span> <span class='ocrx_word' id='word_1_759' title='bbox 1740 5703 2004 5772; x_wconf 77' lang='lat' dir='ltr'><strong>natalitiis</strong></span> 
     </span>
    </p>
   </div>
   <div class='ocr_carea' id='block_1_114' title="bbox 449 5770 2002 5840">
    <p class='ocr_par' dir='ltr' id='par_1_114' title="bbox 449 5770 2002 5840">
     <span class='ocr_line' id='line_1_114' title="bbox 449 5770 2002 5840; baseline -0.001 -11"><span class='ocrx_word' id='word_1_760' title='bbox 449 5770 640 5829; x_wconf 67' lang='lat' dir='ltr'><strong>iiut-nte</strong></span> <span class='ocrx_word' id='word_1_761' title='bbox 671 5775 888 5833; x_wconf 64' lang='lat' dir='ltr'><strong>stu-nio,</strong></span> <span class='ocrx_word' id='word_1_762' title='bbox 933 5779 1050 5822; x_wconf 76' lang='lat' dir='ltr'><strong>Oll&#39;l</strong></span> <span class='ocrx_word' id='word_1_763' title='bbox 1093 5781 1176 5821; x_wconf 54' lang='lat' dir='ltr'><strong>est</strong></span> <span class='ocrx_word' id='word_1_764' title='bbox 1228 5770 1561 5823; x_wconf 71' lang='lat' dir='ltr'><strong>Valesiornm</strong></span> <span class='ocrx_word' id='word_1_765' title='bbox 1615 5771 1859 5836; x_wconf 66' lang='lat' dir='ltr'><strong>hwresis,</strong></span> <span class='ocrx_word' id='word_1_766' title='bbox 1912 5775 2002 5840; x_wconf 82' lang='lat' dir='ltr'><strong>qui</strong></span> 
     </span>
    </p>
   </div>
   <div class='ocr_carea' id='block_1_115' title="bbox 2105 5704 3680 5775">
    <p class='ocr_par' dir='ltr' id='par_1_115' title="bbox 2105 5704 3680 5775">
     <span class='ocr_line' id='line_1_115' title="bbox 2105 5704 3680 5775; baseline 0.008 -22"><span class='ocrx_word' id='word_1_767' title='bbox 2105 5704 2253 5755; x_wconf 76' lang='lat' dir='ltr'><strong>varia</strong></span> <span class='ocrx_word' id='word_1_768' title='bbox 2301 5705 2596 5774; x_wconf 66' lang='lat' dir='ltr'><strong>Scriptura:</strong></span> <span class='ocrx_word' id='word_1_769' title='bbox 2647 5705 2784 5769; x_wconf 82' lang='lat' dir='ltr'><strong>loca,</strong></span> <span class='ocrx_word' id='word_1_770' title='bbox 2837 5709 3139 5775; x_wconf 61' lang='lat' dir='ltr'><strong>praesertim</strong></span> <span class='ocrx_word' id='word_1_771' title='bbox 3195 5708 3385 5762; x_wconf 78' lang='lat' dir='ltr'><strong>Matth.</strong></span> <span class='ocrx_word' id='word_1_772' title='bbox 3419 5725 3533 5775; x_wconf 76' lang='lat' dir='ltr'><strong>xIx,</strong></span> <span class='ocrx_word' id='word_1_773' title='bbox 3590 5712 3680 5775; x_wconf 67' lang='lat'><strong>£2,</strong></span> 
     </span>
    </p>
   </div>
   <div class='ocr_carea' id='block_1_116' title="bbox 2106 5779 3680 5845">
    <p class='ocr_par' dir='ltr' id='par_1_116' title="bbox 2106 5779 3680 5845">
     <span class='ocr_line' id='line_1_116' title="bbox 2106 5779 3680 5845; baseline 0.01 -23"><span class='ocrx_word' id='word_1_774' title='bbox 2106 5788 2386 5843; x_wconf 71' lang='lat' dir='ltr'><strong>perperam</strong></span> <span class='ocrx_word' id='word_1_775' title='bbox 2423 5779 2784 5844; x_wconf 76' lang='lat' dir='ltr'><strong>interpretati,</strong></span> <span class='ocrx_word' id='word_1_776' title='bbox 2830 5780 3064 5833; x_wconf 75' lang='lat' dir='ltr'><strong>exsectis</strong></span> <span class='ocrx_word' id='word_1_777' title='bbox 3099 5781 3364 5845; x_wconf 70' lang='lat' dir='ltr'><strong>virilibus,</strong></span> <span class='ocrx_word' id='word_1_778' title='bbox 3401 5784 3680 5844; x_wconf 66' lang='lat' dir='ltr'><strong>eunuchos</strong></span> 
     </span>
    </p>
   </div>
  </div>
