4042 6214
198 221 272 284 93
1443 231 1526 292 IN
1566 232 1731 293 CAN.
1764 233 1928 293 XXX
1968 232 2223 295 APOST.
3420 237 3491 299 94

290 330 367 387 '0
431 332 574 404 μετὰ
612 332 712 405 τὴν
758 335 1086 407 καθαίρεσιν
1116 338 1218 407 τὴν
1246 338 1487 408 εὐλόγως
1519 341 1615 394 ἐπὶ
1647 356 1803 410 φανε-

1984 342 2085 408 Qui
2112 351 2230 410 post
2252 342 2646 412 depositionem
2670 342 2742 399 ob
2764 342 3052 399 manifesta
3087 345 3319 401 crimina
3343 345 3491 414 iuste

208 427 336 498 ροτς
384 427 702 498 ἐγκλήμασι
753 430 1056 502 γενομένην
1101 430 1206 499 τῆς
1255 430 1409 495 θείας
1465 432 1812 504 λειτουργίας

211 520 390 572 πάλιν
443 518 728 590 ἁψάμενος
786 522 890 590 τῆς
933 522 1264 593 Ἐκκλησίας
1316 520 1467 589 οὗτος
1521 525 1596 586 ὡς
1650 543 1813 597 σεση-

214 613 322 674 πὸς
355 611 521 682 μέλος
550 613 885 668 ἐκκόπτεται
915 614 1123 669 τέλεον.

806 727 1047 781 ΚΔΝΩΝ
1073 728 1204 785 ΚΘ’.

178 901 183 910 ι
219 842 295 894 El
332 858 424 903 τις
492 816 831 909 ἐπίσκοπος
858 840 954 895 διὰ
991 842 1310 911 χρημάτων
1346 843 1457 912 (ιε)
1496 842 1607 911 τῆς
1633 842 1809 907 ἀξίας

290 932 523 997 ταύτης
568 931 867 998 ἐγκρατὴς
912 932 1176 1000 γένηται,
1227 934 1266 1000 ἢ
1312 935 1734 1000 πρεσϐύτερος,
1774 933 1813 999 ἢ

289 1018 603 1084 διάκονος,
638 1019 1039 1088 καθαιρείσθω
1068 1019 1167 1073 καὶ
1198 1022 1381 1087 αὐτὸς
1410 1022 1507 1075 καί
1551 1025 1583 1075 ό
1624 1039 1814 1091 χειρο-

295 1110 598 1174 τονήσας,
648 1110 748 1162 καὶ
787 1109 1177 1164 ἑκκοπτέσθω
1229 1110 1328 1164 καί
1361 1110 1472 1179 τῆς
1506 1113 1815 1173 κοινωνίας

295 1200 718 1265 παντάπασιν,
745 1200 829 1267 ὡς
850 1202 1049 1271 Σίμων
1080 1204 1114 1255 ὀ
1134 1200 1339 1271 Μάγος
1367 1202 1470 1258 ὑπ’
1507 1201 1654 1271 ἐμοῦ
1703 1202 1815 1256 Πέ-

298 1310 441 1360 τρου
468 1292 607 1360 (45).

854 1405 1099 1459 ΚΑΝΩΝ
1127 1403 1212 1460 Λ’.

220 1518 292 1573 ει
357 1536 457 1586 τις
492 1520 847 1586 ἐπίσκοπος,
877 1520 1192 1590 κοσμικοῒς
1225 1520 1484 1590 ἄρχουσι
1510 1523 1813 1591 χρησάμε-

289 1630 426 1677 νος,
458 1612 536 1666 δι’
568 1613 761 1667 αὐτῶν
788 1613 1086 1682 ἐγκρατὴς
1132 1614 1497 1683 Ἐκκλησίας
1543 1614 1810 1683 γένηται,

1919 432 2153 496 iactant,
2200 450 2415 489 sacrum
2462 434 2826 491 ministerium
2872 451 3063 489 rursus
3104 436 3340 505 attingit,
3389 439 3491 493 isto

1918 536 2173 597 tanquam
2212 530 2510 583 membrum
2558 528 2834 595 putridum
2876 528 2943 583 ab
2975 527 3213 584 Ecclesia
3249 529 3489 598 perfeCte

1916 620 2273 675 abscinditur.

2465 732 2695 790 CANON
2732 732 2923 788 XXIX.

1916 848 1975 903 Si
2005 851 2121 919 quis
2150 849 2441 916 episcopus,
2466 866 2557 917 per
2592 853 2845 919 pecunias
2887 852 3023 904 hunc
3068 853 3136 905 sit
3171 851 3486 921 dignitatem

1986 950 2275 1007 assecutus,
2309 942 2385 994 rel
2410 943 2692 1011 presbyter,
2736 944 2815 996 vel
2846 943 3119 1005 diaconus,
3167 945 3484 1013 deponatur,

1983 1042 2034 1085 et
2074 1034 2200 1099 ipse,
2242 1043 2289 1087 et
2332 1036 2421 1103 qui
2454 1050 2569 1087 eum
2602 1034 2898 1099 ordinavit,
2945 1045 2993 1088 et
3041 1051 3073 1088 a
3130 1037 3489 1089 communione

1984 1125 2142 1176 etiam
2221 1129 2429 1180 omnino
2507 1127 2870 1190 exscindatur,
2930 1137 2983 1181 ut
3034 1124 3216 1182 Simon
3294 1126 3482 1196 llagus

1987 1231 2019 1267 a
2052 1231 2130 1268 me
2165 1215 2345 1269 Petro.

2478 1416 2706 1472 CANON
2746 1418 2918 1474 XXX.

1915 1520 1975 1575 Si
2003 1523 2118 1592 quis
2145 1525 2411 1591 episcOpus
2448 1526 2789 1579 swcularibus
2817 1527 3149 1594 principibus
3214 1543 3360 1591 usus,
3397 1544 3488 1595 per

1988 1629 2073 1666 eos
2103 1611 2392 1667 Ecclesium
2425 1617 2643 1677 adeptus
2676 1617 2767 1680 sit,
2816 1617 3130 1684 deponatur,
3165 1628 3212 1672 et
3246 1634 3485 1688 segrege-

290 1705 696 1772 καθιηρείσθω
758 1681 860 1758 καὶ
922 1705 1312 1773 ἀφοριζέσθω,
1340 1681 1463 1759 ήκᾱί
1504 1681 1559 1759 oi
1607 1681 1803 1760 κοινω-

1987 1714 2092 1769 tur,
2131 1717 2177 1759 et
2209 1723 2385 1759 omnes
2415 1709 2508 1777 qui
2535 1709 2617 1761 illi
2649 1711 3063 1765 communicant.

285 1796 547 1861 νοῦντες
577 1796 735 1860 αὐτῷ
762 1796 1047 1861 ἅπαντες.

293 1889 497 1941 ΒΑΔΣ.
531 1890 595 1941 Oi
638 1890 912 1959 παρόντες
963 1888 1057 1942 δύο
1088 1888 1312 1952 κανόνες
1354 1888 1383 1940 6
1425 1886 1508 1942 κθ’
1543 1890 1639 1943 καὶ
1671 1889 1714 1942 λ’
1747 1890 1807 1942 οὐ

224 1982 387 2050 μόνον
409 1980 794 2051 καθαιροῦσιν,
817 1982 952 2034 ἀλλὰ
971 1982 1065 2034 καὶ
1089 1982 1187 2052 τῆς
1209 1982 1491 2044 κοινωνίας
1511 1983 1812 2037 ἐκκόπτου-

234 2088 339 2134 σιν,
373 2074 496 2141 ἦτοι
529 2072 856 2142 ἀφορίζουσι
888 2072 1011 2134 τοὺς
1033 2072 1122 2125 διὰ
1149 2089 1253 2142 χρη
1266 2072 1450 2141 μάτων
1474 2062 1812 2137 ἐπισκόπους

226 2162 260 2228 ἢ
294 2163 761 2233 πρεσδυτὲρουςῆ
793 2158 1081 2226 διακόνους
1127 2164 1480 2232 γενομένους,
1537 2166 1636 2218 καὶ
1683 2166 1809 2226 τοὺς

230 2253 315 2305 διὰ
369 2254 655 2321 ἀρχόντων
700 2251 1043 2320 προστασίας
1083 2252 1421 2313 ἐπισκόπους
1456 2253 1807 2321 γενομένους.

239 2346 300 2396 Ἦ
345 2344 459 2412 γὰρ
500 2344 665 2413 χάρις
698 2342 795 2396 τοῦ
830 2344 1096 2412 παναγίου
1147 2344 1464 2413 Πνεύματος
1501 2343 1661 2406 ὤνιος
1709 2345 1809 2396 οὐκ

226 2436 359 2496 Im,
395 2435 549 2502 φασί.
586 2436 698 2488 Καὶ
752 2437 785 2505 ἡ
830 2436 1086 2507 ἐπιστολὴ
1116 2436 1175 2490 δὲ
1204 2437 1298 2490 τοῦ
1334 2439 1489 2506 ἁγίου
1530 2437 1807 2504 Ταρασίου

224 2526 517 2595 γινομένου
558 2526 903 2598 πατριάρχου
935 2528 1583 2595 Κωνσταντινουπόλεως,
1604 2531 1636 2597 ἠ
1671 2530 1808 2599 πρὸς

220 2619 309 2672 τὸν
342 2620 586 2672 πάππαν
638 2618 944 2687 ’Δδριανὺν,
970 2620 1106 2689 φησὶ
1143 2621 1509 2691 φορητότερον
1530 2615 1674 2673 εἶναι
1713 2621 1808 2673 τὸν

218 2709 501 2778 αἱρετικὸν
535 2710 872 2762 Μακεδόνων
899 2710 990 2762 τὸν
1020 2710 1497 2781 βλασφημήσαντα
1530 2711 1808 2765 δουλεύειν

216 2800 276 2853 τὸ
303 2800 465 2867 Ξιγισν
522 2799 750 2869 Πνεῦμα
806 2799 909 2853 τοῦ
944 2801 1036 2854 διὰ
1081 2803 1382 2872 χρημάτων
1434 2802 1805 2873 πωλοῦντοςῆ

217 2892 536 2962 ὠνουμένου
586 2892 646 2944 τὸ
706 2892 800 2945 τοῦ
850 2894 1119 2959 παναγίου
1154 2895 1469 2963 Πνεύματος
1514 2898 1805 2965 χάρισμαο

217 2985 298 3037 ὅτι
363 2985 394 3035 ὁ
454 2985 790 3056 πιπράσκων
830 2985 906 3047 ὡς
937 2986 1208 3054 δεσπότης
1260 2986 1611 3056 πιπράσκειο
1660 2984 1807 3038 καὶὸ

1990 1885 2187 1940 BALS.
2223 1887 2523 1943 l’rmsentes
2549 1888 2653 1945 duo
2684 1904 2925 1945 canones
2967 1890 3037 1945 29
3066 1899 3121 1945 et
3150 1890 3241 1956 '50,
3274 1905 3381 1946 non
3403 1906 3491 1946 so-

1913 1979 2020 2033 lum
2062 1982 2377 2048 deponunt,
2417 1982 2511 2035 scd
2548 1982 2709 2034 etiam
2759 1997 2789 2035 a
2844 1983 3227 2037 communione
3278 1982 3494 2037 abscin-

1913 2073 2068 2135 dunt,
2105 2086 2197 2123 seu
2230 2080 2514 2140 segregant
2540 2086 2634 2124 eos
2666 2070 2754 2140 qui
2779 2086 2873 2139 per
2893 2071 3174 2139 pecunias,
3205 2072 3442 2139 episcopi
3469 2113 3489 2130 .

1910 2161 1996 2215 vel
2051 2163 2373 2230 presbyteri,
2420 2163 2503 2215 vel
2556 2163 2766 2217 diaconi
2818 2162 2970 2227 ﬁunt,
3022 2172 3077 2216 et
3130 2177 3224 2217 eos
3264 2164 3353 2231 qni
3397 2179 3490 2232 per

1912 2254 2216 2323 principum
2294 2253 2586 2321 potentiam
2668 2264 2924 2309 creantur
2986 2253 3255 2323 episcopi.
3296 2252 3485 2309 Sancti

1912 2346 2055 2398 enim
2119 2343 2373 2413 Spiritus,
2418 2344 2701 2414 inquiunt,
2745 2344 2920 2414 gratia
2951 2360 3056 2400 non
3106 2354 3188 2399 est
3260 2344 3486 2398 venalis.

1912 2435 2080 2491 Porro
2148 2444 2325 2489 autem
2390 2436 2564 2489 sancti
2623 2451 2836 2506 quoque
2892 2433 3102 2490 Tarasii
3166 2435 3490 2506 patriarchae

1912 2528 2493 2597 Constantinopolitaui
2539 2527 2763 2597 epistola
2814 2528 2881 2582 ad
2919 2541 3112 2597 papam
3166 2527 3485 2592 Adrianum,

1913 2617 2067 2681 dicit,
2109 2632 2229 2672 esse
2277 2616 2702 2671 tolerabiliorem
2744 2616 3062 2673 bareticum
3093 2616 3488 2676 Macedoniam.

1912 2713 2001 2780 qui
2030 2718 2281 2764 sanctum
2317 2709 2578 2779 Spiritum
2610 2710 2837 2773 servire,
2877 2709 3190 2789 blaspheme
3221 2708 3380 2773 dixit,
3422 2724 3489 2762 eo

1911 2803 2003 2870 qui
2053 2803 2297 2871 pecuniis
2332 2802 2464 2857 emit
2504 2802 2589 2857 vel
2624 2802 2811 2856 vendit
2847 2802 3025 2856 sancti
3081 2799 3318 2869 Spiritus
3360 2816 3488 2868 gra—

1916 2894 2078 2957 tiam;
2125 2894 2214 2961 qui
2247 2893 2392 2948 enim
2428 2894 2631 2956 vendit.
2676 2894 2861 2947 vendit
2903 2901 3158 2960 tanquam
3190 2892 3439 2945 dmninus
3470 2908 3484 2944 :

1912 2995 1965 3039 et
2016 2986 2107 3053 qui
2149 2985 2300 3049 emit,
2338 2996 2590 3051 tanquam
2633 2984 2885 3039 dominus
2939 2982 3158 3037 iuturus
3201 2992 3486 3052 argentum

218 3075 595 3146 ἐξωνούμενος
622 3076 696 3139 ὡς
724 3077 1005 3131 δεσπόσων
1031 3077 1364 3132 καταϐάλλει
1410 3078 1472 3131 τὸ
1520 3078 1803 3150 ἀργύριον.

1911 3078 2094 3132 solvit.
2145 3076 2488 3130 Sanctissimi
2547 3091 2763 3145 quoque
2805 3075 3127 3146 patriarchae
3173 3073 3439 3128 Gennadii
3469 3113 3486 3139 ,

227 3167 289 3220 Ἡ
342 3168 402 3222 δὲ
434 3167 534 3220 τοῦ
567 3169 878 3236 ἁγιωτάτου
941 3170 1288 3241 πατρίαρχου
1318 3170 1358 3222 Γ
1360 3169 1606 3223 ενναδίου
1636 3169 1800 3237 ἐγκύ-

216 3259 369 3323 κλιος
396 3259 661 3329 ἐπιστολὴ
688 3261 785 3314 καὶ
801 3260 1108 3329 ἀναθέματι
1134 3264 1359 3324 τούτους
1376 3259 1803 3327 καθυποδόιλλει,

218 3350 393 3403 ταῦτα
459 3349 739 3416 λέγουσα⁹
814 3351 997 3405 Ἔστω
1027 3352 1208 3406 τοίνυν
1258 3355 1352 3407 καὶ
1392 3354 1545 3407 ἐστιν
1595 3355 1805 3425 ἀποκή-

216 3455 442 3508 ρυκτος,
472 3438 573 3491 καὶ⁵
612 3440 797 3510 πάσης
822 3441 1103 3510 ἱερατικῆς
1151 3440 1311 3507 ἀξίας
1348 3459 1408 3495 τε
1440 3440 1532 3496 καὶ
1561 3442 1806 3514 λειτουρ-

214 3533 341 3597 γίας
394 3531 706 3601 ἀλλότριος,
775 3535 869 3586 καὶ
918 3536 983 3603 τῇ
1045 3535 1262 3607 κατάρᾳ
1321 3535 1417 3588 τοῦ
1461 3536 1806 3603 ἀναθέματος

214 3622 607 3691 ὑποκείμενος,
659 3624 688 3676 6
725 3622 901 3687 διδοὺς
947 3624 1042 3676 καὶ
1095 3626 1124 3678 6
1165 3626 1459 3693 λαμὸόινων
1505 3625 1665 3680 ὢνιον
1699 3626 1799 3698 τὴν

212 3716 381 3785 χάριν
410 3714 509 3767 τοῦ
540 3715 879 3786 Πνεύματος,
915 3719 1023 3770 εἴτε
1053 3717 1314 3788 κληρικὸς
1347 3719 1455 3771 εἴτε
1479 3717 1664 3781 λαῖκὸς
1693 3719 1802 3788 εἴη.

216 3809 329 3862 Καὶ
358 3808 533 3862 ταῦτα
566 3808 667 3878 μὲν
688 3807 883 3872 οὕτως.
918 3809 1218 3880 Ἐρωτήσει
1273 3810 1329 3863 δέ.
1383 3828 1465 3874 τις
1517 3811 1590 3874 ὡς
1628 3811 1723 3864 τοῦ
1757 3811 1801 3865 λ’

220 3900 454 3962 κανόνος
509 3900 815 3954 ἐπισκόπου
866 3901 1034 3972 μόνου
1108 3902 1484 3973 μεμνημένου,
1533 3903 1799 3969 ὡσαύτως

216 3990 440 4044 καὶτοῦ
484 3989 565 4044 κθ¹
607 3992 832 4056 κανόνος
903 3993 1271 4048 ὑποδιακόνων
1319 3994 1392 4065 μὴ
1448 3995 1799 4064 μεμνημένου

218 4082 249 4151 ἦ
279 4082 671 4151 ἁναγνωστῶν,
708 4084 806 4138 ἐὰν
834 4084 1206 4156 πρεσϐύτερός
1248 4103 1330 4148 τις
1357 4087 1584 4155 γένηται
1611 4086 1643 4156 ἢ
1680 4087 1801 4140 διά-

215 4191 373 4236 κονος
416 4174 452 4245 ἦ
485 4175 840 4239 ὑποδιάκονος
885 4177 918 4247 ἢ
962 4178 1321 4245 ἀναγνώστης
1342 4177 1430 4230 διὰ
1463 4176 1802 4246 προστασίας

213 4266 503 4337 ἄρχοντος,
542 4267 575 4337 ἢ
609 4268 963 4332 ὑποδιάκονος
996 4269 1028 4339 ἢ
1075 4269 1429 4340 ἁναγνώστης
1463 4268 1554 4322 διὰ
1601 4267 1802 4331 δόσεως

215 4360 550 4427 χρημάτων,
577 4361 629 4411 τί
660 4359 863 4429 ὀφείλει
910 4359 1205 4428 γενέσθαι;
1238 4360 1425 4423 Λύσις.
1482 4359 1593 4414 Καὶ
1646 4353 1798 4415 οὗτοι

216 4448 722 4518 καθαιρεθήσονται
748 4452 837 4504 καὶ
864 4451 1332 4522 ἁφορισθήσονται
1363 4452 1472 4505 ἀπὸ
1494 4450 1589 4506 τοῦ
1612 4451 1803 4516 τέλους

1911 3185 2029 3239 quae
2058 3168 2258 3236 passim
2283 3167 2479 3237 legitur
2506 3168 2757 3235 epistola,
2782 3182 2876 3222 eos
2907 3182 3125 3236 quoque
3153 3166 3485 3220 anathemati

1910 3260 2151 3331 subjicit,
2190 3261 2301 3315 haec
2349 3260 2539 3315 dicens
2575 3279 2588 3315 :
2627 3259 2708 3314 Sit
2751 3260 2934 3327 itaque
2974 3270 3026 3314 et
3053 3270 3137 3313 εει
3180 3260 3485 3323 abdicatus,

1908 3365 1961 3411 ct
2025 3355 2095 3410 ab
2147 3354 2292 3409 omni
2357 3354 2679 3409 sacerdotali
2745 3354 3005 3424 dignitate
3068 3359 3122 3405 et
3182 3350 3487 3404 ministerio

1907 3450 2138 3513 alienus,
2183 3459 2237 3500 et
2260 3447 2624 3501 anathematis
2667 3444 3032 3500 exsecratinni
3064 3442 3339 3511 subjectus
3373 3452 3483 3495 tam

1907 3541 1998 3610 qui
2047 3538 2227 3594 vendit
2251 3554 2411 3607 quam
2453 3538 2542 3607 qui
2590 3538 2722 3590 emit
2763 3540 2934 3591 sancti
2960 3536 3196 3604 Spiritus
3230 3532 3483 3605 gratiam,

1906 3632 2023 3686 sive
2050 3631 2120 3686 sit
2144 3630 2379 3685 clericus
2404 3667 2419 3693 ,
2461 3629 2573 3683 sive
2595 3627 2765 3683 laicus
2805 3645 2817 3681 :
2859 3636 2911 3682 et
2939 3627 3052 3681 haec
3082 3628 3294 3695 quidem
3325 3625 3403 3679 sic
3426 3639 3486 3679 se

1907 3720 2127 3775 habent.
2162 3717 2482 3785 Quasiverit
2523 3726 2703 3769 autem
2765 3714 3052 3783 quispiam,
3083 3729 3207 3767 cum
3248 3711 3317 3765 30
3346 3710 3482 3763 (ian.

1905 3812 2073 3869 solius
2095 3812 2330 3880 episc0pi
2358 3809 2687 3876 meminerit,
2710 3808 2957 3864 similiter
2974 3817 3151 3861 autem
3168 3818 3219 3859 et
3235 3804 3326 3860 29.
3345 3803 3488 3858 Sub-

1905 3905 2252 3959 diaconorum
2277 3901 2381 3972 19
2411 3902 2491 3957 vel
2534 3901 2786 3955 lectorum
2804 3899 3128 3955 mentionem
3153 3912 3255 3951 non
3276 3896 3482 3962 fecerit,

1908 3996 1953 4050 si
2010 3995 2131 4063 quis
2178 3997 2461 4063 presbyter
2497 3992 2579 4047 vel
2621 3994 2913 4057 diaconus,
2962 3992 3047 4045 vel
3095 3989 3481 4052 subdiaconus,

1905 4092 2001 4137 aut
2053 4084 2225 4137 lector
2254 4084 2398 4137 datis
2442 4084 2690 4153 pecuniis
2730 4084 3113 4145 constituatur,
3150 4080 3279 4151 quid
3325 4080 3485 4134 debet

1908 4175 2062 4229 lteri?
2102 4173 2332 4229 Solutio.
2378 4173 2444 4228 Hi
2476 4189 2691 4244 quoque
2744 4176 3082 4239 deponentur
3133 4180 3188 4226 et
3231 4184 3486 4240 δεδι-θεαι-

1904 4270 2107 4325 buntur
2134 4285 2201 4324 ex
2245 4270 2352 4325 line
2395 4271 2675 4341 praesentis
2708 4270 2776 4325 50
2807 4270 3046 4332 cananis,
3071 4268 3158 4337 qui
3194 4268 3346 4331 dicit,
3376 4281 3488 4325 non

1904 4362 2074 4417 Stilum
2119 4364 2323 4433 primos
2354 4371 2606 4418 auctores
2640 4365 2901 4417 malorum
2934 4360 3147 4430 deponi,
3192 4365 3246 4413 e’t
3304 4374 3483 4425 segre-

1911 4453 2046 4523 gari,
2096 4455 2189 4508 sed
2216 4468 2309 4508 eos
2340 4455 2503 4510 etiam
2548 4455 2639 4524 qui
2680 4453 2787 4509 illis
2836 4452 3260 4508 communicant.
3311 4448 3490 4503 Porro

210 4536 309 4588 τοῦ
368 4538 640 4607 παρόντος
687 4537 729 4589 λ’
784 4539 1029 4601 κανόνος,
1061 4538 1313 4606 λέγοντος
1342 4538 1417 4608 μὴ
1456 4540 1651 4610 μόνους
1682 4540 1803 4602 τοὺς

1913 4555 2094 4598 autem
2125 4544 2390 4599 Gennadii
2421 4545 2587 4600 etiam
2612 4543 2863 4614 epistola,
2896 4552 2955 4596 ut
2978 4543 3182 4595 dictum
3216 4549 3320 4604 est,
3374 4554 3480 4592 noa

213 4629 584 4697 πρωταιτίους
644 4628 740 4682 τοῦ
792 4629 967 4683 κακοῦ
1028 4631 1414 4701 καθαιρεῖσθαι
1464 4632 1559 4685 καὶ
1606 4631 1807 4701 ἀφορί-

217 4729 436 4796 ζεσθαι,
469 4730 609 4784 ἀλλὰ
653 4731 746 4784 καὶ
792 4732 920 4795 τοὺς
946 4729 1341 4792 κοινωνοῦντας
1386 4730 1591 4792 αὐτοῖς.
1626 4728 1736 4782 Καὶ
1769 4730 1802 4798 ἡ

1908 4636 2083 4689 solum
2149 4645 2438 4701 sacratos,
2504 4636 2601 4691 sed
2653 4646 2708 4690 et
2752 4635 2942 4699 laicos,
2996 4633 3085 4703 qui
3126 4631 3233 4686 tale
3284 4631 3486 4685 malum

1908 4728 2172 4795 fecerunt,
2206 4729 2537 4785 anathemati
2596 4727 2841 4797 subjicit.
2888 4724 3030 4797 Lege
3073 4726 3239 4779 etiam
3289 4738 3485 4779 secun-

1417 4866 1606 4930 Guill.
1651 4865 1975 4944 Beveregii
2019 4871 2203 4927 notua.

286 5018 399 5094 (ὶὲ)
437 5019 649 5094 ῌΕζτις
686 5020 1025 5094 ἐπίσκοπος
1072 5013 1171 5094 διὰ
1213 5013 1549 5085 χρημάτων.
1578 5012 1675 5069 llic
1708 5028 1799 5094 ca-

213 5083 322 5144 non
346 5083 482 5156 ipsis
508 5083 829 5145 Tertulliani
857 5083 1044 5142 diebus
1071 5083 1389 5141 observatas
1417 5094 1519 5147 est,
1545 5096 1603 5137 ut
1627 5100 1688 5156 ex
1711 5083 1797 5139 his

210 5155 386 5225 ipsius
413 5161 591 5215 verbis
615 5162 778 5228 pate'l,
797 5158 1091 5213 Prtesidenl
1114 5156 1322 5221 probati
1341 5156 1528 5228 quique
1544 5155 1794 5228 seniores,

208 5230 460 5283 honorem
498 5225 662 5284 istunc
714 5248 817 5285 non
873 5234 1060 5296 pretio,
1114 5228 1203 5280 sed
1251 5226 1548 5279 testimonio
1580 5225 1794 5296 adepti;

210 5317 378 5369 neque
423 5303 562 5354 enim
616 5302 784 5365 pretio
848 5295 959 5352 ulla
996 5314 1075 5352 res
1126 5296 1239 5369 Dei
1277 5302 1502 5369 constat.
1562 5295 1789 5369 Tertull.

210 5364 369 5437 Aput.
406 5386 453 5424 c.
492 5372 580 5426 39.
614 5364 749 5425 Cum
784 5379 964 5423 autem
998 5366 1546 5437 atrocissinnun_ho_c
1588 5364 1787 5437 scelus,

212 5433 578 5495 sacerdotium
608 5440 858 5495 Videlicet
904 5440 1076 5506 pretio
1101 5436 1396 5495 mercandi.
1414 5434 1467 5506 in
1492 5433 1787 5506 Ecclesiam

211 5510 530 5581 irrepserat,
557 5510 616 5564 S.
655 5511 845 5564 Patres
873 5504 925 5562 in
955 5506 1409 5581 ist‘ud_acerrimc
1455 5504 1785 5581 iltvebeban-

214 5573 337 5633 turf
362 5582 487 5637 vide
516 5573 580 5636 D.
625 5581 848 5637 llieron.
874 5581 926 5633 in
980 5576 1169 5632 Matth.
1224 5590 1321 5635 xu,
1382 5588 1431 5627 ν.
1465 5573 1553 5625 52.
1615 5573 1777 5641 (ΙΙ-οε.

1906 5010 2065 5067 1591.
2095 5007 2544 5077 Gennadiiepist.
2571 5006 2792 5077 Encycl.
2824 5006 2893 5062 de
2948 5005 3213 5077 Simonia,
3254 5004 3327 5058 ad
3367 5018 3483 5077 me?

1908 5080 2263 5149 Ir0politanos
2285 5088 2336 5132 et
2373 5075 2563 5148 papam
2608 5075 2930 5132 Romanum.
2973 5076 3185 5132 Tarasii
3211 5078 3373 5143 epist.
3397 5075 3478 5149 _ad

1901 5142 2196 5205 Adrianum
2225 5152 2290 5203 de
2335 5142 2767 5203 ordinationibus
2804 5149 3111 5202 Simoniace
3135 5158 3243 5199 non
3283 5142 3473 5197 conin-

1902 5222 2106 5287 reudis,
2130 5221 2268 5288 apud
2289 5218 2406 5274 Bin.
2443 5228 2572 5271 tum.
2604 5218 2694 5280 ΙΙΙ,
2724 5218 2921 5273 concil.
2950 5232 3003 5288 ι).
3026 5216 3153 5280 262,
3191 5216 3324 5288 edit.
3351 5213 3467 5269 Col.

1896 5292 2058 5356 2606,
2092 5282 2317 5345 'Concit.
2354 5289 2627 5342 Aurelian.
2663 5289 2718 5352 2,
2769 5305 2818 5342 c.
2858 5289 2911 5353 4,
2957 5287 3169 5341 llincm.
3216 5282 3472 5356 Remens.

1897 5355 2056 5429 epist.
2101 5362 2165 5412 ad
2201 5360 2484 5428 episcopos
2522 5358 2764 5429 Francia
2793 5373 2915 5428 cap.
2947 5357 3001 5429 5,
3045 5358 3177 5429 edit.
3226 5355 3473 5429 lingunt.

1899 5423 2058 5486 1602.
2094 5423 2300 5484 ϐοηιέιι.
2362 5423 2532 5481 Paris.
2583 5427 2635 5491 6,
2668 5427 2706 5480 Ι.
2751 5444 2790 5489 ι,
2831 5423 2885 5481 θ’.
2937 5428 3025 5481 Η.
3072 5426 3278 5481 Concit.
3324 5423 3470 5480 Gall.

1897 5512 2007 5557 tom
2052 5500 2115 5561 ll,
2158 5513 2278 5567 pag.
2311 5498 2435 5559 489,
2468 5498 2675 5551 Coucil.
2709 5512 2858 5551 veru.
2887 5513 2938 5551 c.
2966 5496 3063 5567 26,7
3112 5498 3241 5567 ibid.
3283 5512 3335 5563 p.
3378 5495 3467 5550 55.

1891 5570 2014 5626 Isid.
2052 5570 2308 5623 l’elusiot.
2354 5569 2513 5636 epist.
2549 5568 2581 5620 l.
2610 5581 2649 5632 ι,
2691 5583 2776 5635 cp.
2822 5566 2950 5636 515,
2980 5566 3068 5625 ubi
3102 5566 3468 5625 Sitttoniacutu

215 5646 349 5723 Meg.
380 5651 544 5721 epist.
590 5652 627 5707 ι.
672 5651 726 5717 4,
779 5666 867 5723 ep.
924 5648 991 5703 50
1046 5647 1110 5702 ad
1168 5646 1351 5715 Virgil.
1411 5648 1539 5698 cdit.
1603 5639 1787 5701 Romi!

1907 5642 2149 5711 Καϊάφαν
2174 5639 2567 5708 Χριστοκτόνον
2598 5648 2775 5694 vocat.
