4042 6214
547 267 618 328 99
1829 268 1860 319 't
1882 269 2110 322 iiEUD.
2145 259 2555 320 BALSAMON

3699 259 3819 319 100

545 382 677 436 bent
711 379 762 432 in
791 379 858 432 iis
896 377 1172 433 nominum
1209 377 1446 446 ipsorum
1489 375 1804 430 relationem
1847 374 1915 426 ab
1942 373 2115 428 otnni—

2227 371 2311 422 m‘t
2347 371 2434 423 διὰ
2467 369 2625 422 τοῦτο
2655 369 2866 440 ἔχουσιν
2895 370 2952 420 ἐν
2988 367 3211 430 ταύταις
3237 369 3333 438 τὴν
3363 369 3642 439 ἀναφορὰν
3693 376 3817 425 ei»;

544 475 648 529 bus
698 474 788 539 qui
836 474 887 526 in
948 471 1078 539 ipsis
1144 479 1270 522 sunt
1322 467 1609 536 episc0pis.
1667 463 1732 518 Et
1781 464 1883 516 hoc
1942 465 2115 516 maui-

549 565 740 618 l'estum
772 571 855 618 est
888 576 916 614 e
943 568 1096 613 sexto
1144 567 1196 611 et
1238 557 1466 626 septimo
1500 566 1704 609 canone
1735 553 1920 616 prima:
1953 565 2115 621 syno-

547 655 621 719 di,
673 660 727 708 et
768 667 798 707 e
848 650 1082 704 secundo
1128 657 1182 702 et
1230 649 1389 701 tertio
1435 659 1655 698 canona:
1697 648 1978 707 secundae,
2024 641 2114 710 qui

549 747 851 800 decernunt
901 739 1326 794 Alexandrinum
1360 751 1454 805 pro
1486 736 1757 803 provincia
1800 734 1996 787 habere
2032 741 2115 785 to-

554 849 657 891 tam
705 835 1020 905 Egyptum,
1069 831 1311 900 Libyam,
1366 838 1419 881 et
1478 826 1812 894 Pentapolim
1855 844 1868 880 :
1930 826 2118 879 Antio-

552 931 807 989 tltenum,
857 923 1266 993 Cane-Syriam,
1330 920 1788 988 Mesopommiam,
1836 917 2112 984 Ciliciam;

551 1031 605 1075 et
672 1021 906 1086 reliquos
967 1015 1306 1083 patriarchas
1376 1013 1508 1064 alias
1580 1012 1894 1064 diceeeses:
1974 1010 2118 1061 unde

549 1112 710 1166 etiam
755 1119 811 1162 ut
855 1109 1116 1160 habentes
1163 1104 1282 1170 jura
1328 1101 1684 1155 ordinationis
1725 1101 1777 1154 in
1817 1100 2117 1170 assignatas

551 1205 680 1274 ipsis
712 1198 1140 1266 dimeescsjuxta
1176 1196 1438 1247 dictorum
1475 1207 1739 1246 canonum
1769 1191 2114 1253 sententiam,

547 1304 602 1347 et
647 1294 1020 1347 etatninantes
1061 1287 1329 1340 antistites
1366 1284 1452 1352 qui
1488 1298 1670 1338 earum
1696 1297 1878 1335 curam
1904 1290 2114 1350 gerunt,

548 1396 601 1440 et
658 1385 918 1438 caneriice
959 1381 1317 1448 corrigentes,
1377 1378 1523 1446 juste
1568 1385 1623 1429 et
1664 1376 2006 1444 stauropegia
2063 1375 2115 1426 in

550 1481 799 1534 civitates
844 1476 1068 1537 dabunt,
1116 1484 1167 1526 et
1225 1472 1277 1523 in
1320 1468 1607 1538 parcecias,
1657 1466 1762 1520 sibi
1813 1469 1974 1519 etiam
2020 1465 2119 1518 im—

553 1586 695 1641 pune
725 1568 1088 1622 vendicabunt
1118 1577 1301 1616 carum
1331 1561 1556 1613 clericos
1585 1559 1797 1627 quoties
1827 1557 2112 1611 voluerint.

553 1664 682 1728 Qua:
715 1677 835 1714 cum
866 1660 937 1711 ita
969 1658 1073 1711 sint
1110 1655 1236 1708 nulli
1271 1653 1592 1719 patriarcha:
1619 1651 1777 1704 liceat
1808 1649 1859 1701 in
1896 1649 2117 1701 alterius

553 1754 875 1822 patriarchm
898 1748 1224 1819 provinciam
1259 1743 1596 1811 stauropegia
1630 1742 1869 1804 mittere,
1912 1749 1970 1793 ut
2022 1754 2118 1792 uec

551 1845 810 1898 clericum
851 1843 968 1910 ejus
998 1838 1284 1900 abducere,
1325 1851 1391 1890 ne
1437 1834 1789 1888 ecclesiarum
1827 1833 1946 1902 jura
1989 1846 2119 1886 cou-

552 1935 863 1989 fumiuntur.

621 2195 875 2249 ZONAR.
933 2193 1075 2247 Ordo
1127 2201 1234 2243 tam
1301 2189 1560 2251 coelestia,
1625 2203 1786 2254 quam
1843 2187 2116 2239 terrestria

554 2288 819 2341 continet.
867 2282 1084 2337 Ordinis
1119 2283 1282 2347 igitur
1328 2280 1455 2333 boni
1496 2279 1758 2332 rationem
1801 2278 1953 2330 decet
2002 2276 2119 2328 ubi-

554 2393 658 2446 que
688 2376 910 2439 servari,
947 2376 1012 2427 ab
1041 2372 1419 2428 ecclesiasticis
1449 2372 1712 2435 maxime;
1763 2379 1817 2423 et
1848 2370 2120 2438 presbyte-

555 2486 665 2533 ros,
727 2478 780 2521 et
832 2469 967 2521 alios
999 2465 1226 2517 clericos
1268 2463 1518 2532 episc0po
1565 2463 1806 2516 subesse.
1855 2460 2010 2524 Quod
2072 2459 2116 2512 si

554 2565 675 2633 quis
703 2563 1004 2632 presbyter,
1041 2559 1186 2612 nulla
1232 2559 1282 2610 in
1320 2572 1376 2610 re
1403 2554 1674 2623 proprium
1705 2557 1969 2607 damnans
2003 2552 2118 2622 epi-

557 2672 800 2725 scopum,
833 2667 1005 2720 neque
1029 2661 1283 2718 tanquam
1310 2648 1710 2713 delinquentem
1739 2645 1882 2698 circa
1911 2645 2121 2712 religio.

555 2763 700 2807 nem,
759 2758 934 2813 neque
973 2751 1227 2810 tanquam
1265 2738 1392 2807 quid
1441 2737 1584 2790 aliud
1637 2745 1883 2804 agentem
1927 2743 2121 2803 prazter

553 2839 807 2903 ollieium,
862 2846 1160 2907 praeterque
1200 2833 1440 2902 justum,
1491 2830 1582 2883 sed
1627 2844 1725 2897 per
1769 2827 2117 2880 ambitionem

557 2931 820 2986 dominari
882 2930 1107 2998 cupiens
1156 2925 1342 2979 illicita
1389 2920 1761 2977 conventicula
1811 2918 2118 2980 celebrarit,

558 3025 812 3094 privatim
892 3021 1265 3084 concionans,
1347 3024 1400 3070 et
1474 3015 1640 3068 altera
1696 3021 2012 3068 construens
2067 3011 2118 3062 in

557 3130 665 3184 quo
713 3113 1001 3174 sacriﬁcet,
1047 3111 1241 3165 ordine
1293 3108 1495 3162 moveri
1529 3121 1700 3160 canon
1744 3103 2023 3174 praecipit,
2070 3113 2124 3158 et

558 3212 756 3277 ipsum,
803 3215 853 3258 et.
885 3203 1112 3257 clericos
1146 3215 1249 3253 una
1289 3197 1408 3252 cum
1450 3213 1513 3250 eo
1543 3197 1920 3249 convenientes
1963 3213 1976 3246 :
2025 3209 2122 3247 ex-

559 3297 946 3353 communicari
971 3309 1096 3348 vero
1127 3292 1313 3345 laicos.
1341 3289 1458 3342 Non
1495 3299 1670 3341 autem
1701 3287 1814 3340 vult
1845 3288 2124 3354 episcoan

557 3391 622 3442 ad
658 3387 986 3458 puuitionem
1023 3383 1322 3452 praecipites
1354 3394 1489 3433 esse.
1528 3378 1860 3445 Quapropter
1907 3392 1935 3429 e
1967 3375 2128 3428 vcsti-

560 3481 646 3549 gio
700 3477 921 3529 minime
966 3473 1079 3525 vult
1129 3473 1273 3538 ipsos
1331 3469 1769 3523 condemuationi
1810 3468 2123 3538 subjicere:

561 3583 751 3622 verum
784 3604 799 3630 ,
850 3565 1036 3618 talium
1093 3561 1590 3616 conventiculorum
1636 3561 1920 3629 magistros
1972 3562 2127 3612 tertio

571 3655 903 3715 commoneri
932 3655 1106 3723 jubet,
1139 3663 1195 3705 ut
1225 3653 1292 3706 ab
1317 3651 1623 3704 inordinato
1641 3659 1834 3703 conatu
1854 3650 1956 3718 21
1988 3649 2130 3701 desi-

565 3759 764 3805 stunt:
827 3748 1134 3815 pertinaces
1211 3753 1389 3797 autem
1473 3741 1847 3796 condemnari.
1931 3738 2130 3793 Sextus

568 3848 748 3891 autem
789 3837 842 3890 in
898 3833 1111 3903 Gangra
1149 3831 1302 3886 facta:
1338 3831 1526 3900 synodi
1571 3844 1743 3884 canon
1798 3828 2130 3882 anathemati

567 3929 787 3998 subjieit
814 3942 907 3982 eos
938 3927 1052 3994 qui,
1085 3941 1191 3980 non
1244 3939 1310 3979 ex
1348 3924 1587 3993 episcOpi
1629 3922 1901 3976 sententia
1925 3962 1939 3986 ,
1979 3931 2130 3976 extra

566 4020 852 4076 ecclesiam
910 4015 1231 4071 catholicam
1273 4015 1522 4084 privatim
1567 4013 1987 4067 concionantur.
2041 4008 2134 4065 Sic

567 4123 743 4165 autem
770 4120 823 4165 et
858 4111 1099 4163 decimus
1133 4124 1305 4162 canon
1332 4105 1524 4175 synodi
1554 4104 2033 4174 'cartbagiuicnsis.

567 4201 793 4257 AlilST.
829 4201 930 4267 Qui
973 4202 1036 4254 ab
1087 4205 1326 4269 episc0po
1370 4199 1636 4265 inculpata
1683 4213 1790 4250 sese
1828 4206 2056 4262 separat,
2087 4207 2132 4248 et

637 4295 746 4362 ﬁgit
776 4293 999 4346 alterum
1029 4293 1221 4353 altare,
1265 4304 1372 4345 uua
1409 4303 1524 4340 cum
1557 4284 1920 4352 recipientibus
1955 4282 2136 4336 ordine

633 4386 804 4436 cat/ct.

641 4475 697 4528 Si
731 4475 855 4542 quis
892 4469 1135 4539 propium
1177 4469 1490 4537 episcopum
1533 4465 1652 4518 sine
1686 4478 1848 4518 causa
1881 4465 2137 4518 condem-

571 4578 684 4631 net,
725 4577 785 4618 ut
809 4579 979 4633 neque
1008 4571 1195 4616 contra
1229 4560 1508 4630 pietatem,
1535 4574 1632 4611 nee
1657 4566 1844 4611 contra
1871 4556 2134 4625 justitiam

575 4667 907 4728 peccantem,
943 4664 996 4708 et
1026 4663 1350 4708 conventum
1381 4650 1558 4720 populi
1586 4649 1833 4718 privatim
1872 4649 2054 4714 faciat,
2087 4657 2140 4701 et

572 4754 800 4805 alterum
852 4750 1023 4801 altare
1055 4748 1199 4814 ligat,
1230 4747 1548 4813 depOuatur,
1575 4752 1630 4797 et
1663 4743 1774 4810 ipse
1805 4750 1862 4795 ut
1890 4741 2139 4796 ambitio-

574 4857 690 4908 sus,
727 4851 780 4895 et
810 4839 993 4893 clerici
1021 4839 1108 4905 qui
1146 4851 1266 4890 cum
1307 4845 1624 4902 sequuntur.
1653 4833 1777 4886 Haec
1810 4841 1987 4885 autem
2021 4832 2136 4886 tieri

578 4937 799 4998 debent,
831 4947 873 4985 sn
903 4946 1005 4984 non
1034 4941 1328 4983 conversus
1361 4926 1453 4990 sit,
1480 4925 1562 4978 bis
1588 4923 1670 4978 vel
1699 4934 1778 4978 ter
1817 4924 2140 4978 adhortante

576 5044 697 5083 etuu
732 5027 1004 5096 episcopo.

1112 5201 1340 5258 CANON
1397 5200 1612 5256 XXX“.

577 5297 638 5351 Si
671 5300 780 5365 quis
810 5300 1072 5368 presbyter
1101 5299 1174 5351 vel
1215 5298 1469 5349 diaconus
1501 5297 1562 5348 ab
1597 5297 1832 5364 episcopo
1869 5298 1930 5350 sit
1967 5315 2138 5366 aegre-

2218 462 2496 529 ὀνομάτων
2542 461 2721 513 αὐτῶν
2772 460 2882 512 ἀπὸ
2933 460 3149 512 πάντων
3187 461 3293 512 τῶν
3341 461 3400 513 ὲν
3441 463 3631 525 αὐταῖς
3675 463 3817 514 ἐπι-

2219 556 2454 606 σκόπων.
2488 553 2596 606 Καὶ
2629 551 2786 604 τοῦτο
2814 552 2970 620 δῆλον
3011 551 3118 603 ἀπὸ
3167 551 3260 604 τοῦ
3315 558 3368 616 ς’
3415 552 3508 604 καὶ
3563 553 3604 617 ζ’
3634 556 3813 607 κανό-

2217 665 2303 709 νος
2339 648 2431 716 τῆς
2463 646 2686 713 πρώτης
2742 645 2961 697 συνόδου
3014 645 3106 696 καὶ
3149 646 3241 696 τοῦ
3277 644 3321 713 β’
3371 645 3465 698 καὶ
3490 643 3539 710 γ’
3572 648 3812 709 κανόνος

2217 739 2313 807 τῆς
2347 735 2626 807 δευτέρας,
2658 733 3042 801 διοριζομένων
3076 733 3168 785 τὸν
3209 733 3616 802 Ἀλεξανδρείας
3643 736 3802 804 ἔχειν

2217 826 2432 898 ὲνορίαν
2478 828 2656 878 πᾶσαν
2700 823 2798 895 τὴν
2829 824 3122 891 Αἴγυπτον,
3166 823 3265 892 τὴν
3300 823 3524 894 Λιϐύην,
3564 828 3657 877 καὶ
3689 828 3800 895 τὴν

2220 917 2592 972 Πεντάπολινο
2645 915 2735 968 τὸν
2795 914 3125 984 Ἀντιοχείας
3171 915 3268 984 τὴν
3325 915 3510 984 κοίλην
3562 917 3799 986 Συρίαν⁹

2217 1011 2317 1078 τὴν
2343 1006 2783 1075 Μεσοποτομίαν,
2811 1006 2911 1075 τὴν
2942 1004 3196 1056 Κιλικίαν
3217 1021 3229 1034 ·
3265 1005 3358 1056 καὶ
3407 1006 3535 1067 τοὺς
3569 1007 3803 1066 λοιποὺς

2221 1103 2565 1172 πατριάρχας
2610 1102 2708 1164 τὰς
2765 1099 2959 1168 ἐτέρας
3011 1098 3330 1166 διοικήσεις.
3367 1097 3534 1150 Ὅθεν
3589 1100 3682 1150 καὶ
3723 1099 3808 1158 ὡς

2221 1194 2434 1264 ἔχοντες
2493 1195 2678 1246 δίκαια
2729 1191 3064 1262 χειροτονίας
3120 1193 3200 1252 εἰς
3247 1190 3344 1252 τὰς
3399 1191 3802 1260 ἀφορισθείσας

2219 1286 2400 1345 αὐτοῖς
2435 1285 2748 1352 διοικήσεις,
2783 1282 2923 1333 κατὰ
2966 1279 3066 1349 τὴν
3094 1281 3200 1333 τῶν
3237 1280 3510 1349 ῥηθέντων
3546 1283 3797 1335 κανόνων

2218 1375 2534 1444 περίληψιν,
2563 1375 2656 1427 καὶ
2690 1374 3074 1440 ἀνακρίνοντες
3105 1373 3231 1436 τοὺς
3262 1374 3559 1436 διέποντας
3591 1375 3805 1437 ταύτας

2218 1467 2514 1536 ἀρχιερεῖς,
2554 1465 2646 1516 καὶ
2679 1465 2976 1526 κανονικῶς
3025 1464 3418 1534 διορθούμενοι.
3447 1466 3672 1527 δικαίως
3700 1467 3801 1518 κιὶ

2221 1557 2594 1626 σταυροπήγια
2650 1555 2914 1607 δώσουσιν
2974 1558 3052 1618 είς
3112 1555 3295 1617 πόλεις
3343 1555 3439 1606 καὶ
3499 1555 3804 1624 παροικίας

2223 1647 2545 1700 ..ηώσονται
2593 1646 2648 1698 δὲ
2703 1646 2796 1697 καὶ
2855 1646 3149 1714 κληρικούς
3200 1646 3379 1697 αὐτῶν
3407 1647 3594 1709 ὁσάκις
3631 1648 3798 1716 θελή.

2227 1755 2408 1790 σουσιν
2460 1737 2962 1807 ἀποκριματίστως.
2994 1738 3211 1789 Τούτων
3241 1729 3296 1789 δὲ
3347 1737 3518 1799 οὕτως
3568 1740 3806 1808 ἐχόντων

2225 1829 2411 1882 οὐδενὶ·
2429 1830 2534 1882 τῶν
2563 1828 2915 1897 πατριαρχῶν
2955 1829 3041 1880 ἐπ’
3084 1829 3262 1892 ἀδείας
3295 1829 3448 1880 ἔσται
3481 1829 3560 1890 είς
3605 1829 3804 1897 ἑτέρου

2227 1923 2568 1992 πατριάρχου
2615 1925 2833 1988 ἑνορίαν
2877 1923 3192 1974 ἀποστεῖλαι
3237 1925 3633 1990 σταυροπήγια,
3681 1922 3805 1972 ἀλλ’

2225 2015 2346 2066 οὐδὲ
2396 2015 2654 2084 κληρικδν
2685 2014 2850 2068 αὐτοῦ
2897 2015 3164 2083 ἀρτάῖαε,
3203 2014 3290 2066 ἵνα
3335 2014 3411 2083 μὴ
3457 2015 3801 2082 συγχέωνταε

2226 2106 2294 2156 τά
2318 2105 2497 2157 δίκαια
2526 2106 2632 2157 τῶν
2663 2105 2991 2174 ἐκκλησιῶν.

2304 2198 2544 2249 ΖΩΝΑΡ.
2579 2197 2744 2259 Τάξις
2781 2197 2994 2265 συνέχει
3033 2198 3126 2248 καὶ
3178 2196 3245 2248 τὰ
3301 2197 3548 2266 οὐράνια,
3589 2198 3684 2248 καὶ
3727 2196 3801 2248 τὲ

2227 2291 2462 2356 ἐπίγεια.
2496 2291 2588 2340 Δεῖ
2620 2290 2798 2339 τοίνυν
2831 2288 3145 2356 ἁπανταχοῦ
3185 2289 3283 2352 τὴν
3313 2288 3566 2353 εὐταξίαν
3596 2289 3805 2356 φυλάτ-

2225 2383 2432 2441 τεσθαι,
2467 2382 2560 2432 καὶ
2597 2381 2795 2448 μᾶλλον
2842 2381 2992 2450 παρὰ
3023 2383 3136 2442 τοῖς
3170 2380 3665 2449 ὲκκλησιαστικοῖς,
3698 2382 3798 2430 καὶ

2225 2477 2352 2533 τούς
2419 2473 2819 2543 πρεσϐυτέρους
2888 2473 2984 2524 καὶ
3040 2473 3168 2534 τοὺς
3219 2472 3440 2532 λοιποὺς
3499 2471 3800 2540 κληρικοῦς

2227 2565 2474 2616 ὑπείκειν
2523 2563 2599 2632 τῷ
2653 2562 2961 2630 ὲπισκόττῳ.
3001 2562 3061 2612 ΕΞ
3109 2562 3164 2614 δέ
3205 2579 3288 2623 τις
3335 2561 3702 2630 πρεσϐύτερος
3744 2564 3804 2612 ἐν

2231 2654 2418 2723 μηδενὶ
2468 2651 2832 2720 κατεγνωκὼς
2858 2653 2953 2705 τοῦ
3003 2652 3133 2705 ἰδίου
3183 2652 3505 2722 ἀρχιερέως,
3539 2653 3677 2721 μήτε
3719 2652 3798 2712 ὡς

2227 2746 2357 2814 περὶ
2396 2744 2493 2814 τὴν
2535 2745 2816 2796 εὐσέϐειαν
2873 2744 3266 2811 σφαλλομένου,
3311 2744 3446 2813 μήτε
3491 2743 3566 2805 ὡς
3596 2742 3725 2796 ἄλλο
3751 2760 3806 2794 τι

2230 2839 2514 2898 ποιοῦντος
2543 2837 2688 2907 παρὰ
2719 2837 2777 2888 τὸ
2815 2836 3057 2905 καθῆκον
3089 2836 3183 2888 καὶ
3210 2836 3446 2897 δίκαιον,
3482 2835 3572 2888 διά
3606 2835 3805 2904 φιλαρ-

2228 2931 2349 2998 χίαν
2377 2930 2430 2982 δὲ
2469 2928 2948 2999 παρασυναγωγὴν
2987 2927 3225 2998 ποιήσει,
3260 2928 3571 2992 ίδιαιτόιτως
3601 2928 3804 2999 ἐκκλη-

2231 3021 2448 3084 σιάζων,
2475 3021 2568 3071 καὶ
2596 3019 2987 3088 θυσιαστήριον
3012 3018 3190 3088 πήξας
3214 3021 3270 3070 ὲν
3297 3017 3470 3086 τούτῳ
3499 3019 3802 3088 ἱερουργεῖ,

2228 3110 2605 3179 καθαιρεῖσθαι
2653 3111 2995 3162 διατάττεται
3046 3112 3072 3162 ὁ
3123 3109 3304 3162 κανὼν
3358 3111 3451 3162 καὶ
3491 3111 3671 3175 αὐτὸν,
3705 3113 3804 3164 καὶ

2225 3205 2349 3264 τοὺς
2389 3202 2536 3272 αὐτῷ
2574 3201 3002 3270 συνερχομένους
3045 3201 3338 3270 κληρικούς
3365 3217 3378 3231 ο
3412 3202 3534 3264 τοὺς
3577 3203 3631 3253 δὲ
3687 3203 3797 3252 λεῖ-

2227 3298 2354 3357 κους
2384 3293 2757 3362 ἀφορίζεσθαι.
2794 3294 2866 3346 Οὐ
2900 3296 3086 3363 ταχεῖς
3117 3293 3170 3344 δὲ
3196 3294 3325 3352 τούς
3350 3293 3682 3355 ἐπισκόπους
3711 3294 3796 3355 είς

2227 3388 2448 3438 κόλασιν
2477 3377 2613 3438 εἶναι
2655 3383 2924 3453 βούλεται.
2951 3386 3042 3434 Δι’)
3073 3384 3192 3436 οὐδὲ
3223 3383 3560 3436 ἁπεντεύθεν
3592 3381 3794 3444 αὐτοὺς

2227 3482 2292 3549 τῇ
2326 3479 2590 3549 καταδίκῃ
2622 3477 2851 3545 ὑπάγειν
2878 3475 3148 3545 βούλεται,
3183 3474 3296 3527 ἀλλ’
3343 3476 3406 3528 ἑκ
3451 3475 3633 3545 τρίτου
3668 3475 3800 3538 τοὺς

2232 3571 2716 3640 τταρσισυνάγοντας
2782 3567 3223 3638 παρακαλεῖσθαι
3297 3568 3597 3634 ἀποστῆναι
3701 3566 3799 3617 τοῦ

2230 3662 2463 3714 ἀτάκτου
2497 3661 2948 3730 ἐπιχειρήματος,
2984 3659 3321 3727 ἐμμέιοιτας
3365 3657 3420 3708 δὲ
3451 3656 3591 3709 οὕτω
3628 3671 3801 3707 κατα-

2230 3750 2567 3813 δικάζεσθαι.
2601 3751 2713 3818 Τῆς
2761 3750 2817 3802 δὲ
2868 3750 2926 3801 ἐν
2979 3749 3204 3816 Γάγγρᾳ
3235 3746 3532 3813 γενομένης
3578 3745 3802 3796 συνόδου

2230 3847 2258 3897 ὁ
2292 3843 2448 3905 ἕκτος
2479 3841 2659 3894 κανὼν
2683 3843 2808 3904 τούς
2833 3842 2983 3910 παρὰ
3006 3841 3102 3909 τὴν
3132 3837 3425 3906 καθολικὴν
3455 3835 3800 3904 Ἐκκλησίαν

2237 3932 2342 4003 ἰδίᾳ
2390 3932 2851 4001 ἐκκλησιάζοντας
2904 3933 3055 4000 παρὰ
3091 3931 3319 3999 γνώμην
3363 3928 3458 3980 τοῦ
3499 3929 3806 3980 ἐπισκόπου

2235 4024 2340 4076 ὑπὸ
2383 4025 2629 4091 ἀνάθεμα
2679 4027 2954 4076 ποιεῖται·
2995 4024 3198 4092 ὁμοίως
3243 4022 3300 4073 δὲ
3354 4021 3448 4072 καὶ
3497 4021 3526 4071 ὁ
3575 4019 3806 4080 δέκατος

2236 4112 2413 4165 κανὼν
2437 4115 2537 4182 τῆς
2577 4117 2632 4166 ἐν
2672 4114 2999 4184 Καρθαγένῃ
3037 4112 3282 4164 συνόδου.

2245 4203 2484 4259 ἈΡΙΣΤ.
2525 4205 2587 4256 '0
2621 4205 2687 4268 ἐξ
2724 4205 2993 4258 ἀναιτίου
3022 4201 3302 4270 σχισθεὶς
3327 4201 3687 4258 ἐπισκόπου,
3709 4199 3807 4249 καὶ

2307 4295 2544 4365 πηγνὺς
2580 4297 2736 4350 ἄλλο
2766 4293 3221 4361 θυσιαστήριον,
3272 4294 3424 4363 μετὰ
3455 4291 3571 4345 τῶν
3628 4291 3808 4354 δεξα-

2162 4395 2217 4455 ])
2306 4386 2509 4454 μένων
2525 4387 2637 4456 (48)
2670 4386 2792 4450 ἔξει
2817 4386 2884 4439 τὸ
2916 4385 3242 4438 ἕκπτωτον.

2308 4477 2372 4527 Εἰ
2414 4493 2498 4540 τις
2520 4477 2613 4529 τοῦ
2649 4478 2779 4531 ίὸίου
2818 4478 3121 4531 ἐπισκόπου
3147 4476 3409 4540 ἀναιτίως
3439 4476 3708 4544 κατέγνω,
3735 4475 3812 4536 ὡς

2240 4569 2376 4638 μήτε
2404 4570 2538 4638 πρὸς
2583 4570 2866 4623 εὐσέϐειαν
2908 4571 3045 4640 μήτε
3089 4563 3228 4641 πρὸς
3254 4569 3601 4638 δικαιοσύνην
3639 4584 3814 4637 προσ-

2237 4660 2588 4730 κρούσαντος,
2644 4662 2738 4715 καὶ
2787 4662 3111 4732 συναγωγὴν
3147 4661 3276 4714 λαοῦ
3309 4661 3617 4722 ιδιαιτὰτως
3653 4662 3814 4729 ποιή-

2244 4769 2418 4817 σαιτο,
2451 4761 2546 4806 καὶ
2580 4753 2970 4825 θυσιαστήριον
2998 4755 3185 4823 ἕτερον
3219 4752 3403 4822 πήξοι,
3440 4751 3817 4820 καθαιρείσθω

2240 4846 2402 4909 αὐτός
2433 4863 2489 4899 τε
2521 4847 2596 4910 ὡς
2628 4847 2915 4919 φίλαρχος,
2981 4848 3078 4901 καὶ
3131 4847 3180 4898 οξ
3243 4844 3818 4912 συνακολουθήσαντες

2239 4935 2388 5003 αὐτῴ
2440 4935 2711 5006 κληρικοί.
2745 4937 2930 4990 Ταῦτα
2991 4939 3046 4991 δὲ
3107 4935 3352 5004 γίνεσθαι
3395 4933 3721 5002 ὀφείλουσιν,
3767 4937 3816 4986 εἰ

2241 5027 2316 5098 μὴ
2348 5029 2685 5097 ἐπιστρέφει,
2717 5031 2795 5094 δὶς
2828 5033 2922 5086 καὶ¹
2959 5033 3088 5101 τρὶς
3162 5027 3250 5082 τοῦ
3289 5028 3590 5081 ἐπισκόπου
3626 5028 3818 5081 τοῦτον

2240 5119 2524 5188 παρακαλέ
2533 5137 2744 5185 σαντος.

2812 5216 3053 5273 ΚΑΝΩΝ
3104 5221 3225 5274 AB’.

2238 5300 2310 5351 Εῑ
2347 5319 2434 5367 τις
2457 5304 2857 5374 πρεσϐύτερος
2886 5308 2924 5376 ἢ
2953 5310 3233 5377 διάκονος
3264 5309 3375 5382 (49)
3430 5309 3548 5365 ὑπὸ
3572 5309 3819 5362 ἐπισκό-

563 5467 576 5490 ,
1808 5410 1996 5471 Guill.
2030 5413 2346 5490 Beveregii
2395 5422 2581 5477 noue.

646 5508 754 5577 (48)
790 5508 946 5562 Μετὰ
998 5513 1112 5563 τῶν
1146 5510 1511 5578 δεξαμένων.
1553 5510 1976 5574 Chrislotihorus
2038 5509 2134 5566 Ju-

573 5582 758 5634 stclltzs
790 5581 915 5658 legit
943 5582 1078 5658 ρετξ
1114 5582 1305 5658 αὐτοῦ,
1341 5598 1402 5633 ac
1429 5583 1472 5634 si
1499 5582 1666 5658 ahare
1719 5596 1821 5633 una
1855 5597 1974 5634 cum
2006 5584 2135 5650 cpi-

573 5666 758 5718 ctolm,
801 5649 889 5718 qui
943 5650 1080 5704 istud
1145 5651 1368 5714 lixerat,
1431 5649 1770 5716 dcjicct'ctur.
1837 5652 1905 5703 At
1951 5649 2130 5707 nostra

2247 5511 2407 5566 lectio
2456 5517 2677 5571 canonis
2719 5528 2952 5573 mentem
2989 5523 3179 5576 melius
3205 5522 3444 5576 exhibet.

2314 5583 2427 5659 (ιρι
2479 5587 2554 5638 Εἴ
2595 5604 2682 5652 τις
2710 5591 3108 5657 πρεσϐύτερος
3149 5592 3186 5659 ἢ
3219 5591 3520 5659 διάκονος.
3575 5592 3820 5646 Βοιιοιίετ

2242 5663 2353 5708 stcs
2386 5653 2768 5727 llaranOpuli
2798 5660 2850 5713 in
2900 5653 3044 5715 hunc
3090 5653 3349 5718 canonem
3393 5653 3503 5718 haec
3546 5663 3819 5718 observat.
