4042 6214
517 267 588 328 99
1797 267 1828 319 ’1
1851 267 2078 321 ΠΕΟΙ).
2113 257 2524 318 ΒᾸΙΒΑΜΟΝ

3669 259 3770 318 Ῑθὶὶ

515 383 646 436 bent
681 379 732 432 in
761 379 827 432 iis
865 378 1142 433 nominum
1179 377 1416 446 ipsorum
1459 375 1774 429 relationem
1818 373 1884 426 ab
1911 372 2084 427 numi-

2198 370 2280 422 καὶ
2315 370 2404 422 διὰ
2437 368 2594 421 τοῦτο
2624 367 2835 438 ἔχουσιν
2865 369 2922 419 ἐν
2957 366 3181 429 ταύταις
3207 369 3302 437 τὴν
3333 369 3613 438 ἀναφορὰν
3662 376 3771 425 tim

514 475 618 529 bus
668 474 758 539 qui
806 473 856 526 in
918 471 1048 540 ipsis
1114 479 1240 522 sunt
1292 467 1579 536 episc0pis.
1638 463 1702 517 Et
1751 463 1852 516 hoc
1912 463 2084 515 mani-

519 565 710 618 festum
742 572 824 617 est
857 576 886 614 e
913 568 1065 613 sexto
1114 567 1166 612 et
1208 557 1436 625 septimo
1470 565 1674 608 canone
1704 552 1890 616 prima:
1923 564 2084 620 syno-

517 655 591 720 di,
644 660 697 708 et
738 667 768 707 ε
817 649 1052 704 secundo
1098 657 1151 701 et
1200 647 1359 701 tertio
1405 659 1625 698 canona:
1666 647 1948 706 secundae,
1993 641 2083 709 qui

519 747 821 800 decernunt
871 739 1296 794 Alexandrinum
1330 751 1425 805 pro
1455 735 1728 802 provincia
1770 733 1966 786 habere
2001 741 2085 785 to-

525 849 627 891 tam
675 835 990 906 Egyptum,
1038 831 1281 900 Libyam,
1336 837 1389 882 et
1448 825 1782 894 Pentapolim
1825 843 1838 879 :
1901 825 2088 878 Antio-

522 932 777 990 thenum,
827 923 1237 993 Caele-Syriam,
1299 920 1759 988 Mesopotamiam,
1806 917 2082 983 Ciliciam;

521 1031 576 1075 et
642 1021 876 1087 reliquus
937 1014 1276 1084 patriarchas
1346 1012 1478 1063 alias
1551 1012 1864 1063 dimceses:
1944 1010 2087 1061 unde

520 1112 680 1166 etiam
725 1120 781 1162 ut
825 1108 1085 1160 habentes
1132 1103 1252 1170 jura
1298 1101 1654 1154 ordinationis
1696 1101 1747 1153 in
1788 1099 2086 1169 assignatas

523 1206 650 1273 ipsis
683 1198 1110 1266 dioecesesjuxta
1145 1195 1408 1247 dictorum
1446 1206 1709 1246 canonum
1740 1191 2084 1252 sententiam,

518 1304 573 1348 et
618 1294 991 1348 examinantes
1031 1287 1300 1340 antistites
1336 1283 1423 1352 qui
1458 1298 1641 1338 earum
1666 1297 1849 1335 curam
1875 1289 2084 1349 gerunt,

519 1396 572 1440 et
629 1384 889 1438 canunice
929 1381 1287 1448 corrigentes,
1348 1377 1494 1445 ju5te
1538 1385 1594 1428 et
1635 1375 1976 1443 stauropegia
2032 1374 2085 1426 in

521 1481 769 1535 civitates
815 1477 1039 1537 dabunt,
1086 1483 1137 1526 et
1195 1472 1247 1523 in
1290 1467 1577 1538 paroecias,
1627 1465 1732 1519 sibi
1783 1469 1945 1518 etiam
1991 1465 2090 1516 im-

522 1586 665 1642 pune
696 1568 1058 1622 vendicabunt
1088 1578 1271 1616 carum
1302 1561 1526 1613 clericos
1556 1559 1767 1627 quaties
1798 1557 2083 1610 voluerint.

523 1664 652 1728 Qua:
685 1677 806 1714 cum
836 1660 907 1712 ita
939 1658 1043 1711 sint
1080 1654 1206 1707 nulli
1241 1653 1562 1719 patriarcha:
1589 1651 1748 1704 liceat
1778 1648 1830 1701 in
1867 1649 2087 1700 alterius

524 1754 845 1822 patriarchm
869 1748 1194 1819 provinciam
1229 1742 1566 1810 stauropegia
1601 1741 1839 1804 mittere,
1883 1748 1940 1792 ut
1993 1753 2089 1791 nec

522 1845 780 1898 clericum
821 1843 938 1910 ejus
968 1837 1254 1900 abducere,
1295 1850 1361 1890 ne
1407 1833 1760 1888 ecclesiarum
1797 1832 1916 1902 jura
1960 1845 2090 1885 con-

523 1935 834 1989 fundantur.

592 2195 844 2249 ZONAR.
903 2192 1045 2247 Ordo
1097 2201 1204 2243 tum
1271 2188 1531 2250 caelestia,
1595 2203 1756 2254 quam
1813 2185 2086 2239 terrestria

525 2288 789 2342 continet.
837 2282 1054 2337 Ordinis
1089 2282 1253 2347 igitur
1297 2280 1424 2332 boni
1466 2279 1728 2332 rationem
1771 2279 1924 2330 decet
1972 2275 2090 2328 ubi-

524 2393 628 2447 que
658 2376 881 2438 servari,
918 2377 983 2428 ab
1011 2372 1389 2428 ecclesiasticis
1419 2372 1682 2435 maxime;
1733 2378 1788 2422 et
1819 2369 2092 2437 presbyte-

526 2485 636 2533 ros,
697 2478 751 2521 et
803 2468 938 2520 alios
969 2465 1197 2517 clericos
1238 2463 1488 2531 episc0po
1535 2463 1776 2515 subesse.
1825 2460 1980 2523 Quod
2043 2459 2086 2511 si

524 2565 645 2633 quis
674 2564 974 2632 presbyter,
1011 2559 1156 2612 nulla
1202 2559 1253 2609 in
1291 2571 1346 2609 re
1373 2554 1645 2623 proprium
1675 2556 1940 2607 damnans
1973 2551 2090 2620 epi-

527 2671 771 2724 scopum,
803 2666 976 2720 neqne
1000 2661 1253 2718 tanquam
1281 2647 1680 2712 delinquentem
1709 2644 1852 2698 circa
1881 2644 2092 2711 religio-

526 2762 671 2806 nem,
731 2757 905 2812 neque
943 2751 1198 2810 tanquam
1236 2737 1362 2806 quid
1411 2737 1554 2789 aliud
1607 2745 1853 2804 agentem
1897 2743 2091 2802 praeter

525 2839 777 2902 oliicinm,
833 2845 1130 2906 praeterque
1171 2832 1411 2901 justum,
1461 2829 1552 2882 sed
1598 2843 1695 2897 per
1740 2827 2088 2880 ambitionem

528 2929 791 2985 dominari
853 2930 1077 2997 cupiens
1127 2925 1313 2979 illicita
1360 2920 1732 2976 conventicula
1782 2918 2089 2979 celebrarit,

529 3025 783 3094 privatim
863 3021 1236 3082 concionans,
1317 3023 1373 3070 et
1444 3015 1610 3067 altera
1666 3021 1983 3067 construens
2037 3010 2088 3062 i—n

528 3130 636 3183 quo
684 3113 972 3173 sacriﬁcet.
1017 3110 1212 3165 ordine
1263 3107 1466 3161 moverl
1499 3121 1670 3159 canon
1715 3103 1995 3173 praecipit,
2040 3112 2094 3157 et

529 3212 728 3276 ipsum,
775 3214 827 3257 et
857 3203 1083 3257 clericos
1117 3215 1220 3252 una
1259 3213 1379 3252 cum
1421 3212 1484 3250 eo
1513 3197 1891 3247 corrvenicntes
1933 3212 1946 3246 :
1995 3208 2093 3246 ex-

529 3297 918 3352 communicari
942 3309 1067 3348 vero
1098 3292 1283 3344 laicos.
1314 3289 1428 3341 Non
1466 3297 1642 3340 autem
1671 3286 1784 3339 vult
1816 3287 2095 3353 episcopus

529 3389 593 3441 ad
630 3386 957 3458 punitiouem
993 3382 1294 3451 pra:cipites
1325 3393 1460 3432 esse.
1499 3376 1831 3444 Quapropter
1877 3391 1907 3428 e
1937 3373 2098 3427 vcsti-

532 3481 617 3549 gio
672 3476 892 3529 minime
937 3473 1050 3525 vult
1100 3472 1244 3538 ipsos
1302 3467 1740 3522 condemnationi
1781 3467 2093 3536 subjicere:

533 3582 722 3621 verum
755 3603 770 3630 ,
822 3564 1007 3617 talium
1063 3559 1561 3615 conventiculorum
1607 3560 1891 3628 magistros
1943 3561 2098 3611 tertio

542 3655 874 3714 commoneri
904 3654 1077 3722 jubet,
1110 3661 1166 3705 ut
1196 3653 1262 3706 ab
1289 3651 1594 3703 inordinato
1613 3658 1804 3703 conatu
1825 3649 1927 3717 21
1959 3648 2100 3700 desi-

536 3758 736 3804 stant:
799 3747 1106 3814 pertinaces
1182 3753 1360 3796 autem
1444 3740 1818 3796 condemnari.
1903 3738 2101 3793 Sextus

539 3848 719 3891 autem
760 3836 813 3889 in
870 3832 1083 3903 Gaugra
1120 3831 1273 3885 facta:
1308 3831 1498 3900 synodi
1542 3845 1715 3883 canon
1769 3827 2100 3882 anathemati

539 3929 758 3998 subiicit
785 3941 879 3981 eos
909 3926 1023 3993 qui,
1057 3940 1162 3978 non
1215 3939 1281 3978 ex
1319 3923 1558 3993 episcopi
1600 3921 1872 3976 sententia
1896 3961 1910 3985 ,
1950 3930 2101 3975 extra

537 4020 824 4076 ecclesiam
881 4014 1202 4070 catholicam
1244 4015 1492 4083 privatim
1538 4013 1958 4066 concionantur.
2012 4008 2104 4064 Sic

538 4122 714 4164 autem
741 4119 794 4164 et
829 4109 1070 4162 decimus
1105 4123 1277 4161 canon
1303 4104 1495 4175 synodi
1525 4103 2004 4173 'carthagiuicnsis.

538 4200 764 4256 AlllST.
800 4201 902 4266 Qui
945 4201 1008 4253 ab
1058 4203 1297 4268 ερὶςοορο
1341 4199 1608 4265 inculpata
1655 4212 1761 4250 sese
1799 4205 2026 4261 separat,
2058 4206 2103 4247 et

607 4293 717 4362 ﬁgit
747 4293 970 4345 alterum
1001 4291 1192 4352 altare,
1237 4303 1342 4342 uua
1381 4303 1495 4340 cum
1527 4283 1891 4352 recipientibus
1926 4281 2106 4335 ordine

605 4385 775 4436 cadet.

613 4474 668 4528 Si
702 4474 826 4542 quis
863 4469 1106 4538 pr0piuni
1149 4467 1461 4536 episcopum
1504 4465 1623 4517 siue
1657 4477 1820 4518 causa
1853 4464 2108 4517 condem-

542 4578 656 4630 net,
695 4576 756 4618 ut
780 4577 950 4632 neque
980 4571 1167 4615 contra
1200 4559 1479 4630 pietatem,
1506 4573 1604 4611 nec
1628 4565 1816 4611 contra
1842 4555 2106 4624 justitiam

546 4667 878 4728 peccantem,
914 4663 967 4707 et
998 4663 1322 4707 conventum
1353 4649 1530 4719 populi
1558 4649 1805 4717 privatim
1845 4648 2025 4713 faciat,
2058 4656 2112 4700 et

544 4754 772 4805 alterum
824 4749 995 4800 altare
1027 4746 1171 4814 ligat,
1202 4747 1521 4812 deponatur,
1546 4751 1602 4796 et
1635 4743 1746 4808 ipse
1777 4749 1833 4794 ut
1862 4740 2111 4794 ambitio-

546 4857 662 4907 sus,
699 4849 751 4894 et
781 4838 965 4893 clerici
993 4838 1080 4904 qui
1118 4849 1238 4888 cum
1279 4843 1596 4901 sequuntur.
1624 4833 1748 4885 Haec
1781 4841 1958 4884 autem
1981 4831 2108 4884 ﬁeri

550 4936 771 4996 debent,
803 4947 845 4985 ει
875 4945 977 4983 nou
1006 4940 1301 4982 conversus
1333 4926 1424 4990 sit,
1451 4924 1535 4977 bis
1560 4922 1643 4977 vel
1671 4933 1750 4977 ter
1789 4923 2112 4978 adhortante

548 5043 669 5082 eum
705 5026 976 5095 episcopo.

1085 5199 1312 5257 CANON
1369 5198 1585 5255 XXXII.

549 5297 610 5351 Si
642 5299 751 5366 quis
783 5298 1044 5368 presbyter
1073 5298 1146 5350 vel
1187 5297 1441 5348 diaconus
1473 5297 1534 5346 ab
1569 5296 1804 5362 episcopo
1841 5298 1902 5349 sit
1939 5314 2111 5366 segre-

2187 461 2466 528 ὀνομάτων
2511 460 2690 512 αὐτῶν
2741 459 2851 511 ἀπὸ
2902 460 3119 511 πάντων
3157 460 3263 510 τῶν
3311 461 3370 512 ὲν
3412 462 3602 524 αὑταῖς
3645 463 3772 514 ἐπι-

2187 555 2424 605 σκόπιον.
2457 552 2564 605 Καὶ
2597 549 2755 603 τοῦτο
2783 551 2940 619 δῆλον
2981 550 3088 602 ἀπὸ
3137 550 3230 603 τοῦ
3285 557 3338 615 ς’
3386 552 3478 604 καὶ
3533 553 3574 617 ζ’
3604 556 3770 607 κανό-

2186 664 2273 708 νος
2309 647 2400 715 τῆς
2432 645 2655 712 πρώτης
2712 643 2930 696 συνόδου
2983 644 3076 696 καὶ⁸
3119 645 3210 695 τοῦ
3248 643 3291 712 β’
3341 644 3435 697 καὶ
3460 642 3508 710 γ’
3543 648 3770 709 κανόνος

2186 738 2282 806 τῆς
2316 734 2596 805 δευτέρας,
2627 732 3012 801 διοριζομένων
3045 731 3138 784 τὸν
3179 732 3587 802 Ἀλεξανδρείας
3614 735 3765 804 ἔχειν

2187 825 2401 897 ὲνορίαν
2447 828 2626 878 πᾶσαν
2669 823 2767 894 τὴν
2799 824 3092 891 Αἴγυπτον,
3136 823 3235 892 τὴν
3270 822 3494 893 Λιϐύην,
3535 828 3627 877 καὶ
3659 828 3763 895 τὴν

2190 917 2561 971 Πεντάπολινο
2614 915 2704 967 τὸν
2764 912 3095 983 Ἀντιοχείας
3141 914 3238 983 τὴν
3296 914 3480 983 κοίλην
3531 917 3764 985 Συρίαν,

2186 1010 2287 1078 τὴν
2312 1005 2753 1074 Μεσοποταμίαν,
2780 1005 2881 1075 τὴν
2912 1003 3166 1056 Κιλικίαν
3186 1020 3199 1033 ⁸
3235 1005 3328 1056 καὶ
3377 1005 3505 1066 τοὺς
3539 1006 3767 1067 λοιποὺς

2189 1103 2535 1171 πατριάρχας
2580 1101 2677 1162 τὰς
2734 1099 2929 1167 ἑτέρας
2981 1097 3300 1165 διοικήσεις.
3338 1097 3503 1149 Ὅθεν
3559 1099 3652 1150 καὶ
3693 1099 3773 1154 ὡς

2191 1194 2404 1263 ἔχοντες
2463 1195 2647 1245 δίκαια
2698 1191 3034 1262 χειροτονίας
3089 1192 3170 1251 εἰς
3217 1189 3314 1251 τὰς
3369 1190 3768 1260 ἀφορισθείσας

2189 1285 2370 1344 αὐτοῖς
2405 1284 2718 1351 διοικήσεις,
2753 1281 2892 1333 κατὰ
2936 1279 3036 1348 τὴν
3064 1280 3170 1332 τῶν
3206 1279 3480 1348 ῥηθέντων
3517 1282 3764 1335 κανόνων

2189 1374 2504 1444 περίληψιν,
2533 1375 2626 1427 καὶ
2659 1373 3044 1439 ἀνακρίνοντες
3075 1373 3201 1436 τοὺς
3232 1373 3530 1436 διέποντας
3561 1375 3771 1436 ταύτας

2188 1467 2483 1535 ἀρχιερεῖς,
2523 1465 2616 1516 καὶ
2648 1465 2945 1526 κανονικῶς
2994 1464 3387 1533 διορθούμενοι.
3417 1466 3642 1527 δικαίως
3670 1467 3768 1518 καὶ

2190 1557 2564 1626 σταυροπήγια
2620 1555 2884 1606 δώσουσιν
2944 1558 3022 1618 είς
3081 1555 3264 1616 πόλεις
3313 1555 3409 1606 καὶ
3468 1555 3769 1624 παροικίας

2194 1647 2514 1700 ..ηώσονται
2563 1645 2618 1697 δὲ
2672 1645 2766 1696 καὶ
2825 1647 3119 1714 κληρικοὺς
3169 1645 3349 1697 αὑτῶν
3377 1647 3564 1709 ὁσάκις
3601 1648 3764 1716 θελή.

2197 1755 2378 1789 σουσιν
2430 1736 2932 1806 ἀποκριματίστως.
2963 1737 3180 1788 Τούτων
3211 1729 3266 1788 δὲ
3317 1736 3488 1799 οὕτως
3538 1740 3772 1808 ἐχόντων

2196 1829 2381 1881 οὐδενὶ·
2400 1829 2504 1882 τῶν
2533 1828 2885 1896 πατριαρχῶν
2926 1828 3010 1880 ἐπ’
3054 1829 3232 1892 ἁδείας
3265 1828 3418 1880 ἔσται
3450 1829 3529 1889 είς
3574 1828 3769 1896 ἑτέρου

2199 1922 2538 1991 πατριάρχου
2586 1924 2803 1988 ἐνορίαν
2847 1922 3162 1974 ἀποστεῖλαι
3207 1924 3602 1990 σταυροπήγισ,
3651 1921 3770 1972 ἀλλ’

2196 2014 2317 2065 οὐδὲ
2367 2014 2624 2083 κληρικδν
2655 2013 2820 2066 αὑτοῦ
2868 2014 3134 2082 ἀρτάῖαε,
3173 2013 3260 2066 ἵνα
3305 2014 3381 2083 μὴ
3426 2014 3767 2082 συγχέωνται

2197 2104 2264 2155 τὰ
2289 2105 2467 2156 δίκαια
2496 2105 2602 2156 τῶν
2633 2105 2961 2173 ἐκκλησιῶν.

2275 2197 2514 2248 ΖΩΝΑΡ.
2549 2197 2713 2258 Tit-Et;
2751 2197 2964 2264 συνέχει
3004 2197 3096 2247 καὶ
3149 2196 3215 2247 τὰ
3271 2196 3518 2265 οὐράνια,
3559 2197 3654 2248 καὶ
3695 2195 3767 2248 τὲ

2198 2289 2432 2355 ἐπίγεια.
2467 2291 2558 2339 Δεῖ
2590 2289 2768 2339 τοίνυν
2800 2287 3116 2355 ἁπανταχοῦ
3155 2289 3254 2352 τὴν
3283 2287 3535 2352 εὐταξίαν
3566 2288 3771 2356 φυλάτ-

2196 2382 2403 2441 τεσθαι,
2438 2381 2531 2431 καὶ
2567 2379 2766 2448 μᾶλλον
2813 2380 2962 2449 παρὰ
2994 2383 3106 2441 τοῖς
3140 2380 3635 2449 ὲκκλησιαστικοῖς,
3667 2380 3764 2429 καὶ

2197 2475 2322 2532 τοὺς
2389 2472 2790 2542 πρεσϐυτέρους
2859 2472 2954 2523 καὶ
3011 2472 3138 2533 τοὺς
3190 2472 3410 2532 λοιποὺς
3469 2470 3766 2539 κληρικους

2197 2563 2445 2615 ὑπείκειν
2493 2562 2570 2631 τῷ
2624 2561 2932 2630 ὲπισκόπῳ.
2972 2561 3032 2612 ΕΞ
3080 2562 3134 2613 δέ
3175 2578 3258 2622 τις
3304 2560 3670 2629 πρεσϐύτερος
3712 2563 3768 2612 ἐν

2202 2654 2389 2722 μηδενὶ
2439 2650 2802 2719 κατεγνωκὼς
2829 2653 2924 2704 τοῦ
2973 2651 3103 2704 ἰδίου
3153 2651 3474 2722 ἀρχιερέως,
3508 2652 3645 2720 μήτε
3687 2651 3762 2711 ὡς

2198 2745 2328 2813 περὶ
2367 2743 2463 2813 τὴν
2505 2744 2786 2795 εὐσέϐειαν
2843 2743 3236 2810 σφαλλομένου,
3281 2743 3416 2812 μήτε
3461 2742 3535 2804 ὡς
3566 2742 3693 2795 ἀλλο
3718 2759 3771 2793 τι

2200 2838 2484 2898 ποιοῦντος
2514 2836 2659 2906 παρὰ
2689 2836 2747 2887 ea
2785 2835 3028 2904 καθῆκον
3060 2835 3154 2888 καὶ⁸
3179 2835 3416 2896 δίκαιον,
3452 2834 3541 2887 διὰ
3575 2833 3770 2903 φιλαρ-

2199 2930 2320 2998 χίαν
2347 2929 2401 2981 δὲ
2439 2927 2918 2998 παρασυναγωγὴν
2957 2926 3196 2996 ποιήσει,
3230 2927 3541 2991 ίδιαιτάτως
3570 2927 3769 2997 ἐκκλη-

2202 3020 2419 3084 σιάζων,
2445 3020 2539 3070 καὶ
2567 3017 2958 3086 θυσιαστήριον
2982 3018 3160 3087 πήξας
3185 3019 3241 3070 ἐν
3268 3017 3440 3085 τούτῳ
3468 3019 3767 3087 ἱερουργεῖ,

2199 3110 2575 3178 καθαιρεῖσθαι
2624 3110 2966 3161 διατάττεται
3016 3111 3043 3161 ὁ
3093 3107 3274 3161 κανὼν
3328 3110 3421 3161 καὶ
3461 3109 3639 3173 αὑτὸν,
3673 3111 3769 3162 καὶ

2196 3204 2319 3263 τοὺς
2360 3200 2507 3271 αὐτῷ
2545 3201 2973 3270 συνερχομένους
3015 3200 3308 3269 κληρικούς
3334 3217 3347 3230 ·
3381 3201 3504 3263 τοὺς
3547 3202 3601 3252 δὲ
3656 3202 3763 3250 λαῖ-

2198 3297 2325 3356 κοῦς
2354 3292 2728 3362 ἀφορίζεσθαι.
2765 3293 2837 3344 ῡύ
2871 3295 3057 3362 ταχεῖς
3087 3293 3140 3344 δὲ
3166 3293 3294 3351 τοὺς
3320 3291 3652 3353 ἐπισκόπους
3680 3292 3763 3354 είς

2198 3386 2418 3437 κόλασιν
2448 3376 2584 3437 εἶναι
2626 3382 2895 3452 βούλεται.
2923 3385 3012 3433 Διῦ
3044 3383 3163 3434 οὐδὲ
3193 3382 3530 3434 ἀπεπλτεῦθεν
3562 3380 3762 3442 αὐτοὺς

2197 3481 2263 3548 τῇ
2297 3478 2560 3548 καταδίκῃ
2593 3475 2822 3544 ὑπάγειν
2849 3475 3119 3544 βούλεται,
3153 3473 3266 3525 ἀλλ’
3313 3475 3375 3527 ἐκ
3421 3474 3603 3544 τρίτου
3638 3473 3767 3536 τοὺς

2203 3569 2688 3639 παρασυνὰγοντας
2753 3566 3193 3637 παρακαλεῖσθαι
3266 3567 3567 3633 ἀποστῆναι
3671 3564 3766 3615 τοῦ

2201 3661 2434 3713 ἀτάκτου
2468 3661 2919 3729 ἐπιχειρήματος,
2954 3657 3291 3726 ἐμμέιολτας
3334 3655 3389 3706 δὲ
3420 3655 3561 3706 οὕτω
3598 3670 3769 3706 κατα·

2200 3749 2538 3812 δικάζεσθαι.
2571 3749 2684 3818 Τῆς
2732 3749 2788 3801 δὲ
2838 3748 2896 3799 ὲν
2949 3747 3173 3814 Γάγγρα
3204 3744 3502 3811 γενομένης
3549 3743 3769 3794 συνόδου

2201 3845 2229 3896 ὁ
2263 3843 2419 3904 ’ἐκτος
2449 3840 2630 3893 κανὼν
2654 3842 2778 3902 τοὺς
2803 3839 2951 3908 παρὰ
2974 3838 3071 3906 τὴν
3101 3834 3395 3904 καθολικὴν
3425 3833 3766 3902 Ἐκκλησίαν

2207 3932 2312 4002 ἰδία
2360 3931 2821 4000 ἐκκλησιάζοντας
2873 3929 3024 3997 παρὰ
3059 3929 3289 3996 γνώμην
3333 3925 3428 3978 τοῦ
3469 3927 3775 3977 ἐπισκόπου

2206 4023 2311 4075 ὑπὸ
2353 4023 2600 4090 ἀνάθεμα
2650 4026 2926 4075 ποιεῖται·
2965 4022 3168 4090 ὁμοίως
3213 4019 3271 4071 δὲ
3324 4017 3418 4070 καὶ
3469 4018 3497 4068 ὁ
3546 4017 3775 4078 δέκατος

2207 4111 2384 4164 κανὼν
2408 4114 2508 4182 τῆς
2548 4115 2603 4164 ὲν
2643 4114 2971 4183 Καρθαγένῃ
3009 4110 3253 4163 συνόδου.

2217 4201 2455 4258 ἈΡΙΣΤ.
2496 4203 2557 4255 '0
2591 4204 2658 4266 ἐξ
2695 4204 2966 4256 ἀναιτίου
2994 4199 3272 4268 σχισθεὶς
3297 4199 3658 4255 ἐπισκόπου,
3680 4197 3777 4247 καὶ

2277 4294 2515 4364 πηγνὺς
2551 4296 2706 4348 ἄλλο
2736 4291 3193 4359 θυσιαστήριον,
3243 4291 3395 4360 μετὰ
3425 4289 3542 4342 τῶν
3599 4288 3776 4351 δεξα-

2133 4394 2188 4454 D
2276 4384 2607 4454 μένωνμ8)
2640 4384 2762 4448 ἕξει
2787 4383 2854 4436 τὸ
2887 4382 3213 4435 ἕκπτωτον.

2279 4475 2344 4526 EE
2385 4493 2469 4538 τις
2491 4475 2583 4528 τοῦ
2620 4476 2750 4528 ἰδίου
2789 4475 3092 4528 ἐπισκόπου
3119 4474 3380 4538 ἀναιτίως
3409 4474 3678 4541 κατέγνω,
3704 4472 3781 4533 ὡς

2211 4568 2348 4636 μήτε
2375 4569 2510 4637 πρὸς
2555 4568 2837 4620 εὐσέϐειαν
2879 4569 3016 4637 μήτε
3061 4560 3200 4638 πρὸς
3225 4567 3572 4635 δικαιοσύνην
3610 4581 3783 4634 προσ-

2208 4659 2560 4729 κρούσαντος,
2616 4660 2710 4713 καὶ
2758 4659 3083 4730 συναγωγὴν
3119 4658 3247 4712 λαοῦ
3280 4658 3590 4718 ίδιαιτάτως
3623 4658 3782 4726 ποιή-

2215 4768 2389 4816 σαιτο,
2423 4759 2517 4804 καὶ
2552 4752 2942 4824 θυσιαστήριον
2971 4752 3157 4820 ἕτερον
3191 4749 3374 4820 πήξοι,
3411 4747 3785 4817 καθαιρείσθω

2212 4845 2374 4908 αὐτός
2405 4862 2461 4898 τε
2493 4847 2568 4909 ὼς
2601 4846 2888 4917 φίλαρχος,
2953 4845 3050 4898 καὶ⁹
3103 4845 3152 4896 o!
3216 4841 3786 4910 συνακολουθήσαντες

2211 4933 2360 5003 αὐτῷ
2412 4934 2684 5005 κληρικοί.
2718 4935 2904 4989 Ταῦτα
2965 4936 3019 4988 δὲ
3080 4933 3324 5002 γίνεσθαι
3367 4931 3691 5000 ὀφείλουσιν,
3736 4933 3785 4982 εί

2214 5027 2288 5097 μὴ
2320 5029 2657 5096 ἐπιστρέφει.
2689 5029 2768 5092 δὶς
2801 5031 2895 5084 καὶ
2931 5031 3061 5099 τρὶς
3134 5025 3222 5079 τοῦ
3261 5025 3561 5078 ἐπισκόπου
3597 5025 3786 5078 τοῦτον

2212 5118 2716 5186 παρακαλέσαντος.

2785 5214 3025 5270 ΚΑΝΩΝ
3077 5218 3197 5269 AB'.

2211 5299 2282 5350 Εῑ
2320 5319 2407 5366 τις
2430 5303 2830 5372 πρεσϐύτερος
2860 5305 2898 5374 ἢ
2925 5307 3204 5372 διάκονος
3235 5305 3347 5377 (49)
3402 5306 3520 5361 ὑπὸ
3543 5306 3786 5359 ἐπισκό-

1781 5409 1968 5471 Guill.
2003 5412 2320 5490 Beveregii
2368 5421 2554 5475 noue.

618 5507 726 5577 (48)
762 5508 917 5562 Μετὰ
969 5512 1084 5562 τῶν
1119 5509 1483 5578 δεξαμένων.
1525 5509 1948 5574 Christotihorus
2010 5509 2106 5565 Ju-

546 5581 731 5634 Stellus
763 5581 887 5659 legit
915 5582 1051 5659 _pst‘_
1087 5581 1278 5659 αυτοῦ,
1313 5597 1374 5632 ac
1402 5582 1444 5633 si
1470 5581 1638 5658 altare
1691 5595 1793 5632 una
1827 5596 1946 5633 cum
1979 5583 2107 5649 cpi-

545 5665 730 5718 ct-Opu,
773 5649 861 5719 qui
915 5651 1053 5704 istud
1116 5651 1340 5714 lixcrat,
1403 5649 1743 5717 dejiceretur.
1810 5651 1877 5702 At
1923 5663 2103 5706 nostra

2219 5511 2379 5566 lectio
2429 5515 2650 5569 canonis
2693 5525 2926 5571 mentem
2961 5518 3152 5572 melius
3178 5518 3417 5573 exhibet.

2286 5582 2400 5656 μοι
2451 5586 2527 5636 ΕΖ
2568 5602 2656 5650 τις
2683 5587 3081 5654 πρεσϐύτερος
3122 5588 3159 5656 ἢ
3192 5588 3493 5655 διάκονος.
3546 5588 3787 5642 διτΙιοΙῘειτ

2215 5662 2325 5707 Stcs
2358 5651 2741 5725 Harmcnopuli
2771 5657 2823 5711 in
2873 5651 3016 5712 hunc
3063 5651 3322 5716 canoncm
3365 5651 3476 5714 haec
3519 5659 3786 5713 observat.
