4042 6214
482 324 597 387 .107
1111 339 1113 342 ‘
1703 327 1981 388 THEOD.
2020 330 2416 392 BALSAMON
3636 333 3742 400 108

467 445 665 516 ³ιςηιιῑει
690 481 708 508 ,
748 441 890 510 quod
939 442 1119 496 multa!
1158 439 1404 494 civitates
1447 449 1670 511 propter
1705 443 1945 508 gentium
1997 443 2056 494 iu

2191 444 2361 497 ἐθνῶν
2396 444 2696 515 ἐπιδρομὴν
2731 445 3187 500 άνεπισκόπευτοι
3265 446 3540 516 μένουσαι,
3600 453 3746 505 κατὰ

457 515 477 564 ‹’
499 536 809 590 cursiouem
843 536 1044 602 absque
1096 533 1362 603 episcopis
1394 545 1706 598 manentes,
1746 535 2056 588 meouomic:

2164 535 2340 603 ,λόγον
2372 536 2684 607 οἰκονομίας
2720 537 3035 599 ἐπισκόποις
3075 515 3281 608 ἑτέροις
3319 541 3746 608 προσανατίθενι

495 629 701 682 ratione
735 625 855 680 aliis
885 625 1152 694 episcopis
1177 625 1286 696 23
1313 626 1697 682 attribuuntur.
1729 624 1784 680 Si
1815 640 1942 695 ergo
1963 627 2056 695 pri-

2177 643 2290 683 ται.
2323 629 2384 681 El
2412 628 2545 697 γοῦν
2575 630 2604 681 δ
2630 630 2848 700 πρῶτος
2885 631 2976 700 ὑφ’
3003 628 3064 682 ὃν
3099 625 3260 685 αὗται
3309 631 3554 698 τελοῦσι,
3615 635 3745 705 δίχα

496 733 614 770 mus
643 717 743 770 sub
777 731 882 786 quo
911 715 990 769 bte
1033 725 1173 774 sunt.
1207 717 1323 769 sine
1343 717 1606 770 sententia
1629 730 1813 771 eorum
1833 717 1923 784 qui
1952 732 2056 770 sum

2174 720 2401 791 γνώμης
2427 721 2536 775 τῶν
2605 721 3040 792 συλλειτουργῶν
3111 722 3278 777 αὑτοῦ
3327 723 3429 794 τὴν
3485 725 3746 781 ἀνάθεσιν

501 809 786 864 ministerii
831 807 1128 876 adjutores,
1183 809 1319 861 lianc
1365 809 1789 873 ,attributionem
1841 809 2069 875 fecerit,

497 901 944 970 reprehendetur.
975 901 1246 972 Ejusmodi
1280 911 1404 954 sunt
1445 916 1533 956 res
1576 903 1754 971 magni
1785 903 2066 968 momenti,

498 994 646 1049 etde
673 994 738 1048 iis
767 994 953 1047 deﬁnit
991 1009 1184 1047 canon.
1223 992 1338 1048 Non
1392 1000 1552 1062 pbsse
1596 1006 1776 1048 autem
1827 995 2058 1064 primunt

492 1087 791 1165 quidquam.
830 1087 1008 1140 facere
1049 1086 1166 1141 sine
1204 1086 1473 1140 sententia
1519 1086 1894 1155 episcoporum
1933 1103 2062 1142 suo-

491 1195 632 1238 rum.
667 1195 732 1232 ne
759 1178 960 1232 dixeris
994 1192 1112 1232 esse
1154 1177 1499 1248 intelligenda
1548 1179 1613 1233 de
1658 1181 1911 1234 omnibus
1939 1195 2056 1249 qua:

2165 1176 2234 1228 τά
2258 1176 2409 1244 παρὰ
2437 1175 2631 1229 τούτου
2654 1175 2904 1244 γίνεσθαι
2987 1177 3276 1246 μέλλοντα,
3330 1177 3446 1229 ἀλλ’
3479 1180 3561 1242 εἰς
3601 1182 3744 1250 μόνα

495 1271 562 1324 ab
594 1271 680 1324 ille
712 1270 956 1325 facienda
999 1280 1144 1336 sunt,
1180 1271 1274 1325 sed
1303 1269 1371 1325 de
1405 1270 1470 1324 iis
1518 1279 1725 1325 tantum
1754 1286 1890 1339 qua:
1935 1282 2056 1326 sunt

2165 1267 2236 1321 τὰ
2260 1268 2518 1340 περιττά.
2571 1268 2636 1320 Εἰ
2659 1269 2769 1338 γὰρ
2805 1267 2966 1320 τοῦτο
3000 1268 3186 1338 εἴπῃς,
3234 1268 3741 1340 ὑποϐιόασθήσεται

496 1360 672 1427 magni
705 1359 982 1414 momenti.
1013 1357 1066 1412 Si
1091 1359 1233 1412 enim
1260 1360 1358 1414 Itoc
1385 1360 1609 1426 dixeris,
1633 1360 1678 1414 is
1703 1362 1793 1430 qui
1818 1362 2056 1426 ordinat,

2156 1359 2538 1430 όχειροτονῶν
2567 1360 2662 1412 τοῦ
2697 1359 3187 1428 χειροτονουμένου
3221 1375 3235 1390 ο
3294 1359 3372 1423 ὡς
3421 1360 3610 1414 τούτου
3635 1365 3738 1432 μὲν

2170 903 2427 974 περιττὰ,
2458 905 2554 959 καὶ¹
2584 905 2715 976 περὶ
2768 904 2974 958 τούτων
3005 908 3032 959 ὁ
3069 905 3252 959 κανὼν
3309 907 3626 979 διορίζεται.
3667 913 3744 966 Τὸ

2159 995 2226 1050 ’δέ
2267 998 2341 1063 μὴ
2377 997 2641 1066 πράττειν
2669 1015 2722 1050 τι
2762 998 2854 1051 τὸν
2884 999 3104 1067 πρῶτον
3161 1001 3288 1052 ἄνευ
3351 1002 3451 1070 τῆς
3512 1003 3744 1074 γνώμης

2169 1088 2282 1139 τῶν
2305 1087 2622 1140 ἐπισκόπων
2647 1087 2815 1141 αὑτοῦ
2855 1089 2931 1158 μὴ
2955 1089 3118 1159 εἴπῃς
3147 1090 3388 1146 νοεῖσθαι
3409 1091 3488 1155 εἰς
3516 1091 3742 1147 ἅπαντα

2170 810 2378 864 τούτων
2409 813 2651 883 ποιήσει,
2700 814 3106 883 αἰτιαθήσεται.
3175 815 3414 868 Τοιαῦτά
3489 818 3598 870 εἰσι
3673 819 3745 871 τὰ
3811 830 3827 841 ‘

468 1450 544 1526 ,οἱ
579 1450 668 1519 qui
707 1450 1007 1514 ordinatur,
1059 1449 1285 1513 suberit,
1317 1465 1440 1504 cum
1487 1451 1533 1505 is
1576 1451 1793 1520 quidem
1837 1453 2060 1506 omnino

468 1544 835 1609 prohibeatur
864 1543 1068 1612 absque
1091 1542 1356 1596 sententia
1380 1533 1570 1597 eorum
1594 1544 1685 1612 qtti
1717 1543 1765 1598 ei
1797 1543 2053 1608 subsunt,

488 1634 688 1702 aliquid
721 1650 879 1704 agere
919 1650 935 1687 :
975 1633 1049 1687 illi
1082 1647 1211 1694 vero
1246 1634 1404 1702 primi
1440 1634 1725 1703 praesentia
1755 1635 1905 1690 adea
1927 1646 2048 1690 tan-

2167 1451 2504 1515 κωλυθέντος
2534 1453 2852 1506 παντάπασι
2891 1453 3065 1503 ποιεῖν
3103 1468 3155 1503 τι
3188 1451 3331 1522 δίχα·
3369 1452 3594 1524 γνώμης
3629 1456 3738 1508 τῶν

2171 1543 2264 1596 ὑπ’
2287 1542 2478 1608 αὑτὸν,
2516 1541 2738 1595 ἐκείνων
2769 1541 2829 1595 δὲ
2865 1541 3138 1610 δεομένων
3187 1543 3287 1611 τῆς
3364 1543 3461 1596 τοῦ
3517 1545 3736 1616 πρώτου

2162 1636 2468 1706 παρουσίας
2487 1619 2581 1701 εἰς’
2597 1637 2731 1707 μόνα
2767 1637 2835 1689 τά
2854 1638 3106 1708 περιττὰ,
3137 1639 3277 1709 ὅπερ
3301 1636 3527 1692 ἄτοπον.

474 1743 597 1785 tum
632 1747 750 1800 qua:
797 1738 922 1785 sunt
955 1730 1130 1802 magni
1170 1730 1423 1785 momenti
1467 1746 1601 1801 opus
1643 1731 1896 1795 habeant,
1955 1729 2100 1800 quod
2141 1741 2224 1788 est
2245 1732 2557 1786 absurdum.
2952 1749 2955 1756 ί

561 1822 813 1879 ZONAR.
846 1820 1310 1889 Quemadmodum
1337 1837 1591 1890 corpora,
1620 1823 1745 1876 dttm
1776 1831 1936 1892 caput
1964 1837 2054 1876 sa-

2229 1822 2473 1878 ZONAP.
2518 1824 2732 1895 Ὥσπερ
2785 1823 2854 1877 τὰ
2922 1822 3174 1892 σώματα.
3243 1823 3316 1894 μὴ
3376 1825 3476 1892 τὴν
3530 1826 3740 1881 οἰκείαν

488 1935 611 1972 nam
644 1917 750 1970 vim
781 1929 933 1969 suam
967 1914 1191 1968 minime
1215 1923 1524 1978 conservat,
1577 1914 1715 1968 male
1767 1923 2054 1968 moventur

485 2018 580 2065 aut
605 2008 826 2064 omnino
844 2015 970 2061 sunt
990 2005 1196 2060 inutilia
1225 2022 1243 2061 :
1271 2007 1348 2061 sic
1373 2007 1536 2060 etiam
1559 2021 1758 2075 corpus
1775 2005 2053 2070 Ecclesiae,

486 2103 530 2155 si
565 2115 692 2164 non,
728 2098 818 2168 qui
845 2097 892 2152 ei
921 2105 1133 2165 praeest,
1161 2107 1218 2150 et
1253 2096 1444 2150 ordine
1467 2105 1619 2150 certo
1642 2111 1841 2150 munus
1868 2095 2057 2164 implet

477 2193 702 2262 capitis,
734 2193 787 2244 in
817 2205 919 2246 suo
938 2197 1286 2243 conservetur
1313 2175 1537 2251 ltouore,
1567 2188 2058 2256 intemperanteret

486 2285 760 2338 incondite
781 2279 1238 2336 commovebitur.
1277 2278 1590 2349 Propterea,
1621 2293 1858 2347 praesens
1880 2293 2056 2332 canon

487 2377 696 2445 primos
717 2373 978 2441 cujusque
1005 2371 1296 2441 provincia:
1340 2371 1647 2440 episcopos,
1686 2369 2059 2438 metropolita-

489 2481 586 2520 nos
615 2465 864 2519 videlicet
895 2462 1352 2532 arcbiepiscopos,
1384 2460 1608 2515 aliorum
1641 2475 1736 2530 per
1754 2475 1873 2515 eam
1920 2474 2058 2528 pro-

488 2557 718 2610 vinciam
772 2556 1148 2624 episcoporum
1198 2561 1359 2620 caput
1408 2551 1704 2605 existimari
1754 2551 1936 2621 jubet;
1993 2565 2060 2605 ac

484 2650 608 2703 sine
637 2648 740 2701 illis
786 2659 944 2715 agere
980 2645 1134 2707 nihil,
1183 2643 1322 2711 quod
1371 2642 1627 2698 Ecclesia:
1678 2651 1877 2697 statum
1911 2657 2063 2698 com-

490 2753 702 2792 munem
734 2737 986 2805 respiciat
1019 2753 1034 2790 :
1063 2734 1362 2804 cujusmodi
1394 2745 1538 2796 sunt,
1563 2735 1884 2805 dogmaticte
1911 2751 2058 2804 quae-

488 2832 716 2896 stioncs,
761 2843 924 2898 super
971 2829 1166 2882 erratis
1214 2827 1594 2896 communibus
1651 2828 2054 2897 dispositiones,

491 2921 804 2993 pontiﬁcum
855 2920 1288 2982 constitutiones,
1319 2930 1374 2975 et
1421 2934 1542 2990 quae
1596 2929 1722 2974 sunt
1769 2919 2054 2988 ejusmodi.

490 3014 565 3068 De
599 3013 722 3068 istis
758 3021 934 3066 autem
971 3011 1038 3064 ad
1073 3025 1195 3065 eum
1224 3009 1606 3065 convenientes
1645 3009 1975 3072 consultare,
2006 3017 2060 3065 et

488 3107 628 3177 quod
676 3103 926 3158 omnibus
984 3103 1246 3172 optimum
1307 3101 1552 3156 videatur
1609 3101 1982 3167 determinare
2039 3118 2054 3155 :

2155 1917 2436 1987 ἐνέργειαν
2481 1917 2614 1984 ὑγιᾶ
2665 1915 2945 1985 σωζούσης
2972 1917 3069 1984 τῆς
3092 1917 3360 1984 κεφαλῆς,
3393 1919 3739 1990 πλημμελῶς

2155 2008 2451 2071 κινοῦνται,
2491 2008 2524 2078 ἢ
2555 2009 2649 2062 καὶ
2677 2009 2923 2078 ἄχρηστά
2951 2008 3056 2072 eiut
3090 2008 3367 2072 παντελῶς
3393 2025 3407 2040 ·
3435 2011 3576 2064 οὕτω
3621 2016 3717 2066 καὶ

2155 2099 2218 2152 τὸ
2248 2099 2410 2167 σῶμα
2439 2099 2540 2168 τῆς
2568 2099 2988 2168 Ἐκκλησίας,εἱ
3021 2099 3095 2169 μὴ
3125 2101 3154 2152 ό
3185 2083 3483 2170 πρωτεύων
3512 2104 3734 2170 τούτου,

2157 2191 2250 2243 καὶ
2281 2188 2433 2255 τάξιν
2479 2189 2701 2258 πληρῶν
2730 2189 2974 2260 κεφαλῆς
3023 2191 3118 2245 ﬁni.
3159 2191 3258 2269 τῆς
3293 2193 3499 2258 οἰκείας
3543 2196 3738 2269 διατη-

2159 2282 2308 2350 ροῖτο
2333 2280 2520 2349 τιμῆς,
2551 2281 2802 2343 ἀτάκτως
2831 2282 2926 2335 καί
2958 2282 3295 2354 πλημμελῶς
3349 2287 3730 2358 κινηθήσεται.

2157 2373 2257 2427 Διὰ
2308 2373 2468 2427 τοῦτο
2511 2375 2539 2427 ὁ
2589 2375 2781 2443 παρὼν
2811 2374 2994 2428 κανὼν
3023 2377 3150 2440 τοὺς
3174 2377 3414 2446 ἑκάστης
3462 2379 3737 2450 ἐπαρχίας

2159 2463 2409 2534 πρώτους
2441 2466 2796 2531 ἐπισκόπους,
2844 2468 2969 2532 τοὺς
2994 2468 3104 2522 τῶν
3138 2472 3520 2541 μητροπόλεων
3547 2474 3738 2539 δηλον-

2157 2557 2243 2611 ότι
2292 2558 2591 2629 ἀρχιερεῖς,
2664 2557 2908 2628 κεφαλὴν
2956 2559 3212 2629 ἡγεῖσθαι
3246 2561 3352 2614 ὑπὸ
3402 2563 3512 2616 τῶν
3559 2565 3734 2621 ἄλλων

2160 2648 2476 2702 ἐπισκόπων
2508 2648 2610 2718 τῆς
2637 2648 2807 2719 αὐτῆς
2837 2649 3129 2720 ἐπαρχίας,
3158 2651 3393 2717 κελεύει,
3421 2655 3517 2706 καὶ
3566 2658 3739 2726 χωρὶς

2161 2743 2386 2796 ἐκείνων
2427 2741 2596 2812 μηδὲν
2625 2744 2821 2809 ποιεῖν,
2851 2741 2880 2795 ὃ
2908 2744 2986 2806 εἰς
3023 2741 3207 2813 κοινὴν
3236 2743 3419 2816 ἀφορᾷ
3459 2747 3557 2818 τῆς
3613 2749 3740 2806 Ἐκ.

2162 2834 2394 2904 κλησίας
2454 2834 2806 2897 κατάστασιν.
2869 2830 2983 2890 οἷον
3037 2838 3296 2909 ζητήσεις
3352 2839 3691 2909 δογματικὰς
3717 2881 3732 2905 ,

2161 2926 2473 2997 οἰκονομίας
2521 2927 2651 2998 περὶ
2687 2927 3021 2998 σφαλμάτων
3083 2929 3300 2993 κοινῶν,
3368 2933 3737 2996 καταστάσεις

2158 3017 2485 3090 ἀρχιερέων,
2538 3017 2632 3072 καὶ
2679 3019 2778 3072 ὅσα
2825 3009 3072 3076 τοιαῦτα.
3132 3021 3294 3076 Ἀλλὰ
3347 3023 3478 3094 περὶ
3530 3025 3736 3079 τούτων

2160 3108 2353 3179 ἐκείνῳ
2393 3108 2672 3173 συνιόντας
2722 3108 3265 3177 συνδιασκέπτεσθαι,
3319 3115 3413 3168 καὶ
3457 3116 3517 3170 τὸ
3568 3119 3735 3172 πᾶσιν

488 3175 928 3266 unumquemque
952 3211 1105 3261 vero,
1137 3204 1299 3263 prout
1319 3194 1424 3264 ipsi
1455 3195 1625 3248 visum
1657 3191 1843 3260 fuerit,
1872 3193 2050 3250 eccle-

2158 3175 2380 3274 ἇριστον
2407 3201 2566 3266 δόξαν
2592 3202 2946 3274 ψηφίζεσθαιο
2975 3203 3207 3258 ἕκαστον
3231 3175 3286 3260 δὲ
3330 3207 3430 3271 τὰς
3467 3211 3566 3279 τῆς
3595 3211 3734 3274 ἰδίας
3807 3227 3809 3230 ⁴

488 3291 583 3344 size
614 3289 868 3357 propriae,
906 3287 1357 3354 subditorumque
1392 3286 1494 3340 sibi
1531 3286 1772 3340 locorum
1821 3285 2057 3355 peculia-

490 3383 620 3436 riter
649 3381 1170 3435 administrationem
1203 3393 1411 3449 gerere.
1440 3377 1545 3432 Sed
1605 3392 1670 3432 ne
1723 3378 1900 3446 primo
1932 3378 2052 3446 qui-

487 3475 608 3528 dem
651 3473 907 3542 episcopo
937 3471 1208 3534 concedit,
1268 3479 1325 3523 ut
1381 3470 1584 3522 honore
1631 3469 1865 3522 abutens
1909 3469 2055 3522 hunc

491 3575 658 3620 mutet
686 3567 739 3617 in
775 3564 1092 3628 dominium,
1115 3571 1169 3617 et
1194 3563 1282 3617 uni
1311 3562 1410 3616 sibi
1443 3569 1765 3630 potestatem
1791 3571 2010 3630 arroget
2035 3577 2049 3613 :

489 3656 756 3723 modoque
815 3655 1105 3718 dictorum,
1160 3652 1240 3705 vel
1277 3651 1534 3706 similium
1581 3651 1710 3721 quid
1760 3661 1888 3722 agat
1924 3655 2056 3718 eine

481 3746 760 3800 communi
819 3759 1042 3798 suorum
1099 3744 1546 3818 consacerdotum
1591 3743 1877 3797 sententia.
1931 3740 2057 3796 Vult

478 3840 632 3892 enim
682 3835 964 3906 pontiﬁces
1013 3835 1344 3900 consentire,
1408 3834 1799 3902 clta-ritatisque
1843 3834 2055 3887 vinculo

484 3930 729 4016 \colligari
772 3930 1376 3998 :etexemplum-esse
1428 3927 1586 3984 Clero
1633 3929 1734 3982 sibi
1786 3929 2051 3999 subjecto,

489 4025 814 4094 populoque,
847 4021 1175 4085 dilectionis,
1204 4028 1258 4074 et
1291 4022 1619 4076 concordiae.
1672 4020 1738 4076 Ut
1783 4021 1864 4076 sic
1913 4019 2056 4075 Dens

483 4116 818 4191 gloriﬁcetur
866 4118 1163 4170 secundum
1206 4116 1567 4186 evangelicam
1623 4115 1922 4170 doctrinam
1973 4116 2057 4170 di-

485 4218 697 4263 centem
732 4225 748 4263 :
785 4208 974 4262 Luceat
1023 4208 1116 4264 (ua:
1161 4220 1333 4262 vestra
1387 4225 1564 4262 coram
1625 4206 1944 4270 hominibus,
1993 4217 2053 4260 ut

485 4315 643 4368 opera
687 4311 863 4354 vestra
905 4299 1043 4352 bona
1089 4299 1328 4364 videant,
1387 4308 1435 4352 et
1497 4300 1788 4370 gloriﬁcent
1842 4296 2053 4351 Patrem

475 4402 736 4455 oestrum,
774 4391 865 4458 qui
891 4390 1111 4443 incazlis
1131 4400 1213 4452 est
1234 4393 1278 4445 ³.
1325 4390 1729 4445 Glorilicabitur
1759 4403 1886 4444 vero
1913 4389 2053 4443 Deus

485 4496 584 4548 per
631 4479 935 4544 Dominum,
990 4496 1112 4534 cum
1164 4496 1317 4534 suum
1364 4483 1559 4550 nomen
1607 4480 1696 4535 ille
1743 4480 2054 4536 manifestat

488 4569 818 4634 hominibus,
861 4570 1082 4640 legeque
1107 4571 1215 4625 lata
1247 4559 1493 4641 prtecipit
1530 4573 1870 4628 cltaritatem.
1927 4573 2052 4638 Sed,

484 4672 539 4716 et
555 4661 942 4730 gloriﬁcabitur
962 4663 1014 4717 in
1033 4671 1220 4718 sancto
1244 4663 1442 4733 Spiritu
1467 4682 1481 4719 :
1503 4663 1633 4719 Nam
1657 4680 1750 4734 per
1768 4667 1907 4720 hunc
1929 4681 2059 4736 apo-

474 4753 610 4807 stoli
643 4753 914 4822 sapienter
941 4755 1116 4808 cdocti
1159 4755 1391 4821 fuerunt,
1430 4766 1481 4810 et
1523 4765 1708 4826 gentes
1745 4757 2062 4813 docuerunt.

2157 3293 2450 3362 ἐκκλησίας
2495 3293 2815 3364 διοικήσεις,
2847 3295 2948 3348 καί.
2970 3294 3080 3348 τῶν
3129 3296 3505 3367 ὑποκειμένων
3541 3300 3732 3366 αὑταῖς

2155 3382 2348 3454 χωρῶν
2406 3381 2668 3453 πράττειν
2724 3381 3034 3446 ἰδιαζόντως
3098 3385 3220 3438 καθ’
3274 3387 3550 3451 ἑαυτούςη
3584 3391 3730 3461 Πλὴν

2155 3472 2271 3528 ἀλλ’
2300 3473 2421 3527 οὑδέ
2450 3473 2528 3544 τῷ
2560 3471 2761 3542 πρώτῳ
2803 3474 3092 3546 ἐπισκόπῳ
3143 3481 3470 3549 παραχωρεῖ
3493 3482 3559 3549 τῇ
3592 3484 3726 3552 τιμῇ

2155 3566 2583 3637 καταχρώμενον
2629 3564 2710 3627 εἰς
2739 3565 3058 3620 δυναστείαν
3092 3567 3296 3638 ταύτην
3327 3571 3600 3640 ἀμείϐειν,
3635 3573 3729 3626 καὶ

2155 3660 2514 3722 ἐναυθεντεῖν,
2547 3657 2643 3710 καὶ
2683 3658 2852 3727 χωρὶς
2880 3657 3108 3729 γνώμης
3147 3661 3335 3730 κοινῆς
3370 3661 3480 3714 τῶν
3507 3664 3725 3718 οἰκείων

2158 3750 2595 3821 συλλειτουργῶν
2657 3750 2834 3803 ποιεῖν
2887 3766 2940 3802 τι
3000 3751 3109 3802 τῶν
3161 3752 3489 3821 εἰρημένων,
3544 3753 3578 3822 ἢ
3619 3756 3726 3807 τῶν

2154 3843 2354 3913 ὁμοίων
2381 3843 2584 3904 αὐτοῖς.
2605 3841 2858 3894 Βοόλεται
2879 3841 2984 3912 γάρ
3010 3845 3250 3913 ὁμονοεῖν
3274 3843 3398 3904 τοὺς
3422 3845 3722 3916 ἀρχιερεῖς,

2155 3933 2250 3987 καὶ
2289 3932 2632 3987 συνδεδέσθαι
2674 3929 2749 4002 τῷ
2797 3935 2900 4004 τῆς
2939 3935 3160 4004 ἀγάπης
3203 3935 3410 4004 δεσμῷ,
3446 3935 3540 3988 καὶ
3585 3937 3724 3992 ὑπό-

2153 4025 2349 4096 δειγμα
2397 4025 2534 4095 πρὸς
2580 4027 2802 4096 ἀγάπην
2831 4043 2891 4078 τε
2923 4029 3018 4079 και
3043 4027 3300 4096 ὁμόνοιαν
3355 4029 3470 4089 τοῖς
3500 4028 3592 4080 ὑπ’
3624 4029 3726 4081 αὺ-

2151 4115 2280 4177 τοὺς
2308 4109 2448 4169 εἶναι
2477 4115 2701 4187 κλήροις
2731 4131 2789 4169 τε
2815 4117 2909 4170 καὶ
2939 4118 3053 4179 τοῖς
3086 4117 3366 4188 πλήθεσιν.
3401 4117 3502 4170 ’1ν’
3549 4117 3725 4176 οὕτως

2152 4204 2442 4282 δοξάζηται
2483 4208 2511 4260 ὁ
2549 4207 2702 4270 Θεὸς,
2740 4208 2882 4262 κατὰ
2910 4208 3011 4278 τὴν
3041 4207 3411 4278 εὐαγγελικὴν
3463 4209 3724 4264 διδασκαο

2152 4285 2272 4351 λίαν
2327 4297 2427 4363 τὴν
2485 4298 2790 4367 λέγουσανο
2863 4299 3169 4366 Λαμψὰτω
3232 4300 3300 4352 τὸ
3361 4297 3490 4368 φώς
3556 4301 3725 4369 ὑμῶν

2151 4389 2499 4456 ἔμπροσθεν
2537 4386 2657 4440 τῶν
2683 4386 3029 4454 ἀνθρώπων,
3057 4387 3218 4453 ὅπως
3257 4387 3430 4442 ἴδωσι
3469 4389 3540 4443 τὰ
3571 4392 3723 4444 καλὰ

2090 4515 2132 4572 D
2154 4479 2324 4548 ὑμῶν
2348 4477 2512 4548 ἔργα,
2543 4478 2638 4532 καί
2679 4477 2987 4542 δοξάσωσι
3027 4479 3134 4531 τὸν
3166 4479 3397 4547 Πατέρα
3425 4478 3592 4549 ὑμῶν
3620 4482 3726 4535 τὸν

2159 4571 2229 4625 ἐν
2257 4571 2380 4638 τοῖς
2422 4569 2717 4639 οὐραγοῖς.
2760 4569 3161 4641 Δοξασθήσεται
3203 4571 3261 4624 δέ
3289 4573 3317 4625 ὁ
3345 4572 3478 4635 Θεὸς
3516 4573 3606 4627 διά
3627 4573 3724 4626 τοῦ

2165 4663 2374 4732 Κυρίου
2420 4664 2496 4726 ὡς
2527 4663 2734 4716 ἐκείνου
2780 4662 2842 4716 τὸ
2873 4663 3049 4733 δνομα
3091 4663 3256 4716 αὐτοῦ
3310 4662 3727 4732 φανερώσαντος

2169 4759 2282 4819 τοῖς
2325 4755 2651 4824 ἀνθρώποις,
2685 4756 2779 4810 καὶ
2826 4755 2924 4827 τὴν
2971 4757 3193 4826 ἀγάπην
3241 4757 3725 4828 νομοθετήσαντος.

507 4845 599 4898 Ἐν
631 4845 770 4916 ἁγίῳ
796 4844 851 4898 δὲ
877 4843 1268 4916 δοξασθήσεται
1294 4845 1592 4917 Πνεύματιο
1621 4848 1710 4902 διὰ
1735 4849 1921 4902 τούτου
1955 4849 2064 4922 γάρ
2113 4850 2178 4902 ,οἰ
2207 4848 2495 4901 ἀπόστολοι
2523 4847 2907 4917 ἐσοφίσθησαν,
2964 4849 3057 4901 καὶ
3117 4847 3186 4901 τὰ
3217 4847 3343 4919 ἔθνη
3380 4848 3640 4914 ἐδίδαξαν.

484 4934 716 4991 ΑΒΙΞΤ.
769 4936 975 5006 Absque
1007 4938 1230 5006 p‘rimate
1262 4954 1357 4992 suo
1402 4939 1532 4992 nihil
1583 4950 1745 5009 agunt
1800 4942 2050 5010 episcopi,

558 5027 663 5081 nisi
702 5027 918 5097 quisque
963 5043 1026 5080 ea
1065 5043 1181 5098 qua:
1227 5035 1348 5082 sunt
1382 5045 1490 5082 sua:
1534 5030 1794 5097 parwcia’.
1829 5029 1931 5084 Sed
1960 5047 2053 5086 nec

556 5121 765 5189 prima:
829 5119 1030 5187 aliquid
1086 5123 1196 5189 agit
1242 5122 1354 5175 sine
1388 5121 1518 5188 illis,
1565 5130 1778 5192 propter
1828 5122 2053 5178 debitam

558 5213 910 5268 concordiam.
1471 5219 1482 5233 ⁸

562 5303 673 5360 Nec
704 5307 942 5377 episcopi
977 5320 1079 5360 nec
1115 5305 1473 5375 mctrOpolitae
1500 5307 1618 5360 sine
1646 5306 1908 5362 sententia
1944 5305 2055 5376 pri-

495 5399 653 5451 matis
681 5399 765 5453 sui
794 5399 991 5454 debent
1030 5399 1239 5469 aliquid
1277 5400 1458 5469 magni
1489 5403 1746 5456 momenti
1781 5399 1980 5466 facere,
2002 5410 2059 5454 ut

494 5490 773 5560 episc0pos
817 5489 1040 5559 eligere,
1105 5492 1157 5544 iu
1217 5505 1353 5546 nova
1397 5491 1647 5561 dogmata
1684 5506 1944 5561 quaerere,
1975 5491 2058 5546 vel

492 5583 849 5637 alienationes
901 5583 1388 5640 ecclesiasticorum
1437 5584 1663 5651 nllorutn
1704 5584 1902 5651 facere,
1960 5583 2052 5638 sed

561 5762 583 5796 '
605 5760 790 5818 Mulli).
822 5779 872 5830 V,
913 5762 999 5816 16.

2158 4939 2379 4993 ΑΡΙΣΤ.
2426 4940 2492 4992 Δί
2497 4955 2574 5006 χα
2600 4932 2709 4991 τοῦ
2759 4939 2994 5008 πρώτου
3023 4939 3222 5005 αὐτῶν
3242 4939 3521 4994 ποιοῦσιν
3545 4939 3729 4994 οὐδὲν

2225 5036 2280 5087 οι
2325 5032 2646 5086 ἐπίσκοποι
2700 5035 2753 5086 εἰ
2796 5031 2881 5101 μὴ
2929 5031 2999 5085 τὰ
3050 5031 3158 5100 τῆς
3189 5033 3501 5100 παροικίας
3539 5035 3726 5090 αὑτοῦ

2225 5125 2504 5190 ἕκαστος.
2527 5123 2636 5179 Καὶ
2665 5126 2697 5178 ὀ
2723 5123 2951 5192 πρῶτος
2985 5123 3124 5190 ἄτερ
3151 5123 3400 5177 ἐκείνων
3425 5124 3606 5178 οὐδὲν
3629 5128 3727 5182 διὰ

2228 5215 2344 5281 τὴν
2371 5216 2771 5284 ὀφειλομένην
2799 5216 3104 5284 ὁμόνοιαν.
3677 5267 3680 5270 .

2229 5306 2366 5362 Οὔτε
2409 5308 2458 5360 οἰ
2512 5308 2799 5360 ἐπίσκοποι
2849 5305 2972 5361 οὔτε
3029 5308 3080 5360 οἰ
3135 5308 3526 5378 μητροπολῖται
3571 5313 3724 5382 παρὰ

2117 5470 2119 5472 η
2157 5401 2382 5473 γνώμην
2430 5400 2525 5455 τοῦ
2578 5401 2758 5454 αὐτῶν
2810 5400 3031 5472 πρώτου
3065 5395 3341 5468 ὀφείλουσί
3387 5405 3725 5474 στι-περιττὸν

2159 5494 2438 5563 πράττειν,
2468 5487 2582 5544 οἷον
2611 5491 2945 5554 ἐπισκόπους
2970 5489 3328 5561 ψηφίζεσθαι,
3361 5494 3492 5564 περὶ
3521 5494 3725 5564 δογμά-

2159 5584 2461 5638 των-νέων
2512 5581 2731 5653 ζητεῖν,
2783 5581 2817 5652 ἢ
2881 5582 3198 5653 ἐκποιήσεις
3254 5582 3724 5657 ἐκκλησιαπικῶν
