4042 6214
283 282 386 347 H5

1522 281 1601 340 IN
1649 277 1813 339 CAN.
1857 276 1999 337 ΗΠ
2062 279 2313 343 APOST.

3436 282 3543 346 μϐ

280 390 378 447 καὶ
413 391 717 461 συγχωρεῖν
746 391 1120 463 ἁμαρτήματα
1144 408 1158 423 ο
1190 394 1323 447 an)
1355 395 1446 448 tu".
1480 394 1529 446 oi
1557 387 1861 461 πρεσϐύτε-
1891 431 1895 441 ι

2002 388 2225 444 lissione
2255 388 2626 447 confessiones
2658 392 2902 449 audiunt.
2937 393 3129 460 Qumre
3154 394 3317 449 ctiam
3346 394 3380 449 6
3408 409 3533 451 catt.

283 502 370 555 ροι
402 487 545 553 μετὰ
578 483 897 553 προτροπῆς
923 486 1241 539 ἐπισκόπων
1266 485 1511 555 δέχονται
1540 483 1860 554 λογισμούς.

283 576 446 644 Ζήτει
471 573 569 626 τὸν
599 572 655 637 ς’
712 573 915 627 κανόνα
946 578 1044 645 τῆς
1073 576 1130 628 ἐν
1160 575 1487 647 Καρθαγένῃ
1520 574 1739 627 συνόδου
1771 572 1864 625 καὶ
1898 626 1903 631 Δ

282 668 351 721 τὰ
378 668 435 719 ὲν
460 665 616 735 αὐτῷ
645 665 954 734 γραφέντα.

354 758 609 812 ΖΩΝΑΡ.
647 759 707 812 ’0
741 759 947 830 Κύριος
979 760 1136 828 ἡμῶν
1167 758 1256 814 διὰ
1284 761 1412 824 τοὺς
1436 761 1867 831 ἁμαρτήσαντας

282 852 534 905 ἔκλινεν
570 850 899 921 οὐρανοὺς,
959 853 1059 905 καὶ
1112 852 1356 919 κατόόηθ
1392 852 1554 915 αὐτδς
1599 851 1709 921 γὰρ
1735 851 1863 919 ἔφη’

278 946 405 998 οὐκ
435 940 632 1013 ἦλθον
660 942 920 997 καλέσαι
949 942 1244 1010 δικαίους,
1271 945 1431 998 ἀλλὰ
1479 941 1869 1012 ἁμαρτωλοὺς

284 1040 375 1103 εἰς
390 1036 743 1105 μετάνοιαν.
778 1035 837 1089 ’0
863 1034 994 1104 γοῦν
1016 1036 1107 1088 τὸν
1127 1035 1185 1100 ἐξ
1212 1034 1484 1107 ἁμαρτίας
1504 1034 1869 1105 μετανοοῦντα

290 1129 367 1199 μὴ
399 1128 768 1199 προσιέμενος
796 1126 1150 1200 ἀντιπράττσι
1179 1127 1402 1199 Χριστῷ
1445 1127 1522 1197 τῷ
1548 1127 1668 1197 Θεῷ
1687 1127 1865 1197 ἡμῶν.

300 1222 362 1274 Ὀ
410 1221 472 1274 δὲ
519 1218 905 1289 ἀντιπράττων
969 1219 1122 1289 αὑτῷ
1164 1220 1260 1273 καὶ
1331 1219 1872 1288 ἀντιδιαταττόμενος

288 1314 394 1365 οὐκ
415 1311 569 1365 ἐστιν
593 1310 760 1365 αὐτοῦ
791 1311 1060 1381 μαθητής·
1087 1314 1117 1364 ό
1142 1310 1198 1363 δὲ
1229 1309 1305 1381 μὴ
1324 1310 1401 1363 ὢν
1424 1309 1590 1362 αὑτοῦ
1624 1309 1872 1379 μαθητὴς

295 1404 556 1475 ἱερᾶσθαι
584 1404 686 1457 οὐκ
709 1403 880 1468 ἄξιος.
930 1403 1054 1465 Πῶς
1077 1403 1189 1473 γὰρ
1218 1402 1277 1465 ὂς
1326 1401 1699 1472 ’Λντίχριστον
1745 1402 1874 1453 ἐαυ-

288 1498 385 1550 τὸν
411 1498 739 1567 καθίστησιν
770 1496 1191 1567 ἐναντιούμενος
1218 1494 1294 1564 τῷ
1316 1496 1526 1549 ἐκείνου
1580 1494 1870 1565 θελήματι,

289 1587 484 1651 δεκτὸς
518 1590 776 1658 τυγχάνει
810 1587 960 1656 αὐτῷ
980 1606 994 1652 ;

1964 481 2151 537 Carth.
2178 499 2322 555 syn.,
2357 494 2411 539 et
2444 500 2566 555 quae
2590 482 2641 540 in
2672 502 2797 553 eum
2825 489 3025 558 scripta
3063 496 3208 545 sunt.

2039 748 2289 806 ZONAR.
2326 752 2584 809 Dominus
2614 764 2797 810 noster
2835 765 3053 826 propter
3096 766 3407 827 peccatores
3454 762 3542 816 in-

1968 843 2184 897 clinavit
2227 844 2421 905 σανίσι,
2471 854 2520 899 et
2566 845 2827 901 descendit
2868 847 2905 900 ‘.
2943 847 3148 903 Etenim
3190 850 3319 903 dicit
3373 853 3486 920 ipse
3520 869 3534 905 :

1969 934 2088 990 Non
2116 938 2230 991 veni
2259 954 2440 991 vocare
2462 938 2658 1007 justas,
2692 939 2782 993 sed
2824 952 3116 1005 peccatores
3166 944 3234 995 ad
3284 945 3539 1012 paeniten-

1973 1031 2121 1086 tiam.
2141 1032 2240 1097 Qui
2263 1045 2367 1083 non
2396 1031 2584 1099 recipit
2605 1032 2766 1102 igitur
2781 1048 2841 1087 ex
2866 1043 3085 1101 peccato
3111 1036 3537 1105 resipiscentem,

1970 1127 2300 1180 contrarium
2334 1126 2462 1193 quid
2504 1125 2631 1180 facit
2654 1126 2871 1181 Christo
2908 1127 3014 1181 Deo
3046 1138 3252 1182 nostro.
3282 1127 3380 1193 Qui
3411 1144 3540 1183 vero

1972 1217 2303 1272 contrarium
2333 1216 2459 1285 quid
2494 1216 2623 1285 agit,
2652 1224 2706 1271 et
2734 1231 2798 1271 ex
2829 1217 3056 1272 adverso
3091 1216 3165 1271 illi
3211 1218 3497 1284 opponitur
3518 1258 3535 1280 ,

1972 1325 2077 1363 non
2110 1318 2193 1363 est
2220 1308 2335 1377 ejus
2359 1308 2674 1378 discipulus.
2706 1308 2921 1362 Atvero
2956 1310 3045 1377 qui
3096 1323 3199 1363 non
3248 1321 3328 1362 est
3372 1308 3542 1377 ipsius

1972 1402 2310 1471 discipulus,
2353 1402 2603 1471 indignus
2656 1411 2779 1465 est,
2821 1402 2909 1472 qui
2938 1417 3151 1455 sacrum
3181 1401 3361 1456 faciat.
3405 1401 3539 1456 Nam

1974 1494 2246 1565 quomodo
2276 1494 2365 1562 qui
2396 1493 2603 1547 hostem
2637 1492 2839 1548 Christi
2874 1508 2933 1549 se
2957 1495 3114 1564 gerit,
3162 1492 3329 1562 ipsius
3381 1506 3545 1562 repu-

1976 1603 2147 1657 gnans
2168 1588 2452 1652 voluntati,
2481 1587 2547 1641 ab
2579 1601 2644 1641 eo
2683 1586 3017 1656 recipiatur?

301 1678 555 1733 ‘APIST.
622 1679 686 1733 Ὀ
727 1678 850 1743 τοῖς
891 1678 1254 1747 μετανοοῦσι
1297 1679 1384 1749 μὴ
1438 1679 1873 1751 συγγινώσκων

1995 1678 2203 1735 \RIST.
2276 1679 2379 1746 Qui
2457 1678 2873 1748 resipiscemibus
2944 1694 3047 1731 non
3120 1680 3378 1748 ignoscit,
3442 1680 3548 1747 ipse

790 1770 1379 1838 ἀσυγγνωστότερος.

369 1862 486 1916 Καὶ
523 1856 699 1925 οὗτος,
755 1861 1018 1931 κληρικδς
1043 1861 1140 1927 ὢν,
1195 1865 1556 1933 καθαιρετται,
1594 1866 1670 1929 ὡς
1717 1866 1871 1918 ἐναν-

293 1955 585 2023 τιούμενος
655 1952 734 2023 τῷ
784 1954 974 2024 Κυρίῳ
1054 1954 1302 2022 εἰπόντι,
1369 1956 1545 2027 χαρὰν
1623 1958 1871 2025 γίνεσθαι

297 2049 358 2099 ὲν
395 2044 617 2116 οὐρανῷ
674 2048 766 2100 ἐπὶ
813 2046 894 2099 ἑνὶ
936 2046 1254 2115 ἀμαρτωλῷ
1314 2048 1692 2119 μετανοοῦντι.

915 2140 1156 2192 ΚΑΝΩΝ
1190 2141 1318 2196 Nl".

306 2232 377 2286 ει
402 2248 496 2297 τις
530 2231 867 2298 ἐπίσκοπος
905 2232 944 2300 ἢ
979 2234 1381 2301 πρεσϐύτερος
1409 2234 1447 2304 ἢ
1488 2234 1767 2303 διάκονος
1806 2239 1877 2292 ἐν

371 2325 509 2390 ταῖς
546 2324 797 2393 ἡμέραις
852 2325 975 2379 τῶν
1046 2327 1269 2395 ἑορτῶν
1309 2332 1382 2384 οὐ
1437 2332 1877 2402 μεταλαμϐάνει

379 2416 574 2484 κρεῶν
609 2417 708 2470 καί
772 2418 966 2481 οινου,
1005 2419 1507 2490 βδελυσσόμενος
1549 2426 1647 2479 καί
1703 2428 1775 2479 οὐ
1803 2425 1878 2480 δι’

378 2511 667 2577 domum
709 2512 1120 2579 καθαιρείσθω,
1164 2512 1247 2579 ὡς
1291 2518 1881 2587 κεκαυτηριασμένος

375 2603 496 2670 τὴν
544 2604 775 2657 οἰκείαν
827 2604 1191 2670 συνείδησιν
1212 2620 1227 2637 ο
1267 2606 1365 2660 καὶ
1395 2606 1587 2675 αἴτιος
1610 2608 1881 2664 σκανδά-

374 2700 497 2750 λου
531 2695 786 2761 πολλοῖς
816 2697 1149 2765 γινόμενος.

382 2788 584 2841 ΙῖΑΛΣ.
621 2787 777 2841 Κατὰ
810 2789 989 2841 πᾶσαν
1045 2790 1328 2861 Κυριακὴν
1360 2792 1454 2845 κει)⁵
1510 2792 1651 2846 κατὰ
1698 2795 1884 2849 πᾶσαν

306 2882 512 2951 ἑορτὴν
542 2880 1013 2950 πανηγυρίζοντες
1069 2881 1131 2935 ού
1196 2881 1549 2952 νηστεύομεν,
1600 2884 1736 2939 ἀλλὰ
1791 2888 1888 2941 καὶ

306 2975 369 3025 ἐν
397 2973 516 3033 τοῖς
548 2970 848 3033 Σαϐϐάτοις
895 2972 1060 3025 πᾶσιν
1108 2972 1235 3025 ἄνευ
1292 2972 1409 3036 ἑνὸς
1445 2974 1749 3040 Σαϐϐἀτου,
1793 2976 1885 3029 τοῦ

2396 1772 2716 1841 ignoscentia
2749 1771 2993 1843 indignus
3026 1778 3120 1824 est.

2043 1868 2110 1921 Et
2136 1867 2240 1929 hic,
2267 1866 2312 1921 si
2344 1865 2414 1921 sit
2452 1865 2707 1927 clericus,
2742 1863 3026 1933 deponitur
3052 1902 3065 1926 .
3104 1870 3161 1915 ut
3197 1862 3288 1932 qui
3320 1861 3553 1916 Domino

1973 1962 2300 2017 adversatur
2325 1959 2569 2023 dicenti,
2605 1958 2857 2028 gaudium
2918 1971 3037 2013 esse
3096 1956 3149 2010 in
3202 1953 3341 2011 coelo
3389 1969 3552 2024 Super

1975 2069 2081 2108 uno
2114 2062 2399 2123 peccatore
2435 2050 2811 2120 resipiscente.

2561 2142 2791 2200 CANON
2824 2142 2949 2195 LI".
3000 2202 3007 2205 ν

1979 2238 2038 2295 Si
2073 2240 2190 2310 quis
2215 2239 2481 2304 cpiscopus
2516 2277 2530 2300 ,
2570 2237 2648 2289 uel
2692 2234 2994 2305 presbyter,
3053 2234 3131 2288 vel
3170 2233 3425 2299 diaconus
3448 2273 3461 2296 ,
3498 2232 3551 2283 in

2051 2334 2197 2405 festis
2225 2331 2403 2386 diebus
2450 2346 2663 2385 carnem
2699 2340 2746 2382 et
2776 2329 2950 2383 vinum
2989 2344 3089 2380 non
3131 2326 3292 2379 sumit
3317 2366 3333 2389 ,
3364 2324 3556 2377 abhor-

1998 2436 2003 2439 ⁷
2052 2445 2191 2492 rens,
2224 2437 2270 2481 et
2300 2444 2401 2480 non
2431 2436 2641 2492 propter
2676 2422 3121 2489 exercitationem,
3156 2420 3468 2487 deponatur,
3499 2412 3560 2469 ul

2050 2520 2143 2590 qui
2177 2520 2365 2574 habeat
2399 2519 2632 2572 inustam
2661 2515 3032 2570 conscientiam
3053 2511 3324 2581 propriam
3345 2551 3361 2579 ,
3397 2520 3445 2565 et
3491 2509 3558 2565 sit

2056 2614 2239 2668 multis
2264 2611 2570 2683 offensionis
2593 2625 2781 2665 causa.

2060 2794 2253 2852 BALS.
2293 2794 2519 2851 Omnem
2563 2792 2705 2848 diem
2760 2790 2994 2854 festum,
3048 2796 3101 2842 et
3155 2802 3370 2844 onmem
3425 2787 3564 2842 diem

1987 2890 2325 2945 Dominicum
2357 2887 2697 2943 celebrantes
2726 2899 2833 2939 non
2858 2882 3203 2954 jejunamns.
3228 2882 3318 2937 sed
3346 2889 3400 2935 et
3431 2879 3566 2936 Sahv

1989 2985 2130 3039 hatis
2151 2982 2416 3047 omnibus,
2454 2988 2814 3049 praeterquam
2843 2991 2974 3039 uno,
3014 2975 3070 3029 id
3094 2984 3178 3029 est
3209 2988 3401 3043 magno
3432 2973 3569 3027 Sah.-

312 3064 562 3134 μεγάλου
588 3063 815 3133 δηλαδὴ,
842 3062 1208 3133 καταλύομεν,
1258 3065 1345 3118 ἵνα
1376 3067 1448 3137 μὴ
1480 3065 1718 3136 δόξωμεν
1748 3068 1889 3123 κατὰ

1996 3075 2146 3137 bato,
2174 3072 2435 3142 jejunium
2468 3072 2752 3136 solvimus,
2796 3082 2861 3124 ne
2887 3067 3040 3139 juxta
3097 3064 3406 3123 Iudaeorum
3431 3067 3571 3121 ritus

309 3157 441 3218 τοὺς
470 3154 759 3217 Ἰουδαίους
791 3154 1162 3220 σαϐϐατίζειν.
1210 3154 1269 3209 '0
1292 3155 1422 3223 γοῦν
1451 3157 1508 3209 ὲν
1524 3156 1751 3222 ταύταις
1771 3162 1895 3225 ταῖς

2003 3166 2296 3222 Sahbatum
2325 3162 2604 3218 celebrare
2631 3160 2929 3215 videamur.
2957 3159 3057 3226 Qui
3095 3174 3223 3226 ergo
3252 3158 3338 3212 his
3382 3158 3574 3212 diebus

311 3250 560 3318 ἡμέραις
614 3246 915 3315 νηστεύων,
969 3248 1018 3298 εί
1084 3247 1184 3315 μὲν
1212 3246 1286 3310 ὡς
1352 3245 1779 3318 βδελυττόμενος
1826 3249 1897 3304 τὰ

315 3339 427 3391 ὑπὸ
450 3335 549 3390 τοῦ
576 3336 713 3389 Θεοῦ
739 3337 818 3400 είς
842 3335 1044 3406 βρῶσιν
1079 3337 1213 3408 ἡμῖν
1246 3337 1491 3403 δοθέντα,
1525 3340 1618 3391 καὶ
1662 3340 1897 3393 σκανδα-

316 3432 491 3495 λίζων
539 3428 791 3482 ἰντεῦοεν
841 3430 934 3480 τὸν
986 3427 1134 3491 λαὸν,
1183 3430 1548 3500 καθαιρεῖται,
1601 3431 1899 3495 ἐπίσκοπος

319 3523 396 3576 ὦν
452 3520 703 3590 δηλονότι
757 3520 789 3591 ἢ
838 3519 1211 3591 πρεσϐύτερος
1243 3521 1274 3591 ἢ
1301 3521 1570 3586 διάκονος.
1639 3524 1701 3577 Ei
1745 3526 1802 3580 δὲ
1831 3524 1899 3579 δι’

321 3615 563 3683 ἄςκησιν
613 3611 879 3681 ἀπέχεται
929 3612 1159 3676 τούτων,
1214 3615 1722 3686 συγγνωσθήσεται.
1789 3618 1901 3671 Kal.

321 3703 604 3772 ἀνάγνωθι
657 3705 758 3773 τὴν
822 3705 902 3766 εἰς
941 3703 1036 3758 τὸν
1088 3702 1170 3757 va.’
1208 3705 1407 3759 κανόνα
1457 3707 1776 3778 ἑρμηνείαν,
1808 3711 1905 3764 καὶ

326 3795 424 3848 τὸν
470 3794 531 3849 ιδ’
584 3795 786 3848 κανόνα
839 3797 936 3865 τῆς
982 3796 1040 3849 ἐν
1091 3794 1337 3867 Ἀγκύρῃ
1386 3798 1632 3852 συνόδου.
1696 3801 1903 3865 Δαῖκὸς

333 3888 522 3957 μέντοι
546 3886 691 3941 οὕτω
720 3885 999 3955 νηστεύων
1018 3886 1207 3949 κακῶς
1232 3888 1371 3959 (77),
1400 3889 1498 3942 καὶ
1524 3892 1739 3946 πενθῶν
1766 3894 1905 3963 μετὰ

332 3983 447 4036 τῶν
472 3978 902 4051 Μαρκιανιστῶν
945 3980 1268 4050 αἱρετικῶν,
1300 3981 1647 4053 ἀφορίζεται,
1683 3986 1826 4039 κατὰ
1848 3986 1908 4040 cs

331 4075 486 4136 τέλος
514 4072 611 4126 τοῦ
647 4078 725 4124 vz’
757 4071 1002 4133 κανόνος.

408 4165 649 4220 ΖΩΝΑΡ.
703 4164 1101 4218 Κεκανόνισται
1144 4164 1205 4216 ὲν
1251 4166 1363 4228 τοῖς
1423 4164 1723 4229 Σαϐϐἀτοις
1779 4169 1907 4223 ἄνευ

328 4259 456 4321 hoc
480 4256 575 4310 τοῦ
625 4256 888 4325 μεγάλου,
916 4256 1010 4307 καὶ
1037 4256 1095 4307 ὲν
1138 4259 1256 4318 ταῖς
1311 4258 1622 4327 Κυμακαῖς
1666 4260 1760 4312 καὶ⁵
1788 4264 1909 4326 ταῖς

332 4349 686 4419 ἑορτασίμοις
744 4349 979 4419 ἡμέραις
1012 4346 1087 4418 μὴ
1109 4350 1411 4417 νηστεύειν.
1480 4348 1639 4402 Ἀλλὰ
1664 4350 1911 4422 διάφοροι

1994 3256 2226 3328 jejunat,
2259 3255 2524 3325 siquidem
2555 3260 2613 3306 ut
2641 3267 2711 3307 ea
2730 3265 2847 3318 qua:
2876 3250 3031 3305 nobis
3071 3266 3099 3303 a
3140 3250 3252 3304 Deo
3299 3252 3350 3302 in
3391 3249 3571 3304 cibum

2000 3334 2122 3406 data
2167 3356 2296 3405 sunt
2357 3346 2696 3408 abhorrens,
2742 3352 2796 3397 et
2838 3342 2966 3396 hinc
3014 3341 3211 3411 populo
3261 3339 3573 3395 oﬂ‘ensinnis

2001 3457 2223 3499 causam
2264 3440 2531 3509 praebens.
2566 3435 2873 3505 deponitur,
2906 3433 2950 3487 si
2987 3433 3056 3487 sit
3084 3432 3333 3486 videlicet
3367 3430 3576 3499 episco-

2003 3549 2123 3604 pus,
2163 3532 2244 3587 vel
2272 3530 2574 3601 presbyter,
2607 3527 2688 3581 vel
2718 3525 3001 3579 diaconus.
3035 3524 3326 3577 Sinautem
3350 3532 3571 3592 propter

2003 3623 2442 3682 exercitationem
2477 3620 2543 3675 ab
2570 3619 2649 3674 eis
2678 3618 2967 3679 abstineat,
3008 3616 3055 3669 ei
3080 3615 3405 3686 ignoscetur.
3434 3612 3573 3682 Lege

2004 3716 2232 3774 canonis
2256 3716 2316 3771 5i
2353 3710 2771 3782 expositionem,
2818 3717 2873 3763 et
2917 3707 2983 3762 Μ
3027 3721 3149 3761 can.
3199 3721 3320 3777 syu.
3366 3704 3568 3773 Ancyr.

2008 3810 2203 3865 Laicus
2239 3820 2363 3862 vero
2394 3804 2483 3874 qui
2511 3803 2588 3859 sic
2620 3803 2759 3857 male
2782 3799 3033 3871 jejunat,
3085 3807 3140 3856 et
3184 3812 3306 3853 cum
3352 3795 3580 3850 Marcio-

2009 3904 2163 3960 nistis
2194 3898 2463 3956 haereticis
2491 3898 2677 3967 luget,
2732 3879 3089 3965 segregatum
3148 3901 3207 3946 ut
3256 3890 3313 3944 in
3358 3891 3465 3946 line
3512 3888 3575 3943 5t

2009 4008 2263 4052 αιηοιιιει

2083 4168 2337 4223 ZONAR.
2368 4166 2678 4223 Canonibus
2708 4165 3010 4218 institutum
3047 4162 3164 4226 l'uit,
3198 4170 3256 4213 ut
3297 4161 3349 4213 in
3378 4159 3585 4213 Subba-

2014 4266 2082 4320 tis
2117 4266 2260 4331 (uno
2282 4274 2477 4331 magno
2505 4265 2729 4325 excepto
2751 4256 2769 4326 )
2793 4265 2848 4309 et
2880 4256 2931 4309 in
2965 4254 3291 4318 Dominicis,
3318 4262 3375 4309 et
3412 4253 3465 4306 in
3501 4253 3585 4307 fc-

2014 4358 2168 4413 stivis
2217 4354 2405 4408 diebus
2459 4366 2564 4404 non
2621 4347 2981 4419 jejunaretnr.
3034 4348 3286 4400 Attamen
3342 4345 3583 4400 nonnulli

331 4445 443 4497 τῶν
475 4444 651 4511 ἁγίων
682 4442 963 4513 [ἰκτέρων.
997 4444 1053 4495 ὲν
1085 4440 1220 4494 δέκα
1270 4441 1434 4510 τυχόν
1480 4443 1717 4514 ἡμέραις
1757 4445 1789 4515 ἢ
1827 4446 1895 4499 εῖ-

2012 4460 2319 4505 sanctorum
2347 4444 2566 4499 Patrum
2598 4439 2866 4497 indecem
2895 4439 3032 4493 forte
3054 4439 3243 4493 diebus
3280 4438 3361 4492 vel
3417 4438 3583 4494 etiam

333 4555 482 4601 κοσι,
512 4535 853 4591 καὶτούτων
907 4534 1187 4597 ἐπέκεινα,
1254 4534 1469 4604 {taeta-1'
1528 4537 1674 4599 τινὲς
1725 4537 1783 4591 δὲ
1813 4539 1907 4593 καὶ

332 4627 465 4698 ᾶνρι
496 4630 608 4683 τῶν
651 4628 1066 4697 τεσσαράκοντα
1112 4629 1212 4696 τὴν
1255 4628 1515 4696 νηστείαν
1568 4630 1909 4698 παρέτεινον.

334 4724 551 4791 Ὠσπερ
581 4720 676 4775 οὖν
718 4721 779 4773 οὐ
822 4718 1185 4791 παραϐαίνειν
1234 4720 1440 4773 ἐκεῖνοι
1493 4721 1619 4784 τοὺς
1680 4722 1912 4788 κανόνας

332 4815 639 4885 ἐκρίνοντο,
684 4815 743 4865 ὲν
795 4812 1096 4875 Σαϐϐάτοις
1153 4810 1532 4880 νηστεύοντες,
1591 4811 1766 4877 οὕτως
1803 4814 1913 4869 οὐδ’

336 4910 395 4962 εἷ
416 4927 504 4972 τις
526 4910 584 4961 ὲν
617 4906 955 4978 ὡρισμέναις
977 4904 1209 4976 ἡμέραις
1244 4904 1420 4957 ἐθέλει
1457 4905 1910 4975 ὲγκρατεύεσθαι,

337 5004 437 5056 καὶ
495 5002 586 5055 διὰ
630 5001 808 5053 τόσων
857 4997 1084 5061 ἐσθίειν,
1125 4996 1239 5049 κᾶν.
1288 4996 1566 5050 Σάϐϐατον
1624 5000 1682 5051 ὲν
1723 5001 1914 5065 αὑταῖς

2015 4541 2205 4612 viginti
2234 4581 2249 4606 ,
2283 4538 2533 4608 ultraque
2566 4536 2684 4590 dies
2730 4535 2866 4588 istos
2893 4572 2907 4600 ,
2958 4547 3064 4587 non
3107 4532 3483 4588 comedehant.
3520 4532 3590 4586 Et

2014 4633 2183 4689 etiam
2206 4630 2423 4699 quidam
2449 4628 2515 4681 ad
2541 4627 2654 4681 dics
2690 4638 2860 4694 usque
2912 4623 3272 4693 quadraginta
3322 4622 3585 4692 jejunium

2017 4723 2432 4794 protendchant.
2468 4716 2936 4785 Quemadmodum
2968 4714 3133 4785 igitur
3160 4714 3211 4768 in
3242 4715 3484 4769 sabbatis
3518 4713 3589 4767 illi

2012 4817 2318 4887 jejunantes
2348 4810 2652 4881 transgredi
2699 4824 2936 4864 canones
2990 4822 3095 4862 non
3149 4806 3536 4875 judicabantur
3576 4825 3589 4859 :

2020 4907 2099 4960 sic
2153 4916 2348 4973 neque,
2402 4901 2446 4955 si
2484 4899 2608 4969 quis
2668 4913 2763 4967 per
2791 4906 2971 4953 certos
2998 4898 3259 4967 quosdam
3314 4895 3427 4949 dies
3466 4894 3594 4949 velit.

2025 4994 2319 5059 abstinere,
2349 5000 2403 5047 et
2436 5006 2533 5057 per
2562 4989 2781 5044 totidem
2811 4989 3116 5052 comedere,
3143 4986 3258 5042 sive
3290 4984 3588 5039 Sabbatum

341 5096 733 5166 παρεμπίπτῃ,
765 5092 870 5146 κᾶν
900 5090 1036 5159 ἄλλη
1090 5087 1277 5159 ἡμέρα
1308 5106 1391 5151 τις
1438 5089 1785 5160 ὲορτάσιμος.
1842 5091 1895 5145 tiu

2026 5088 2080 5142 in
2114 5088 2259 5157 ipsos
2288 5083 2559 5146 inciderit,
2591 5082 2706 5137 sive
2732 5081 2870 5135 alius
2902 5080 3017 5134 dies
3042 5079 3234 5143 festus,
3257 5076 3593 5143 judicabitur

340 5188 674 5261 παραϐάτης
722 5185 831 5238 τῶν
883 5183 1123 5236 κανόνων
1182 5179 1523 5250 κριθήσεται.
1581 5181 1643 5233 Ei
1686 5180 1743 5234 δὲ
1776 5181 1895 5235 αὖτέ

2026 5189 2085 5236 ut
2116 5193 2382 5235 canonum
2419 5185 2807 5246 transgressor.
2842 5172 2898 5228 Si
2927 5186 3055 5229 vero
3081 5172 3133 5227 in
3186 5168 3434 5226 Sabbatis
3459 5182 3593 5239 qua-

417 5374 459 5405 "
492 5370 641 5428 Psal.
669 5387 801 5466 xvtt,
835 5373 927 5428 20.

413 5566 533 5632 (Τί)
567 5567 896 5633 Νηστεύων
946 5569 1160 5635 κακῶς.
1196 5567 1442 5635 Reliqua,
1469 5583 1642 5635 usque
1680 5569 1744 5620 ad
1782 5566 1917 5635 ἀφοο

344 5638 567 5761 ἕζεται
605 5636 897 5702 ex'clusive,
938 5654 1003 5693 ex
1062 5656 1163 5692 ms.
1220 5636 1512 5692 Bodleiano
1556 5637 1912 5690 rcstituinms.

403 5708 733 5761 arcionistas
787 5718 964 5761 autem
1004 5710 1090 5761 hic
1117 5708 1333 5761 citatos.
1374 5709 1539 5761 etiam
1580 5707 1816 5761 Sabbato
1843 5706 1912 5761 3e-

1580 5436 1740 5500 Guill
1756 5484 1769 5499 .
1814 5435 2136 5516 Beveregii
2178 5443 2365 5499 notas.

2023 5566 2265 5635 jnnasse.
2321 5564 2475 5620 testis
2518 5574 2625 5635 est.
2654 5558 2988 5635 Epiphanius
3035 5560 3167 5613 lizrr.
3212 5557 3304 5621 42,
3356 5571 3474 5628 par.
3507 5569 3596 5623 tu,

2029 5629 2159 5693 tom.
2199 5638 2238 5701 l,
2270 5651 2394 5707 pag.
2431 5634 2559 5701 504,
2593 5629 2915 5704 ορεὲζεόίι.
2945 5629 3131 5684 i’etav.

403 5708 733 5765 arcionistas
787 5718 964 5764 autem
1004 5710 1090 5765 hic
1117 5708 1333 5772 citatos,
1374 5709 1539 5764 etiam
1580 5707 1816 5762 Sabbato
1843 5706 1917 5763 δοι-
2006 5744 2009 5745 ν
