4042 6214
264 293 360 354 liti

1511 291 1592 351 IN
1632 289 1798 349 CAN-
1844 287 1969 346 LVI
2005 293 2257 352 APOS'I‘.

3415 294 3523 358 150-

259 406 410 458 τοθεν
435 402 861 470 ἀνεπιλήπτους,
882 399 970 450 ἵνα
1003 399 1076 468 μὴ
1099 399 1168 451 δι’
1213 400 1411 461 αὐτοὺς
1443 398 1833 468 βλασφημῆται

1958 417 2063 457 οει
2112 417 2186 456 ne
2231 411 2449 472 propter
2499 403 2648 470 ipsos
2689 416 2884 458 nomen
2927 402 3019 457 Dei
3055 403 3408 471 vituperetur.
3455 411 3513 458 In

261 494 321 545 τὸ
350 494 527 561 ὄνομα
557 491 655 544 τοῦ
681 490 840 544 Θεοῦ·
861 490 923 542 τὺ
957 490 1014 543 δὲ
1039 491 1098 543 ὲν
1141 491 1423 561 καπηλείῳ
1452 490 1678 543 εἰσιέναι
1724 491 1836 559 βίον

267 585 506 652 ἄσεμνον
558 581 709 650 ἔχειν
767 582 895 652 τοὺς
939 581 1070 646 αύτὺ
1103 581 1390 644 ποιοῦντας
1446 582 1710 648 δείκνυσι,
1745 585 1840 652 και

268 676 324 726 οὗ
356 674 489 744 περὶ
515 673 724 742 βρῶσιν
761 673 856 726 καὶ
891 673 1049 726 πόσιν
1081 673 1255 744 μόνην
1282 672 1612 748 διεφθάρθαι·
1657 674 1840 737 αὐτοῖς

266 768 327 816 τὰ
348 767 478 835 ἤθη,
507 764 642 819 ἀλλὰ
677 766 773 818 καὶ
820 764 948 835 περὶ
981 765 1079 834 τὴν
1122 765 1291 836 ἄλλην
1323 767 1502 819 πᾶσαν
1539 766 1838 835 διαγωγήν.

267 853 549 922 Ἀσέμνων
575 854 686 926 γὰρ
712 853 924 926 ἀνδρῶν
949 870 1007 906 τε
1033 857 1127 907 καὶ
1145 854 1422 920 γυναικῶν
1450 855 1508 907 ὲν
1530 856 1641 916 τοῖς
1660 870 1844 920 καπη-

267 945 429 1006 λείοις
463 944 879 1014 συναγομένων,
910 946 936 997 ό
974 943 1186 1006 τούτοις
1239 944 1841 1013 συναναστρεφόμενος,

265 1040 361 1090 οὐκ
389 1037 696 1105 ἀμὲθεκτος
724 1038 878 1092 ἔσται
901 1037 998 1104 τῆς
1021 1037 1244 1098 ἐκείνων
1273 1034 1490 1098 κακίας.
1523 1037 1844 1105 Φθεῲουσι

270 1131 377 1200 γὰρ
433 1128 553 1197 ἤθη
585 1114 1083 1198 χρηστὰδμιλίαι
1111 1131 1312 1184 κακαί.
1366 1129 1461 1184 Διὸ
1489 1128 1846 1205 ἀφορίζεσθαι

267 1217 392 1279 τοὺς
416 1213 718 1280 τοιούτους
746 1216 1047 1288 κληρικοὺς
1082 1219 1458 1275 διακελεύεται
1494 1222 1521 1273 6
1559 1218 1761 1272 κανών·
1797 1219 1847 1272 εί

265 1309 322 1360 δὲ
340 1299 704 1379 όδοιπορῶνό
733 1309 1018 1380 κληρικὸς,
1080 1312 1178 1366 καὶ
1213 1314 1290 1382 μὴ
1349 1312 1486 1382 ἔχων
1519 1312 1650 1365 ἔνθα
1680 1328 1848 1365 κατα·

265 1398 436 1460 λύσει,
465 1397 716 1479 τουτέστι
782 1401 952 1473 μονὴν
1005 1404 1295 1473 ποιήσεται
1342 1404 1438 1459 καὶ
1485 1402 1850 1457 διαναπαύσε-

265 1507 372 1550 ται,
406 1489 469 1554 ἐξ
496 1491 748 1560 ἀνάγκης
779 1495 863 1556 είς
894 1495 1212 1572 πανδοχεῖον
1235 1494 1480 1567 εἰσέλθῃ,
1511 1479 1758 1558 ἀναίτιος
1781 1495 1848 1548 ἂν

267 1582 352 1650 εἴη
410 1584 510 1634 καὶ
559 1583 932 1654 ἀτιμώρητος.
990 1587 1063 1641 Τὸ
1114 1587 1247 1640 αὐτό
1298 1604 1432 1658 φησι
1490 1587 1583 1643 καὶ
1632 1589 1660 1642 6
1706 1589 1850 1640 είκο-

1943 505 2241 558 cauponam
2276 501 2457 546 autem
2513 491 2745 561 ingredi,
2779 492 3111 546 demonstrat
3163 493 3263 547 hoc
3297 504 3514 562 agentes

1943 584 2285 652 inhonestam
2346 584 2511 637 vitam
2565 585 2764 640 ducere
2825 599 2841 639 :
2886 599 3060 654 neque
3118 593 3323 653 tantum
3373 586 3514 640 circa

1944 676 2144 740 cibum,
2172 685 2463 746 potumque
2489 685 2770 746 corruptos
2799 677 2928 744 ipsis
2956 691 3134 732 mores
3155 691 3297 740 esse,
3328 692 3513 731 verum

1943 768 2103 820 etiam
2135 768 2276 822 circa
2307 783 2523 822 omnem
2577 769 2738 822 aliam
2790 768 3001 822 vivendi
3049 769 3512 822 consuetudinem.

1947 857 2081 913 Nam
2121 898 2134 920 ,
2171 873 2294 911 cum
2348 857 2659 928 promiscue
2725 859 2993 913 conﬂuant
3049 855 3101 910 in
3133 872 3430 928 cauponam
3462 866 3515 909 et

1946 935 2210 1004 inhonesti
2247 949 2344 1004 viri
2383 960 2440 1004 et
2494 951 2788 1006 inhonesta:
2821 949 3094 1010 mulieres,
3146 949 3237 1017 qui
3278 963 3400 1003 eum
3434 958 3516 1000 ta-

1948 1041 2086 1094 libus
2140 1052 2488 1096 conversatur
2543 1057 2726 1098 eorum
2771 1035 3126 1115 turpitudinis
3173 1057 3366 1110 expers
3414 1058 3516 1092 non
3587 1069 3589 1072 -

1947 1134 2050 1188 erit
2091 1151 2106 1188 :
2137 1123 2285 1186 Mala
2321 1149 2512 1204 nempe
2545 1133 2804 1204 colloquia
2836 1143 3174 1203 corrumpunt
3211 1133 3371 1186 bonos
3418 1149 3518 1185 nm.

1948 1240 2028 1278 res
2051 1227 2118 1280 ²¹.
2143 1223 2264 1278 Ideo
2289 1240 2457 1280 canon
2478 1226 2628 1295 jubet
2655 1224 2954 1280 istiusmodi
2977 1224 3203 1279 clericos
3225 1224 3516 1290 segregari.

1948 1315 2100 1382 Quod
2133 1315 2176 1370 si
2202 1316 2430 1372 clericus
2454 1317 2554 1371 iter
2581 1316 2808 1378 faciens,
2841 1331 2939 1372 nee
2970 1317 3174 1370 habens
3201 1331 3307 1386 quo
3335 1315 3516 1368 diver-

1952 1418 2028 1465 tat
2080 1409 2226 1481 (hoc
2260 1419 2345 1466 est
2367 1449 2382 1476 ,
2407 1409 2740 1464 mansionem
2791 1408 2953 1462 faciat
2982 1447 2996 1471 ,
3039 1417 3094 1462 et
3125 1408 3366 1476 quiescat
3388 1408 3428 1471 ),
3465 1406 3518 1460 in

1949 1517 2250 1573 cauponam
2283 1513 2396 1556 tum
2418 1516 2516 1572 per
2542 1502 2916 1568 necessitatem
2949 1501 3018 1553 sit
3049 1499 3341 1580 ingressus,
3362 1496 3518 1567 culpa

1950 1603 2127 1658 vacat.
2161 1608 2262 1665 nec
2293 1593 2558 1648 obnoxius
2588 1601 2671 1648 est
2701 1592 2792 1646 ulli
2821 1604 3012 1662 poenae.
3052 1589 3188 1643 Dicit
3223 1590 3322 1644 hoc
3357 1590 3520 1644 etiam

269 1673 393 1734 στδς
425 1674 692 1744 τέταρτος
735 1677 834 1746 τῆς
860 1679 919 1733 ὲν
957 1678 1250 1752 Λαοδικείᾳ
1281 1680 1498 1735 συνόδου
1524 1681 1728 1748 κανὼν,
1754 1683 1850 1736 καὶ

1958 1685 2247 1740 vicesimus
2277 1694 2500 1754 quartus
2530 1677 2704 1739 eanon
2731 1682 2921 1756 synodi
2950 1675 3261 1746 Laodicaeze,
3291 1689 3344 1736 et
3393 1695 3523 1751 qua-

265 1764 294 1814 6
319 1767 760 1835 τεσσαρακοστὸς
781 1767 880 1837 τῆς
915 1770 973 1822 ὲν
1003 1768 1275 1841 Καρθαγέ·
1295 1788 1352 1846 ῃ.

264 1855 490 1908 ΔΡΙΣΤ.
559 1856 619 1909 '0
687 1857 828 1926 δίχα
919 1854 1044 1926 τῆρ’
1089 1862 1240 1915 κατὰ
1310 1863 1513 1930 τρίϐον
1577 1862 1848 1932 ἀνάγκης

327 1949 626 2015 κληρικὸς
679 1952 766 2016 είς
792 1951 1125 2019 καπηλεῖον
1172 1953 1392 2006 ἐσθίων
1418 1953 1790 2024 ἀφοριστέος.

348 2041 411 2092 '0
441 2041 765 2112 παροδεύων
787 2043 1070 2114 κληρικὸς,
1099 2045 1148 2096 εί
1181 2045 1246 2099 δι’
1270 2045 1520 2117 ἀνάγκην
1550 2048 1848 2102 καταλύσει

271 2137 346 2198 οἷς
371 2135 708 2202 πανδοχεῖον,
771 2137 1165 2203 συγγνωστέος·
1202 2140 1229 2192 6
1255 2139 1311 2191 δὲ
1341 2134 1510 2209 χωρὶς
1587 2122 1851 2194 περιστά-

274 2245 407 2290 σεως
432 2227 515 2310 είς
550 2225 849 2295 καπηλεῖον
873 2227 1072 2281 ἐσθίων
1099 2213 1445 2298 ἀφοριστέος.

870 2430 1110 2484 κΑΝοΝ
1140 2430 1268 2508 NE'.

266 2540 338 2592 ει
358 2558 450 2605 τις
477 2540 771 2608 κληρικὸς
821 2544 1054 2610 ὑϐρίσει
1094 2546 1201 2598 τὸν
1246 2545 1608 2610 ἐπίσκοπον,
1655 2550 1854 2601 καθαι-

329 2635 578 2702 ρείσθω.
621 2637 911 2706 Ἄρχοντα
940 2637 1050 2707 γὰρ
1084 2638 1192 2693 τοῦ
1211 2639 1369 2694 λαοῦ
1406 2654 1527 2694 σου
1547 2641 1659 2696 οὐκ
1699 2640 1853 2710 ἐρεῖς

337 2743 564 2800 κᾳκφς.

853 2855 1093 2910 ΚΔΝΩΝ
1125 2857 1285 2926 ινα-ο.

263 2968 335 3019 ετ
366 2984 461 3032 τις
483 2966 772 3035 κληρικῦς
789 2967 1017 3037 ὐδρίσει
1040 2973 1449 3042 πρεσόύτερον
1484 2976 1519 3044 ἣ
1544 2976 1852 3049 διάκονον,

879 3061 1272 3130 ἀφοριζέσθω.

339 3169 548 3224 ΒᾹᾹΣ.
610 3172 676 3224 Oi
725 3172 895 3229 διττοὶ
943 3175 1168 3240 κανόνες
1227 3173 1372 3234 οὗτοι
1407 3184 1434 3235 6
1468 3190 1542 3237 νε¹
1597 3185 1691 3238 καὶ
1720 3184 1858 3250 όνς¹

271 3261 564 3322 κολαζουσι
586 3263 716 3325 τοὺς
735 3255 994 3334 ὑϐριστὰς
1016 3254 1336 3340 κληρικούςο
1357 3273 1472 3326 ἀλλ’
1496 3275 1524 3327 6
1545 3276 1644 3344 μὲν
1661 3275 1734 3329 νε⁹
1755 3296 1857 3332 κα-

272 3352 590 3421 θαιρεῖσθαί
618 3371 752 3424 φησι
772 3355 862 3408 τὸν
882 3357 1143 3426 κληρικὺν
1166 3360 1255 3412 τὸν
1274 3361 1571 3432 ὑϐρίσαντα
1589 3365 1680 3420 τὸν
1705 3369 1860 3422 ἐπίσ-

273 3459 470 3495 κοπον*
492 3444 521 3494 ὁ
541 3443 598 3496 δὲ
624 3442 711 3508 νς¹
736 3445 1097 3519 ἀφορίζεσθαι
1115 3449 1409 3522 διορίζεται
1438 3453 1528 3506 τὸν
1561 3456 1859 3528 ὑϐρίσαντα

276 3533 546 3602 κληρικδν
566 3536 835 3604 πρεσϐύτε
846 3555 938 3607 ρον
952 3539 984 3609 ἢ
1004 3541 1269 3608 διάκονον,
1286 3545 1503 3611 πάντως
1519 3549 1679 3603 διὰτὸ
1694 3535 1860 3624 τιμὴν

277 3625 510 3678 πλείονα
541 3631 933 3697 χρεωστεὼθαι
962 3632 1041 3712 τῷ
1061 3636 1363 3708 ὲπισκόπῳ.
1412 3639 1473 3692 Οί
1509 3644 1608 3711 μὲν
1639 3645 1862 3709 κανόνες

278 3717 435 3768 οὕτω
477 3718 754 3787 διαιροῦσι
802 3721 902 3790 τὴν
939 3725 1214 3796 τιμωρίαν
1255 3728 1364 3781 τῶν
1415 3729 1688 3800 ὑϐριστῶν
1727 3733 1862 3805 κλη-

280 3806 478 3874 ρικῶν.
498 3805 558 3861 ’0
571 3808 630 3860 δὲ
651 3811 921 3875 πολιτικὸς
953 3813 1118 3882 νόμος
1135 3805 1319 3894 πάντα
1337 3820 1598 3895 ὑϐριστὴν
1634 3825 1863 3895 ἀτιμοῦ-

282 3901 346 3952 σθ
357 3920 411 3953 αι
425 3901 745 3970 διορίζεται,
768 3905 866 3956 σὺν
881 3905 957 3976 τῷ
971 3907 1166 3962 διδόναι
1179 3913 1272 3964 καὶ
1285 3916 1634 3986 χρηματικὴν
1649 3919 1857 3991 ποινήν.

278 3992 511 4062 Νομίζω
534 3991 628 4046 οὖν
642 3996 800 4068 ὅτιτῇ
821 3998 1012 4070 ἀτιμία
1031 4002 1386 4058 ἐπακολουθεῖ
1407 4007 1498 4060 καὶ
1521 4009 1860 4084 καθαίρεσις.

352 4087 604 4144 ΖΩΝΑΡ.
633 4086 700 4142 Οἱ
757 4089 858 4158 μὲν
888 4092 1164 4163 ἀρχιερεῖς
1216 4097 1296 4160 είς
1342 4097 1515 4152 τύπον
1561 4100 1714 4166 ὄντες
1765 4103 1862 4157 τοῦ

279 4177 497 4246 Κυρίου
529 4179 691 4263 ἡμῶν
743 4181 917 4251 Ἰησοῦ
937 4184 1198 4252 Χριστοῦ,
1240 4191 1334 4241 καὶ
1381 4191 1592 4260 κεφαλὴ
1630 4192 1724 4246 τοῦ
1765 4193 1864 4265 τῆς

294 4268 634 4337 Ἐκκλησίας
665 4268 917 4341 σώματος
943 4265 1310 4348 λογιζόμενοι,
1362 4283 1457 4334 καὶ
1497 4282 1743 4348 πλείονος
1782 4301 1862 4338 τι-

278 4358 395 4467 μ-ῖὶς
420 4359 762 4467 είσιΪ.ἄξιοι.
801 4364 894 4416 Διὸ
920 4365 1012 4417 καὶ
1035 4366 1063 4417 6
1090 4367 1385 4439 ἐνυϐρίσας
1429 4373 1614 4437 αὐτοῖς
1667 4375 1864 4432 καθαι-
1891 4409 1938 4467 D

277 4453 485 4520 ρεῖται.
518 4451 584 4505 οι
609 4453 665 4505 δὲ
689 4455 1058 4526 πρεσϐύτεροι
1088 4459 1183 4512 καὶ
1233 4459 1472 4515 διάκονοι
1526 4465 1724 4537 χειρῶν
1756 4466 1863 4522 σώ-

275 4542 471 4608 ζοντες
513 4545 712 4611 τύπον,
760 4545 837 4609 ὡς
889 4546 958 4601 δι’
1002 4549 1184 4604 αὐτῶν
1241 4551 1341 4616 τὰς
1402 4554 1863 4627 ὲκκλησιαστικὰς

273 4632 589 4704 διοικήσεις
650 4636 1002 4706 ἐνεργοῦντος
1057 4639 1152 4694 τοῦ
1209 4643 1548 4714 ἐπισκόπου,
1601 4650 1864 4719 τιμᾶσθαι

276 4725 388 4793 μὲν
418 4727 667 4780 κάκεῖνοι
716 4727 880 4795 ἄξιοι,
913 4731 1012 4802 οὐχ
1040 4732 1116 4796 ὡς
1156 4735 1184 4786 6
1217 4735 1514 4803 ἐπίσκοπος
1560 4739 1638 4793 δέ·
1668 4742 1729 4795 οὐ
1761 4744 1865 4814 γὰρ

275 4817 493 4885 ὁμοίως
526 4818 630 4888 τῆς
657 4820 906 4891 κεφαλῆς
936 4824 1031 4877 καὶ
1071 4825 1181 4878 τῶν
1229 4829 1429 4897 χειρῶν
1482 4833 1862 4904 ἐπιμελητέον·

274 4905 365 4956 διὸ
394 4906 423 4958 6
453 4906 688 4978 ὑϐρίσας
717 4911 915 4975 αὐτοὺς
942 4906 1106 4985 ἦττον
1130 4915 1439 4985 κολάζεται,
1477 4921 1636 4991 μόνον
1669 4923 1865 4996 ἀφορι-

275 4996 530 5069 ξάμενος.

880 5098 1123 5158 ΚΑΝΩΝ
1156 5100 1284 5159 NE'.

271 5181 507 5237 ΑΡΙΣΤ.
526 5181 794 5254 Ὺόρίζων
822 5188 1162 5247 ἐπίσκοπον
1186 5190 1474 5266 adnotng
1490 5199 1868 5270 καθαιρεῖται.

863 5365 1104 5422 ΚΔΝΩΝ
1152 5369 1299 5440 Nq'.

333 5450 765 5520 Πρεσϐύτερον
790 5454 830 5525 ἢ
858 5455 1147 5516 διάκονον
1166 5463 1418 5536 ὑϐρίζων
1434 5465 1788 5540 ἀφορίζεται.

357 5695 404 5727 ’³
441 5695 616 5753 lCor.
645 5712 736 5761 xv.
765 5699 855 5757 33.

1953 1774 2291 1841 dragesimus
2312 1775 2498 1846 synodi
2524 1772 2968 1843 Carthagineusis

1950 1866 2178 1925 ARIST.
2226 1867 2457 1924 Clericus
2499 1866 2587 1935 qui
2629 1864 2820 1934 absque
2862 1853 3076 1918 itineris
3117 1863 3420 1918 necessitate
3471 1861 3526 1916 iu

2120 1975 2360 2025 caupona
2390 1957 2636 2022 comedit,
2663 1955 3188 2011 excommunicaudus
3223 1963 3321 2008 est.

2022 2049 2235 2106 Clerico
2265 2052 2366 2105 iter
2397 2050 2638 2114 facienti,
2689 2049 2735 2104 si
2789 2049 2840 2102 in
2893 2047 3255 2102 diversorium
3310 2054 3526 2114 propter

1953 2143 2331 2197 necessitatem
2368 2142 2588 2195 divertit
2613 2182 2628 2203 ,
2657 2139 3038 2210 ignoscendum
3095 2147 3175 2191 est
3210 2155 3223 2189 ε
3267 2137 3359 2204 qui
3409 2136 3526 2188 sine

1952 2235 2042 2290 illa
2075 2244 2255 2290 autem
2296 2235 2698 2300 circumstantia
2727 2233 2781 2289 in
2815 2247 3056 2302 caupona
3095 2229 3400 2294 manducat,
3431 2244 3526 2284 cx-

1953 2327 2457 2383 communicandas.

2483 2438 2590 2508 37
2624 2436 2854 2492 cauou
2886 2435 2994 2490 ιν.

1955 2554 2014 2610 Si
2033 2555 2148 2624 quis
2175 2555 2394 2609 clericus
2429 2551 2728 2621 episcopum
2760 2551 3075 2605 contumelia
3123 2551 3377 2619 olfecerit!
3399 2589 3413 2606 .
3439 2548 3529 2599 dc-

2027 2658 2255 2714 ooua-tur
2282 2663 2302 2702 .'
2335 2646 2557 2715 principi
2577 2645 2714 2700 enim
2739 2643 2920 2716 populi
2954 2643 3035 2698 tui
3078 2658 3186 2723 non
3227 2641 3536 2696 maledica.

2545 2845 2781 2904 CANON
2819 2845 2956 2901 LVI.

1961 2967 2019 3023 Si
2049 2967 2162 3035 quis
2194 2967 2410 3020 clericus
2466 2965 2824 3032 presbyterum
2877 2959 2954 3015 vel
2995 2959 3276 3012 diaconum
3334 2954 3532 3024 injuria

1957 3061 1960 3064 ’
2149 3056 2153 3060 ’
2429 3057 2682 3128 olfecerit,
2716 3050 3030 3125 ségregctur.

2030 3175 2229 3232 BALS.
2258 3173 2321 3228 lli
2353 3172 2456 3225 duo
2491 3184 2726 3225 canones
2758 3161 2829 3222 55
2859 3177 2912 3221 et
2937 3164 3002 3219 56
3037 3162 3270 3233 puniunt
3309 3159 3532 3226 injurin-

1961 3287 2054 3328 sos
2092 3268 2318 3324 clericos
2357 3284 2371 3320 :
2412 3262 2503 3318 sed
2535 3261 2604 3315 55
2648 3253 2782 3315 dicit
2825 3251 3214 3326 deponendum
3251 3251 3536 3311 clericum,

1961 3361 2050 3432 qui
2081 3360 2388 3428 episcopum
2445 3345 2865 3422 injuria‘aliccit
2943 3343 3010 3418 56
3069 3343 3244 3398 autem
3294 3339 3536 3395 decernit

1961 3430 2354 3521 segregandum
2415 3443 2693 3508 clericum,
2723 3439 2812 3510 qui
2864 3438 3255 3508 presbyterum,
3289 3431 3370 3485 vel
3424 3430 3545 3482 dia-.

1962 3531 2156 3600 eonum
2189 3537 2379 3608 injuria
2410 3533 2588 3612 aliecit
2625 3551 2637 3586 :
2675 3532 2833 3601 idque
2869 3530 2995 3600 quia
3051 3527 3303 3595 episcOpo
3366 3521 3538 3588 major

1964 3637 2138 3691 honor
2163 3631 2407 3686 debetur.
2443 3615 2692 3682 Canones
2713 3623 2926 3695 quidem
2954 3619 3033 3675 sic
3055 3617 3300 3672 dividunt
3333 3613 3536 3681 suppli-

1961 3709 2104 3782 cium
2139 3723 2480 3779 insolentium
2521 3717 2866 3774 clericorum.
2907 3705 3001 3768 ius
3036 3722 3214 3767 autem
3247 3709 3407 3765 civile
3436 3706 3530 3760 de-

1965 3821 2102 3884 linit,
2134 3815 2392 3887 [quemvis
2447 3809 2698 3880 iniuriam
2755 3806 3036 3862 facientem
3091 3801 3263 3857 uetari
3315 3795 3537 3854 infamia

1964 3921 2161 3980 praeter
2187 3923 2398 3977 poenam
2433 3893 2824 3974 pecuniariam.
2861 3898 3122 3954 Existimo
3165 3904 3344 3949 autem
3393 3891 3536 3962 quod

1964 4002 2242 4058 infamiam
2271 3991 2516 4067 sequitur
2540 3996 2702 4048 etiam
2729 3991 3016 4062 depositio.

2037 4089 2289 4159 ZONAR.
2321 4087 2612 4142 Pontiﬁces
2634 4085 2687 4138 iu
2713 4095 2892 4153 typum
2941 4079 3150 4134 Domini
3200 4076 3367 4132 nostri
3411 4074 3538 4131 Jesu

1965 4183 2166 4241 Christi
2193 4182 2536 4240 exsistentes.
2561 4186 2613 4232 et
2645 4183 2805 4243 caput
2835 4170 3089 4227 Ecclesia:
3135 4167 3376 4235 corporis
3425 4165 3543 4220 exi-

1966 4273 2191 4340 stimati,
2229 4270 2431 4338 majore
2461 4268 2624 4324 etiam
2678 4274 2804 4319 sunt
2848 4265 3052 4317 honore
3095 4258 3259 4328 digni.
3297 4253 3541 4327 Quapro-

1967 4376 2104 4440 pter,
2143 4367 2232 4436 qui
2258 4363 2462 4433 aliquid
2495 4362 2549 4416 in
2585 4360 2684 4415 hos
2714 4358 2824 4429 agit
2856 4351 3268 4440 contumeliose,
3313 4349 3542 4418 deponi-

1971 4472 2079 4516 tur.
2116 4455 2424 4526 Presbyteri
2459 4467 2588 4506 vero
2613 4493 2625 4513 .
2654 4459 2708 4506 et
2773 4447 2986 4503 diaconi
3036 4459 3294 4500 manuum
3355 4451 3552 4512 typum

1969 4561 2219 4621 gerentes
2247 4551 2366 4617 (per
2394 4559 2554 4614 quos,
2598 4551 2654 4596 ut
2685 4557 2780 4611 per
2806 4553 3010 4603 manus,
3039 4534 3330 4607 episcopus
3364 4531 3540 4586 adrui-

1969 4641 2325 4696 nis‘trationes
2371 4645 2590 4691 exercet
2645 4631 3045 4688 ecclesiasticas
3082 4629 3100 4698 )
3137 4637 3191 4683 et
3239 4626 3293 4680 hi
3326 4621 3556 4692 quidem.

1969 4733 2114 4802 digni
2164 4741 2291 4787 sunt
2348 4727 2654 4783 honorari:
2714 4739 2824 4779 non
2891 4733 3069 4777 tamen
3119 4729 3178 4775 ut
3215 4718 3548 4786 episcopus:

1969 4840 2070 4882 nec
2092 4824 2235 4878 enim
2278 4821 2490 4888 capitis,
2545 4829 2598 4873 et
2625 4831 2878 4872 manuum
2939 4827 3068 4868 cura
3127 4809 3380 4866 similiter
3443 4806 3542 4858 ha-

1969 4916 2143 4972 benda
2175 4921 2276 4969 est.
2301 4913 2642 4980 Quapropter
2666 4907 2758 4978 qui
2790 4903 3217 4961 contumeliosus
3251 4898 3336 4951 his
3356 4894 3538 4956 interit,

1973 5008 2154 5064 minus
2174 5006 2411 5077 punitur,
2434 5004 2501 5058 a'o
2518 5002 2744 5057 aliorum
2765 5005 3030 5054 conventu
3047 4993 3219 5050 solum
3238 4993 3544 5058 separatus.

2569 5089 2794 5148 CANON
2821 5088 2929 5144 LV.

1974 5187 2198 5248 ARIST.
2218 5185 2449 5244 Clericus
2470 5186 2765 5255 episcopum
2793 5177 3108 5235 contumelia
3131 5173 3351 5243 adiciens
3387 5167 3543 5235 depo-

2668 5275 2832 5328 nitur.
2920 5277 2922 5279 ’
3079 5275 3084 5278 ’

2545 5363 2773 5423 CANON
2813 5361 2948 5417 LVI.

1969 5468 2340 5540 Presbyterum
2390 5463 2466 5522 vel
2499 5463 2774 5516 diaconum
2803 5452 3119 5511 contumelia
3157 5453 3382 5526 aﬁ‘icieus
3452 5463 3540 5502 cx-

2300 5559 2304 5564 '
2539 5547 2971 5632 communicatur.
3089 5554 3094 5559 ‘
3213 5549 3218 5556 '
