  <div class='ocr_page' id='page_1' title='image "/cluster/home/n/w/nwhite01/storage/ocr_20150623/137/hvd.32044073502536/090.png"; bbox 0 0 4042 6214; ppageno 0'>
   <div class='ocr_carea' id='block_1_1' title="bbox 270 285 377 346">
    <p class='ocr_par' dir='ltr' id='par_1_1' title="bbox 270 285 377 346">
     <span class='ocr_line' id='line_1_1' title="bbox 270 285 377 346; baseline 0 0"><span class='ocrx_word' id='word_1_1' title='bbox 270 285 377 346; x_wconf 72' lang='lat' dir='ltr'><strong>l—i&#39;J</strong></span> 
     </span>
    </p>
   </div>
   <div class='ocr_carea' id='block_1_2' title="bbox 1527 278 2272 342">
    <p class='ocr_par' dir='ltr' id='par_1_2' title="bbox 1527 278 2272 342">
     <span class='ocr_line' id='line_1_2' title="bbox 1527 278 2272 342; baseline 0.001 -3"><span class='ocrx_word' id='word_1_2' title='bbox 1527 283 1608 342; x_wconf 85' lang='lat' dir='ltr'><strong>IN</strong></span> <span class='ocrx_word' id='word_1_3' title='bbox 1648 280 1815 340; x_wconf 71' lang='grc' dir='ltr'><strong>ΒΑΝ·</strong></span> <span class='ocrx_word' id='word_1_4' title='bbox 1859 278 1986 337; x_wconf 80' lang='lat' dir='ltr'><strong>LVI</strong></span> <span class='ocrx_word' id='word_1_5' title='bbox 2021 283 2272 342; x_wconf 79' lang='lat' dir='ltr'><strong>APOS&#39;I‘.</strong></span> 
     </span>
    </p>
   </div>
   <div class='ocr_carea' id='block_1_3' title="bbox 3431 283 3538 346">
    <p class='ocr_par' dir='ltr' id='par_1_3' title="bbox 3431 283 3538 346">
     <span class='ocr_line' id='line_1_3' title="bbox 3431 283 3538 346; baseline -0.037 1"><span class='ocrx_word' id='word_1_6' title='bbox 3431 283 3538 346; x_wconf 70' lang='lat' dir='ltr'><strong>151l-</strong></span> 
     </span>
    </p>
   </div>
   <div class='ocr_carea' id='block_1_4' title="bbox 265 386 1872 462">
    <p class='ocr_par' dir='ltr' id='par_1_4' title="bbox 265 389 1849 462">
     <span class='ocr_line' id='line_1_4' title="bbox 265 389 1849 462; baseline -0.007 -12"><span class='ocrx_word' id='word_1_7' title='bbox 265 398 428 450; x_wconf 79' lang='grc' dir='ltr'>τοοεν</span> <span class='ocrx_word' id='word_1_8' title='bbox 452 394 878 462; x_wconf 77' lang='grc' dir='ltr'><strong>ἀνεπιλήπτους,</strong></span> <span class='ocrx_word' id='word_1_9' title='bbox 899 392 986 442; x_wconf 74' lang='grc' dir='ltr'>ἵνα</span> <span class='ocrx_word' id='word_1_10' title='bbox 1019 391 1092 459; x_wconf 78' lang='grc' dir='ltr'><strong>μὴ</strong></span> <span class='ocrx_word' id='word_1_11' title='bbox 1117 391 1184 442; x_wconf 79' lang='grc' dir='ltr'>δι’</span> <span class='ocrx_word' id='word_1_12' title='bbox 1229 391 1428 452; x_wconf 74' lang='grc' dir='ltr'>αὐτοὺς</span> <span class='ocrx_word' id='word_1_13' title='bbox 1459 389 1849 460; x_wconf 74' lang='grc' dir='ltr'>βλασφημῆται</span> 
     </span>
    </p>
   </div>
   <div class='ocr_carea' id='block_1_5' title="bbox 1976 386 3529 462">
    <p class='ocr_par' dir='ltr' id='par_1_5' title="bbox 1979 392 3529 462">
     <span class='ocr_line' id='line_1_5' title="bbox 1979 392 3529 462; baseline 0.001 -17"><span class='ocrx_word' id='word_1_14' title='bbox 1979 407 2080 447; x_wconf 85' lang='lat' dir='ltr'><strong>os:</strong></span> <span class='ocrx_word' id='word_1_15' title='bbox 2128 408 2194 446; x_wconf 88' lang='lat' dir='ltr'><strong>ne</strong></span> <span class='ocrx_word' id='word_1_16' title='bbox 2247 402 2466 462; x_wconf 82' lang='lat' dir='ltr'><strong>propter</strong></span> <span class='ocrx_word' id='word_1_17' title='bbox 2514 393 2663 460; x_wconf 87' lang='lat' dir='ltr'><strong>ipsos</strong></span> <span class='ocrx_word' id='word_1_18' title='bbox 2705 405 2901 448; x_wconf 81' lang='lat' dir='ltr'><strong>nomen</strong></span> <span class='ocrx_word' id='word_1_19' title='bbox 2943 392 3035 447; x_wconf 86' lang='lat' dir='ltr'><strong>Dei</strong></span> <span class='ocrx_word' id='word_1_20' title='bbox 3071 393 3424 460; x_wconf 85' lang='lat' dir='ltr'><strong>vituperetur.</strong></span> <span class='ocrx_word' id='word_1_21' title='bbox 3471 399 3529 446; x_wconf 82' lang='lat' dir='ltr'><strong>In</strong></span> 
     </span>
    </p>
   </div>
   <div class='ocr_carea' id='block_1_6' title="bbox 268 481 1852 553">
    <p class='ocr_par' dir='ltr' id='par_1_6' title="bbox 268 481 1852 553">
     <span class='ocr_line' id='line_1_6' title="bbox 268 481 1852 553; baseline -0.004 -16"><span class='ocrx_word' id='word_1_22' title='bbox 268 486 337 538; x_wconf 73' lang='grc' dir='ltr'><strong>τὸ</strong></span> <span class='ocrx_word' id='word_1_23' title='bbox 368 485 546 553; x_wconf 77' lang='grc' dir='ltr'>δνομα</span> <span class='ocrx_word' id='word_1_24' title='bbox 575 482 672 537; x_wconf 85' lang='grc' dir='ltr'><strong>τοῦ</strong></span> <span class='ocrx_word' id='word_1_25' title='bbox 699 482 856 535; x_wconf 73' lang='grc' dir='ltr'>Θεοῠσ</span> <span class='ocrx_word' id='word_1_26' title='bbox 879 482 940 534; x_wconf 78' lang='grc' dir='ltr'>τὸ</span> <span class='ocrx_word' id='word_1_27' title='bbox 973 482 1031 535; x_wconf 84' lang='grc' dir='ltr'>δὲ</span> <span class='ocrx_word' id='word_1_28' title='bbox 1056 483 1115 534; x_wconf 86' lang='grc' dir='ltr'><strong>ἐν</strong></span> <span class='ocrx_word' id='word_1_29' title='bbox 1156 483 1439 552; x_wconf 75' lang='grc' dir='ltr'><strong>καπηλείῳ</strong></span> <span class='ocrx_word' id='word_1_30' title='bbox 1468 481 1695 534; x_wconf 81' lang='grc' dir='ltr'>είσιὲναι</span> <span class='ocrx_word' id='word_1_31' title='bbox 1741 481 1852 549; x_wconf 82' lang='grc' dir='ltr'>βίον</span> 
     </span>
    </p>
   </div>
   <div class='ocr_carea' id='block_1_7' title="bbox 276 572 1856 646">
    <p class='ocr_par' dir='ltr' id='par_1_7' title="bbox 276 572 1856 646">
     <span class='ocr_line' id='line_1_7' title="bbox 276 572 1856 646; baseline -0.003 -16"><span class='ocrx_word' id='word_1_32' title='bbox 276 576 526 644; x_wconf 80' lang='grc' dir='ltr'><strong>ἄσεμνον</strong></span> <span class='ocrx_word' id='word_1_33' title='bbox 575 572 726 642; x_wconf 76' lang='grc' dir='ltr'>ἔχειν</span> <span class='ocrx_word' id='word_1_34' title='bbox 783 574 910 646; x_wconf 73' lang='grc' dir='ltr'>τοὺς</span> <span class='ocrx_word' id='word_1_35' title='bbox 956 572 1087 638; x_wconf 64' lang='grc' dir='ltr'>αὐτὸ</span> <span class='ocrx_word' id='word_1_36' title='bbox 1120 572 1407 636; x_wconf 78' lang='grc' dir='ltr'><strong>ποιοῦντας</strong></span> <span class='ocrx_word' id='word_1_37' title='bbox 1463 573 1726 640; x_wconf 85' lang='grc' dir='ltr'>δείκνυσι,</span> <span class='ocrx_word' id='word_1_38' title='bbox 1762 575 1856 644; x_wconf 63' lang='grc' dir='ltr'>καὶ.</span> 
     </span>
    </p>
   </div>
   <div class='ocr_carea' id='block_1_8' title="bbox 277 663 1856 736">
    <p class='ocr_par' dir='ltr' id='par_1_8' title="bbox 277 663 1856 736">
     <span class='ocr_line' id='line_1_8' title="bbox 277 663 1856 736; baseline -0.001 -18"><span class='ocrx_word' id='word_1_39' title='bbox 277 667 340 718; x_wconf 78' lang='grc' dir='ltr'>οὐ</span> <span class='ocrx_word' id='word_1_40' title='bbox 374 666 507 736; x_wconf 78' lang='grc' dir='ltr'>περὶ</span> <span class='ocrx_word' id='word_1_41' title='bbox 533 665 741 735; x_wconf 82' lang='grc' dir='ltr'>βρῶσιν</span> <span class='ocrx_word' id='word_1_42' title='bbox 778 665 872 719; x_wconf 74' lang='grc' dir='ltr'>καὶ</span> <span class='ocrx_word' id='word_1_43' title='bbox 907 665 1066 717; x_wconf 76' lang='grc' dir='ltr'>πόσιν</span> <span class='ocrx_word' id='word_1_44' title='bbox 1098 664 1272 736; x_wconf 83' lang='grc' dir='ltr'>μόνην</span> <span class='ocrx_word' id='word_1_45' title='bbox 1299 663 1629 736; x_wconf 78' lang='grc' dir='ltr'>διεφθάρθαι</span> <span class='ocrx_word' id='word_1_46' title='bbox 1673 665 1856 728; x_wconf 80' lang='grc' dir='ltr'>αὐτοῖς</span> 
     </span>
    </p>
   </div>
   <div class='ocr_carea' id='block_1_9' title="bbox 276 755 1854 828">
    <p class='ocr_par' dir='ltr' id='par_1_9' title="bbox 276 755 1854 828">
     <span class='ocr_line' id='line_1_9' title="bbox 276 755 1854 828; baseline 0.001 -21"><span class='ocrx_word' id='word_1_47' title='bbox 276 759 344 809; x_wconf 65' lang='grc' dir='ltr'>τὰ</span> <span class='ocrx_word' id='word_1_48' title='bbox 365 759 496 827; x_wconf 74' lang='grc' dir='ltr'><strong>ἤθη,</strong></span> <span class='ocrx_word' id='word_1_49' title='bbox 525 755 658 810; x_wconf 70' lang='grc' dir='ltr'>ἀλλὰ</span> <span class='ocrx_word' id='word_1_50' title='bbox 695 758 790 810; x_wconf 83' lang='grc' dir='ltr'>καὶ</span> <span class='ocrx_word' id='word_1_51' title='bbox 837 757 966 826; x_wconf 80' lang='grc' dir='ltr'>περὶ</span> <span class='ocrx_word' id='word_1_52' title='bbox 998 755 1096 826; x_wconf 77' lang='grc' dir='ltr'>τὴν</span> <span class='ocrx_word' id='word_1_53' title='bbox 1139 756 1308 828; x_wconf 78' lang='grc' dir='ltr'>ἄλλην</span> <span class='ocrx_word' id='word_1_54' title='bbox 1339 758 1518 810; x_wconf 79' lang='grc' dir='ltr'>πᾶσαν</span> <span class='ocrx_word' id='word_1_55' title='bbox 1556 757 1854 826; x_wconf 76' lang='grc' dir='ltr'>διαγωγήν.</span> 
     </span>
    </p>
   </div>
   <div class='ocr_carea' id='block_1_10' title="bbox 278 845 1860 918">
    <p class='ocr_par' dir='ltr' id='par_1_10' title="bbox 278 845 1860 918">
     <span class='ocr_line' id='line_1_10' title="bbox 278 845 1860 918; baseline -0.002 -19"><span class='ocrx_word' id='word_1_56' title='bbox 278 845 566 914; x_wconf 79' lang='grc' dir='ltr'>Ἀσέμνων</span> <span class='ocrx_word' id='word_1_57' title='bbox 593 846 702 918; x_wconf 80' lang='grc' dir='ltr'><strong>γὰρ</strong></span> <span class='ocrx_word' id='word_1_58' title='bbox 730 845 941 918; x_wconf 84' lang='grc' dir='ltr'>ἀνδρῶν</span> <span class='ocrx_word' id='word_1_59' title='bbox 965 862 1024 897; x_wconf 88' lang='grc' dir='ltr'><strong>τε</strong></span> <span class='ocrx_word' id='word_1_60' title='bbox 1050 845 1440 912; x_wconf 74' lang='grc' dir='ltr'>καὶγυναικῶν</span> <span class='ocrx_word' id='word_1_61' title='bbox 1466 846 1524 898; x_wconf 82' lang='grc' dir='ltr'><strong>ἐν</strong></span> <span class='ocrx_word' id='word_1_62' title='bbox 1547 846 1658 907; x_wconf 85' lang='grc' dir='ltr'>τοῖς</span> <span class='ocrx_word' id='word_1_63' title='bbox 1677 861 1860 911; x_wconf 83' lang='grc' dir='ltr'>καπη-</span> 
     </span>
    </p>
   </div>
   <div class='ocr_carea' id='block_1_11' title="bbox 279 935 1858 1006">
    <p class='ocr_par' dir='ltr' id='par_1_11' title="bbox 279 935 1858 1006">
     <span class='ocr_line' id='line_1_11' title="bbox 279 935 1858 1006; baseline -0.001 -18"><span class='ocrx_word' id='word_1_64' title='bbox 279 937 448 998; x_wconf 77' lang='grc' dir='ltr'>λείοις</span> <span class='ocrx_word' id='word_1_65' title='bbox 482 935 896 1006; x_wconf 72' lang='grc' dir='ltr'><strong>συναγομένων,</strong></span> <span class='ocrx_word' id='word_1_66' title='bbox 927 937 954 988; x_wconf 86' lang='grc' dir='ltr'><strong>ὀ</strong></span> <span class='ocrx_word' id='word_1_67' title='bbox 991 935 1202 997; x_wconf 77' lang='grc' dir='ltr'>τούτοις</span> <span class='ocrx_word' id='word_1_68' title='bbox 1256 935 1858 1004; x_wconf 70' lang='grc' dir='ltr'>συναναστρεφόμενος,</span> 
     </span>
    </p>
   </div>
   <div class='ocr_carea' id='block_1_12' title="bbox 278 1017 1861 1098">
    <p class='ocr_par' dir='ltr' id='par_1_12' title="bbox 278 1017 1861 1098">
     <span class='ocr_line' id='line_1_12' title="bbox 278 1017 1861 1098; baseline 0 -16"><span class='ocrx_word' id='word_1_69' title='bbox 278 1032 380 1082; x_wconf 75' lang='grc' dir='ltr'>οὐκ</span> <span class='ocrx_word' id='word_1_70' title='bbox 409 1017 713 1098; x_wconf 70' lang='grc' dir='ltr'>ἀμέθεκτος</span> <span class='ocrx_word' id='word_1_71' title='bbox 741 1030 895 1083; x_wconf 82' lang='grc' dir='ltr'>ἔσται</span> <span class='ocrx_word' id='word_1_72' title='bbox 918 1029 1016 1096; x_wconf 83' lang='grc' dir='ltr'>τῆς</span> <span class='ocrx_word' id='word_1_73' title='bbox 1039 1029 1261 1080; x_wconf 87' lang='grc' dir='ltr'>ἐκείνων</span> <span class='ocrx_word' id='word_1_74' title='bbox 1290 1025 1507 1088; x_wconf 83' lang='grc' dir='ltr'>κακίας.</span> <span class='ocrx_word' id='word_1_75' title='bbox 1541 1028 1861 1095; x_wconf 78' lang='grc' dir='ltr'>Φθείρουσι</span> 
     </span>
    </p>
   </div>
   <div class='ocr_carea' id='block_1_13' title="bbox 283 1119 1862 1200">
    <p class='ocr_par' dir='ltr' id='par_1_13' title="bbox 283 1119 1862 1200">
     <span class='ocr_line' id='line_1_13' title="bbox 283 1119 1862 1200; baseline -0.003 -24"><span class='ocrx_word' id='word_1_76' title='bbox 283 1123 397 1192; x_wconf 78' lang='grc' dir='ltr'><strong>γὰρ</strong></span> <span class='ocrx_word' id='word_1_77' title='bbox 452 1120 570 1189; x_wconf 76' lang='grc' dir='ltr'>ἢθη</span> <span class='ocrx_word' id='word_1_78' title='bbox 601 1121 841 1189; x_wconf 85' lang='grc' dir='ltr'>χρηστὰ</span> <span class='ocrx_word' id='word_1_79' title='bbox 875 1123 1100 1200; x_wconf 71' lang='grc' dir='ltr'>ὁμιλίαι</span> <span class='ocrx_word' id='word_1_80' title='bbox 1128 1122 1329 1176; x_wconf 77' lang='grc' dir='ltr'>κακαί.</span> <span class='ocrx_word' id='word_1_81' title='bbox 1383 1121 1478 1175; x_wconf 73' lang='grc' dir='ltr'>Διὸ</span> <span class='ocrx_word' id='word_1_82' title='bbox 1507 1119 1862 1196; x_wconf 71' lang='grc' dir='ltr'>ἀφορίζεσθαι</span> 
     </span>
    </p>
   </div>
   <div class='ocr_carea' id='block_1_14' title="bbox 282 1207 1864 1290">
    <p class='ocr_par' dir='ltr' id='par_1_14' title="bbox 282 1207 1864 1280">
     <span class='ocr_line' id='line_1_14' title="bbox 282 1207 1864 1280; baseline 0.001 -21"><span class='ocrx_word' id='word_1_83' title='bbox 282 1209 412 1271; x_wconf 73' lang='grc' dir='ltr'>τοὺς</span> <span class='ocrx_word' id='word_1_84' title='bbox 436 1207 722 1272; x_wconf 76' lang='grc' dir='ltr'>τοιούτους</span> <span class='ocrx_word' id='word_1_85' title='bbox 763 1208 1064 1280; x_wconf 80' lang='grc' dir='ltr'>κληρικοὺς</span> <span class='ocrx_word' id='word_1_86' title='bbox 1098 1211 1476 1265; x_wconf 84' lang='grc' dir='ltr'><strong>διακελεύεται</strong></span> <span class='ocrx_word' id='word_1_87' title='bbox 1511 1213 1538 1264; x_wconf 88' lang='grc' dir='ltr'>ὁ</span> <span class='ocrx_word' id='word_1_88' title='bbox 1577 1208 1778 1264; x_wconf 77' lang='grc' dir='ltr'>κανώνο</span> <span class='ocrx_word' id='word_1_89' title='bbox 1813 1210 1864 1262; x_wconf 84' lang='grc' dir='ltr'><strong>εί</strong></span> 
     </span>
    </p>
   </div>
   <div class='ocr_carea' id='block_1_15' title="bbox 281 1291 1865 1378">
    <p class='ocr_par' dir='ltr' id='par_1_15' title="bbox 281 1291 1865 1378">
     <span class='ocr_line' id='line_1_15' title="bbox 281 1291 1865 1378; baseline 0.003 -27"><span class='ocrx_word' id='word_1_90' title='bbox 281 1301 338 1352; x_wconf 80' lang='grc' dir='ltr'>δὲ</span> <span class='ocrx_word' id='word_1_91' title='bbox 358 1291 672 1370; x_wconf 77' lang='grc' dir='ltr'>ὁδοιπορῶν</span> <span class='ocrx_word' id='word_1_92' title='bbox 693 1301 721 1352; x_wconf 83' lang='grc' dir='ltr'><strong>ὁ</strong></span> <span class='ocrx_word' id='word_1_93' title='bbox 751 1301 1035 1371; x_wconf 82' lang='grc' dir='ltr'>κληρικὸς,</span> <span class='ocrx_word' id='word_1_94' title='bbox 1097 1292 1195 1357; x_wconf 75' lang='grc' dir='ltr'>καὶ</span> <span class='ocrx_word' id='word_1_95' title='bbox 1231 1305 1307 1374; x_wconf 82' lang='grc' dir='ltr'><strong>μὴ</strong></span> <span class='ocrx_word' id='word_1_96' title='bbox 1366 1303 1503 1373; x_wconf 77' lang='grc' dir='ltr'>ἔχων</span> <span class='ocrx_word' id='word_1_97' title='bbox 1536 1302 1666 1378; x_wconf 69' lang='grc' dir='ltr'>ἔνθα</span> <span class='ocrx_word' id='word_1_98' title='bbox 1697 1318 1865 1355; x_wconf 85' lang='grc' dir='ltr'>κατα-</span> 
     </span>
    </p>
   </div>
   <div class='ocr_carea' id='block_1_16' title="bbox 281 1390 1867 1465">
    <p class='ocr_par' dir='ltr' id='par_1_16' title="bbox 281 1390 1867 1465">
     <span class='ocr_line' id='line_1_16' title="bbox 281 1390 1867 1465; baseline 0.002 -23"><span class='ocrx_word' id='word_1_99' title='bbox 281 1390 455 1452; x_wconf 74' lang='grc' dir='ltr'>λύσει,</span> <span class='ocrx_word' id='word_1_100' title='bbox 484 1390 733 1446; x_wconf 79' lang='grc' dir='ltr'>τουτέστι</span> <span class='ocrx_word' id='word_1_101' title='bbox 798 1393 969 1465; x_wconf 78' lang='grc' dir='ltr'>μονὴν</span> <span class='ocrx_word' id='word_1_102' title='bbox 1022 1395 1312 1465; x_wconf 84' lang='grc' dir='ltr'>ποιήσεται</span> <span class='ocrx_word' id='word_1_103' title='bbox 1359 1395 1456 1450; x_wconf 77' lang='grc' dir='ltr'>καὶ</span> <span class='ocrx_word' id='word_1_104' title='bbox 1502 1392 1867 1448; x_wconf 87' lang='grc' dir='ltr'>διαναπαύσε·</span> 
     </span>
    </p>
   </div>
   <div class='ocr_carea' id='block_1_17' title="bbox 281 1469 1866 1558">
    <p class='ocr_par' dir='ltr' id='par_1_17' title="bbox 281 1469 1866 1558">
     <span class='ocr_line' id='line_1_17' title="bbox 281 1469 1866 1558; baseline 0.001 -24"><span class='ocrx_word' id='word_1_105' title='bbox 281 1499 392 1541; x_wconf 80' lang='grc' dir='ltr'>ται,</span> <span class='ocrx_word' id='word_1_106' title='bbox 427 1481 489 1546; x_wconf 81' lang='grc' dir='ltr'>ἐξ</span> <span class='ocrx_word' id='word_1_107' title='bbox 515 1482 764 1552; x_wconf 76' lang='grc' dir='ltr'><strong>ἀνάγκης</strong></span> <span class='ocrx_word' id='word_1_108' title='bbox 797 1486 879 1547; x_wconf 88' lang='grc' dir='ltr'><strong>είς</strong></span> <span class='ocrx_word' id='word_1_109' title='bbox 911 1471 1229 1556; x_wconf 84' lang='grc' dir='ltr'>πανδοχεῖον</span> <span class='ocrx_word' id='word_1_110' title='bbox 1252 1485 1497 1558; x_wconf 75' lang='grc' dir='ltr'><strong>εἰσέλθῃ,</strong></span> <span class='ocrx_word' id='word_1_111' title='bbox 1527 1469 1776 1548; x_wconf 78' lang='grc' dir='ltr'>ἀναίτιος</span> <span class='ocrx_word' id='word_1_112' title='bbox 1798 1485 1866 1538; x_wconf 84' lang='grc' dir='ltr'>ἂν</span> 
     </span>
    </p>
   </div>
   <div class='ocr_carea' id='block_1_18' title="bbox 283 1574 1868 1650">
    <p class='ocr_par' dir='ltr' id='par_1_18' title="bbox 283 1574 1868 1650">
     <span class='ocr_line' id='line_1_18' title="bbox 283 1574 1868 1650; baseline 0.004 -26"><span class='ocrx_word' id='word_1_113' title='bbox 283 1574 371 1642; x_wconf 77' lang='grc' dir='ltr'><strong>ειη</strong></span> <span class='ocrx_word' id='word_1_114' title='bbox 430 1576 528 1626; x_wconf 79' lang='grc' dir='ltr'>καὶ</span> <span class='ocrx_word' id='word_1_115' title='bbox 577 1575 950 1646; x_wconf 78' lang='grc' dir='ltr'>ἀτιμώρητος.</span> <span class='ocrx_word' id='word_1_116' title='bbox 1007 1578 1080 1632; x_wconf 75' lang='grc' dir='ltr'><strong>Τὸ</strong></span> <span class='ocrx_word' id='word_1_117' title='bbox 1131 1579 1265 1632; x_wconf 81' lang='grc' dir='ltr'>αὑτό</span> <span class='ocrx_word' id='word_1_118' title='bbox 1315 1595 1449 1650; x_wconf 82' lang='grc' dir='ltr'>φησι</span> <span class='ocrx_word' id='word_1_119' title='bbox 1506 1578 1600 1633; x_wconf 65' lang='grc' dir='ltr'><strong>καὶ⁵</strong></span> <span class='ocrx_word' id='word_1_120' title='bbox 1649 1579 1677 1632; x_wconf 86' lang='grc' dir='ltr'><strong><em>ὁ</em></strong></span> <span class='ocrx_word' id='word_1_121' title='bbox 1723 1579 1868 1631; x_wconf 88' lang='grc' dir='ltr'>είκο-</span> 
     </span>
    </p>
   </div>
   <div class='ocr_carea' id='block_1_19' title="bbox 285 1666 1868 1744">
    <p class='ocr_par' dir='ltr' id='par_1_19' title="bbox 285 1666 1868 1744">
     <span class='ocr_line' id='line_1_19' title="bbox 285 1666 1868 1744; baseline 0.006 -28"><span class='ocrx_word' id='word_1_122' title='bbox 285 1666 413 1727; x_wconf 64' lang='grc' dir='ltr'>στος</span> <span class='ocrx_word' id='word_1_123' title='bbox 445 1666 710 1744; x_wconf 75' lang='grc' dir='ltr'>τέταρτος</span> <span class='ocrx_word' id='word_1_124' title='bbox 751 1669 850 1738; x_wconf 80' lang='grc' dir='ltr'>τῆς</span> <span class='ocrx_word' id='word_1_125' title='bbox 877 1670 937 1724; x_wconf 85' lang='grc' dir='ltr'><strong>ἐν</strong></span> <span class='ocrx_word' id='word_1_126' title='bbox 973 1670 1268 1743; x_wconf 77' lang='grc' dir='ltr'>Λαοδικείᾳ</span> <span class='ocrx_word' id='word_1_127' title='bbox 1299 1671 1514 1726; x_wconf 81' lang='grc' dir='ltr'>συνόδου</span> <span class='ocrx_word' id='word_1_128' title='bbox 1541 1671 1745 1737; x_wconf 87' lang='grc' dir='ltr'>κανὼν,</span> <span class='ocrx_word' id='word_1_129' title='bbox 1771 1673 1868 1726; x_wconf 77' lang='grc' dir='ltr'>καὶ</span> 
     </span>
    </p>
   </div>
   <div class='ocr_carea' id='block_1_20' title="bbox 282 1755 1370 1836">
    <p class='ocr_par' dir='ltr' id='par_1_20' title="bbox 282 1755 1370 1836">
     <span class='ocr_line' id='line_1_20' title="bbox 282 1755 1370 1836; baseline 0.013 -32"><span class='ocrx_word' id='word_1_130' title='bbox 282 1755 311 1805; x_wconf 82' lang='grc' dir='ltr'>ὁ</span> <span class='ocrx_word' id='word_1_131' title='bbox 338 1759 776 1826; x_wconf 80' lang='grc' dir='ltr'>τεσσαρακοστὸς</span> <span class='ocrx_word' id='word_1_132' title='bbox 797 1759 897 1828; x_wconf 83' lang='grc' dir='ltr'>τῆς</span> <span class='ocrx_word' id='word_1_133' title='bbox 933 1761 991 1814; x_wconf 74' lang='grc' dir='ltr'><strong>ἐν</strong></span> <span class='ocrx_word' id='word_1_134' title='bbox 1020 1759 1293 1832; x_wconf 82' lang='grc' dir='ltr'>Καρθαγέ·</span> <span class='ocrx_word' id='word_1_135' title='bbox 1313 1779 1370 1836; x_wconf 81' lang='grc' dir='ltr'>ῃ.</span> 
     </span>
    </p>
   </div>
   <div class='ocr_carea' id='block_1_21' title="bbox 281 1846 1867 1928">
    <p class='ocr_par' dir='ltr' id='par_1_21' title="bbox 281 1846 1867 1928">
     <span class='ocr_line' id='line_1_21' title="bbox 281 1846 1867 1928; baseline 0.004 -28"><span class='ocrx_word' id='word_1_136' title='bbox 281 1846 510 1900; x_wconf 72' lang='grc' dir='ltr'><strong>ΑΡΙΣΤ.</strong></span> <span class='ocrx_word' id='word_1_137' title='bbox 577 1847 637 1900; x_wconf 89' lang='lat'><strong>&#39;0</strong></span> <span class='ocrx_word' id='word_1_138' title='bbox 704 1849 844 1918; x_wconf 81' lang='grc' dir='ltr'>δίχα</span> <span class='ocrx_word' id='word_1_139' title='bbox 937 1846 1061 1918; x_wconf 71' lang='grc' dir='ltr'>τῆρ’</span> <span class='ocrx_word' id='word_1_140' title='bbox 1107 1852 1258 1928; x_wconf 76' lang='grc' dir='ltr'>κατὰ</span> <span class='ocrx_word' id='word_1_141' title='bbox 1327 1853 1531 1921; x_wconf 79' lang='grc' dir='ltr'>τρίϐον</span> <span class='ocrx_word' id='word_1_142' title='bbox 1595 1852 1867 1922; x_wconf 81' lang='grc' dir='ltr'><strong>ἀνάγκης</strong></span> 
     </span>
    </p>
   </div>
   <div class='ocr_carea' id='block_1_22' title="bbox 347 1940 1808 2014">
    <p class='ocr_par' dir='ltr' id='par_1_22' title="bbox 347 1940 1808 2014">
     <span class='ocr_line' id='line_1_22' title="bbox 347 1940 1808 2014; baseline 0.005 -23"><span class='ocrx_word' id='word_1_143' title='bbox 347 1940 644 2006; x_wconf 70' lang='grc' dir='ltr'>κληρικὸς</span> <span class='ocrx_word' id='word_1_144' title='bbox 697 1943 783 2008; x_wconf 83' lang='grc' dir='ltr'>εις</span> <span class='ocrx_word' id='word_1_145' title='bbox 809 1943 1142 2011; x_wconf 76' lang='grc' dir='ltr'>καπηλεῖον</span> <span class='ocrx_word' id='word_1_146' title='bbox 1189 1945 1410 1998; x_wconf 78' lang='grc' dir='ltr'><strong>ἐσθίων</strong></span> <span class='ocrx_word' id='word_1_147' title='bbox 1435 1944 1808 2014; x_wconf 69' lang='grc' dir='ltr'>ἀφοριστέος.</span> 
     </span>
    </p>
   </div>
   <div class='ocr_carea' id='block_1_23' title="bbox 368 2033 1866 2108">
    <p class='ocr_par' dir='ltr' id='par_1_23' title="bbox 368 2033 1866 2108">
     <span class='ocr_line' id='line_1_23' title="bbox 368 2033 1866 2108; baseline 0.004 -24"><span class='ocrx_word' id='word_1_148' title='bbox 368 2033 431 2084; x_wconf 84' lang='lat'><strong>&#39;0</strong></span> <span class='ocrx_word' id='word_1_149' title='bbox 461 2033 782 2104; x_wconf 77' lang='grc' dir='ltr'>παροδεύων</span> <span class='ocrx_word' id='word_1_150' title='bbox 804 2035 1088 2105; x_wconf 80' lang='grc' dir='ltr'>κληρικὸς,</span> <span class='ocrx_word' id='word_1_151' title='bbox 1117 2037 1166 2088; x_wconf 82' lang='grc' dir='ltr'><strong>εί</strong></span> <span class='ocrx_word' id='word_1_152' title='bbox 1197 2036 1263 2090; x_wconf 82' lang='grc' dir='ltr'>δι’</span> <span class='ocrx_word' id='word_1_153' title='bbox 1288 2037 1538 2108; x_wconf 77' lang='grc' dir='ltr'>ἀνάγκην</span> <span class='ocrx_word' id='word_1_154' title='bbox 1569 2038 1866 2093; x_wconf 73' lang='grc' dir='ltr'>καταλύσει</span> 
     </span>
    </p>
   </div>
   <div class='ocr_carea' id='block_1_24' title="bbox 289 2112 1870 2200">
    <p class='ocr_par' dir='ltr' id='par_1_24' title="bbox 289 2112 1870 2200">
     <span class='ocr_line' id='line_1_24' title="bbox 289 2112 1870 2200; baseline 0.004 -21"><span class='ocrx_word' id='word_1_155' title='bbox 289 2128 368 2190; x_wconf 71' lang='grc' dir='ltr'>οἷς</span> <span class='ocrx_word' id='word_1_156' title='bbox 391 2126 725 2195; x_wconf 65' lang='grc' dir='ltr'>πανδοχεῖον,</span> <span class='ocrx_word' id='word_1_157' title='bbox 788 2128 1182 2194; x_wconf 74' lang='grc' dir='ltr'>συγγνωστέος’</span> <span class='ocrx_word' id='word_1_158' title='bbox 1219 2131 1247 2183; x_wconf 86' lang='grc' dir='ltr'>ὁ</span> <span class='ocrx_word' id='word_1_159' title='bbox 1273 2129 1329 2182; x_wconf 76' lang='grc' dir='ltr'>δὲ</span> <span class='ocrx_word' id='word_1_160' title='bbox 1358 2126 1527 2200; x_wconf 74' lang='grc' dir='ltr'>χωρὶς</span> <span class='ocrx_word' id='word_1_161' title='bbox 1605 2112 1870 2184; x_wconf 75' lang='grc' dir='ltr'>πεοιστά·</span> 
     </span>
    </p>
   </div>
   <div class='ocr_carea' id='block_1_25' title="bbox 293 2203 1463 2301">
    <p class='ocr_par' dir='ltr' id='par_1_25' title="bbox 293 2203 1463 2301">
     <span class='ocr_line' id='line_1_25' title="bbox 293 2203 1463 2301; baseline 0.003 -29"><span class='ocrx_word' id='word_1_162' title='bbox 293 2236 428 2282; x_wconf 84' lang='grc' dir='ltr'>σεως</span> <span class='ocrx_word' id='word_1_163' title='bbox 453 2219 535 2301; x_wconf 67' lang='grc' dir='ltr'>εἰς</span> <span class='ocrx_word' id='word_1_164' title='bbox 570 2217 866 2286; x_wconf 74' lang='grc' dir='ltr'>καπηλεῖον</span> <span class='ocrx_word' id='word_1_165' title='bbox 890 2218 1089 2272; x_wconf 78' lang='grc' dir='ltr'>ἐσθίων</span> <span class='ocrx_word' id='word_1_166' title='bbox 1117 2203 1463 2290; x_wconf 59' lang='grc' dir='ltr'>ἀψοριστέος.</span> 
     </span>
    </p>
   </div>
   <div class='ocr_carea' id='block_1_26' title="bbox 888 2421 1286 2499">
    <p class='ocr_par' dir='ltr' id='par_1_26' title="bbox 888 2421 1286 2499">
     <span class='ocr_line' id='line_1_26' title="bbox 888 2421 1286 2499; baseline 0.008 -25"><span class='ocrx_word' id='word_1_167' title='bbox 888 2422 1127 2476; x_wconf 79' lang='grc' dir='ltr'><strong>ΚΑΝΩΝ</strong></span> <span class='ocrx_word' id='word_1_168' title='bbox 1158 2421 1286 2499; x_wconf 73' lang='lat' dir='ltr'><strong>NE&#39;.</strong></span> 
     </span>
    </p>
   </div>
   <div class='ocr_carea' id='block_1_27' title="bbox 289 2531 1873 2602">
    <p class='ocr_par' dir='ltr' id='par_1_27' title="bbox 289 2531 1873 2602">
     <span class='ocr_line' id='line_1_27' title="bbox 289 2531 1873 2602; baseline 0.005 -20"><span class='ocrx_word' id='word_1_169' title='bbox 289 2531 360 2583; x_wconf 80' lang='grc' dir='ltr'><strong>ει</strong></span> <span class='ocrx_word' id='word_1_170' title='bbox 381 2549 469 2596; x_wconf 82' lang='grc' dir='ltr'><strong>τις</strong></span> <span class='ocrx_word' id='word_1_171' title='bbox 498 2531 790 2599; x_wconf 67' lang='grc' dir='ltr'>κληρικός</span> <span class='ocrx_word' id='word_1_172' title='bbox 839 2535 1072 2602; x_wconf 76' lang='grc' dir='ltr'>ὑϐρίσει</span> <span class='ocrx_word' id='word_1_173' title='bbox 1112 2537 1220 2588; x_wconf 86' lang='grc' dir='ltr'>τὸν</span> <span class='ocrx_word' id='word_1_174' title='bbox 1264 2535 1626 2602; x_wconf 77' lang='grc' dir='ltr'>ἐπίσκοπον,</span> <span class='ocrx_word' id='word_1_175' title='bbox 1672 2541 1873 2592; x_wconf 80' lang='grc' dir='ltr'>καθαι-</span> 
     </span>
    </p>
   </div>
   <div class='ocr_carea' id='block_1_28' title="bbox 352 2626 1872 2700">
    <p class='ocr_par' dir='ltr' id='par_1_28' title="bbox 352 2626 1872 2700">
     <span class='ocr_line' id='line_1_28' title="bbox 352 2626 1872 2700; baseline 0.004 -20"><span class='ocrx_word' id='word_1_176' title='bbox 352 2626 598 2694; x_wconf 76' lang='grc' dir='ltr'>ρείσθω.</span> <span class='ocrx_word' id='word_1_177' title='bbox 640 2627 929 2697; x_wconf 75' lang='grc' dir='ltr'>Ἄρχοντα</span> <span class='ocrx_word' id='word_1_178' title='bbox 958 2628 1068 2698; x_wconf 80' lang='grc' dir='ltr'><strong>γὰρ</strong></span> <span class='ocrx_word' id='word_1_179' title='bbox 1103 2629 1210 2684; x_wconf 84' lang='grc' dir='ltr'>τοῦ</span> <span class='ocrx_word' id='word_1_180' title='bbox 1230 2631 1387 2686; x_wconf 80' lang='grc' dir='ltr'>λαοῦ</span> <span class='ocrx_word' id='word_1_181' title='bbox 1425 2645 1544 2686; x_wconf 88' lang='grc' dir='ltr'><strong>σου</strong></span> <span class='ocrx_word' id='word_1_182' title='bbox 1565 2633 1677 2687; x_wconf 81' lang='grc' dir='ltr'>οὐκ</span> <span class='ocrx_word' id='word_1_183' title='bbox 1717 2631 1872 2700; x_wconf 72' lang='grc' dir='ltr'>ἐρεῖς</span> 
     </span>
    </p>
   </div>
   <div class='ocr_carea' id='block_1_29' title="bbox 361 2734 584 2792">
    <p class='ocr_par' dir='ltr' id='par_1_29' title="bbox 361 2734 584 2792">
     <span class='ocr_line' id='line_1_29' title="bbox 361 2734 584 2792; baseline 0.009 -22"><span class='ocrx_word' id='word_1_184' title='bbox 361 2734 584 2792; x_wconf 60' lang='lat' dir='ltr'><strong>tamne.</strong></span> 
     </span>
    </p>
   </div>
   <div class='ocr_carea' id='block_1_30' title="bbox 871 2847 1289 2916">
    <p class='ocr_par' dir='ltr' id='par_1_30' title="bbox 871 2847 1289 2916">
     <span class='ocr_line' id='line_1_30' title="bbox 871 2847 1289 2916; baseline 0.012 -17"><span class='ocrx_word' id='word_1_185' title='bbox 871 2847 1112 2900; x_wconf 79' lang='lat' dir='ltr'><strong>KANON</strong></span> <span class='ocrx_word' id='word_1_186' title='bbox 1146 2848 1289 2916; x_wconf 74' lang='grc' dir='ltr'>Νςν.</span> 
     </span>
    </p>
   </div>
   <div class='ocr_carea' id='block_1_31' title="bbox 289 2957 1871 3039">
    <p class='ocr_par' dir='ltr' id='par_1_31' title="bbox 289 2957 1871 3039">
     <span class='ocr_line' id='line_1_31' title="bbox 289 2957 1871 3039; baseline 0.01 -30"><span class='ocrx_word' id='word_1_187' title='bbox 289 2958 359 3010; x_wconf 80' lang='grc' dir='ltr'><strong>Εἴ</strong></span> <span class='ocrx_word' id='word_1_188' title='bbox 390 2976 482 3024; x_wconf 80' lang='grc' dir='ltr'><strong>τις</strong></span> <span class='ocrx_word' id='word_1_189' title='bbox 504 2957 791 3026; x_wconf 70' lang='grc' dir='ltr'>κληρικῦς</span> <span class='ocrx_word' id='word_1_190' title='bbox 808 2959 1037 3028; x_wconf 73' lang='grc' dir='ltr'>ὑϐρίσει</span> <span class='ocrx_word' id='word_1_191' title='bbox 1059 2964 1468 3033; x_wconf 69' lang='grc' dir='ltr'>πρεσϐύτερον</span> <span class='ocrx_word' id='word_1_192' title='bbox 1504 2967 1538 3035; x_wconf 82' lang='grc' dir='ltr'><em>ἢ</em></span> <span class='ocrx_word' id='word_1_193' title='bbox 1563 2966 1871 3039; x_wconf 73' lang='grc' dir='ltr'>διάκονον,</span> 
     </span>
    </p>
   </div>
   <div class='ocr_carea' id='block_1_32' title="bbox 898 3052 1291 3121">
    <p class='ocr_par' dir='ltr' id='par_1_32' title="bbox 898 3052 1291 3121">
     <span class='ocr_line' id='line_1_32' title="bbox 898 3052 1291 3121; baseline 0.008 -15"><span class='ocrx_word' id='word_1_194' title='bbox 898 3052 1291 3121; x_wconf 75' lang='grc' dir='ltr'>ἀφοριζέσθω.</span> 
     </span>
    </p>
   </div>
   <div class='ocr_carea' id='block_1_33' title="bbox 364 3161 1877 3240">
    <p class='ocr_par' dir='ltr' id='par_1_33' title="bbox 364 3161 1877 3240">
     <span class='ocr_line' id='line_1_33' title="bbox 364 3161 1877 3240; baseline 0.01 -25"><span class='ocrx_word' id='word_1_195' title='bbox 364 3161 567 3215; x_wconf 70' lang='grc' dir='ltr'><strong>ΒΛᾹΣ.</strong></span> <span class='ocrx_word' id='word_1_196' title='bbox 629 3164 695 3216; x_wconf 88' lang='grc' dir='ltr'>Οί</span> <span class='ocrx_word' id='word_1_197' title='bbox 745 3163 914 3220; x_wconf 77' lang='grc' dir='ltr'>διττοὶ</span> <span class='ocrx_word' id='word_1_198' title='bbox 963 3166 1188 3231; x_wconf 84' lang='grc' dir='ltr'>κανόνες</span> <span class='ocrx_word' id='word_1_199' title='bbox 1246 3165 1391 3225; x_wconf 77' lang='grc' dir='ltr'>οὗτοι</span> <span class='ocrx_word' id='word_1_200' title='bbox 1427 3175 1453 3226; x_wconf 83' lang='grc' dir='ltr'><em>ὁ</em></span> <span class='ocrx_word' id='word_1_201' title='bbox 1487 3181 1562 3228; x_wconf 83' lang='lat' dir='ltr'><strong>vs&#39;</strong></span> <span class='ocrx_word' id='word_1_202' title='bbox 1617 3176 1710 3229; x_wconf 66' lang='grc' dir='ltr'><strong>καί¹</strong></span> <span class='ocrx_word' id='word_1_203' title='bbox 1739 3175 1877 3240; x_wconf 79' lang='grc' dir='ltr'>ὀνς⁹</span> 
     </span>
    </p>
   </div>
   <div class='ocr_carea' id='block_1_34' title="bbox 299 3246 1876 3336">
    <p class='ocr_par' dir='ltr' id='par_1_34' title="bbox 299 3246 1876 3336">
     <span class='ocr_line' id='line_1_34' title="bbox 299 3246 1876 3336; baseline 0.012 -32"><span class='ocrx_word' id='word_1_204' title='bbox 299 3253 584 3314; x_wconf 72' lang='grc' dir='ltr'>κολάζουσι</span> <span class='ocrx_word' id='word_1_205' title='bbox 607 3255 735 3316; x_wconf 81' lang='grc' dir='ltr'>τοὺς</span> <span class='ocrx_word' id='word_1_206' title='bbox 755 3246 1014 3326; x_wconf 80' lang='grc' dir='ltr'>ὑϐριστὰς</span> <span class='ocrx_word' id='word_1_207' title='bbox 1037 3259 1355 3330; x_wconf 69' lang='grc' dir='ltr'>κληρικούς·</span> <span class='ocrx_word' id='word_1_208' title='bbox 1377 3263 1491 3318; x_wconf 83' lang='grc' dir='ltr'>ἀλλ’</span> <span class='ocrx_word' id='word_1_209' title='bbox 1515 3266 1543 3318; x_wconf 83' lang='grc' dir='ltr'><strong>ὁ</strong></span> <span class='ocrx_word' id='word_1_210' title='bbox 1564 3267 1663 3336; x_wconf 78' lang='grc' dir='ltr'><strong>μὲν</strong></span> <span class='ocrx_word' id='word_1_211' title='bbox 1680 3266 1753 3320; x_wconf 82' lang='grc' dir='ltr'>νε⁹</span> <span class='ocrx_word' id='word_1_212' title='bbox 1774 3286 1876 3322; x_wconf 80' lang='grc' dir='ltr'>κα·</span> 
     </span>
    </p>
   </div>
   <div class='ocr_carea' id='block_1_35' title="bbox 300 3343 1880 3423">
    <p class='ocr_par' dir='ltr' id='par_1_35' title="bbox 300 3343 1880 3423">
     <span class='ocr_line' id='line_1_35' title="bbox 300 3343 1880 3423; baseline 0.011 -27"><span class='ocrx_word' id='word_1_213' title='bbox 300 3343 610 3413; x_wconf 78' lang='grc' dir='ltr'>θαιρεῖσθαί</span> <span class='ocrx_word' id='word_1_214' title='bbox 638 3363 771 3415; x_wconf 79' lang='grc' dir='ltr'>φησι</span> <span class='ocrx_word' id='word_1_215' title='bbox 791 3347 882 3399; x_wconf 69' lang='grc' dir='ltr'>τὸν</span> <span class='ocrx_word' id='word_1_216' title='bbox 902 3348 1162 3418; x_wconf 76' lang='grc' dir='ltr'>κληρικὺν</span> <span class='ocrx_word' id='word_1_217' title='bbox 1185 3351 1274 3403; x_wconf 70' lang='grc' dir='ltr'>τὸν</span> <span class='ocrx_word' id='word_1_218' title='bbox 1294 3352 1590 3423; x_wconf 86' lang='grc' dir='ltr'>ὑϐρίσαντα</span> <span class='ocrx_word' id='word_1_219' title='bbox 1608 3357 1700 3410; x_wconf 82' lang='grc' dir='ltr'>τὸν</span> <span class='ocrx_word' id='word_1_220' title='bbox 1725 3359 1880 3413; x_wconf 81' lang='grc' dir='ltr'>ἐπίσ-</span> 
     </span>
    </p>
   </div>
   <div class='ocr_carea' id='block_1_36' title="bbox 300 3434 1878 3520">
    <p class='ocr_par' dir='ltr' id='par_1_36' title="bbox 300 3434 1878 3520">
     <span class='ocr_line' id='line_1_36' title="bbox 300 3434 1878 3520; baseline 0.012 -34"><span class='ocrx_word' id='word_1_221' title='bbox 300 3451 492 3486; x_wconf 80' lang='grc' dir='ltr'>κοπον·</span> <span class='ocrx_word' id='word_1_222' title='bbox 513 3435 543 3486; x_wconf 83' lang='grc' dir='ltr'>ὁ</span> <span class='ocrx_word' id='word_1_223' title='bbox 561 3435 619 3488; x_wconf 83' lang='grc' dir='ltr'><strong>δέ</strong></span> <span class='ocrx_word' id='word_1_224' title='bbox 643 3434 731 3499; x_wconf 83' lang='grc' dir='ltr'>νς⁷</span> <span class='ocrx_word' id='word_1_225' title='bbox 755 3437 1116 3508; x_wconf 74' lang='grc' dir='ltr'>ἀφορίζεσθαι</span> <span class='ocrx_word' id='word_1_226' title='bbox 1134 3440 1428 3513; x_wconf 75' lang='grc' dir='ltr'>διορίζεται</span> <span class='ocrx_word' id='word_1_227' title='bbox 1457 3445 1548 3497; x_wconf 83' lang='grc' dir='ltr'>τὸν</span> <span class='ocrx_word' id='word_1_228' title='bbox 1580 3437 1878 3520; x_wconf 85' lang='grc' dir='ltr'>ὑϐρίσαντα</span> 
     </span>
    </p>
   </div>
   <div class='ocr_carea' id='block_1_37' title="bbox 304 3525 1879 3616">
    <p class='ocr_par' dir='ltr' id='par_1_37' title="bbox 304 3525 1879 3616">
     <span class='ocr_line' id='line_1_37' title="bbox 304 3525 1879 3616; baseline 0.013 -39"><span class='ocrx_word' id='word_1_229' title='bbox 304 3525 565 3594; x_wconf 71' lang='grc' dir='ltr'>κληρικὸν</span> <span class='ocrx_word' id='word_1_230' title='bbox 585 3529 854 3595; x_wconf 77' lang='grc' dir='ltr'>πρεσϐύτε</span> <span class='ocrx_word' id='word_1_231' title='bbox 865 3531 1003 3601; x_wconf 85' lang='grc' dir='ltr'>ρονῆ</span> <span class='ocrx_word' id='word_1_232' title='bbox 1023 3533 1288 3599; x_wconf 86' lang='grc' dir='ltr'>διάκονον,</span> <span class='ocrx_word' id='word_1_233' title='bbox 1305 3536 1522 3602; x_wconf 79' lang='grc' dir='ltr'>πάντως</span> <span class='ocrx_word' id='word_1_234' title='bbox 1539 3540 1627 3594; x_wconf 82' lang='grc' dir='ltr'>διὰ</span> <span class='ocrx_word' id='word_1_235' title='bbox 1637 3541 1699 3594; x_wconf 83' lang='grc' dir='ltr'>τὸ</span> <span class='ocrx_word' id='word_1_236' title='bbox 1714 3525 1879 3616; x_wconf 74' lang='grc' dir='ltr'>τιμὴν</span> 
     </span>
    </p>
   </div>
   <div class='ocr_carea' id='block_1_38' title="bbox 306 3617 1882 3704">
    <p class='ocr_par' dir='ltr' id='par_1_38' title="bbox 306 3617 1882 3704">
     <span class='ocr_line' id='line_1_38' title="bbox 306 3617 1882 3704; baseline 0.015 -37"><span class='ocrx_word' id='word_1_237' title='bbox 306 3617 531 3669; x_wconf 80' lang='grc' dir='ltr'>πλείονα</span> <span class='ocrx_word' id='word_1_238' title='bbox 560 3623 953 3689; x_wconf 58' lang='grc' dir='ltr'>χρεωστεὼθαι</span> <span class='ocrx_word' id='word_1_239' title='bbox 982 3624 1061 3704; x_wconf 85' lang='grc' dir='ltr'>τῷ</span> <span class='ocrx_word' id='word_1_240' title='bbox 1081 3627 1383 3699; x_wconf 80' lang='grc' dir='ltr'>ὲπισκόπῳ.</span> <span class='ocrx_word' id='word_1_241' title='bbox 1431 3631 1493 3683; x_wconf 82' lang='lat' dir='ltr'><strong>Oi</strong></span> <span class='ocrx_word' id='word_1_242' title='bbox 1528 3634 1628 3702; x_wconf 81' lang='grc' dir='ltr'><strong>μὲν</strong></span> <span class='ocrx_word' id='word_1_243' title='bbox 1659 3636 1882 3700; x_wconf 85' lang='grc' dir='ltr'>κανόνες</span> 
     </span>
    </p>
   </div>
   <div class='ocr_carea' id='block_1_39' title="bbox 308 3707 1882 3796">
    <p class='ocr_par' dir='ltr' id='par_1_39' title="bbox 308 3707 1882 3796">
     <span class='ocr_line' id='line_1_39' title="bbox 308 3707 1882 3796; baseline 0.013 -38"><span class='ocrx_word' id='word_1_244' title='bbox 308 3707 455 3760; x_wconf 75' lang='grc' dir='ltr'>οὓτω</span> <span class='ocrx_word' id='word_1_245' title='bbox 499 3710 773 3778; x_wconf 83' lang='grc' dir='ltr'>διαιροῦσι</span> <span class='ocrx_word' id='word_1_246' title='bbox 822 3713 922 3781; x_wconf 78' lang='grc' dir='ltr'>τὴν</span> <span class='ocrx_word' id='word_1_247' title='bbox 960 3717 1233 3787; x_wconf 85' lang='grc' dir='ltr'>τιμωρίαν</span> <span class='ocrx_word' id='word_1_248' title='bbox 1274 3719 1384 3772; x_wconf 84' lang='grc' dir='ltr'>τῶν</span> <span class='ocrx_word' id='word_1_249' title='bbox 1434 3720 1707 3792; x_wconf 79' lang='grc' dir='ltr'>ὑϐριστῶν</span> <span class='ocrx_word' id='word_1_250' title='bbox 1747 3724 1882 3796; x_wconf 85' lang='grc' dir='ltr'>κλη-</span> 
     </span>
    </p>
   </div>
   <div class='ocr_carea' id='block_1_40' title="bbox 310 3797 1884 3888">
    <p class='ocr_par' dir='ltr' id='par_1_40' title="bbox 310 3797 1884 3888">
     <span class='ocr_line' id='line_1_40' title="bbox 310 3797 1884 3888; baseline 0.014 -38"><span class='ocrx_word' id='word_1_251' title='bbox 310 3798 498 3866; x_wconf 78' lang='grc' dir='ltr'>ρικῶν.</span> <span class='ocrx_word' id='word_1_252' title='bbox 519 3797 578 3853; x_wconf 85' lang='grc'><strong>’0</strong></span> <span class='ocrx_word' id='word_1_253' title='bbox 592 3800 648 3852; x_wconf 82' lang='grc' dir='ltr'>δὲ</span> <span class='ocrx_word' id='word_1_254' title='bbox 670 3802 942 3867; x_wconf 81' lang='grc' dir='ltr'>πολιτικὸς</span> <span class='ocrx_word' id='word_1_255' title='bbox 973 3805 1138 3888; x_wconf 81' lang='grc' dir='ltr'>νόμος</span> <span class='ocrx_word' id='word_1_256' title='bbox 1156 3809 1330 3864; x_wconf 83' lang='grc' dir='ltr'>πάντα</span> <span class='ocrx_word' id='word_1_257' title='bbox 1357 3811 1619 3886; x_wconf 75' lang='grc' dir='ltr'>ὑϐριστὴν</span> <span class='ocrx_word' id='word_1_258' title='bbox 1654 3816 1884 3886; x_wconf 82' lang='grc' dir='ltr'>ἀτιμοῦ-</span> 
     </span>
    </p>
   </div>
   <div class='ocr_carea' id='block_1_41' title="bbox 312 3892 1878 3982">
    <p class='ocr_par' dir='ltr' id='par_1_41' title="bbox 312 3892 1878 3982">
     <span class='ocr_line' id='line_1_41' title="bbox 312 3892 1878 3982; baseline 0.014 -38"><span class='ocrx_word' id='word_1_259' title='bbox 312 3892 431 3945; x_wconf 83' lang='grc' dir='ltr'>σθαι</span> <span class='ocrx_word' id='word_1_260' title='bbox 445 3893 766 3963; x_wconf 77' lang='grc' dir='ltr'>διορίζεται,</span> <span class='ocrx_word' id='word_1_261' title='bbox 788 3896 885 3948; x_wconf 79' lang='grc' dir='ltr'>σὺν</span> <span class='ocrx_word' id='word_1_262' title='bbox 902 3897 978 3968; x_wconf 82' lang='grc' dir='ltr'>τῷ</span> <span class='ocrx_word' id='word_1_263' title='bbox 990 3899 1186 3953; x_wconf 85' lang='grc' dir='ltr'>διδόναι</span> <span class='ocrx_word' id='word_1_264' title='bbox 1199 3904 1292 3955; x_wconf 78' lang='grc' dir='ltr'><strong>καὶ</strong></span> <span class='ocrx_word' id='word_1_265' title='bbox 1305 3921 1409 3975; x_wconf 82' lang='grc' dir='ltr'>χρη</span> <span class='ocrx_word' id='word_1_266' title='bbox 1418 3907 1654 3978; x_wconf 81' lang='grc' dir='ltr'>ματικὴν</span> <span class='ocrx_word' id='word_1_267' title='bbox 1669 3909 1878 3982; x_wconf 85' lang='grc' dir='ltr'>ποινήν.</span> 
     </span>
    </p>
   </div>
   <div class='ocr_carea' id='block_1_42' title="bbox 309 3983 1880 4075">
    <p class='ocr_par' dir='ltr' id='par_1_42' title="bbox 309 3983 1880 4075">
     <span class='ocr_line' id='line_1_42' title="bbox 309 3983 1880 4075; baseline 0.013 -39"><span class='ocrx_word' id='word_1_268' title='bbox 309 3985 530 4053; x_wconf 74' lang='grc' dir='ltr'>Νομίζω</span> <span class='ocrx_word' id='word_1_269' title='bbox 554 3983 647 4039; x_wconf 77' lang='grc' dir='ltr'>οὖν</span> <span class='ocrx_word' id='word_1_270' title='bbox 661 3988 820 4060; x_wconf 83' lang='grc' dir='ltr'>ὅτιτῇ</span> <span class='ocrx_word' id='word_1_271' title='bbox 841 3990 1034 4062; x_wconf 80' lang='grc' dir='ltr'>ἀτιμίᾳ</span> <span class='ocrx_word' id='word_1_272' title='bbox 1051 3993 1406 4050; x_wconf 78' lang='grc' dir='ltr'>ἐπακολουθεῖ</span> <span class='ocrx_word' id='word_1_273' title='bbox 1427 3999 1518 4052; x_wconf 73' lang='grc' dir='ltr'>καὶ</span> <span class='ocrx_word' id='word_1_274' title='bbox 1541 4001 1880 4075; x_wconf 85' lang='grc' dir='ltr'>καθαίρεσις.</span> 
     </span>
    </p>
   </div>
   <div class='ocr_carea' id='block_1_43' title="bbox 378 4079 1882 4156">
    <p class='ocr_par' dir='ltr' id='par_1_43' title="bbox 378 4079 1882 4156">
     <span class='ocr_line' id='line_1_43' title="bbox 378 4079 1882 4156; baseline 0.009 -23"><span class='ocrx_word' id='word_1_275' title='bbox 378 4079 624 4140; x_wconf 78' lang='grc' dir='ltr'><strong>ΖΩΝΑΡ.</strong></span> <span class='ocrx_word' id='word_1_276' title='bbox 653 4079 720 4134; x_wconf 79' lang='grc' dir='ltr'><strong>Οἱ</strong></span> <span class='ocrx_word' id='word_1_277' title='bbox 778 4081 878 4150; x_wconf 83' lang='grc' dir='ltr'><strong>μὲν</strong></span> <span class='ocrx_word' id='word_1_278' title='bbox 909 4084 1184 4155; x_wconf 68' lang='grc' dir='ltr'>ἀρχιερεῖς</span> <span class='ocrx_word' id='word_1_279' title='bbox 1235 4088 1316 4152; x_wconf 85' lang='grc' dir='ltr'><strong>είς</strong></span> <span class='ocrx_word' id='word_1_280' title='bbox 1362 4088 1535 4142; x_wconf 82' lang='grc' dir='ltr'>τύπον</span> <span class='ocrx_word' id='word_1_281' title='bbox 1580 4091 1734 4156; x_wconf 77' lang='grc' dir='ltr'>ὄντες</span> <span class='ocrx_word' id='word_1_282' title='bbox 1784 4094 1882 4147; x_wconf 79' lang='grc' dir='ltr'>τοῦ</span> 
     </span>
    </p>
   </div>
   <div class='ocr_carea' id='block_1_44' title="bbox 313 4168 1884 4255">
    <p class='ocr_par' dir='ltr' id='par_1_44' title="bbox 313 4168 1884 4255">
     <span class='ocr_line' id='line_1_44' title="bbox 313 4168 1884 4255; baseline 0.01 -33"><span class='ocrx_word' id='word_1_283' title='bbox 313 4168 517 4238; x_wconf 80' lang='grc' dir='ltr'>Κυρίου</span> <span class='ocrx_word' id='word_1_284' title='bbox 549 4171 711 4240; x_wconf 77' lang='grc' dir='ltr'>ἡμῶν</span> <span class='ocrx_word' id='word_1_285' title='bbox 763 4173 938 4243; x_wconf 85' lang='grc' dir='ltr'>Ἰησοῦ</span> <span class='ocrx_word' id='word_1_286' title='bbox 958 4176 1217 4244; x_wconf 79' lang='grc' dir='ltr'>Χριστοῦ,</span> <span class='ocrx_word' id='word_1_287' title='bbox 1259 4182 1355 4232; x_wconf 80' lang='grc' dir='ltr'>καὶ</span> <span class='ocrx_word' id='word_1_288' title='bbox 1401 4181 1612 4250; x_wconf 83' lang='grc' dir='ltr'>κεφαλὴ</span> <span class='ocrx_word' id='word_1_289' title='bbox 1650 4183 1744 4236; x_wconf 80' lang='grc' dir='ltr'><strong>τοῦ</strong></span> <span class='ocrx_word' id='word_1_290' title='bbox 1785 4184 1884 4255; x_wconf 82' lang='grc' dir='ltr'>τῆς</span> 
     </span>
    </p>
   </div>
   <div class='ocr_carea' id='block_1_45' title="bbox 325 4259 1883 4339">
    <p class='ocr_par' dir='ltr' id='par_1_45' title="bbox 325 4259 1883 4339">
     <span class='ocr_line' id='line_1_45' title="bbox 325 4259 1883 4339; baseline 0.012 -29"><span class='ocrx_word' id='word_1_291' title='bbox 325 4259 656 4328; x_wconf 82' lang='grc' dir='ltr'>Ἐκκλησίας</span> <span class='ocrx_word' id='word_1_292' title='bbox 685 4259 938 4333; x_wconf 81' lang='grc' dir='ltr'>σώματος</span> <span class='ocrx_word' id='word_1_293' title='bbox 964 4265 1331 4338; x_wconf 80' lang='grc' dir='ltr'>λογιζόμενοι,</span> <span class='ocrx_word' id='word_1_294' title='bbox 1382 4273 1477 4325; x_wconf 77' lang='grc' dir='ltr'>καὶ</span> <span class='ocrx_word' id='word_1_295' title='bbox 1518 4273 1763 4339; x_wconf 87' lang='grc' dir='ltr'>πλείονος</span> <span class='ocrx_word' id='word_1_296' title='bbox 1802 4291 1883 4328; x_wconf 89' lang='grc' dir='ltr'>τι-</span> 
     </span>
    </p>
   </div>
   <div class='ocr_carea' id='block_1_46' title="bbox 1903 3062 1950 3122">
    <p class='ocr_par' dir='ltr' id='par_1_46' title="bbox 1903 3062 1950 3122">
     <span class='ocr_line' id='line_1_46' title="bbox 1903 3062 1950 3122; baseline 0 0"><span class='ocrx_word' id='word_1_297' title='bbox 1903 3062 1950 3122; x_wconf 82' lang='grc' dir='ltr'><strong>ο</strong></span> 
     </span>
    </p>
   </div>
   <div class='ocr_carea' id='block_1_47' title="bbox 1959 481 3530 551">
    <p class='ocr_par' dir='ltr' id='par_1_47' title="bbox 1959 481 3530 551">
     <span class='ocr_line' id='line_1_47' title="bbox 1959 481 3530 551; baseline 0.001 -17"><span class='ocrx_word' id='word_1_298' title='bbox 1959 495 2257 548; x_wconf 80' lang='lat' dir='ltr'><strong>cauponam</strong></span> <span class='ocrx_word' id='word_1_299' title='bbox 2292 491 2473 536; x_wconf 89' lang='lat' dir='ltr'><strong>autem</strong></span> <span class='ocrx_word' id='word_1_300' title='bbox 2528 481 2761 551; x_wconf 75' lang='lat' dir='ltr'><strong>ingredi,</strong></span> <span class='ocrx_word' id='word_1_301' title='bbox 2795 481 3128 536; x_wconf 88' lang='lat' dir='ltr'><strong>demonstrat</strong></span> <span class='ocrx_word' id='word_1_302' title='bbox 3179 482 3280 537; x_wconf 90' lang='lat' dir='ltr'><strong>hoc</strong></span> <span class='ocrx_word' id='word_1_303' title='bbox 3314 493 3530 551; x_wconf 78' lang='lat' dir='ltr'><strong>agentes</strong></span> 
     </span>
    </p>
   </div>
   <div class='ocr_carea' id='block_1_48' title="bbox 1959 574 3530 644">
    <p class='ocr_par' dir='ltr' id='par_1_48' title="bbox 1959 574 3530 644">
     <span class='ocr_line' id='line_1_48' title="bbox 1959 574 3530 644; baseline -0.001 -16"><span class='ocrx_word' id='word_1_304' title='bbox 1959 575 2300 642; x_wconf 86' lang='lat' dir='ltr'><strong>inhonestam</strong></span> <span class='ocrx_word' id='word_1_305' title='bbox 2361 574 2530 644; x_wconf 86' lang='lat' dir='ltr'><strong>vitam</strong></span> <span class='ocrx_word' id='word_1_306' title='bbox 2581 574 2780 629; x_wconf 87' lang='lat' dir='ltr'><strong>ducere</strong></span> <span class='ocrx_word' id='word_1_307' title='bbox 2841 589 2857 628; x_wconf 92' lang='lat'><strong>:</strong></span> <span class='ocrx_word' id='word_1_308' title='bbox 2902 588 3077 644; x_wconf 89' lang='lat' dir='ltr'><strong>neque</strong></span> <span class='ocrx_word' id='word_1_309' title='bbox 3135 583 3339 642; x_wconf 84' lang='lat' dir='ltr'><strong>tantum</strong></span> <span class='ocrx_word' id='word_1_310' title='bbox 3389 575 3530 629; x_wconf 86' lang='lat' dir='ltr'><strong>circa</strong></span> 
     </span>
    </p>
   </div>
   <div class='ocr_carea' id='block_1_49' title="bbox 1960 667 3530 736">
    <p class='ocr_par' dir='ltr' id='par_1_49' title="bbox 1960 667 3530 736">
     <span class='ocr_line' id='line_1_49' title="bbox 1960 667 3530 736; baseline -0.004 -14"><span class='ocrx_word' id='word_1_311' title='bbox 1960 667 2160 729; x_wconf 86' lang='lat' dir='ltr'><strong>cibum,</strong></span> <span class='ocrx_word' id='word_1_312' title='bbox 2188 675 2479 735; x_wconf 87' lang='lat' dir='ltr'><strong>potumque</strong></span> <span class='ocrx_word' id='word_1_313' title='bbox 2505 675 2787 736; x_wconf 86' lang='lat' dir='ltr'><strong>corruptos</strong></span> <span class='ocrx_word' id='word_1_314' title='bbox 2815 667 2944 733; x_wconf 89' lang='lat' dir='ltr'><strong>ipsis</strong></span> <span class='ocrx_word' id='word_1_315' title='bbox 2973 680 3150 720; x_wconf 88' lang='lat' dir='ltr'><strong>mores</strong></span> <span class='ocrx_word' id='word_1_316' title='bbox 3172 680 3314 730; x_wconf 81' lang='lat' dir='ltr'><strong>esse,</strong></span> <span class='ocrx_word' id='word_1_317' title='bbox 3344 681 3530 721; x_wconf 84' lang='lat' dir='ltr'><strong>verum</strong></span> 
     </span>
    </p>
   </div>
   <div class='ocr_carea' id='block_1_50' title="bbox 1959 758 3528 826">
    <p class='ocr_par' dir='ltr' id='par_1_50' title="bbox 1959 758 3528 826">
     <span class='ocr_line' id='line_1_50' title="bbox 1959 758 3528 826; baseline 0 -15"><span class='ocrx_word' id='word_1_318' title='bbox 1959 758 2120 811; x_wconf 89' lang='lat' dir='ltr'><strong>etiam</strong></span> <span class='ocrx_word' id='word_1_319' title='bbox 2151 758 2292 811; x_wconf 88' lang='lat' dir='ltr'><strong>circa</strong></span> <span class='ocrx_word' id='word_1_320' title='bbox 2323 773 2538 812; x_wconf 87' lang='lat' dir='ltr'><strong>omnem</strong></span> <span class='ocrx_word' id='word_1_321' title='bbox 2593 759 2754 812; x_wconf 79' lang='lat' dir='ltr'><strong>aliam</strong></span> <span class='ocrx_word' id='word_1_322' title='bbox 2806 758 3018 812; x_wconf 79' lang='lat' dir='ltr'><strong>vivendi</strong></span> <span class='ocrx_word' id='word_1_323' title='bbox 3065 759 3528 826; x_wconf 78' lang='lat' dir='ltr'><strong>consuetudinem.</strong></span> 
     </span>
    </p>
   </div>
   <div class='ocr_carea' id='block_1_51' title="bbox 1964 845 3532 917">
    <p class='ocr_par' dir='ltr' id='par_1_51' title="bbox 1964 845 3532 917">
     <span class='ocr_line' id='line_1_51' title="bbox 1964 845 3532 917; baseline -0.004 -13"><span class='ocrx_word' id='word_1_324' title='bbox 1964 848 2097 904; x_wconf 75' lang='lat' dir='ltr'><strong>Nam</strong></span> <span class='ocrx_word' id='word_1_325' title='bbox 2137 889 2151 910; x_wconf 92' lang='lat'><strong>,</strong></span> <span class='ocrx_word' id='word_1_326' title='bbox 2188 863 2310 902; x_wconf 90' lang='lat' dir='ltr'><strong>cum</strong></span> <span class='ocrx_word' id='word_1_327' title='bbox 2364 848 2675 917; x_wconf 89' lang='lat' dir='ltr'><strong>promiscue</strong></span> <span class='ocrx_word' id='word_1_328' title='bbox 2741 848 3010 903; x_wconf 87' lang='lat' dir='ltr'><strong>confluant</strong></span> <span class='ocrx_word' id='word_1_329' title='bbox 3065 845 3117 900; x_wconf 91' lang='lat' dir='ltr'><strong>in</strong></span> <span class='ocrx_word' id='word_1_330' title='bbox 3150 861 3447 917; x_wconf 75' lang='lat' dir='ltr'><strong>Cauponem</strong></span> <span class='ocrx_word' id='word_1_331' title='bbox 3478 855 3532 898; x_wconf 78' lang='lat' dir='ltr'><strong>cl</strong></span> 
     </span>
    </p>
   </div>
   <div class='ocr_carea' id='block_1_52' title="bbox 1964 926 3532 1008">
    <p class='ocr_par' dir='ltr' id='par_1_52' title="bbox 1964 926 3532 1008">
     <span class='ocr_line' id='line_1_52' title="bbox 1964 926 3532 1008; baseline -0.003 -15"><span class='ocrx_word' id='word_1_332' title='bbox 1964 926 2227 994; x_wconf 80' lang='lat' dir='ltr'><strong>inhonesti</strong></span> <span class='ocrx_word' id='word_1_333' title='bbox 2263 940 2360 995; x_wconf 83' lang='lat' dir='ltr'><strong>viri</strong></span> <span class='ocrx_word' id='word_1_334' title='bbox 2400 950 2456 994; x_wconf 89' lang='lat' dir='ltr'><strong>et</strong></span> <span class='ocrx_word' id='word_1_335' title='bbox 2510 941 2804 996; x_wconf 74' lang='lat' dir='ltr'><strong>iultOuestce</strong></span> <span class='ocrx_word' id='word_1_336' title='bbox 2838 939 3112 1008; x_wconf 74' lang='lat' dir='ltr'><strong>mulieres.</strong></span> <span class='ocrx_word' id='word_1_337' title='bbox 3162 939 3254 1006; x_wconf 88' lang='lat' dir='ltr'><strong>qui</strong></span> <span class='ocrx_word' id='word_1_338' title='bbox 3295 953 3416 992; x_wconf 87' lang='lat' dir='ltr'><strong>cum</strong></span> <span class='ocrx_word' id='word_1_339' title='bbox 3450 948 3532 990; x_wconf 89' lang='lat' dir='ltr'><strong>ta-</strong></span> 
     </span>
    </p>
   </div>
   <div class='ocr_carea' id='block_1_53' title="bbox 1965 1024 3606 1105">
    <p class='ocr_par' dir='ltr' id='par_1_53' title="bbox 1965 1024 3606 1105">
     <span class='ocr_line' id='line_1_53' title="bbox 1965 1024 3606 1105; baseline -0.003 -20"><span class='ocrx_word' id='word_1_340' title='bbox 1965 1031 2104 1085; x_wconf 89' lang='lat' dir='ltr'><strong>libus</strong></span> <span class='ocrx_word' id='word_1_341' title='bbox 2156 1043 2504 1086; x_wconf 75' lang='lat' dir='ltr'><strong>conversatur</strong></span> <span class='ocrx_word' id='word_1_342' title='bbox 2559 1047 2743 1088; x_wconf 89' lang='lat' dir='ltr'><strong>eorum</strong></span> <span class='ocrx_word' id='word_1_343' title='bbox 2787 1024 3143 1105; x_wconf 79' lang='lat' dir='ltr'><strong>turpitudinis</strong></span> <span class='ocrx_word' id='word_1_344' title='bbox 3190 1046 3382 1099; x_wconf 81' lang='lat' dir='ltr'><strong>expers</strong></span> <span class='ocrx_word' id='word_1_345' title='bbox 3431 1047 3533 1081; x_wconf 84' lang='lat' dir='ltr'><strong>non</strong></span> <span class='ocrx_word' id='word_1_346' title='bbox 3603 1058 3606 1060; x_wconf 96' lang='lat'><em>-</em></span> 
     </span>
    </p>
   </div>
   <div class='ocr_carea' id='block_1_54' title="bbox 1964 1113 3535 1194">
    <p class='ocr_par' dir='ltr' id='par_1_54' title="bbox 1964 1113 3535 1194">
     <span class='ocr_line' id='line_1_54' title="bbox 1964 1113 3535 1194; baseline -0.004 -16"><span class='ocrx_word' id='word_1_347' title='bbox 1964 1124 2066 1178; x_wconf 84' lang='lat' dir='ltr'><strong>erit</strong></span> <span class='ocrx_word' id='word_1_348' title='bbox 2108 1141 2122 1178; x_wconf 87' lang='lat'>:</span> <span class='ocrx_word' id='word_1_349' title='bbox 2153 1113 2301 1176; x_wconf 78' lang='lat' dir='ltr'><strong>Mala</strong></span> <span class='ocrx_word' id='word_1_350' title='bbox 2338 1138 2528 1194; x_wconf 83' lang='lat' dir='ltr'><strong>nempe</strong></span> <span class='ocrx_word' id='word_1_351' title='bbox 2562 1123 2820 1194; x_wconf 88' lang='lat' dir='ltr'><strong>colloquia</strong></span> <span class='ocrx_word' id='word_1_352' title='bbox 2853 1133 3190 1192; x_wconf 82' lang='lat' dir='ltr'><strong>corrumpunt</strong></span> <span class='ocrx_word' id='word_1_353' title='bbox 3228 1123 3388 1175; x_wconf 81' lang='lat' dir='ltr'><strong>bonos</strong></span> <span class='ocrx_word' id='word_1_354' title='bbox 3434 1139 3535 1174; x_wconf 67' lang='lat' dir='ltr'><strong>mo.</strong></span> 
     </span>
    </p>
   </div>
   <div class='ocr_carea' id='block_1_55' title="bbox 1965 1213 3533 1285">
    <p class='ocr_par' dir='ltr' id='par_1_55' title="bbox 1965 1213 3533 1285">
     <span class='ocr_line' id='line_1_55' title="bbox 1965 1213 3533 1285; baseline -0.001 -17"><span class='ocrx_word' id='word_1_355' title='bbox 1965 1231 2044 1268; x_wconf 85' lang='lat' dir='ltr'><strong>res</strong></span> <span class='ocrx_word' id='word_1_356' title='bbox 2067 1216 2135 1269; x_wconf 80' lang='lat'><strong>“.</strong></span> <span class='ocrx_word' id='word_1_357' title='bbox 2160 1213 2281 1268; x_wconf 87' lang='lat' dir='ltr'><strong>Ideo</strong></span> <span class='ocrx_word' id='word_1_358' title='bbox 2306 1230 2474 1270; x_wconf 90' lang='lat' dir='ltr'><strong>canon</strong></span> <span class='ocrx_word' id='word_1_359' title='bbox 2495 1215 2645 1285; x_wconf 89' lang='lat' dir='ltr'><strong>jubet</strong></span> <span class='ocrx_word' id='word_1_360' title='bbox 2672 1213 2972 1269; x_wconf 82' lang='lat' dir='ltr'><strong>istiusmodi</strong></span> <span class='ocrx_word' id='word_1_361' title='bbox 2994 1214 3220 1268; x_wconf 70' lang='lat' dir='ltr'><strong>clericos</strong></span> <span class='ocrx_word' id='word_1_362' title='bbox 3242 1214 3533 1280; x_wconf 73' lang='lat' dir='ltr'><strong>segregari.</strong></span> 
     </span>
    </p>
   </div>
   <div class='ocr_carea' id='block_1_56' title="bbox 1965 1304 3533 1376">
    <p class='ocr_par' dir='ltr' id='par_1_56' title="bbox 1965 1304 3533 1376">
     <span class='ocr_line' id='line_1_56' title="bbox 1965 1304 3533 1376; baseline -0.001 -17"><span class='ocrx_word' id='word_1_363' title='bbox 1965 1305 2118 1372; x_wconf 84' lang='lat' dir='ltr'><strong>Quod</strong></span> <span class='ocrx_word' id='word_1_364' title='bbox 2150 1305 2192 1360; x_wconf 88' lang='lat' dir='ltr'><strong>si</strong></span> <span class='ocrx_word' id='word_1_365' title='bbox 2219 1306 2446 1362; x_wconf 83' lang='lat' dir='ltr'><strong>clericus</strong></span> <span class='ocrx_word' id='word_1_366' title='bbox 2471 1307 2571 1361; x_wconf 88' lang='lat' dir='ltr'><strong>iter</strong></span> <span class='ocrx_word' id='word_1_367' title='bbox 2599 1306 2825 1368; x_wconf 77' lang='lat' dir='ltr'><strong>faciens,</strong></span> <span class='ocrx_word' id='word_1_368' title='bbox 2858 1320 2957 1360; x_wconf 89' lang='lat' dir='ltr'><strong>nec</strong></span> <span class='ocrx_word' id='word_1_369' title='bbox 2987 1306 3191 1359; x_wconf 83' lang='lat' dir='ltr'><strong>habens</strong></span> <span class='ocrx_word' id='word_1_370' title='bbox 3219 1320 3324 1376; x_wconf 87' lang='lat' dir='ltr'><strong>quo</strong></span> <span class='ocrx_word' id='word_1_371' title='bbox 3351 1304 3533 1357; x_wconf 86' lang='lat' dir='ltr'><strong>diver-</strong></span> 
     </span>
    </p>
   </div>
   <div class='ocr_carea' id='block_1_57' title="bbox 1969 1395 3536 1471">
    <p class='ocr_par' dir='ltr' id='par_1_57' title="bbox 1969 1395 3536 1471">
     <span class='ocr_line' id='line_1_57' title="bbox 1969 1395 3536 1471; baseline -0.003 -16"><span class='ocrx_word' id='word_1_372' title='bbox 1969 1408 2045 1455; x_wconf 88' lang='lat' dir='ltr'><strong>tat</strong></span> <span class='ocrx_word' id='word_1_373' title='bbox 2097 1399 2116 1471; x_wconf 93' lang='lat'>(</span> <span class='ocrx_word' id='word_1_374' title='bbox 2138 1400 2243 1454; x_wconf 91' lang='lat' dir='ltr'><strong>hoc</strong></span> <span class='ocrx_word' id='word_1_375' title='bbox 2277 1409 2400 1466; x_wconf 87' lang='lat' dir='ltr'><strong>est,</strong></span> <span class='ocrx_word' id='word_1_376' title='bbox 2424 1399 2757 1454; x_wconf 87' lang='lat' dir='ltr'><strong>mansionem</strong></span> <span class='ocrx_word' id='word_1_377' title='bbox 2807 1397 3013 1460; x_wconf 88' lang='lat' dir='ltr'><strong>faciat,</strong></span> <span class='ocrx_word' id='word_1_378' title='bbox 3056 1407 3111 1451; x_wconf 90' lang='lat' dir='ltr'><strong>et</strong></span> <span class='ocrx_word' id='word_1_379' title='bbox 3142 1397 3445 1465; x_wconf 86' lang='lat' dir='ltr'><strong>quiescat),</strong></span> <span class='ocrx_word' id='word_1_380' title='bbox 3482 1395 3536 1450; x_wconf 82' lang='lat' dir='ltr'><strong>in</strong></span> 
     </span>
    </p>
   </div>
   <div class='ocr_carea' id='block_1_58' title="bbox 1967 1485 3536 1568">
    <p class='ocr_par' dir='ltr' id='par_1_58' title="bbox 1967 1485 3536 1568">
     <span class='ocr_line' id='line_1_58' title="bbox 1967 1485 3536 1568; baseline -0.006 -20"><span class='ocrx_word' id='word_1_381' title='bbox 1967 1507 2268 1563; x_wconf 88' lang='lat' dir='ltr'><strong>cauponam</strong></span> <span class='ocrx_word' id='word_1_382' title='bbox 2300 1503 2413 1546; x_wconf 91' lang='lat' dir='ltr'><strong>tum</strong></span> <span class='ocrx_word' id='word_1_383' title='bbox 2435 1506 2534 1562; x_wconf 89' lang='lat' dir='ltr'><strong>per</strong></span> <span class='ocrx_word' id='word_1_384' title='bbox 2559 1491 2934 1558; x_wconf 83' lang='lat' dir='ltr'><strong>necessitatem</strong></span> <span class='ocrx_word' id='word_1_385' title='bbox 2965 1490 3035 1542; x_wconf 87' lang='lat' dir='ltr'><strong>sit</strong></span> <span class='ocrx_word' id='word_1_386' title='bbox 3066 1488 3359 1568; x_wconf 76' lang='lat' dir='ltr'><strong>ingressus,</strong></span> <span class='ocrx_word' id='word_1_387' title='bbox 3379 1485 3536 1556; x_wconf 89' lang='lat' dir='ltr'><strong>culpa</strong></span> 
     </span>
    </p>
   </div>
   <div class='ocr_carea' id='block_1_59' title="bbox 1968 1573 3538 1654">
    <p class='ocr_par' dir='ltr' id='par_1_59' title="bbox 1968 1573 3538 1654">
     <span class='ocr_line' id='line_1_59' title="bbox 1968 1573 3538 1654; baseline -0.005 -15"><span class='ocrx_word' id='word_1_388' title='bbox 1968 1593 2144 1648; x_wconf 78' lang='lat' dir='ltr'><strong>vacat,</strong></span> <span class='ocrx_word' id='word_1_389' title='bbox 2178 1598 2279 1654; x_wconf 87' lang='lat' dir='ltr'><strong>nec</strong></span> <span class='ocrx_word' id='word_1_390' title='bbox 2311 1583 2576 1638; x_wconf 86' lang='lat' dir='ltr'><strong>obnoxius</strong></span> <span class='ocrx_word' id='word_1_391' title='bbox 2606 1573 2688 1637; x_wconf 85' lang='lat' dir='ltr'><strong>est</strong></span> <span class='ocrx_word' id='word_1_392' title='bbox 2719 1581 2808 1636; x_wconf 89' lang='lat' dir='ltr'><strong>ulli</strong></span> <span class='ocrx_word' id='word_1_393' title='bbox 2838 1594 3030 1652; x_wconf 63' lang='lat' dir='ltr'><strong>parum.</strong></span> <span class='ocrx_word' id='word_1_394' title='bbox 3071 1577 3206 1632; x_wconf 85' lang='lat' dir='ltr'><strong>Dicit</strong></span> <span class='ocrx_word' id='word_1_395' title='bbox 3240 1578 3339 1632; x_wconf 89' lang='lat' dir='ltr'><strong>hoc</strong></span> <span class='ocrx_word' id='word_1_396' title='bbox 3375 1579 3538 1632; x_wconf 87' lang='lat' dir='ltr'><strong>etiam</strong></span> 
     </span>
    </p>
   </div>
   <div class='ocr_carea' id='block_1_60' title="bbox 1971 1664 3541 1744">
    <p class='ocr_par' dir='ltr' id='par_1_60' title="bbox 1971 1664 3541 1744">
     <span class='ocr_line' id='line_1_60' title="bbox 1971 1664 3541 1744; baseline -0.004 -16"><span class='ocrx_word' id='word_1_397' title='bbox 1971 1676 2264 1730; x_wconf 67' lang='lat' dir='ltr'><strong>vicesimus</strong></span> <span class='ocrx_word' id='word_1_398' title='bbox 2295 1669 2721 1744; x_wconf 45' lang='lat' dir='ltr'><strong>quartus&#39;canon</strong></span> <span class='ocrx_word' id='word_1_399' title='bbox 2747 1671 2938 1744; x_wconf 84' lang='lat' dir='ltr'><strong>synodi</strong></span> <span class='ocrx_word' id='word_1_400' title='bbox 2969 1664 3279 1735; x_wconf 62' lang='lat' dir='ltr'><strong>Laodiceam,</strong></span> <span class='ocrx_word' id='word_1_401' title='bbox 3309 1678 3362 1724; x_wconf 88' lang='lat' dir='ltr'><strong>et</strong></span> <span class='ocrx_word' id='word_1_402' title='bbox 3411 1684 3541 1740; x_wconf 84' lang='lat' dir='ltr'><strong>qua-</strong></span> 
     </span>
    </p>
   </div>
   <div class='ocr_carea' id='block_1_61' title="bbox 1971 1761 2986 1836">
    <p class='ocr_par' dir='ltr' id='par_1_61' title="bbox 1971 1761 2986 1836">
     <span class='ocr_line' id='line_1_61' title="bbox 1971 1761 2986 1836; baseline -0.002 -18"><span class='ocrx_word' id='word_1_403' title='bbox 1971 1764 2308 1832; x_wconf 82' lang='lat' dir='ltr'><strong>dragesimus</strong></span> <span class='ocrx_word' id='word_1_404' title='bbox 2329 1764 2516 1836; x_wconf 83' lang='lat' dir='ltr'><strong>synodi</strong></span> <span class='ocrx_word' id='word_1_405' title='bbox 2541 1761 2986 1832; x_wconf 77' lang='lat' dir='ltr'><strong>Carthagineusis</strong></span> 
     </span>
    </p>
   </div>
   <div class='ocr_carea' id='block_1_62' title="bbox 1967 1842 3543 1924">
    <p class='ocr_par' dir='ltr' id='par_1_62' title="bbox 1967 1842 3543 1924">
     <span class='ocr_line' id='line_1_62' title="bbox 1967 1842 3543 1924; baseline -0.009 -8"><span class='ocrx_word' id='word_1_406' title='bbox 1967 1857 2196 1916; x_wconf 79' lang='lat' dir='ltr'><strong>ARIST.</strong></span> <span class='ocrx_word' id='word_1_407' title='bbox 2243 1857 2474 1914; x_wconf 76' lang='lat' dir='ltr'><strong>Clericus</strong></span> <span class='ocrx_word' id='word_1_408' title='bbox 2516 1856 2604 1924; x_wconf 88' lang='lat' dir='ltr'><strong>qui</strong></span> <span class='ocrx_word' id='word_1_409' title='bbox 2647 1854 2838 1923; x_wconf 85' lang='lat' dir='ltr'><strong>absque</strong></span> <span class='ocrx_word' id='word_1_410' title='bbox 2879 1842 3094 1908; x_wconf 81' lang='lat' dir='ltr'><strong>itineris</strong></span> <span class='ocrx_word' id='word_1_411' title='bbox 3135 1853 3438 1906; x_wconf 75' lang='lat' dir='ltr'><strong>necessitate</strong></span> <span class='ocrx_word' id='word_1_412' title='bbox 3490 1850 3543 1905; x_wconf 89' lang='lat' dir='ltr'><strong>in</strong></span> 
     </span>
    </p>
   </div>
   <div class='ocr_carea' id='block_1_63' title="bbox 2138 1945 3338 2015">
    <p class='ocr_par' dir='ltr' id='par_1_63' title="bbox 2138 1945 3338 2015">
     <span class='ocr_line' id='line_1_63' title="bbox 2138 1945 3338 2015; baseline -0.005 -13"><span class='ocrx_word' id='word_1_413' title='bbox 2138 1965 2378 2015; x_wconf 86' lang='lat' dir='ltr'><strong>caupona</strong></span> <span class='ocrx_word' id='word_1_414' title='bbox 2408 1947 2654 2013; x_wconf 81' lang='lat' dir='ltr'><strong>comedit,</strong></span> <span class='ocrx_word' id='word_1_415' title='bbox 2681 1945 3206 2000; x_wconf 76' lang='lat' dir='ltr'><strong>excommunicaudus</strong></span> <span class='ocrx_word' id='word_1_416' title='bbox 3241 1953 3338 1996; x_wconf 82' lang='lat' dir='ltr'><strong>est.</strong></span> 
     </span>
    </p>
   </div>
   <div class='ocr_carea' id='block_1_64' title="bbox 2040 2037 3544 2104">
    <p class='ocr_par' dir='ltr' id='par_1_64' title="bbox 2040 2037 3544 2104">
     <span class='ocr_line' id='line_1_64' title="bbox 2040 2037 3544 2104; baseline -0.008 -8"><span class='ocrx_word' id='word_1_417' title='bbox 2040 2040 2253 2096; x_wconf 86' lang='lat' dir='ltr'><strong>Clerico</strong></span> <span class='ocrx_word' id='word_1_418' title='bbox 2283 2042 2384 2096; x_wconf 89' lang='lat' dir='ltr'><strong>iter</strong></span> <span class='ocrx_word' id='word_1_419' title='bbox 2415 2040 2656 2104; x_wconf 79' lang='lat' dir='ltr'><strong>facienti,</strong></span> <span class='ocrx_word' id='word_1_420' title='bbox 2707 2038 2753 2094; x_wconf 87' lang='lat' dir='ltr'><strong>si</strong></span> <span class='ocrx_word' id='word_1_421' title='bbox 2806 2039 2858 2093; x_wconf 91' lang='lat' dir='ltr'><strong>in</strong></span> <span class='ocrx_word' id='word_1_422' title='bbox 2911 2037 3272 2092; x_wconf 78' lang='lat' dir='ltr'><strong>diversorium</strong></span> <span class='ocrx_word' id='word_1_423' title='bbox 3328 2043 3544 2103; x_wconf 72' lang='lat' dir='ltr'><strong>proutcr</strong></span> 
     </span>
    </p>
   </div>
   <div class='ocr_carea' id='block_1_65' title="bbox 1972 2125 3544 2200">
    <p class='ocr_par' dir='ltr' id='par_1_65' title="bbox 1972 2125 3544 2200">
     <span class='ocr_line' id='line_1_65' title="bbox 1972 2125 3544 2200; baseline -0.008 -12"><span class='ocrx_word' id='word_1_424' title='bbox 1972 2134 2348 2188; x_wconf 79' lang='lat' dir='ltr'><strong>necessitatem</strong></span> <span class='ocrx_word' id='word_1_425' title='bbox 2386 2132 2606 2185; x_wconf 89' lang='lat' dir='ltr'><strong>divertit</strong></span> <span class='ocrx_word' id='word_1_426' title='bbox 2631 2171 2645 2193; x_wconf 89' lang='lat'><strong>,</strong></span> <span class='ocrx_word' id='word_1_427' title='bbox 2675 2129 3056 2200; x_wconf 81' lang='lat' dir='ltr'><strong>ignoscendum</strong></span> <span class='ocrx_word' id='word_1_428' title='bbox 3113 2136 3194 2180; x_wconf 90' lang='lat' dir='ltr'><strong>est</strong></span> <span class='ocrx_word' id='word_1_429' title='bbox 3229 2144 3241 2178; x_wconf 92' lang='lat'><strong>:</strong></span> <span class='ocrx_word' id='word_1_430' title='bbox 3285 2127 3377 2192; x_wconf 85' lang='lat' dir='ltr'><strong>qui</strong></span> <span class='ocrx_word' id='word_1_431' title='bbox 3427 2125 3544 2177; x_wconf 88' lang='lat' dir='ltr'><strong>sine</strong></span> 
     </span>
    </p>
   </div>
   <div class='ocr_carea' id='block_1_66' title="bbox 1970 2217 3544 2292">
    <p class='ocr_par' dir='ltr' id='par_1_66' title="bbox 1970 2217 3544 2292">
     <span class='ocr_line' id='line_1_66' title="bbox 1970 2217 3544 2292; baseline -0.005 -12"><span class='ocrx_word' id='word_1_432' title='bbox 1970 2226 2060 2280; x_wconf 88' lang='lat' dir='ltr'><strong>illa</strong></span> <span class='ocrx_word' id='word_1_433' title='bbox 2094 2235 2272 2280; x_wconf 87' lang='lat' dir='ltr'><strong>autem</strong></span> <span class='ocrx_word' id='word_1_434' title='bbox 2315 2224 2716 2292; x_wconf 81' lang='lat' dir='ltr'><strong>circumstantia</strong></span> <span class='ocrx_word' id='word_1_435' title='bbox 2745 2223 2800 2278; x_wconf 89' lang='lat' dir='ltr'><strong>in</strong></span> <span class='ocrx_word' id='word_1_436' title='bbox 2833 2235 3074 2291; x_wconf 84' lang='lat' dir='ltr'><strong>caupona</strong></span> <span class='ocrx_word' id='word_1_437' title='bbox 3112 2217 3418 2282; x_wconf 82' lang='lat' dir='ltr'><strong>mamlucat,</strong></span> <span class='ocrx_word' id='word_1_438' title='bbox 3449 2233 3544 2272; x_wconf 76' lang='lat' dir='ltr'><strong>ex-</strong></span> 
     </span>
    </p>
   </div>
   <div class='ocr_carea' id='block_1_67' title="bbox 1971 2317 2475 2374">
    <p class='ocr_par' dir='ltr' id='par_1_67' title="bbox 1971 2317 2475 2374">
     <span class='ocr_line' id='line_1_67' title="bbox 1971 2317 2475 2374; baseline -0.004 0"><span class='ocrx_word' id='word_1_439' title='bbox 1971 2317 2475 2374; x_wconf 87' lang='lat' dir='ltr'><strong>communicaudus.</strong></span> 
     </span>
    </p>
   </div>
   <div class='ocr_carea' id='block_1_68' title="bbox 2502 2425 3013 2498">
    <p class='ocr_par' dir='ltr' id='par_1_68' title="bbox 2502 2425 3013 2498">
     <span class='ocr_line' id='line_1_68' title="bbox 2502 2425 3013 2498; baseline -0.006 -17"><span class='ocrx_word' id='word_1_440' title='bbox 2502 2428 2608 2498; x_wconf 84' lang='lat'><strong>37</strong></span> <span class='ocrx_word' id='word_1_441' title='bbox 2642 2426 2872 2482; x_wconf 64' lang='lat' dir='ltr'><strong>cauom</strong></span> <span class='ocrx_word' id='word_1_442' title='bbox 2905 2425 3013 2479; x_wconf 62' lang='grc' dir='ltr'><strong>[Ν.</strong></span> 
     </span>
    </p>
   </div>
   <div class='ocr_carea' id='block_1_69' title="bbox 1973 2535 3548 2615">
    <p class='ocr_par' dir='ltr' id='par_1_69' title="bbox 1973 2535 3548 2615">
     <span class='ocr_line' id='line_1_69' title="bbox 1973 2535 3548 2615; baseline -0.009 -14"><span class='ocrx_word' id='word_1_443' title='bbox 1973 2545 2032 2601; x_wconf 84' lang='lat' dir='ltr'><strong>Si</strong></span> <span class='ocrx_word' id='word_1_444' title='bbox 2051 2545 2167 2615; x_wconf 87' lang='lat' dir='ltr'><strong>quis</strong></span> <span class='ocrx_word' id='word_1_445' title='bbox 2194 2545 2412 2599; x_wconf 74' lang='lat' dir='ltr'><strong>clericus</strong></span> <span class='ocrx_word' id='word_1_446' title='bbox 2447 2541 2748 2612; x_wconf 72' lang='lat' dir='ltr'><strong>episcopum</strong></span> <span class='ocrx_word' id='word_1_447' title='bbox 2779 2539 3093 2595; x_wconf 81' lang='lat' dir='ltr'><strong>contumelia</strong></span> <span class='ocrx_word' id='word_1_448' title='bbox 3142 2540 3395 2608; x_wconf 74' lang='lat' dir='ltr'><strong>alfeceriu</strong></span> <span class='ocrx_word' id='word_1_449' title='bbox 3418 2577 3431 2594; x_wconf 91' lang='lat'><strong><em>.</em></strong></span> <span class='ocrx_word' id='word_1_450' title='bbox 3457 2535 3548 2587; x_wconf 69' lang='lat' dir='ltr'><strong>da-</strong></span> 
     </span>
    </p>
   </div>
   <div class='ocr_carea' id='block_1_70' title="bbox 2045 2629 3552 2712">
    <p class='ocr_par' dir='ltr' id='par_1_70' title="bbox 2045 2629 3552 2712">
     <span class='ocr_line' id='line_1_70' title="bbox 2045 2629 3552 2712; baseline -0.008 -19"><span class='ocrx_word' id='word_1_451' title='bbox 2045 2648 2274 2693; x_wconf 80' lang='lat' dir='ltr'><strong>uonatur</strong></span> <span class='ocrx_word' id='word_1_452' title='bbox 2301 2654 2320 2692; x_wconf 83' lang='lat'><strong>.&#39;</strong></span> <span class='ocrx_word' id='word_1_453' title='bbox 2353 2635 2576 2706; x_wconf 66' lang='grc' dir='ltr'><strong>θ)νὶηοὶιή</strong></span> <span class='ocrx_word' id='word_1_454' title='bbox 2597 2635 2732 2690; x_wconf 83' lang='lat' dir='ltr'><strong>enim</strong></span> <span class='ocrx_word' id='word_1_455' title='bbox 2758 2633 2938 2705; x_wconf 81' lang='lat' dir='ltr'><strong>populi</strong></span> <span class='ocrx_word' id='word_1_456' title='bbox 2971 2632 3053 2688; x_wconf 81' lang='lat' dir='ltr'><strong>tui</strong></span> <span class='ocrx_word' id='word_1_457' title='bbox 3097 2647 3204 2712; x_wconf 64' lang='lat' dir='ltr'><strong>non</strong></span> <span class='ocrx_word' id='word_1_458' title='bbox 3246 2629 3552 2684; x_wconf 62' lang='lat' dir='ltr'><strong>maledicam.</strong></span> 
     </span>
    </p>
   </div>
   <div class='ocr_carea' id='block_1_71' title="bbox 2564 2834 2974 2894">
    <p class='ocr_par' dir='ltr' id='par_1_71' title="bbox 2564 2834 2974 2894">
     <span class='ocr_line' id='line_1_71' title="bbox 2564 2834 2974 2894; baseline -0.012 0"><span class='ocrx_word' id='word_1_459' title='bbox 2564 2835 2800 2894; x_wconf 77' lang='lat' dir='ltr'><strong>CANON</strong></span> <span class='ocrx_word' id='word_1_460' title='bbox 2838 2834 2974 2890; x_wconf 82' lang='lat' dir='ltr'><strong>LVI.</strong></span> 
     </span>
    </p>
   </div>
   <div class='ocr_carea' id='block_1_72' title="bbox 1979 2943 3550 3026">
    <p class='ocr_par' dir='ltr' id='par_1_72' title="bbox 1979 2943 3550 3026">
     <span class='ocr_line' id='line_1_72' title="bbox 1979 2943 3550 3026; baseline -0.011 -13"><span class='ocrx_word' id='word_1_461' title='bbox 1979 2957 2038 3013; x_wconf 86' lang='lat' dir='ltr'><strong>Si</strong></span> <span class='ocrx_word' id='word_1_462' title='bbox 2068 2957 2180 3026; x_wconf 85' lang='lat' dir='ltr'><strong>quis</strong></span> <span class='ocrx_word' id='word_1_463' title='bbox 2211 2957 2429 3010; x_wconf 78' lang='lat' dir='ltr'><strong>clericus</strong></span> <span class='ocrx_word' id='word_1_464' title='bbox 2485 2954 2842 3021; x_wconf 76' lang='lat' dir='ltr'><strong>presbyterum</strong></span> <span class='ocrx_word' id='word_1_465' title='bbox 2895 2949 2972 3004; x_wconf 76' lang='lat' dir='ltr'><strong>uel</strong></span> <span class='ocrx_word' id='word_1_466' title='bbox 3014 2949 3294 3002; x_wconf 79' lang='lat' dir='ltr'><strong>diaconum</strong></span> <span class='ocrx_word' id='word_1_467' title='bbox 3353 2943 3550 3014; x_wconf 72' lang='lat' dir='ltr'><strong>injuria</strong></span> 
     </span>
    </p>
   </div>
   <div class='ocr_carea' id='block_1_73' title="bbox 1977 3045 3048 3118">
    <p class='ocr_par' dir='ltr' id='par_1_73' title="bbox 1977 3045 3048 3118">
     <span class='ocr_line' id='line_1_73' title="bbox 1977 3045 3048 3118; baseline -0.009 -14"><span class='ocrx_word' id='word_1_468' title='bbox 1977 3051 1979 3054; x_wconf 81' lang='grc'><em>’</em></span> <span class='ocrx_word' id='word_1_469' title='bbox 2167 3047 2171 3052; x_wconf 70' lang='grc'><em>”</em></span> <span class='ocrx_word' id='word_1_470' title='bbox 2448 3047 2702 3118; x_wconf 63' lang='lat' dir='ltr'><strong>olfecerit,</strong></span> <span class='ocrx_word' id='word_1_471' title='bbox 2735 3045 3048 3114; x_wconf 76' lang='lat' dir='ltr'><strong>segrcgctur.</strong></span> 
     </span>
    </p>
   </div>
   <div class='ocr_carea' id='block_1_74' title="bbox 2048 3145 3552 3223">
    <p class='ocr_par' dir='ltr' id='par_1_74' title="bbox 2048 3145 3552 3223">
     <span class='ocr_line' id='line_1_74' title="bbox 2048 3145 3552 3223; baseline -0.017 -1"><span class='ocrx_word' id='word_1_472' title='bbox 2048 3165 2247 3223; x_wconf 85' lang='lat' dir='ltr'><strong>BALS.</strong></span> <span class='ocrx_word' id='word_1_473' title='bbox 2277 3163 2340 3218; x_wconf 88' lang='lat' dir='ltr'><strong>lli</strong></span> <span class='ocrx_word' id='word_1_474' title='bbox 2372 3163 2475 3216; x_wconf 91' lang='lat' dir='ltr'><strong>duo</strong></span> <span class='ocrx_word' id='word_1_475' title='bbox 2511 3174 2746 3216; x_wconf 84' lang='lat' dir='ltr'><strong>canones</strong></span> <span class='ocrx_word' id='word_1_476' title='bbox 2778 3145 2848 3212; x_wconf 74' lang='lat'><strong>55</strong></span> <span class='ocrx_word' id='word_1_477' title='bbox 2878 3167 2932 3210; x_wconf 93' lang='lat' dir='ltr'><strong>et</strong></span> <span class='ocrx_word' id='word_1_478' title='bbox 2956 3153 3022 3209; x_wconf 82' lang='lat'><strong>56</strong></span> <span class='ocrx_word' id='word_1_479' title='bbox 3056 3152 3290 3222; x_wconf 82' lang='lat' dir='ltr'><strong>puniunt</strong></span> <span class='ocrx_word' id='word_1_480' title='bbox 3327 3148 3552 3216; x_wconf 81' lang='lat' dir='ltr'><strong>injuria-</strong></span> 
     </span>
    </p>
   </div>
   <div class='ocr_carea' id='block_1_75' title="bbox 1981 3241 3557 3319">
    <p class='ocr_par' dir='ltr' id='par_1_75' title="bbox 1981 3241 3557 3319">
     <span class='ocr_line' id='line_1_75' title="bbox 1981 3241 3557 3319; baseline -0.019 -1"><span class='ocrx_word' id='word_1_481' title='bbox 1981 3278 2072 3319; x_wconf 89' lang='lat' dir='ltr'><strong>sos</strong></span> <span class='ocrx_word' id='word_1_482' title='bbox 2111 3259 2337 3315; x_wconf 76' lang='lat' dir='ltr'><strong>clericos</strong></span> <span class='ocrx_word' id='word_1_483' title='bbox 2377 3275 2390 3311; x_wconf 88' lang='lat'>:</span> <span class='ocrx_word' id='word_1_484' title='bbox 2432 3253 2522 3309; x_wconf 66' lang='lat' dir='ltr'><strong>seel</strong></span> <span class='ocrx_word' id='word_1_485' title='bbox 2554 3245 2624 3306; x_wconf 77' lang='lat'><strong>55</strong></span> <span class='ocrx_word' id='word_1_486' title='bbox 2668 3241 2802 3305; x_wconf 82' lang='lat' dir='ltr'><strong>dicit</strong></span> <span class='ocrx_word' id='word_1_487' title='bbox 2844 3241 3233 3316; x_wconf 77' lang='lat' dir='ltr'><strong>deponendum</strong></span> <span class='ocrx_word' id='word_1_488' title='bbox 3270 3241 3557 3300; x_wconf 71' lang='lat' dir='ltr'><strong>clericum,</strong></span> 
     </span>
    </p>
   </div>
   <div class='ocr_carea' id='block_1_76' title="bbox 1981 3327 3556 3422">
    <p class='ocr_par' dir='ltr' id='par_1_76' title="bbox 1981 3327 3556 3422">
     <span class='ocr_line' id='line_1_76' title="bbox 1981 3327 3556 3422; baseline -0.017 -17"><span class='ocrx_word' id='word_1_489' title='bbox 1981 3352 2070 3422; x_wconf 91' lang='lat' dir='ltr'><strong>qui</strong></span> <span class='ocrx_word' id='word_1_490' title='bbox 2101 3341 2407 3418; x_wconf 81' lang='lat' dir='ltr'><strong>episcopum</strong></span> <span class='ocrx_word' id='word_1_491' title='bbox 2463 3342 2659 3412; x_wconf 87' lang='lat' dir='ltr'><strong>injuria</strong></span> <span class='ocrx_word' id='word_1_492' title='bbox 2706 3337 2886 3393; x_wconf 76' lang='lat' dir='ltr'><strong>affecit</strong></span> <span class='ocrx_word' id='word_1_493' title='bbox 2962 3333 3029 3407; x_wconf 80' lang='lat'><strong>56</strong></span> <span class='ocrx_word' id='word_1_494' title='bbox 3089 3341 3264 3387; x_wconf 86' lang='lat' dir='ltr'><strong>autem</strong></span> <span class='ocrx_word' id='word_1_495' title='bbox 3313 3327 3556 3385; x_wconf 87' lang='lat' dir='ltr'><strong>decernit</strong></span> 
     </span>
    </p>
   </div>
   <div class='ocr_carea' id='block_1_77' title="bbox 1981 3419 3565 3512">
    <p class='ocr_par' dir='ltr' id='par_1_77' title="bbox 1981 3419 3565 3512">
     <span class='ocr_line' id='line_1_77' title="bbox 1981 3419 3565 3512; baseline -0.019 -14"><span class='ocrx_word' id='word_1_496' title='bbox 1981 3419 2373 3512; x_wconf 73' lang='lat' dir='ltr'><strong>segregandum</strong></span> <span class='ocrx_word' id='word_1_497' title='bbox 2435 3434 2711 3498; x_wconf 86' lang='lat' dir='ltr'><strong>clericum,</strong></span> <span class='ocrx_word' id='word_1_498' title='bbox 2742 3430 2832 3500; x_wconf 86' lang='lat' dir='ltr'><strong>qui</strong></span> <span class='ocrx_word' id='word_1_499' title='bbox 2883 3428 3274 3498; x_wconf 74' lang='lat' dir='ltr'><strong>presbyterum,</strong></span> <span class='ocrx_word' id='word_1_500' title='bbox 3309 3421 3390 3475; x_wconf 80' lang='lat' dir='ltr'><strong>vel</strong></span> <span class='ocrx_word' id='word_1_501' title='bbox 3443 3419 3565 3471; x_wconf 86' lang='lat' dir='ltr'><strong>dia-.</strong></span> 
     </span>
    </p>
   </div>
   <div class='ocr_carea' id='block_1_78' title="bbox 1982 3510 3558 3599">
    <p class='ocr_par' dir='ltr' id='par_1_78' title="bbox 1982 3510 3558 3599">
     <span class='ocr_line' id='line_1_78' title="bbox 1982 3510 3558 3599; baseline -0.018 -9"><span class='ocrx_word' id='word_1_502' title='bbox 1982 3510 2176 3590; x_wconf 77' lang='lat' dir='ltr'><strong>conum</strong></span> <span class='ocrx_word' id='word_1_503' title='bbox 2209 3529 2398 3599; x_wconf 87' lang='lat' dir='ltr'><strong>injuria</strong></span> <span class='ocrx_word' id='word_1_504' title='bbox 2430 3524 2607 3580; x_wconf 62' lang='lat' dir='ltr'><strong>all‘ecit</strong></span> <span class='ocrx_word' id='word_1_505' title='bbox 2644 3541 2656 3577; x_wconf 91' lang='lat'><strong>:</strong></span> <span class='ocrx_word' id='word_1_506' title='bbox 2694 3522 2852 3591; x_wconf 88' lang='lat' dir='ltr'><strong>idque</strong></span> <span class='ocrx_word' id='word_1_507' title='bbox 2888 3519 3014 3590; x_wconf 87' lang='lat' dir='ltr'><strong>quia</strong></span> <span class='ocrx_word' id='word_1_508' title='bbox 3071 3516 3322 3585; x_wconf 85' lang='lat' dir='ltr'><strong>episcopo</strong></span> <span class='ocrx_word' id='word_1_509' title='bbox 3385 3510 3558 3578; x_wconf 83' lang='lat' dir='ltr'><strong>major</strong></span> 
     </span>
    </p>
   </div>
   <div class='ocr_carea' id='block_1_79' title="bbox 1984 3602 3555 3684">
    <p class='ocr_par' dir='ltr' id='par_1_79' title="bbox 1984 3602 3555 3684">
     <span class='ocr_line' id='line_1_79' title="bbox 1984 3602 3555 3684; baseline -0.018 -2"><span class='ocrx_word' id='word_1_510' title='bbox 1984 3628 2158 3682; x_wconf 86' lang='lat' dir='ltr'><strong>honor</strong></span> <span class='ocrx_word' id='word_1_511' title='bbox 2183 3622 2426 3677; x_wconf 85' lang='lat' dir='ltr'><strong>debetur.</strong></span> <span class='ocrx_word' id='word_1_512' title='bbox 2461 3609 2711 3672; x_wconf 84' lang='lat' dir='ltr'><strong>Canones</strong></span> <span class='ocrx_word' id='word_1_513' title='bbox 2733 3613 2946 3684; x_wconf 89' lang='lat' dir='ltr'><strong>quidem</strong></span> <span class='ocrx_word' id='word_1_514' title='bbox 2974 3609 3053 3664; x_wconf 82' lang='lat' dir='ltr'><strong>sic</strong></span> <span class='ocrx_word' id='word_1_515' title='bbox 3075 3607 3320 3684; x_wconf 83' lang='lat' dir='ltr'><strong>dividunt</strong></span> <span class='ocrx_word' id='word_1_516' title='bbox 3353 3602 3555 3671; x_wconf 82' lang='lat' dir='ltr'><strong>suppli-</strong></span> 
     </span>
    </p>
   </div>
   <div class='ocr_carea' id='block_1_80' title="bbox 1981 3693 3550 3773">
    <p class='ocr_par' dir='ltr' id='par_1_80' title="bbox 1981 3693 3550 3773">
     <span class='ocr_line' id='line_1_80' title="bbox 1981 3693 3550 3773; baseline -0.016 0"><span class='ocrx_word' id='word_1_517' title='bbox 1981 3701 2125 3773; x_wconf 82' lang='lat' dir='ltr'><strong>cium</strong></span> <span class='ocrx_word' id='word_1_518' title='bbox 2159 3701 2500 3770; x_wconf 86' lang='lat' dir='ltr'><strong>insolentium</strong></span> <span class='ocrx_word' id='word_1_519' title='bbox 2541 3707 2886 3764; x_wconf 84' lang='lat' dir='ltr'><strong>clericorum.</strong></span> <span class='ocrx_word' id='word_1_520' title='bbox 2927 3693 3021 3758; x_wconf 73' lang='lat' dir='ltr'><strong>ius</strong></span> <span class='ocrx_word' id='word_1_521' title='bbox 3057 3712 3234 3756; x_wconf 84' lang='lat' dir='ltr'><strong>autem</strong></span> <span class='ocrx_word' id='word_1_522' title='bbox 3267 3698 3426 3754; x_wconf 85' lang='lat' dir='ltr'><strong>civile</strong></span> <span class='ocrx_word' id='word_1_523' title='bbox 3455 3695 3550 3750; x_wconf 87' lang='lat' dir='ltr'><strong>de-</strong></span> 
     </span>
    </p>
   </div>
   <div class='ocr_carea' id='block_1_81' title="bbox 1985 3782 3556 3877">
    <p class='ocr_par' dir='ltr' id='par_1_81' title="bbox 1985 3782 3556 3877">
     <span class='ocr_line' id='line_1_81' title="bbox 1985 3782 3556 3877; baseline -0.018 -12"><span class='ocrx_word' id='word_1_524' title='bbox 1985 3811 2122 3874; x_wconf 85' lang='lat' dir='ltr'><strong>finit,</strong></span> <span class='ocrx_word' id='word_1_525' title='bbox 2154 3804 2412 3877; x_wconf 72' lang='lat' dir='ltr'><strong>[quemvis</strong></span> <span class='ocrx_word' id='word_1_526' title='bbox 2467 3799 2717 3868; x_wconf 81' lang='lat' dir='ltr'><strong>iniuriam</strong></span> <span class='ocrx_word' id='word_1_527' title='bbox 2775 3796 3056 3852; x_wconf 81' lang='lat' dir='ltr'><strong>facientem</strong></span> <span class='ocrx_word' id='word_1_528' title='bbox 3111 3791 3283 3846; x_wconf 81' lang='lat' dir='ltr'><strong>nutari</strong></span> <span class='ocrx_word' id='word_1_529' title='bbox 3334 3782 3556 3843; x_wconf 85' lang='lat' dir='ltr'><strong>infamia</strong></span> 
     </span>
    </p>
   </div>
   <div class='ocr_carea' id='block_1_82' title="bbox 1985 3879 3556 3971">
    <p class='ocr_par' dir='ltr' id='par_1_82' title="bbox 1985 3879 3556 3971">
     <span class='ocr_line' id='line_1_82' title="bbox 1985 3879 3556 3971; baseline -0.017 -14"><span class='ocrx_word' id='word_1_530' title='bbox 1985 3911 2182 3971; x_wconf 60' lang='lat' dir='ltr'><strong>praeter</strong></span> <span class='ocrx_word' id='word_1_531' title='bbox 2207 3913 2418 3967; x_wconf 70' lang='lat' dir='ltr'><strong>poenam</strong></span> <span class='ocrx_word' id='word_1_532' title='bbox 2453 3883 2844 3964; x_wconf 84' lang='lat' dir='ltr'><strong>pecuniariam.</strong></span> <span class='ocrx_word' id='word_1_533' title='bbox 2879 3888 3142 3944; x_wconf 79' lang='lat' dir='ltr'><strong>Existimo</strong></span> <span class='ocrx_word' id='word_1_534' title='bbox 3186 3893 3364 3938; x_wconf 90' lang='lat' dir='ltr'><strong>autem</strong></span> <span class='ocrx_word' id='word_1_535' title='bbox 3413 3879 3556 3950; x_wconf 85' lang='lat' dir='ltr'><strong>quod</strong></span> 
     </span>
    </p>
   </div>
   <div class='ocr_carea' id='block_1_83' title="bbox 1984 3978 3036 4057">
    <p class='ocr_par' dir='ltr' id='par_1_83' title="bbox 1984 3978 3036 4057">
     <span class='ocr_line' id='line_1_83' title="bbox 1984 3978 3036 4057; baseline -0.015 -9"><span class='ocrx_word' id='word_1_536' title='bbox 1984 3991 2262 4048; x_wconf 83' lang='lat' dir='ltr'><strong>infamiam</strong></span> <span class='ocrx_word' id='word_1_537' title='bbox 2291 3978 2536 4057; x_wconf 83' lang='lat' dir='ltr'><strong>sequitur</strong></span> <span class='ocrx_word' id='word_1_538' title='bbox 2560 3985 2722 4038; x_wconf 88' lang='lat' dir='ltr'><strong>etiam</strong></span> <span class='ocrx_word' id='word_1_539' title='bbox 2749 3980 3036 4051; x_wconf 74' lang='lat' dir='ltr'><strong>depositio.</strong></span> 
     </span>
    </p>
   </div>
   <div class='ocr_carea' id='block_1_84' title="bbox 2057 4063 3560 4149">
    <p class='ocr_par' dir='ltr' id='par_1_84' title="bbox 2057 4063 3560 4149">
     <span class='ocr_line' id='line_1_84' title="bbox 2057 4063 3560 4149; baseline -0.015 -13"><span class='ocrx_word' id='word_1_540' title='bbox 2057 4079 2309 4149; x_wconf 80' lang='lat' dir='ltr'><strong>ZONAR.</strong></span> <span class='ocrx_word' id='word_1_541' title='bbox 2341 4076 2632 4132; x_wconf 83' lang='lat' dir='ltr'><strong>Pontiﬁces</strong></span> <span class='ocrx_word' id='word_1_542' title='bbox 2654 4075 2707 4128; x_wconf 91' lang='lat' dir='ltr'><strong>in</strong></span> <span class='ocrx_word' id='word_1_543' title='bbox 2733 4084 2912 4142; x_wconf 84' lang='lat' dir='ltr'><strong>typum</strong></span> <span class='ocrx_word' id='word_1_544' title='bbox 2961 4067 3170 4123; x_wconf 86' lang='lat' dir='ltr'><strong>Domini</strong></span> <span class='ocrx_word' id='word_1_545' title='bbox 3219 4065 3388 4120; x_wconf 89' lang='lat' dir='ltr'><strong>nostri</strong></span> <span class='ocrx_word' id='word_1_546' title='bbox 3431 4063 3560 4119; x_wconf 83' lang='lat' dir='ltr'><strong>Jesu</strong></span> 
     </span>
    </p>
   </div>
   <div class='ocr_carea' id='block_1_85' title="bbox 1985 4153 3563 4232">
    <p class='ocr_par' dir='ltr' id='par_1_85' title="bbox 1985 4153 3563 4232">
     <span class='ocr_line' id='line_1_85' title="bbox 1985 4153 3563 4232; baseline -0.016 -1"><span class='ocrx_word' id='word_1_547' title='bbox 1985 4173 2186 4231; x_wconf 82' lang='lat' dir='ltr'><strong>Christi</strong></span> <span class='ocrx_word' id='word_1_548' title='bbox 2213 4161 2634 4230; x_wconf 36' lang='lat' dir='ltr'><strong>exsistentes.&#39;et</strong></span> <span class='ocrx_word' id='word_1_549' title='bbox 2664 4173 2824 4232; x_wconf 88' lang='lat' dir='ltr'><strong>caput</strong></span> <span class='ocrx_word' id='word_1_550' title='bbox 2854 4160 3110 4216; x_wconf 77' lang='lat' dir='ltr'><strong>Ecclesiae</strong></span> <span class='ocrx_word' id='word_1_551' title='bbox 3155 4155 3396 4224; x_wconf 79' lang='lat' dir='ltr'><strong>corporis</strong></span> <span class='ocrx_word' id='word_1_552' title='bbox 3445 4153 3563 4208; x_wconf 75' lang='lat' dir='ltr'><strong>exi-</strong></span> 
     </span>
    </p>
   </div>
   <div class='ocr_carea' id='block_1_86' title="bbox 1986 4246 3562 4329">
    <p class='ocr_par' dir='ltr' id='par_1_86' title="bbox 1986 4246 3562 4329">
     <span class='ocr_line' id='line_1_86' title="bbox 1986 4246 3562 4329; baseline -0.014 -8"><span class='ocrx_word' id='word_1_553' title='bbox 1986 4263 2212 4329; x_wconf 84' lang='lat' dir='ltr'><strong>stimati,</strong></span> <span class='ocrx_word' id='word_1_554' title='bbox 2249 4260 2452 4328; x_wconf 84' lang='lat' dir='ltr'><strong>majore</strong></span> <span class='ocrx_word' id='word_1_555' title='bbox 2481 4258 2644 4313; x_wconf 90' lang='lat' dir='ltr'><strong>etiam</strong></span> <span class='ocrx_word' id='word_1_556' title='bbox 2698 4264 2824 4309; x_wconf 92' lang='lat' dir='ltr'><strong>sunt</strong></span> <span class='ocrx_word' id='word_1_557' title='bbox 2869 4255 3072 4306; x_wconf 87' lang='lat' dir='ltr'><strong>honore</strong></span> <span class='ocrx_word' id='word_1_558' title='bbox 3115 4247 3279 4316; x_wconf 82' lang='lat' dir='ltr'><strong>digni.</strong></span> <span class='ocrx_word' id='word_1_559' title='bbox 3317 4246 3562 4316; x_wconf 84' lang='lat' dir='ltr'><strong>Quapro-</strong></span> 
     </span>
    </p>
   </div>
   <div class='ocr_carea' id='block_1_87' title="bbox 311 4333 1872 4457">
    <p class='ocr_par' dir='ltr' id='par_1_87' title="bbox 311 4333 1872 4457">
     <span class='ocr_line' id='line_1_87' title="bbox 311 4333 1872 4457; baseline 0.012 -55"><span class='ocrx_word' id='word_1_560' title='bbox 311 4349 416 4419; x_wconf 81' lang='grc' dir='ltr'><strong>μῆς</strong></span> <span class='ocrx_word' id='word_1_561' title='bbox 441 4353 581 4457; x_wconf 54' lang='grc' dir='ltr'>εἰσιν</span> <span class='ocrx_word' id='word_1_562' title='bbox 616 4351 782 4416; x_wconf 82' lang='grc' dir='ltr'>ἄξιοι.</span> <span class='ocrx_word' id='word_1_563' title='bbox 821 4355 914 4407; x_wconf 74' lang='grc' dir='ltr'>Διὸ</span> <span class='ocrx_word' id='word_1_564' title='bbox 941 4355 1032 4408; x_wconf 78' lang='grc' dir='ltr'><strong>καὶ</strong></span> <span class='ocrx_word' id='word_1_565' title='bbox 1055 4357 1083 4409; x_wconf 83' lang='grc' dir='ltr'>ὁ</span> <span class='ocrx_word' id='word_1_566' title='bbox 1111 4333 1406 4431; x_wconf 75' lang='grc' dir='ltr'>ἐνυϐρίσας</span> <span class='ocrx_word' id='word_1_567' title='bbox 1449 4363 1634 4428; x_wconf 86' lang='grc' dir='ltr'>αὐτοῖς</span> <span class='ocrx_word' id='word_1_568' title='bbox 1687 4333 1872 4422; x_wconf 73' lang='grc' dir='ltr'>καθαι-</span> 
     </span>
    </p>
   </div>
   <div class='ocr_carea' id='block_1_88' title="bbox 1976 4333 3562 4457">
    <p class='ocr_par' dir='ltr' id='par_1_88' title="bbox 1988 4333 3562 4430">
     <span class='ocr_line' id='line_1_88' title="bbox 1988 4333 3562 4430; baseline -0.015 -16"><span class='ocrx_word' id='word_1_569' title='bbox 1988 4366 2124 4430; x_wconf 87' lang='lat' dir='ltr'><strong>pter,</strong></span> <span class='ocrx_word' id='word_1_570' title='bbox 2163 4356 2254 4426; x_wconf 89' lang='lat' dir='ltr'><strong>qui</strong></span> <span class='ocrx_word' id='word_1_571' title='bbox 2279 4353 2487 4423; x_wconf 88' lang='lat' dir='ltr'><strong>aliquid</strong></span> <span class='ocrx_word' id='word_1_572' title='bbox 2516 4352 2569 4405; x_wconf 83' lang='lat' dir='ltr'><strong>in</strong></span> <span class='ocrx_word' id='word_1_573' title='bbox 2605 4350 2704 4404; x_wconf 86' lang='lat' dir='ltr'><strong>hos</strong></span> <span class='ocrx_word' id='word_1_574' title='bbox 2734 4347 2844 4418; x_wconf 75' lang='lat' dir='ltr'><strong>agit</strong></span> <span class='ocrx_word' id='word_1_575' title='bbox 2877 4341 3288 4406; x_wconf 88' lang='lat' dir='ltr'><strong>contumeliose,</strong></span> <span class='ocrx_word' id='word_1_576' title='bbox 3333 4333 3562 4407; x_wconf 87' lang='lat' dir='ltr'><strong>deponi-</strong></span> 
     </span>
    </p>
   </div>
   <div class='ocr_carea' id='block_1_89' title="bbox 311 4443 1883 4527">
    <p class='ocr_par' dir='ltr' id='par_1_89' title="bbox 311 4443 1883 4527">
     <span class='ocr_line' id='line_1_89' title="bbox 311 4443 1883 4527; baseline 0.012 -34"><span class='ocrx_word' id='word_1_577' title='bbox 311 4444 507 4512; x_wconf 79' lang='grc' dir='ltr'>ρεῐται.</span> <span class='ocrx_word' id='word_1_578' title='bbox 540 4443 606 4496; x_wconf 85' lang='lat' dir='ltr'><strong>0i</strong></span> <span class='ocrx_word' id='word_1_579' title='bbox 629 4444 687 4496; x_wconf 81' lang='grc' dir='ltr'>δὲ</span> <span class='ocrx_word' id='word_1_580' title='bbox 710 4447 1079 4518; x_wconf 86' lang='grc' dir='ltr'>πρεσϐύτεροι</span> <span class='ocrx_word' id='word_1_581' title='bbox 1108 4450 1203 4504; x_wconf 80' lang='grc' dir='ltr'><strong>καὶ</strong></span> <span class='ocrx_word' id='word_1_582' title='bbox 1253 4450 1492 4506; x_wconf 84' lang='grc' dir='ltr'>διάκονοι</span> <span class='ocrx_word' id='word_1_583' title='bbox 1546 4455 1744 4527; x_wconf 85' lang='grc' dir='ltr'>χειρῶν</span> <span class='ocrx_word' id='word_1_584' title='bbox 1776 4457 1883 4512; x_wconf 84' lang='grc' dir='ltr'><strong>σώ-</strong></span> 
     </span>
    </p>
   </div>
   <div class='ocr_carea' id='block_1_90' title="bbox 309 4532 1884 4617">
    <p class='ocr_par' dir='ltr' id='par_1_90' title="bbox 309 4532 1884 4617">
     <span class='ocr_line' id='line_1_90' title="bbox 309 4532 1884 4617; baseline 0.012 -33"><span class='ocrx_word' id='word_1_585' title='bbox 309 4532 495 4598; x_wconf 79' lang='grc' dir='ltr'>ζοντες</span> <span class='ocrx_word' id='word_1_586' title='bbox 534 4536 732 4602; x_wconf 84' lang='grc' dir='ltr'>τύπον,</span> <span class='ocrx_word' id='word_1_587' title='bbox 781 4537 858 4600; x_wconf 84' lang='grc' dir='ltr'><strong>ὡς</strong></span> <span class='ocrx_word' id='word_1_588' title='bbox 910 4537 978 4592; x_wconf 87' lang='grc' dir='ltr'><strong>δι’</strong></span> <span class='ocrx_word' id='word_1_589' title='bbox 1023 4540 1204 4595; x_wconf 83' lang='grc' dir='ltr'>αὐτῶν</span> <span class='ocrx_word' id='word_1_590' title='bbox 1261 4542 1361 4607; x_wconf 84' lang='grc' dir='ltr'>τὰς</span> <span class='ocrx_word' id='word_1_591' title='bbox 1422 4545 1884 4617; x_wconf 84' lang='grc' dir='ltr'>ἐκκλησιαστικὰς</span> 
     </span>
    </p>
   </div>
   <div class='ocr_carea' id='block_1_91' title="bbox 308 4623 1885 4710">
    <p class='ocr_par' dir='ltr' id='par_1_91' title="bbox 308 4623 1885 4710">
     <span class='ocr_line' id='line_1_91' title="bbox 308 4623 1885 4710; baseline 0.013 -35"><span class='ocrx_word' id='word_1_592' title='bbox 308 4623 611 4696; x_wconf 80' lang='grc' dir='ltr'>διοικήσεις</span> <span class='ocrx_word' id='word_1_593' title='bbox 671 4627 1024 4698; x_wconf 78' lang='grc' dir='ltr'>ἐνεργοῦντος</span> <span class='ocrx_word' id='word_1_594' title='bbox 1078 4631 1173 4686; x_wconf 85' lang='grc' dir='ltr'>τοῦ</span> <span class='ocrx_word' id='word_1_595' title='bbox 1229 4635 1568 4705; x_wconf 82' lang='grc' dir='ltr'>ἐπισκόπου,</span> <span class='ocrx_word' id='word_1_596' title='bbox 1621 4641 1885 4710; x_wconf 81' lang='grc' dir='ltr'>τιμᾶσθαι</span> 
     </span>
    </p>
   </div>
   <div class='ocr_carea' id='block_1_92' title="bbox 311 4716 1885 4804">
    <p class='ocr_par' dir='ltr' id='par_1_92' title="bbox 311 4716 1885 4804">
     <span class='ocr_line' id='line_1_92' title="bbox 311 4716 1885 4804; baseline 0.013 -36"><span class='ocrx_word' id='word_1_597' title='bbox 311 4716 410 4784; x_wconf 83' lang='grc' dir='ltr'><strong>μὲν</strong></span> <span class='ocrx_word' id='word_1_598' title='bbox 440 4719 689 4771; x_wconf 76' lang='grc' dir='ltr'>κάκεῖνοι</span> <span class='ocrx_word' id='word_1_599' title='bbox 736 4718 901 4787; x_wconf 77' lang='grc' dir='ltr'>ἄξιοι,</span> <span class='ocrx_word' id='word_1_600' title='bbox 934 4723 1034 4794; x_wconf 84' lang='grc' dir='ltr'><strong>οὐχ</strong></span> <span class='ocrx_word' id='word_1_601' title='bbox 1061 4723 1136 4787; x_wconf 83' lang='grc' dir='ltr'><strong>ὡς</strong></span> <span class='ocrx_word' id='word_1_602' title='bbox 1177 4726 1205 4778; x_wconf 81' lang='grc' dir='ltr'><strong>δ</strong></span> <span class='ocrx_word' id='word_1_603' title='bbox 1237 4726 1535 4794; x_wconf 81' lang='grc' dir='ltr'>ἐπίσκοπος</span> <span class='ocrx_word' id='word_1_604' title='bbox 1580 4729 1658 4784; x_wconf 79' lang='grc' dir='ltr'><strong>δέ·</strong></span> <span class='ocrx_word' id='word_1_605' title='bbox 1688 4733 1749 4786; x_wconf 86' lang='grc' dir='ltr'>οὐ</span> <span class='ocrx_word' id='word_1_606' title='bbox 1782 4735 1885 4804; x_wconf 78' lang='grc' dir='ltr'><strong>γὰρ</strong></span> 
     </span>
    </p>
   </div>
   <div class='ocr_carea' id='block_1_93' title="bbox 311 4807 1883 4895">
    <p class='ocr_par' dir='ltr' id='par_1_93' title="bbox 311 4807 1883 4895">
     <span class='ocr_line' id='line_1_93' title="bbox 311 4807 1883 4895; baseline 0.015 -38"><span class='ocrx_word' id='word_1_607' title='bbox 311 4807 514 4876; x_wconf 77' lang='grc' dir='ltr'>ὁμοίως</span> <span class='ocrx_word' id='word_1_608' title='bbox 549 4810 651 4879; x_wconf 86' lang='grc' dir='ltr'>τῆς</span> <span class='ocrx_word' id='word_1_609' title='bbox 679 4811 928 4882; x_wconf 78' lang='grc' dir='ltr'>κεφαλῆς</span> <span class='ocrx_word' id='word_1_610' title='bbox 958 4815 1052 4869; x_wconf 70' lang='grc' dir='ltr'>καὶ</span> <span class='ocrx_word' id='word_1_611' title='bbox 1092 4816 1201 4870; x_wconf 82' lang='grc' dir='ltr'><strong>τῶν</strong></span> <span class='ocrx_word' id='word_1_612' title='bbox 1248 4820 1450 4888; x_wconf 85' lang='grc' dir='ltr'>χειρῶν</span> <span class='ocrx_word' id='word_1_613' title='bbox 1502 4823 1883 4895; x_wconf 62' lang='grc' dir='ltr'>ἐπιμελητέον</span> 
     </span>
    </p>
   </div>
   <div class='ocr_carea' id='block_1_94' title="bbox 310 4896 1886 4987">
    <p class='ocr_par' dir='ltr' id='par_1_94' title="bbox 310 4896 1886 4987">
     <span class='ocr_line' id='line_1_94' title="bbox 310 4896 1886 4987; baseline 0.014 -40"><span class='ocrx_word' id='word_1_614' title='bbox 310 4896 389 4987; x_wconf 74' lang='grc' dir='ltr'>διὸ</span> <span class='ocrx_word' id='word_1_615' title='bbox 418 4897 446 4949; x_wconf 80' lang='grc' dir='ltr'>ὀ</span> <span class='ocrx_word' id='word_1_616' title='bbox 476 4897 709 4969; x_wconf 82' lang='grc' dir='ltr'>ὑϐρίσας</span> <span class='ocrx_word' id='word_1_617' title='bbox 737 4902 936 4966; x_wconf 79' lang='grc' dir='ltr'>αὐτοὺς</span> <span class='ocrx_word' id='word_1_618' title='bbox 963 4898 1127 4977; x_wconf 83' lang='grc' dir='ltr'>ἦττον</span> <span class='ocrx_word' id='word_1_619' title='bbox 1150 4905 1460 4976; x_wconf 78' lang='grc' dir='ltr'>κολάζεται,</span> <span class='ocrx_word' id='word_1_620' title='bbox 1497 4912 1656 4982; x_wconf 83' lang='grc' dir='ltr'>μόνον</span> <span class='ocrx_word' id='word_1_621' title='bbox 1689 4915 1886 4987; x_wconf 79' lang='grc' dir='ltr'>ἀφορι-</span> 
     </span>
    </p>
   </div>
   <div class='ocr_carea' id='block_1_95' title="bbox 314 4985 552 5059">
    <p class='ocr_par' dir='ltr' id='par_1_95' title="bbox 314 4985 552 5059">
     <span class='ocr_line' id='line_1_95' title="bbox 314 4985 552 5059; baseline 0.021 -19"><span class='ocrx_word' id='word_1_622' title='bbox 314 4985 441 5059; x_wconf 77' lang='grc' dir='ltr'><strong>ζόμε</strong></span> <span class='ocrx_word' id='word_1_623' title='bbox 448 5007 552 5053; x_wconf 83' lang='grc' dir='ltr'>νος.</span> 
     </span>
    </p>
   </div>
   <div class='ocr_carea' id='block_1_96' title="bbox 901 5089 1305 5150">
    <p class='ocr_par' dir='ltr' id='par_1_96' title="bbox 901 5089 1305 5150">
     <span class='ocr_line' id='line_1_96' title="bbox 901 5089 1305 5150; baseline 0.015 -6"><span class='ocrx_word' id='word_1_624' title='bbox 901 5089 1144 5148; x_wconf 79' lang='grc' dir='ltr'><strong>ΚΑΝΩΝ</strong></span> <span class='ocrx_word' id='word_1_625' title='bbox 1177 5091 1305 5150; x_wconf 85' lang='lat' dir='ltr'><strong>NE&#39;.</strong></span> 
     </span>
    </p>
   </div>
   <div class='ocr_carea' id='block_1_97' title="bbox 315 5170 1890 5260">
    <p class='ocr_par' dir='ltr' id='par_1_97' title="bbox 315 5170 1890 5260">
     <span class='ocr_line' id='line_1_97' title="bbox 315 5170 1890 5260; baseline 0.016 -37"><span class='ocrx_word' id='word_1_626' title='bbox 315 5170 529 5229; x_wconf 86' lang='grc' dir='ltr'><strong>ΑΡΙΣΤ.</strong></span> <span class='ocrx_word' id='word_1_627' title='bbox 549 5173 814 5246; x_wconf 76' lang='grc' dir='ltr'>Ύόρίζων</span> <span class='ocrx_word' id='word_1_628' title='bbox 842 5180 1184 5238; x_wconf 79' lang='grc' dir='ltr'>ἐπίσκοπον</span> <span class='ocrx_word' id='word_1_629' title='bbox 1208 5181 1496 5257; x_wconf 59' lang='grc' dir='ltr'>κληρικός</span> <span class='ocrx_word' id='word_1_630' title='bbox 1511 5190 1890 5260; x_wconf 75' lang='grc' dir='ltr'>καθαιρεῒται.</span> 
     </span>
    </p>
   </div>
   <div class='ocr_carea' id='block_1_98' title="bbox 883 5357 1320 5431">
    <p class='ocr_par' dir='ltr' id='par_1_98' title="bbox 883 5357 1320 5431">
     <span class='ocr_line' id='line_1_98' title="bbox 883 5357 1320 5431; baseline 0.014 -21"><span class='ocrx_word' id='word_1_631' title='bbox 883 5357 1125 5414; x_wconf 82' lang='grc' dir='ltr'><strong>ΚΑΝΩΝ</strong></span> <span class='ocrx_word' id='word_1_632' title='bbox 1173 5359 1320 5431; x_wconf 78' lang='lat' dir='ltr'><strong>Nq&#39;.</strong></span> 
     </span>
    </p>
   </div>
   <div class='ocr_carea' id='block_1_99' title="bbox 367 5441 1810 5530">
    <p class='ocr_par' dir='ltr' id='par_1_99' title="bbox 367 5441 1810 5530">
     <span class='ocr_line' id='line_1_99' title="bbox 367 5441 1810 5530; baseline 0.016 -37"><span class='ocrx_word' id='word_1_633' title='bbox 367 5441 785 5512; x_wconf 75' lang='grc' dir='ltr'>Πρεσϐύτερον</span> <span class='ocrx_word' id='word_1_634' title='bbox 811 5446 850 5517; x_wconf 83' lang='grc' dir='ltr'><strong><em>ἣ</em></strong></span> <span class='ocrx_word' id='word_1_635' title='bbox 878 5447 1168 5508; x_wconf 77' lang='grc' dir='ltr'>διάκονον</span> <span class='ocrx_word' id='word_1_636' title='bbox 1188 5455 1440 5528; x_wconf 77' lang='grc' dir='ltr'>ὑϐρίζων</span> <span class='ocrx_word' id='word_1_637' title='bbox 1456 5456 1810 5530; x_wconf 72' lang='grc' dir='ltr'>ἀφορίζεται.</span> 
     </span>
    </p>
   </div>
   <div class='ocr_carea' id='block_1_100' title="bbox 389 5685 877 5753">
    <p class='ocr_par' dir='ltr' id='par_1_100' title="bbox 389 5685 877 5753">
     <span class='ocr_line' id='line_1_100' title="bbox 389 5685 877 5753; baseline 0.014 -11"><span class='ocrx_word' id='word_1_638' title='bbox 389 5685 432 5718; x_wconf 83' lang='grc'><strong>¹¹</strong></span> <span class='ocrx_word' id='word_1_639' title='bbox 467 5685 638 5744; x_wconf 86' lang='lat' dir='ltr'><strong>lCor.</strong></span> <span class='ocrx_word' id='word_1_640' title='bbox 666 5703 757 5753; x_wconf 78' lang='lat' dir='ltr'><strong>xv,</strong></span> <span class='ocrx_word' id='word_1_641' title='bbox 785 5691 877 5749; x_wconf 74' lang='lat'><strong>33.</strong></span> 
     </span>
    </p>
   </div>
   <div class='ocr_carea' id='block_1_101' title="bbox 1991 4436 3560 4516">
    <p class='ocr_par' dir='ltr' id='par_1_101' title="bbox 1991 4436 3560 4516">
     <span class='ocr_line' id='line_1_101' title="bbox 1991 4436 3560 4516; baseline -0.016 -10"><span class='ocrx_word' id='word_1_642' title='bbox 1991 4462 2100 4506; x_wconf 89' lang='lat' dir='ltr'><strong>tur.</strong></span> <span class='ocrx_word' id='word_1_643' title='bbox 2137 4443 2445 4516; x_wconf 78' lang='lat' dir='ltr'><strong>Presbyteri</strong></span> <span class='ocrx_word' id='word_1_644' title='bbox 2479 4456 2609 4495; x_wconf 87' lang='lat' dir='ltr'><strong>vero</strong></span> <span class='ocrx_word' id='word_1_645' title='bbox 2633 4481 2645 4503; x_wconf 86' lang='lat'><strong><em>.</em></strong></span> <span class='ocrx_word' id='word_1_646' title='bbox 2675 4449 2729 4496; x_wconf 90' lang='lat' dir='ltr'><strong>et</strong></span> <span class='ocrx_word' id='word_1_647' title='bbox 2794 4436 3006 4492; x_wconf 85' lang='lat' dir='ltr'><strong>diaconi</strong></span> <span class='ocrx_word' id='word_1_648' title='bbox 3056 4448 3314 4490; x_wconf 89' lang='lat' dir='ltr'><strong>manuum</strong></span> <span class='ocrx_word' id='word_1_649' title='bbox 3375 4441 3560 4501; x_wconf 86' lang='lat' dir='ltr'><strong>typum</strong></span> 
     </span>
    </p>
   </div>
   <div class='ocr_carea' id='block_1_102' title="bbox 1989 4519 3560 4612">
    <p class='ocr_par' dir='ltr' id='par_1_102' title="bbox 1989 4519 3560 4612">
     <span class='ocr_line' id='line_1_102' title="bbox 1989 4519 3560 4612; baseline -0.016 -15"><span class='ocrx_word' id='word_1_650' title='bbox 1989 4551 2240 4612; x_wconf 76' lang='lat' dir='ltr'><strong>gerentes</strong></span> <span class='ocrx_word' id='word_1_651' title='bbox 2267 4541 2387 4607; x_wconf 89' lang='lat' dir='ltr'><strong>(per</strong></span> <span class='ocrx_word' id='word_1_652' title='bbox 2415 4548 2575 4604; x_wconf 89' lang='lat' dir='ltr'><strong>quos,</strong></span> <span class='ocrx_word' id='word_1_653' title='bbox 2619 4539 2675 4586; x_wconf 89' lang='lat' dir='ltr'><strong>ut</strong></span> <span class='ocrx_word' id='word_1_654' title='bbox 2706 4546 2800 4601; x_wconf 89' lang='lat' dir='ltr'><strong>per</strong></span> <span class='ocrx_word' id='word_1_655' title='bbox 2826 4543 3031 4593; x_wconf 68' lang='lat' dir='ltr'><strong>nimius,</strong></span> <span class='ocrx_word' id='word_1_656' title='bbox 3059 4525 3350 4597; x_wconf 88' lang='lat' dir='ltr'><strong>episcopus</strong></span> <span class='ocrx_word' id='word_1_657' title='bbox 3384 4519 3560 4575; x_wconf 85' lang='lat' dir='ltr'><strong>admi-</strong></span> 
     </span>
    </p>
   </div>
   <div class='ocr_carea' id='block_1_103' title="bbox 1989 4610 3576 4700">
    <p class='ocr_par' dir='ltr' id='par_1_103' title="bbox 1989 4610 3576 4700">
     <span class='ocr_line' id='line_1_103' title="bbox 1989 4610 3576 4700; baseline -0.014 -13"><span class='ocrx_word' id='word_1_658' title='bbox 1989 4610 2346 4700; x_wconf 79' lang='lat' dir='ltr'><strong>nistrationes</strong></span> <span class='ocrx_word' id='word_1_659' title='bbox 2391 4635 2612 4681; x_wconf 79' lang='lat' dir='ltr'><strong>exercet</strong></span> <span class='ocrx_word' id='word_1_660' title='bbox 2666 4621 3066 4679; x_wconf 82' lang='lat' dir='ltr'><strong>ecclesiasticas</strong></span> <span class='ocrx_word' id='word_1_661' title='bbox 3102 4619 3121 4688; x_wconf 92' lang='lat'>)</span> <span class='ocrx_word' id='word_1_662' title='bbox 3157 4627 3212 4672; x_wconf 92' lang='lat' dir='ltr'><strong>et</strong></span> <span class='ocrx_word' id='word_1_663' title='bbox 3260 4616 3314 4670; x_wconf 91' lang='lat' dir='ltr'><strong>hi</strong></span> <span class='ocrx_word' id='word_1_664' title='bbox 3347 4610 3576 4682; x_wconf 78' lang='lat' dir='ltr'><strong>quidem.</strong></span> 
     </span>
    </p>
   </div>
   <div class='ocr_carea' id='block_1_104' title="bbox 1990 4708 3558 4792">
    <p class='ocr_par' dir='ltr' id='par_1_104' title="bbox 1990 4708 3558 4792">
     <span class='ocr_line' id='line_1_104' title="bbox 1990 4708 3558 4792; baseline -0.015 -13"><span class='ocrx_word' id='word_1_665' title='bbox 1990 4723 2135 4792; x_wconf 87' lang='lat' dir='ltr'><strong>digni</strong></span> <span class='ocrx_word' id='word_1_666' title='bbox 2185 4731 2312 4777; x_wconf 88' lang='lat' dir='ltr'><strong>sunt</strong></span> <span class='ocrx_word' id='word_1_667' title='bbox 2369 4717 2676 4774; x_wconf 88' lang='lat' dir='ltr'><strong>honorari:</strong></span> <span class='ocrx_word' id='word_1_668' title='bbox 2735 4729 2846 4769; x_wconf 91' lang='lat' dir='ltr'><strong>non</strong></span> <span class='ocrx_word' id='word_1_669' title='bbox 2912 4723 3090 4767; x_wconf 85' lang='lat' dir='ltr'><strong>tamen</strong></span> <span class='ocrx_word' id='word_1_670' title='bbox 3139 4720 3198 4765; x_wconf 87' lang='lat' dir='ltr'><strong>ut</strong></span> <span class='ocrx_word' id='word_1_671' title='bbox 3236 4708 3558 4776; x_wconf 86' lang='lat' dir='ltr'><strong>episcopus:</strong></span> 
     </span>
    </p>
   </div>
   <div class='ocr_carea' id='block_1_105' title="bbox 1989 4796 3563 4879">
    <p class='ocr_par' dir='ltr' id='par_1_105' title="bbox 1989 4796 3563 4879">
     <span class='ocr_line' id='line_1_105' title="bbox 1989 4796 3563 4879; baseline -0.017 -7"><span class='ocrx_word' id='word_1_672' title='bbox 1989 4831 2091 4873; x_wconf 90' lang='lat' dir='ltr'><strong>nec</strong></span> <span class='ocrx_word' id='word_1_673' title='bbox 2113 4815 2256 4869; x_wconf 90' lang='lat' dir='ltr'><strong>enim</strong></span> <span class='ocrx_word' id='word_1_674' title='bbox 2299 4812 2511 4879; x_wconf 87' lang='lat' dir='ltr'><strong>capitis,</strong></span> <span class='ocrx_word' id='word_1_675' title='bbox 2567 4819 2619 4863; x_wconf 88' lang='lat' dir='ltr'><strong>et</strong></span> <span class='ocrx_word' id='word_1_676' title='bbox 2645 4822 2900 4861; x_wconf 88' lang='lat' dir='ltr'><strong>manuum</strong></span> <span class='ocrx_word' id='word_1_677' title='bbox 2959 4817 3088 4858; x_wconf 85' lang='lat' dir='ltr'><strong>cura</strong></span> <span class='ocrx_word' id='word_1_678' title='bbox 3149 4799 3400 4856; x_wconf 82' lang='lat' dir='ltr'><strong>similiter</strong></span> <span class='ocrx_word' id='word_1_679' title='bbox 3463 4796 3563 4848; x_wconf 84' lang='lat' dir='ltr'><strong>ha-</strong></span> 
     </span>
    </p>
   </div>
   <div class='ocr_carea' id='block_1_106' title="bbox 1989 4883 3560 4970">
    <p class='ocr_par' dir='ltr' id='par_1_106' title="bbox 1989 4883 3560 4970">
     <span class='ocr_line' id='line_1_106' title="bbox 1989 4883 3560 4970; baseline -0.02 -6"><span class='ocrx_word' id='word_1_680' title='bbox 1989 4907 2165 4964; x_wconf 86' lang='lat' dir='ltr'><strong>benda</strong></span> <span class='ocrx_word' id='word_1_681' title='bbox 2197 4912 2297 4959; x_wconf 88' lang='lat' dir='ltr'><strong>est.</strong></span> <span class='ocrx_word' id='word_1_682' title='bbox 2322 4903 2663 4970; x_wconf 82' lang='lat' dir='ltr'><strong>Quapmpter</strong></span> <span class='ocrx_word' id='word_1_683' title='bbox 2687 4896 2779 4968; x_wconf 87' lang='lat' dir='ltr'><strong>qui</strong></span> <span class='ocrx_word' id='word_1_684' title='bbox 2811 4891 3237 4952; x_wconf 88' lang='lat' dir='ltr'><strong>contumeliosus</strong></span> <span class='ocrx_word' id='word_1_685' title='bbox 3271 4887 3356 4940; x_wconf 88' lang='lat' dir='ltr'><strong>his</strong></span> <span class='ocrx_word' id='word_1_686' title='bbox 3377 4883 3560 4946; x_wconf 69' lang='lat' dir='ltr'><strong>interit,</strong></span> 
     </span>
    </p>
   </div>
   <div class='ocr_carea' id='block_1_107' title="bbox 1994 4982 3564 5068">
    <p class='ocr_par' dir='ltr' id='par_1_107' title="bbox 1994 4982 3564 5068">
     <span class='ocr_line' id='line_1_107' title="bbox 1994 4982 3564 5068; baseline -0.017 -13"><span class='ocrx_word' id='word_1_687' title='bbox 1994 4999 2174 5055; x_wconf 85' lang='lat' dir='ltr'><strong>minus</strong></span> <span class='ocrx_word' id='word_1_688' title='bbox 2195 4997 2432 5068; x_wconf 88' lang='lat' dir='ltr'><strong>punitur,</strong></span> <span class='ocrx_word' id='word_1_689' title='bbox 2455 4994 2522 5048; x_wconf 81' lang='lat' dir='ltr'><strong>ab</strong></span> <span class='ocrx_word' id='word_1_690' title='bbox 2540 4993 2765 5047; x_wconf 89' lang='lat' dir='ltr'><strong>aliorum</strong></span> <span class='ocrx_word' id='word_1_691' title='bbox 2786 4995 3050 5044; x_wconf 83' lang='lat' dir='ltr'><strong>conventu</strong></span> <span class='ocrx_word' id='word_1_692' title='bbox 3068 4982 3239 5038; x_wconf 88' lang='lat' dir='ltr'><strong>solum</strong></span> <span class='ocrx_word' id='word_1_693' title='bbox 3259 4983 3564 5047; x_wconf 83' lang='lat' dir='ltr'><strong>separatus.</strong></span> 
     </span>
    </p>
   </div>
   <div class='ocr_carea' id='block_1_108' title="bbox 2591 5078 2950 5137">
    <p class='ocr_par' dir='ltr' id='par_1_108' title="bbox 2591 5078 2950 5137">
     <span class='ocr_line' id='line_1_108' title="bbox 2591 5078 2950 5137; baseline -0.017 0"><span class='ocrx_word' id='word_1_694' title='bbox 2591 5079 2815 5137; x_wconf 72' lang='lat' dir='ltr'><strong>CANON</strong></span> <span class='ocrx_word' id='word_1_695' title='bbox 2844 5078 2950 5134; x_wconf 88' lang='lat' dir='ltr'><strong>LV.</strong></span> 
     </span>
    </p>
   </div>
   <div class='ocr_carea' id='block_1_109' title="bbox 1995 5156 3564 5246">
    <p class='ocr_par' dir='ltr' id='par_1_109' title="bbox 1995 5156 3564 5246">
     <span class='ocr_line' id='line_1_109' title="bbox 1995 5156 3564 5246; baseline -0.02 -8"><span class='ocrx_word' id='word_1_696' title='bbox 1995 5177 2219 5238; x_wconf 76' lang='lat' dir='ltr'><strong>ABlST.</strong></span> <span class='ocrx_word' id='word_1_697' title='bbox 2239 5176 2471 5234; x_wconf 79' lang='lat' dir='ltr'><strong>Clericus</strong></span> <span class='ocrx_word' id='word_1_698' title='bbox 2491 5176 2786 5246; x_wconf 72' lang='lat' dir='ltr'><strong>episcopum</strong></span> <span class='ocrx_word' id='word_1_699' title='bbox 2815 5167 3128 5224; x_wconf 79' lang='lat' dir='ltr'><strong>contumelia</strong></span> <span class='ocrx_word' id='word_1_700' title='bbox 3152 5161 3372 5233; x_wconf 65' lang='lat' dir='ltr'><strong>aﬂicieus</strong></span> <span class='ocrx_word' id='word_1_701' title='bbox 3408 5156 3564 5224; x_wconf 66' lang='lat' dir='ltr'><strong>deuo-—</strong></span> 
     </span>
    </p>
   </div>
   <div class='ocr_carea' id='block_1_110' title="bbox 2689 5265 3104 5318">
    <p class='ocr_par' dir='ltr' id='par_1_110' title="bbox 2689 5265 3104 5318">
     <span class='ocr_line' id='line_1_110' title="bbox 2689 5265 3104 5318; baseline -0.005 0"><span class='ocrx_word' id='word_1_702' title='bbox 2689 5265 2854 5318; x_wconf 87' lang='lat' dir='ltr'><strong>nitur.</strong></span> <span class='ocrx_word' id='word_1_703' title='bbox 3101 5265 3104 5267; x_wconf 60' lang='grc'>“</span> 
     </span>
    </p>
   </div>
   <div class='ocr_carea' id='block_1_111' title="bbox 2567 5350 2969 5425">
    <p class='ocr_par' dir='ltr' id='par_1_111' title="bbox 2567 5350 2969 5425">
     <span class='ocr_line' id='line_1_111' title="bbox 2567 5350 2969 5425; baseline -0.017 -13"><span class='ocrx_word' id='word_1_704' title='bbox 2567 5353 2794 5413; x_wconf 83' lang='lat' dir='ltr'><strong>CANON</strong></span> <span class='ocrx_word' id='word_1_705' title='bbox 2835 5350 2969 5425; x_wconf 82' lang='lat' dir='ltr'><strong>Lvl.</strong></span> 
     </span>
    </p>
   </div>
   <div class='ocr_carea' id='block_1_112' title="bbox 1991 5442 3562 5530">
    <p class='ocr_par' dir='ltr' id='par_1_112' title="bbox 1991 5442 3562 5530">
     <span class='ocr_line' id='line_1_112' title="bbox 1991 5442 3562 5530; baseline -0.018 -13"><span class='ocrx_word' id='word_1_706' title='bbox 1991 5458 2362 5530; x_wconf 75' lang='lat' dir='ltr'><strong>Presbyterum</strong></span> <span class='ocrx_word' id='word_1_707' title='bbox 2411 5453 2488 5512; x_wconf 77' lang='lat' dir='ltr'><strong>vel</strong></span> <span class='ocrx_word' id='word_1_708' title='bbox 2521 5453 2796 5506; x_wconf 84' lang='lat' dir='ltr'><strong>diaconum</strong></span> <span class='ocrx_word' id='word_1_709' title='bbox 2824 5442 3140 5502; x_wconf 78' lang='lat' dir='ltr'><strong>contumelia</strong></span> <span class='ocrx_word' id='word_1_710' title='bbox 3177 5442 3404 5515; x_wconf 62' lang='lat' dir='ltr'><strong>alliciens</strong></span> <span class='ocrx_word' id='word_1_711' title='bbox 3473 5451 3562 5491; x_wconf 69' lang='grc' dir='ltr'>επ-</span> 
     </span>
    </p>
   </div>
   <div class='ocr_carea' id='block_1_113' title="bbox 2321 5538 3240 5623">
    <p class='ocr_par' dir='ltr' id='par_1_113' title="bbox 2321 5538 3240 5623">
     <span class='ocr_line' id='line_1_113' title="bbox 2321 5538 3240 5623; baseline -0.009 -24"><span class='ocrx_word' id='word_1_712' title='bbox 2321 5549 2326 5554; x_wconf 87' lang='grc'><em>’</em></span> <span class='ocrx_word' id='word_1_713' title='bbox 2560 5539 2992 5623; x_wconf 79' lang='lat' dir='ltr'><strong>communicatur.</strong></span> <span class='ocrx_word' id='word_1_714' title='bbox 3109 5545 3114 5548; x_wconf 85' lang='lat'>&#39;</span> <span class='ocrx_word' id='word_1_715' title='bbox 3234 5538 3240 5546; x_wconf 86' lang='lat'>&#39;</span> 
     </span>
    </p>
   </div>
  </div>
