4108 6200
543 320 646 388 171

1783 322 2063 382 THEOD.
2108 324 2513 384 BALSAMON
3689 330 3793 394 17?.

543 452 662 509 pter
696 439 905 494 Domini
937 448 990 494 et
1022 437 1329 493 Servatoris
1354 437 1520 490 nostri
1552 433 1678 490 Iesu
1711 435 1910 491 Christi
1938 476 1953 498 ,
1992 450 2085 504 qua

2212 436 2300 490 διὰ
2331 437 2428 508 τὴν
2459 439 2552 491 τοῦ
2582 442 2789 510 Κυρίου
2824 443 2917 495 καὶ
2948 444 3201 514 Σωτῆρος
3230 446 3389 516 ἡμῶν
3433 445 3611 514 Ἰησυῦ
3653 448 3794 516 Χρι-

541 541 624 583 est
651 529 704 584 iu
759 529 1013 583 universo
1061 526 1303 586 mundo,
1362 523 1596 578 lretitiam
1653 533 1703 577 ct
1760 522 2110 578 resurrectio.

548 635 669 674 nem
704 635 720 672 :
755 630 805 672 et
841 617 1095 686 qutmiam
1124 615 1255 668 illud
1293 615 1505 682 quidem
1539 613 1722 666 mundi
1777 612 1978 678 Opilicii
2028 620 2113 664 est

1108 705 1219 757 ltmc
1305 717 1437 755 vero
1509 702 1942 760 resurrectionis,
2029 699 2112 754 vel

538 705 984 760 commemoratio
1014 744 1028 766 ,

486 812 488 814 '
541 799 716 866 potius
773 794 1188 848 reformationis.
1240 792 1354 847 Uno
1397 803 1573 846 autem
1626 806 1820 861 magno
1851 789 2107 856 Sabbato,

535 901 642 955 quo
673 884 882 937 Domini
922 899 1118 952 corpus
1151 885 1400 936 exanime
1458 883 1510 935 in
1559 883 1804 950 sepulcro
1848 880 2106 948 jacebat,

534 976 778 1046 jcjunare
807 975 941 1042 jussi
974 989 1197 1028 smnus:
1230 975 1380 1042 juxta
1437 987 1620 1026 vocem
1678 971 1886 1026 Domini
1922 971 2107 1026 dicen-

537 1080 665 1132 tem,
700 1065 910 1136 quando
947 1065 1158 1118 ablatus
1197 1068 1258 1117 ab
1289 1069 1361 1119 eis
1399 1067 1556 1135 fuerit
1589 1081 1834 1132 sponsus,
1864 1072 1992 1118 tunc
2019 1065 2107 1133 je-

533 1160 827 1228 junabunt.
871 1158 970 1223 Qui
997 1173 1124 1228 ergo
1155 1168 1350 1226 praeter
1378 1158 1489 1210 lucc
1527 1158 1676 1222 facit,
1709 1157 1752 1210 si
1784 1166 1864 1211 est
1888 1155 2102 1226 quidem

532 1255 784 1320 clericus,
818 1254 1117 1322 deponatur
1147 1269 1163 1307 :
1203 1257 1286 1305 sin
1319 1263 1495 1305 autem
1545 1251 1736 1316 laicus,
1769 1257 2102 1320 segregetur.

533 1347 730 1416 Excipe
755 1356 934 1400 autem
969 1346 1096 1398 mihi
1131 1345 1341 1397 divinos
1373 1345 1577 1406 Patres,
1614 1345 1703 1413 qui
1758 1351 1977 1412 propter
2007 1357 2102 1396 ex-

531 1439 902 1492 ercitationem
946 1450 1326 1504 nonnunquam
1380 1433 1624 1502 jejunant
1658 1433 1817 1488 etiam
1862 1435 1944 1486 his
1991 1432 2105 1485 die-

533 1531 631 1583 hus
666 1546 679 1580 :
712 1528 761 1582 hi
795 1529 937 1581 enim
968 1542 1073 1580 non
1133 1523 1656 1579 condemnalmutnr.
1705 1522 1893 1588 Quaere
1938 1522 2098 1576 etiam

536 1629 846 1672 sanctorum
885 1616 1253 1686 apostolorum
1284 1630 1401 1668 can.
1441 1614 1499 1668 51
1531 1623 1583 1666 et
1625 1613 1712 1668 55.

599 1707 847 1764 ZONAR.
902 1707 1049 1760 Bona
1101 1705 1315 1776 quidem
1366 1719 1449 1758 res
1495 1715 1576 1758 est
1613 1703 1897 1772 jejunium.
1953 1702 2099 1758 Belia

530 1817 653 1856 vero
687 1804 819 1856 liene
849 1802 1002 1854 liaut.
1035 1799 1089 1852 Si
1122 1799 1242 1868 quis
1276 1809 1453 1852 autem
1500 1796 1809 1852 sanctiones
1841 1796 2097 1866 apostoli-

517 1911 642 1957 cas,
670 1905 760 1947 aut
787 1901 1095 1947 sanctorum
1147 1891 1365 1945 Patrum
1399 1890 1800 1960 transgrediens
1849 1889 2056 1959 jejunet
2078 1929 2093 1952 ,

515 1987 730 2046 uaudiet,
762 1985 900 2052 quod
936 1984 1134 2037 bonum
1159 1984 1228 2036 sit
1267 1997 1372 2036 non
1399 1982 1595 2037 bonum
1622 2021 1638 2044 .
1682 1995 1747 2035 eo
1795 1981 1936 2050 quod
1989 1995 2093 2034 non

524 2077 658 2128 liene
687 2073 798 2128 ﬁat.
833 2075 966 2128 Cum
1004 2080 1204 2127 statuat
1243 2071 1408 2142 igitur
1437 2088 1607 2127 canon
1650 2073 1701 2126 in
1740 2070 1978 2126 Sabbato
2010 2071 2094 2126 vel

513 2165 799 2219 ‘Domiuica
830 2180 933 2218 non
983 2179 1105 2218 esse
1153 2164 1546 2233 jejunandum,
1589 2164 1822 2218 clericus
1875 2163 2090 2233 quidem

509 2258 769 2325 jejuuans
801 2256 1150 2324 depositionis
1188 2271 1360 2325 pceua:
1393 2256 1658 2310 obnoxius
1680 2265 1782 2320 est,
1815 2266 1867 2309 et
1903 2255 2088 2319 laicus,

522 2348 1114 2402 exconnnunicationis.
1168 2347 1280 2400 Nisi
1337 2361 1434 2416 per
1483 2348 1598 2401 dies
1653 2357 1831 2401 certos
1886 2346 2093 2416 jejunet

520 2439 734 2504 aliquis,
763 2453 860 2505 per
889 2439 1068 2492 decem
1095 2437 1278 2506 (verbi
1314 2439 1522 2508 gratia)
1569 2438 1647 2493 vel
1680 2449 1801 2492 octo
1847 2439 2090 2493 exercitii

503 2545 682 2584 causa
715 2530 890 2600 (sicut
918 2538 1043 2583 ante
1095 2531 1201 2598 jam
1234 2530 1330 2583 luit
1379 2530 1617 2588 dictum)
1663 2530 1875 2598 illisque
1913 2532 2090 2586 deter-

522 2618 738 2672 minatis
761 2618 952 2687 jejunii
989 2619 1178 2674 diebus
1206 2620 1444 2674 incidant
1469 2630 1521 2672 et
1565 2619 1800 2675 Sabbata
1827 2661 1842 2686 ,
1877 2632 1929 2676 et
1987 2622 2089 2676 Do-

517 2710 703 2764 tniuici
731 2709 866 2766 dies.
899 2708 1050 2775 Quod
1080 2718 1135 2763 et
1166 2710 1315 2763 multi
1383 2719 1690 2766 sanctorum
1745 2711 1962 2766 Patrum
2007 2713 2085 2768 fe-

515 2802 662 2856 cisse
688 2801 1112 2870 comperiuntur,
1148 2803 1211 2854 ad
1245 2802 1714 2873 quadragesimum
1742 2819 1914 2874 usque
1946 2806 2082 2861 diem

518 2893 839 2962 jejunantes.

588 2982 817 3039 ABIST.
844 2983 946 3049 Qui
977 2986 1253 3040 Dominica
1308 2997 1399 3040 aut
1446 2986 1674 3042 Sabbato
1716 2990 1936 3058 ieiunat,
1990 3008 2082 3044 ex-

1024 3088 1168 3146 cepto
1198 3095 1320 3145 uno,
1352 3079 1586 3147 ejicitur.

585 3167 888 3236 'Deponitur
917 3169 1008 3237 qui
1038 3180 1232 3237 praeter
1263 3186 1512 3241 magnum
1566 3171 1857 3225 Sahhatutn
1888 3213 1904 3237 ,
1937 3172 2081 3227 aliud

523 3256 816 3310 Sabbatum
847 3268 932 3312 aut
966 3257 1294 3314 Dominicam
1324 3261 1550 3332 jejunat.
1603 3261 1659 3316 Si
1707 3270 1884 3316 autem
1913 3263 2083 3318 laicus

515 3357 598 3402 est
629 3348 769 3415 talis,
799 3353 1316 3407 excommunicatur.

1077 3442 1306 3497 CANON
1348 3443 1552 3500 LXVII.

514 3533 570 3585 Si
600 3535 713 3603 quis
739 3535 980 3603 virginem
1013 3549 1115 3588 non
1145 3536 1452 3602 desponsam
1497 3538 1542 3589 vi
1589 3537 1757 3592 allata
1789 3539 1966 3604 habet,
1993 3555 2080 3593 se-

585 3633 826 3690 gregetur
856 3639 873 3676 :
903 3623 953 3676 ei
979 3635 1153 3678 autem
1185 3625 1347 3677 aliam
1367 3627 1596 3695 accipere
1628 3645 1732 3683 non
1763 3629 1918 3684 liceat
1947 3647 1965 3684 :
1988 3633 2079 3686 sed

585 3714 730 3767 illum
763 3713 982 3768 retinere
1006 3733 1160 3784 quam
1201 3717 1353 3786 elegit
1379 3720 1588 3773 etiamsi
1623 3735 1822 3790 pauper
1845 3724 1936 3777 sit.

581 3889 776 3945 BALS.
812 3890 907 3945 lhc
937 3906 1172 3960 przesens
1197 3907 1369 3947 canon
1406 3896 1673 3966 segregari
1703 3899 1832 3952 dicit
1858 3938 1873 3962 ,
1919 3914 2039 3953 eum
2061 3942 2077 3967 ,

515 3981 602 4048 qui
634 3995 738 4044 non
771 3981 1090 4051 desponsam
1115 3982 1272 4036 alicui
1306 3985 1457 4039 alteri
1488 3987 1748 4056 virginem
1777 3991 2076 4058 violaverit,

509 4085 563 4126 ct
599 4073 715 4141 cogi
749 4088 868 4128 cum
904 4089 965 4129 ea
995 4075 1257 4142 habitare,
1287 4079 1549 4146 'quamvis
1600 4095 1804 4151 pauper
1860 4085 1929 4138 sit
1960 4123 1974 4145 ,
2026 4096 2080 4140 et

512 4180 709 4232 genere
743 4165 885 4221 illius
913 4166 1151 4236 indigna,
1190 4183 1362 4238 neque
1391 4169 1459 4224 ab
1513 4171 1598 4225 illa
1652 4173 1882 4245 sejungi,
1922 4185 2079 4244 atque

509 4256 733 4311 alteram
765 4272 999 4313 sumere.
1025 4261 1199 4328 Atque
1234 4261 1346 4315 haec
1366 4262 1579 4330 quidem
1609 4263 1710 4319 hoc
1731 4281 1933 4324 canone
1954 4281 2082 4322 san-

510 4351 614 4401 cita
645 4361 770 4403 sunt
799 4366 812 4402 :
857 4366 979 4403 nam
1016 4351 1104 4417 qui
1146 4352 1426 4418 desponsae
1454 4355 1559 4407 vim
1589 4357 1784 4421 attulit,
1817 4369 1875 4412 ut
1914 4361 2072 4413 adul-

2217 530 2341 581 στοῦ
2403 532 2749 602 παγκόσμιον
2796 536 2973 604 χαράν
3014 538 3108 590 καὶ
3142 538 3460 591 ἀνάστασινο
3495 542 3590 593 καὶ
3630 540 3795 593 ὅτιτὸ

2217 619 2314 686 μὲν
2339 619 2702 688 δημιουργίας
2761 623 2874 693 (93)
2907 625 3056 675 ἐστὶν
3117 625 3446 695 ὑπόμνησις,
3497 628 3526 697 ἡ
3558 628 3616 679 δὲ
3655 628 3792 680 ἀνα-

2215 709 2478 775 στάσεως,
2541 712 2737 780 μᾶλ).ον
2791 714 2846 765 δὲ
2886 715 3260 776 άναπλάσεως.
3317 718 3471 769 Κατὰ
3535 719 3590 771 δὲ
3630 720 3793 787 μόνον

2211 799 2271 850 τὸ
2307 801 2447 868 μέγα
2475 802 2772 870 Σάϐϐατον,
2806 805 2927 858 καθ’
2962 806 2989 857 ὃ
3023 808 3082 857 τὸ
3110 808 3388 876 Κυριακὸν
3434 809 3591 876 σῶμα
3621 812 3681 861 ὲν
3713 811 3792 878 τῷ

2210 891 2368 960 τάφῳ
2404 893 2606 947 ἄπνουν
2631 895 2832 957 ἔκειτο,
2885 898 3166 966 νηστεύειν
3216 901 3354 953 κατὰ
3405 900 3500 969 τὴν
3549 901 3658 969 (93)
3693 899 3789 952 τοῦ

2209 981 2414 1051 Κυρίου
2457 985 2638 1053 ψωνὴν
2687 986 2785 1057 τὴν
2828 987 3112 1055 λέγουσαν,
3165 991 3352 1043 Ὅταν
3395 991 3636 1057 ἀπαρθῇ
3684 993 3791 1045 ἀπ’

2206 1071 2406 1125 αὐτῶν
2448 1076 2481 1127 ὁ
2510 1079 2786 1146 νυμφίος,
2839 1082 2969 1133 τότε
2993 1083 3468 1148 νηστεύσουσιν,
3514 1085 3790 1152 προσετά-

2205 1167 2442 1235 χθημεν.
2504 1168 2563 1220 '0
2598 1171 2730 1236 γοῦν
2786 1174 2936 1242 παρά
2998 1174 3170 1226 ταῦτα
3221 1176 3409 1240 ποιῶν,
3439 1178 3486 1227 εί
3535 1179 3633 1244 μέν
3667 1178 3786 1229 ἐστι

2207 1256 2492 1325 κληρικὸς,
2523 1259 2914 1330 καθαιρείσθω·
2979 1267 3028 1316 εί
3069 1266 3122 1317 δὲ
3159 1265 3363 1328 λαῖκὸς,
3417 1267 3780 1335 ἀφοριζέσθω.

2219 1345 2478 1412 ’Υπέξελέ
2516 1368 2605 1419 μοι
2633 1353 2758 1413 τοὺς
2798 1353 2975 1418 θείους
3007 1357 3254 1428 Πατέρας
3286 1359 3412 1420 τοὺς
3437 1358 3505 1410 δι’
3539 1359 3782 1428 ἄσκησιν

2203 1436 2352 1490 ἐστιν
2416 1439 2505 1491 ὅτε
2565 1441 2924 1509 νηστεύοντας
2968 1447 3236 1500 καὶκατὰ
3286 1448 3485 1512 ταύτας
3513 1450 3609 1513 τὰς
3639 1452 3784 1520 ἠμέ-

2205 1545 2326 1597 ρας·
2358 1521 2507 1584 οὗτοι
2531 1531 2642 1602 γὰρ
2671 1533 2732 1586 οὐ
2759 1537 3278 1606 κατακριθήσονται.
3321 1541 3485 1610 Ζήτει
3529 1543 3622 1595 καὶ
3671 1543 3782 1596 τῶν

2201 1618 2372 1686 ἁγίων
2407 1622 2480 1688 (1)
2514 1622 2830 1678 ἀποστόλων
2854 1627 3054 1680 κανόνα
3079 1627 3159 1682 va.’
3200 1633 3293 1685 καὶ
3322 1631 3421 1698 νγ¹.

2273 1711 2520 1766 ΖΩΝΑΡ.
2555 1713 2738 1768 Καλὸν
2771 1716 2872 1783 μὲν
2898 1718 2930 1786 ὴ
2956 1719 3208 1790 νηστεία.
3267 1723 3347 1775 Τὰ
3400 1723 3455 1776 δὲ
3491 1725 3633 1778 καλὰ
3677 1743 3780 1779 κα-

2201 1801 2308 1864 λῶς
2354 1803 2606 1870 γινέσθω’
2651 1807 2698 1858 εἰ
2743 1807 2801 1859 δέ
2867 1826 2952 1873 τις
3009 1810 3244 1881 θεσμοὺς
3295 1815 3686 1880 ἀποστολικοὺς
3740 1817 3775 1888 ἢ

2204 1893 2464 1963 [Ιατέρων
2503 1895 2676 1962 ἁγίων
2713 1899 3095 1969 παραιὸαίνων
3153 1905 3423 1973 νηστεύει,
3481 1906 3775 1962 ἀκούσεται

2195 1986 2278 2037 ὅτι
2305 1986 2367 2039 ού
2396 1986 2562 2040 καλὸν
2592 1989 2653 2041 τὸ
2684 1990 2870 2056 καλὸν,
2909 1992 3038 2046 ὅταν
3065 1993 3139 2064 μὴ
3167 1995 3351 2058 καλῶς
3383 1997 3626 2068 γίνηται.
3661 1999 3771 2053 Τοῦ

2196 2076 2423 2139 κανόνος
2446 2078 2636 2130 τοίνυν
2686 2080 2744 2132 ἐν
2776 2080 3044 2152 Σαϐϐάτῳ
3089 2084 3186 2136 καὶ
3247 2087 3500 2158 κυριακῇ
3550 2089 3625 2159 μὴ
3676 2107 3775 2158 νη-

2195 2167 2408 2220 στεύειν
2483 2169 2851 2237 θεσπίζοντος,
2907 2175 2935 2225 ό
2978 2174 3080 2244 μὲν
3138 2176 3420 2247 κληρικὺς,
3469 2180 3772 2248 νηστεύων,

2194 2257 2300 2310 ὑπὸ
2333 2259 2666 2328 καθαίρεσιν
2735 2260 2971 2328 γίνεται,
3009 2265 3114 2317 ὑπὸ
3174 2268 3480 2337 ἀφορισμὸν
3505 2269 3563 2322 δὲ
3603 2273 3631 2323 ό
3656 2271 3776 2326 λαῖ-

2195 2349 2308 2412 κός·
2345 2350 2395 2402 εἰ
2435 2351 2509 2420 μή
2541 2367 2642 2404 που
2667 2351 2736 2403 δι’
2761 2353 3098 2422 ὡρισμένων
3129 2356 3203 2428 (‘2)
3230 2359 3462 2428 ἡμερῶν
3487 2361 3773 2431 νηστεύον-

2191 2445 2282 2504 τός
2310 2459 2475 2506 τινος,
2520 2442 2612 2496 διὰ
2647 2445 2782 2499 δέκα
2832 2446 2992 2516 τυχδν
3032 2449 3064 2517 ἢ
3107 2448 3273 2514 ὀκτὼ,
3304 2451 3372 2501 δι’
3409 2452 3642 2523 ἄσκησιν
3669 2454 3766 2524 (ὡς

2190 2532 2291 2602 ἤδη
2344 2533 2686 2604 προείρηται)
2761 2539 3182 2604 συνεισάγονται
3235 2545 3354 2603 ταῖς
3432 2543 3764 2613 ὡρισμέναις

2191 2624 2430 2693 ἡμέραις
2481 2624 2578 2678 καὶ
2620 2625 2876 2681 Σάῦσατα
2914 2630 3011 2681 καὶ
3055 2631 3350 2700 Κυριακαί.
3395 2635 3458 2687 '0
3508 2635 3600 2687 καὶ
3635 2637 3766 2689 πολ-

2191 2714 2278 2767 λοι
2334 2714 2445 2768 τῶν
2509 2716 2678 2782 ἁγίων
2741 2719 3002 2788 Πατέρων
3055 2724 3418 2792 πεποιηκότες
3481 2725 3766 2795 εὑρίσκον-

2188 2824 2304 2872 ται,
2335 2808 2431 2861 καὶ
2471 2809 2634 2879 μέχρι
2668 2813 3167 2882 τεσσαρακονταδος
3219 2815 3439 2885 ἡμερῶν
3474 2818 3764 2886 νηστεύον-

2188 2916 2301 2961 τες.

2182 2992 2750 3064 ιΑΡΙΣΤ.Κυ,οιακὴν
2774 2997 2813 3064 ἢ
2835 2998 3144 3053 Σάϐϐατον
3171 3003 3203 3054 ό
3231 3003 3568 3068 νηστεύων,
3591 3007 3761 3073 πλὴν

2618 3087 2784 3154 ἐνὸς,
2814 3089 3259 3158 ἀποκήρυκτος.

2263 3176 2673 3247 Καθαιρεῖταιό
2704 3180 2863 3241 ἐκτὸς
2911 3181 3006 3234 τοῦ
3049 3183 3287 3250 μεγάλου
3335 3186 3613 3242 Σάϐϐατον
3649 3190 3764 3242 ἓτε-

2196 3289 2288 3340 ρον
2335 3273 2367 3342 ἥ
2411 3273 2702 3344 Κυριακὴν
2757 3275 3059 3346 νηστεύων·
3121 3279 3170 3330 εί
3222 3278 3279 3331 δὲ
3318 3279 3506 3344 λαῖκός
3556 3285 3704 3336 ἐστιν
3732 3286 3761 3337 ὁ

2190 3362 2452 3429 τοιοῦτος,
2485 3365 2831 3434 ἀφορίζεται.

2759 3457 3004 3511 ΚΑΝΩΝ
3054 3457 3171 3514 ΞΖ¹.

2188 3550 2262 3604 El'
2278 3566 2368 3616 τις
2416 3549 2717 3618 παρθένον
2740 3552 3162 3622 ἁμνήστευτον
3185 3555 3559 3626 βιασάμενος
3606 3558 3756 3626 ἔχοι,

2259 3640 2641 3712 ἀφοριζέσθω·
2674 3645 2760 3713 μὴ
2789 3645 3014 3709 ἐξεῖναι
3041 3647 3109 3700 δὲ
3131 3649 3290 3712 αὐτῷ
3309 3650 3516 3718 ἑτέραν
3536 3652 3762 3720 ⁸1αμ6ἰὶ--
3789 3671 3800 3678 θ

2255 3751 2407 3799 retr,
2475 3735 2612 3790 ἀλλ’
2669 3736 2914 3804 ἐκείνην
2951 3739 3236 3809 κατέχειν
3279 3739 3357 3807 ἢν
3413 3743 3755 3808 ῂρετίσατο,

2253 3824 2372 3879 κᾶν
2390 3826 2647 3895 πενιχρὰ
2679 3828 2976 3898 τυγχάνῃ.

2257 3917 2451 3970 ΒΑΛΣ.
2505 3919 2563 3972 ’0
2591 3917 2783 3989 παρὼν
2835 3921 3016 3974 κανών
3061 3937 3224 3988 φησιν
3278 3921 3634 3992 ἀφορίζεσθαι
3665 3922 3758 3977 τὸν

2187 4009 2516 4078 βιασάμενον
2546 4009 2821 4080 παρθένον
2864 4013 2936 4082 μὴ
2970 4011 3394 4079 μνηστευθεῖσαν
3424 4014 3596 4083 ἑτέρῳ
3624 4016 3754 4082 τινὶ,

2191 4101 2287 4151 καὶ
2327 4099 2734 4167 ἀναγκάζεσθαι
2777 4100 2952 4172 ταύτῃ
3015 4106 3307 4166 συνοικεῖν,
3359 4102 3461 4156 κᾶν
3518 4105 3754 4175 πενιχρά

2185 4191 2318 4255 ἐστι,
2363 4190 2468 4243 κᾶν
2517 4189 2709 4254 ἀναξία
2747 4191 2824 4260 τῷ
2854 4194 3007 4259 γένει
3063 4193 3250 4258 αὐτοῦ,
3301 4193 3500 4264 καὶμὴ
3549 4194 3753 4262 ταύτης

2186 4280 2585 4344 ἀποδιίσταθαι,
2651 4281 2744 4333 καὶ
2799 4281 3099 4351 λαμϐάνειν
3162 4284 3378 4352 ἑτέραν.
3429 4285 3553 4336 ’Καὶ
3587 4286 3614 4337 ό
3652 4284 3750 4352 μὲν

2188 4370 2370 4423 κανὼν
2410 4371 2584 4425 ταῦτα
2637 4373 2962 4426 ἐθέσπισενο
3018 4376 3046 4427 ό
3109 4374 3217 4445 γάρ
3268 4380 3754 4445 μεμνηστευμένην

511 4448 594 4489 tor
635 4439 854 4506 punitur
888 4457 902 4492 :
939 4454 1119 4507 quiere
1143 4449 1198 4494 et
1229 4442 1297 4495 95
1326 4457 1446 4495 can.
1480 4443 1513 4496 6
1541 4458 1658 4513 syu.
1686 4444 1760 4500 De
1788 4461 1854 4500 eo
1883 4459 2082 4512 autem,

2195 4461 2514 4532 βιασάμενος
2558 4463 2633 4525 ὡς
2689 4465 2872 4534 μοιχὸς
2907 4439 3280 4535 τιμωρείταιί
3319 4439 3618 4536 Καὶ-ζήτει
3656 4439 3750 4518 τόν

507 4528 652 4592 quod
679 4528 766 4597 qui
796 4529 898 4581 vim
947 4531 1146 4594 attulit,
1186 4545 1304 4584 eam
1351 4547 1510 4600 quam
1562 4535 1812 4600 violavit,
1844 4538 2078 4602 haheat,

506 4617 716 4671 etiamsi
751 4619 821 4671 sit
849 4633 1068 4688 pauper,
1096 4631 1147 4674 et
1173 4621 1263 4674 alii
1298 4624 1695 4694 noujungatur,
1734 4632 2078 4694 quaerendum

512 4716 617 4759 est.
667 4705 842 4772 Quare
864 4708 1007 4761 enim
1037 4711 1420 4766 concederetur
1449 4715 1496 4766 ei
1528 4715 1616 4782 qui
1653 4718 1698 4768 vi
1728 4724 1992 4786 peccavit,
2026 4736 2076 4777 et

507 4799 758 4868 deinceps
793 4799 986 4854 habere
1018 4801 1267 4855 violatam
1298 4813 1349 4856 et
1384 4804 1606 4859 alteram
1648 4823 1751 4862 non
1788 4814 2032 4882 accipere
2063 4853 2078 4876 .

2182 4552 2269 4622 κγ’
2305 4553 2510 4606 κανόνα
2547 4558 2644 4625 τῆς
2675 4561 2728 4620 ς’
2763 4555 3004 4608 συνόδου.
3043 4556 3177 4625 Περὶ
3232 4556 3289 4608 δὲ
3319 4556 3415 4608 τοῦ
3469 4557 3614 4626 ἔχειν
3659 4556 3751 4608 τὸν

2183 4645 2282 4713 τὴν
2313 4644 2434 4713 βίαν
2484 4646 2787 4714 ποιήσαντα
2837 4646 2936 4714 τὴν
2978 4644 3324 4713 βιασθεῖσαν,
3377 4645 3478 4698 κᾶν
3524 4647 3756 4716 πενιχρά

2185 4735 2322 4796 ἐστι,
2349 4738 2442 4788 καὶ
2497 4734 2572 4804 μὴ
2610 4737 2985 4788 συνάπτεσθαι
3025 4737 3207 4808 ἑτέρᾳ,
3253 4736 3523 4805 ζητητέον.
3561 4735 3676 4788 Ἵνα
3702 4753 3754 4787 τι

2179 4824 2289 4893 γάρ
2333 4823 2651 4895 ὲξεχωρήθη
2677 4827 2704 4876 ό
2728 4825 2827 4894 τὴν
2860 4825 2978 4890 βίαν
3000 4825 3396 4895 πλημμελήσας
3435 4824 3529 4877 καὶ
3552 4823 3753 4894 ἑφεξῆς

1737 4923 1927 4984 Guill.
1977 4929 2297 5015 Beveregii
2335 4947 2520 5000 uotae.

506 5024 562 5089 ut
591 5015 732 5089 etab
762 5012 1161 5089 HarmenOpuio
1194 5017 1542 5089 injepitome,
1593 5031 1647 5074 et
1672 5040 1698 5073 a
1736 5020 1975 5089 Josepho
2013 5030 2064 5084 in

502 5085 730 5138 Arabica
786 5083 1136 5152 paraphrasi;
1192 5083 1564 5143 Balsamonem
1632 5102 1834 5155 autem,
1871 5083 2062 5150 'Zonaé

504 5170 615 5206 ram
646 5167 697 5208 et
729 5155 1040 5208 Aristenum
1069 5156 1256 5209 eadem
1284 5157 1478 5227 legisse
1506 5176 1534 5212 c
1562 5163 1784 5215 scholiis
1814 5163 2056 5231 ipsorum

503 5231 668 5289 patet.

578 5291 829 5372 (θξλΚαὶ
860 5293 947 5372 ὅτι
985 5294 1051 5372 τὸ
1070 5295 1187 5372 μὲν
1213 5295 1620 5372 δημιουργίας.
1658 5300 1780 5355 [an
1804 5319 1972 5372 usque
1994 5311 2058 5362 ad

503 5359 858 5420 ἀναπλάσεως
899 5359 1177 5429 inclusive,
1208 5359 1742 5425 exi-msfliodleiano
1799 5359 2059 5429 restitui;

506 5440 661 5511 must.
700 5429 758 5482 In
821 5430 1025 5511 graecis
1079 5437 1222 5511 enim
1270 5436 1432 5511 editis
1485 5438 1899 5511 desiderantur;
1959 5447 2051 5500 sed

503 5497 803 5573 Continuus
832 5499 1091 5556 lict‘Vctus
1123 5505 1271 5573 legit,
1303 5518 1354 5558 et
1385 5506 1574 5562 Latine
1615 5515 1798 5564 vertit.

577 5568 687 5647 (99)
707 5569 1057 5647 .1Vncrrsdstr
1083 5568 1230 5647 καίει
1258 5575 1388 5641 τήν.
1417 5576 1472 5629 lu
1505 5578 1784 5647 impressis
1824 5583 2052 5638 antehac

501 5635 816 5720 tuimur-5
863 5652 916 5692 et
967 5645 1245 5720 sequentia
1299 5635 1377 5720 sic
1429 5635 1698 5716 legunt-tur,
1759 5635 2043 5720 νηστεύειν

504 5709 966 5777 προπετάχθηςιεν,
1004 5711 1124 5779 περὶ
1157 5715 1260 5779 γὰρ
1289 5709 1574 5787 τούτουἐρη
1589 5736 1633 5769 δν.
1665 5709 1883 5788 Κύριος,
1918 5723 2045 5776 ὅταν

2168 5401 2288 5438 nem
2356 5389 2595 5441 admittit
2649 5399 2702 5440 et
2760 5389 3084 5441 scltoliastes

2158 5456 2363 5528 verbis,
2390 5458 2438 5508 ei
2484 5461 2665 5526 μήπου
2689 5457 2852 5528 (two;
2880 5457 2949 5510 δι’
2985 5459 3220 5526 ἄσκησιν
3247 5457 3392 5512 ὀκτὼ
3420 5456 3582 5528 τυχὸν
3617 5460 3752 5527 ἠμέ-

2167 5540 2268 5592 ρας
2289 5525 2321 5595 ἢ
2346 5525 2857 5598 δέκανηστεύοντος
2883 5525 3211 5598 συνεισαχθῇ
3249 5529 3472 5590 ταύταις
3490 5525 3562 5594 ’ἐξ
3585 5525 3751 5596 ἀναγ-

2157 5609 2262 5661 κης
2325 5595 2418 5648 καὶ
2478 5597 2754 5668 Σάϐϐατον
2803 5599 2894 5649 καὶ
2946 5595 3219 5668 Κυριακήξ
3282 5598 3535 5652 Ilarmen.
3584 5600 3746 5666 epist.

2164 5679 2287 5718 can.
2319 5673 2450 5721 sect.
2485 5667 2539 5732 5,
2574 5667 2654 5719 tit.
2690 5667 2743 5719 5.

2172 5038 2398 5111 ἀπαρθῇ
2448 5039 2542 5090 ὑπ’
2571 5039 2749 5092 αὐτῶν
2774 5041 2800 5092 ό
2835 5041 3090 5111 νυμφίος,
3119 5041 3238 5094 τότε
3283 5039 3695 5110 νηστεύσουσιν·
3723 5046 3750 5097 ό

2173 5124 2328 5174 γουν,
2361 5122 2467 5162 ριρ.

2244 5179 2319 5251 (l)
2350 5179 2521 5246 Ζήτει
2552 5178 2999 5251 eratut-(Tariusque
3023 5181 3086 5232 ad
3115 5180 3270 5251 linem
3291 5181 3453 5250 hujus
3477 5183 3746 5251 interpre-

2171 5249 2393 5300 tationis
2437 5265 2466 5301 e
2502 5264 2600 5302 tus.
2642 5248 2933 5302 Bodleiano
2971 5265 3111 5302 nunc
3145 5248 3378 5317 primum
3410 5248 3640 5306 edimus;

2239 5317 2313 5387 (θ)
2344 5320 2412 5370 Ei
2440 5319 2526 5386 μή
2551 5331 2669 5370 που
2695 5317 2770 5371 δι’
2798 5317 3442 5389 ὠρισμὲνωνκβειηάειιι
3473 5323 3750 5389 exceptio-

3163 5387 3546 5458 Hartuenopuli
3571 5431 3586 5456 ,
3610 5387 3619 5389 “
3659 5391 3742 5444 his
