4108 6200
377 333 485 398 173

1557 329 1639 391 IN
1685 329 1856 391 CAN.
1898 329 2145 390 LXVIII
2190 330 2447 391 APOS'I‘.

3531 332 3632 396 174

373 449 526 515 ἔχειν
568 445 669 516 τὴν
727 441 1069 513 βιασθεῖσαν,
1126 441 1219 495 καὶ
1272 441 1347 512 μὴ
1382 441 1686 511 λαμϐάνειν
1736 438 1951 507 ἑτέραν,

2069 436 2223 505 idque
2254 454 2377 492 cum
2412 438 2493 493 lex
2530 436 2673 493 dicat
2703 437 2753 492 in
2783 438 2921 493 libro
2975 453 3038 492 LX
3066 478 3079 503 ,
3121 440 3201 493 tit.
3233 439 3300 491 57
3330 478 3345 503 ,
3370 455 3488 510 cap.
3538 442 3629 499 8|.

376 539 663 592 καὶταῦτα
690 537 784 590 τοῦ
818 538 981 605 νόμου
1012 535 1263 604 λέγοντος
1286 536 1344 585 ὲν
1370 534 1562 604 βιϐλίῳ
1595 533 1659 599 ξ’,
1681 532 1819 587 τίτλ.
1854 531 1951 595 λζ’,

379 647 504 698 κεφ.
544 637 658 682 πα’.
704 630 763 679 Ὀ
798 628 1121 697 βιασάμενος
1159 627 1337 697 «κόρην
1368 627 1463 679 καὶ
1492 625 1723 695 φθείρας
1760 623 1952 694 αὐτὴν,

380 720 805 791 ῥινοκοπείσθω,
831 719 1007 779 διδοὺς
1039 719 1178 788 αὐτῇ
1208 720 1302 771 καὶ
1343 718 1403 771 τὸ
1446 717 1632 788 τρίτον
1673 717 1773 784 τῆς
1823 714 1955 767 ὐπο-

378 813 626 873 στάσεως
685 809 873 864 αὑτοῦ.
912 810 1099 862 Ἔοικε
1165 807 1347 860 τοίνυν
1390 809 1465 870 ὡς
1516 806 1826 871 ἀκολούθως
1877 806 1956 876 τῷ

376 905 547 973 τρίτῳ
574 920 700 970 κεφ.
751 902 844 955 τοῦ
878 900 976 963 λζ’,
1012 900 1190 952 τίτλου
1228 900 1321 952 τοῦ
1386 896 1427 966 ξ’
1462 899 1691 967 βιϐλίου,
1740 898 1819 968 τῷ
1848 898 1958 951 διο-

380 995 652 1065 ριζομένῳ
686 991 1089 1060 ἀναγκάζεσθαι
1122 991 1212 1042 τὸν
1249 990 1389 1059 μετὰ
1442 989 1716 1058 σώφρονος
1764 1006 1955 1057 γυναι·-

382 1087 475 1145 κὸς
500 1084 982 1153 παλλακευόμεναι
1012 1085 1109 1134 καὶ
1142 1082 1222 1143 είς
1253 1081 1433 1150 γάμου
1477 1081 1764 1135 κοινωνίαν
1820 1081 1957 1149 λαμ-

378 1178 566 1229 ϐάνειν
610 1176 801 1245 αὐτὴν,
851 1174 946 1226 καὶ
996 1174 1086 1225 τὸν
1137 1174 1384 1242 παρόντα
1457 1174 1659 1226 κανόνα
1714 1174 1955 1227 νοεῖσθαι

387 1267 483 1319 καὶ
536 1265 627 1317 διὰ
673 1264 775 1332 τὴν
834 1262 956 1331 βίαν
1015 1261 1114 1330 μὲν
1184 1259 1544 1330 ἀφορίζεσθαι
1594 1266 1686 1313 τὸν
1752 1260 1957 1332 ταύτην

382 1357 876 1425 πλημμελήσαντα,
910 1354 997 1406 διὰ
1024 1353 1080 1405 δὲ
1121 1352 1219 1424 τὴν
1252 1353 1527 1423 σωτηρίαν
1555 1355 1655 1423 τῆς
1684 1356 1954 1424 παρθένου

380 1447 791 1515 ἀναγκάζεσθαι
830 1447 994 1498 αὑτὸν
1027 1446 1271 1514 νομικῶς
1326 1446 1497 1515 ταύτῃ
1559 1447 1952 1503 συνάπτεσθαι.

391 1540 693 1604 ’Λνάγνωθι
729 1539 819 1590 καὶ
848 1539 941 1589 τοῦ
979 1538 1246 1604 παρόντος
1280 1537 1657 1606 συντάγματος
1680 1538 1855 1591 τίτλον
1886 1537 1953 1605 θ’,

386 1648 515 1699 κεφ.
550 1630 593 1679 λ’
625 1632 717 1681 καὶ
772 1634 837 1680 τα
869 1631 924 1680 ὲν
959 1628 1129 1698 αὐτῷ.
1180 1629 1285 1680 Καὶ
1326 1628 1533 1697 βιϐλίου
1567 1630 1676 1683 τῶν
1738 1632 1956 1684 Βασιλι-

384 1722 495 1773 κῶν
530 1719 590 1784 ξ’,
621 1721 795 1774 τίτλον
857 1726 958 1789 vn’,
992 1737 1115 1788 κεφ.
1162 1718 1209 1787 γ’
1243 1721 1399 1787 λέγον
1425 1738 1437 1750 ·
1486 1722 1577 1792 Μὴ
1608 1725 1890 1793 γαμείσθω
1921 1726 1952 1794 ἡ
1985 1775 2028 1828 Β

383 1815 697 1883 ἁρπαγεῖσα
730 1812 805 1879 τῷ
826 1810 1133 1879 ἁρπάζοντι
1164 1812 1358 1882 αὑτήν*
1400 1812 1533 1865 ἀλλὰ
1572 1816 1666 1867 καὶ
1693 1818 1739 1866 εἰ
1770 1832 1955 1869 συναι-

381 1907 595 1959 νέσουσι
623 1906 701 1974 τῷ
731 1906 1049 1975 συνοικεσίῳ
1089 1907 1137 1956 οί
1166 1908 1342 1972 γονεῖς
1374 1907 1567 1974 αὐτῆς,
1618 1909 1959 1978 περιορίζον-

383 2014 494 2050 ται.
544 1997 652 2050 Καὶ
712 1996 787 2065 μὴ
838 1996 1135 2065 ἐναντιωθῇ
1194 2013 1299 2049 σοι.
1380 1998 1587 2060 ’Λλλως
1637 1999 1747 2069 γὰρ
1797 2000 1958 2053 κολά-

389 2092 546 2154 (stat.
588 2092 618 2143 ὁ
660 2090 913 2158 ἁρπάσας
971 2088 1163 2159 κόρην,
1197 2090 1291 2142 καὶ
1336 2088 1517 2151 ἄλλως
1566 2092 1591 2142 ὁ
1641 2093 1783 2145 κατὰ
1836 2093 1958 2161 βίαν

384 2182 614 2251 φθείρας
643 2180 934 2249 παρθένον.
965 2182 1071 2233 Καὶ
1105 2182 1136 2250 ἡ
1174 2181 1271 2249 μὲν
1307 2182 1535 2251 ἁρπαγὴ
1554 2182 1653 2234 ’διὰ
1678 2183 1778 2251 τὴν
1810 2184 1961 2238 ἀναί-

383 2274 531 2324 δειαν
557 2270 648 2322 τοῦ
686 2272 1035 2339 ἁρπάσαντος
1057 2269 1117 2320 οὐ
1166 2269 1622 2337 συγγινώσκεται·
1664 2272 1698 2341 ἡ
1736 2272 1793 2324 δὲ
1822 2275 1963 2327 κατὰ

386 2360 512 2429 βίαν
543 2361 812 2429 γενομένη
860 2358 1060 2426 φθορά,
1092 2360 1185 2412 ἐὰν
1219 2359 1326 2411 ὑπὸ
1369 2360 1469 2429 τῆς
1505 2360 1821 2432 βιασθείσης
1862 2381 1966 2417 κα-

385 2451 725 2520 ταδέχηται,
806 2450 1264 2518 συγγινώσκεται.
1347 2451 1407 2506 '0
1457 2454 1638 2523 μέντοι
1710 2456 1964 2527 παρθένῳ

388 2545 684 2613 συναφθεὶς
736 2545 877 2597 κατὰ
954 2544 1179 2614 γνώμην
1250 2544 1461 2616 ἐκείνης
1505 2548 1759 2617 ἐτεροίως
1796 2566 1968 2619 τιμω-

385 2639 587 2704 ρεῖται.
625 2636 764 2705 Φησὶ
794 2636 902 2704 γάρ
953 2637 982 2688 ὁ
1029 2636 1196 2704 νόμος
1241 2638 1299 2689 ὲν
1354 2636 1541 2707 βιϐλίῳ
1591 2638 1838 2709 ξ’,τίτίλῳ
1865 2641 1965 2706 λζ’,

384 2745 514 2795 κεφ.
560 2724 619 2780 π’
642 2744 655 2757 °
702 2728 763 2779 '0
791 2727 1046 2800 παρθένῳ
1072 2730 1211 2799 κόρῃ
1240 2730 1572 2798 μιγνύμενος
1598 2731 1811 2801 ἐκείνης
1868 2733 1968 2804 μὲν

394 2821 748 2887 προαιρέσει,
794 2818 1137 2884 ἀγνοούντων
1178 2820 1233 2872 δὲ
1262 2821 1370 2873 τῶν
1419 2823 1644 2889 γονέων,
1679 2826 1779 2893 τῆς
1832 2828 1972 2895 πρά-

390 2912 529 2976 ξεως
560 2911 1094 2981 ὃιαγινωσκομένης,
1141 2914 1189 2964 εί
1242 2913 1340 2983 μὲν
1390 2914 1534 2967 θέλει
1589 2918 1759 2989 αὐτὴν
1786 2919 1973 2974 λαϐεῖν

386 3002 465 3062 εἰς
495 3003 756 3067 γυναῖκα,
802 3002 900 3053 καὶ
953 3002 1269 3056 συναινοῦσι
1294 3007 1389 3057 καὶ
1420 3007 1468 3057 οί
1500 3008 1701 3074 γονεῖς,
1735 3010 1972 3076 γινέσθω

2058 531 2157 596 Qui
2186 530 2376 601 puellae
2410 531 2515 585 vim
2548 530 2725 595 all‘ert.
2752 541 2806 587 et
2847 546 2964 585 eam
3014 533 3333 599 corrumpit,
3379 533 3428 587 ei
3475 549 3635 590 nares

2059 624 2464 685 abscindantur,
2483 632 2536 679 et
2561 626 2647 678 det
2668 623 2715 677 ei
2739 624 2899 677 etiam
2928 624 3141 678 leniam
3168 633 3370 690 partem
3408 640 3632 681 suarum

2061 711 2401 766 facultatum.
2445 714 2662 767 Videtur
2697 729 2823 783 ergo
2858 713 2945 767 hic
3003 729 3217 783 quoque
3256 729 3426 769 canon
3475 715 3632 781 intelg

2057 804 2146 874 ligi
2178 805 2560 860 convenienter
2579 806 2613 860 5
2638 806 2797 874 cap’iti
2830 806 2896 859 57
2922 806 3003 859 tit.
3029 806 3095 860 60
3129 806 3270 865 libri,
3299 800 3632 872 decernenti,

2058 912 2178 949 eum
2211 898 2302 965 qui
2340 914 2459 951 cum
2485 899 2792 953 continente
2819 898 3042 953 muliere
3100 914 3209 953 rem
3271 900 3432 952 habet
3462 940 3476 963 ,
3512 914 3630 954 cam

2061 989 2111 1043 in
2142 990 2471 1042 matrimonii
2511 992 2821 1044 societatem
2852 992 3098 1060 accipere
3128 1010 3141 1046 :
3180 1000 3231 1046 ct
3264 1002 3485 1070 propter
3516 993 3623 1047 vim

2058 1081 2298 1151 quidem,
2326 1083 2595 1152 segregari
2627 1097 2746 1160 eum
2782 1083 2871 1152 qni
2904 1084 2954 1136 in
2979 1085 3137 1138 istam
3192 1086 3473 1153 peccavit,
3510 1100 3637 1154 pro-

2058 1180 2182 1239 pter
2213 1172 2437 1241 virginis
2466 1180 2643 1226 autem
2675 1173 2899 1227 salutem
2936 1174 3051 1242 cogi
3090 1172 3263 1242 ipsum
3298 1174 3344 1229 ei
3394 1176 3636 1243 legitime

2059 1263 2320 1330 cepnlari.
2356 1261 2495 1333 Lege
2530 1274 2584 1317 et
2615 1266 2899 1333 praesentis
2926 1266 3103 1335 aperis
3132 1268 3215 1321 tit.
3248 1266 3280 1320 9
3307 1306 3322 1331 ,
3371 1281 3491 1336 cap.
3542 1265 3635 1329 50,

2058 1362 2254 1422 etquae
2284 1356 2335 1409 in
2364 1370 2428 1408 eo
2460 1366 2603 1419 sunt,
2637 1368 2686 1410 et
2723 1357 2914 1410 librum
2971 1357 3189 1413 Basilio.
3240 1374 3307 1411 ιτ
3342 1400 3357 1425 ,
3393 1361 3473 1413 ιῑι.
3525 1359 3593 1413 58
3619 1398 3635 1425 ,

2058 1464 2180 1517 cap.
2214 1450 2248 1503 5
2282 1450 2545 1504 dicentem
2581 1466 2596 1503 :
2629 1449 2707 1504 Ne
2734 1451 2897 1503 nnbat
2954 1457 3103 1519 rapta
3136 1455 3183 1504 ei
3227 1451 3315 1519 qni
3373 1468 3491 1505 eam
3547 1468 3639 1505 ra-

2060 1541 2173 1611 puit
2212 1541 2350 1595 :sed
2410 1542 2454 1594 si
2503 1540 2593 1593 tali
2652 1541 2977 1594 matrimonii
3015 1541 3218 1609 cepnlze
3264 1544 3637 1598 conscnserint

2058 1633 2177 1702 ejus
2209 1640 2481 1699 parentes,
2524 1631 2634 1703 44
2666 1633 3113 1687 exterminantur.
3148 1632 3215 1687 Et
3266 1649 3331 1687 ne
3362 1636 3636 1689 contraria

2058 1724 2475 1778 existimaveris.
2510 1725 2683 1777 Aliter
2704 1724 2846 1777 enim
2884 1726 3103 1793 punitur
3132 1726 3222 1794 qui
3261 1726 3491 1793 puellam
3542 1742 3633 1781 ra-

2060 1818 2195 1885 puit,
2227 1816 2380 1869 aliter
2407 1817 2496 1884 qui
2533 1816 2581 1869 vi
2611 1816 2802 1885 virgini
2844 1818 3031 1870 vitium
3086 1818 3284 1872 attulit.
3340 1819 3403 1871 Et
3456 1828 3644 1887 raptus

2060 1912 2277 1981 quidem
2312 1920 2531 1978 propter
2559 1909 2677 1977 ejus
2706 1909 2795 1979 qui
2830 1909 3007 1979 rapuit
3046 1910 3431 1980 impudentiam
3461 1950 3477 1977 ,
3534 1925 3641 1965 non

2061 2002 2425 2056 condonatur.
2456 1999 2559 2055 Per
2580 2002 2685 2054 vim
2713 2010 2892 2055 autem
2924 2003 3188 2071 stupratio
3211 2042 3227 2066 ,
3264 2002 3309 2055 si
3357 2002 3423 2056 ab
3454 2016 3516 2056 ea
3553 2008 3644 2064 cui

2063 2093 2141 2147 vis
2170 2094 2330 2147 allata
2363 2102 2468 2157 est,
2498 2092 2847 2162 suscipiatur,
2879 2091 3188 2147 remittitur.
3236 2092 3341 2147 Sed
3369 2093 3459 2161 qni
3494 2092 3642 2145 illius

2062 2186 2339 2238 voluntate
2370 2199 2490 2237 cum
2527 2183 2732 2252 virgine
2784 2197 3107 2253 congressus
3150 2191 3271 2247 est,
3328 2184 3433 2236 alio
3483 2181 3644 2237 modo

2065 2275 2304 2343 punitur.
2336 2273 2424 2327 Ait
2449 2273 2589 2327 enim
2618 2273 2697 2326 lex
2723 2273 2773 2326 in
2806 2272 2942 2326 libro
2972 2288 3037 2325 Ls
3062 2312 3077 2335 ,
3110 2273 3193 2327 tit.
3234 2273 3324 2338 57,
3376 2287 3492 2341 cap.
3527 2272 3595 2327 8O
3626 2290 3639 2325 :

2066 2367 2166 2434 Qni
2199 2382 2318 2421 cum
2352 2366 2560 2435 virgine
2599 2365 2771 2433 puella
2800 2364 2948 2429 coiit,
3001 2365 3145 2420 illius
3187 2366 3402 2435 quidem
3458 2365 3645 2419 volun-

2070 2469 2198 2521 tate,
2227 2457 2539 2525 parentibus
2564 2466 2742 2509 autem
2780 2454 3175 2524 ignorantibus,
3205 2469 3266 2508 re
3321 2455 3559 2524 cognita,
3595 2454 3643 2510 si

2067 2564 2182 2604 eam
2208 2548 2421 2616 quidem
2456 2548 2506 2599 in
2538 2560 2760 2600 uxorem
2798 2544 2996 2599 habere
3020 2545 3272 2611 voluerit,
3297 2554 3351 2599 et
3387 2553 3644 2613 parentes

2068 2640 2450 2703 consentiant,
2504 2637 2594 2691 ﬁat
2658 2644 2989 2690 contractus.
3055 2633 3111 2689 Si
3157 2645 3335 2689 autem
3370 2651 3475 2690 una
3521 2651 3646 2706 pars

2069 2744 2377 2805 parentum,
2408 2731 2457 2784 id
2497 2739 2577 2783 est
2610 2727 2870 2781 utriusvis
2921 2741 3162 2795 persona:
3190 2764 3205 2790 ,
3249 2743 3352 2782 non
3400 2727 3547 2793 velit,
3597 2728 3645 2781 si

2072 2829 2221 2883 dives
2250 2824 2461 2895 quidem
2494 2830 2577 2876 est
2608 2818 2700 2888 qui
2730 2818 2919 2872 vitium
2955 2820 3174 2879 attulit,
3214 2819 3425 2872 violata:
3456 2817 3648 2887 puellte

2074 2922 2163 2977 det
2191 2932 2349 2973 unam
2380 2914 2495 2971 auri
2530 2914 2743 2968 librant.
2782 2909 2877 2963 Sin
2913 2918 3091 2963 autem
3123 2910 3191 2964 sit
3217 2911 3496 2980 egentior,
3526 2924 3649 2963 sus-

2076 3028 2194 3067 rum
2226 3008 2537 3063 facultatum
2570 3003 2850 3059 dimidium
2889 3020 2902 3055 :
2933 3002 3025 3055 sed
3056 3002 3101 3055 si
3159 3002 3212 3054 in
3266 3010 3509 3055 extrema
3573 3001 3646 3055 sit

381 3090 445 3141 τὸ
475 3090 859 3158 συνάλλαγμαο
881 3095 931 3144 εἰ
953 3092 1008 3145 δὲ
1041 3092 1099 3143 ἓν
1116 3093 1280 3163 μέρος
1309 3094 1416 3147 τῶν
1436 3097 1662 3163 γονέων,
1691 3101 1965 3157 τουτέστιν

2078 3110 2414 3176 paupertate,
2444 3096 2759 3151 verberatus
2786 3100 2840 3146 et
2863 3101 3048 3146 tonsus
3081 3092 3492 3146 exterminetur.

382 3188 652 3259 ἑκατέρου
712 3190 1026 3257 προσώπου,
1085 3190 1146 3243 οὐ
1210 3191 1448 3264 θελήσει,
1479 3196 1529 3247 εί
1571 3197 1671 3267 μὲν
1720 3198 1955 3272 εῠπορός
2005 3209 2155 3261 ἐστιν
2212 3197 2519 3271 ὁφθορεὺς,
2561 3197 2627 3264 τῇ
2687 3191 2956 3261 φθαρείσῃ
3022 3191 3211 3242 διδότω
3292 3192 3515 3260 χρυσίου
3566 3190 3650 3243 λί-

383 3302 520 3354 τραν
592 3286 742 3354 μίαν⁸
808 3289 856 3337 εί
902 3286 959 3338 δὲ
1014 3287 1351 3358 ἐνδεέστερος
1382 3292 1491 3361 εἴη,
1546 3293 1608 3346 τὸ
1655 3296 1827 3364 ἥμισυ
1878 3302 1979 3371 τῆς
2004 3302 2355 3359 ὑποστάσεως
2400 3291 2586 3347 αὑτοῦ.
2645 3290 2707 3341 Ei
2749 3288 2807 3341 δὲ
2862 3285 3141 3349 παντελῶς
3194 3284 3277 3355 εἴη
3324 3284 3647 3356 ιΞινεύττορος⁹

384 3382 722 3448 τυπτόμενος
770 3384 865 3435 καὶ
892 3385 1303 3454 κουρευόμενος,
1351 3388 1696 3459 ἐξοριζέσθω.

458 3478 699 3531 ΖΩΝΑΡ.
744 3477 801 3529 Ὀ
833 3480 1099 3549 παρθένον
1132 3481 1361 3551 φθείρας
1398 3483 1512 3554 βία,
1550 3488 1725 3558 εἰμὲν
1759 3508 1969 3564 μεμνη-

387 3573 695 3640 στευμένην
746 3572 877 3635 τινὶ,
924 3572 998 3633 ώς
1029 3574 1217 3642 μοιχὸς
1257 3580 1601 3646 τιμωρεῖται·
1629 3582 1677 3632 εί
1706 3581 1760 3634 δὲ
1792 3585 1969 3655 ἀμνή-

389 3680 639 3727 στευτον,
708 3663 859 3731 παρὰ
894 3664 1110 3731 μὲντοῦ
1164 3666 1388 3731 κανόνος
1440 3670 1585 3739 ἔχειν
1643 3673 1837 3745 αὐτὴν,
1876 3678 1971 3729 καὶ

394 3756 469 3824 μὴ
531 3754 887 3823 ἀποπέμπειν
945 3755 1210 3824 ὁρίζεται,
1267 3759 1370 3812 κάν
1408 3764 1642 3833 πενιχρὰ
1693 3765 1817 3837 εἰη,
1875 3770 1971 3821 καὶ

392 3848 589 3910 ἀναξία
623 3848 752 3910 ίσως
786 3847 1019 3900 ἐκείνου.
1066 3851 1225 3921 Παρὰ
1252 3852 1307 3903 δὲ
1339 3852 1435 3905 τοῦ
1492 3856 1774 3911 πολιτικοῦ
1800 3861 1969 3931 νόμου

395 3938 567 3996 ἄλλως
601 3941 951 4009 τιμωρεῖται.

396 4031 611 4083 ΑῘῚΣΤ.
666 4032 717 4083 '0
759 4032 1137 4101 βιασάμενος
1170 4035 1357 4103 κόρην
1379 4036 1799 4108 ἀφοριζόμενος
1831 4058 1968 4096 κατ-

511 4122 712 4191 εχέτω,
769 4123 866 4176 καί
915 4124 1145 4191 ἄπορον
1175 4126 1370 4194 αὐτὴν
1416 4129 1839 4198 ὑπάρχουσαν.

477 4213 532 4264 'U
555 4212 885 4282 βιασάμενος
938 4214 1209 4283 παρθένον
1265 4218 1660 4288 ἀμνήστευτον,
1701 4223 1796 4275 καὶ
1832 4240 1969 4294 συμ-

395 4302 628 4370 φθαρεὶς
676 4304 837 4373 αὐτῇ,
900 4304 1268 4373 ἀφοριζέσθω,
1337 4307 1412 4378 μὴ
1464 4307 1670 4371 ἐξέστω
1730 4309 1786 4363 δὲ
1820 4312 1970 4382 αὐτῷ

396 4395 586 4465 ἑτέραν
619 4396 829 4460 λαϐεῖν,
861 4397 977 4449 ἀλλ’
1015 4399 1229 4466 ἐκείνην
1266 4400 1522 4469 κατέχειν
1556 4402 1620 4471 ἢν
1655 4404 1969 4472 ᾐρετίσατο,

396 4487 493 4536 κᾶν
548 4488 783 4556 πενιχρά
823 4490 1087 4558 τυγχάνῃ.
1146 4489 1209 4541 Ἡ
1248 4489 1305 4542 δὲ
1352 4492 1515 4562 ὀγδόη
1576 4493 1822 4558 διάταξις
1858 4498 1973 4565 ὴέν

2148 3485 2404 3544 ZONAR.
2438 3481 2537 3547 Qui
2566 3477 2823 3546 \irginem
2850 3475 2901 3529 vi
2931 3475 3189 3543 corrupit,
3219 3474 3263 3527 si
3294 3474 3508 3543 quidem
3533 3474 3649 3543 jam

2075 3584 2234 3641 alicui
2270 3582 2614 3647 desponsam,
2650 3570 2819 3624 veluti
2858 3570 3101 3623 mmclius
3136 3569 3353 3636 punitur
3387 3587 3400 3622 :
3433 3569 3513 3624 sin
3540 3586 3648 3626 non

2075 3679 2421 3747 desponsam,
2461 3679 2632 3721 canon
2665 3661 2849 3718 defluit
2899 3660 3041 3715 hunc.
3120 3660 3318 3714 habere
3357 3660 3499 3715 illaut
3557 3662 3653 3716 de-

2074 3770 2221 3833 bere,
2259 3779 2361 3820 nec
2390 3775 2511 3816 eam
2575 3756 2799 3826 rejicere
2845 3768 3024 3823 posse,
3066 3752 3278 3807 tametsi
3326 3757 3652 3824 paupercula

2074 3859 2234 3920 foret,
2286 3854 2485 3921 illoque
2530 3845 2791 3902 .lortassis
2845 3846 3083 3915 indigna.
3114 3843 3269 3900 Civili
3328 3854 3505 3900 autem
3537 3846 3653 3917 lego

2072 3952 2230 4003 aliter
2260 3947 2497 4017 punitur.

2070 4039 2292 4095 ARIST.
2320 4037 2425 4103 Qui
2465 4036 2651 4103 puella:
2700 4035 2799 4088 vim
2845 4032 3101 4096 attulerit,
3132 4032 3649 4095 excommunicatus,

2420 4128 2605 4180 habent
2633 4138 2677 4179 et
2704 4140 2818 4177 eum
2847 4124 2960 4175 licet
2990 4137 3289 4191 pauperem.

2136 4222 2239 4290 Qui
2275 4220 2468 4288 virgini
2509 4232 2615 4270 non
2669 4216 2946 4283 desponsa:
2988 4214 3092 4265 vim
3126 4212 3388 4277 attulerit,
3425 4226 3655 4283 eamque

2071 4306 2959 4375 violaverit,excommunicetnr,
3020 4319 3088 4358 ne
3149 4304 3308 4358 liceat
3358 4314 3537 4358 autem
3598 4306 3649 4360 ei

2070 4405 2229 4458 aliam
2263 4401 2529 4468 accipere,
2567 4398 2659 4451 sed
2685 4410 2801 4449 eam
2824 4396 3024 4450 habere
3058 4409 3216 4462 quam
3240 4394 3421 4463 clcgit,
3455 4410 3649 4463 quam-

2076 4496 2156 4549 vis
2185 4490 2507 4561 paupercula
2550 4489 2639 4542 sit.
2671 4487 2870 4541 Octava
2900 4496 3077 4538 autem
3130 4485 3447 4539 conmitutio
3491 4486 3546 4539 in
3586 4485 3655 4542 78

394 4578 470 4647 τῷ
529 4578 610 4649 οη’
673 4581 957 4649 κεφαλαίῳ
1012 4579 1107 4633 τοῦ
1162 4580 1237 4645 λζ’
1291 4583 1471 4636 τίτλου
1526 4584 1620 4637 τοῦ
1682 4590 1726 4652 ξ’
1765 4586 1965 4655 βιϐλίου

2076 4588 2274 4655 capite,
2300 4586 2364 4638 37
2387 4584 2470 4637 tit.
2498 4597 2563 4636 1.x
2595 4579 2687 4633 lib.
2719 4578 3069 4633 Basilicorum
3102 4577 3296 4646 posita,
3324 4577 3515 4631 statuit
3547 4578 3648 4632 tali

395 4671 499 4721 τῶν
532 4670 841 4724 Βασιλικῶν
900 4673 1126 4741 κειμένη
1187 4675 1519 4744 προστάττει
1592 4677 1684 4728 τὸν
1724 4676 1969 4731 τοιοῦτον

396 4762 842 4831 ρινοκοπεῖσθαι,
894 4765 989 4816 καὶ
1047 4765 1107 4816 τὸ
1164 4766 1349 4832 τρίτον
1399 4765 1502 4835 τῆς
1556 4768 1746 4830 οὐσίας
1788 4769 1969 4821 αὐτοῦ

394 4854 592 4907 διδόναι
625 4858 687 4925 τῇ
718 4856 849 4924 παρ’
880 4856 1044 4908 αὑτοῦ
1076 4857 1361 4929 βιασθείσῃ
1385 4858 1480 4911 καὶ
1510 4858 1782 4932 φθαρείσῃ
1816 4861 1972 4930 κόρῃ.

996 4948 1233 4999 ΚΑΝΩΝ
1268 4948 1392 5001 ΞΗ’.

395 5036 463 5087 El
522 5053 607 5101 τις
662 5036 1001 5100 ἐπίσκοπος
1056 5037 1092 5104 ἢ
1155 5040 1563 5105 πρεσϐύτερος
1603 5041 1639 5107 ἢ
1688 5040 1978 5107 διάκονος

463 5128 751 5197 δευτέραν
785 5130 1161 5198 χειροτονίαν
1202 5130 1434 5195 δέξεται
1477 5133 1554 5202 (5)
1585 5133 1744 5200 παρά
1791 5150 1972 5199 τινος,

2079 4693 2267 4732 nasum
2292 4690 2411 4730 esse
2448 4672 2859 4743 amputandum,
2904 4679 2958 4723 et
3011 4668 3227 4722 tertiam
3279 4677 3486 4736 partem
3536 4670 3657 4725 sub.

2078 4768 2290 4823 stanlim
2344 4764 2460 4830 cius
2508 4761 2737 4815 dandam
2796 4758 2985 4829 puellm
3056 4759 3122 4813 ab
3174 4759 3288 4828 ipso
3349 4760 3559 4816 violatae
3602 4772 3656 4816 et

2078 4866 2363 4924 corrupte.
3676 4844 3720 4924 ἐς

2607 4942 2835 4997 CANON
2889 4941 3119 4997 LXVIII.

2084 5040 2145 5096 Si
2173 5040 2287 5110 quis
2320 5040 2606 5107 cpiscopus,
2636 5038 2710 5089 vel
2739 5045 3022 5105 presbyter,
3068 5033 3147 5088 vel
3176 5036 3427 5088 diaconus
3464 5052 3655 5092 secun-

2160 5135 2285 5186 dam
2312 5132 2694 5186 ordinationem
2726 5130 2788 5181 ab
2817 5130 2993 5197 aliqua
3017 5128 3316 5196 susceperit,
3344 5128 3654 5195 deponatur,

1617 5275 1782 5335 Guill
1801 5319 1818 5337 .
1866 5276 2187 5352 Beveregn
2222 5279 2410 5333 nota).

464 5397 538 5462 (ὅ)
579 5392 877 5461 Δευτέραν
910 5394 1307 5465 χειροτονίαν
1334 5393 1590 5458 δέξεται.
1630 5396 1967 5465 Cyprianus,

397 5465 540 5520 Nam
572 5465 888 5529 baptismum
930 5464 1085 5531 repeti
1131 5464 1496 5517 ecclesiastica:
1553 5464 1826 5529 prohibent
1882 5484 1968 5520 re-

394 5538 551 5605 gulte,
582 5547 626 5587 et
688 5536 841 5587 semel
899 5535 1247 5599 sanctiﬁcatis
1284 5534 1433 5605 nulla
1486 5535 1727 5605 dein_c_eps
1782 5552 1974 5589 manus

397 5602 585 5659 iterum
612 5620 922 5657 consecratis
975 5606 1247 5673 pra’sumit
1280 5604 1545 5656 accedere.
1592 5602 1758 5659 Nemo
1793 5622 1973 5659 sacros

399 5681 611 5728 ordines
670 5674 826 5726 semel
874 5680 1024 5726 datos
1082 5676 1269 5726 iterant
1319 5684 1553 5726 renovat.
1592 5676 1844 5742 Cyprian.
1903 5675 1976 5729 De

396 5748 559 5799 abtnt.
591 5746 730 5811 pett,
754 5759 782 5812 γ
834 5744 963 5809 ῗέθ,
990 5745 1027 5799 l.
1064 5760 1239 5809 xxvii,
1268 5744 1396 5798 cdit.
1419 5744 1620 5798 Manut.
1643 5745 1716 5799 Si.
1739 5758 1788 5799 ut
1820 5748 1976 5800 setncl

2084 5394 2380 5459 baptizatus
2409 5390 2601 5444 iterum
2630 5388 2887 5455 baptizari
2927 5404 3027 5459 non
3076 5386 3243 5447 debet,
3289 5386 3375 5459 sig
3404 5396 3451 5439 et
3499 5387 3656 5441 semel

2085 5455 2418 5517 consecratus
2452 5461 2640 5512 iterum
2674 5458 2970 5511 consecrari
2996 5473 3105 5526 non
3127 5466 3313 5522 potest.
3338 5455 3495 5526 Greg.
3514 5459 3656 5524 apud

2085 5533 2334 5588 Cratiatt.
2371 5532 2611 5584 distinct.
2646 5527 2735 5591 68,
2775 5542 2895 5595 cap.
2932 5542 2968 5581 l.
2994 5524 3119 5580 "sic
3167 5537 3345 5580 autem
3384 5524 3655 5580 ita—intel-

2089 5601 2306 5672 ligenda
2369 5610 2516 5661 sunt,
2566 5609 2626 5672 ut
2682 5600 2726 5651 is
2776 5598 2951 5672 denuo
3001 5598 3067 5672 ad
3118 5604 3362 5651 eumdem
3413 5597 3658 5651 ordinem

2086 5667 2400 5726 consecrari
2422 5668 2755 5736 non;debeat,
2776 5667 2865 5735 qui
2893 5669 2959 5722 ab
2981 5668 3159 5735 aliquo
3185 5677 3536 5721 consecratus
3551 5676 3655 5730 est,

2087 5758 2247 5812 quem
2297 5742 2384 5810 jus
2440 5739 2793 5794 consecrandi
2842 5738 3096 5794 habuisse
3136 5746 3344 5792 certum
3390 5746 3505 5801 cst;
3564 5737 3656 5803 qui
