4108 6200
456 318 559 384 179

1699 332 1977 393 THEOD.
2024 334 2112 392 BA
2122 335 2423 396 LSAMON

3590 338 3693 402 180

451 433 623 502 ceptis
658 434 724 490 iis
758 436 825 490 de
855 438 1052 507 quibus
1110 442 1268 494 verba
1323 452 1448 496 ante
1509 446 1754 516 fet-intus)
1810 447 1989 501 etiam:

2094 495 2097 503 .
2130 449 2353 519 σκευὴν,
2378 450 2509 505 ἄνευ
2541 445 2615 503 ὧν
2639 451 2941 521 εἰρήκαμεν
2974 450 3306 522 ἔμπροσθεν,
3342 452 3445 507 κᾶν
3474 454 3542 506 τὰ
3579 454 3692 506 λοι·

452 540 755 580 εχιτειηυηι
789 530 1037 597 spiritum
1072 543 1216 601 agat.
1260 532 1525 589 Similiter
1568 536 1758 607 excipe
1792 538 1923 593 mihi
1962 548 2017 593 et

451 630 520 670 ex
592 617 1046 688 Quadragesima,
1108 622 1366 690 Sabbata,
1422 634 1476 681 et
1520 626 1635 682 dies
1684 629 2014 685 Dominicos.

448 706 584 761 Nam
616 718 670 763 et
705 711 757 763 in
808 711 891 765 his
936 712 1101 767 etiam
1155 714 1425 787 jujunium
1472 718 1753 784 solvimus,
1794 730 1851 776 ut
1908 721 2022 775 vult

451 801 778 868 apostolicus
810 818 984 859 canon
1018 804 1105 859 66.
1139 806 1274 863 Nota
1306 820 1359 864 et
1390 826 1453 865 ex
1506 812 1609 867 hoc
1640 816 1892 882 praesenti
1925 830 2019 869 ca-

450 904 593 944 none
632 893 849 959 pmprie
891 909 1055 949 unum
1087 913 1208 953 esse
1235 900 1497 969 jejunium
1554 906 2019 977 quadragesimale

447 978 689 1035 Pascha}.
727 983 782 1037 Si
808 985 953 1039 enim
985 998 1171 1042 essent
1198 1000 1249 1044 et
1277 991 1403 1058 alia,
1436 1008 1623 1050 eorum
1657 1012 1829 1055 canon
1866 1014 2013 1069 quo-

450 1085 555 1140 que
588 1075 946 1131 meminisset.
984 1076 1088 1133 Sed
1121 1092 1175 1135 et
1211 1082 1255 1138 si
1284 1084 1335 1137 in
1376 1086 1500 1141 aliis
1557 1087 1751 1157 jejunii
1800 1094 2013 1161 diebus,

448 1165 659 1221 scilicet
697 1179 1011 1226 sanctorum
1041 1178 1433 1245 apostolorum,
1484 1180 1838 1241 Dormitionis
1887 1204 2016 1242 sau-

445 1254 707 1312 ctissima:
728 1258 994 1328 Deiparae,
1025 1276 1079 1318 et
1104 1264 1311 1323 Natalis
1332 1269 2012 1345 Christi,jejunaverimus,

446 1346 653 1412 pudore
683 1363 787 1403 non
823 1352 1140 1410 aﬂiciemur.
1171 1357 1310 1427 Lege
1330 1370 1383 1413 et
1409 1376 1527 1429 qua:
1557 1379 1584 1416 a
1612 1366 1769 1422 nobis
1812 1371 2012 1439 scripta

445 1445 572 1490 sunt
652 1439 706 1491 in
781 1444 991 1497 tertiam
1054 1447 1529 1517 interrogationem
1600 1459 2009 1525 responsionum

443 1526 781 1592 synodalium
817 1531 1082 1586 factarum
1117 1536 1167 1589 in
1218 1538 1407 1595 diebus
1456 1543 1780 1611 patriarchze
1807 1547 2009 1603 domini

438 1611 666 1672 Nicolai.

512 1797 767 1857 ZONAR.
807 1803 965 1862 Omni
1001 1812 1160 1867 modo
1194 1828 1366 1869 canon
1411 1819 1661 1887 requirit,
1714 1829 1773 1874 ut
1819 1821 2005 1877 ﬁdeles

441 1899 602 1956 agant
633 1890 687 1945 in
712 1893 921 1961 jejunio
956 1911 1197 1956 sanctam
1244 1902 1464 1960 Pascha:
1502 1906 2002 1979 Quadragesimam,

439 1987 493 2031 et
529 1982 954 2055 uniuscujusque
984 2000 1302 2048 caeterarum
1346 1996 1807 2055 hebdomadarum
1858 2002 2000 2057 diem

436 2080 715 2137 quartum,
752 2087 911 2146 atque
944 2081 1277 2140 Parasceven
1316 2107 1330 2141 :
1368 2089 1467 2142 nisi
1498 2092 1618 2160 quis
1649 2092 1719 2148 ob
1746 2095 1996 2151 imbecil-

434 2157 643 2215 litatem
672 2169 916 2235 corporis
942 2169 1187 2239 jejunare
1217 2191 1320 2229 non
1358 2157 1543 2246 possit.
1575 2180 1707 2235 Nam
1735 2185 1998 2253 jejunium

428 2247 536 2304 fuit
564 2251 952 2323 introductum,
1012 2263 1075 2317 ad
1120 2264 1547 2324 humiliationem
1603 2247 1804 2330 carnis.
1850 2276 2000 2343 Quod

430 2340 476 2395 si
510 2357 636 2398 caro
666 2350 874 2415 morho,
912 2353 994 2407 vel
1034 2354 1212 2425 aliqua
1250 2359 1353 2413 alia
1404 2361 1722 2421 inﬁrmitate
1770 2369 1996 2435 laboret,

430 2430 519 2486 illa
551 2449 615 2488 ex
642 2436 847 2506 jejunio
882 2442 1185 2502 humiliatio
1218 2465 1320 2503 non
1345 2462 1427 2506 est
1462 2459 1791 2513 necessaria.
1836 2459 1994 2518 Hunc

431 2533 611 2579 autem
642 2543 903 2587 canouem
937 2550 1043 2590 non
1072 2538 1445 2610 observantes,
1482 2560 1832 2606 consecratos
1874 2541 1997 2621 qui-

428 2614 548 2670 dem
586 2620 780 2689 deponi
814 2642 985 2682 canon
1034 2631 1207 2699 jubet,
1261 2634 1426 2693 laicos
1458 2648 1635 2693 autem
1685 2656 1996 2699 excommu-

427 2704 622 2762 uicari.
679 2710 980 2770 Notandum
1046 2721 1206 2789 igitur
1262 2725 1402 2793 quod
1458 2729 1643 2783 eodem
1697 2732 1753 2787 in
1809 2736 1997 2791 ordine

428 2808 603 2851 canon
640 2804 810 2871 ponit,
840 2817 1081 2863 sanctam
1130 2810 1352 2870 Paschae
1397 2817 1889 2892 Quadragesimam,
1943 2837 1995 2880 et

423 2900 669 2957 quartam
708 2894 916 2966 feriam,
964 2912 1018 2957 et
1048 2902 1405 2964 Parascevcn.

2125 544 2249 597 σθια
2280 543 2439 615 πνέῃ.
2484 543 2760 607 Ὡσαύτως
2786 544 3014 610 ὑπέξελέ
3047 563 3138 615 μοι
3171 546 3264 598 καὶ
3307 546 3414 598 ἀπὸ
3438 545 3536 612 τῆς
3558 547 3694 598 Τεσ-

2124 634 2614 706 σαρακονθημέρου
2664 635 2734 688 τὰ
2795 635 3050 691 Σάϐϐατα
3104 636 3200 689 καὶ
3242 636 3342 699 τὰς
3387 638 3687 707 Κυριακάς.

2122 726 2480 797 Καταλύομεν
2525 728 2636 797 γὰρ
2691 728 2891 798 ὁμοίως
2926 729 3017 781 καὶ
3069 730 3149 790 είς
3183 728 3385 790 ταύτας
3428 730 3571 782 κατὰ
3599 730 3690 783 τὸν

2123 815 2208 883 Eg’
2265 818 2620 871 ἁποστολικὸν
2689 819 2909 872 κανόνα.
2964 818 3278 887 Σημείωσαι
3339 819 3394 870 δὲ
3435 818 3530 872 καὶ
3579 820 3687 871 ἀπὸ

2120 910 2212 962 τοῦ
2244 911 2506 980 παρόντος
2547 911 2773 973 κανόνος
2797 911 2879 963 ὅτι
2920 909 3127 978 κυρίως
3153 911 3250 979 μία
3280 912 3428 963 ἐστὶν
3462 911 3688 980 νηστεία

2120 1004 2153 1071 ἡ
2188 1002 2782 1072 Τεσσαρακονθήμερος
2828 1003 2861 1070 ἡ
2908 1002 3004 1054 τοῦ
3056 1003 3282 1073 Πάσχα·
3317 1005 3364 1055 εί
3404 1003 3513 1071 γὰρ
3544 999 3686 1073 ἦσαν
3772 1034 3781 1049 π

2119 1094 2211 1145 καὶ
2228 1092 2407 1159 ἄλλαι,
2436 1092 2680 1163 ἐμνήσθη
2708 1092 2773 1146 ἂν
2806 1094 2900 1145 καὶ
2926 1091 3131 1145 τούτων
3153 1096 3180 1146 ὁ
3204 1092 3401 1157 κανὼν,
3426 1093 3562 1161 πλὴν
3589 1094 3683 1146 καὶ

2118 1185 2254 1237 κατὰ
2287 1184 2385 1248 τὰς
2411 1184 2577 1247 ἄλλας
2609 1184 2926 1253 νηστίμους,
2959 1185 3127 1255 ἤγουν
3158 1184 3267 1235 τῶν
3305 1185 3477 1251 ἁγίων
3506 1186 3680 1237 Ἀπο-

2119 1276 2339 1337 στόὶων,
2372 1278 2467 1329 καὶ
2495 1277 2592 1345 τῆς
2612 1277 2940 1346 Κοιμήσεως
2962 1279 3060 1345 τῆς
3092 1276 3249 1343 ἁγίας
3270 1276 3553 1339 Θεοτόκου,
3586 1277 3681 1327 καὶ

2113 1366 2213 1435 τῆς
2241 1368 2543 1433 γεννήσεως
2578 1365 2671 1417 τοῦ
2721 1363 2981 1434 Χριστοῦ,
3019 1364 3393 1433 νηστεύοντες,
3442 1367 3541 1419 οὐκ
3591 1368 3678 1419 αί-

2118 1457 2447 1525 σχυνόμεθα.
2497 1457 2834 1524 Ἀνὰγνωσον
2862 1459 2957 1510 καὶ
2987 1458 3053 1511 τὰ
3085 1459 3161 1528 (6)
3195 1459 3328 1527 παρ’
3350 1460 3381 1527 ἡ
3392 1459 3507 1526 μῶν
3536 1474 3676 1527 γρα-

2115 1549 2282 1617 φέντα
2330 1550 2411 1612 είς
2456 1548 2555 1613 τὴν
2604 1556 2653 1615 γ’
2706 1548 2973 1619 ἐρώτησιν
3033 1550 3143 1603 τῶν
3180 1550 3488 1619 γενομένων
3520 1566 3676 1603 συνο-

2112 1638 2277 1692 δικῶν
2304 1638 2651 1706 ἀποκρίσεων
2678 1638 2897 1692 ἐπὶτῶν
2927 1640 3152 1710 ἡμερῶν
3182 1641 3275 1694 τοῦ
3324 1642 3673 1714 πατριάρχου

2040 1769 2083 1827 Β
2114 1729 2281 1799 κυροῦ
2309 1730 2599 1785 Νικολάου.

2180 1818 2427 1872 ΖΩΝΑΡ.
2500 1820 2595 1872 Ἐκ
2641 1821 2839 1884 παντὸς
2892 1824 3093 1893 τρόπου
3136 1826 3166 1877 ὁ
3215 1825 3394 1878 κανὼν
3447 1826 3675 1878 ἀπαιτεῖ

2105 1909 2230 1971 τοὺς
2261 1910 2485 1973 πιστοὺς
2511 1910 2608 1980 τὴν
2640 1912 2804 1979 ἁγίαν
2845 1914 3307 1985 Τεσσαρακοστὴν
3331 1914 3427 1968 τοῦ
3461 1916 3671 1986 Πάσχα,

2107 1997 2202 2049 καὶ
2236 1998 2483 2067 Τετράδα
2545 2000 2638 2052 καὶ
2674 2002 3036 2074 Παρασκευὴν
3084 2005 3325 2073 ἑκάστης
3362 2005 3471 2058 τῶν
3497 2006 3674 2060 ἄλλων

2105 2088 2415 2158 ἑϐδομάδων
2454 2092 2510 2143 ὲν
2536 2093 2763 2163 νηστείᾳ
2795 2095 3023 2163 διάγειν,
3056 2097 3102 2149 εί
3139 2097 3212 2167 μή
3246 2114 3330 2159 τις
3360 2097 3450 2150 διὰ
3487 2114 3674 2166 σωμα-

2102 2179 2263 2249 τικὴν
2296 2179 2581 2234 ἀσθένειαν
2618 2200 2752 2252 νηστ
2785 2184 2901 2236 ύειν
2938 2185 3001 2237 οὐ
3060 2185 3284 2238 δύναται
3308 2202 3321 2216 ’
3357 2188 3388 2255 ἡ
3432 2186 3540 2257 γὰρ
3573 2204 3671 2255 νη-

2105 2270 2255 2323 στεία
2283 2270 2370 2323 διὰ
2401 2271 2730 2325 ταπείνωσιν
2752 2274 3101 2345 ἐπινενόηται
3133 2276 3229 2344 τῆς
3264 2276 3489 2345 σαρκός.
3522 2278 3582 2328 Εἰ
3618 2276 3667 2328 δ’

2101 2363 2163 2414 ὲκ
2221 2362 2377 2415 νόσου
2430 2363 2463 2433 ἢ
2515 2364 2803 2429 ἀσθενείας
2834 2366 3002 2436 ἄλλης
3054 2367 3199 2430 τινὸς
3252 2370 3666 2437 καταπονοῖτοή

2102 2452 2259 2523 σὰρξ,
2297 2455 2329 2521 ὴ
2378 2455 2441 2506 ὲκ
2481 2455 2579 2525 τῆς
2638 2456 2899 2526 νηστείας
2950 2458 3279 2520 ταπείνωσις
3330 2458 3514 2528 ἐκείνη
3562 2459 3665 2511 οὐκ

2098 2543 2393 2611 ἀναγκαία.
2429 2544 2568 2607 Τοὺς
2600 2545 2655 2598 δὲ
2715 2546 2790 2615 μὴ
2820 2548 2909 2599 τὸν
2965 2548 3166 2602 κανόνα
3204 2547 3394 2601 τοῦτον
3455 2549 3660 2616 φυλὰτ·

2098 2649 2288 2694 τοντας
2340 2634 2669 2705 ἱερωμένους
2722 2636 2819 2704 μὲν
2845 2637 3229 2705 καθαιρεῖσθαι
3276 2639 3603 2707 προστάττει
3634 2640 3662 2691 ὁ

2099 2724 2297 2789 κανὼν,
2355 2726 2578 2789 λαῖκοὺς
2631 2727 2691 2780 δὲ
2747 2727 3125 2796 ἀφορίζεσθαι.
3182 2730 3521 2799 Σημειωτέον
3565 2725 3660 2784 οὖν

2093 2816 2174 2868 ὄτι
2211 2817 2268 2867 ὲν
2319 2818 2409 2887 (an
2441 2817 2593 2883 τάξει
2640 2817 2855 2889 τίθησιν
2887 2819 2915 2871 ὁ
2964 2818 3143 2872 κανὼν
3175 2820 3275 2891 τὴν
3323 2821 3483 2888 ἁγίαν
3515 2823 3655 2873 Tea-

2056 2917 2061 2921 '
2099 2908 2445 2978 σαρακοστὴν
2493 2909 2587 2969 τοῦ
2627 2910 2839 2979 Πάσχα,
2888 2911 2982 2962 καὶ
3015 2911 3262 2981 Τετράδα
3321 2912 3417 2964 καὶ
3474 2913 3664 2982 Παρα-

2096 2999 2320 3066 σκευήν.

424 3067 653 3167 ΑΒΙξΤ.
686 3073 948 3131 Clericum
981 3098 1082 3136 non
1114 3086 1445 3152 jejunantem
1494 3092 1988 3167 Quadragesimam,

2094 3090 2316 3143 ΔΡΙΣΤ.
2363 3091 2474 3144 Τὸν
2498 3091 2584 3159 μὴ
2604 3092 2981 3157 νηστεύοντα
3009 3090 3125 3159 τὴν
3152 3091 3663 3163 Τεσσαρακοστήν

496 3160 574 3212 vel
605 3176 849 3229 quartum
876 3169 1033 3231 diem,
1056 3172 1132 3225 vel
1174 3173 1496 3233 Parasceven
1523 3183 1769 3251 depones,
1795 3186 1986 3242 laicum

491 3258 666 3304 antem
698 3262 1193 3330 exrammunicabis,
1230 3267 1332 3319 nisi
1381 3285 1473 3335 per
1503 3271 1860 3338 inﬁrmitatem
1890 3278 1990 3332 im-

492 3345 615 3397 aedi
622 3354 725 3399 tur.
760 3347 1015 3418 Perspicu
1025 3370 1106 3409 us.

936 3464 1047 3536 46
1081 3468 1307 3523 CANON
1346 3472 1503 3528 Lxx.

420 3562 627 3634 Siquis
663 3570 956 3639 episcopus,
1007 3576 1087 3629 vel
1131 3580 1421 3649 presby'er,
1471 3586 1543 3637 vel
1586 3588 1859 3653 diaconus,
1906 3590 1985 3643 vel

489 3660 697 3712 omnino
714 3678 778 3715 ex
793 3665 1105 3721 clericorum
1126 3675 1384 3742 catalogo,
1396 3675 1605 3743 jejuna!
1619 3696 1732 3731 cum
1755 3678 1980 3746 Juda’is,

485 3748 564 3801 vel
594 3766 711 3803 cum
765 3754 891 3822 ipsis
942 3757 1102 3826 festos
1146 3761 1255 3816 dies
1301 3767 1430 3833 agit,
1480 3769 1556 3822 vel
1614 3770 1676 3821 ab
1707 3773 1831 3840 ipsis
1861 3772 1983 3841 festi

485 3842 643 3894 xenia
686 3845 878 3913 accipit
942 3849 1020 3905 (ut
1059 3851 1199 3903 verbi
1248 3856 1419 3921 gratia
1462 3874 1669 3927 azyma,
1719 3870 1811 3913 aut
1855 3862 1980 3929 quid

486 3930 609 3999 tale)
635 3933 945 4003 deponatur.
988 3937 1049 3992 Si
1082 3956 1199 3995 vero
1228 3944 1295 3996 sit
1338 3944 1531 4009 laicus,
1571 3962 1893 4021 segregetur.

476 4105 670 4163 BALS.
740 4112 870 4166 Cum
934 4119 1315 4186 praecepissent
1368 4139 1464 4192 per
1534 4128 1669 4183 alios
1742 4145 1979 4186 canones

407 4202 657 4267 apostoli,
690 4205 820 4272 quid
856 4206 968 4260 ﬁeri
1004 4210 1196 4265 debeat
1225 4214 1275 4267 in
1309 4228 1403 4270 eos
1427 4218 1515 4284 qui
1549 4233 1672 4275 cum
1704 4219 1977 4279 haercticis

408 4300 699 4357 precantur
728 4304 820 4348 aut
842 4311 960 4349 cum
988 4305 1495 4369 excommunicatis,
1520 4309 1633 4375 jam
1657 4311 1973 4376 decernunt,

407 4392 500 4434 aut
534 4384 624 4450 qui
664 4400 785 4438 cum
824 4385 1027 4445 Judaais
1076 4390 1361 4459 jejunant,
1399 4406 1494 4452 aut
1525 4414 1712 4469 azyma
1757 4402 1969 4457 festivi-

406 4480 574 4526 tatum
620 4474 857 4541 ipsorum
907 4481 1192 4550 recipiunt,
1232 4495 1324 4538 aut
1374 4488 1519 4542 aliud
1562 4492 1821 4560 ejusmodi
1872 4496 1971 4549 ali-

405 4564 547 4630 quod
587 4580 800 4632 munus,
855 4568 900 4622 si
937 4570 1151 4636 quidem
1205 4573 1388 4630 clerici
1435 4578 1566 4645 sint,
1620 4581 1835 4649 deponi,
1885 4586 1966 4640 sin

406 4654 556 4723 laici,
593 4664 1056 4717 excommunicari
1098 4683 1111 4718 :
1144 4681 1211 4720 ne
1246 4668 1447 4723 dixeris
1477 4681 1654 4725 autem
1679 4675 1971 4744 eosjudai-

406 4761 555 4814 zare,
601 4760 853 4819 tanquam
889 4754 1028 4808 idem
1058 4772 1178 4811 cum
1206 4757 1404 4815 Judaais
1434 4763 1704 4818 sentiant:
1748 4768 1969 4824 omnino

407 4838 550 4893 enim
586 4855 694 4894 non
726 4841 1052 4911 depositioni
1092 4847 1173 4901 vel
1202 4852 1569 4919 segregationi
1598 4855 1769 4910 solum
1800 4858 1970 4926 subji-

2159 3181 2198 3246 ἣ
2232 3181 2485 3249 Τετράδα
2522 3184 2619 3235 καὶ
2646 3182 3050 3251 Παρασκευὴν
3073 3187 3365 3253 κληρικὸν
3381 3187 3660 3255 καθαιρή-

2158 3287 2310 3334 σεις,
2341 3272 2449 3325 τὸν
2488 3271 2556 3324 δὲ
2573 3275 2787 3327 λαϊιιόν
2826 3274 3158 3343 ἀφορίσεις,
3188 3279 3238 3330 εί
3259 3277 3346 3347 μὴ
3377 3278 3453 3331 δι’
3472 3278 3653 3334 ἀσθέ-

2160 3380 2326 3417 νειαν
2354 3363 2743 3424 ἐαποδίζεται.
2771 3366 2979 3435 Σαφής.

2698 3475 2935 3528 ΚΑΝΩΝ
2966 3479 3020 3529 0'

2086 3584 2158 3637 Εἴ
2185 3601 2275 3649 τις
2297 3586 2629 3652 ἐπίσκοπος
2654 3588 2751 3657 t7),
2780 3589 2817 3656 ἢ
2842 3591 3261 3658 πρεσϐύτερος,
3294 3594 3652 3665 ἣξδιὰκονος,

2155 3674 2191 3741 ἢ
2222 3676 2376 3741 ὅλως
2398 3676 2502 3729 τοῦ
2520 3679 2857 3747 καταλόγου
2884 3677 3004 3731 τῶν
3024 3682 3347 3749 κληρικῶν,
3373 3690 3653 3751 νηστεύει

2149 3766 2301 3832 μετὰ
2333 3765 2665 3831 Ἰουδαίων,
2708 3768 2744 3835 ἢ
2779 3767 3038 3837 ἑορτάζει
3069 3772 3220 3838 μετὰ
3249 3774 3451 3827 αὐτῶν
3484 3777 3522 3843 ἢ
3553 3776 3650 3829 δέο

2152 3874 2340 3925 χεται,
2389 3860 2529 3926 παρ’
2560 3859 2759 3914 αὐτῶν
2803 3862 2874 3916 τὰ
2916 3862 3027 3930 τῆς
3076 3864 3286 3931 ἑορτῆς
3348 3866 3519 3929 ξένια.
3570 3870 3648 3938 (8)

2154 3944 2326 4016 (οἷον,
2363 3948 2550 4017 ἄζυμα
2600 3949 2636 4015 ἥ
2682 3968 2737 4003 τι
2776 3951 3093 4021 τοιοῦτον),
3130 3955 3542 4022 καθαιρείσθω.
3578 3959 3651 4012 ΕΞ

2148 4037 2215 4089 δὲ
2238 4039 2449 4104 λαῐκὸς
2472 4039 2586 4105 εἴη,
2611 4041 2998 4109 ἀφοριζέσθω.

2150 4131 2347 4184 ΒΛΛΣ.
2390 4131 2851 4200 ὐροθετήσαντες
2898 4136 2944 4186 οἱ
2980 4136 3272 4189 ἀπόστολοι
3299 4138 3387 4191 διὰ
3443 4139 3649 4206 ἐτέρων

2078 4224 2319 4278 κανόνων
2351 4225 2403 4277 τί
2432 4226 2638 4294 ὀφείλει
2669 4226 2922 4293 γίνεσθαι
2956 4229 3036 4289 εἰς
3065 4230 3191 4289 τοὺς
3220 4230 3649 4299 συνευχομένους

2080 4313 2219 4380 μετὰ
2243 4314 2590 4385 αἱρετικῶνῆ
2624 4316 3040 4386 ἀφωρισμένων,
3074 4318 3197 4386 ἄρτι
3244 4318 3650 4385 παρακελεύον-

2078 4418 2167 4454 ται
2209 4404 2336 4465 τοὺς
2390 4404 2529 4474 μετὰ
2557 4404 2831 4459 Ἰουδαίων
2874 4406 3290 4478 νηστεύοντας-ἢ
3322 4407 3648 4477 δεχομένους

2077 4492 2146 4544 τὰ
2176 4493 2282 4545 τῶν
2310 4494 2514 4564 ἑορτῶν
2553 4495 2732 4547 αὐτῶν
2761 4496 2969 4564 ἄζυμα,
3001 4495 3033 4566 ἦ
3061 4496 3247 4564 ἕτερον
3284 4496 3478 4560 ξένιον,
3514 4495 3649 4565 κλη-

2078 4587 2263 4653 ρικοὺς
2303 4585 2403 4655 μὲν
2424 4585 2608 4649 ὄντας,
2633 4587 3051 4656 καθαιρεῖσθαι,
3088 4587 3311 4650 λαῖκοὺς
3342 4587 3419 4651 δὲ,
3453 4587 3647 4657 ἀφορί-

2074 4676 2287 4739 ζεσθαι.
2320 4677 2410 4749 Μὴ
2449 4678 2611 4749 εἴπης
2639 4679 2694 4731 δὲ
2717 4678 2941 4741 τούτους
2972 4679 3275 4743 ίουδαῖζειν,
3307 4679 3381 4741 ὼς
3408 4679 3502 4731 καὶ
3530 4682 3647 4742 τοῖς

2072 4769 2350 4831 Ἰουδαίοις
2385 4770 2693 4841 ὁμόφρονας
2717 4770 2878 4834 ὄντας
2900 4788 2913 4801 ⁸
2948 4772 3167 4833 πάντως
3193 4772 3301 4840 γὰρ
3333 4772 3392 4824 οὐ
3441 4772 3641 4825 καθαιο

2078 4862 2226 4930 ρέσει
2277 4862 2411 4933 μόνῃ
2444 4861 2475 4932 ἢ
2532 4862 2827 4935 ἀφορισμῷ
2868 4863 3472 4934 καθυποϐληθήσονται,
3504 4864 3645 4917 ἀλλὰ

1618 4992 1811 5057 Guill.
1846 4995 2171 5077 Beveregii
2213 5004 2401 5059 notte.

476 5102 551 5187 (6)
600 5105 985 5187 Ἀνιξγνωσον
1012 5111 1107 5163 καὶ
1153 5112 1419 5187 τιμε-ηερε
1459 5129 1627 5184 usque
1681 5120 1746 5169 ad
1804 5118 1959 5172 linem

403 5171 868 5253 interpretationis
922 5195 985 5233 ex
1042 5195 1142 5234 ms.
1179 5174 1469 5236 Bodleiano
1529 5171 1669 5239 (nunc
1727 5171 1957 5253 primum

400 5241 631 5295 edimus.
670 5245 893 5301 Exstant
934 5259 1141 5312 autem,
1179 5267 1299 5319 quae
1332 5254 1418 5307 hic
1447 5241 1769 5309 Balsamune
1815 5241 1961 5309 com-

400 5319 890 5391 ntemorantur,”ad
928 5319 1153 5391 “calcem
1185 5322 1508 5377 scholiorum
1549 5325 1717 5391 ipsius
1765 5327 1815 5379 in
1858 5325 1959 5381 No-

403 5394 756 5435 nmcauouem
790 5385 959 5439 l‘hotii
995 5389 1045 5439 in
1074 5391 1311 5445 editione
1338 5385 1586 5447 Gentiani
1615 5392 1849 5448 lierveti.

473 5449 549 5517 (7)
607 5452 675 5503 Et
733 5469 823 5518 τις
884 5455 1237 5522 ἐπίσκοπος.
1295 5460 1528 5517 Joannes
1585 5465 1958 5519 Autiochenus

396 5516 543 5605 lltlnc
575 5516 833 5605 cano.qu
863 5526 945 5605 sic
971 5527 1116 5605 lcgtt.
1154 5516 1221 5582 Ei’
1258 5549 1339 5592 τις
1367 5534 1677 5605 ἐπίσκοπος
1708 5535 1737 5604 ἢ
1769 5534 1957 5605 κληρι-

394 5588 491 5672 κός
508 5593 773 5672 ’νηστειξει
818 5597 959 5660 μετὰ
989 5588 1370 5672 ςῖιζδδαίων,
1428 5588 1775 5672 πνεορτάζέι
1838 5588 1955 5672 μετ’

388 5655 652 5742 φυτῶν,ᾒ
698 5655 911 5741 δέχεται
944 5665 1122 5742 αὐτῷ’)
1161 5668 1239 5742 τεῖι⁸
1278 5655 1378 5737 iié
1430 5655 1624 5742 éoetﬁ":
1657 5655 1953 5736 gévm’.°{a

387 5725 573 5797 ἄζυμα
610 5725 931 5801 ἤτιιιοῦτον,
990 5725 1392 5807 καθαιρείσθωτ
1430 5725 1731 5808 είλαῖψκές,
1765 5725 1955 5814 ἀφορι-

2072 5121 2269 5184 ςέσθω.
2304 5120 2463 5175 Joan.
2491 5121 2738 5175 Antioch.
2764 5121 2974 5175 collect.
3009 5138 3129 5175 can.
3161 5122 3240 5175 tit.
3271 5121 3359 5175 57.

2140 5190 2217 5258 (8)
2243 5190 2317 5243 Τὰ
2331 5189 2438 5257 τῆς
2456 5191 2668 5257 ἑορτῆς
2685 5191 2873 5255 ξένια.
2891 5192 3023 5246 Cum
3040 5192 3279 5245 solemne
3298 5190 3480 5245 Purim
3501 5192 3643 5249 cele-

2068 5257 2285 5313 brarent
2304 5259 2601 5331 Juda‘:i,sibi
2623 5263 2847 5314 invicem
2872 5270 3053 5331 partes
3073 5262 3136 5315 de
3156 5262 3403 5315 convivio
3421 5263 3635 5318 mittere

2065 5329 2308 5383 solebant
2344 5327 2517 5389 (Eata.
2550 5346 2625 5394 ιχ,
2662 5331 2772 5398 l9.)
2802 5327 2973 5386 Et'sic
3007 5332 3058 5383 in
3092 5332 3212 5385 aliis
3251 5345 3461 5397 quoque
3484 5331 3636 5385 festi-

2061 5399 2340 5461 vitatibus,
2377 5398 2725 5480 Christianos
2750 5402 2875 5453 olim
2908 5404 3048 5480 inter
3073 5398 3289 5453 Judnzos
3331 5413 3629 5480 versantes,

2062 5467 2369 5536 hujusmodi
2406 5470 2562 5521 abiis
2590 5472 2863 5536 portiones
2891 5472 3137 5534 accipere
3171 5485 3274 5522 non
3311 5470 3521 5536 puduit.
3564 5472 3635 5524 De

2062 5534 2163 5590 hoc
2215 5534 2797 5618 Ecclesifeprimitivze
2836 5541 3092 5604 praesules
3149 5534 3429 5619 certiores
3476 5540 3629 5619 tacti,

2060 5606 2161 5676 hoc
2184 5622 2392 5660 canone
2420 5608 2470 5660 id
2493 5608 2859 5663 interdicunt:
2889 5622 2941 5663 et
2997 5624 3185 5676 poenas
3216 5610 3285 5662 ab
3318 5610 3636 5675 decipienti-

2059 5675 2426 5749 hu_s_exiguut,
2456 5677 2617 5744 idque
2644 5675 3021 5749 ueChristiani
3044 5694 3167 5735 cum
3189 5677 3394 5735 Judwis
3422 5679 3631 5749 jejunia

2059 5745 2141 5801 vel
2169 5745 2303 5801 festa
2340 5761 2600 5817 peragere
2632 5748 2965 5804 viderentur.
