4108 6200
406 249 511 312 181

1637 256 1718 318 ΙΝ
1757 258 2129 321 CAN.LXXI
2173 262 2427 322 APOS'I‘.

3548 267 3657 331 18‘)

406 376 510 425 καὶ
547 372 807 425 παντελεί
847 372 1236 443 άκοινωνησίᾳ,
1294 373 1475 437 καθὼς
1498 374 1594 428 καὶ
1621 377 1648 428 6
1688 374 1771 426 κθ’
1799 372 1967 426 κανὼι

2087 376 2317 441 cientur,
2351 378 2443 432 sed
2491 378 2650 432 ctiam
2682 378 2945 434 absolutae
2975 388 3029 434 et
3052 380 3199 434 omni
3236 394 3297 434 ex
3332 389 3483 448 parte
3526 397 3653 448 per-

407 465 512 532 τῆς
545 466 602 516 ὲν
631 464 926 535 Λαοδικείᾳ
957 466 1173 519 συνόδου
1201 465 1666 537 παρακελεύεται.
1685 464 1823 518 Ἀλλ’
1859 463 1978 517 είτιὲ

409 554 639 617 τούτους
667 554 985 625 όρθοδόξους
1017 556 1116 625 μὲν
1145 550 1306 623 εῖναι,
1334 557 1751 628 καταφρονητάς
1784 556 1842 609 δὲ
1870 555 1979 608 τῶν

406 646 890 715 ἐκκλησιαστικῶν
930 647 1302 716 παραδόσεων,
1353 649 1445 701 καὶ
1494 646 1803 716 ἀδιαφόρως
1846 645 1979 710 ζῶν-

401 753 536 800 ταςο
572 736 869 790 κάντεῦθεν
921 739 1301 808 μετριωτέρως
1333 739 1530 803 αὐτοὺς
1556 739 1633 800 ὡς
1687 736 1980 791 σκανδαλοο

402 828 603 889 ποιοὺς
636 825 987 890 κολάζεσθαι.
1021 827 1122 880 Διὰ
1155 830 1265 897 γὰρ
1291 828 1449 882 τοῦτο
1492 827 1583 881 καὶ
1619 820 1801 898 ἡμεῖς,
1850 828 1979 879 τάν-

403 918 570 971 αντία
592 920 708 980 τοῖς
731 918 1013 980 Ἰουδαίοις
1039 920 1134 973 καὶ
1161 922 1276 982 τοῖς
1296 921 1479 983 ἄλλοις
1514 921 1812 992 αίρετικοῖς
1841 937 1975 990 φρο-

401 1010 631 1074 νοῦντες
665 1011 761 1063 καὶ
797 1011 1154 1081 πράττοντες,
1188 1011 1530 1079 καταλὺομεν
1564 1010 1976 1074 ἀνενδοιάστως,

403 1107 536 1157 ὅταν
587 1106 792 1158 ἐκεῖνοι
847 1104 1171 1173 νηστεύωσι,
1219 1105 1381 1174 τυχὸν
1425 1104 1515 1158 διὰ
1550 1104 1650 1174 τὴν
1690 1103 1832 1158 κατὰ
1875 1104 1976 1172 τῆς

402 1196 599 1249 Νινευῒ
629 1196 885 1265 ἀπειλὴν,
936 1195 967 1264 ἦ
1012 1196 1107 1248 καὶ
1156 1197 1222 1248 δι’
1253 1197 1448 1266 ἐτέρας
1477 1197 1659 1259 αίτίας
1714 1196 1975 1258 δοκούσας

402 1290 625 1348 αὐτοῖς·
665 1286 773 1339 ἀπὸ
819 1285 1003 1354 μέντοι
1043 1285 1137 1337 τοῦ
1176 1287 1557 1356 καθαιρεῖσθαι
1588 1287 1680 1340 καὶ
1716 1287 1976 1357 ἀφορίζε-

407 1380 534 1433 σθαι
562 1382 691 1442 τοὺς
721 1379 1099 1448 λαμϐάνοντας
1134 1377 1194 1443 ἐξ
1237 1380 1513 1432 Ἰουδαίων
1542 1379 1609 1431 τὰ
1638 1381 1737 1449 τῆς
1781 1380 1976 1450 ἑορτῆς

401 1470 587 1523 αὐτῶν
627 1470 797 1533 ξένια,
834 1469 902 1520 τὰ
936 1468 1118 1537 ἄζυμα
1147 1469 1369 1539 δηλαδὴ,
1429 1470 1523 1521 καὶ
1565 1471 1634 1522 τὰ
1668 1469 1849 1533 λοιπὰ,
1889 1468 1976 1522 λέ-

401 1578 595 1629 γουσιν
647 1562 696 1613 οί
729 1560 915 1613 πολλοὶ
970 1560 1289 1613 ἁλίσκεσθαι
1335 1563 1459 1622 τοὺς
1494 1561 1852 1629 ποιουμένους
1888 1561 1976 1614 διὰ

403 1654 639 1722 ἀζύμων
690 1654 789 1722 τὴν
844 1653 1115 1722 μυστικὴν
1158 1652 1373 1705 Θυσίαν.
1421 1653 1482 1706 El
1530 1653 1639 1721 γὰρ
1666 1653 1725 1705 τὸ
1760 1652 1969 1719 ἁπλῶς,

2086 466 2237 521 lecta:
2265 469 2832 537 excommunicationi,
2863 472 2940 525 uti
2976 471 3142 525 etiam
3179 470 3332 540 jubet
3370 471 3440 525 29
3475 486 3646 527 canon

2082 557 2294 611 Laodic.
2327 575 2449 631 syn.
2484 558 2587 615 Sed
2621 560 2706 616 dic
2742 562 2840 616 hos
2883 562 3100 631 quidem
3140 571 3287 616 recte
3343 562 3547 617 sentire
3595 572 3651 617 et

2080 650 2412 704 orthodoxos
2441 666 2581 718 esse,
2616 653 2709 708 sed
2744 652 3245 707 ecclesiasticarum
3290 654 3641 708 traditionum

2082 750 2503 809 contemptores,
2531 752 2586 797 et
2632 742 3103 797 indiscriminatim
3133 742 3376 797 viventes
3405 760 3418 796 :
3450 752 3503 796 et
3531 743 3655 795 ideo

2081 832 2225 901 ipsos
2255 832 2465 897 mitius,
2496 843 2552 886 ut
2575 834 2663 904 qui
2692 833 3076 889 oﬂ'endiculum
3106 843 3384 903 generem,
3441 834 3643 900 puniri.

2078 921 2373 991 Propterea
2412 936 2641 994 namque
2670 932 2719 978 et
2751 938 2846 978 nos
2874 925 2966 993 qui
2998 922 3197 977 Judaais
3242 924 3471 993 aliisque
3521 922 3636 976 hze~

2080 1010 2267 1066 reticis
2300 1012 2568 1066 contraria
2614 1021 2667 1067 ct
2698 1012 2963 1067 sentimus
3006 1021 3061 1066 et
3108 1012 3341 1081 agimus,
3386 1012 3661 1066 solvimus

2079 1102 2215 1156 citra
2279 1103 2669 1157 dubitationem
2710 1144 2724 1167 ,
2775 1105 2989 1165 quando
3039 1102 3115 1156 illi
3169 1102 3451 1173 jejunant,
3511 1103 3648 1156 forte

2080 1205 2301 1265 propter
2328 1196 2502 1250 minas
2532 1194 2775 1263 Ninives,
2816 1197 2901 1251 vel
2944 1196 3077 1251 alias
3111 1212 3229 1265 quae
3269 1199 3350 1251 eis
3400 1196 3648 1248 videntur

2078 1303 2293 1343 causas.
2350 1289 2427 1341 Ac
2473 1302 2537 1342 ex
2578 1289 2680 1343 hoc
2710 1288 2924 1356 quidem
2979 1287 3121 1356 quod
3173 1288 3515 1354 deponuntur
3564 1286 3643 1339 vel

2077 1388 2431 1449 segregantur
2459 1379 2492 1433 ii
2515 1380 2607 1449 qui
2641 1396 2667 1431 a
2695 1377 2897 1434 Judaeis
2924 1378 3183 1433 festorum
3212 1378 3449 1447 ipsorum
3486 1377 3659 1429 xenia»

2078 1473 2374 1542 accipiunt,
2408 1487 2594 1544 azyma
2625 1482 2678 1526 et
2711 1482 2928 1537 caetera,
2961 1473 3147 1527 dicunt
3179 1471 3334 1525 multi
3366 1485 3458 1525 eos
3491 1472 3659 1540 argui

2083 1566 2173 1634 qui
2206 1580 2301 1634 per
2349 1580 2536 1635 azyma
2584 1566 2871 1634 mysticum
2920 1563 3247 1618 sacriﬁcium
3302 1561 3529 1617 faciunt.
3584 1562 3659 1614 Si

2077 1656 2219 1710 enim
2250 1656 2566 1725 simpliciter
2589 1671 2833 1725 azymum
2864 1670 3105 1711 comesse
3132 1654 3340 1709 Judaici
3374 1652 3517 1720 festi,
3544 1653 3639 1707 de-

403 1748 564 1816 φησὶ,
594 1748 791 1815 φαγεῖν
824 1745 1010 1816 ἄζυμα
1072 1746 1378 1814 Ἰουδαϊκῆς
1411 1745 1732 1815 καθαίρεσιν
1776 1748 1967 1814 ἐπάγει

2082 1749 2400 1816 positionem
2445 1757 2499 1802 et
2534 1748 2958 1818 segregatiouem
3008 1747 3234 1809 inducit,
3280 1761 3467 1800 eorum
3525 1756 3641 1797 tau-

403 1839 500 1888 καὶ
541 1834 875 1904 ἀφορισμδν,
909 1835 970 1886 τὸ
1024 1834 1468 1903 μεταλαμϐάνειν
1504 1835 1705 1901 αὐτῶν,
1744 1835 1819 1899 ὡς
1855 1838 1969 1889 Κυ-

408 1925 602 1992 ριακοῦ
641 1925 913 1995 σώματος,
945 1925 1040 1978 καὶ
1067 1925 1383 1995 παρομοίως
1405 1925 1633 1988 ἐκείνοις
1657 1926 1746 1979 διὰ
1768 1926 1973 1981 τούτων

402 2020 463 2070 τό
500 2018 694 2086 Πάσχα
749 2017 945 2080 ποιεῖν,
998 2015 1160 2068 ποίαν
1212 2017 1309 2086 οὐχ
1345 2016 1458 2080 ἔξει
1499 2018 1849 2088 κατάγνωσιν
1878 2021 1974 2073 καὶ

404 2111 631 2164 κόλασιν
657 2126 674 2176 ;
706 2109 1024 2178 Σημείωσαι
1044 2106 1139 2160 οὖν
1162 2107 1403 2160 τοιοῦτον
1437 2110 1658 2175 κανόνα,
1700 2111 1795 2164 καὶ
1820 2112 1972 2179 ζήτει

401 2201 501 2268 τῆς
534 2202 592 2251 ὲν
631 2197 966 2267 Καρθαγὲνῃ
1001 2198 1219 2250 συνόδου
1250 2199 1450 2251 κανόνα
1485 2196 1548 2263 ξ’.

472 2290 717 2345 ΖΩΝΑΡ.
748 2291 810 2343 El
858 2292 885 2343 6
914 2289 1266 2360 ὰκοινωνήτῳ
1307 2290 1699 2360 συνευξάμενος
1740 2292 1773 2360 ἢ
1838 2292 1973 2346 καθ-

396 2384 682 2456 ῃοημένῳ,
717 2381 805 2434 διὰ
832 2382 958 2443 τοὺς
997 2381 1097 2450 ἤδη
1134 2384 1557 2452 γεγραμμένους
1587 2384 1817 2448 κανόνας
1870 2383 1974 2438 ὑπὸ

397 2475 675 2543 ἐπιτίμιον
694 2475 859 2536 ἐστὶν,
887 2474 915 2525 6
934 2473 1066 2541 μετὰ
1094 2472 1367 2526 Ἰουδαίων
1390 2474 1685 2541 ἑορτάζων,
1717 2474 1750 2548 ἢ
1782 2491 1974 2545 συννη-

395 2567 573 2620 τεόων
591 2565 846 2635 αὖτοῖς,ἢ
871 2566 1092 2635 μερίδας
1109 2567 1258 2628 τινὰς
1276 2567 1467 2635 ἑορτῆς
1484 2567 1663 2621 αὐτῶν
1684 2568 1972 2632 ὲξὲκείνων

394 2658 690 2727 δεχόμενος
705 2656 1032 2727 (ἀνθρώπων
1050 2658 1148 2710 οὐκ
1167 2658 1587 2729 ἀφωρισμένων,
1606 2659 1725 2712 οὐδὲ
1747 2660 1973 2713 ἀκοινω-

394 2751 594 2817 νήτων,
620 2747 755 2801 ἀλλὰ
780 2748 1220 2815 Χριστοκτόνων,
1262 2748 1354 2801 καὶ
1388 2749 1575 2819 πόρῤω
1608 2749 1706 2819 τῆς
1747 2750 1854 2822 τῷν
1885 2767 1972 2802 πι-

396 2840 545 2893 στῶν
575 2839 925 2909 ὀμηγύρεως,
963 2840 995 2909 ἢ
1031 2840 1232 2909 μᾶλλον
1253 2840 1598 2911 καταράτων)
1626 2842 1740 2903 πῶς
1772 2841 1870 2894 οὐκ
1904 2840 1970 2894 ἂν

395 2934 484 3002 εἴη
521 2932 693 2997 ἄξιος,
718 2932 1015 3002 ίερωμένος
1042 2931 1141 2995 ὢν,
1175 2932 1563 3002 καθαιρέσεως,
1596 2932 1627 3002 ἦ
1654 2933 1838 2993 λαῖκὸς
1871 2932 1967 2997 ὢν,

397 3021 743 3091 ἀφορισμοὴ
771 3022 890 3075 Κᾶν
914 3020 1023 3090 γὰρ
1052 3022 1126 3091 μὴ
1152 3021 1220 3075 τὰ
1255 3022 1476 3077 ἐκείνων
1511 3026 1705 3094 φρονῇ,
1739 3024 1874 3078 ἀλλά
1905 3041 1967 3093 γε

2077 1852 2239 1907 quam
2270 1837 2535 1892 Dominici
2583 1836 2824 1906 corporis
2877 1850 2998 1891 esse
3040 1834 3344 1905 participes,
3396 1842 3449 1886 et
3493 1831 3644 1884 simi-

2076 1933 2202 1986 liter
2229 1946 2291 1985 ac
2326 1931 2399 1985 illi
2428 1932 2632 1986 Pascha
2664 1930 2868 1994 facere,
2909 1942 3070 1997 quam
3120 1942 3226 1981 non
3261 1925 3480 1979 habebit
3510 1937 3642 1977 con-

2076 2027 2478 2084 demnationem
2555 2036 2608 2082 et
2672 2023 3232 2079 animadversionem?
3310 2021 3443 2075 Nota
3514 2033 3643 2087 ergo

2076 2116 2221 2171 hunc
2256 2131 2541 2180 canonem,
2578 2123 2633 2169 et
2665 2129 2846 2184 qurere
2875 2111 3263 2182 Carthagiuen.
3318 2108 3505 2180 synodi
3549 2122 3643 2161 ca-

2076 2220 2268 2258 nnuem
2315 2204 2405 2258 60.

2143 2293 2398 2350 ZONAR.
2432 2293 2486 2347 Si
2517 2294 2604 2360 qui
2640 2292 2802 2346 simul
2832 2300 2953 2346 orat
2989 2306 3110 2344 cum
3148 2286 3638 2346 excommunicatn,

2072 2388 2155 2440 vel
2188 2388 2452 2455 deposito,
2495 2400 2589 2453 per
2616 2386 2726 2452 jam
2761 2384 2995 2453 scriptos
3033 2395 3292 2443 canones,
3318 2392 3489 2447 preme
3518 2391 3642 2429 reus

2074 2488 2179 2540 est,
2208 2493 2330 2532 cum
2361 2477 2560 2531 Judzeis
2591 2489 2756 2545 agens
2793 2476 2986 2528 fesutm
3037 2473 3120 2524 vel
3161 2486 3280 2525 cum
3332 2470 3463 2538 ipsis
3502 2467 3643 2537 jeju—

2073 2584 2228 2628 nans,
2284 2568 2365 2621 vel
2416 2568 2627 2636 aliquas
2679 2565 2991 2620 eorumdem
3043 2562 3165 2617 festi
3217 2572 3396 2630 partes
3436 2559 3641 2613 abillis

2072 2659 2341 2729 accipiens
2372 2658 2704 2727 (hominibus
2761 2672 2864 2710 non
2928 2653 3194 2724 separatis
3240 2662 3293 2707 et
3326 2666 3642 2707 excommu-

2072 2749 2287 2815 nicatis,
2323 2749 2416 2804 sed
2446 2748 2646 2804 Christi
2673 2746 3003 2802 occisoribus
3035 2754 3091 2798 et
3122 2743 3307 2814 procul
3338 2740 3573 2796 exclusis
3606 2755 3635 2793 a

2073 2840 2312 2895 ﬁdelium
2351 2848 2495 2896 coetu
2525 2840 2606 2893 vel
2639 2838 2817 2907 potius
2851 2835 3195 2905 maledictis),
3235 2834 3501 2902 quomodo
3528 2847 3636 2886 non

2072 2930 2236 2985 etiam
2265 2931 2460 3001 dignus
2496 2929 2685 2995 fuerit,
2720 2937 2968 2983 sacratus
3001 2925 3240 2995 quidem,
3282 2923 3639 2992 depositione,

2072 3022 2153 3077 vel
2182 3022 2375 3088 laicus,
2435 3019 3037 3076 excommunicatione?
3081 3016 3215 3071 Nam
3275 3015 3486 3069 tametsi
3532 3030 3635 3068 nou

394 3114 615 3175 τολλοῖς
665 3114 962 3166 σκανδάλου
1006 3112 1225 3165 δίδωσιν
1272 3114 1528 3184 ἀφορμὴν
1566 3115 1659 3167 καὶ
1709 3113 1967 3168 ὑπόνοιαν

2070 3114 2289 3179 sentiat,
2323 3113 2467 3183 quod
2504 3112 2579 3167 illi
2612 3130 2625 3167 :
2664 3111 2846 3166 multis
2884 3121 3060 3165 tamen
3092 3107 3433 3163 occasionem
3464 3119 3637 3159 scan-

394 3205 521 3257 καθ’
538 3205 736 3257 ἑαυτοῦ
767 3204 838 3265 ὠς
863 3204 962 3268 τὰς
997 3205 1298 3268 Ἰουδαϊκὰς
1339 3206 1517 3275 τιμῶν
1548 3206 1790 3270 τελετάς.
1816 3207 1967 3277 Ἀμα

390 3298 453 3351 δὲ
481 3299 576 3351 καὶ
597 3296 907 3368 μιαίνεσθαι
928 3299 1242 3350 πιστεύεται
1266 3300 1331 3367 τῇ
1358 3298 1583 3352 ἐκείνων
1602 3316 1967 3370 συναναστρο-

394 3392 473 3457 φῇ
500 3406 515 3419 ο
552 3389 688 3459 πρὸς
713 3388 804 3450 οὓς
841 3390 868 3440 6
899 3389 1031 3452 Θεὸς
1059 3389 1145 3441 διὰ
1168 3388 1261 3441 τοῦ
1296 3391 1581 3460 προφήτου
1617 3391 1711 3443 καὶ
1740 3391 1843 3459 πρὸ
1869 3394 1966 3461 τῆς

394 3481 828 3548 Χριστοκτονίας
861 3481 1179 3551 εὑρίσκεται
1208 3480 1480 3551 είρηκώς·
1513 3482 1842 3550 Νηστείαν,
1865 3483 1963 3537 καὶ

400 3574 638 3642 ἀργίαν,
672 3572 769 3625 καί
803 3572 908 3638 τὰς
937 3572 1144 3640 ἑορτὰς
1175 3573 1342 3642 ὑμῶν
1372 3573 1546 3641 μισεῖ
1572 3575 1609 3641 ἠ
1633 3576 1803 3644 ψυχή
1821 3593 1960 3643 μου.

402 3664 513 3714 Καὶ
537 3665 565 3714 6
595 3660 677 3714 κθ¹
711 3662 811 3729 τῆς
841 3664 899 3715 ὲν
929 3662 1221 3732 Λαοδικείᾳ
1247 3662 1463 3716 συνόδου
1496 3663 1676 3717 κανὼν
1698 3664 1963 3733 Χριστια-

394 3753 486 3805 νὺν
518 3755 574 3805 ἐν
605 3752 871 3819 Σαῦὁάτῳ
905 3752 979 3823 μὴ
1009 3753 1293 3823 σχολάζειν
1317 3753 1515 3823 ὁρίζει.
1562 3755 1625 3807 Οἱ
1654 3754 1711 3807 δὲ
1745 3756 1963 3808 Ἰουδαῖ-

398 3843 523 3896 cui.
555 3843 806 3911 ἀνάθεμα
856 3842 1120 3909 ἔστωσαν,
1153 3844 1307 3912 φησί.
1344 3844 1454 3898 Καὶ
1487 3845 1515 3897 ὁ
1546 3842 1587 3908 ξ’
1634 3845 1813 3899 κανὼν
1860 3847 1961 3916 τῆς

398 3936 455 3987 ἐν
476 3932 807 4002 Καρθαγένῃ
850 3933 1071 3985 συνόδου
1108 3933 1313 3987 κωλὺει
1346 3933 1408 3987 τὸ
1450 3935 1835 4005 συνεορτάζειν
1866 3937 1961 3989 καὶ

395 4023 791 4093 συμποσιάζειν
816 4023 1066 4092 "Enna.

972 4200 1210 4253 ΚΑΝΩΝ
1237 4201 1360 4256 OA'.

390 4291 464 4346 El
515 4308 607 4355 τις
652 4290 1003 4360 Χριστιανὸς
1055 4293 1261 4345 ἔλαιον
1304 4290 1621 4361 ἀπενέγκω
1661 4296 1748 4357 εἰς
1798 4295 1958 4364 ἱερὸν

2069 3206 2173 3259 dali
2209 3205 2433 3274 praebet,
2492 3204 2544 3257 in
2605 3218 2770 3272 seque
2824 3202 2996 3270 ipsum
3034 3198 3419 3265 suspicionem,
3482 3196 3634 3265 quasi

2066 3294 2317 3350 Judaicos
2341 3296 2536 3350 habeat
2571 3295 2623 3348 iu
2658 3294 2864 3347 honore
2910 3294 3072 3356 ritus,
3113 3290 3272 3345 simul
3319 3301 3375 3343 et
3420 3288 3632 3341 illorum

2069 3387 2476 3444 conversatione
2504 3384 2862 3440 contaminari
2896 3374 3179 3438 creditur:
3222 3381 3285 3433 ad
3316 3394 3450 3448 quos
3494 3379 3634 3432 Deus

2068 3493 2161 3548 per
2188 3477 2530 3547 prophetam,
2572 3476 2722 3546 prius
2751 3475 2915 3529 etiam
2945 3488 3105 3541 quam
3139 3470 3415 3525 Christum
3468 3470 3636 3523 truci-

2066 3570 2311 3634 dassent,
2343 3567 2617 3622 invenitur
2659 3567 2882 3631 dixisse,
2914 3564 3208 3632 Jejuuium,
3253 3572 3307 3615 et
3338 3560 3537 3631 lerias,
3577 3566 3633 3612 et

2064 3663 2383 3719 festivitates
2426 3670 2635 3718 vestras
2684 3663 2797 3717 odit
2840 3661 3018 3715 anima
3075 3660 3279 3715 mea“.
3332 3658 3632 3713 Vicesimus

2062 3762 2238 3807 autem
2295 3767 2468 3807 nouus
2522 3752 2577 3806 in
2643 3751 2908 3806 Laodicea
2979 3750 3170 3822 synodi
3224 3764 3393 3802 canon
3445 3747 3633 3802 deﬁnit

2061 3842 2402 3899 Christianos
2428 3843 2479 3897 in
2508 3841 2759 3897 Sabbatis
2788 3844 2856 3896 ab
2885 3844 3138 3911 operibus
3163 3840 3275 3895 suis
3296 3856 3400 3894 non
3434 3839 3631 3892 debere
3710 3894 3715 3899 ,

2060 3948 2275 3989 vacare.
2327 3932 2584 3986 Judaistze
2634 3947 2761 3986 vero
2819 3931 2931 3985 sint
2977 3933 3301 3994 anathema,
3345 3929 3496 3983 dicit.
3557 3927 3629 3979 Et

2061 4024 2434 4091 sexagesimus
2466 4024 2520 4076 in
2555 4022 2883 4091 Carthagine
2915 4020 3104 4091 synodi
3154 4036 3324 4074 canon
3372 4018 3629 4089 prohibet

2060 4128 2219 4184 agere
2248 4112 2405 4180 festa,
2435 4113 2818 4181 convivarique
2849 4128 2969 4166 cum
2998 4111 3307 4180 gentilibus.

2643 4202 2873 4258 CANON
2915 4202 3104 4258 LXXI.

2060 4298 2119 4353 Si
2187 4298 2303 4367 quis
2360 4298 2694 4352 Christianus
2754 4298 2925 4351 oleum
2995 4296 3198 4365 deferat
3263 4297 3317 4349 in
3383 4295 3629 4361 templum

455 4380 668 4447 ἐθνῶν,
723 4382 761 4449 ἢ
814 4384 901 4447 είς
956 4382 1321 4451 συναγωγὴν
1372 4384 1674 4439 Ἰουδαίων
1717 4387 1786 4439 ἐν
1825 4388 1953 4455 ταῖς

2127 4392 2391 4459 gentium,
2436 4390 2513 4443 vel
2566 4392 2619 4443 in
2708 4405 3027 4459 syttagogam
3065 4387 3399 4452 Judworum,
3440 4388 3496 4440 in
3540 4404 3630 4440 eo-

455 4473 688 4539 ἐορταῖς
712 4472 932 4533 αὐτῶν,
963 4474 1002 4542 ἣ
1031 4474 1303 4541 λύχνους
1331 4475 1522 4541 ἅπτει,
1564 4479 1950 4548 ἀφοριζέσθω.

454 4563 649 4618 ΒΑΛΣ.
695 4564 983 4635 Διαφόρως
1031 4566 1250 4635 εἴρηται
1285 4568 1367 4619 ὅτι
1414 4569 1643 4638 οὐδεμία
1700 4577 1955 4628 κοινωνία

386 4653 565 4724 πιστῷ
600 4654 739 4723 μετὰ
765 4653 993 4707 ἀπίστου
1016 4672 1031 4685 ο
1061 4655 1184 4708 ὅθεν
1210 4658 1304 4711 καὶ
1344 4660 1371 4709 6
1404 4660 1591 4729 παρὼν
1632 4662 1810 4714 κανὼν
1851 4668 1957 4735 ἀφ-

383 4744 664 4813 ορίζεσθαι
697 4760 828 4815 φησι
861 4745 953 4799 τὸν
980 4746 1307 4814 Χριστιανὸν
1335 4747 1425 4799 τὸν
1455 4750 1594 4817 μετὰ
1624 4753 1952 4824 οἱουδήτινος

385 4834 617 4887 ἀπίστου
673 4834 1124 4901 συνεορτάζοντα,
1183 4836 1216 4906 ἢ
1276 4837 1453 4890 ἔλαιον
1513 4840 1545 4909 ἢ
1614 4842 1807 4912 λύχνον
1856 4847 1955 4897 ἀν-

384 4928 629 4980 άπτοντα
662 4929 744 4988 είς
776 4926 1165 4996 ψευδοτελετὴν
1208 4928 1397 4992 αὐτοῦ,
1429 4930 1518 4983 διὰ
1546 4932 1606 4985 τὸ
1640 4934 1950 5001 λογίζεσθαι

380 5018 571 5070 τοῦτον
607 5021 721 5081 τοῖς
768 5018 1018 5081 ἀπίστοις
1050 5020 1350 5092 ὁμόφρονα.
1398 5023 1508 5076 Καὶ
1558 5026 1666 5078 ἀπὸ
1703 5027 1804 5093 μὲν
1853 5027 1948 5081 τοῦ

382 5111 647 5180 παρόντος
679 5112 1046 5181 ἐλαφρότερον
1083 5114 1111 5166 ὁ
1136 5113 1380 5179 τοιοῦτος
1409 5117 1722 5186 κολάζεται,
1756 5120 1814 5184 ἐξ
1838 5122 1953 5174 ἑτέ-

383 5217 493 5269 ρων
528 5200 585 5251 δὲ
615 5200 871 5269 μεγάλως
894 5204 1235 5272 τιμωρεῖται.

449 5291 695 5345 ΖΩΝΑΡ.
753 5292 843 5354 Ὠς
898 5292 1007 5363 γὰρ
1061 5294 1235 5363 τιμῶν
1285 5298 1353 5347 τὰ
1405 5297 1513 5349 τῶν
1572 5297 1858 5367 Ἰουδαίων,
1910 5301 1943 5374 ἢ

375 5382 629 5445 ἐθνικῶν,
654 5382 752 5452 τὴν
785 5383 880 5437 τοῦ
907 5384 1090 5437 ἐλαίου
1126 5387 1362 5438 ποιεῖται
1418 5392 1802 5457 προσαγωγὴν,
1849 5394 1947 5446 καὶ

375 5475 475 5542 τὴν
505 5474 807 5541 λυχναψίαν
832 5491 845 5504 ι
887 5475 934 5526 εί
967 5474 1024 5527 δὲ
1059 5476 1195 5545 τιμᾷ
1246 5475 1313 5526 τὰ
1354 5477 1577 5530 ἐκείνων
1626 5481 1805 5551 ὄργια,
1851 5485 1946 5537 καὶ

376 5565 445 5616 τὰ
479 5565 621 5616 αὐτὰ
654 5565 883 5625 ἐκείνοις
915 5568 1132 5636 φρονεῖν
1163 5566 1566 5635 λογισθήσεται.

446 5675 496 5705 ³⁸
527 5675 691 5729 Amos
726 5690 776 5740 ν,
798 5675 888 5731 28.
964 5677 1009 5710 ³³
1049 5677 1090 5731 ll
1122 5676 1248 5735 Cor.
1275 5695 1347 5743 vt,
1383 5679 1466 5733 15.

2134 4498 2249 4534 rum
2282 4483 2455 4548 festis,
2492 4481 2569 4535 vel
2595 4481 2863 4535 lucernam
2895 4481 3161 4544 accendit,
3192 4489 3510 4548 segregetur.

2132 4573 2326 4627 BALS.
2361 4575 2479 4629 Alio
2514 4576 2673 4628 modo
2700 4573 2905 4627 dictum
2938 4582 3020 4627 est
3049 4572 3251 4626 nullam
3282 4586 3404 4626 esse
3454 4571 3628 4625 socie.

2063 4675 2225 4719 tatem
2270 4667 2409 4721 ﬁdeli
2440 4684 2559 4721 cum
2593 4666 2791 4720 infideli
2813 4668 2879 4729 ”,
2914 4666 3058 4720 unde
3095 4674 3150 4719 et
3181 4679 3417 4733 prmseus
3453 4678 3623 4716 canon

2061 4756 2330 4826 segregari
2359 4758 2490 4811 dicit
2512 4756 2880 4812 Christianum
2912 4756 3002 4824 qui
3031 4770 3151 4809 cum
3189 4753 3389 4808 inﬁdeli
3437 4753 3624 4822 quovis

2059 4847 2193 4903 festa
2224 4848 2482 4911 celebret,
2509 4848 2592 4902 vel
2625 4848 2799 4902 oleum
2824 4858 2917 4901 aut
2947 4851 3218 4899 lucernam
3247 4845 3310 4897 ad
3343 4844 3458 4910 ejus
3491 4843 3620 4897 falsa

2061 4939 2328 4993 sacrilicia
2375 4940 2655 5007 accendat,
2696 4956 2761 4995 eo
2804 4939 2943 5004 quod
2998 4938 3098 4990 iste
3142 4951 3263 4989 cum
3320 4934 3623 4988 inﬁdelibus

2054 5031 2363 5085 consentire
2406 5041 2711 5085 censeatur.
2765 5034 2947 5098 Atque
2991 5044 3054 5081 ex
3114 5029 3214 5081 hoc
3272 5025 3485 5093 quidem
3535 5040 3623 5077 ca-

2054 5136 2190 5175 none
2228 5122 2396 5176 levius
2428 5124 2723 5193 castigatur
2762 5123 2902 5187 talis,
2937 5137 2997 5175 ex
3032 5120 3149 5174 aliis
3180 5128 3357 5171 autem
3390 5119 3623 5187 graviter

2057 5211 2295 5277 punitur.

2124 5302 2230 5374 47
2251 5300 2494 5355 ZONAtt.
2525 5302 2655 5355 Nam
2692 5302 2835 5357 velut
2865 5303 3133 5355 houorans
3162 5314 3246 5365 ea,
3270 5313 3388 5369 qua:
3411 5297 3621 5354 Judteo-

2059 5406 2175 5443 rum
2209 5401 2357 5456 sunt,
2390 5400 2479 5444 aut
2500 5393 2801 5460 gentilium,
2825 5392 2999 5447 oleum
3024 5390 3197 5458 olfert,
3232 5398 3287 5445 et
3319 5389 3616 5459 lampadem

2058 5480 2329 5534 accendit.
2366 5479 2517 5547 Quod
2542 5482 2586 5536 si
2616 5482 2789 5537 defert
2846 5482 3057 5536 illorum
3120 5480 3273 5535 festis
3329 5480 3613 5541 honorem,

2048 5573 2161 5641 jam
2189 5572 2394 5638 eadem,
2432 5588 2550 5643 qua:
2582 5582 2637 5629 et
2669 5574 2765 5641 illi,
2793 5576 2994 5631 sentire
3026 5571 3355 5630 censebitur.
