4108 6200
357 334 468 396 185

1505 336 1585 395 IN
1616 336 1761 397 CAN
1820 336 2057 400 LXXIV
2097 339 2356 403 APOST.

3501 342 3599 405 186

431 451 624 505 ΒᾹΛΣ.
659 449 741 504 Τὰ
781 451 920 506 αὖτᾶ
963 451 1040 522 τῷ
1069 450 1146 522 οβ’
1177 451 1361 505 κανόνι
1392 451 1485 504 καὶ
1529 453 1555 504 ό
1579 450 1774 518 παρὼν
1821 468 1923 505 κα-

2100 454 2296 510 B.\l.S.
2331 455 2529 512 Eadem
2557 473 2676 528 qum
2699 473 2826 513 can.
2851 455 2944 512 72.
2973 471 3212 526 praesens
3235 456 3395 511 etiam
3419 472 3595 512 canon

353 543 466 595 wiw
493 542 790 611 διορίζεται
821 543 985 613 χάριν
1017 543 1111 595 τοῦ
1146 542 1222 611 μὴ
1257 540 1568 594 κοινοῦσθαι
1593 541 1661 594 τὰ
1693 542 1772 610 τῷ
1807 541 1930 613 eaq,

353 635 750 704 προσαγόμενα
822 636 918 687 καὶ
979 635 1128 696 ναοῖς
1186 631 1594 701 άφιερούμενα’
1647 632 1930 702 οἱαδήτινα

350 724 528 792 σκεύη
558 725 651 777 καὶ
680 725 906 779 ἔπιπλα.
945 724 1034 792 Τῷ
1063 724 1173 792 γὰρ
1204 723 1427 790 ὀνόματι
1453 725 1552 792 τῆς
1578 723 1770 792 ὀθόνης
1816 724 1929 778 πᾶν

353 817 587 886 ὕφασμα
609 817 882 886 δηλοῦται.
933 818 990 871 '0
1027 820 1208 888 ’Λχαρ
1239 817 1296 871 δὲ
1326 819 1534 879 ἐκεῖνος
1565 817 1922 885 ἰδιωσὰμενος

349 910 608 978 γλῶτταν
649 910 859 978 χρυσῆν
895 910 1000 964 ἀπὸ
1044 911 1154 962 τῶν
1199 910 1644 978 ἐπαγγελοέντων
1683 909 1763 978 τῷ
1809 908 1928 978 Θεῷ

351 1001 575 1069 χρυσῶν
609 1001 890 1070 λαφύρων,
941 1001 1032 1054 καὶ
1068 1003 1235 1071 μήπω
1277 1002 1714 1072 ἀφιερωθέντων,
1751 1001 1930 1054 ἐλιθο-

353 1094 561 1164 6ολήοη
613 1094 884 1162 παγγενῆ.
935 1094 1234 1160 ’Λνάγνωθι
1270 1094 1364 1146 και
1394 1095 1484 1147 τὸν
1515 1100 1545 1146 ι’
1598 1094 1799 1147 κανόνα
1830 1094 1929 1163 τῆς

354 1188 414 1238 ὲν
445 1186 523 1256 τῷ
551 1187 665 1256 ναῷ
710 1187 818 1239 τῶν
867 1186 1065 1254 ’Δγίων
1122 1187 1462 1244 ’Δποστόλων
1498 1185 1542 1239 α’
1591 1189 1686 1238 καὶ
1715 1185 1758 1254 β’
1801 1202 1928 1238 ouu-

351 1280 497 1334 ὁδου.

424 1367 669 1421 ΖΩΝΑΡ.
703 1368 785 1421 Τὰ
821 1367 897 1437 τῷ
929 1367 1054 1437 Θεῷ
1097 1366 1475 1436 ἀφορισθέντα
1508 1365 1823 1424 κοινοῦσθαι
1863 1366 1926 1420 οὐ

350 1460 484 1528 χρή.
546 1459 834 1526 Ἦγίασται
889 1460 1017 1529 γὰρ,
1070 1459 1175 1512 κᾶν
1236 1459 1428 1522 σκεῦος
1476 1455 1792 1530 ᾗοξονδήτιι,
1823 1458 1929 1510 κᾶν

354 1549 583 1620 ὕφασμα
610 1568 624 1582 ο
649 1551 736 1602 διὰ
773 1553 879 1620 γὰρ
917 1551 1017 1618 τῆς
1063 1549 1252 1618 ὀθόνης
1287 1549 1557 1618 ἐδήλωσεν
1607 1547 1752 1602 ἅπαν
1788 1547 1927 1618 ὕφα-

354 1660 492 1713 σμα.
524 1643 628 1696 κᾶν
671 1642 846 1696 ἔλαιον
880 1645 989 1710 εἵη,
1041 1643 1144 1695 κᾶν
1186 1642 1373 1712 κηρός.
1409 1641 1473 1694 Ἦ
1519 1641 1628 1710 γὰρ
1668 1641 1802 1710 πρὸς
1834 1641 1926 1693 τὸν

353 1731 451 1784 τοῦ
480 1731 620 1785 Θεοῦ
651 1733 780 1784 ναὸν
813 1731 1152 1801 προσαγωγὴ
1184 1732 1390 1784 τούτων
1416 1731 1632 1798 ἁγιάζει
1667 1732 1921 1785 αὐτὰ.οὐ

350 1823 461 1894 χρὴ
515 1823 608 1876 οὖν
655 1823 777 1876 οὔτε
826 1825 1013 1893 κηρὸν,
1042 1821 1164 1876 οὔτε
1213 1823 1393 1876 ἔλαιον
1440 1822 1792 1891 ἀφαιρεῖσθαι
1821 1823 1921 1890 τῆς
1959 1801 1998 1854 Β

349 1914 673 1983 ἐκκλησίας,
721 1913 844 1966 οὔτε
877 1931 930 1966 τι
967 1913 1181 1975 σκεῦος,
1209 1913 1323 1966 ἀλλ’
1359 1913 1481 1966 οὐδὲ
1531 1912 1758 1981 ὖξασμα
1788 1914 1920 1964 ἁνα-

352 2007 506 2060 τεθὲν
539 2005 617 2072 τῷ
648 2005 788 2074 Θεῷ,
830 2007 926 2058 καὶ
966 2008 1047 2068 εἰς
1076 2006 1284 2059 οἰκείαν
1324 2007 1519 2076 χρῆσίν
1552 2023 1675 2059 τινα
1706 2005 1919 2070 λαμϐά-

354 2115 465 2151 νειν
494 2099 658 2151 αὐτὰ.
695 2097 1014 2166 Ἀψορισμῷ
1063 2098 1172 2167 γὰρ
1213 2097 1372 2150 τοῦτο
1425 2097 1734 2152 ὑπόκειται.
1772 2098 1829 2150 '0
1863 2098 1919 2151 δὲ

358 2191 537 2260 Ἀχαρ
566 2189 686 2242 οὐδὲ
728 2189 1129 2258 προσαχθέντα,
1167 2191 1261 2243 καὶ
1298 2189 1630 2257 ἁγιασθέντα
1663 2189 1916 2257 ὑφείλετο

354 2281 430 2351 τῷ
459 2281 603 2350 Θεῷ,
623 2280 758 2334 ἀλλὰ
788 2281 948 2351 μόνον
973 2281 1379 2349 ὲπαγγελθέντα
1397 2297 1410 2311 ’
1442 2281 1536 2336 καὶ
1573 2281 1721 2350 ὅμως
1751 2281 1918 2336 tam;

353 2374 508 2444 δίκην
550 2373 796 2442 παγγενῆ
829 2372 1221 2440 λιθοϐοληθείς.

348 2549 574 2606 ΔΡΙΣΤ.
625 2551 681 2604 '0
721 2551 848 2617 ιερὰ
900 2551 1092 2618 σκεύη
1127 2551 1215 2615 εις
1253 2548 1476 2619 χρῆσιν
1512 2545 1919 2619 σφετεριζόμε-

868 2660 994 2708 νος,
1036 2639 1387 2710 ἀφορίζεται.

432 2735 494 2787 ὀ
543 2734 621 2797 εις
681 2733 876 2802 χρῆσιν
943 2731 1150 2784 οἰκείαν
1199 2729 1270 2784 τὰ
1329 2729 1452 2800 ιερὰ
1511 2727 1919 2798 οἰκειούμενος,

349 2825 551 2888 σκεῦος
575 2825 608 2892 ἢ
637 2824 850 2895 ὀθόνην,
898 2821 1252 2891 ἁγιασθέντα,
1291 2820 1369 2886 ὡς
1409 2818 1744 2892 παρανομῶν
1783 2821 1923 2888 ἀφο-

348 2918 695 2990 ρισθήσεται.

947 3003 1185 3061 ΚΑΝΩΝ
1207 3003 1332 3058 ΟΔ⁹.

357 3102 737 3158 Ἐπίσκοπον
814 3097 1292 3166 κατηγορηθέντα
1370 3096 1473 3150 ἐπι
1557 3112 1675 3149 τινι
1765 3095 1924 3165 παρὰ

421 3197 796 3261 ἀξιοπίστων
824 3193 1147 3260 ἀνθρώπων
1187 3189 1495 3244 καλεῖσθαι
1521 3189 1707 3245 αὐτὸν
1734 3189 1920 3258 ἀναγ-

422 3288 598 3344 καῖον
651 3287 767 3341 ὑπὸ
828 3287 944 3338 τῶν
995 3283 1370 3338 ἐπισκόπων·
1405 3281 1520 3338 κᾶν
1561 3281 1678 3350 μὲν
1734 3282 1922 3337 ἀπαν-

424 3382 614 3450 τήσῃ,
645 3380 742 3434 καὶ
789 3378 1156 3446 ὁμολογήσῃ,
1187 3374 1224 3441 ἣ
1257 3375 1592 3443 ἐλεγχθείη,
1626 3371 1921 3443 ὁρίζεσθαι

421 3475 488 3528 τὸ
540 3473 853 3542 ἐπιτίμιον.
913 3471 1054 3524 Ἐὰν
1107 3468 1175 3522 δὲ
1241 3468 1613 3536 καλούμενος
1663 3466 1747 3536 μὴ
1807 3470 1922 3522 ὐπ-

418 3583 457 3621 α
474 3566 682 3633 κιούσῃ,
709 3563 1006 3616 καλείσθω
1027 3561 1118 3614 καὶ
1138 3560 1436 3626 δεύτερον,
1471 3558 1920 3628 ἀποστελλομέ-

418 3678 546 3714 νων
572 3660 662 3712 ἐπ’
700 3654 888 3711 αὺτὸν
933 3653 1042 3706 δύο
1087 3653 1455 3704 ἐπισκόπων.
1508 3651 1649 3705 Ἐὰν
1699 3651 1766 3705 δὲ
1821 3651 1922 3705 καὶ

423 3753 582 3805 οὕτω
606 3749 690 3818 μὴ
723 3747 1070 3813 ὑπακούσῃ,
1101 3744 1402 3795 καλείσθω
1433 3741 1532 3795 καὶ
1559 3743 1763 3810 τρίτον
1813 3743 1923 3798 δύο

421 3845 610 3899 πάλιν
652 3841 1000 3898 ἐπισκόπων
1039 3835 1584 3902 ἀποστελλομένων
1619 3835 1769 3903 πρὸς
1817 3837 1925 3891 αὐ-

422 3935 551 3988 τόν.
590 3930 734 3984 Ἐὰν
788 3929 856 3983 δὲ
918 3928 1017 3982 καί
1063 3929 1253 3990 οὕτως
1311 3925 1781 3994 καταφρονήσας
1834 3926 1919 3994 μὴ

424 4024 768 4092 ἀπαντήσῃ,
792 4024 827 4090 ἠ
854 4020 1114 4086 σύνοδος
1143 4021 1562 4088 ἀποφαινέσθω
1589 4019 1714 4073 κατ’
1736 4018 1922 4074 αὑτοῦ

423 4122 498 4172 τὰ
538 4116 852 4180 δοκοῦντα,
886 4114 1046 4179 ὅπως
1074 4112 1158 4180 μὴ
1191 4112 1339 4183 δόξῃ
1375 4110 1710 4180 κερδαίνειν
1742 4129 1926 4182 φυγο-

418 4208 626 4264 δικῶν.

420 4303 622 4356 ΒΑΛΣ.
656 4300 794 4371 Περὶ
821 4300 940 4363 τοῦ,
977 4298 1119 4362 τίνες
1147 4299 1401 4351 δύνανται
1425 4299 1754 4367 κατηγορεῖν
1801 4297 1924 4348 ἑπι-

2026 548 2289 615 decerult,
2316 566 2647 620 quaecunque
2679 550 2785 606 Deo
2811 549 3026 605 fuerunt
3061 551 3328 611 dedicata,
3387 559 3439 601 et
3473 561 3598 602 teut-

2028 639 2125 708 plis
2161 651 2495 705 consecrata,
2545 656 2652 695 non
2708 641 2820 695 lteri
2869 641 3178 694 communia
3227 649 3279 692 et
3333 637 3594 708 profana;

2027 733 2205 799 qualia
2245 742 2370 787 sunt
2395 749 2519 786 vasa
2551 744 2605 788 et
2645 733 2912 803 supellex.
2985 731 3098 785 Veli
3163 733 3305 785 enim
3358 731 3592 794 nomim‘,

2028 825 2286 894 quidquid
2315 836 2396 879 est
2437 827 2642 890 textile,
2677 827 3029 893 signiﬁcatur.
3062 826 3242 877 Acltaz
3279 833 3456 878 autem
3486 824 3597 890 ille,

2027 930 2147 968 eum
2181 916 2412 984 linguam
2457 931 2674 969 auream
2705 930 2771 968 ex
2815 915 2993 968 aureis
3023 913 3209 980 spoliis
3247 912 3352 965 Deo
3378 913 3593 981 quidem

2029 1007 2167 1059 votis
2203 1021 2266 1060 ac
2289 1007 2588 1073 promissis,
2618 1007 2708 1059 sed
2745 1006 2980 1059 nondum
3005 1003 3363 1070 consecratis,
3394 1003 3501 1056 sibi
3539 1011 3597 1056 ut

2029 1095 2298 1164 propriam
2331 1096 2687 1160 attribuisset,
2713 1095 3006 1164 generatim
3050 1094 3115 1148 ab
3155 1095 3424 1157 omnibus,
3465 1093 3597 1158 lapi-

2026 1185 2181 1238 dibus
2209 1187 2436 1238 obrutus
2465 1194 2568 1238 est.
2601 1183 2742 1252 Lege
2774 1194 2826 1236 et
2863 1199 2984 1238 can.
3021 1183 3044 1235 ι
3083 1182 3191 1237 et2
3239 1183 3422 1253 synodi
3472 1197 3590 1249 qua:

2028 1277 2126 1331 fuit
2151 1277 2201 1330 in
2225 1277 2423 1345 templo
2461 1275 2563 1332 SS.
2600 1276 2997 1345 Apostolorum.

2099 1367 2349 1422 ZONAR.
2378 1368 2448 1421 Ea
2479 1383 2596 1436 qua:
2620 1366 2728 1421 Deo
2760 1374 3005 1435 separata
3035 1374 3182 1426 sunt,
3205 1381 3302 1418 usu
3325 1365 3595 1419 communi

2028 1462 2190 1530 pollui
2223 1476 2328 1514 non
2353 1470 2590 1529 oportet.
2619 1459 2760 1514 Sunt
2791 1459 2934 1511 enim
2984 1456 3341 1518 sanctiﬁcata,
3370 1469 3467 1510 seu
3500 1471 3596 1510 vas

2027 1553 2241 1620 aliquod
2282 1551 2383 1605 tale
2416 1553 2505 1614 sit,
2533 1566 2625 1604 seu
2650 1565 2880 1618 pannus.
2919 1547 3070 1618 (Nam
3106 1563 3201 1618 per
3227 1547 3400 1602 velum
3432 1546 3598 1616 signi-

2029 1644 2153 1698 ﬁcat
2178 1659 2335 1697 omne
2361 1653 2590 1712 textum)
2618 1644 2732 1696 sive
2760 1643 2828 1696 sit
2850 1642 3056 1702 oleum,
3083 1642 3196 1694 sive
3225 1656 3370 1695 cera.
3403 1639 3459 1694 ιιι
3497 1639 3592 1692 Dei

2027 1749 2220 1802 nempe
2266 1735 2466 1806 templo
2523 1733 2664 1788 facta
2723 1732 3096 1801 hujuscemodi
3154 1746 3334 1784 rerum
3393 1729 3594 1785 oblatio

2029 1827 2331 1886 sanctiﬁcat
2358 1843 2470 1883 eas.
2505 1825 2717 1880 Auferri
2752 1841 2857 1880 non
2887 1833 3096 1894 oportet
3135 1824 3299 1893 igitur
3325 1822 3392 1876 ab
3423 1823 3596 1876 eccle-

2028 1922 2128 1984 sia,
2163 1934 2262 1974 nec
2292 1934 2492 1980 ceram,
2541 1933 2642 1971 nec
2694 1915 2894 1978 oleum,
2935 1929 3033 1968 nec
3085 1930 3180 1969 vas
3234 1912 3447 1982 aliquod
3501 1911 3594 1966 sed

2028 2026 2202 2080 neque
2225 2025 2482 2079 pannum,
2518 2009 2606 2078 qui
2636 2008 2742 2062 Deo
2783 2006 2854 2060 sit
2883 2006 3119 2064 oblatus,
3149 2014 3202 2057 et
3241 2003 3338 2056 ista
3383 2015 3597 2055 sumere

2030 2103 2078 2155 in
2116 2103 2348 2170 aliquem
2376 2101 2640 2169 privatum
2673 2113 2851 2152 usum.
2881 2097 3106 2162 Propter
3127 2095 3230 2148 hoc
3274 2093 3414 2145 enim
3461 2091 3593 2146 sub-

2023 2197 2282 2265 jiciuntur
2309 2193 2877 2250 excommunicationi.
2903 2191 3059 2246 Certe
3083 2189 3263 2244 Acltaz
3295 2202 3392 2241 nec
3413 2187 3590 2241 oblata

2028 2287 2157 2349 Deo,
2195 2299 2292 2340 nec
2318 2283 2650 2338 sanctificata
2679 2280 2970 2341 subtraxit,
2994 2279 3086 2332 sed
3114 2277 3282 2331 solum
3303 2275 3590 2345 promi<sa.

2025 2375 2385 2430 Nihilominus
2417 2387 2608 2442 pcenas
2637 2371 2780 2426 dedit
2805 2371 2872 2424 ab
2919 2369 3174 2423 universo
3224 2365 3422 2437 populo
3457 2363 3594 2433 lapi-

2026 2466 2181 2518 dibus
2211 2465 2456 2519 obrutus.

2024 2555 2250 2612 ARIST.
2281 2555 2384 2621 Qui
2417 2570 2570 2608 sacra
2597 2568 2726 2607 vasa
2767 2551 2819 2604 iu
2851 2565 3001 2604 usum
3027 2548 3303 2620 proprium
3323 2547 3592 2617 transfert,

2095 2649 2579 2704 excommunicatur

2097 2743 2198 2809 Qui
2259 2742 2312 2795 in
2366 2740 2640 2810 proprium
2689 2754 2844 2793 usum
2899 2750 3054 2792 sacra
3105 2743 3287 2799 vertit,
3366 2746 3461 2787 vas
3503 2739 3594 2783 aut

2029 2834 2272 2899 linteum,
2309 2829 2770 2895 sanetilicata;ut
2797 2828 2969 2898 legem
3023 2823 3445 2895 transgrediens,
3500 2835 3594 2876 ex-

2029 2925 2532 2982 communicabitur.

2488 3016 2599 3088 ῖιε
2634 3012 2865 3070 CANON
2897 3010 3144 3066 Lxxw.

2034 3109 2348 3177 Episcopum
2379 3125 2409 3162 α
2435 3109 2555 3162 viris
2580 3108 2682 3176 ﬁde
2715 3107 2887 3175 dignis
2930 3105 2990 3158 ob
3017 3102 3219 3170 aliquid
3268 3106 3591 3160 accusatum,

2096 3203 2261 3272 ipsum
2292 3200 2354 3255 ab
2382 3201 2632 3270 episcOpis
2654 3199 2826 3253 vocari
2860 3211 3060 3250 necesse
3088 3204 3161 3248 est
3195 3208 3214 3248 :
3241 3203 3286 3246 et
3312 3193 3356 3244 si
3391 3207 3443 3244 se
3472 3190 3561 3258 qui
3572 3219 3592 3231 ι

2093 3295 2207 3350 dem
2225 3295 2440 3358 stiterit,
2461 3303 2506 3347 et
2530 3292 2816 3361 confessus,
2847 3288 2923 3343 vel
2953 3289 3216 3342 convictus
3239 3287 3304 3338 sit
3326 3292 3595 3336 statuatur

2094 3404 2266 3456 paena.
2317 3386 2378 3440 Si
2430 3395 2602 3438 autem
2662 3392 2875 3438 vocatus
2927 3398 3026 3434 non
3071 3377 3325 3443 paruerit,
3368 3373 3593 3427 secundo

2095 3481 2252 3534 etiam
2279 3488 2510 3542 vocetur,
2551 3477 2724 3529 missis
2761 3474 2828 3526 ad
2854 3474 3020 3538 ipsum
3072 3467 3320 3538 episcopis
3367 3465 3590 3518 duobus.

2095 3572 2154 3626 Si
2179 3580 2349 3624 autent
2375 3570 2534 3623 etiam
2565 3569 2637 3622 sic
2667 3583 2766 3619 non
2795 3562 3070 3622 obedierit,
3103 3568 3311 3614 vocetur
3341 3566 3388 3610 et
3414 3555 3590 3617 tertio,

2096 3665 2294 3717 duobus
2319 3662 2386 3714 ad
2421 3677 2534 3714 eam
2565 3673 2748 3712 rursus
2775 3657 2946 3710 missis
2993 3653 3269 3717 episcoziis.
3317 3650 3374 3706 Si
3419 3659 3592 3701 autent

2097 3755 2172 3810 vel
2196 3756 2268 3808 sic
2290 3767 2571 3815 aspernans
2603 3759 2648 3802 et
2673 3755 2956 3802 contumax
2977 3761 3028 3799 se
3047 3761 3149 3797 non
3189 3742 3402 3802 stiterit,
3434 3754 3594 3806 syno-

2095 3852 2192 3902 dus
2224 3864 2284 3901 ea
2318 3862 2433 3918 qua:
2471 3843 2710 3898 videntur
2738 3844 2985 3893 adversus
3014 3853 3130 3890 eum
3175 3831 3496 3900 prontmtiet,
3530 3843 3593 3882 ne

2096 3941 2403 4009 lucrifacere
2426 3938 2663 3992 videatur
2690 3929 2814 3987 dum
2837 3931 3100 4002 judicium
3142 3925 3484 3994 subterfugit.

2099 4298 2295 4354 BALS.
2356 4297 2584 4364 Quinam
2645 4293 2856 4364 possint
2917 4289 3200 4359 episcopos
3256 4291 3310 4340 et
3365 4281 3593 4337 clericos

351 4400 572 4451 σκόπων
618 4393 652 4464 ἢ
712 4392 1010 4462 κληρικῶν,
1061 4391 1153 4444 καὶ
1200 4389 1342 4454 τίνες
1397 4387 1923 4460 καταμαρτυροῦσιν

2030 4409 2314 4457 accusare,
2375 4400 2429 4446 et
2487 4389 2705 4458 quinam
2760 4386 3018 4439 adversus
3078 4395 3171 4435 eos
3231 4377 3594 4433 testimonium

348 4488 552 4553 αὐτῶν,
573 4484 843 4551 ἀνάγνωθι
860 4482 953 4536 τοῦ
975 4483 1241 4552 παρόντος
1263 4482 1638 4550 συντάγματος
1659 4481 1836 4532 τίτλον
1879 4476 1923 4531 θ’

2029 4489 2227 4550 (erant,
2256 4485 2370 4553 lege
2403 4479 2683 4550 prresentis
2711 4476 2890 4547 Operis
2926 4475 3007 4528 tit.
3038 4472 3092 4535 9,
3121 4486 3239 4538 cap.
3278 4469 3297 4522 Ι
3323 4509 3336 4532 ,
3367 4477 3422 4521 et
3478 4479 3597 4532 qua:

348 4579 650 4651 κιεραλαίον
675 4577 742 4642 α’,
767 4577 860 4630 καὶ
886 4575 955 4628 τὰ
975 4578 1032 4628 ὲν
1067 4573 1234 4642 αὐτῷ.
1269 4575 1360 4627 καὶ
1388 4573 1686 4641 κεφάλαιον
1721 4571 1786 4641 β’,
1826 4572 1920 4626 καὶ

2027 4581 2080 4632 in
2114 4593 2178 4632 eo
2208 4585 2374 4629 sunt:
2412 4583 2463 4628 et
2505 4585 2626 4640 cap.
2655 4568 2709 4634 2,
2748 4577 2800 4622 et
2828 4582 2946 4636 quae
2979 4575 3104 4618 sunt
3157 4564 3209 4616 in
3260 4561 3395 4629 ipso.
3447 4556 3597 4611 Prae-

344 4676 414 4726 τὰ
445 4677 506 4726 ὲν
539 4670 707 4739 αὐτῷ.
751 4669 810 4722 Ὀ
840 4667 895 4722 δὲ
929 4666 1117 4738 παρὼν
1157 4665 1336 4718 κανὼν
1381 4665 1623 4728 θεσπίζει
1662 4664 1753 4716 τὸν
1790 4679 1922 4716 κατ-

343 4766 690 4837 ηγορηθέντα
733 4767 1032 4819 ἐπίσκοπον
1076 4764 1240 4834 χάριν
1283 4761 1700 4831 ἐγκληματικῆς
1737 4759 1916 4812 arma.

349 4876 490 4920 σεως
519 4857 943 4928 μετακαλεῖσθαι
975 4857 1114 4910 κατὰ
1160 4857 1360 4924 νόμους
1407 4853 1513 4906 ὑπὸ
1565 4849 1916 4905 ἐπισκόπωνέ

348 4951 559 5003 ἀπόντα
612 4947 721 5016 γὰρ
769 4947 959 5000 τοῦτον
999 4945 1460 5010 καταδικάζεσθαι
1506 4943 1691 4999 ἄδικον
1727 4941 1910 5006 ἔδοξεο

349 5043 447 5096 καὶ
512 5040 947 5111 παρουσιάζοντα
1021 5039 1157 5110 μὲν,
1209 5040 1300 5093 καὶ
1375 5037 1434 5104 ὲξ
1505 5037 1918 5106 ἀναντιρῤήτων

350 5131 648 5201 ἐλέγχωνῆ
683 5130 792 5184 ἀπὸ
824 5129 1032 5192 οἰκείας
1063 5128 1352 5199 ὁμολογίας
1385 5125 1915 5195 καταδικαζόμενον,

348 5223 656 5286 καπνικῶς
716 5221 1120 5292 ἐπιτιμᾶσθαιθ
1187 5220 1260 5291 μὴ
1322 5219 1768 5290 παραγενόμενον
1821 5215 1916 5278 δὲ,

347 5312 636 5366 καλεῖσθαι
690 5313 782 5366 καὶ
835 5308 992 5375 αὖθις
1055 5311 1208 5381 παρὰ
1251 5309 1568 5365 ἐπισκόπων
1616 5307 1744 5360 δύο·
1781 5305 1918 5359 ἀλλὰ

350 5407 458 5472 μὴν
495 5403 592 5457 καὶ
635 5405 698 5456 ἐκ
729 5402 937 5472 τρίτον,
965 5402 1039 5464 ὡς
1082 5400 1167 5464 ἂν,
1203 5403 1250 5453 εἰ
1297 5399 1432 5470 μηδὲ
1462 5397 1634 5461 οὕτως
1670 5393 1918 5466 παραγέ-

351 5512 537 5569 νηται,
576 5496 924 5565 ἀποφήνηται
954 5493 1076 5547 κατ’
1103 5492 1268 5547 αὑτοῦ
1301 5493 1332 5561 ἡ
1376 5490 1590 5551 σύνοδος
1629 5490 1724 5543 καὶ
1758 5505 1918 5559 povo-

350 5584 535 5656 μερῶς
561 5585 628 5638 τὰ
657 5585 915 5638 δοκοῦντα
945 5585 1082 5654 αὐτῇ
1109 5599 1126 5615 ⁸
1156 5583 1365 5644 Ὅπως,
1393 5581 1547 5651 φησι,
1579 5581 1653 5650 μὴ
1677 5581 1918 5651 κερδήσῃ

347 5677 374 5727 6
398 5675 816 5742 καταφρονητὴς
845 5675 907 5726 ἐκ
936 5675 1035 5742 τῆς
1064 5670 1314 5734 ἀναιδοῦς
1339 5669 1706 5739 ὑπερθέσεως.
1731 5671 1918 5724 Ταῦτα

347 5767 441 5821 τοῦ
475 5766 698 5830 κανόνος
739 5765 1130 5838 διοριζομένου,
1163 5762 1398 5834 ἐξῃτήθη
1447 5760 1707 5816 πολλάκυα
1757 5763 1917 5830 εἴπερ

2022 4685 2149 4726 sens
2183 4680 2360 4723 autem
2391 4679 2566 4721 canon
2620 4663 2834 4724 statuit,
2883 4667 3193 4712 accusatum
3250 4653 3592 4722 episcopum,

2023 4773 2084 4818 ut
2116 4763 2164 4816 ei
2207 4761 2411 4814 crimen
2443 4755 2774 4816 intendatur,
2806 4749 3043 4819 legitime
3099 4746 3168 4800 ab
3209 4742 3473 4814 episcopis
3504 4756 3599 4793 vo-

2024 4853 2136 4908 cari
2171 4865 2186 4904 ;
2222 4864 2344 4904 eum
2395 4846 2536 4902 enim
2588 4845 2868 4898 absentem
2919 4835 3293 4900 condemnari,
3351 4832 3596 4898 iniquum

2025 4943 2197 4996 visum
2231 4945 2360 4992 est:
2394 4945 2447 4990 et
2493 4942 2810 5004 praesentem
2862 4929 3102 5000 quidem,
3149 4934 3203 4979 et
3252 4921 3329 4976 vel
3378 4936 3442 4973 ex
3490 4933 3596 4972 non

2028 5029 2336 5085 refellendis
2367 5022 2794 5095 probationibus,
2814 5018 2897 5073 vel
2916 5033 2979 5072 ex
3001 5013 3213 5086 propria
3233 5008 3594 5070 confessione,

2029 5124 2081 5176 in
2106 5120 2314 5191 judicio
2342 5118 2674 5178 convictum,
2708 5111 2968 5168 canonice
3019 5105 3257 5162 multari.
3309 5103 3363 5156 Si
3417 5107 3614 5164 autem

2029 5231 2132 5268 non
2161 5211 2472 5276 accesserit,
2503 5225 2532 5262 a
2578 5207 2786 5262 duobus
2832 5218 3021 5259 rursus
3072 5197 3339 5270 episcopis
3389 5192 3596 5250 vocari.

2031 5307 2190 5375 Atqui
2221 5313 2275 5357 et
2312 5304 2469 5357 tertio
2501 5314 2736 5371 quoque,
2773 5307 2827 5352 ut
2857 5298 2900 5351 si
2932 5309 2999 5349 ne
3032 5294 3112 5347 sic
3141 5289 3355 5360 quidem
3398 5302 3455 5342 se
3497 5286 3566 5342 sti

2028 5400 2174 5465 terit,
2223 5397 2458 5468 synodus
2516 5397 2772 5448 adversus
2828 5404 2947 5444 eum
2997 5384 3331 5456 pronuntiet,
3385 5378 3597 5438 etiamsi

2027 5505 2151 5557 pars
2179 5502 2284 5540 una
2314 5497 2516 5540 tantum
2547 5485 2706 5547 adsit,
2763 5497 2824 5538 ea
2876 5496 2998 5550 quae
3056 5479 3158 5534 sibi
3220 5475 3594 5530 videbuntur:

2023 5581 2102 5636 Ne
2129 5586 2510 5646 comtemptor,
2547 5575 2743 5646 inquit,
2802 5588 2894 5627 seu
2947 5578 3262 5635 contumax,
3312 5583 3380 5622 ex
3426 5566 3600 5631 impu-

2026 5672 2170 5728 denti
2203 5669 2459 5725 dilatione
2484 5668 2744 5722 lucretur.
2777 5665 2900 5721 Haec
2928 5679 3051 5720 cum
3099 5666 3354 5719 decernat
3397 5669 3596 5715 canon,

2024 5776 2166 5832 saepe
2216 5759 2499 5831 quaesitum
2560 5767 2641 5814 est
2695 5775 2762 5812 an
2814 5772 2908 5828 per
2961 5762 3280 5826 pra-sentem
3332 5761 3597 5806 canonetn
