4108 6200
500 308 598 367 187

1760 327 1863 386 TH
1875 326 2041 387 EOD.
2084 326 2491 392 BALSAMON

3630 350 3729 412 188

498 414 698 483 synodo
736 420 1057 483 permissum
1091 423 1180 487 sit,
1233 425 1624 483 inohedientem
1672 447 1734 485 ac
1778 443 2055 488 contmna-

2162 437 2375 509 ἐνεδόθη
2432 440 2521 493 διὰ
2573 443 2666 495 τοῦ
2720 447 2963 500 τοιούτου
3006 432 3235 515 κανόνος
3285 456 3349 524 τῇ
3395 458 3605 531 συνόδῳ
3636 464 3731 516 καὶ

498 520 612 558 cem
638 510 944 576 episc0pnm
972 514 1287 581 depositioni
1340 519 1621 586 subjicere.
1659 521 1918 579 Dixerunt
1960 540 2057 578 au-

501 606 604 650 tem
629 598 813 667 aliqui,
845 616 872 653 a
909 603 1274 658 misericordia
1303 608 1464 662 nimis
1504 611 1736 665 alienum
1791 628 1935 677 essv,
2000 624 2057 668 ut

498 685 568 739 ob
626 688 1039 745 inobedientiam
1094 697 1207 749 sive
1288 703 1678 755 contumaciam
1759 703 2059 772 deponatur

498 777 817 845 episcopus:
855 783 945 835 sed
979 784 1135 837 aliter
1166 786 1359 840 debere
1390 789 1533 842 illum
1580 793 1775 858 puniri.
1812 796 1866 847 Si
1912 796 2054 850 enim

497 1048 883 1106 meminissent.
904 1051 1005 1104 Alii
1035 1063 1210 1109 autem
1247 1058 1513 1122 dixerunt,
1534 1064 1675 1131 quod
1707 1080 1771 1118 ex
1806 1070 2049 1135 proxime

497 1136 639 1188 edita
671 1152 698 1188 a
732 1138 839 1191 Deo
878 1145 1117 1197 coronati
1162 1155 1215 1198 et
1262 1151 1431 1202 sancti
1483 1152 1824 1220 imperatoris
1876 1160 2046 1211 nostri

496 1229 797 1281 veneranda
827 1228 1067 1300 Novella,
1104 1236 1411 1307 quicunque
1442 1241 1484 1296 is
1507 1243 1577 1296 sit
1607 1244 1867 1300 adversus
1897 1263 2054 1313 quem

493 1318 634 1370 actio
660 1319 974 1390 intenditur,
1002 1327 1043 1378 si
1078 1326 1127 1379 in
1155 1328 1415 1394 judicium
1447 1345 1689 1399 vocetur,
1721 1346 1772 1391 et
1799 1350 1918 1405 post
1943 1348 2052 1394 tres

494 1407 922 1468 denuntiationes
978 1430 1073 1484 per
1113 1428 1218 1473 tres
1267 1425 1493 1491 scriptas
1541 1428 1824 1482 citationes
1876 1444 2059 1484 accer-

490 1498 646 1561 situs,
680 1511 731 1552 et
764 1518 867 1555 non
900 1508 1137 1571 veniens,
1162 1512 1549 1567 condemnatur
1578 1518 1660 1570 vel
1708 1534 1809 1572 una
1851 1530 2054 1573 tantum

491 1598 642 1657 parte
669 1606 955 1660 praesente.
990 1599 1043 1651 Si
1075 1616 1201 1669 ergo
1237 1604 1398 1657 etiam
1441 1608 1727 1675 episcopus
1775 1626 1893 1665 eum
1960 1616 2055 1666 da-

493 1680 637 1734 tione
674 1683 834 1739 libelli
862 1703 924 1741 ac
956 1690 1172 1757 scriptis
1226 1693 1477 1764 legitimis
1526 1712 1815 1756 accusatus
1870 1702 2052 1768 fuerit,

490 1778 542 1822 et
572 1769 623 1823 in
649 1771 737 1836 jus
777 1786 1017 1842 voratus,
1062 1781 1295 1848 primum
1342 1786 1556 1852 quidem
1606 1806 1699 1857 per
1775 1792 2060 1845 denuntia-
2092 1780 2130 1833 Β

491 1861 687 1927 tiones,
750 1866 945 1923 deinde
1008 1873 1169 1925 etiam
1214 1889 1309 1941 per
1369 1877 1467 1930 tria
1524 1881 1742 1948 scriptis
1808 1886 2055 1938 mandata

490 1950 690 2015 edicta,
727 1964 781 2009 et
810 1972 868 2010 se
897 1958 1102 2023 judicio
1137 1977 1238 2015 non
1269 1963 1541 2027 obtulerit,
1584 1969 1928 2026 damnabitur
1973 1977 2057 2029 vel

490 2054 598 2094 una
623 2049 829 2096 tantum
865 2056 1015 2113 parte
1050 2061 1337 2117 praesente.
1369 2052 1466 2108 Hic
1488 2071 1616 2124 ergo
1666 2063 1867 2127 vocari,
1926 2066 2057 2133 legi-

488 2128 618 2183 time
648 2129 987 2200 intelligitur,
1035 2137 1243 2193 scilicet
1287 2154 1380 2208 per
1412 2142 1481 2195 50
1526 2144 1730 2199 dierum
1775 2128 2061 2216 edictaiet

489 2237 593 2275 non
646 2234 702 2278 ut
762 2228 1005 2282 nonnulli
1064 2230 1313 2286 dixerunt
1356 2249 1451 2303 per
1496 2251 1790 2303 paucorum
1849 2242 2056 2297 dierum

494 2315 708 2383 scriptis
755 2321 1032 2375 mandatas
1088 2324 1543 2383 denuntiationes.
1584 2328 1697 2385 Hoc
1732 2341 1909 2387 autem
1952 2336 2058 2390 alio

496 2408 656 2461 modo
687 2410 883 2464 dictum
915 2422 994 2467 est
1044 2414 1095 2468 in
1134 2417 1383 2473 tribunali
1434 2419 1722 2489 imperiali,
1775 2436 1830 2480 et
1889 2428 2058 2493 magis

491 2500 542 2553 in
575 2514 736 2555 causa
769 2504 1003 2572 episcopi
1044 2507 1300 2574 Besrenae,
1357 2521 1411 2565 et
1453 2510 1750 2577 judicatnm
1800 2526 1904 2579 est,
1964 2534 2060 2587 per

493 2591 592 2645 tria
622 2591 858 2662 legitima
889 2596 1063 2650 edicta
1094 2599 1289 2655 debere
1311 2604 1489 2657 vocari
1514 2604 1844 2676 episcopum,
1870 2609 2060 2664 adver-

492 2697 584 2737 sus
614 2699 773 2752 quem
813 2688 952 2741 actio
980 2688 1299 2756 intenditur.
1333 2702 1387 2748 et
1414 2695 1483 2747 ita
1512 2706 1730 2765 prepter
1773 2709 2057 2753 contuma-

489 2775 627 2827 ciam
665 2777 1033 2835 condemnari.
1066 2780 1423 2840 Condemnari
1474 2788 1690 2856 quidem
1745 2791 2053 2862 episcopum

490 2875 862 2922 contumacem
928 2870 1081 2938 juxta
1148 2874 1369 2931 illustris
1426 2879 1769 2948 imperatoris
1847 2883 2050 2940 domini

488 2954 749 3011 llanuelis
787 2961 1044 3016 Conmeni
1080 2962 1550 3031 Novellam,extra
1576 2982 1790 3023 omnem
1822 2980 1903 3024 est
1927 2986 2059 3026 con-

493 3046 832 3099 troversiam.
888 3049 979 3102 Sic
1043 3051 1186 3105 enim
1239 3063 1295 3106 ut
1358 3056 1557 3110 dictum
1611 3068 1713 3121 est,
1759 3058 2055 3126 judicatum

2158 528 2476 600 καθαιρέσει
2520 534 2953 591 καθυποῦάὶλειν
2994 542 3086 594 τὸν
3144 546 3348 617 ἀπειθῆ
3400 528 3727 609 ἐπίσκοπον.

2158 620 2268 672 Καὶ
2302 615 2455 675 εἶπόν
2492 641 2637 689 τινες
2669 627 2744 690 ὡς
2774 630 3104 698 ἀσυμπαθὲς
3156 636 3307 689 ἐστιν
3338 615 3399 704 ἐξ
3442 642 3730 707 ἀπειθείας

2158 711 2541 781 καθαιρεῖσθαι
2588 718 2925 773 ἐπίσκοπονο
2978 724 3155 788 ἄλλως
3208 728 3265 781 δέ
3323 747 3441 794 πως
3485 737 3730 803 ὀφείλειν

2160 804 2520 873 ἐπιτιμᾶσθαι
2570 808 2754 863 αὐτόν.
2788 812 2849 864 Ei
2892 813 3002 883 γὰρ
3044 812 3112 886 ἧν
3160 818 3405 889 θελητὸν,
3439 828 3592 893 φασὶ,
3637 832 3729 883 καὶ

2035 916 2058 926 -
2156 895 2267 956 τοῖς
2321 896 2639 961 ἀποστόλοις
2665 902 3049 973 καθαιρεῖσθαι
3090 909 3183 962 τὸν
3210 913 3530 983 ἐπίσκοπον,
3563 921 3733 991 ἐμνή-

2160 984 2369 1054 σθησαν
2404 989 2469 1042 ἄν
2520 992 2577 1042 ἐν
2624 994 2703 1063 τῷ
2747 997 2931 1050 κανόνι
2962 1002 3055 1053 καὶ
3107 1004 3506 1074 καθαιρέσεως.
3538 984 3727 1068 ’Ᾰλλοι

2157 1077 2213 1131 δὲ
2263 1074 2418 1133 εἷπον
2462 1082 2539 1145 ὡς
2575 1086 2669 1137 καὶ
2732 1087 2840 1140 ἀπὸ
2893 1094 2993 1159 τῆς
3043 1096 3285 1165 συνεχῶς
3350 1101 3728 1176 ἐξενεχθείσης

2160 1175 2547 1243 προσκυνητῆς
2604 1181 2805 1247 νεαρᾶς
2875 1181 2971 1234 τοῦ
3043 1185 3371 1256 θεοστεφοῦς
3425 1175 3725 1261 κρατίστου

2159 1263 2251 1313 καὶ
2281 1263 2438 1331 ἁγίου
2501 1268 2658 1336 ήμῶν
2710 1271 3133 1344 αὐτοκράτορος,
3192 1280 3339 1344 ἄπας
3396 1285 3727 1356 ἐναγόμενος

2162 1356 2641 1435 μετακαλοιὶμενος
2690 1364 2770 1426 είς
2813 1365 2874 1417 τὸ
2911 1367 3283 1442 δικαστήριον,
3316 1378 3408 1429 καὶ
3445 1380 3584 1446 μετὰ
3628 1383 3725 1450 μέ-

2158 1462 2282 1516 τρια
2313 1448 2607 1518 μηνύματα
2634 1452 2723 1505 διὰ
2762 1457 2930 1525 τριῶν
2956 1461 3399 1533 ἐπιφωνημάτων
3428 1448 3725 1539 ἐγγράφων

2160 1537 2334 1624 ἐλθεῖν
2381 1542 2867 1613 παρεγγυώμενος,
2906 1551 3000 1601 καὶ
3033 1552 3103 1621 μὴ
3151 1555 3463 1624 ἐρχόμενος,
3504 1537 3724 1615 καταδι-

2159 1612 2382 1693 κάζεται
2432 1633 2527 1685 καὶ
2586 1639 2926 1708 μονομερῶς.
2965 1643 3027 1695 Et
3077 1644 3209 1713 γοῦν
3266 1648 3361 1700 καὶ
3422 1652 3723 1717 ἐπίσκοπος

2164 1721 2301 1791 μετὰ
2355 1723 2557 1789 δόσεως
2609 1728 2871 1783 λιὸἐλλων
2935 1735 3029 1787 καὶ
3099 1738 3348 1808 νομίμων
3427 1743 3725 1813 ἐγγράφων

2160 1819 2531 1889 κατηγορηθῇ.
2568 1821 2662 1873 καὶ
2696 1825 3035 1898 μετακληθῇ,
3068 1831 3283 1899 πρῶτον
3317 1834 3416 1903 μὲν
3439 1835 3527 1889 διὰ
3552 1854 3726 1909 μηνυ-

2163 1910 2369 1978 μάτων,
2410 1907 2528 1965 εἶτα
2577 1914 2669 1967 καὶ
2703 1916 2792 1970 διὰ
2838 1920 3004 1987 τριῶν
3040 1921 3333 1992 ἐγγράφων
3372 1907 3731 1999 ἐπιφωνημάο

2157 2018 2283 2065 των,
2325 2004 2418 2055 καὶ
2461 2005 2562 2058 οὐκ
2606 2008 2911 2080 ἀπαντήσει
2962 2014 3042 2076 είς
3091 2014 3152 2067 τὸ
3212 2016 3589 2088 δικαστήριον,
3624 2023 3727 2076 κᾶν

2163 2094 2481 2163 μονομερῶς
2527 2100 3083 2172 καταδικασθήσεται.
3140 2107 3213 2159 Τὸ
3267 2111 3377 2179 γὰρ
3433 2113 3726 2166 καλεῖσθαι

2159 2182 2391 2236 ἐνταῦθα
2444 2186 2582 2254 μετὰ
2620 2188 2821 2257 νόμους
2864 2196 3088 2257 νοεῖται,
3122 2193 3290 2265 ἤγουν
3337 2200 3405 2251 δι’
3443 2203 3690 2273 ἐπιφωνη

2162 2276 2346 2343 μάτων
2372 2279 2873 2350 τριακονθημέρων,
2905 2285 3000 2337 καὶ
3031 2288 3128 2356 μὴ,
3164 2288 3237 2351 ὥς
3264 2308 3410 2353 τινες
3437 2290 3613 2355 εἷπον,
3639 2296 3727 2349 διὰ

2163 2368 2495 2435 μηνυμάτων
2523 2372 2817 2441 ἐγγράφων
2864 2376 3264 2449 ὀλιγοημέρων.
3309 2384 3482 2438 Τοῦτο
3510 2386 3565 2438 δέ
3598 2388 3724 2439 ἐλα-

2159 2457 2297 2530 λήθη
2321 2461 2594 2533 διαφόρως
2625 2466 2718 2518 ἐπὶ
2764 2466 3008 2537 βήματος
3042 2471 3343 2539 βασιλικοῦ,
3381 2478 3473 2529 καὶ
3524 2480 3725 2546 μᾶλλον

2158 2550 2217 2601 ἐν
2242 2554 2306 2622 τῇ
2330 2552 2585 2607 ὑποθέσει
2620 2556 2712 2608 τοῦ
2737 2559 3030 2614 ἐπισκόπου
3062 2561 3325 2634 Βεσαίνης
3349 2582 3362 2595 ·
3399 2567 3495 2620 καὶ
3529 2569 3723 2637 ἐκρίθη

2158 2644 2247 2697 διὰ
2280 2647 2446 2715 τριῶν
2492 2650 2740 2718 νομίμων
2782 2653 3242 2723 ἐπιφωνημάτων,
3275 2658 3514 2725 όςείλειν
3560 2679 3727 2731 μετα-

2158 2735 2441 2791 καλεῖσθαι
2474 2740 2567 2793 τὸν
2613 2744 2942 2812 ἐναγόμενον
2976 2747 3299 2814 ἐπίσκοπον,
3330 2750 3428 2803 καὶ
3460 2751 3636 2816 οὕτως
3666 2755 3726 2819 ἐξ

2159 2828 2443 2889 ἀπειθείας
2511 2834 2993 2899 καταδικάςεσθαι.
3058 2838 3130 2891 Τὸ
3205 2841 3307 2910 μὲν
3363 2844 3727 2908 καταδικάζει

2161 2922 2283 2977 σθαι
2331 2924 2442 2997 (15)
2488 2928 2579 2981 τὸν
2627 2930 2828 3000 ἀπειθῆ
2864 2933 3163 2988 ἐπίσκοπον
3203 2939 3347 2991 κατὰ
3398 2938 3499 3008 τὴν
3521 2940 3725 3008 νεαρὰν

2159 3015 2252 3069 τοῦ
2290 3017 2538 3087 ἀοιδίμου
2572 3019 2837 3089 βασιλέως
2875 3026 3044 3095 κυροῦ
3084 3028 3342 3098 Μανουὴλ
3380 3030 3472 3081 τοῦ
3499 3032 3723 3100 Κομνη-

1244 3102 1293 3106 _-
1360 3102 1557 3110 -._-.-.--
1613 3102 1713 3121 νυ,
1759 3102 2055 3126 ,...............

489 3133 593 3187 fuit
620 3136 758 3200 apud
788 3138 991 3204 regium
1024 3150 1077 3192 et
1109 3136 1343 3197 divinum
1376 3146 1681 3202 tribunoLA
1708 3149 1917 3205 duobus
1962 3166 2055 3205 au-

2159 3107 2249 3159 νοῦ
2278 3108 2489 3180 ἄμαχόν
2515 3113 2933 3184 ἐστι.Κέκριται
2956 3118 3063 3188 γὰρ
3087 3118 3249 3184 οὕτω,
3271 3121 3452 3185 καθὼς
3485 3124 3721 3191 εἴρηται,

492 3229 596 3275 tem
619 3222 947 3280 antistitibus
977 3236 1031 3281 et
1082 3244 1185 3283 non
1224 3231 1378 3286 aliter
1407 3235 1735 3290 vocationem
1771 3238 1886 3305 ejus
1922 3241 2055 3321 ﬁeri,

491 3321 548 3365 ut
576 3313 816 3367 nonnulli
852 3315 1125 3383 dixerunt,
1162 3334 1265 3373 non
1295 3331 1376 3375 est
1406 3323 1699 3377 secundum
1738 3326 1909 3396 legem
1958 3313 2055 3383 nec

489 3416 521 3456 e
546 3405 806 3458 sententia
825 3409 1103 3474 praesentis
1126 3404 1365 3469 canonis.
1395 3408 1524 3470 Cum
1550 3406 1637 3472 hic
1657 3417 1796 3474 enim
1825 3421 2060 3493 scriptus

489 3493 589 3549 fuit
623 3496 1017 3567 ‘neejudicib'us
1051 3512 1105 3557 et
1129 3506 1352 3560 notariis
1383 3508 1834 3572 patriarchalibus
1869 3530 1965 3582 per
1998 3531 2056 3569 se

490 3586 647 3640 ﬁdem
677 3589 859 3644 haberi
890 3592 941 3645 in
982 3607 1080 3646 usu
1114 3593 1234 3658 fuit,
1260 3607 1313 3650 et
1338 3597 1455 3651 ideo
1486 3599 1900 3656 determinatum
1930 3604 2051 3672 fuit,

488 3676 787 3732 antistitum
818 3683 1129 3738 vocationes
1152 3701 1180 3737 a
1222 3686 1430 3741 duobus
1462 3687 1578 3742 ﬁeri
1614 3692 1898 3762 episcopis.
1947 3693 2053 3748 ilo-

488 3769 573 3823 die
596 3780 775 3824 autem
811 3786 930 3827 cum
956 3772 1230 3841 iudicibus
1256 3785 1309 3830 et
1341 3778 1568 3833 notariis
1599 3781 2054 3847 patriarclialibus

488 3876 585 3929 per
615 3877 673 3916 se
704 3862 966 3920 habeatur
1009 3865 1162 3930 ﬁdes,
1224 3871 1531 3924 necessario
1587 3881 1642 3925 et
1693 3887 1813 3941 qum
1863 3877 1929 3927 ah
1972 3877 2052 3931 eis

488 3951 623 4006 ﬁunt
653 3954 847 4021 edicta,
888 3956 1165 4025 reprobari
1202 3972 1307 4012 non
1354 3968 1600 4026 possunt.
1655 3960 1823 4017 Recte
1873 3965 2055 4034 itaque

486 4044 933 4101 condemnabitnr
958 4048 1049 4116 qui
1084 4063 1178 4116 per
1207 4063 1267 4102 ea
1298 4058 1552 4105 evocatus
1588 4050 1745 4107 fuerit
1790 4064 1843 4107 et
1891 4055 1941 4107 in
1970 4056 2056 4124 ju-

486 4133 629 4188 dicio
662 4152 767 4190 non
804 4138 1027 4205 stiterit,
1078 4141 1510 4210 quandoquidem
1556 4143 1729 4197 edicta
1777 4160 1879 4198 non
1930 4158 2054 4201 sunt

484 4239 552 4278 ex
631 4241 694 4281 eo
783 4227 1099 4284 labefactata
1179 4232 1305 4302 quia
1385 4230 1453 4286 ab
1492 4233 1859 4304 ;antistitibus
1948 4251 2050 4290 non

487 4318 641 4373 ﬁunt.

557 4584 810 4640 ZONAR.
852 4587 917 4641 Et
951 4587 1000 4641 in
1027 4588 1365 4657 sexagesimo
1389 4590 1565 4659 primo
1597 4605 1804 4646 canone
1842 4591 2048 4647 dictum

487 4675 585 4729 fuit
612 4691 639 4728 a
673 4676 846 4741 nobis,
873 4678 1016 4746 quod
1057 4677 1367 4748 episc0pnm
1419 4694 1525 4733 non
1569 4681 1746 4750 quivis
1794 4697 2052 4737 arcusare

488 4776 685 4837 potest,
717 4771 808 4823 sed
835 4769 1187 4839 inculpati,et
1233 4770 1515 4825 orthodoxi
1577 4772 1822 4827 homines
1857 4791 1870 4826 :
1907 4776 2051 4843 quod

485 4869 539 4915 et
567 4858 829 4927 signiﬁcat
862 4858 972 4930 49
1001 4859 1088 4914 hic
1120 4873 1315 4923 canon,
1354 4860 1477 4913 dum
1507 4860 1660 4927 dicit,
1708 4864 1772 4917 ab
1826 4861 2051 4917 homini-

485 4953 577 5006 bus
617 4952 722 5022 ﬁde
754 4953 947 5023 dignis.
994 4953 1040 5005 Α
1087 4952 1280 5006 talibus
1314 4953 1477 5023 igitur
1513 4954 1556 5007 si
1601 4966 1881 5008 accusetur
1936 4958 2050 5024 cpi-

486 5060 700 5115 scopus,
733 5046 783 5100 in
811 5046 1087 5101 absentem
1124 5059 1230 5099 non
1261 5054 1471 5115 oportet
1524 5048 1844 5100 sententiam
1885 5049 2044 5115 ferre,

484 5137 576 5189 sed
598 5122 724 5189 eum
754 5136 924 5190 citare
957 5151 1225 5203 :cumque
1258 5138 1487 5198 venerit,
1525 5150 1609 5202 ea,
1647 5150 1767 5205 quae
1795 5138 2046 5191 dicuntur

486 5224 539 5278 in
572 5224 764 5292 ipsum,
796 5228 1000 5281 audire.
1031 5212 1318 5294 PoStquam
1348 5227 1577 5279 audierit
1606 5237 1782 5281 autem
1834 5228 1916 5282 vel
1945 5228 2045 5281 oh-

484 5315 627 5385 jecta
667 5317 767 5371 sibi
798 5319 1025 5373 crimina
1053 5318 1329 5381 fatebitur,
1368 5318 1448 5371 vel
1473 5318 1719 5372 inﬁcians
1763 5319 2048 5373 convince-

2162 3201 2311 3271 παρὰ
2358 3201 2435 3271 τῷ
2482 3202 2746 3274 βασιλικῷ
2794 3207 2885 3260 καὶ
2929 3207 3067 3280 θείῳ
3109 3211 3337 3282 βήματι.
3382 3214 3455 3266 Τὸ
3494 3214 3549 3267 δὲ
3586 3216 3725 3284 μετὰ

2158 3290 2251 3343 δύο
2294 3293 2595 3364 ἀρχιερέων
2641 3298 2737 3350 καὶ
2784 3297 2860 3369 μὴ
2894 3298 3067 3363 ἄλλως
3113 3321 3231 3365 πως
3269 3305 3368 3374 τὴν
3397 3307 3589 3359 τούτου
3624 3326 3722 3377 με-

2157 3387 2421 3458 τάκλησιν
2443 3389 2707 3457 γίνεσθαι,
2731 3392 2806 3455 ὥς
2830 3411 2969 3458 τινες
3010 3391 3186 3463 εἶπον,
3215 3399 3315 3451 οὐκ
3343 3399 3458 3452 ἔστι
3484 3402 3721 3470 νόμιμον

2156 3480 2277 3533 οὐδὲ
2320 3481 2420 3549 τῆς
2458 3483 2665 3546 ἐννοίας
2709 3485 2803 3538 τοῦ
2847 3489 3115 3557 παρόντος
3156 3494 3401 3556 κανόνος.
3435 3498 3565 3550 Ὅτε
3613 3496 3721 3564 γὰρ

2154 3570 2311 3638 οὗτος
2357 3576 2571 3646 ἐγράφη
2626 3576 2751 3630 οὕτε
2802 3578 3074 3634 δικαστῶν
3128 3582 3254 3636 οὔτε
3298 3597 3720 3662 πατριαρχικῶν

2155 3671 2417 3740 νοταρίων
2456 3671 2674 3739 ἐνήργει
2715 3671 3059 3736 αὐτοπιστία,
3100 3678 3193 3727 xui.
3240 3678 3328 3730 διὰ
3377 3681 3533 3735 τοῦτο
3585 3704 3719 3755 προ-

2154 3761 2358 3815 ϐαίνειν
2387 3761 2596 3831 ὡρίσθη
2620 3763 2719 3820 τὰς
2752 3763 2861 3815 τῶν
2890 3765 3190 3837 ἀρχιερέων
3227 3774 3593 3841 μετακλήσεις
3621 3779 3717 3831 ἐπὶ

2153 3854 2467 3905 ἐπισκόπων
2493 3852 2603 3907 δύο.
2645 3854 2893 3923 Σήμερον
2934 3855 2990 3907 δὲ
3040 3856 3139 3925 τῆς
3166 3858 3275 3910 τῶν
3297 3860 3568 3917 δικαστῶν
3614 3870 3713 3921 καὶ

2152 3944 2260 3995 τῶν
2314 3942 2729 4012 πατριαρχικῶν
2770 3942 3030 4011 νοταρίων
3070 3945 3422 4013 αὐτοπιστίας
3458 3952 3715 4022 ἐνεργού-

2155 4051 2273 4103 σης,
2305 4033 2364 4098 ἐξ
2393 4033 2637 4102 ἀνάγκης
2666 4034 2760 4085 καὶ
2791 4034 2859 4086 τὰ
2889 4034 2954 4086 δι’
2986 4034 3166 4088 αὐτῶν
3198 4041 3456 4109 γινόμενα
3500 4046 3711 4113 ἐπιφω-

2152 4129 2370 4197 νήματα
2435 4126 2616 4192 ἕξουσι
2676 4128 2735 4180 τὸ
2797 4129 3293 4202 ἀπαρεγχείρητον.
3367 4134 3562 4197 Καλῶς
3621 4132 3713 4190 οὗν

2152 4219 2684 4289 καταδικασθήσεται
2714 4222 2741 4272 ὁ
2782 4220 2850 4273 δι’
2897 4223 3079 4277 αὐτῶν
3108 4225 3474 4296 ἐπιφωνηθεὶς
3504 4228 3600 4279 καὶ
3639 4228 3714 4297 μὴ

2150 4312 2466 4382 ἀπαντήσας
2496 4312 2576 4373 είς
2605 4312 2663 4364 τὸ
2692 4311 3063 4384 δικαστήριον,
3096 4316 3172 4379 ὡς
3201 4316 3316 4369 τῶν.
3346 4320 3594 4389 ἐπιφωνη
3607 4320 3709 4387 μά-

2079 4442 2130 4500 D
2156 4421 2263 4456 των
2312 4404 2388 4474 μὴ
2429 4405 2867 4472 κατασειομένων
2908 4406 2971 4457 ἐκ
3023 4405 3116 4459 τοῦ
3155 4409 3231 4477 μὴ
3283 4410 3535 4478 γενέσθαι
3564 4410 3714 4480 παρὰ

2154 4493 2475 4563 ἀρχιερέων.

2220 4586 2463 4639 ΖΩΝΔΡ.
2502 4586 2610 4639 Καὶ
2642 4587 2699 4639 ἐν
2730 4587 2806 4657 τῷ
2837 4587 2916 4652 Ea!
2965 4588 3150 4642 κανόνι
3204 4591 3419 4661 εἴρηται
3465 4594 3597 4661 ἡμῖν
3638 4593 3714 4657 ὡς

2147 4679 2209 4731 οὐ
2265 4680 2372 4742 πᾶς
2420 4696 2502 4741 τις
2560 4682 2887 4750 κατηγορεῖν
2942 4682 3245 4734 ἐπισκόπου
3306 4683 3550 4747 δύναται,
3598 4687 3714 4739 ἀλλ’

2147 4770 2502 4841 ἀνεπίληπτοι
2533 4772 2811 4841 ἄνθρωποι
2844 4772 2937 4824 καὶ
2968 4772 3270 4842 ὀρθόδοξοιο
3299 4776 3458 4827 τοῦτο
3490 4773 3582 4829 οὖν
3619 4778 3713 4832 καὶ

2148 4864 2177 4915 ό
2210 4860 2388 4915 κανὼν
2431 4856 2584 4925 οὗτος
2612 4862 2764 4931 δηλοῖ
2793 4863 2881 4917 διὰ
2910 4864 3004 4915 τοῦ
3049 4863 3248 4933 λέγειν,
3285 4866 3441 4934 παρὰ
3471 4867 3710 4931 ἀξιοπί-

2150 4968 2312 5007 στων
2336 4954 2679 5021 ἀνθρώπων.
2713 4956 2834 5009 Κᾶν
2864 4955 2955 5009 οὖν
2992 4958 3141 5026 παρὰ
3176 4960 3433 5010 τοιούτων
3468 4976 3709 5027 κατηγο-

2152 5048 2326 5117 ρεῖται
2374 5046 2689 5111 ἐπίσκοπος,
2719 5048 2780 5099 οὐ
2829 5048 2934 5118 χρὴ
2969 5049 3136 5101 αὑτοῦ
3184 5050 3414 5110 ἀπόντος
3464 5050 3714 5121 καταψη-

2152 5134 2424 5204 φίζεσθαι·
2456 5135 2591 5188 ἀλλὰ
2621 5136 3044 5205 μετακαλεῖσθαι
3075 5137 3368 5198 αὐτὸν,καὶ
3391 5138 3707 5206 ἐρχόμενον,

2149 5229 2258 5280 τῶν
2290 5228 2411 5280 κατ’
2442 5227 2607 5281 αὐτοῦ
2656 5228 2963 5295 λεγομένων
2999 5228 3238 5281 ἀκούειν.
3278 5228 3538 5291 Ἀκούσας
3572 5228 3648 5289 δὲ,
3678 5229 3710 5298 ἢ

2151 5316 2473 5387 ὁμολογήσει
2521 5317 2586 5370 τὰ
2639 5317 2955 5388 ἐπαγόμενα
3002 5318 3149 5388 αὐτῷ
3198 5318 3520 5387 αἰτιάματα,
3552 5320 3585 5390 ἦ
3619 5319 3715 5387 ἀρ-

1704 5454 1900 5516 Guill.
1931 5454 2261 5531 Beveregii
2299 5463 2463 5516 notae

565 5576 581 5655 ζ
592 5574 672 5644 15)
704 5574 771 5655 τὸ
797 5574 908 5655 μιὲν
934 5576 1444 5655 καταδικάζεσρᾳι..
1486 5574 1609 5627 [hcc
1630 5589 1817 5655 .usque
1854 5574 1919 5655 ad
1948 5575 2040 5655 ab-

494 5643 667 5695 soluta
722 5644 773 5696 in
832 5647 974 5697 hunc
1017 5660 1277 5698 canoncm
1343 5646 1676 5698 Balsamonis
1734 5643 1935 5697 scholia
1985 5646 2035 5697 in

495 5711 768 5773 impressis
793 5713 1069 5769 codicibus
1098 5714 1299 5769 Graecis
1334 5714 1732 5769 desiderantur.
1760 5714 1862 5766 Sed
1886 5711 2032 5767 Con-

2152 5573 2328 5627 tianns
2364 5572 2628 5625 llcrvctus
2652 5572 2796 5635 legit,
2820 5584 2871 5624 et
2897 5571 3085 5624 Latine
3112 5572 3297 5625 vertit.
3336 5571 3440 5624 Nos
3463 5570 3709 5623 Grmvnnt

2152 5652 2355 5696 textum
2401 5659 2464 5695 ex
2514 5658 2619 5695 ms.
2670 5641 2957 5695 Bodleiano
2982 5658 3122 5695 nunc
3147 5643 3375 5711 primum
3427 5642 3477 5694 in
3535 5640 3710 5692 ltlt‘Ctll

2146 5713 2490 5769 Drol’crimus.
