4108 6200
538 355 634 418 191

1806 346 2085 407 THEOD.
2133 345 2540 407 BALSABION

3674 343 3771 406 ιίη

525 485 662 524 unus
688 467 743 522 in
777 465 942 521 alium
982 465 1166 519 dicens
1216 462 1602 527 testimonium,
1642 459 1890 528 quamvis
1936 456 2094 510 etiam

2203 448 2523 526 μαρτυρῶν,
2570 456 2677 510 κᾶν
2723 455 2913 517 πιστὸς
2978 456 3087 523 εἴη.
3136 455 3200 508 οὗ
3263 455 3771 529 προσδεχθήσεται-

525 563 591 615 sit
629 558 820 625 ﬁdelis,
857 560 1183 612 admittitur.
1226 554 1453 622 Magnus
1485 552 1627 605 enim
1670 550 1867 603 Paulus
1899 550 1963 600 ad
2005 547 2096 601 Ti—

526 654 801 707 motheum
836 651 1080 704 scribens
1109 648 1189 702 sic
1218 647 1349 699 dicit
1378 662 1391 697 :
1421 644 1697 697 Adversus
1723 639 2095 711 presbyterum

527 760 595 798 ne
624 743 849 812 recipias
884 741 1306 804 accusationem,
1340 737 1441 791 nisi
1472 735 1573 789 sub
1603 734 1835 797 duobus,
1861 742 1953 786 aut
1998 731 2097 784 tri-

527 836 627 889 bus
664 833 889 888 testibus
921 833 985 887 ³¹.
1023 831 1273 885 Arbitror
1301 844 1425 883 vero
1480 842 1623 881 nunc
1657 827 1708 880 in
1738 824 2099 879 accusationi-

528 925 648 988 bus,
695 940 787 991 per
832 939 963 989 quas
1010 921 1340 977 consecratis
1389 919 1650 974 ministris
1697 932 1854 971 casus
1896 914 2094 985 proprii

527 1017 721 1084 gradus
770 1012 1018 1075 infertur,
1088 1031 1188 1065 non
1238 1014 1482 1067 sollicere
1534 1013 1669 1066 duos
1718 1019 1905 1073 testes,
1954 1017 2008 1061 et
2052 1006 2097 1062 si

531 1106 730 1167 lidelrs,
761 1116 813 1160 et
840 1088 1334 1171 irrepri-liensibiles
1362 1104 1489 1157 sint.

528 1197 752 1251 ARIST.
828 1197 1122 1251 [hereticus
1192 1214 1294 1251 non
1354 1204 1569 1251 accusat
1627 1194 1942 1263 episcopum,
2009 1208 2101 1245 nec

1126 1305 1258 1342 unus
1287 1288 1480 1357 ﬁdelis.

597 1380 698 1447 Qui
734 1382 990 1451 synopsiu
1023 1382 1307 1449 praesentis
1350 1380 1572 1435 canonis
1618 1378 1765 1442 fecit,
1805 1395 1916 1434 non
1965 1378 2102 1434 bene

528 1486 651 1526 eum
680 1473 960 1527 intellexit.
1002 1473 1135 1527 illud
1165 1474 1308 1528 enim
1338 1473 1479 1543 quod
1524 1471 1813 1526 haereticus
1847 1487 1951 1526 non
2008 1487 2103 1540 po-

529 1573 631 1617 test
656 1579 914 1619 accusare
935 1566 1268 1633 episcopum,
1317 1578 1418 1619 nec
1466 1563 1519 1617 in
1560 1578 1681 1618 eum
1735 1563 2100 1618 testimonium

529 1657 710 1711 dicere
750 1673 933 1711 verum
962 1667 1074 1723 est;
1113 1658 1213 1711 hoc
1244 1668 1425 1711 autem
1460 1658 1602 1725 quod
1627 1672 1764 1711 unus
1793 1656 1964 1711 ﬁdelis
1995 1672 2099 1711 non

528 1756 706 1815 potest
746 1747 798 1799 in
835 1747 1146 1815 episcopum
1180 1748 1579 1802 accusationem
1634 1746 1799 1813 ferre,
1854 1746 2048 1801 falsum
2083 1764 2095 1800 :

2200 549 2294 600 καὶ
2340 546 2590 616 Τιμοθέῳ
2636 545 2744 615 γὰρ
2789 548 2817 598 6
2863 545 3037 615 μέγας
3096 546 3302 609 Παῦλος
3358 548 3583 616 γράφων
3629 549 3773 603 οὕτω

2200 635 2366 705 φησί·
2410 636 2566 688 Κατὰ
2604 635 2979 706 πρεσϐυτέρου
3015 637 3352 707 κατηγορίαν
3404 637 3477 707 μὴ
3527 642 3772 708 παραδέ-

2199 746 2296 799 χου
2326 731 2377 781 εί
2409 728 2485 798 μὴ
2515 729 2607 783 ἐπὶ
2641 728 2733 783 δύο
2764 729 2796 798 ἢ
2827 728 2993 797 τριῶν
3024 728 3339 799 μαρτύρων.
3373 727 3544 799 Οἶμαι
3582 731 3640 784 δὲ
3670 732 3768 786 νῦν

2201 823 2293 874 ἐπὶ
2324 822 2704 891 κατηγορίαις,
2747 821 2806 886 ἐξ
2852 814 2926 873 ὧν
2972 821 3248 883 ἔκπτωσις
3277 820 3373 874 τοῦ
3422 822 3626 875 οἰκείου
3672 823 3775 892 βα·-

2202 913 2342 982 Θμοῦ
2375 916 2487 976 τοῖς
2523 912 2844 985 ίερωμένοις
2867 913 3154 975 ἐπάγεται,
3191 912 3265 981 μὴ
3298 914 3422 972 τοὺς
3457 912 3552 965 δύο
3584 915 3776 983 ἀρκεῖν

2204 1005 2509 1075 μάρτυρας,
2538 1005 2643 1057 κᾶν
2672 1004 2858 1056 πιστοὶ
2888 997 2988 1057 ὦσι
3020 1004 3113 1057 καὶ
3147 1002 3533 1071 ἀνεπίληπτοι.

2200 1186 2420 1240 ΑΡΙΣΤ.
2467 1184 2771 1254 Αίρετικὸς
2795 1186 2871 1239 οὐ
2899 1185 3215 1253 κατηγορεῖ
3248 1186 3608 1250 ἐπισκόπου,
3630 1188 3775 1240 οὐδὲ

2801 1278 3016 1343 πιστὸς
3046 1274 3152 1342 εἷς.

2282 1371 2340 1425 '0
2368 1370 2459 1424 τὸν
2492 1371 2734 1440 παρόντα
2765 1372 3059 1440 συνοψίσας
3092 1374 3293 1425 κανόνα
3335 1374 3397 1425 οὐ
3431 1371 3617 1434 καλῶς
3645 1373 3770 1425 τοῦ·

2200 1480 2293 1516 τον
2325 1462 2535 1531 ἐνόησε.
2565 1463 2639 1515 Τὸ
2690 1463 2788 1531 μὲν
2815 1462 2923 1533 γὰρ
2968 1462 3044 1532 μὴ
3096 1464 3427 1532 κατηγορεῖν
3491 1462 3770 1532 αἱρετικὸν

2202 1550 2523 1613 ἐπισκόπου,
2561 1551 2593 1620 ἢ
2626 1553 2920 1621 μαρτυρεῖν
2954 1552 3073 1605 κατ’
3110 1551 3298 1616 αὑτοῦ,
3347 1553 3549 1619 ἀληθές
3601 1556 3767 1607 ἐστι’

2203 1643 2264 1692 τδ
2303 1641 2357 1693 δὲ
2401 1640 2476 1710 μὴ
2516 1640 2775 1694 δύνασθαι
2819 1645 3011 1696 πιστδν
3046 1642 3141 1696 ἕνα
3190 1645 3447 1714 συνιστᾷν
3486 1647 3609 1698 κατ’
3646 1647 3772 1698 ὲπι-

2206 1732 2409 1785 σκόπου
2434 1733 2768 1803 κατηγορίαν
2793 1734 2988 1805 ψευδές
3005 1753 3020 1767 ·
3048 1736 3322 1809 μαρτυρία
3342 1737 3450 1807 γὰρ
3482 1738 3603 1799 ἐνὸς
3631 1739 3775 1793 κατά

532 1838 900 1891 testimonium
932 1838 1078 1893 enim
1144 1838 1304 1892 unius
1365 1847 1551 1894 contra
1616 1839 1922 1908 quempiam
1993 1854 2096 1894 non

2208 1839 2352 1886 τινος
2394 1823 2455 1877 οὐ
2489 1824 2850 1895 προσδέχεται
2874 1842 2888 1856 °
2920 1829 3225 1899 κατηγορία
3269 1828 3325 1882 δὲ
3357 1829 3451 1882 καὶ
3482 1829 3615 1897 παρ’
3655 1829 3775 1894 ἑνὸς

530 1930 832 1983 admittitur
861 1948 877 1985 ι
902 1931 1181 1985 accusatio
1213 1941 1391 1986 autem
1428 1931 1486 1985 lit
1525 1939 1579 1987 et
1600 1946 1696 2001 per
1717 1947 1885 1987 unum
1910 1941 1965 1987 et
2008 1945 2103 2001 per

531 2018 728 2087 plures.

1007 2113 1115 2183 50
1153 2113 1381 2169 CANON
1411 2113 1639 2171 [χχιι.

528 2198 685 2267 Quod
716 2218 818 2256 non
837 2214 1039 2270 Oportet
1066 2208 1365 2276 episeapum
1400 2209 1575 2276 fratri,
1606 2209 1683 2263 vel
1710 2209 1847 2277 ﬁlio,
1874 2210 1955 2264 vel
2005 2212 2104 2266 alii

599 2306 822 2363 cognato
854 2297 1256 2365 gratiﬁcantem,
1292 2300 1364 2352 ad
1399 2300 1729 2367 episcopatus
1791 2302 2102 2371 dignitatem

604 2403 755 2454 quem
787 2390 894 2442 vult
921 2390 1134 2459 eligere.
1167 2388 1506 2460 Episcopatus
1522 2395 1660 2448 enim
1683 2395 1911 2449 heredes
1930 2396 2105 2465 facere

593 2480 797 2546 justum
824 2496 925 2534 non
955 2491 1052 2545 est,
1086 2498 1148 2536 ea
1178 2498 1292 2551 quae
1336 2483 1431 2537 Dei
1458 2496 1598 2545 sunt.
1642 2487 1872 2540 humano
1912 2489 2105 2557 a/fectu

603 2569 1062 2639 largienlem;uon
1084 2574 1222 2627 enim
1254 2575 1371 2628 licet
1405 2574 1693 2629 Ecclesium
1726 2577 1817 2630 Dei
1854 2579 1906 2631 in
1941 2584 2105 2633 luere-

602 2666 690 2718 des
746 2666 1006 2733 conferre.
1064 2666 1125 2720 Si
1166 2669 1280 2734 quis
1327 2676 1501 2720 autem
1551 2669 1647 2721 hac
1697 2668 1896 2733 fecerit,
1949 2671 2103 2724 irrita

601 2756 808 2821 quidem
865 2756 1048 2813 electio
1099 2768 1329 2827 maneat,
1376 2762 1485 2828 ipse
1533 2773 1707 2816 autem
1750 2764 2105 2834 searegatione

602 2849 872 2904 multetur.

602 3108 797 3163 BALS.
832 3107 1080 3164 Praesens
1106 3111 1323 3177 quidem
1356 3126 1526 3167 canon
1557 3114 1746 3168 statuit
1781 3128 1890 3168 non
1939 3114 2104 3171 licere

529 3200 787 3268 etiiscopo
814 3211 1097 3269 cognatum
1129 3202 1248 3257 loco
1280 3218 1379 3258 suo
1418 3203 1471 3257 in
1531 3204 1843 3274 episcopatu
1902 3207 2107 3260 consti—

530 3298 706 3356 tuere,
738 3308 838 3347 nec
864 3293 1098 3361 Spiritus
1124 3296 1351 3362 gratiam
1418 3305 1477 3349 ut
1529 3298 1819 3351 humanam
1869 3297 2102 3369 aliquam

529 3385 901 3443 htereditalem
935 3389 1329 3444 transmittere.
1368 3375 1612 3445 lutirmat
1653 3399 1834 3445 autem
1877 3402 1934 3446 et
1982 3393 2106 3447 irri-

530 3487 641 3533 tam
673 3478 914 3533 decernit
946 3478 1250 3546 liujusmodi
1288 3481 1633 3543 electionem,
1672 3489 1728 3536 et
1778 3483 1941 3536 etiam
1991 3483 2107 3552 epi-

528 3584 753 3635 scopnm
791 3582 1057 3645 segregat.
1082 3571 1161 3625 Tu
1186 3582 1366 3627 autem
1400 3573 1508 3640 dic,
1536 3574 1677 3642 quod
1711 3574 1871 3628 etiam
1917 3575 1962 3629 si
1989 3591 2092 3630 non

530 3658 599 3712 ad
631 3673 787 3712 suum
831 3670 1115 3729 cognatum
1172 3662 1455 3731 episcopus
1507 3664 1877 3732 episcopatum
1926 3674 2103 3719 trans—

527 3749 756 3813 miserit;
790 3753 879 3802 sed
905 3751 970 3802 ad
1000 3750 1255 3815 alienum,
1290 3753 1429 3807 idem
1465 3753 1588 3808 erit.
1625 3752 1917 3821 Episcopos
1956 3754 2098 3809 enim

527 3855 559 3892 a
588 3842 809 3910 synodis
836 3842 950 3897 ﬁeri
982 3843 1259 3898 decretum
1299 3853 1406 3900 est.
1470 3844 1534 3899 Et
1590 3846 1711 3900 ideo
1762 3847 1924 3902 etiam
1991 3847 2099 3900 vita

529 3930 746 3986 functus
780 3934 867 3988 ille
898 3935 1047 3989 urbis
1071 3935 1302 4005 Philippi
1341 3936 1785 4005 metropolitanns
1813 3937 2098 4001 niaximus,

527 4038 639 4077 sua:
672 4025 948 4093 metropoli
999 4028 1097 4079 sub
1156 4026 1258 4082 hac
1314 4026 1623 4081 conditione
1686 4026 2020 4092 renuutians,
2056 4027 2099 4079 si

526 4116 648 4184 ejus
679 4133 1018 4172 mconomum
1058 4119 1205 4173 urbis
1233 4118 1464 4188 Philippi
1493 4118 1965 4188 metropolitanum
2004 4132 2102 4186 pro

526 4220 587 4258 se
617 4207 730 4274 ipso
761 4220 945 4262 sancta
974 4211 1213 4278 synodus
1239 4212 1616 4275 constitueret,
1649 4228 1755 4266 non
1799 4222 1883 4267 est
1938 4226 2104 4266 exau-

528 4295 697 4357 ditus,
731 4300 824 4352 sed
857 4299 1023 4352 audiit
1055 4302 1197 4368 quod
1234 4301 1279 4355 si
1317 4316 1422 4364 res,
1450 4318 1586 4370 quas
1615 4312 1736 4371 post
1774 4301 2096 4356 electionem

529 4404 593 4442 ex
617 4390 859 4445 ecclesiae
892 4392 1153 4447 reditibus
1174 4394 1426 4461 acquirit,
1474 4410 1578 4448 non
1604 4403 1780 4463 potest
1832 4395 1989 4461 dare,
2023 4394 2102 4448 vel

639 4563 680 4593 ³¹
724 4564 910 4619 ΙΤίιη.
946 4583 1001 4633 v,
1044 4567 1128 4623 19.

2208 1914 2303 1968 καὶ
2335 1914 2485 1985 παρὰ
2516 1917 2780 1971 πλειόνων
2810 1917 3035 1986 γίνεται.

2787 2096 3025 2151 ΚΑΝΩΝ
3056 2101 3193 2165 θεῖν.

2210 2185 2339 2240 Ὀτι
2385 2188 2457 2241 οὺ
2506 2186 2624 2256 χρὴ
2656 2187 2997 2243 ἐπίσκοπον
3039 2190 3151 2261 (15)
3202 2188 3282 2254 τῷ
3328 2190 3590 2259 ἀδελφῷ,
3623 2191 3659 2257 ἣ
3696 2190 3774 2253 τῷ

2279 2279 2410 2343 υιῷ,
2448 2280 2487 2349 ἢ
2536 2280 2714 2348 ἑτέρῳ
2759 2281 3046 2350 συγγενεῖ
3101 2279 3515 2349 χαριζόμενον,
3566 2285 3651 2347 εὶς
3706 2282 3774 2335 τὸ

2277 2368 2507 2435 ἀξίωμα
2536 2366 2645 2436 τῆς
2681 2370 3024 2436 ἐπισκοπῆς
3052 2371 3416 2439 χειροτονεῖν
3442 2372 3513 2426 ὃν
3546 2373 3774 2436 ,βούλε-

2282 2478 2376 2515 ται
2422 2462 2557 2531 (16).
2613 2464 3040 2532 κληρονόμους
3102 2463 3209 2534 γὰρ
3258 2464 3370 2531 τῆς
3436 2464 3777 2530 ἐπισκοπῆς

2281 2555 2577 2610 ποιεῖσθαι
2602 2558 2675 2611 οὐ
2700 2556 2956 2620 δίκαιον,
2974 2558 3046 2611 τὰ
3073 2557 3178 2611 τοῦ
3216 2557 3362 2611 Θεοῦ
3386 2557 3778 2626 χαριζόμενον

2280 2647 2453 2701 πάθει
2491 2648 2871 2717 ἀνθρωπίνφο
2911 2650 3117 2719 οὐγὰρ
3153 2648 3268 2716 τὴν
3296 2648 3403 2702 τοῦ
3450 2649 3598 2703 Θεοῦ
3640 2650 3775 2703 Ἑκ-

2280 2740 2545 2806 κλησίαν
2585 2740 2704 2794 ὑπὸ
2747 2741 3157 2808 κληρονόμους
3192 2739 3301 2809 (l7)
3340 2739 3567 2807 ὀφείλει
3618 2739 3772 2791 τιθέ-

2279 2848 2399 2886 ναι.
2446 2834 2517 2886 Εί
2562 2832 2630 2885 δέ
2679 2850 2771 2897 τις
2820 2831 2995 2887 τοῦτο
3054 2832 3331 2897 ποιήσει,
3387 2830 3609 2898 ἄκυρος
3660 2831 3778 2899 μὲν

2272 2925 2426 2980 ἔστω
2469 2924 2505 2990 ἡ
2537 2924 2866 2993 χειροτονία
2885 2938 2898 2954 ⁸
2935 2924 3116 2990 αὐτὸς
3145 2922 3212 2977 δὲ
3241 2923 3603 2991 ἐπιτιμᾶσθω
3632 2924 3779 2990 riger-

2274 3016 2490 3087 ρισμῷ-
2964 3003 2967 3005 ’
3356 3003 3373 3017 ’

2283 3110 2481 3164 ΒΑΛΣ.
2523 3109 2581 3162 Ὀ
2609 3108 2706 3177 μὲν
2736 3106 2926 3179 παρὼν
2955 3106 3133 3160 κανὼν
3172 3106 3467 3175 διορίζεται
3512 3108 3584 3175 μὴ
3618 3106 3765 3176 ἔχειν

2208 3204 2294 3257 ἐπ’
2340 3202 2525 3264 ἀδείας
2583 3201 2674 3253 τὸν
2731 3199 3030 3252 ἐπίσκοπον
3077 3199 3196 3253 ἀντ)⁵
3239 3197 3436 3250 ἑαυτοῦ
3494 3197 3773 3268 προσγενῆ

2207 3297 2408 3349 οἰκεῖον
2437 3296 2516 3358 είς
2547 3295 2647 3363 τὴν
2682 3293 2986 3362 ἐπισκοπὴν
3028 3291 3382 3361 ὲγκαΟιστᾷν,
3416 3291 3554 3360 μηδὲ
3589 3308 3772 3361 παρα-

2208 3389 2447 3456 πέμπειν
2493 3386 2591 3457 τὴν
2624 3386 2783 3456 χάριν
2840 3385 2935 3437 τοῦ
2971 3384 3286 3453 Πνεύματος
3315 3385 3389 3447 ὥς
3419 3403 3539 3438 τινα
3573 3383 3773 3452 κλῆρον

2205 3480 2566 3551 ἀνθρώπινον.
2612 3479 2834 3547 Ἀκυροί
2886 3477 2942 3530 δὲ
2992 3477 3088 3530 καὶ
3135 3477 3229 3547 τὴν
3260 3478 3431 3542 οὕτως
3475 3476 3773 3547 γενομένην

2206 3571 2560 3643 χειροτονίαν.
2623 3572 2717 3623 καὶ
2781 3570 3027 3640 ἀφορίζει
3078 3570 3169 3622 τὸν
3232 3569 3549 3623 ἐπίσκοπον.
3582 3570 3654 3622 Σὺ
3694 3562 3769 3623 ⁴δέ

2207 3666 2328 3719 εἰπὲ
2362 3666 2465 3729 ὅτι,
2500 3663 2603 3717 κᾶν
2652 3663 2727 3733 μὴ
2771 3665 2851 3725 είς
2895 3662 3171 3730 προσγενῆ
3206 3663 3371 3715 αὐτοῦ
3422 3662 3769 3735 παραπέμψῃ

2206 3756 2236 3808 ὁ
2268 3755 2564 3815 ἐπίσκοπος
2611 3752 2709 3821 τὴν
2751 3752 3080 3821 ἐπισκοπὴν,
3118 3740 3253 3805 ἀλλά
3299 3754 3437 3821 πρὸς
3466 3752 3768 3819 ἀλλότριον,

2206 3847 2267 3900 τὸ
2304 3846 2436 3900 αὐτὸ
2473 3845 2785 3913 γενήσεται.
2825 3846 2961 3907 Τοὺς
2999 3844 3106 3914 γὰρ
3149 3846 3480 3906 ἐπισκόπους
3525 3844 3629 3896 ὑπὸ
3659 3843 3771 3895 τῶν

2209 3938 2442 3990 συνόδων
2474 3936 2720 4003 γίνεσθαι
2766 3935 3135 3989 διατέτακται.
3178 3934 3275 3987 Διά
3306 3951 3388 3985 τοι
3427 3933 3583 3995 τοῦτο
3617 3938 3709 3986 καὶ
3740 3934 3768 3986 6

2199 4027 2594 4090 ἀποὸεὸιωκὼς
2641 4027 3049 4097 μητροπολίτης
3098 4026 3581 4086 Φιλιππουπόλεως
3610 4026 3638 4078 6
3673 4025 3769 4095 μέ-

2199 4136 2403 4185 γιστος,
2438 4117 2877 4188 παραιτούμενος
2921 4116 3018 4184 τὴν
3080 4116 3198 4168 κατ’
3227 4114 3388 4168 αὐτοῦ
3430 4114 3766 4184 μητρόπολιν

2199 4212 2305 4264 ὑπὸ
2360 4211 2571 4280 αἵρεσιν
2629 4209 2855 4278 ταύτην,
2906 4208 3001 4261 ἐὰν
3051 4207 3141 4260 τὸν
3196 4208 3482 4275 οἰκονόμον
3537 4205 3765 4274 αὑτοῦὴ

2198 4304 2329 4369 ἁγία
2362 4301 2579 4362 σύνοδος
2604 4300 2921 4369 καταστήσῃ
2958 4296 3365 4367 μητροπολίτην
3403 4292 3769 4348 Φιλιππουπόὲ

2198 4395 2333 4459 λεως
2369 4393 2484 4447 ἀντ’
2523 4390 2709 4456 αὑτοῦ,
2742 4391 2841 4443 οὐκ
2887 4389 3239 4460 εἰσηκούσθη,
3266 4388 3382 4443 ἀλλ’
3408 4388 3641 4458 ἤκουσεν
3669 4384 3766 4451 ὡς,

1710 4656 1910 4720 Guill.
1947 4657 2281 4737 Beveregii
2305 4665 2495 4721 notae.

604 4778 880 4855 (l5)_f0n
905 4782 976 4834 οὐ
1001 4780 1506 4855 χρὴμέπίσιιοπον.
1540 4780 1797 4855 Pauli_nus
1815 4782 2096 4855 episcopus

2234 4853 2243 4855 ,
2276 4786 2384 4855 (ίθ)
2423 4787 2792 4851 Χειροτονειν
2832 4785 2905 4839 ὃν
2935 4786 3246 4850 βούλεται.
3296 4783 3526 4855 Joannes
3573 4780 3767 4855 Antio-

528 4849 847 4913 Antiochiae,
886 4865 917 4903 e
968 4851 1077 4920 vita
1125 4849 1267 4920 jam_
1286 4850 1627 4915 decessurus,
1677 4852 1963 4920 Evagrium
2002 4849 2096 4905 sui

530 4921 652 4973 loco
678 4920 981 4974 ordinabat.
1045 4919 1178 4990 Hinc
1228 4918 1596 4990 Tlieodoretus
1641 4918 1913 4990 observat,
1947 4921 2098 4990 παρὰ

526 4992 617 5041 τὸν
648 4990 1101 5056 ἐκκλησιαστικὸν
1131 4988 1333 5058 θεσμὸν
1378 4998 1691 5057 provectum
1742 4988 1904 5043 fuisse
1954 4988 2092 5043 Eva-

527 5061 722 5124 grinm,
758 5069 812 5111 et
841 5059 1038 5129 multos
1067 5059 1226 5112 simul
1253 5073 1483 5113 canones
1516 5060 1742 5112 violatos
1767 5098 1783 5122 ,
1823 5058 1947 5111 οὔτε
1986 5061 2095 5129 γὰρ

526 5129 642 5198 ἐνθ’
674 5128 866 5181 ἑαυτοῦ
912 5129 989 5196 τῷ
1017 5129 1334 5181 τελευτῶντι
1365 5130 1690 5198 χειροτονεῖν
1716 5128 2092 5198 ἐπιτρέπουσι.

527 5197 847 5267 Ttieodoret.
891 5199 1030 5252 llist.
1074 5198 1271 5251 ecrles.
1325 5198 1417 5252 lib.
1457 5197 1497 5251 ’v
1526 5236 1541 5260 ,
1593 5212 1711 5267 cap.
1749 5197 1853 5259 25,
1898 5200 2093 5267 quibus

525 5266 704 5319 verbis
739 5268 804 5319 ad
839 5270 977 5321 hunc
1007 5282 1264 5322 eanouem
1312 5270 1615 5335 respexisse
1666 5266 1882 5321 'videtur
1912 5266 1928 5332 ,
1985 5283 2093 5335 quo

522 5344 737 5406 cautum
803 5349 928 5399 est,
988 5354 1054 5391 ne
1106 5338 1229 5406 quis
1288 5337 1447 5390 alium
1509 5339 1588 5389 sui
1637 5336 1754 5391 loco
1784 5337 2080 5406 ordinaret.

523 5402 750 5475 Etiamsi
781 5406 923 5475 enim
981 5408 1091 5473 ipse
1124 5402 1308 5475 canon
1355 5417 1702 5475 cognatorum
1754 5404 2090 5460 solummodo

524 5473 860 5545 nientionem
895 5474 1086 5540 faciat,
1114 5484 1168 5529 et
1214 5473 1499 5545 Evagrium
1549 5476 1754 5529 Paulini
1805 5484 2087 5543 cognatum

525 5543 692 5595 fuisse
721 5557 826 5595 non
861 5553 1099 5608 constet;
1134 5560 1305 5599 canon
1332 5543 1529 5599 tamen
1584 5546 1814 5598 violatus
1844 5553 1925 5598 est
1952 5585 1965 5608 ,
2024 5560 2089 5601 eo

524 5612 665 5677 quod
696 5611 948 5664 Paulinus
976 5613 1300 5668 decessurus
1329 5615 1493 5668 alium
1520 5613 1605 5669 sui
1651 5614 1767 5667 loco
1798 5614 2089 5667 consulue-

522 5689 594 5732 rit
630 5683 737 5750 :Ade
778 5679 965 5732 alienis
989 5681 1129 5733 enim
1164 5697 1316 5750 atque
1347 5699 1410 5736 ac
1438 5683 1681 5750 cognatis
1710 5683 1857 5737 illum
1892 5684 2087 5738 intelli-

525 5748 759 5819 gendum
798 5763 934 5815 esse,
974 5759 1118 5804 recte
1147 5748 1398 5806 observat
1424 5748 1732 5808 Balsamon.

2200 4852 2407 4909 clteuns
2436 4856 2561 4918 legit
2590 4858 2918 4925 χειροτονεῖν
2947 4856 3005 4908 ὃν
3034 4856 3100 4907 ἂν
3127 4856 3289 4916 αὐτὸς
3318 4852 3594 4923 βούληται.
3627 4852 3763 4925 Coll.

2198 4941 2322 4979 can.
2358 4925 2440 4978 tit.
2476 4926 2530 4989 6,
2563 4924 2663 4978 nis.
2692 4925 2841 4981 Bodl.
2890 4925 2948 4977 ὃν
2982 4925 3230 4994 βούλεται
3297 4924 3769 4994 χειροτονεῖν-,Δὶ

2199 4996 2313 5049 haec
2337 4996 2534 5058 verbis;
2573 4996 2654 5055 εἰς
2698 4996 2760 5046 τὸ
2790 4990 3005 5063 ἀξίωμα
3039 4996 3137 5059 τῆς
3167 4990 3471 5060 ἐπισκοπῆς
3494 4990 3769 5063 ,ὂνγβούλε-

2198 5082 2285 5117 ται
2321 5066 2690 5134 χειροτονεῖν,
2745 5065 2797 5119 in
2859 5062 3151 5119 Holoandri
3208 5062 3503 5133 exemplari
3555 5062 3768 5116 deside-

2200 5145 2409 5187 rantur.

2267 5202 2377 5272 (17)
2425 5202 2559 5255 Ὑπό
2593 5206 3025 5273 κληρονόμους.
3070 5202 3231 5258 Joan.
3262 5202 3628 5257 Antioclionus
3651 5200 3765 5273 col-

2196 5272 2325 5343 lect.
2356 5288 2491 5343 can.
2525 5274 2610 5328 tit.
2649 5274 2702 5343 6,
2729 5284 2781 5328 et
2839 5271 3084 5343 impressi
3147 5273 3361 5328 codices
3423 5273 3604 5342 legunt
3660 5271 3765 5343 ὑπὸ

2196 5341 2585 5413 κληρονομίαν.
2612 5342 2895 5398 Aristonus
2917 5341 3028 5398 ὑπὸ
3068 5344 3423 5413 κληρονόμον.
3460 5341 3764 5413 ᾲᾹι-οιιιιιίει

2196 5408 2317 5483 ἣξΒό
2340 5408 2502 5483 πάθει
2536 5412 2884 5483 ἀνθρωπίνῳ
2906 5414 2967 5466 οὐ
2996 5413 3103 5483 γὰρ
3136 5408 3237 5483 τὴν
3294 5408 3388 5483 τοῦ
3446 5411 3581 5483 Bsng
3648 5408 3799 5483 ’Exﬁ

2197 5480 2427 5553 κληεξζαν
2482 5482 2589 5536 ὑπὸ
2637 5480 3016 5553 κληρονόμους
3047 5480 3252 5551 deum
3274 5482 3508 5553 τιθέναι.
3540 5481 3733 5534 Gentia
3760 5506 3765 5511 ο

2196 5565 2298 5621 nus
2326 5550 2589 5621 llervetus
2611 5550 2899 5621 non'legit',
2925 5554 3005 5607 vel
3039 5552 3229 5607 saltem
3265 5552 3454 5606 Latine
3502 5564 3606 5604 non
3645 5563 3768 5602 rer-

2197 5620 2261 5674 tit
2288 5620 2558 5690 :_Iegenda
2584 5637 2713 5675 vero
2740 5620 2875 5685 esse.
2901 5637 2964 5677 ex
2987 5622 3208 5676 sclioliis
3242 5639 3346 5676 non
3374 5621 3575 5681 minus,
3601 5631 3765 5687 quam

2199 5704 2264 5745 es
2304 5688 2460 5746 Joan.
2493 5691 2817 5748 Antiocheni
2850 5692 3165 5749 collectione
3195 5701 3363 5762 patet.
