4108 6200
334 322 360 388 1
373 323 444 386 '37

1537 318 1614 377 IN
1657 317 1828 378 CAN.
1872 320 2115 383 LXXIX
2150 325 2404 388 APOST.

3469 327 3570 393 I8

329 438 364 506 ἣ
406 431 862 504 μεταχειρίσηται
909 429 975 483 τὰ
1024 429 1179 496 ἅγια,
1234 428 1328 482 καὶ
1378 429 1662 500 μεταδὼσῃ
1696 429 1903 502 ἑτέροις

2011 451 2226 491 manum
2287 437 2538 494 fortassis
2593 439 2780 503 habet,
2834 455 2936 510 qua
2982 441 3117 497 nihil
3170 459 3329 511 agere
3384 447 3575 514 possit.

329 530 567 588 τούτωνς
611 523 646 595 ἢ
677 522 807 574 ἄλλο
826 537 879 573 τι
923 519 1312 590 ἀρχιερατικὸν
1352 521 1620 591 ὲνεογήσῃ
1657 519 1903 590 lat-coap-

331 637 526 689 γημας

331 797 559 849 ΛΙἾΣΤ.
591 795 756 848 ΚΑΝ.
788 782 905 848 ΟΖ’.
935 796 1173 847 Γίνεται
1196 798 1390 864 χωλὸς
1424 795 1519 848 καὶ
1547 793 1906 864 ἑτερόφθαλ-

583 905 720 955 μος,
758 886 926 951 ἄξιος
955 886 1262 954 ὑπάρχων,
1305 888 1660 952 ἐπίσκοπος.

417 978 484 1030 Ἦ
513 979 627 1046 ’γὰρ
658 977 753 1028 τοῦ
785 977 1036 1046 σώματος
1058 978 1230 1046 λώϐη,
1279 980 1370 1030 τὸν
1436 977 1551 1046 βίον
1597 978 1784 1048 ἔχοντα
1816 979 1906 1031 ἀν-

336 1072 683 1138 επίληπτον,
732 1070 812 1129 εἰς
873 1067 1176 1134 ἐπισκοπῆς
1221 1067 1435 1134 ἀξίωμα
1478 1067 1908 1137 προϐιϐασθῆναι

335 1164 438 1213 οἰκ
490 1160 802 1230 ἐμποδίζει,
835 1160 883 1209 εἱ
927 1158 1001 1228 μή
1058 1175 1155 1209 που
1199 1157 1380 1226 κωφὸς
1409 1158 1442 1227 ἦ
1474 1157 1673 1224 τυφλός
1705 1158 1851 1208 ἐστιν
1882 1159 1909 1208 6

342 1252 556 1320 μέλλων
601 1250 1064 1321 χειροτονεῖσθαι*
1118 1252 1144 1302 6
1199 1248 1441 1313 τοιοῦτος
1491 1250 1621 1318 γὰρ,
1682 1249 1779 1318 οὐχ
1834 1248 1910 1311 ὡς

349 1345 724 1412 μεμιασμένος
756 1342 1052 1402 κωλύεται,
1083 1341 1198 1394 ἀλλ’
1232 1341 1305 1404 ὡς
1334 1341 1407 1409 μὴ
1433 1342 1498 1394 τὰ
1527 1340 1912 1411 ὲκκλησιαστι·

341 1440 414 1488 κὰ
454 1435 754 1501 δυνάμενος
790 1434 1192 1502 ἀπροσκόπτως
1219 1433 1484 1500 ἐνεργεῖν.

415 1528 587 1580 ΚΑΝ.
621 1525 748 1580 OH'.
795 1527 857 1579 '0
899 1528 1103 1596 μέντοι
1139 1526 1372 1594 τυφλὸς
1403 1525 1500 1579 καὶ
1543 1527 1741 1597 κωφὸς
1768 1531 1839 1583 οὐ

957 1619 1298 1685 γενήσεται.
1778 1616 1783 1621 ’

928 1711 1165 1762 ΚΑΝΩΝ
1201 1709 1298 1764 Οθ¹

2011 534 2276 589 quomodo
2300 546 2458 586 sacra
2485 547 2766 601 peragere.
2793 544 3046 589 sanctave
3071 537 3322 591 manibus
3347 545 3581 594 tractare

2009 630 2193 688 queat,
2228 631 2281 676 et
2309 623 2428 677 aliis
2461 639 2524 677 ea
2551 625 2787 689 tradere,
2826 625 2908 679 vel
2942 627 3161 696 aliquod
3189 629 3331 683 aliud
3367 631 3580 700 episco-

2009 713 2129 780 pale
2163 716 2519 769 ministerium
2552 719 2848 772 exercere?

2010 804 2234 859 AlllST.
2281 806 2436 862 CAN.
2490 807 2750 865 LXXVII.
2801 810 3059 878 Claudiis,
3121 823 3169 866 et
3212 813 3378 867 aitero
3428 815 3579 869 oculo

2256 914 2460 966 captus,
2497 902 2540 952 si
2576 902 2764 969 dignus
2797 905 2887 968 sit,
2933 906 2994 974 ﬁt
3023 909 3317 975 episcopus.

2081 986 2255 1042 L;esio
2294 991 2438 1044 enim
2488 995 2732 1060 corporis
2778 1010 2900 1047 eum
2946 998 3033 1063 qui
3083 997 3415 1068 inculpatam
3470 1001 3582 1072 agit

2010 1078 2174 1132 vitam
2232 1080 2282 1133 in
2343 1082 2690 1150 episcopatus
2746 1085 3060 1153 dignitatem
3112 1093 3416 1158 promoveri
3472 1108 3580 1148 non

2013 1169 2260 1238 impedit,
2295 1171 2396 1226 nisi
2427 1171 2564 1226 forte
2597 1177 2793 1229 surdus
2825 1186 2916 1229 aut
2959 1192 3129 1234 Cil‘CllS
3179 1181 3268 1246 sit,
3311 1183 3402 1250 qui
3435 1185 3582 1236 ordi—

2012 1261 2284 1313 nationem
2315 1272 2399 1316 est
2431 1275 2806 1331 suscepturus.
2844 1264 2992 1322 Talis
3019 1271 3159 1322 enim
3192 1287 3294 1325 non
3325 1282 3576 1342 tanquam

2013 1351 2252 1420 pollutus
2307 1353 2668 1421 prohibetur,
2717 1359 2809 1410 sed
2866 1360 2991 1426 quia
3046 1363 3412 1418 ecclesiastica
3475 1382 3582 1421 non

2012 1452 2185 1511 putt-st
2227 1446 2345 1498 sine
2375 1443 2700 1500 otl‘eridiculo
2744 1464 3025 1518 peragere.

2046 1530 2201 1584 CAN.
2237 1533 2518 1590 LXXVIII.
2551 1536 2732 1594 Caecus
2765 1551 2938 1593 autem
2969 1552 3016 1595 et
3053 1559 3145 1596 sur
3165 1545 3248 1597 fus
3278 1561 3379 1598 non
3405 1545 3518 1613 ﬁet.

2542 1717 2773 1772 CANON
2814 1718 3053 1776 LXXIX.

351 1801 490 1856 Ἐάν
529 1819 619 1868 τις
680 1803 932 1872 acciperet
986 1805 1125 1874 ἔχῃ,
1167 1809 1452 1874 κλιιρικύς
1491 1807 1578 1877 μὴ
1627 1809 1901 1876 γινέσθω,

2010 1801 2212 1874 Siquis
2250 1806 2535 1860 dwmoncat
2575 1808 2783 1874 habeat,
2817 1827 2877 1864 ne
2905 1811 3000 1880 ﬁat
3026 1811 3266 1876 clericus,
3306 1814 3395 1866 sed
3415 1829 3577 1882 neque

405 1894 572 1947 ἀλλὰ
609 1892 769 1960 μηδὲ
798 1892 917 1958 τοῖς
955 1894 1190 1960 πιστοῖς
1226 1898 1638 1965 συνευχέσθω.
1681 1904 1905 1967 Καθαρ-

405 1986 534 2051 θεὶς
582 1985 669 2050 δὲ,
717 1984 1179 2054 προσδεχέσθω·
1232 1989 1330 2043 καὶ
1372 1991 1482 2043 ἐὰν
1527 1986 1566 2062 ᾖ
1592 1992 1782 2058 ἄξιος,
1822 2012 1909 2062 γι-

404 2077 626 2131 νέσθω.

410 2170 535 2222 ΒΔΑ
552 2171 610 2222 Σ.
649 2171 708 2224 ’0
735 2170 1184 2242 δαιμονιζόμενος
1210 2173 1498 2246 ἐστέρηται
1526 2176 1784 2244 λογισμοῦ
1815 2180 1908 2232 καί

336 2262 658 2327 διαθέσεως,
688 2263 986 2316 κάντεῦθεν
1021 2264 1126 2316 ὑπὸ
1156 2267 1248 2316 τοῦ
1281 2266 1500 2330 κανόνος
1531 2269 1838 2323 κεκώλυται
1875 2272 1906 2340 ῆ

335 2358 409 2422 τῷ
442 2356 634 2425 κλήρῳ
682 2355 1208 2423 συγκαταλέγεσθαι,
1244 2357 1274 2426 ἢ
1311 2361 1424 2420 τοῖς
1469 2362 1680 2424 πιστοῖς
1720 2363 1910 2415 συνεύ·

334 2450 553 2517 χεσθαι,
587 2449 672 2501 ἵνα
707 2448 781 2518 μὴ
815 2448 995 2517 φαῦλά
1038 2466 1160 2502 τινα
1194 2451 1286 2503 καὶ
1317 2452 1530 2521 ἄσεμνα
1579 2455 1908 2526 διαπραττὸ-

340 2558 528 2608 μενος,
557 2540 652 2591 καὶ
681 2538 1058 2608 δαιμονιώδεις
1092 2540 1380 2610 ὲκόοὴσεις
1432 2543 1778 2612 ποιούμενος,
1815 2545 1907 2597 τὸν

334 2630 431 2680 τοῦ
468 2628 606 2680 Θεοῦ
637 2628 766 2680 λαὸν
797 2632 1164 2701 συνταράττῃ,
1207 2631 1302 2683 καὶ
1333 2633 1430 2701 τὴν
1457 2632 1766 2702 δοξολογίαν
1809 2635 1906 2689 τοῦ

335 2721 470 2772 ναοῦ
529 2722 763 2790 ἀχρειοῖ.
808 2723 960 2776 Μετὰ
1007 2724 1063 2776 δὲ
1111 2724 1210 2793 τὴν
1253 2725 1542 2793 ἀνάνηψιν,
1598 2729 1646 2780 ει
1709 2729 1905 2800 εὑρεθῇ

331 2813 509 2876 ἄξιος,
549 2815 846 2885 γενήσεται
894 2816 985 2870 καὶ
1028 2817 1289 2885 κληρικὸς
1316 2834 1330 2848 '
1378 2819 1405 2869 ὁ
1438 2818 1618 2886 μέντοι
1649 2826 1697 2888 γ’
1729 2821 1907 2876 κανὼν

331 2905 429 2956 τοῦ
496 2907 847 2976 πατριάρχου
905 2907 1313 2977 Ἀλεξανδρείας
1371 2908 1639 2978 Τιμοθέου
1707 2911 1903 2979 φησίνο

344 3005 476 3055 ἐὰν
508 3000 703 3063 πιστὸς
750 3000 1150 3070 δαιμονίςηται,
1201 2999 1408 3067 ὀφείλει
1459 3001 1904 3069 μεταλαμβάνειν

2077 1912 2193 1948 cum
2225 1897 2464 1964 ﬁdelibus
2494 1911 2750 1965 precetur.
2782 1900 3048 1972 Purgatus
3071 1913 3244 1957 autem
3281 1906 3582 1973 recipiatur,

2080 1998 2128 2041 et
2165 1991 2213 2042 si
2243 1991 2314 2042 sit
2341 1989 2554 2060 dignus,
2590 1991 2710 2059 ﬁat.

2082 2167 2275 2222 BALS.
2312 2167 2412 2234 Qui
2449 2184 2478 2222 a
2514 2170 2755 2225 daemone
2790 2182 3072 2238 correptus
3121 2180 3226 2236 est,
3258 2172 3468 2226 ratione
3519 2187 3582 2227 ac

2011 2269 2190 2315 mente
2248 2261 2490 2329 privatus
2524 2273 2636 2324 est,
2685 2270 2849 2332 atque
2902 2264 3109 2318 ideirco
3148 2265 3229 2320 vel
3285 2265 3338 2318 in
3379 2265 3582 2319 clerum

2010 2354 2275 2423 cooptari,
2336 2355 2418 2408 vel
2471 2369 2592 2408 cum
2658 2355 2906 2411 ﬁdelibus
2943 2358 3178 2425 precari,
3237 2357 3343 2412 hoc
3378 2369 3587 2413 canone

2011 2447 2365 2516 prohibetur,
2409 2463 2475 2501 ne
2528 2447 2666 2501 forte
2701 2448 2744 2502 si
2806 2449 2933 2517 quid
2993 2449 3115 2502 mali
3170 2459 3262 2503 aut
3315 2449 3582 2505 inhonesti

2010 2537 2202 2601 egerit,
2264 2550 2328 2589 ac
2383 2535 2746 2590 daemoniacas
2803 2551 2963 2591 voces
3015 2538 3280 2601 emiserit,
3328 2540 3582 2608 populum

2013 2625 2105 2680 Dei
2137 2628 2450 2691 conturbet,
2483 2636 2643 2696 atque
2696 2627 2934 2684 olticittm
2973 2628 3078 2700 52
3119 2629 3360 2685 divinum
3411 2631 3583 2702 impe-

2012 2719 2145 2774 diat.
2195 2717 2486 2788 Postquam
2541 2731 2720 2774 autem
2776 2721 2841 2774 ad
2892 2735 2951 2775 se
2992 2721 3236 2784 redierit,
3290 2721 3338 2775 si
3388 2721 3584 2792 dignus

2013 2812 2176 2867 fuerit
2209 2812 2482 2874 iuventus,
2516 2811 2678 2865 etiam
2708 2811 2943 2866 clericus
2975 2812 3082 2864 tiet.
3118 2809 3335 2865 Tertius
3364 2813 3506 2880 quid:
3527 2827 3579 2866 m

2010 2915 2158 2958 certe
2185 2919 2358 2958 canon
2397 2903 2719 2974 patriarelue
2747 2902 3100 2956 Alexandrini
3129 2902 3399 2957 Timothei
3429 2904 3579 2970 dicit,

2012 2997 2070 3053 Si
2099 3000 2170 3052 sit
2201 2995 2369 3052 ﬁdelis
2397 2998 2640 3051 daemone
2659 2996 2915 3064 percitus,
2936 2996 3094 3050 debet
3119 3009 3241 3050 esse
3271 3007 3579 3049 sanctorum

331 3098 446 3147 τῖλν
479 3095 654 3162 ἁγίων
710 3093 1065 3162 μυστηρίων·
1125 3097 1217 3145 καὶ
1267 3094 1369 3146 οὐκ
1423 3093 1794 3146 ἐναντιοῦνται
1830 3093 1906 3164 τῷ

2014 3089 2402 3161 mysteriorum
2454 3088 2770 3157 particrps:
2823 3095 2877 3142 et
2929 3089 3183 3156 presenti
3240 3086 3432 3141 c.ll|0ltl
3477 3101 3581 3140 non

333 3187 570 3256 παρόντι
605 3185 812 3238 κανόνι.
845 3182 1082 3244 Ἐκεῖνος
1132 3184 1234 3253 μὲν
1268 3184 1376 3253 γὰρ
1421 3183 1690 3254 ἐξελήφθη
1749 3183 1910 3255 χάριν

330 3277 427 3331 τοῦ
462 3281 524 3330 ὲκ
553 3275 946 3345 διαλείμματος
1003 3277 1355 3345 μαινομένου,
1389 3278 1483 3328 καὶ
1517 3277 1719 3339 εἰδότος
1768 3277 1910 3330 κατὰ

331 3367 424 3417 τὸν
466 3365 663 3435 καιρὸν
709 3365 810 3434 τῆς
855 3365 1069 3433 νήψεως
1109 3364 1216 3418 τῶν
1241 3365 1402 3418 θείων
1449 3367 1810 3434 ἁγιασμάτων
1848 3367 1909 3420 τὸ

335 3459 648 3526 μυστήριον
673 3472 688 3487 ·
735 3459 763 3509 6
805 3455 862 3508 δὲ
895 3457 1087 3525 παρὼν
1129 3455 1309 3510 κανὼν
1353 3459 1482 3526 περὶ
1519 3457 1613 3510 τοῦ
1644 3458 1908 3527 διηνεκῶς

338 3549 716 3620 μαινομένου’
752 3549 799 3599 εί
857 3548 914 3600 δὲ
957 3552 1052 3600 καὶ
1105 3550 1232 3617 περὶ
1277 3549 1372 3600 τοῦ
1405 3551 1469 3602 ὲκ
1515 3548 1908 3618 διαλείμματος

339 3643 678 3711 ιαινομένου
734 3641 893 3708 εἴπῃς
941 3642 1031 3692 τὸν
1063 3640 1264 3693 κανόνα
1295 3641 1482 3694 τοῦτον
1535 3640 1906 3710 διαλέγεσθαι,

333 3737 433 3786 καὶ
463 3733 642 3794 οὕτως
669 3735 770 3786 οὐκ
810 3735 962 3786 ἐσται
996 3732 1077 3785 σοί
1101 3747 1153 3784 τι
1193 3732 1468 3803 ἐμποδών
1501 3732 1622 3784 οὐδὲ
1658 3735 1769 3804 γὰρ
1802 3751 1906 3787 πα-

337 3826 804 3896 ραχωρηθήσεται
834 3828 860 3877 6
886 3827 949 3878 ὲκ
983 3823 1378 3894 διαλείμματος
1425 3829 1750 3897 μαινόμενος
1776 3827 1908 3896 κλη-

334 3921 587 3989 ρωθῆναι
611 3937 626 3951 ο
682 3919 769 3971 ἵνα
794 3919 901 3989 ιμὴ
933 3918 1356 3989 περιυϐρίζηται
1385 3922 1418 3989 ὴ
1456 3919 1722 3990 ἱερωσύνη
1767 3920 1910 3974 κατὰ

331 4018 432 4068 τιν
464 4012 657 4083 καιρὸν
695 4016 794 4084 τῆς
827 4012 1022 4083 μανίας
1069 3995 1258 4071 αὑτοῦ.
1296 4011 1391 4064 καὶ
1423 4011 1818 4084 βλασφημῆται
1848 4018 1910 4067 τὸ

330 4111 516 4161 θεῖον.

406 4199 658 4253 ΖΩΝΑΡ.
711 4197 1047 4267 ’Δκάθαρτος
1113 4197 1303 4268 ὥσπερ
1365 4201 1392 4250 6
1455 4197 1908 4268 δαιμονιζόμενος

333 4295 589 4364 κρίνεται
612 4309 628 4324 ο
666 4291 760 4344 καὶ
807 4289 922 4359 ἅμα
951 4290 1176 4343 ὑπόνοια
1204 4290 1426 4354 δίδοται,
1453 4289 1551 4354 ὡς,
1571 4293 1620 4342 εί
1655 4289 1729 4361 μὴ
1758 4292 1906 4356 ἄξιον

333 4385 536 4437 ἑαυτοῦ
567 4382 996 4453 κατοικητήριον
1026 4381 1117 4434 τὸν
1159 4381 1448 4452 ἄνθρωπον
1483 4383 1508 4434 6
1559 4382 1768 4454 δαίμων
1819 4381 1906 4434 εὖ·

2016 3183 2360 3237 adversatur.
2396 3179 2491 3234 Ille
2524 3182 2670 3234 enim
2706 3181 2772 3235 de
2813 3196 2876 3235 eo
2905 3182 3162 3251 loquitur,
3191 3180 3281 3249 qui
3314 3196 3411 3250 per
3437 3179 3579 3234 dilu-

2011 3271 2133 3327 cida
2173 3269 2449 3325 interv:dla
2486 3267 2669 3323 furore
2703 3270 3017 3340 corripitur,
3077 3279 3130 3322 et
3185 3268 3288 3323 scit
3340 3283 3404 3324 eo
3441 3278 3581 3322 tem-

2011 3379 2144 3434 pore
2179 3379 2287 3433 quo
2322 3362 2569 3431 resipuit,
2604 3361 2908 3416 divinorum
2955 3371 3418 3415 sacramentorum
3467 3376 3582 3430 my-

2010 3458 2236 3512 8terium
2270 3474 2286 3510 :
2326 3469 2562 3523 praesens
2591 3462 2770 3509 autem
2806 3468 2978 3506 canon
3011 3453 3075 3506 de
3103 3468 3166 3507 eo
3199 3452 3455 3522 loquitur,
3485 3454 3578 3522 qui

2011 3557 2098 3603 est
2132 3557 2392 3616 perpetuo
2443 3545 2705 3601 furiosus.
2762 3543 2817 3598 Si
2859 3552 3038 3597 autem
3081 3545 3244 3596 etiam
3288 3545 3353 3598 de
3381 3559 3443 3597 eo
3486 3544 3578 3613 qui

2012 3653 2108 3706 per
2135 3637 2368 3691 dilucida
2411 3636 2544 3690 lnrit
2589 3634 2894 3698 intervalla,
2932 3648 3196 3688 canonem
3235 3631 3382 3700 loqui
3428 3632 3580 3685 dixe-

2015 3732 2110 3794 ris,
2148 3743 2246 3784 nec
2287 3729 2366 3782 sic
2398 3727 2612 3795 quidem
2644 3726 2812 3781 ullum
2847 3726 2938 3779 tibi
2971 3726 3073 3778 erit
3105 3725 3575 3794 impedimentum.

2013 3821 2202 3891 Neque
2232 3820 2375 3874 enim
2409 3816 2738 3873 coricedetur
2768 3818 2816 3871 ei
2856 3817 2944 3886 qui
2981 3831 3078 3886 per
3109 3816 3342 3871 dilucida
3407 3815 3579 3870 inter-

2011 3915 2145 3966 valla
2181 3913 2364 3967 furore
2401 3910 2718 3982 corripitur,
2750 3912 2803 3965 in
2840 3911 3040 3965 clerum
3087 3911 3352 3982 coeptari,
3398 3927 3465 3965 ne
3490 3925 3580 3964 sa-

2010 4004 2310 4058 cerdotium
2364 4003 2562 4058 luroris
2616 4013 2858 4070 tempore
2917 4003 3245 4057 contumelia
3286 4001 3576 4066 afﬁciatur,

2010 4093 2334 4165 probrisque
2359 4103 2413 4148 et
2441 4093 2790 4160 blaspbemiis
2837 4106 3032 4146 numen
3062 4101 3362 4159 appetatur.

2081 4185 2335 4241 ZONAR.
2417 4184 2672 4253 Quisquis
2742 4191 2826 4238 est
2895 4182 3236 4247 immundus,
3321 4193 3574 4250 tanquam

2010 4293 2234 4338 vexatus
2262 4296 2289 4334 a
2323 4281 2564 4334 daemone
2592 4275 2866 4347 iudicatur
2894 4293 2908 4331 :
2941 4276 3100 4331 simul
3146 4275 3309 4330 etiam
3338 4276 3575 4344 suspicio

2009 4375 2296 4444 praebetur,
2332 4369 2473 4440 quod
2511 4368 2612 4422 nisi
2644 4370 2862 4444 dignum
2905 4381 2962 4421 se
2994 4366 3382 4429 habitaculum,
3431 4366 3572 4420 hunc

334 4495 470 4546 ρηκε
510 4477 600 4528 διὰ
631 4475 746 4544 βίου
771 4475 1107 4543 φαυλότητα,
1133 4474 1232 4526 οὐκ
1268 4473 1332 4526 ἂν
1359 4473 1534 4526 είσέδυ
1568 4473 1751 4526 αὐτόν.
1783 4472 1903 4535 Πῶς

2012 4467 2282 4520 hominem
2316 4463 2523 4516 daemon
2579 4458 2897 4524 invenisset,
2957 4458 3025 4511 ob
3082 4459 3204 4510 vitae
3255 4456 3572 4525 nequitiam,

333 4564 428 4620 οὖν
465 4569 494 4620 6
527 4566 771 4629 τοιοῦτος
811 4567 890 4626 εἰς
929 4566 1264 4635 χειροτονίαν
1291 4566 1413 4618 τινὰ
1452 4565 1858 4634 προαχθήσεται
1889 4581 1903 4629 ;

337 4660 396 4710 ΕΞ
429 4658 540 4726 γὰρ
591 4656 763 4726 μύρον
794 4655 997 4724 δοχεῖον
1035 4655 1242 4724 σαπρὸν
1273 4656 1334 4708 οὐ
1372 4654 1714 4719 πιστεύεται,
1765 4655 1907 4706 κατὰ

335 4751 424 4802 τὸν
461 4751 640 4817 μέγα)
669 4750 728 4800 ὲν
757 4746 1008 4817 θεολογίᾳ
1043 4747 1366 4817 Γρηγόριον,
1402 4748 1518 4809 πῶς
1549 4746 1626 4815 τῷ
1668 4744 1759 4797 τοῦ
1792 4745 1906 4798 δαί-

337 4857 501 4906 μονος
530 4838 722 4907 δοχείῳ
754 4839 784 4907 ἡ
826 4840 986 4907 χάρις
1015 4837 1106 4890 τοῦ
1146 4839 1301 4904 ἁγίου
1337 4837 1651 4906 Πνεύματος
1680 4853 1905 4889 πιστευ-

335 4931 608 4996 Urgent;
651 4927 813 4980 Ἀλλὰ
849 4927 982 4996 μηδὲ
1025 4927 1383 4994 συνεύχεσθαι
1412 4929 1525 4988 τοῖς
1571 4929 1785 4989 πιστοῖς
1814 4926 1906 4978 τὸν

332 5020 606 5083 τοινιῦτον,
640 5023 666 5072 6
698 5019 888 5089 παρὼν
923 5016 1103 5070 κανὼν
1127 5018 1494 5072 διατάττεται.
1541 5019 1596 5070 Ὀ
1626 5017 1682 5070 δὲ
1721 5017 1903 5086 τρίτος

333 5112 427 5165 τοῦ
483 5112 828 5181 πατριάρχου
896 5108 1308 5180 ’Δλεξανδρείας
1363 5110 1632 5180 Τιμοθέου
1697 5106 1900 5170 κανὼν,

330 5209 627 5276 ἀπόκρισις
657 5203 732 5256 ὣν
772 5205 911 5273 πρὸς
950 5203 1044 5256 τὸν
1097 5203 1481 5272 ἐρωτήσαντα,
1527 5201 1654 5255 Ἐὰν
1709 5201 1901 5263 πιστὸς

329 5297 734 5366 δαιμονίζητᾰιι,
783 5296 832 5347 εί
858 5293 1066 5363 ὀφείλει
1102 5294 1542 5364 μεταλαμϐάνειν
1579 5293 1687 5344 τῶν
1733 5291 1904 5359 ἁγίων

335 5389 690 5458 μυστηρίωνς
739 5388 937 5456 φησίν·
981 5386 1106 5439 Ἐὰν
1145 5386 1220 5455 μὴ
1275 5382 1580 5454 ἐξαγορεύει
1609 5383 1671 5434 τὸ
1702 5384 1904 5451 μυστή-

333 5494 470 5546 ριον,
503 5479 642 5546 μήτε
677 5476 850 5538 ἄλλως
891 5493 1004 5537 πω,
1046 5475 1366 5544 βλασφημῇ,
1403 5472 1899 5541 μεταλαμὸανέτω.

333 5569 555 5618 Ἔοικεν
584 5567 679 5620 οὖν
725 5564 1098 5618 ἐναντιοῦσθαι
1155 5563 1231 5633 τῷ
1265 5563 1491 5632 παρόντι
1544 5562 1755 5616 κανόνι.
1790 5564 1904 5615 Οὐκ

331 5654 484 5728 οἶμαι
527 5661 606 5712 δέ.
661 5655 801 5710 Ἀλλ’
833 5659 861 5709 ὁ
899 5656 997 5725 μὲν
1028 5655 1390 5717 ἀποστολικὸς
1421 5653 1599 5708 κανὼν
1635 5653 1762 5722 περὶ
1810 5652 1901 5706 τοῦ

2010 4571 2284 4626 nunquam
2349 4552 2551 4607 luiSset.
2601 4551 2880 4620 ingressus
2928 4550 2982 4602 in
3031 4564 3174 4603 eum.
3212 4546 3361 4601 Talis
3412 4548 3576 4613 igitur

2009 4661 2248 4718 quonam
2284 4645 2441 4698 modo
2476 4644 2544 4695 ad
2586 4640 2989 4695 ordinationem
3039 4639 3332 4708 quamlibet
3380 4653 3574 4708 preve-

2010 4740 2206 4796 betur?
2235 4735 2366 4788 Nam
2401 4734 2445 4787 si
2481 4733 2592 4787 vasi
2627 4731 2767 4799 putri
2807 4745 2912 4784 non
2959 4728 3204 4783 creditur
3236 4738 3570 4797 unguentum

2011 4828 2333 4900 (secundum
2375 4839 2629 4894 magnum
2661 4822 2714 4875 in
2749 4819 3023 4888 theologia
3055 4817 3397 4887 Gregorium)
3440 4833 3573 4886 quo-

2011 4925 2168 4978 modo
2202 4919 2548 4988 receptaculo
2579 4916 2840 4971 dzemonis
2877 4915 3052 4982 gratia
3111 4911 3346 4982 Spiritus
3399 4907 3570 4963 sancti

2008 5014 2303 5070 credetur?
2334 5011 2436 5067 Sed
2465 5021 2517 5064 et
2555 5009 2803 5062 ﬁdelibus
2838 5021 2938 5060 nec
2969 5006 3124 5059 simul
3150 5020 3307 5059 orare
3349 5005 3568 5072 quidem

2009 5123 2132 5160 cum
2169 5106 2283 5170 tali,
2313 5117 2548 5175 przesens
2587 5113 2764 5154 canon
2818 5097 3082 5165 praecipit.
3141 5096 3325 5164 Atqui,
3380 5096 3569 5149 tertius

2008 5198 2360 5252 Alexandrini
2405 5191 2725 5263 patriarcha:
2779 5187 3048 5242 Timothei
3098 5201 3298 5251 canon,
3347 5201 3570 5254 respon-

2007 5292 2214 5344 sionem
2263 5287 2544 5342 contiucns
2593 5283 2660 5337 ad
2705 5295 2828 5335 eum
2854 5280 2947 5349 qui
2991 5280 3465 5347 interrogaverat:
3512 5275 3567 5330 Si

2009 5382 2181 5436 ﬁdelis
2232 5395 2260 5430 a
2321 5377 2580 5430 dmmonio
2653 5379 2942 5441 correptus
2993 5368 3200 5431 fuerit,
3262 5383 3329 5421 an
3376 5368 3569 5420 debeat

2008 5479 2315 5526 sanctorum
2380 5464 2758 5535 mysteriorum
2821 5460 3088 5530 particeps
3141 5459 3305 5514 esse?
3372 5457 3564 5512 dicit:

2009 5563 2120 5617 Nisi
2168 5559 2416 5614 enuntiet
2463 5555 2799 5626 mysterium,
2836 5562 2888 5606 et
2941 5552 3042 5606 nisi
3103 5566 3209 5620 quo
3261 5550 3366 5602 alio
3409 5547 3568 5600 modo

2007 5651 2366 5722 blasphemct,
2405 5649 2672 5718 particeps
2705 5654 2846 5700 edo.
2872 5644 3060 5714 Igitur,
3090 5642 3343 5714 praesenti
3374 5637 3569 5695 cauoni
