4108 6200
514 325 615 395 l99

1805 322 2085 383 THEOD.
2116 321 2519 383 BALSAMON

3648 324 3753 386 200

508 438 835 495 contrariari
875 438 1111 496 videtur.
1138 439 1206 492 At
1234 452 1334 508 ego
1368 450 1471 490 non
1518 445 1668 507 puto.
1704 434 1811 491 Sed
1859 445 2081 505 aposto-

2189 434 2362 489 διόλου
2404 436 2735 506 μαινομένου
2768 434 2951 504 λέγειν
2997 433 3344 506 κριθήσεται,
3396 437 3490 489 καὶ
3539 435 3615 505 μὴ
3643 435 3756 488 δια-

512 534 648 589 licus
677 534 891 602 quidem
924 549 1099 588 canon
1137 534 1201 587 de
1248 546 1472 602 prorsus
1518 532 1709 586 insano
1758 530 1905 599 loqui
1931 530 2075 599 judi~

510 626 771 687 cabitur,
818 634 873 679 et
914 626 1003 693 qui
1065 625 1264 679 luroris
1322 639 1428 677 non
1488 622 1650 676 habet
1711 622 2077 676 intervallum.

510 718 645 772 Nam
678 718 945 787 quomodo
983 718 1099 771 talis
1130 725 1441 771 assumatur
1482 715 1548 769 ad
1579 714 1855 769 ofﬁcium?
1894 712 2081 769 Timo-

511 810 620 863 thei
680 822 807 863 vero
855 808 1168 876 responsio,
1230 808 1295 861 de
1354 821 1450 869 eo,
1499 806 1591 874 qui
1646 820 1741 873 per
1799 804 2080 859 intervalla

511 900 767 953 afﬁcitur.
803 898 901 953 Hic
930 900 1098 966 enim,
1142 900 1264 953 dum
1304 914 1410 953 non
1452 897 1726 968 allligitur,
1757 898 1962 951 sanctis
1995 911 2083 950 sa-

510 991 798 1046 cramentis
835 990 1029 1060 dignus
1053 990 1399 1059 iudicabitur.
1435 988 1737 1059 Agitatione
1797 1002 1927 1043 vero
1976 988 2083 1042 da:-

513 1081 759 1137 moniaca
807 1081 1093 1149 liberatus,
1151 1084 1197 1138 si
1230 1082 1426 1152 dignus
1482 1081 1643 1135 fuerit
1681 1080 1974 1149 judicatus,
2026 1080 2079 1134 in

512 1173 713 1227 clerum
750 1175 1036 1243 deligetur.

512 1263 739 1319 ARIST.
776 1265 1151 1319 Dwmoniacus
1182 1282 1283 1318 non
1316 1265 1375 1333 fit
1416 1263 1659 1327 clericus,
1696 1278 1786 1316 nec
1817 1277 1935 1315 cum
1962 1260 2082 1315 aliis

570 1359 685 1405 orat
708 1367 724 1406 :
746 1362 857 1421 post
891 1355 1252 1422 purgationem
1290 1362 1486 1418 autem,
1524 1353 1569 1406 si
1597 1352 1786 1421 dignus
1812 1350 1898 1415 sit,
1934 1350 2017 1420 ﬁt.

584 1529 700 1584 Non
738 1529 794 1583 ﬁt
820 1531 1050 1585 clericus
1082 1532 1170 1600 qui
1208 1532 1503 1586 tlzemonctn
1560 1533 1741 1595 habet,
1770 1531 1944 1586 donec
1975 1530 2082 1584 ἀίει

517 1638 673 1676 mone
730 1623 990 1676 liberatur
1045 1640 1059 1676 :
1124 1624 1215 1675 sed
1278 1639 1377 1677 nec
1440 1638 1559 1675 cmn
1626 1622 1875 1677 ﬁdelibus
1941 1630 2079 1675 orat.

514 1711 701 1765 Morbo
735 1720 913 1765 autem
966 1713 1225 1766 liberatus
1255 1722 1309 1765 et
1360 1713 1426 1765 ad
1458 1728 1643 1780 preces
1671 1713 1996 1776 admittitur,
2031 1720 2083 1766 et

516 1806 581 1858 ad
614 1806 835 1863 clerum.
867 1807 912 1858 si
952 1806 1148 1872 dignus
1187 1814 1287 1867 est,
1335 1815 1705 1873 promovetur.

1064 1988 1293 2043 CANON
1331 1988 1544 2043 LXXX.
1592 2008 1595 2009 '

514 2079 651 2133 Eum
698 2079 785 2149 qui
842 2096 906 2133 ea:
950 2081 1056 2134 vita
1124 2083 1309 2149 gentili
1347 2081 1625 2135 accesserit
1687 2092 1733 2135 et
1793 2082 2088 2151 baptizatus

583 2173 785 2241 fuerit,
840 2172 915 2226 vel
952 2188 1017 2225 ea:
1054 2172 1296 2240 improba
1346 2171 1552 2225 vivendi
1602 2173 1824 2238 ratione,
1868 2189 1971 2227 non
2013 2182 2091 2227 est

586 2281 790 2334 (equum
850 2265 1094 2333 protinus
1155 2264 1451 2332 episcopum
1514 2263 1653 2329 ﬁeri.
1710 2265 1957 2333 Iniquum
2009 2274 2087 2318 est

584 2357 764 2419 enim,
823 2367 876 2407 ιιι
926 2356 1019 2424 qui
1064 2356 1148 2408 sui
1202 2355 1429 2408 nondum
1486 2354 1860 2424 experientiam
1914 2364 2088 2410 osten-

583 2447 739 2510 derit,
772 2447 840 2499 sit
875 2446 1104 2499 aliorum
1149 2448 1420 2514 magister,
1458 2447 1560 2501 nisi
1586 2446 1723 2515 forte
1763 2448 1858 2500 hoc
1906 2448 2084 2501 divina

586 2540 760 2607 gratia
800 2540 917 2605 ﬁat.

595 2628 786 2685 BALS.
818 2629 971 2684 Scire
1022 2631 1185 2683 debes
1235 2644 1299 2682 ex
1340 2644 1462 2684 can.
1505 2628 1572 2683 10
1626 2627 1833 2684 Sardtc.
1870 2643 1992 2701 syn.
2032 2640 2087 2683 et

2184 526 2397 596 λειμμα
2423 527 2662 597 ἔχοντος.
2700 526 2824 589 Πῶς
2865 525 2956 579 οὖν
2980 528 3007 579 ὁ
3038 525 3281 589 τοιοῦτος
3324 526 3758 598 παραληφθήσε-

2181 635 2272 671 ται
2301 620 2379 680 εἰς
2431 620 2634 688 εὐχήνς
2667 621 2701 687 ἡ
2750 620 2803 670 δὲ
2831 617 2924 669 τοῦ
2989 618 3257 687 Τιμοθέου
3294 620 3594 690 ἀπόκρισις
3628 621 3758 690 περὶ

2182 708 2276 761 τοῦ
2323 710 2389 761 ὲκ
2418 709 2827 778 διαλειμμάτων
2863 708 3187 779 πάσχοντος.
3230 708 3290 763 ⁸0
3334 711 3443 780 γὰρ
3494 712 3756 778 τοιοῦτοί,

2182 799 2270 851 ὅτε
2342 798 2417 869 μὴ
2467 799 2689 867 πάσχει,
2754 798 2865 849 τῶν
2933 799 3300 867 ἀγιασμάτων
3356 800 3754 871 ἀξιωθήσεται.

2194 888 2553 957 Ἀπαλλαγεὶς
2587 889 2645 942 δὲ
2674 890 2771 959 τῆς
2799 889 3125 958 δαιμονικῆς
3166 891 3471 960 ἐνεργείας,
3515 893 3563 944 εἰ
3608 892 3758 957 ἄξιος

2185 981 2423 1053 κριθείη,
2458 982 2906 1054 κληρωθήσεται.
3558 1006 3595 1021 ··

2183 1249 2406 1303 ΛΡΙΣΤ.
2457 1249 2520 1302 '0
2549 1246 2851 1317 δαιμονῶν
2888 1252 2960 1302 οὐ
2991 1250 3317 1316 πληροῦται
3357 1250 3501 1303 οὐδὲ
3527 1252 3754 1307 συνεύ-

2262 1356 2460 1407 χεται·
2499 1339 2650 1409 μετά
2688 1340 2754 1393 δὲ
2804 1340 2908 1393 τὸν
2932 1342 3256 1410 καθαρμὸν,
3310 1345 3361 1396 εὶ
3397 1343 3567 1409 ἄξιός
3599 1345 3750 1410 ἐστι,

2258 1436 2504 1504 γίνεται.

2256 1527 2331 1579 os
2361 1526 2568 1594 γίνεται
2600 1525 2860 1595 κληρικδς
2888 1527 2915 1578 ὁ
2940 1525 3229 1594 δαιμονῶν,
3264 1527 3454 1598 μέχρις
3484 1527 3550 1580 ἂν
3580 1528 3753 1580 ἀπαλ-

2185 1617 2323 1686 λαγῇ
2376 1616 2471 1668 τοῦ
2519 1617 2807 1684 δαίμονος·
2842 1615 2958 1670 ἀλλ’
2995 1617 3115 1670 οὐδὲ
3168 1622 3487 1687 συνεύχεται
3523 1622 3633 1683 τοῖς
3663 1639 3756 1672 πι-

2189 1713 2354 1773 στοῖς.
2389 1710 2751 1777 Ἀπαλλαγεὶς
2800 1708 2857 1762 δὲ
2913 1712 3007 1763 τοῦ
3060 1711 3285 1776 πάθους,
3323 1716 3414 1767 καλ¹
3464 1716 3542 1776 εις
3591 1716 3785 1785 εὐχὴν,

2191 1804 2573 1875 προσδέχεται,
2607 1805 2701 1858 καὶ
2731 1807 2811 1871 εἰς
2846 1806 3067 1877 κλῆρον,
3105 1809 3153 1861 εἰ
3196 1808 3346 1876 ἄξιός
3376 1812 3517 1877 ἐστι,
3556 1811 3753 1881 προδι-

2189 1896 2437 1961 Miami.

2794 1991 3028 2043 ΚΑΝΩΝ
3067 1992 3151 2059 [ιν.

2197 2080 2307 2134 Τὸν
2338 2081 2408 2145 ἐξ
2461 2081 2701 2135 sommo
2748 2082 2894 2145 ,ϐίου
2929 2082 3041 2153 (19)
3073 2087 3488 2152 προσελθόντα
3528 2091 3626 2143 καὶ
3653 2089 3761 2153 ,βαι

2263 2173 2610 2237 πεισθέντα,
2646 2174 2683 2239 ἢ
2713 2175 2781 2226 ἑκ
2813 2176 3052 2241 φαύλης
3079 2175 3396 2245 διαγωγῆς,
3424 2182 3494 2231 οὐ
3527 2179 3762 2236 δίκαιόν

2262 2266 2396 2321 ἐστι
2461 2266 2598 2335 παρ’
2656 2264 2808 2321 αὐτὰ
2873 2268 3345 2335 προχειρίζεσθαι
3397 2270 3759 2326 ἑπΙσκοπον.

2267 2356 2512 2411 Ἀδικον
2566 2357 2673 2424 γὰρ
2722 2357 2828 2408 τὸν
2871 2356 3115 2423 μηδέπω
3165 2358 3377 2425 πεῖραν
3416 2359 3762 2427 ἐνδειξάμε-

2262 2466 2376 2503 νον
2420 2448 2638 2515 ἑτέρων
2669 2445 2822 2501 εἶναι
2871 2447 3263 2523 διδάσκαλον,
3296 2452 3347 2503 εὶ
3370 2452 3548 2519 μήπω
3609 2454 3763 2507 κατὰ

2263 2542 2429 2596 θείαν
2448 2540 2642 2608 χάριν,
2665 2540 2841 2594 τοῦτο
2863 2538 3123 2609 γένηται.

2264 2633 2465 2686 ΒΛΛΣ.
2510 2631 2721 2686 Μαθεῖν
2763 2631 3001 2699 ὀφείλεις
3034 2632 3141 2684 ἀπὸ
3165 2630 3259 2683 τοῦ
3303 2630 3333 2684 ι’
3377 2635 3600 2699 κανόνος
3660 2640 3761 2709 τῆς

1698 2741 1897 2802 Guill.
1929 2743 2266 2822 Beveregii
2308 2749 2498 2806 notas.

584 2844 695 2911 ‘19)
739 2842 854 2911 ΤὸνΔ
896 2839 964 2904 ἐξ
1008 2840 1252 2895 ἐθνικοῦ
1283 2841 1450 2905 βίου.
1501 2839 1657 2895 J'oan.
1720 2841 2086 2896 Antiochenns

514 2908 647 2982 legit
674 2912 763 2965 τὸν
809 2908 867 2974 ἐξ
912 2912 1084 2963 ὲθνῶν
1115 2912 1324 2964 collect.
1357 2926 1477 2964 can.
1513 2914 1594 2965 lit.
1630 2911 1718 2966 56.
1747 2911 1816 2982 At
1850 2915 2085 2982 synodus

517 2980 728 3036 Ni'cmua
783 2984 954 3051 prima
997 2996 1254 3034 canoncut
1299 2983 1438 3051 hunc
1471 2982 1643 3034 citatis
1694 2980 1800 3033 ἀπὸ
1852 2981 2081 3051 νὲθνικοῦ

515 3052 631 3121 βίου
666 3049 811 3121 legit.
850 3052 1134 3121 Enimvero
1165 3049 1437 3104 secundus
1481 3051 1635 3121 istius
1671 3050 1866 3121 synodi
1900 3066 2078 3121 canon

516 3118 732 3190 incipit,
771 3120 991 3190 Ἐπειδὴ
1014 3119 1204 3172 ’πολλὰ
1248 3121 1366 3188 ἦτοι
1406 3120 1510 3172 ὑπὸ
1542 3118 1808 3189 ἀνάγκης,
1840 3118 1873 3188 ἢ
1906 3120 2081 3182 ἄλλως

514 3194 883 3259 ἐπειγομένων
913 3191 1021 3242 τῶν
1051 3191 1353 3257 ἀνθρώπων
1387 3192 1600 3257 εγένετο
1651 3193 1799 3259 παρὰ
1841 3190 1931 3243 τὸν
1985 3207 2085 3243 κα-

518 3263 642 3314 νόνα
674 3258 764 3312 τὸν
822 3259 1275 3327 ἐκκλησιαστικὸν
1309 3300 1323 3321 ,
1385 3260 1522 3312 ὥστε
1588 3258 1909 3327 ἀνθρώπους
1974 3259 2083 3313 ἀπὸ

515 3330 729 3383 δθνικοῦ
761 3331 893 3399 βίου,
931 3330 1056 3399 ἄρτι
1099 3327 1491 3399 προσελθόντας
1536 3330 1601 3397 τῇ
1644 3327 1854 3393 πίστει,
1892 3337 2022 3393 etc.,
2054 3344 2085 3383 e

515 3404 709 3469 quibus
757 3402 919 3452 etiam
976 3401 1151 3452 verbis
1207 3399 1504 3453 clarissime
1566 3399 1821 3452 elucescit
1884 3400 2085 3452 κανόνα

516 3468 967 3541 ἐκκλησιαστικὸν
1003 3481 1128 3522 ante
1159 3472 1301 3541 hanc
1325 3472 1586 3541 synodum
1612 3468 1885 3541 exstitisse
1911 3507 1926 3531 ,
1957 3484 2083 3534 eos,

515 3544 605 3610 qui
646 3538 682 3592 a'
708 3542 812 3592 vita
840 3543 1022 3606 gentili
1057 3541 1120 3591 ad
1146 3539 1525 3610 Christianam
1559 3538 1714 3610 Iidem
1749 3552 1920 3610 nuper
1952 3553 2087 3593 con-

519 3608 659 3662 versi
694 3619 841 3670 sunt,
877 3610 1155 3676 episcopos
1211 3611 1453 3676 protinus
1502 3608 1616 3661 lieri
1654 3609 2026 3675 prohibentem
2066 3626 2083 3665 :

518 3682 607 3746 qui
636 3680 771 3729 alius
808 3679 947 3731 haud
981 3680 1141 3732 dubie
1174 3693 1278 3730 non
1311 3677 1430 3741 fuit,
1466 3692 1625 3746 quam
1666 3690 1903 3744 praesens
1951 3692 2086 3743 apo-

519 3748 765 3812 stolicus,
788 3763 945 3815 quem
980 3762 1118 3815 sa'pe
1144 3748 1439 3815 neglectum
1467 3758 1521 3799 et
1552 3746 1823 3810 violatum,
1851 3750 2097 3816 synodus

521 3819 735 3869 hicat-na
771 3817 913 3870 dtclo
948 3832 1153 3870 Cottone
1189 3828 1423 3885 reparat,
1475 3826 1529 3868 el
1576 3831 1669 3868 sua
1698 3821 1704 3831 '
1731 3818 1946 3869 tandem
1990 3832 2086 3870 au-

520 3888 766 3938 Ctoritate
790 3887 1094 3941 conﬁrmat.
1118 3885 1380 3953 Josepbos
1409 3885 1694 3956 ngyptius
1739 3887 1800 3956 _in
1855 3886 2086 3956 A_rabica

520 3971 711 4007 ration.
762 3957 1075 4008 collectione
1105 3958 1217 4011 bazc
1262 3959 1421 4009 verba
1465 3954 1556 4006 τόν
1601 3954 1661 4017 ἐξ
1702 3954 1916 4006 ἐθνικοῦ
1965 3955 2082 4023 βίου

522 4026 704 4089 vertit,
754 4024 1057 4094 Quicunque
1104 4028 1177 4079 vir
1223 4027 1318 4093 {uit
1353 4026 1586 4079 ethnicus
1628 4025 1705 4078 vel
1752 4025 2036 4078 idololatra
2065 4039 2085 4078 :

521 4110 623 4165 non
654 4111 738 4165 me
766 4094 901 4165 fugit
922 4097 1125 4162 ltaniﬁa
1161 4112 1320 4164 posse
1343 4110 1726 4163 nonnunquam
1758 4096 2083 4163 signiﬁcare.

517 4162 849 4227 Musltmum,
884 4167 997 4219 sive
1058 4162 1492 4219 tlittitumritedicw
1552 4162 1818 4233 religionis
1862 4174 2086 4218 sectato-

516 4248 644 4285 rem.
669 4235 756 4287 Sic
784 4238 929 4287 enim
960 4236 1155 4303 haniph
1183 4252 1324 4304 swpe
1350 4234 1616 4303 signiﬁcat
1638 4238 1702 4287 ab
1732 4236 1845 4286 Abu
1878 4234 2081 4301 hani/a,

523 4305 616 4374 qui
648 4315 835 4357 auctor
867 4309 965 4358 luit
1000 4309 1156 4358 unius
1186 4320 1216 4357 e
1246 4315 1476 4374 quatuor
1509 4304 1850 4357 muslitnismi
1902 4307 2083 4374 sectis,

516 4372 659 4423 circa
692 4374 965 4440 religionis
996 4377 1149 4427 istius
1204 4372 1383 4428 rainos
1437 4376 1686 4433 versatis,
1743 4387 1875 4439 quas
1920 4373 2087 4426 Abul-

519 4440 807 4509 pharagius
833 4444 911 4493 sic
933 4452 1229 4504 enumerat,
1260 4442 1416 4495 Secta
1440 4441 1623 4493 maleci
1651 4440 1763 4491 Ebn
1786 4441 1969 4503 Anasi,
2002 4459 2086 4495 se-

2196 2845 2268 2915 At
2302 2860 2400 2915 vox
2439 2842 2658 2915 Syriaca
2692 2840 2895 2915 hanpho
2928 2851 3079 2915 utet
3118 2843 3399 2913 hanphoio,
3429 2853 3511 2897 est
3548 2849 3758 2915 gentilis

2192 2913 2449 2967 ethnicus.
2486 2912 2634 2967 Unde
2664 2912 2980 2967 vocabulum
3011 2913 3111 2967 hoc
3144 2915 3432 2968 Arabicutn
3459 2912 3753 2972 formatum

2194 2983 2437 3047 videtur;
2472 2983 2612 3050 quod
2651 2992 2933 3049 propterea
2957 2983 3190 3036 ethnicus
3217 2985 3481 3037 transtuli.
3517 2986 3620 3041 Sed
3653 3004 3759 3043 non

2191 3052 2421 3123 diﬁiteor
2445 3052 2670 3123 alterum
2702 3054 2862 3105 etiam
2894 3065 3109 3123 sensum
3146 3053 3357 3106 admitti
3386 3069 3565 3123 posse,
3596 3060 3756 3112 modo

2191 3121 2433 3175 dicamus
2469 3121 2808 3175 Christianos
2833 3121 3142 3187 orientales,
3178 3123 3267 3189 qui
3305 3121 3446 3177 inter
3478 3124 3758 3183 Muslimos

2187 3194 2301 3246 sive
2332 3190 2808 3245 Muhammedanos
2835 3202 3117 3245 versantur
3139 3231 3156 3255 ,
3190 3192 3332 3247 hunc
3382 3207 3644 3249 canonem
3693 3198 3759 3251 de

2188 3261 2252 3314 lis
2288 3266 2382 3329 (ut
2411 3276 2509 3331 par
2533 3260 2648 3329 cst)
2680 3275 2833 3329 teque
2883 3274 2945 3313 ac
2976 3263 3041 3313 de
3093 3263 3325 3331 ethnicis
3382 3263 3759 3331 interpretatos

2189 3340 2416 3400 esse,_ut
2448 3329 2928 3383 Mobammedanus
2959 3331 3119 3383 etiam
3151 3330 3357 3400 pariter
3384 3346 3447 3386 ac
3501 3329 3752 3390 ethnicus

2187 3404 2253 3453 ad
2298 3398 2660 3454 Christianam
2696 3413 2986 3453 conversus
3049 3398 3205 3453 tidem
3235 3439 3250 3463 ,
3309 3400 3454 3456 illico
3495 3418 3600 3456 non
3662 3405 3754 3457 ﬁat

2187 3470 2500 3538 episcopus.
2545 3469 2698 3533 Quod
2724 3478 2905 3522 autem
2953 3483 3049 3539 nec
3106 3469 3274 3525 laicus
3302 3473 3568 3539 quispiam
3599 3471 3759 3527 Chri-

2188 3537 2393 3594 stianus
2422 3542 2666 3607 protinus
2700 3541 2891 3591 evadat
2918 3537 3201 3607 cpiscopus
3222 3579 3237 3604 ,
3273 3541 3379 3593 nisi
3410 3537 3754 3597 inferioribus

2189 3610 2341 3676 prius
2380 3610 2646 3676 susceptis
2673 3608 2950 3676 gradibus,
2982 3623 3010 3659 a
3042 3608 3269 3663 concilio
3300 3610 3602 3665 Sardiconsi
3630 3628 3760 3666 cau-

2190 3687 2302 3732 tum
2328 3687 2432 3740 est,
2456 3694 2577 3732 can.
2609 3677 2693 3731 10.

2260 3749 2374 3870 (233
2402 3751 2471 3801 Et
2497 3747 2679 3816 μήπω
2704 3747 2853 3800 κατὰ
2875 3747 3047 3801 θείαν
3060 3747 3253 3815 χάριν.
3282 3748 3547 3805 Auxentio
3574 3750 3760 3807 Eccle-

2260 3834 2283 3870 e
2372 3818 2736 3870 ediolanensis
2766 3820 3015 3870 eoiscono
3044 3821 3147 3869 vita
3186 3819 3462 3870 defuncto.
3497 3828 3612 3870 orta
3634 3835 3760 3870 ura-

2189 3819 2283 3889 siae
2318 3818 2736 3889 Mediolanensis
2766 3820 3015 3884 episcopo
3044 3821 3147 3889 vita
3186 3819 3462 3889 defuncto,
3497 3828 3612 3875 orta
3634 3835 3760 3889 gra-

2189 3888 2406 3960 vissima
2441 3888 2578 3940 inter
2606 3888 3139 3960 cives‘controversia
3173 3888 3237 3940 de
3265 3886 3469 3960 loturo
3500 3886 3758 3960 episcopo

2187 3957 2469 4026 eligendo;
2508 3970 2675 4025 usque
2708 3956 2841 4009 adeo
2867 3965 2924 4026 ut
2966 3956 3285 4010 tumultuari
3332 3956 3619 4025 cmperint.
3649 3956 3754 4013 seu

2190 4025 2471 4082 commode
2496 4026 2712 4089 accidit,
2742 4036 2798 4078 ut
2828 4025 2910 4078 vir
2927 4027 3126 4095 pietate
3153 4040 3215 4079 ac
3238 4028 3479 4080 doctrina
3507 4029 3755 4096 insignis,

2189 4096 2775 4165 nomineAutbrosius,
2806 4098 2921 4149 urbi
2977 4104 3103 4148 tunc
3163 4099 3417 4163 temporis
3467 4096 3755 4165 praelectus

2189 4175 2354 4221 esset.
2382 4163 2479 4218 llic
2499 4167 2720 4230 veritus,
2751 4180 2819 4219 ne
2851 4166 2975 4218 mali
3011 4165 3212 4231 aliquid
3240 4180 3306 4219 ex
3344 4163 3490 4220 tanto
3527 4168 3756 4221 tumultu

2192 4245 2529 4295 nasceretur,
2567 4250 2665 4304 pro
2689 4235 2809 4287 loco
2851 4246 3009 4302 atque
3043 4234 3217 4287 oﬁicio
3247 4250 3346 4290 suo
3373 4237 3451 4297 (ut
3474 4252 3593 4289 cum
3620 4237 3754 4290 Ruf-

2190 4306 2295 4360 [ino
2329 4305 2540 4372 loquar)
2571 4306 2638 4358 ad
2674 4304 2957 4372 ecclesiam
2983 4304 3089 4357 illic
3114 4307 3414 4367 contendit,
3437 4307 3754 4360 seditionem

2187 4374 2366 4444 populi
2400 4370 2768 4439 repressuros.
2804 4370 3145 4445 Cumautetn
3205 4375 3363 4444 longa
3409 4390 3473 4429 ac
3526 4376 3754 4445 eleganti

2189 4442 2432 4497 oratione
2459 4457 2685 4497 vesanus
2721 4442 3077 4496 multitudinis
3102 4442 3357 4497 tumultos
3387 4442 3755 4513 compescuis-

517 4518 600 4581 crta
627 4507 1011 4581 ﬂutiammedis
1041 4512 1321 4562 EbnEdi-is
1344 4511 1712 4581 Assltaﬁettsls,
1734 4519 1873 4561 secta
1894 4510 2081 4581 Ahme-
2119 4507 2160 4561 D
2190 4524 2291 4579 set,
2326 4527 2512 4567 omnes
2538 4513 2588 4565 in
2617 4527 2774 4565 unam
2806 4514 3047 4581 protinus
3082 4515 3407 4566 sententiam
3441 4507 3760 4581 conspiran-

516 4580 597 4628 dis
636 4579 748 4630 Ebn
791 4579 1039 4641 "anheli,
1095 4590 1142 4632 et
1202 4590 1341 4632 secta
1377 4579 1596 4642 [fuitthe
1625 4579 1918 4631 Alnooman
1966 4580 2081 4634 Ebn

522 4644 738 4719 Tliabet.
776 4650 1008 4717 Abulpb.
1039 4651 1259 4719 Dynast.
1290 4650 1342 4704 9.
1366 4653 1435 4704 At
1466 4650 1579 4700 Ann
1621 4649 1814 4719 banil'ee
1842 4665 1948 4716 pra:
1981 4666 2084 4705 ca:-

519 4717 649 4768 teris
680 4729 1009 4771 exstructum
1044 4717 1126 4773 est
1157 4721 1474 4781 oratorium,
1499 4729 1741 4771 vocatum
1778 4718 2083 4773 Oratoriunt

516 4790 767 4840 antistitis
802 4788 912 4840 Abu
944 4790 1143 4855 Ituniltc
1174 4828 1189 4849 ,
1219 4790 1369 4856 cujus
1405 4791 1763 4840 meminerunt
1810 4789 2083 4857 Abulpha-

520 4858 699 4926 ragius
727 4860 935 4926 dynast.
961 4860 1012 4922 9,
1040 4875 1091 4925 p.
1122 4857 1224 4912 366
1248 4855 1301 4912 et
1324 4858 1630 4910 Elmacinns
1655 4858 1791 4910 llist.
1824 4855 2082 4913 Sara’cen.

520 4925 558 4996 l.
590 4941 671 4989 ut,
707 4925 828 4996 pag.
856 4928 980 4983 287.
1016 4929 1090 4983 De
1122 4933 1308 4982 eodem
1345 4928 1677 4996 Abubanil’a
1705 4928 1821 4981 vide
1849 4930 1999 4996 plura
2030 4930 2084 4982 in

518 4995 816 5069 {lectissimi
839 5001 1007 5052 nostri
1033 4995 1701 5069 Edvardiil’rqcuckiinotis
1720 4995 2085 5069 iin__specitnen

521 5063 759 5137 historia:
784 5071 1049 5131 Arabum,
1083 5083 1203 5137 pag.
1226 5063 1371 5132 297,
1420 5080 1474 5122 et
1516 5065 1730 5119 llenrici
1785 5063 2086 5134 Hettingeri

519 5132 658 5189 Hist.
694 5137 903 5193 Orienl.
937 5140 973 5192 l.
1003 5154 1059 5202 ιι,
1083 5132 1221 5193 ι·.’7.
1249 5140 1329 5192 Ab
1360 5140 1462 5191 hoc
1489 5136 1605 5189 Abu
1629 5138 1815 5205 hanifa
1845 5152 1950 5189 non
1976 5132 2085 5190 sua

521 5211 729 5258 tantunt
763 5209 935 5275 ipsius
986 5221 1155 5273 secta,
1202 5211 1296 5263 sed
1347 5218 1487 5260 totus
1514 5208 1898 5260 tnuslitnisntus
1932 5222 2087 5259 voca-

522 5275 944 5345 turdlhaniﬁah
974 5291 1028 5334 et
1064 5280 1349 5333 muslimus
1378 5277 1581 5345 Ilani/i.
1617 5275 1681 5328 Et
1726 5277 1839 5330 hazc
1871 5276 2085 5344 quidem

520 5344 794 5418 ordinaria
819 5358 902 5401 est
931 5350 1091 5418 hujus
1122 5349 1362 5403 vocabuli
1387 5344 1904 5418 signiticatio;lqu;e
1959 5346 2085 5398 huic

526 5417 705 5468 tamen
737 5416 856 5468 loco
887 5416 1155 5485 quadrare
1184 5434 1289 5473 non
1336 5420 1597 5479 videatur,
1630 5416 1898 5484 siquidem
1927 5430 2090 5468 cano-

525 5495 619 5535 nes
660 5487 712 5538 bi
747 5486 909 5555 longe
940 5498 1067 5543 ante
1099 5488 1455 5542 Muslimiticaz
1509 5486 1786 5553 religionis
1834 5494 2086 5539 exortum

519 5556 807 5628 conscripti
872 5567 1018 5628 sunt.
1075 5558 1415 5627 Quapropter
1477 5556 1693 5609 aliunde
1722 5564 1934 5628 petatur
1963 5569 2089 5607 vera

522 5626 690 5696 ipsius
724 5626 1050 5691 signiﬁcatio
1081 5645 1097 5681 :
1129 5643 1159 5682 ο
1182 5626 1361 5696 lingua
1413 5627 1664 5681 nimirum
1699 5626 1917 5696 Syriaca
1945 5662 1960 5688 ,
1994 5639 2091 5676 cu-

514 5691 601 5759 ius
634 5697 886 5747 vocabula
916 5697 966 5749 in
994 5696 1093 5750 hac
1141 5691 1410 5765 praecipue
1456 5710 1723 5749 canonum
1748 5691 2089 5749 collectione

523 5768 821 5838 saepissime
848 5766 1079 5824 Arabica
1108 5769 1265 5832 liunt,
1303 5777 1359 5821 ut
1392 5766 1518 5821 alibi
1556 5766 1823 5822 ostensuri
1876 5777 2083 5821 sumus.

2190 4593 2293 4648 tes,
2328 4584 2500 4651 ipsum
2538 4579 2875 4635 Ambrosium
2911 4579 3012 4635 sibi
3039 4584 3349 4651 episcopum
3381 4579 3616 4637 ordinari
3650 4600 3759 4638 uno

2186 4668 2280 4707 ore
2326 4652 2662 4720 ﬂagitabant.
2723 4651 2819 4704 llic
2868 4660 3045 4705 autem
3108 4652 3284 4707 adhuc
3336 4656 3760 4707 catechumenos

2187 4731 2323 4784 erat,
2361 4736 2424 4774 ac
2458 4721 2679 4789 proinde
2706 4721 2937 4773 nondum
2992 4723 3315 4789 baptizatus.
3346 4721 3756 4776 Valentinianus

2192 4806 2322 4845 vero
2359 4792 2682 4858 imperator,
2722 4792 2788 4843 de
2848 4791 3023 4857 populi
3081 4805 3344 4845 consensu
3411 4794 3612 4844 certior
3672 4793 3758 4842 la-

2188 4873 2304 4914 etus
2333 4899 2347 4923 ,
2400 4859 2745 4914 Ambrosium
2790 4862 2999 4913 etiamsi
3039 4861 3391 4913 reluctantem
3420 4898 3434 4923 ,
3488 4860 3755 4928 baptizari

2189 4931 2372 4993 simul,
2397 4945 2459 4982 ac
2487 4931 2798 4997 episcopum
2835 4930 3077 4996 protinus
3105 4930 3337 4982 ordinari
3360 4930 3530 4996 jubet,
3563 4932 3666 4991 vel,
3701 4940 3759 4982 ut

2190 5002 2263 5052 ait
2285 4998 2655 5053 Theodorelus
2680 5014 2696 5051 :
2728 4999 2909 5050 Ταῦτα
2930 4999 3114 5066 μαθὼν
3134 5001 3161 5050 ὁ
3182 4999 3430 5067 βασιλεὺς
3454 4998 3755 5068 προσέταξε

2189 5069 2509 5139 παραυτίκα
2558 5070 2651 5139 καὶ
2701 5069 2973 5139 μνηθῆναι
3029 5070 3123 5120 καὶ
3170 5070 3612 5139 χειροτονηθῆναι
3664 5070 3753 5117 τὸν

2189 5136 2504 5201 ἀξιέπαινον
2541 5136 2729 5207 ἄνδρα.
2767 5137 2903 5190 llist.
2945 5139 3142 5192 eccles.
3170 5136 3210 5190 Ῑ.
3245 5152 3317 5200 tv,
3355 5136 3472 5205 cap.
3510 5136 3564 5198 6,
3606 5151 3756 5189 mox-

2190 5223 2287 5278 que
2327 5207 2424 5259 Dei
2449 5209 2674 5278 gratiam
2711 5217 3015 5260 consecutus
3050 5247 3064 5272 ,
3094 5219 3139 5261 et
3175 5207 3630 5278 iniiiatussacris
3657 5247 3670 5269 ,
3706 5214 3756 5257 et

2191 5275 2433 5331 sacerdos
2468 5275 2681 5344 eﬁ'ectus
2721 5286 2834 5342 est;
2860 5284 2917 5329 ut
2947 5279 3137 5331 scribit
3169 5276 3406 5330 Bullinus
3437 5277 3574 5331 llist.
3622 5277 3756 5329 eccl.

2192 5347 2234 5401 Ι.
2267 5362 2328 5410 ιι,
2353 5361 2474 5414 cap.
2499 5348 2584 5400 ll.
2610 5344 3085 5401 Hactumultuaria
3104 5347 3369 5399 Ambrosii
3393 5346 3757 5408 ordinatione,

2191 5430 2297 5487 qua
2337 5429 2368 5469 e
2393 5416 2783 5470 catechumeno
2818 5417 2883 5487 ad
2918 5418 3231 5485 episcopum
3291 5417 3434 5470 illico
3471 5426 3758 5487 provectus

2193 5485 2297 5548 est,
2331 5487 2475 5540 serio
2506 5500 2792 5553 perpensa,
2823 5485 2969 5539 dicat
3003 5487 3202 5553 aliquis
3241 5487 3484 5541 eamdem
3536 5485 3760 5538 minime

2194 5558 2510 5610 canonicam
2542 5554 2728 5617 fuisse,
2767 5571 2867 5608 nec
2900 5572 2930 5607 a
2955 5557 3203 5622 praesenti
3236 5570 3441 5609 canone
3464 5553 3758 5625 apostolico

2193 5628 2521 5687 admissam;
2560 5636 2742 5691 utpote
2777 5638 2882 5691 quo
2915 5638 3058 5690 eum,
3087 5627 3178 5693 qui
3212 5640 3240 5677 a
3266 5625 3449 5695 gentili
3492 5627 3599 5678 vita
3634 5633 3759 5695 _nu-

2193 5697 2561 5765 peraccessit,
2594 5690 2646 5747 et
2677 5690 2982 5765 baptizatus
3010 5690 3135 5757 est}
3163 5690 3473 5764 episcopum
3509 5690 3760 5765 protinus

2192 5762 2307 5820 beri
2356 5764 2688 5832 prohibetur.
2726 5763 2829 5819 Sed
2856 5764 2996 5818 absit
3020 5774 3075 5818 ut
3105 5762 3236 5820 tanti
3255 5764 3431 5821 l’atris
3451 5762 3756 5820 ordinatio-
