4108 6200
374 294 491 353 205)

1561 292 1645 353 IN
1684 293 1848 353 CAN.
1892 292 2169 353 LXXXII
2206 291 2461 353 APOST.

3530 290 3633 347 206

377 400 605 458 ΔΡΙΣΤ.
648 380 1019 463 Ἐπίσκοπος
1049 398 1461 467 ἀνεπίσκοπος
1486 401 1517 454 ὁ
1550 401 1811 471 δημόσια
1842 419 1963 471 χει-

2072 402 2297 457 ARIST.
2341 402 2629 471 Episcopus
2666 401 2727 452 de
2759 399 3056 467 episcomitu
3102 394 3381 465 deponitur
3407 397 3496 463 qui
3542 413 3632 452 ne-

936 488 1235 557 ριζόμενος
1279 490 1389 560 (95)
1401 530 1414 544 .

465 583 532 635 ,ο
589 583 672 644 εἰς
714 580 981 651 δημοσίας
1028 581 1328 651 διοικήσεις
1374 582 1569 636 ἑαυτὸν
1613 583 1875 649 ἐκδιδοὺς,
1925 586 1959 656 ἢ

385 670 785 742 πρεσϐύτερος,
812 672 845 741 ἢ
871 670 1141 733 διάκονος.
1173 672 1206 738 ἦ
1233 671 1549 739 ἐπίσκοπος,
1578 672 1611 742 ἢ
1638 674 1960 740 παυσάσθω,

381 766 414 834 ἢ
451 763 530 833 μὴ
559 760 905 831 πειθόμενος,
933 762 1328 833 καθαιρείσθω.

975 853 1214 906 ΚΑΝΩΝ
1248 854 1374 908 ΠΒ’.

382 946 631 1011 Οἰκέτας
660 948 747 1009 είς
778 942 1010 1011 κλῆρον
1035 944 1502 1013 προχειρίζεσθαι
1535 946 1681 1000 ἄνευ
1714 947 1821 1014 τῆς
1846 946 1962 1001 τῶν

450 1036 767 1092 δεσποτῶν
839 1035 1202 1105 συγ-γνώμης
1256 1038 1366 1090 οὐκ
1437 1036 1828 1107 ἐπιτρέπομεν
1864 1039 1964 1092 ἐπὶ

455 1131 627 1195 λύπῃ
653 1128 770 1179 τῶν
790 1125 1168 1194 κεκτημένων
1185 1144 1198 1157 ⁸
1224 1127 1403 1179 οἴκων
1418 1128 1525 1198 γὰρ
1536 1129 1882 1197 ἀνατροπὴν
1895 1131 1960 1183 τὸ

454 1220 733 1274 τοιοῦτον
780 1216 1102 1287 ἐργάζεται.
1148 1220 1218 1272 Ei
1265 1218 1333 1271 δέ
1361 1235 1506 1273 ποτε
1534 1221 1631 1274 καί
1664 1220 1825 1287 ἄξιος
1850 1237 1962 1289 φα-

454 1314 582 1379 νείη
609 1315 640 1364 ό
672 1310 912 1377 οἰκέτης
953 1311 1104 1378 πρὸς
1135 1312 1513 1379 χειροτονίαν
1542 1313 1804 1381 βαθμοῦ,
1838 1308 1962 1378 οἶος

455 1409 552 1460 καὶ
613 1412 645 1460 d
702 1404 989 1473 ἡμέτερος
1056 1403 1380 1474 Ὀνήσιμος
1431 1406 1543 1474 (25)
1593 1405 1806 1474 ἐφάνη,
1863 1406 1961 1460 καὶ

453 1498 969 1568 συγχωρήσουσιν
989 1499 1042 1550 οἱ
1067 1495 1378 1561 δεσπόται,
1404 1490 1501 1550 καὶ
1526 1497 1963 1565 ἐλευθερώσον-

453 1602 541 1650 σι,
591 1587 691 1639 καὶ
719 1585 839 1638 τοῦ
864 1586 1037 1638 οἴκου
1062 1585 1564 1653 ἐξαποστειλωσι,
1594 1589 1869 1656 γινέσθω.

454 1678 658 1731 ΒΛΛΣ.
714 1678 848 1746 Περὶ
890 1675 1093 1729 δούλων
1120 1676 1512 1747 κληρουμένων
1555 1678 1830 1747 ἀνάγνωθι
1868 1678 1964 1733 καὶ

385 1768 440 1820 τὸ
468 1766 560 1830 λς’
597 1766 890 1835 κεφάλαιον
921 1764 1016 1818 τοῦ
1076 1770 1124 1819 α’
1164 1765 1344 1819 τίτλον
1391 1766 1485 1819 τοῦ
1533 1767 1796 1839 παρόντος
1845 1786 1966 1822 συν-

386 1860 683 1929 τάγματος.
719 1858 985 1912 Ἐνταῦθα
1006 1857 1062 1910 δὲ
1086 1859 1113 1911 6
1142 1857 1344 1923 κανὼν,
1381 1860 1457 1930 μὴ
1485 1859 1653 1913 θέλων
1684 1861 1966 1915 σκανδαλί-

386 1951 580 2015 ζεσθαι
608 1950 698 2018 ὑφ’
722 1949 879 2019 ἡμῶν
902 1949 1026 2011 τοὺς
1052 1948 1316 2016 ἀδελφοὺς
1339 1950 1516 2020 ήμῶν,
1553 1951 1613 2003 οὐ
1644 1954 1963 2023 παραχωρεί

385 2044 464 2105 εἰς
501 2042 703 2111 κλῆρον
733 2041 1075 2111 προάγεσθαι
1118 2040 1307 2093 δοῦλον
1353 2042 1659 2113 ἀλλότριον,
1692 2043 1795 2097 κᾶν
1828 2060 1964 2114 φρο-

386 2131 691 2199 νιμώτατος
744 2132 861 2183 ἐστι
910 2131 1007 2182 καὶ
1057 2130 1231 2194 ἄξιος,
1288 2132 1450 2201 εἰμὴ
1500 2133 1594 2185 καὶ
1626 2135 1653 2185 ό
1695 2133 1963 2203 δεσπότης

388 2222 522 2287 πρὸς
585 2220 744 2272 τοῦτο
807 2220 1120 2291 συναινέσῃ,
1172 2220 1267 2272 καὶ
1328 2223 1595 2291 πρότερον
1650 2221 1962 2293 ἐλευθερίας

388 2312 548 2362 αὐτον
578 2309 807 2383 ἀξιώσῃ.
859 2311 1104 2381 Ἐγράφη
1142 2312 1199 2365 δὲ
1233 2314 1369 2383 πρὸς
1406 2314 1753 2385 παράδειγμα
1776 2318 1869 2368 καὶ
1900 2317 1962 2369 τὸ

389 2404 609 2468 γεγονδς
655 2403 751 2455 ἐπὶ
782 2404 858 2472 τῷ
902 2403 1200 2473 Ὀνησίμῳ.
1247 2404 1566 2474 Γέγραπται
1607 2406 1715 2477 γὰρ
1756 2408 1832 2469 ώς
1870 2406 1960 2461 τὸν

387 2490 631 2543 τοιοῦτον
665 2491 960 2561 Ὀνήσιμον
1003 2492 1191 2545 δοῦλον
1233 2492 1365 2546 ὄντα
1404 2494 1705 2564 Φιλήμονος
1731 2498 1759 2550 6
1788 2498 1963 2566 μέγας

386 2581 598 2644 Παῦλος
627 2582 961 2653 ἀντέστρεψε
991 2585 1126 2654 πρὸς
1170 2585 1262 2638 τὸν
1302 2586 1604 2656 Φιλήμονα,
1639 2588 1741 2641 κᾶν
1770 2606 1963 2661 χρησι-

384 2675 637 2745 μώτατος
697 2676 831 2746 πρὸς
878 2677 1154 2730 διακονίαν
1202 2679 1382 2744 ἔδοξεν
1427 2679 1598 2751 αὐτῷ,
1666 2680 1835 2735 εἰπὼν
1886 2683 1960 2754 μὴ

386 2768 597 2837 δίκαιον
629 2762 771 2820 εἶναι
827 2766 954 2820 ἄνευ
1009 2768 1234 2839 γνώμης
1295 2770 1389 2823 τοῦ
1438 2771 1740 2842 Φιλήμονος
1775 2772 1960 2827 τοῦτον

386 2862 654 2913 διακονεῖν
686 2861 745 2913 ὲν
772 2860 850 2928 τῷ
879 2861 980 2928 τῆς
1011 2862 1248 2924 πίστεως
1278 2862 1617 2933 κηρύγματι.
1654 2864 1816 2917 Ὥστε
1839 2864 1960 2917 οὐδὲ

387 2951 692 3020 ἐλευθερία,
736 2951 858 3005 οῦδὲ
903 2952 1195 3023 ἱερωσύνη,
1229 2952 1340 3005 οὐδ’
1374 2952 1502 3007 ἄλλο
1536 2970 1589 3006 τι
1639 2953 1960 3019 ἀποξενοῦσι

387 3045 472 3096 τὸν
519 3044 822 3111 ἀγνοοῦντα
875 3044 1165 3115 δεσπότην,
1211 3048 1288 3098 ἐκ
1338 3046 1438 3115 τῆς
1498 3046 1819 3116 κυριότητος
1865 3046 1960 3100 τοῦ

387 3138 574 3189 δούλου
623 3136 812 3192 αὑτοῦ.
851 3137 962 3191 Καὶ
998 3137 1059 3189 τὸ
1104 3139 1335 3208 νόμιμον
1370 3138 1426 3191 δὲ
1464 3138 1525 3191 τὸ
1576 3138 1966 3211 διοριζόμενον,

388 3230 528 3281 κατὰ
602 3229 917 3301 ἐλευθερίαν
973 3229 1032 3281 ού
1090 3229 1293 3282 δίδοται
1355 3231 1847 3296 ἀποκατάστασις,
1904 3234 1966 3285 οὐ

389 3325 593 3374 νοεῖται
624 3321 755 3388 περὶ
781 3322 1058 3384 τοιούτων,
1102 3321 1240 3374 ἀλλά
1283 3322 1412 3391 περὶ
1452 3322 1641 3378 δούλου
1670 3324 1969 3396 ἐλευθερω-

385 3416 573 3475 θέντος
599 3414 743 3465 κατὰ
771 3412 997 3481 γνώμην
1029 3411 1291 3465 δεσπότου
1327 3413 1574 3477 ἀτελοῦς.
1661 3454 1667 3459 .

457 3503 708 3556 ZQNAP.
762 3500 844 3553 Τὰ
890 3502 1227 3572 ἐμποιοῦντα
1268 3502 1539 3556 σκάνδαλά
1581 3521 1691 3558 τισι
1742 3505 1968 3574 φεύγειν

387 3597 465 3650 δεῖ
496 3596 621 3657 τοὺς
652 3593 900 3655 πιστούς.
935 3594 1120 3647 Αἴτιον
1151 3595 1210 3647 δὲ
1247 3597 1547 3650 σκανδάλου
1582 3598 1676 3651 καὶ
1701 3597 1880 3669 λύπης
1907 3598 1968 3651 τὸ

389 3690 476 3739 τδν
535 3686 817 3755 ἀλλότριον
854 3685 1042 3739 δοῦλον
1094 3687 1244 3755 παρὰ
1278 3688 1507 3759 γνώμην
1560 3689 1654 3742 τοῦ
1704 3690 1967 3744 δεσπότου

388 3777 751 3847 κληροῦσθαι.
779 3777 868 3829 Διὸ
896 3778 988 3831 καὶ
1014 3778 1212 3831 κωλύει
1234 3779 1392 3832 τοῦτο
1418 3782 1444 3833 6
1469 3780 1669 3845 κανὼν,
1691 3781 1766 3847 ώς
1786 3784 1969 3845 οἴκους

387 3873 546 3933 Ξὶους
579 3872 906 3937 ἁνατρέπον.
965 3870 1122 3932 Ἴσως
1163 3871 1270 3940 γὰρ
1306 3869 1585 3940 διοικητὴς
1642 3872 1707 3925 ἂν
1754 3872 1841 3942 εἴη
1871 3874 1965 3927 τοῦ

387 3964 545 4015 οἴκου
575 3961 670 4012 τοῦ
696 3961 958 4013 δεσπότου
984 3959 1148 4013 αὑτοῦ
1186 3963 1215 4013 6
1244 3960 1432 4024 δοῦλος
1469 3962 1697 4024 ἐκεῖνος,
1732 3963 1764 4031 ἢ
1802 3966 1968 4034 ὲργα-

390 4054 623 4123 στηρίου
665 4052 989 4105 δεσποτικοῦ
1028 4053 1454 4122 προϊστάμενος,
1498 4052 1529 4123 ἢ
1568 4054 1828 4123 χρήματα
1866 4058 1968 4124 ὲμ-

387 4144 828 4214 πεπιστευμένος
861 4143 928 4197 δι’
961 4144 1254 4214 ἐμπορίαν,
1284 4144 1380 4198 καὶ
1404 4146 1437 4213 ἡ
1469 4146 1772 4214 χειροτονία
1800 4144 1965 4199 αὐτοῦ

389 4239 477 4291 διὰ
509 4236 683 4289 ταῦτα
715 4239 795 4299 εἰς
823 4236 1000 4303 λύπην
1028 4235 1180 4288 ἕσται
1218 4236 1298 4306 τῷ
1322 4236 1559 4305 δεσπότῃ
1596 4237 1783 4290 αὑτοῦ.
1825 4238 1885 4291 Εἰ
1911 4237 1967 4291 δὲ

390 4331 544 4395 Ξξιος
572 4330 849 4398 ἱερατικοῦ
894 4327 1100 4398 βαθμοῦ
1151 4329 1363 4400 κριθείη
1403 4328 1430 4380 ὁ
1473 4330 1711 4403 οἰκέτης,
1744 4330 1849 4401 χρὴ
1878 4331 1966 4385 τὸν

2540 494 2680 563 gotia
2710 490 2915 559 publica
2948 497 3161 542 tractat.

2135 585 2235 652 Qui
2266 587 2331 641 ad
2374 583 2613 653 publicas
2651 580 3149 636 administrationes
3195 591 3252 630 se
3293 574 3478 643 dejicit
3523 573 3635 628 sive

2065 679 2367 749 presbyter,
2393 675 2507 730 sive
2539 674 2817 736 diaconus,
2844 672 2955 725 sive
2982 669 3297 738 episcopus,
3320 674 3412 720 aut
3439 676 3635 729 cesset,

2064 782 2157 826 aut
2189 786 2291 825 non
2324 784 2633 840 persuasus,
2666 766 2990 835 deponatur.

2510 860 2618 931 54
2644 857 2871 914 canon
2914 854 3170 910 Lxxxn.

2066 954 2256 1010 Servos
2290 954 2341 1007 in
2372 954 2567 1007 clerum
2600 950 2806 1019 provehi
2846 950 2956 1001 sine
2988 947 3134 1000 venia
3167 943 3496 997 dominorum
3534 958 3635 995 non

2135 1046 2481 1116 permittimus
2509 1044 2576 1096 ad
2610 1055 2965 1110 possessorum
2997 1038 3312 1091 molestiam.
3352 1034 3635 1087 Domorum

2138 1138 2275 1191 enim
2328 1135 2642 1189 eversionem
2691 1132 2825 1184 illud
2883 1130 3057 1199 e/Iicit,
3104 1128 3149 1180 si
3205 1126 3413 1195 quando
3463 1132 3636 1178 autem

2135 1230 2290 1282 etiam
2324 1226 2510 1295 dignus
2544 1240 2722 1278 servus
2743 1223 2879 1276 visus
2912 1222 2981 1275 sit
3014 1220 3099 1288 qui
3128 1220 3196 1271 ad
3230 1217 3453 1286 gradum
3481 1216 3636 1285 eliga-

2138 1329 2242 1382 tur,
2272 1317 2445 1387 qualis
2486 1325 2659 1370 noster
2689 1329 2890 1383 quoque
2944 1312 3220 1367 Onesimus
3254 1312 3393 1362 visus
3438 1316 3555 1372 est,
3588 1318 3637 1361 et

2138 1410 2335 1462 domini
2364 1408 2705 1462 concesserint
2736 1423 2797 1460 ac
2828 1403 3175 1468 liberaverint,
3206 1409 3255 1455 et
3285 1399 3481 1454 rudibus
3514 1399 3637 1453 emi-

2140 1500 2324 1561 serint,
2355 1498 2469 1564 ﬁat.

2138 1678 2335 1733 BALS.
2372 1678 2446 1734 De
2485 1676 2655 1731 servis
2699 1676 2791 1744 qui
2821 1676 2872 1729 in
2908 1674 3109 1729 clerum
3157 1680 3496 1740 cooptantur,
3523 1671 3639 1739 lege

1998 1747 2039 1802 Β
2072 1771 2234 1826 etiam
2264 1770 2332 1825 56
2378 1784 2498 1839 cap.
2529 1768 2687 1837 primi
2719 1770 2828 1830 tit.,
2864 1765 3143 1836 praesentis
3172 1764 3376 1832 operis.
3415 1763 3511 1817 llic
3543 1777 3640 1815 au-

2076 1873 2181 1920 tem
2209 1878 2379 1918 canon
2412 1862 2602 1916 nolens
2636 1860 2836 1915 nostris
2869 1858 3124 1912 fratribus
3149 1856 3351 1925 aliquid
3398 1868 3427 1908 a
3487 1854 3642 1909 nobis

2072 1954 2377 2009 olfendiculi
2412 1952 2617 2015 atferri,
2646 1968 2753 2006 non
2796 1950 3064 2020 permittit
3111 1957 3170 2002 ut
3201 1948 3413 2001 alienus
3452 1960 3640 2001 servus
3712 1934 3717 1937 ’

2073 2044 2127 2099 ἰιι
2159 2044 2367 2099 clerum
2401 2053 2805 2112 promoventur,
2832 2040 3047 2095 etiamsi
3092 2040 3163 2093 sit
3188 2037 3641 2107 prudentissimus

2083 2140 2139 2189 et
2173 2133 2386 2203 dignus,
2421 2132 2522 2185 nisi
2571 2139 2623 2185 et
2674 2130 2922 2184 dominus
2951 2130 2999 2183 ei
3042 2128 3117 2182 rei
3162 2127 3536 2189 consenserit,
3589 2134 3642 2180 et

2074 2237 2194 2279 eum
2218 2224 2365 2291 prius
2394 2221 2644 2276 libertate
2666 2220 2882 2288 dignum
2910 2216 3321 2272 existimaverit.
3354 2216 3432 2269 Ad
3459 2231 3643 2271 exem-

2074 2316 2221 2385 plum
2258 2322 2439 2368 autem
2496 2313 2758 2381 scriptum
2800 2319 2885 2365 est
2934 2310 3152 2378 etquod
3206 2310 3406 2362 factum
3454 2319 3537 2361 est
3588 2310 3641 2362 in

2072 2407 2348 2463 Onesimo.
2382 2406 2652 2474 Scriptum
2678 2411 2762 2458 est
2794 2402 2937 2457 enim
2964 2402 3105 2470 quod
3140 2402 3282 2455 hunc
3325 2398 3642 2454 Onesimum

2074 2498 2402 2553 Philemonis
2433 2512 2645 2553 servum
2678 2510 2906 2566 magnus
2934 2494 3133 2548 Paulus
3168 2496 3232 2548 ad
3270 2494 3641 2549 Philemonem

2073 2589 2302 2653 remisit,
2339 2587 2552 2643 etiamsi
2581 2587 2630 2641 ei
2661 2586 2808 2641 visus
2839 2593 2985 2640 esset
3018 2584 3083 2638 ad
3126 2586 3484 2639 ministerium
3537 2586 3644 2638 uti-

2074 2679 2331 2742 lissimus,
2371 2679 2578 2742 dicens,
2618 2694 2724 2733 non
2758 2691 2877 2733 esse
2906 2677 3109 2746 justum
3144 2691 3267 2731 eum
3313 2678 3430 2732 sine
3466 2675 3646 2731 Phile-

2076 2770 2249 2825 monis
2310 2770 2585 2824 voluntate
2652 2771 2702 2823 in
2754 2767 2877 2822 lidei
2958 2767 3342 2836 praedicatione
3413 2768 3641 2822 servire.

2072 2864 2251 2930 Quare
2282 2878 2381 2918 nec
2414 2862 2654 2927 libertas,
2714 2876 2812 2917 nec
2855 2860 3241 2923 sacerdotium,
3292 2873 3393 2913 nec
3440 2858 3645 2927 aliquid

2071 2955 2216 3009 aliud
2272 2955 2553 3009 dominum
2610 2955 2950 3022 ignorantem
3002 2968 3032 3006 a
3082 2952 3224 3007 servi
3277 2951 3361 3006 sui
3406 2949 3645 3005 dominio

2021 3098 2040 3119 ,
2072 3046 2404 3101 abalienant.
2438 3045 2503 3101 Et
2538 3045 2620 3100 lex
2654 3059 2774 3114 qtne
2803 3044 2991 3098 statuit
3037 3045 3299 3099 adversus
3334 3044 3643 3097 libertatem

2073 3154 2180 3193 non
2234 3138 2348 3193 dari
2393 3138 2816 3200 restitutionem,
2871 3138 2936 3190 de
2994 3136 3081 3190 his
3140 3152 3241 3189 non
3303 3136 3643 3204 intelligitur,

2070 3232 2164 3287 sed
2224 3231 2291 3287 de
2346 3245 2505 3286 servo
2575 3232 2798 3286 liberato
2859 3245 2925 3283 ex
3001 3228 3275 3283 voluntate
3344 3226 3645 3297 imperfecti

2070 3321 2295 3378 domini.

2141 3504 2393 3562 ZONAR.
2436 3504 2651 3560 Fideles
2681 3504 2835 3559 decet
2865 3519 2928 3559 ea
2982 3503 3188 3574 lugere,
3229 3517 3348 3572 qua:
3394 3503 3644 3556 scandala

2081 3606 2343 3671 generem
2395 3597 2683 3666 aliquibus.
2737 3598 2987 3651 Alienum
3032 3612 3161 3651 vero
3192 3610 3403 3650 servum
3457 3605 3645 3649 contra

2070 3692 2273 3747 domini
2315 3689 2638 3746 sententiam
2671 3688 2928 3743 clericum
2980 3687 3116 3750 ﬁeri,
3169 3701 3332 3741 causa
3370 3696 3451 3741 est
3488 3703 3645 3740 scan-

2074 3782 2203 3850 dali,
2258 3791 2422 3849 atque
2461 3779 2741 3835 molestiae.
2772 3778 2941 3845 Quam
2972 3780 3043 3833 ob
3078 3794 3214 3841 rem,
3270 3777 3521 3846 prohibet
3544 3777 3647 3830 hoc

2070 3889 2270 3937 canon,
2303 3882 2364 3927 ut
2390 3888 2529 3939 rem,
2555 3887 2673 3941 qua:
2701 3873 2893 3927 domos
2927 3881 3069 3926 totas
3108 3872 3326 3924 evertit.
3379 3869 3649 3923 Fortassis

2070 3968 2215 4020 enim
2246 3980 2437 4020 servus
2462 3965 2550 4019 ille
2576 3972 2902 4033 procurator
2934 3964 3007 4017 sit
3036 3965 3231 4017 domus
3281 3962 3484 4015 domini
3538 3962 3645 4023 sui,

2071 4059 2151 4111 vel
2189 4057 2427 4111 taberna:
2478 4055 2764 4109 dominica:
2797 4055 3136 4123 prmpositns,
3194 4053 3273 4105 vel
3324 4053 3481 4119 cujus
3526 4054 3647 4104 ﬁdei

2070 4147 2289 4203 creditae
2320 4148 2428 4202 sint
2455 4147 2697 4214 pecuniae
2720 4146 2787 4199 ad
2814 4145 3255 4213 negotiationem,
3288 4151 3339 4196 et
3365 4150 3650 4210 prepterea

2071 4240 2296 4296 domino
2330 4252 2428 4295 suo
2462 4237 2722 4292 molestiae
2746 4238 2885 4291 foret
2930 4239 3046 4304 ejus
3066 4236 3357 4291 ordinatio.
3404 4234 3557 4299 Quod
3600 4235 3646 4287 si

2071 4347 2262 4388 servus
2299 4332 2468 4403 gradu
2496 4344 2653 4386 sacro
2686 4330 2880 4400 dignus
2915 4326 3284 4389 existimetur,
3334 4327 3645 4404 episcopum

391 4424 693 4475 ἐπίσκοπον
728 4420 1042 4475 κοινοῦσθαι
1076 4421 1145 4473 τὰ
1195 4420 1326 4490 περὶ
1374 4420 1541 4475 αὐτοῦ
1573 4422 1651 4492 τῷ
1683 4422 1918 4495 δεσπότῃ
1952 4438 1966 4453 ’

2076 4413 2144 4481 de
2172 4440 2238 4480 eo
2272 4424 2489 4494 negotio
2520 4438 2641 4479 cum
2691 4421 2909 4481 domino
2961 4421 3367 4474 communicare
3411 4426 3648 4487 Oporlel.

393 4516 487 4567 καὶ
511 4517 561 4566 εί
604 4516 857 4575 κάκεῖνος
883 4513 1214 4579 συνευδοκεῖ,
1252 4513 1780 4584 χειροτονηθήσεται.
1808 4518 1913 4569 Καὶ
1938 4516 1967 4568 6

393 4615 571 4683 μέγας
595 4610 704 4680 γὰρ
738 4607 945 4672 Παῦλος
979 4608 1265 4678 Ὀνήσιμον
1294 4606 1481 4660 δοῦλον
1509 4608 1639 4661 ὄντα
1669 4610 1967 4680 Φιλήμονος

2074 4516 2138 4570 Ει
2154 4516 2197 4571 si
2214 4517 2260 4571 is
2274 4529 2485 4585 quoque
2506 4514 2864 4578 consenserit,
2888 4512 3185 4567 ordinetur.
3212 4510 3431 4580 Magnus
3450 4508 3649 4563 etenim

2075 4607 2276 4663 Paulus
2320 4607 2633 4663 Onesimum
2692 4603 3023 4660 Philemonis
3072 4619 3315 4668 servum,
3362 4602 3520 4671 cujus
3550 4600 3648 4654 mi-

1628 4745 1816 4807 Guill.
1847 4746 2171 4824 Beveregii
2202 4752 2386 4809 notae.

468 4872 578 4933 (24)
596 4869 1017 4939 Χειριζόμενος.
1037 4867 1093 4921 ln
1115 4866 1382 4923 Simeonis
1397 4864 1707 4939 Logotheta:
1727 4869 1971 4939 Epitome

396 4944 592 5010 legitur
622 4938 1154 5010 μεταχειριζόμενος,

469 5012 582 5079 (35)
620 5008 681 5061 Ὅ
708 5011 987 5079 ἡμέτερος
1017 5008 1360 5079 ξονήσιμος.
1389 5010 1684 5063 Pronomen
1711 5010 1975 5079 ἡμέτερος

397 5077 503 5135 non
551 5095 709 5133 secus
758 5095 821 5132 ac
844 5077 981 5148 ἐμοῦ
1014 5078 1064 5128 in
1099 5092 1309 5148 canone
1349 5080 1419 5135 29
1462 5082 1528 5132 ab
1568 5077 1972 5146 interpelatore,

398 5151 589 5204 nescio
622 5164 751 5216 quo,
790 5147 1059 5216 adjectum
1097 5147 1344 5213 videtur,
1412 5161 1467 5202 ut
1520 5163 1752 5201 canones
1794 5150 1847 5201 hi
1908 5149 1975 5200 ab

398 5221 661 5289 apostolis
711 5219 908 5289 conditi
952 5216 1118 5289 fuisse
1147 5218 1665 5289 crederentur._Nec
1690 5218 1972 5289 Balsamon

400 5286 581 5343 autem
612 5302 709 5341 nec
738 5286 977 5339 Zonaras
999 5286 1496 5341 istiusmentionem
1518 5287 1740 5349 faciunt.
1765 5287 1973 5343 etiamsi

400 5363 464 5412 de
490 5357 747 5412 Onesiino
779 5358 1088 5423 loquantur.
1118 5354 1355 5411 Joannes
1396 5358 1766 5412 Antiochenus
1795 5359 1847 5411 in
1875 5372 1972 5411 sua

401 5429 724 5481 collectione
756 5438 926 5480 totum
956 5428 1097 5479 hunc
1130 5439 1389 5482 canonem
1415 5429 1596 5480 omisit
1624 5467 1638 5489 ,
1671 5437 1729 5479 ut
1756 5429 1821 5481 de
1852 5442 1974 5480 vera

402 5502 559 5551 istius
617 5498 843 5549 lectione
906 5496 1034 5549 nihil
1094 5510 1160 5547 ex
1215 5508 1279 5548 eo
1328 5506 1571 5557 constet;
1632 5499 1704 5549 uti
1773 5511 1869 5549 nec
1909 5512 1973 5548 ex

407 5567 796 5631 llarntenOpnli
839 5565 1071 5635 epitonia
1102 5604 1115 5623 ,
1147 5580 1268 5633 qua:
1321 5567 1486 5634 ipsius
1537 5566 1773 5619 Onesimi
1809 5566 1974 5620 etiam

405 5654 510 5691 non
577 5636 859 5698 meminit,
926 5635 1017 5688 sed
1082 5645 1254 5686 totum
1316 5650 1575 5688 canonum
1634 5638 1867 5689 breviter
1898 5638 1977 5687 sic

405 5708 686 5775 exprimit,
719 5706 948 5775 Οἰκέτης
992 5705 1050 5757 οὐ
1092 5705 1386 5774 κληροῦται
1424 5706 1571 5771 παρὰ
1618 5704 1837 5773 γνώμην
1881 5705 1974 5759 τοῦ

2077 4867 2364 4921 δεσπότου.
2404 4866 2661 4919 llarmen.
2690 4880 2813 4919 can.
2851 4865 2978 4931 epit.
3009 4870 3142 4916 sect.
3166 4862 3220 4923 5,
3255 4860 3340 4931 tit.
3375 4860 3425 4913 l.
3462 4858 3565 4911 Sed
3599 4860 3649 4911 in

2078 4939 2305 4991 Arabica
2339 4936 2679 4997 collectione,
2708 4944 2762 4989 et
2803 4930 3005 4986 omisso
3047 4930 3364 4999 pronomine
3397 4970 3425 4999 ,γ
3451 4937 3505 4981 et
3553 4943 3650 4999 ηοξ

2080 5009 2227 5061 mine
2244 5016 2497 5074 corrupto
2518 4996 2733 5073 legitur,
2764 5005 2897 5057 sicut
2928 4996 3316 5074 Onesiphorus;
3344 4996 3649 5074 hujunsmodi

2080 5087 2258 5131 autem
2320 5066 2657 5144 propriorum
2710 5066 3302 5144 prarcipne”nominum
3353 5082 3383 5120 e
3425 5066 3650 5144 Δ(ὶιτιξιξίε

2080 5129 2433 5200 deductoi'uni
2469 5129 2907 5210 corruptionihu's
2945 5140 3076 5195 nihil
3112 5129 3377 5210 in‘lingua
3410 5136 3645 5210 Arabica

2081 5216 2415 5283 frequentius
2446 5206 2725 5267 occurrit:
2765 5215 2888 5265 hinc
2942 5209 3291 5283 nihilominus
3332 5206 3485 5273 plane
3518 5207 3652 5258 satis

2081 5278 2324 5354 apparet,
2366 5298 2659 5354 pronomen
2693 5280 3027 5354 igpérspogin
3058 5278 3263 5354 codice,
3286 5291 3394 5354 quo
3426 5290 3553 5354 usus
3572 5285 3656 5329 est

2079 5346 2687 5424 Iosepltns'Aigyptius,
2714 5346 3096 5424 'ilesideratum
3131 5346 3319 5424 fuisse.
3348 5346 3414 5399 Et
3433 5347 3651 5424 quidem

2084 5440 2187 5478 non
2212 5416 2665 5486 'imlnerito','cum
2710 5420 2841 5474 nihil
2873 5422 3016 5473 enim
3057 5416 3261 5471 certius
3285 5430 3406 5469 esse
3453 5422 3651 5486 potest,

2082 5510 2242 5563 quam
2284 5494 2445 5546 hosne
2475 5484 2713 5547 canones
2736 5492 2804 5544 ab
2826 5491 2955 5558 ipsis
2990 5487 3247 5563 apostolis
3298 5502 3403 5563 non
3447 5484 3652 5563 eonSti~

2087 5552 2232 5624 t'ntos
2278 5577 2398 5617 esse
2426 5601 2440 5625 ,
2488 5564 2571 5614 vel
2623 5571 2729 5614 tota
2776 5552 3043 5612 sententia
3100 5552 3211 5619 oio;
3246 5557 3338 5608 καὶ
3383 5555 3654 5622 ἡμέτερος

2098 5635 2385 5702 Ὀνήσιμος
2422 5633 2631 5700 ἐφάνη,
2668 5630 2751 5683 vel
2799 5629 2989 5685 saltent
3044 5642 3337 5698 pronomen
3393 5626 3655 5695 ήμέτερες

2084 5712 2423 5771 espnngatur
2452 5716 2674 5758 necesse
2705 5712 2806 5756 est.

2834 5786 2865 5807 κ
