4108 6200
310 368 427 429 Ξ-...ο

1517 369 1598 432 ΙΝ
1628 368 1794 431 CAN.
1826 365 2117 430 LXXXIV
2148 371 2403 434 APOST.

3486 374 3592 442 210

307 482 415 550 τῆς
479 481 537 531 ἐν
586 478 894 548 Χαλκηδόνι
962 478 1206 545 συνόδου,
1255 480 1728 552 ἀναθεματὶζοντα
1777 481 1904 544 τοὺς

2009 493 2136 550 tem,
2167 485 2214 542 si
2268 501 2374 542 non
2406 484 2782 555 paenitentiam
2833 493 3018 554 agant.
3069 483 3364 552 Qumsierit
3408 495 3588 544 autem

309 572 616 636 τοιούτους,
661 575 709 625 εί
747 572 820 643 μὴ
857 574 1334 644 μεταμεληθῶσιν.
1375 575 1674 647 Ἐρωτήσει
1707 573 1765 628 δέ
1799 591 1903 640 τις,

317 663 467 734 Ἀρα
487 667 582 719 καὶ
619 665 859 718 ἐνταῦθα
888 666 949 719 τὺ
992 667 1299 722 παυσάσθω
1329 669 1362 738 ἢ
1394 669 1768 742 καθαιρείσθω
1795 669 1907 736 ἔξει

315 757 528 828 χώραν,
551 756 736 820 καθὼς
765 759 820 810 ἐν
850 756 929 828 τῷ
955 765 1045 812 πα¹
1088 760 1274 814 κανόνι
1314 759 1669 831 ἐδιδάχθημεν
1699 776 1713 792 ⁶
1749 761 1783 831 ἢ
1815 761 1908 815 καὶ

314 846 424 916 πρὸ
469 848 914 916 ἐπιφωνημάτων
966 849 995 901 ὁ
1051 849 1152 920 τὴν
1202 851 1491 920 στρατείαν
1527 853 1908 922 μεταχειριζό-

318 955 482 1006 μενος
527 939 828 1008 ίερωμένος
878 931 1208 996 ἀπεντεῦθεν
1234 943 1728 1014 καθαιρεθήσεταις
1786 943 1906 998 Λύ-

313 1044 438 1096 σις.
487 1029 661 1099 οἶμαι
703 1032 786 1084 ὅτι
844 1035 937 1084 καὶ
987 1033 1246 1100 ἐνταῦθα,
1308 1036 1446 1105 μετά
1494 1035 1834 1106 ἐπιφώνησιν
1880 1037 1908 1089 ὀ

318 1122 736 1190 στρατολογῶν,
797 1125 845 1176 εί
909 1125 984 1194 μὴ
1043 1129 1355 1192 παύσεται,
1422 1128 1904 1205 καθαιρεθήσεται.

321 1214 509 1266 Πάντα
542 1215 652 1283 γὰρ
684 1216 753 1269 τά
791 1218 1102 1288 δημοσιακὰ
1125 1219 1222 1292 τὴν
1250 1221 1420 1292 αὐτὴν
1444 1223 1629 1277 αἰτίαν
1668 1222 1906 1292 ἔχουσιν.

329 1304 634 1374 ’Λνάγνωθι
665 1309 759 1363 καὶ
785 1326 909 1379 κεφ.
963 1311 1042 1364 λ6’
1081 1313 1177 1366 τοῦ
1224 1313 1272 1367 θ’
1305 1315 1484 1369 τίτλου
1513 1314 1609 1370 τοῦ
1641 1316 1910 1386 παρόντος

325 1399 730 1467 συντάγματος,
759 1403 854 1456 καὶ
887 1403 957 1456 τὶ
985 1405 1041 1456 ἐν
1068 1406 1234 1475 αὐτῷ.

389 1491 638 1546 ΖΩΝΑΡ.
669 1492 965 1562 Στρατείαν
992 1497 1223 1550 ἐνταῦθα
1266 1499 1365 1572 οὐχ
1400 1502 1609 1556 ὅπλων
1628 1505 1911 1574 μεταχεί-

312 1597 501 1648 ρησιν
523 1582 561 1649 ἢ
589 1586 971 1650 προστασίαν
997 1591 1377 1657 στρατιωτῶν
1398 1590 1552 1664 οἶμαι
1579 1595 1671 1648 τὸν
1703 1597 1906 1651 κανόνα

318 1673 528 1741 λέγειν,
587 1676 721 1730 ἀλλὰ
764 1683 1182 1748 στρατιωτικῶν
1234 1686 1579 1757 πραγμάτων
1610 1688 1902 1760 διοίκησιν,

317 1760 432 1818 οἷον
454 1768 780 1837 σιτηρεσίων
812 1775 1223 1841 στρατιωτικῶν
1256 1776 1598 1849 διανέμησιν,
1629 1781 1906 1853 ἤτροφῶν

319 1858 688 1939 στρατιώταις
747 1864 1152 1935 ἀφωρισμένων
1186 1869 1478 1945 ὑποδοχὴν,
1518 1872 1551 1942 ἣ
1607 1876 1902 1946 στρατολο-

314 1950 462 2015 γίαν,
501 1951 533 2022 ἢ
560 1952 657 2005 καὶ
687 1954 987 2026 διοικήσεις
1031 1960 1198 2025 ἄλλας
1231 1963 1406 2030 τινὰς,
1442 1964 1510 2030 ἃς
1542 1967 1638 2021 καὶ
1667 1969 1716 2020 oi
1751 1972 1905 2022 πολι·

315 2045 458 2144 τιῖοὶ
473 2042 636 2144 νόμοι
664 2048 955 2117 στρατείας
984 2051 1331 2122 εὑρίσκονται
1356 2057 1740 2127 ὀνομάζοντες.
1766 2058 1906 2125 Τοὺς

316 2134 452 2199 γοῦν
487 2134 755 2201 τοιούτοις
799 2140 911 2192 τισὶ
942 2142 1308 2211 σχολάζοντας
1357 2148 1693 2219 ἱερωμένους
1733 2153 1761 2204 ό
1799 2170 1905 2205 κα-

317 2221 424 2275 νὼν
457 2225 566 2278 ὑπὸ
605 2228 926 2301 καθαίρεσιν
947 2234 1132 2302 τίθησι
1187 2237 1426 2305 πάντως,
1484 2240 1534 2292 εί
1571 2242 1646 2313 μὴ
1697 2243 1905 2299 τούτων

318 2314 669 2382 ἀφίστανται.
707 2321 783 2373 Οὐ
817 2322 925 2392 γὰρ
951 2324 1032 2376 δεῖ
1056 2327 1304 2395 μιγνύειν
1327 2329 1394 2383 τά
1414 2330 1622 2401 ἄμικτα
1643 2350 1656 2364 ·
1679 2335 1747 2388 τὰ
1765 2336 1906 2390 Καί-

322 2423 489 2498 σαρος
538 2411 670 2477 φησὶ
713 2413 808 2464 καὶ
855 2415 924 2466 τά
952 2415 1047 2469 τοῦ
1081 2416 1237 2474 Θεοῦ.
1287 2421 1426 2474 Ὀδὲ
1462 2425 1562 2494 τῆς
1591 2424 1652 2474 ἐν
1678 2425 1905 2498 Χαλκη-

320 2495 434 2550 δόνι
467 2499 690 2552 συνόδου
743 2501 976 2574 ἕϐδομος
1031 2509 1208 2561 κανὼν
1258 2513 1350 2565 καὶ
1397 2495 1904 2584 ἀναθεματίζεσθαι

319 2587 447 2650 τοὺς
479 2590 757 2658 τοιούτους
796 2595 870 2665 μὴ
907 2599 1386 2671 μεταμελομένους
1422 2605 1614 2676 ὁρίζει.

319 2775 548 2830 ΔΡΙΣΤ.
597 2778 816 2847 Ἰερειὺς
859 2781 1062 2852 ἄρχων
1115 2787 1389 2856 ἁνίεροςο
1435 2811 1454 2842 ι
1500 2793 1576 2847 Τὰ
1615 2795 1724 2864 τὰρ
1761 2798 1905 2850 Καί-

428 2885 622 2939 σαρος
643 2873 920 2944 Καίσαρι,
950 2877 1048 2931 καί
1080 2879 1153 2934 τὰ
1183 2881 1291 2936 τοῦ
1314 2883 1462 2938 Θεοῦ
1485 2885 1566 2952 τῷ
1604 2888 1745 2954 Θεῷ.
1773 2909 1792 2942 ι

401 2959 464 3014 Ὅ
509 2960 830 3052 Ῥωμαϊκὴν
879 2969 1172 3039 στρατείαν
1222 2973 1428 3028 ἐθέλων
1489 2979 1764 3052 κατέχειν,
1808 2986 1906 3041 καὶ

323 3051 606 3124 ἱερατικὴν
633 3053 923 3126 διοίκησιν,
955 3059 1345 3132 καθαιρείσθω.
1381 3068 1458 3122 Τὰ
1477 3051 1904 3146 τὰριΚαίσαρος

323 3147 596 3214 Καίσαρι,
640 3149 739 3203 καὶ
773 3153 845 3207 τὰ
891 3155 998 3209 τοῦ
1035 3158 1183 3212 Θεοῦ
1213 3159 1293 3226 τῷ
1324 3162 1465 3230 Θεῷ.

897 3247 1140 3302 ΚΑΝΩΝ
1184 3249 1306 3307 ΠΝ.

322 3333 534 3424 Ὅστις
558 3338 797 3405 ὑϐρίσει
817 3339 1085 3403 βασιλέα
1115 3343 1226 3412 (30)
1261 3345 1299 3413 ἢ
1338 3345 1602 3416 ἄρχοντα
1636 3355 1797 3424 παρὰ
1840 3357 1907 3412 τὸ

389 3423 650 3492 δίκαιον,
683 3429 969 3497 τιμωρΙαν
1014 3434 1299 3487 τιννύτω·
1333 3437 1429 3490 καί
1463 3441 1513 3492 εί
1541 3441 1661 3509 μὲν
1702 3423 1910 3513 alapi-

393 3514 524 3586 κὸς,
557 3523 980 3589 καθαιρείσθω·
1029 3529 1079 3580 εὶ
1110 3526 1178 3579 δὲ
1206 3529 1438 3596 λαῖκδς,
1468 3531 1854 3600 ἀφοριζέσθω.

392 3609 590 3665 ΒΑΛΣ.
639 3611 699 3666 ’0
720 3615 1017 3679 Μωσαῖκὸς
1044 3619 1206 3687 νόμος
1231 3621 1395 3690 φησίν
1414 3639 1432 3656 ο
1472 3625 1770 3694 ’Ἄρχοντα
1798 3627 1907 3683 τοῦ

322 3699 471 3754 λαοῦ
495 3716 615 3754 σου
641 3704 756 3756 οὐκ
802 3704 958 3771 ἐρεῖς
986 3705 1209 3774 κακῶς.
1250 3709 1588 3777 ’Λκολούθως
1626 3714 1720 3770 οὖν
1760 3717 1908 3789 αὑτῷ

322 3793 622 3862 διορίζεται
653 3798 746 3848 καὶ
768 3799 797 3851 ό
819 3798 1011 3869 παρὼν
1047 3803 1247 3865 κανὼν,
1298 3805 1391 3858 τὸν
1421 3806 1715 3877 ὑϐρίζοντα
1753 3811 1910 3882 ﬂam-

322 3885 417 3938 λέα
490 3889 751 3958 ἄρχοντα,
776 3892 1037 3962 κληρικὸν
1063 3895 1164 3965 μὲν
1186 3899 1337 3964 ὄντα,
1360 3900 1764 3973 καθαιρεῖσθαι,
1787 3906 1907 3960 λαῖ-

324 3984 424 4034 κδν
459 3985 541 4051 δὲ,
589 3987 964 4055 ἀφορίζεσθαι.
998 3993 1116 4045 Καὶ·
1137 3993 1295 4048 τοῦτο
1335 3997 1446 4064 μὲν
1481 3999 1606 4051 ὅσον
1663 4001 1771 4054 ἀπὸ
1803 4001 1907 4072 τῆς

323 4074 789 4146 ἐκκλησιαστικῆς
831 4083 1192 4150 παραδόσεως
1217 4099 1231 4114 ⁸
1262 4088 1309 4139 οί
1357 4086 1414 4139 δὲ
1446 4089 1718 4144 πολιτικοὶ
1747 4092 1905 4160 νόμοι

326 4167 500 4230 ἄλλως
540 4168 878 4226 διευλυτοῦσι
929 4175 996 4227 τὰ
1054 4175 1153 4244 τῆς
1189 4176 1476 4251 βασιλικῆς
1522 4181 1754 4253 ὓϐρεως.
1796 4184 1906 4238 Καὶ

323 4259 600 4326 ἀνάγνωθι
655 4262 716 4314 τὸ
746 4261 832 4328 λς’
870 4282 999 4334 κεφ.
1047 4268 1142 4322 τοῦ
1185 4270 1227 4323 θ’
1269 4271 1451 4325 τίτλου
1491 4273 1584 4326 τοῦ
1633 4275 1907 4345 παρόντος

326 4351 727 4422 συντάγματος.
759 4357 916 4421 Τινὲς
946 4361 1342 4431 ἑρμηνεύοντες
1371 4364 1452 4431 τδ,
1488 4364 1556 4418 Εί
1576 4383 1659 4430 τις
1690 4344 1906 4438 ὑὸρίσέι

329 4443 552 4510 βασιλέα
588 4448 620 4518 ἢ
653 4449 892 4520 ἄρχοντα
920 4455 1070 4525 παρὰ
1098 4455 1158 4509 τὸ
1190 4457 1418 4524 δίκαιον,
1454 4455 1608 4513 εἶπον
1642 4461 1906 4528 πολλάκις

284 4613 290 4619 ι
326 4536 763 4606 ὲκλαμϐάνεσθαι
794 4544 887 4596 καὶ
907 4546 999 4599 τὸν
1035 4547 1241 4625 δίκαιον
1271 4550 1492 4621 ἔλεγχον
1526 4553 1644 4605 ἀντὶ
1667 4552 1902 4625 ὕϐρεως.

324 4626 548 4698 Νομίζω
573 4631 630 4684 δὲ
654 4631 812 4685 τοῦτο
834 4617 1232 4704 ἑρμηνεύεσθαι
1260 4617 1378 4691 ἀπδί
1401 4617 1496 4692 τοῦ
1531 4638 1590 4693 ιδ’
1629 4617 1755 4709 κεφί
1807 4643 1904 4696 τοῦ

325 4719 408 4779 λς’
438 4721 620 4774 τίτλου
650 4724 746 4776 τοῦ
776 4723 819 4791 ξ’
856 4726 1062 4795 βιϐλίου
1099 4729 1206 4783 τῶν
1241 4731 1566 4793 Βασιλικῶν,
1599 4733 1737 4802 ὅπερ
1766 4751 1906 4786 κατ-

328 4813 568 4883 επρώθη
626 4819 706 4878 εἰς
749 4817 810 4869 τὸ
857 4817 946 4883 λς’
985 4823 1279 4890 κεφάλαιον
1339 4824 1435 4878 τοῦ
1505 4824 1550 4878 θ’
1595 4823 1775 4879 τίτλου
1806 4825 1900 4879 τοῦ

330 4905 589 4974 παρόντος
625 4909 1028 4981 συντάγματος.
1064 4901 1078 4916 ’

433 5068 478 5100 ³⁸
503 5067 680 5124 Exod.
709 5085 844 5136 χχιι,
879 5073 972 5128 28.

2009 579 2299 650 quispiam,
2333 593 2402 632 an
2433 587 2487 633 et
2513 577 2605 633 hic
2654 577 2808 642 illud,
2853 575 3084 632 desistat
3137 577 3219 632 vel
3261 577 3588 647 deponatur,

2010 672 2184 727 locum
2221 671 2441 737 habeat,
2488 670 2942 739 quemadmodum
2991 677 3045 727 et
3085 671 3138 725 in
3171 670 3231 725 8|
3282 685 3405 726 ean.
3455 672 3594 726 didi-

2010 766 2208 830 cimus,
2275 779 2342 818 an
2407 763 2570 818 etiam
2617 771 2745 818 ante
2792 762 2994 829 edicta,
3043 763 3300 818 sacerdos
3338 763 3432 834 qui
3477 778 3592 818 rem

2009 857 2304 912 militarem
2350 864 2551 910 tractat
2614 854 2763 910 illico
2815 854 3135 924 deponetur.
3188 855 3418 912 Salutio.
3463 856 3593 912 Exi-

2011 949 2174 1007 stimo
2201 949 2341 1020 quod
2374 948 2479 1020 55
2509 949 2601 1004 hic
2646 963 2866 1018 quoque
2924 957 3046 1019 post
3086 949 3346 1015 edictum,
3398 949 3446 1007 is
3497 949 3591 1020 qui

2011 1041 2288 1097 exercitus
2318 1054 2506 1096 curam
2535 1040 2723 1104 habet,
2756 1039 2936 1094 sinon
2969 1037 3221 1104 desistat,
3265 1040 3590 1110 deponetur.

2011 1135 2206 1191 Omnia
2239 1134 2384 1188 enim
2416 1132 2633 1203 publica
2662 1131 2908 1187 eamdem
2935 1146 3157 1186 causam
3189 1132 3416 1188 habent.
3449 1131 3593 1204 Lege

2011 1227 2176 1282 etiam
2209 1233 2370 1294 caput
2395 1223 2466 1278 52
2498 1221 2638 1277 tituli
2674 1222 2805 1276 noni
2838 1223 3124 1292 praesentis
3155 1222 3368 1293 operis,
3388 1232 3444 1279 et
3471 1238 3594 1293 qua

2012 1319 2067 1372 in
2103 1317 2193 1373 illo
2221 1316 2424 1386 scripta
2455 1323 2603 1370 sunt.

2081 1503 2336 1560 ZONAR.
2388 1500 2664 1556 Canonem
2717 1514 2824 1555 non
2875 1499 3112 1555 arbitror
3171 1499 3262 1554 hic
3318 1498 3599 1570 appellare

2012 1598 2329 1669 στρατείαν,
2365 1594 2651 1648 Armorum
2679 1593 3071 1654 tractationem,
3094 1590 3422 1645 velmilitum
3447 1606 3592 1661 prat-

2011 1695 2306 1764 facturam,
2367 1677 2462 1744 sed
2515 1683 2834 1740 militarium
2888 1699 3069 1738 rerum
3115 1683 3594 1753 procurationem;

2011 1783 2175 1839 veluti
2211 1780 2531 1836 militarium
2567 1777 2971 1848 stipendiorum
3014 1775 3478 1838 distributionem,
3501 1773 3591 1828 vel

2009 1889 2242 1930 annonae
2297 1870 2602 1926 nutriendis
2655 1868 2918 1923 militibus
2969 1867 3220 1936 sepositte
3267 1863 3592 1928 curam,vel

2010 1965 2242 2022 militum
2281 1962 2729 2032 descriptionem,
2756 1961 2840 2013 vel
2895 1959 3060 2014 etiam
3106 1972 3245 2026 quas
3291 1957 3430 2012 alias
3457 1970 3590 2024 pro-

2009 2057 2316 2112 curationes
2353 2072 2368 2109 :
2411 2068 2547 2123 quas
2581 2051 2799 2122 quidem
2831 2050 3020 2106 civiles
3052 2051 3198 2119 leges
3242 2048 3596 2104 inveniuntur

2008 2149 2171 2203 etiam
2202 2147 2486 2203 nominare
2517 2143 2831 2213 στρατείας.
2865 2142 3228 2198 Consecratos
3265 2140 3428 2209 igitur
3467 2139 3591 2194 istis

2007 2239 2477 2308 qualibuscunque
2508 2245 2767 2291 vacantes
2798 2247 2974 2288 canon
3007 2232 3332 2302 depositioni
3364 2229 3595 2286 omnino

2008 2329 2230 2400 subiicit
2260 2347 2275 2384 :
2303 2328 2346 2384 si
2383 2344 2488 2384 non
2521 2326 2589 2382 ab
2615 2327 2701 2382 his
2729 2326 3062 2382 abstineant.
3099 2322 3211 2378 Nec
3248 2323 3392 2378 enim
3431 2323 3590 2377 decet

2008 2437 2114 2476 non
2143 2419 2417 2476 miscenda
2445 2421 2677 2474 miscere
2706 2435 2720 2473 :
2755 2433 2817 2472 ca
2844 2417 3017 2488 (dicit)
3039 2431 3159 2485 quae
3180 2421 3309 2469 sunt
3335 2411 3594 2479 Caesaris,

2008 2525 2064 2571 et
2091 2529 2155 2569 ea
2183 2527 2302 2583 qum
2343 2520 2471 2567 sunt
2498 2511 2614 2566 Dei.
2654 2510 2935 2579 Septimus
2962 2517 3142 2562 autem
3167 2504 3594 2561 iit-Chalcedone

2007 2607 2200 2680 synodi
2234 2620 2411 2661 canon
2445 2602 2582 2661 mles
2613 2617 2750 2674 quos
2789 2617 2900 2657 non
2950 2600 3234 2671 poeniteat,
3264 2599 3591 2654 anathema-

2010 2702 2164 2757 tizari
2199 2701 2464 2755 decernit.

2007 2796 2235 2852 ARIST.
2280 2795 2544 2852 Sacerdos
2594 2795 2969 2862 magistratum
3006 2780 3230 2855 obiens,-
3285 2787 3589 2854 deponitur.

2051 2907 2072 2943 ι
2096 2889 2226 2954 Qua:
2244 2889 2383 2943 enim
2401 2887 2632 2944 Cwsaris
2661 2895 2800 2948 sunt,
2822 2885 3046 2949 Cwsari,
3069 2893 3116 2937 et
3138 2898 3256 2953 qua:
3282 2880 3400 2947 Dei,
3424 2879 3588 2952 Deo.)

2081 2981 2186 3050 Qui
2221 2977 2525 3034 Romanam
2558 2977 2807 3032 militiam
2842 2975 3081 3031 retinere
3107 2972 3290 3038 vellet,
3335 2984 3401 3026 ac
3425 2969 3592 3025 etiam

2008 3070 2401 3127 sacerdotalem
2453 3067 3026 3132 administrationem,
3067 3063 3392 3132 deponatur.
3457 3059 3594 3126 ριιω

1936 3169 1979 3228 C
2012 3165 2147 3220 enim
2177 3162 2404 3219 Censoris
2435 3171 2580 3225 sunt,
2619 3159 2842 3222 Cwsari,
2871 3168 2922 3212 et
2963 3173 3104 3225 quat,
3136 3155 3258 3220 Dei,
3299 3153 3434 3208 Deo.

2508 3251 2739 3309 CANON
2805 3247 3092 3305 LXXXIV.

2013 3349 2262 3418 Quisquis
2294 3363 2463 3418 regem
2491 3345 2567 3400 rel
2594 3344 2884 3415 principem
2914 3350 3105 3411 prater
3130 3340 3226 3410 jus
3269 3337 3594 3393 contumelia

2080 3443 2341 3511 olfecerit,
2384 3454 2565 3509 pwnas
2595 3438 2760 3491 luat:
2799 3444 2850 3490 et
2893 3435 2942 3490 si
2977 3433 3047 3488 sit
3090 3433 3303 3502 quidem
3345 3431 3589 3494 clericus,

2083 3535 2377 3604 deponatur
2409 3546 2428 3586 :
2468 3531 2514 3586 si
2546 3545 2665 3584 vero
2704 3529 2898 3591 laicus,
2928 3531 3248 3596 segregetar.

2083 3624 2280 3680 BALS.
2333 3625 2443 3678 Lex
2482 3620 2720 3674 Mosaica
2765 3618 2894 3673 dicit
2941 3635 2955 3672 :
3005 3615 3247 3685 Principi
3287 3615 3469 3686 populi
3513 3617 3594 3672 tui

2013 3713 2518 3774 nonmaledices“.
2572 3713 2634 3768 Ei
2684 3725 2814 3782 ergo
2848 3719 3248 3779 consequenter
3298 3709 3491 3764 statuit
3537 3718 3593 3765 et

2015 3826 2252 3882 prteseus
2299 3822 2497 3872 canon,
2554 3820 2677 3861 eum
2728 3803 2821 3875 qui
2874 3803 3257 3874 imperatorem
3306 3799 3391 3853 vel
3436 3799 3591 3869 prin-

2012 3905 2184 3974 cipem
2211 3900 2407 3971 injuria
2431 3898 2616 3963 allicit,
2644 3897 2690 3952 si
2726 3897 2795 3951 sit
2821 3897 3038 3964 quidem
3075 3894 3330 3959 clericus,
3357 3892 3590 3962 deponi:

2012 4000 2056 4053 si
2089 4011 2218 4050 vero
2243 3996 2439 4057 laicus,
2481 3990 2791 4063 segregari;
2831 3997 2885 4044 et
2931 3989 3036 4043 hoc
3075 3986 3294 4055 quidem
3330 3995 3592 4054 quantum

2014 4085 2076 4140 ad
2110 4083 2537 4140 ecclesiasticam
2571 4080 2916 4135 traditionem
2942 4077 3156 4130 attinet.
3185 4075 3384 4130 Civiles
3410 4081 3588 4128 autem

2012 4177 2342 4247 iegesimp.,
2393 4158 2589 4229 iactam
2621 4170 2871 4241 iniuriam
2922 4169 3081 4222 aliter
3130 4166 3426 4229 vindicant,
3475 4163 3592 4232 lege

2010 4276 2190 4323 autem
2221 4267 2311 4332 '56,
2350 4281 2473 4336 cap.
2503 4263 2631 4320 noni
2661 4265 2746 4317 tit.
2776 4260 3061 4332 praesentis
3100 4257 3304 4328 operis.
3336 4255 3590 4311 Nonnulli

2011 4372 2192 4418 autem
2221 4360 2348 4415 illud
2383 4359 2819 4427 interpretantes,
2849 4351 2907 4408 Si
2957 4351 3080 4422 quis
3124 4363 3308 4417 regem
3331 4347 3417 4404 vel
3445 4348 3595 4417 prin-

2012 4455 2187 4525 cipem
2224 4461 2419 4524 praeter
2442 4451 2531 4522 jus
2560 4447 2885 4506 contumelia
2919 4446 3103 4509 allicit,
3137 4444 3419 4498 dixeruntt
3447 4456 3592 4512 saepe

2012 4551 2176 4604 etiam
2224 4548 2423 4617 justam
2466 4541 2949 4613 reprehensionem
2990 4551 3088 4606 pro
3149 4535 3346 4605 injuria
3394 4532 3590 4600 accipi.

2011 4641 2276 4698 Existimo
2302 4648 2485 4694 autem
2526 4638 2632 4692 hoc
2662 4633 2919 4703 explicari
2969 4648 2998 4686 a
3036 4631 3102 4685 ll
3132 4645 3252 4699 cap.
3287 4629 3377 4694 56,
3405 4628 3492 4682 tit.
3527 4626 3595 4681 60

2011 4734 2107 4788 lib.
2139 4732 2302 4786 Basil.
2334 4729 2475 4799 quod
2507 4729 2673 4784 situm
2727 4735 2810 4781 est
2850 4724 2904 4780 itt
2947 4722 3018 4779 36
3058 4735 3176 4792 cap.
3229 4720 3284 4784 9,
3317 4719 3426 4786 tit.,
3459 4731 3594 4788 ριίε·
3662 4776 3668 4796 ἦ

2010 4827 2179 4884 sentis
2214 4822 2415 4896 cperis.

1560 5169 1747 5231 Guill.
1778 5171 2100 5250 Bevcregii
2131 5178 2322 5233 notua.

395 5282 513 5352 (50)
541 5282 743 5348 Ὅστις
764 5283 998 5348 ὐϐρίσει
1022 5283 1313 5348 βασιλέα.
1347 5287 1513 5341 Recte
1537 5289 1623 5344 hic
1653 5295 1908 5345 observat

329 5353 780 5432 [ιιιι-ιιιιιηιιηιιιιιε,
810 5358 955 5432 quod
984 5355 1086 5409 hoc
1104 5360 1717 5432 (εοιιοιιε,Βασιλέα-μὲν
1748 5362 1907 5432 ὑδρί-

329 5426 449 5497 ζειν-
499 5420 836 5497 κεκιὶίλυται,
872 5424 1120 5493 ἐλέγχειν
1165 5426 1234 5490 δὲ,
1263 5430 1540 5497 οὐδαμῶς.
1581 5420 1907 5486 Contumelia

329 5494 532 5571 quidem
562 5492 1535 5571 rit/icereimperaturcm__prohibitum
1585 5512 1678 5560 est.
1727 5519 1906 5571 repre-

329 5565 751 5637 liendereaatem
777 5579 1125 5637 nequaquam.
1161 5565 1412 5623 ":tt‘llleli.
1442 5569 1574 5637 epit.
1611 5587 1734 5624 can.
1770 5565 1904 5628 sccl.

330 5633 380 5700 5,
411 5637 494 5689 tit.
530 5634 586 5693 5,
623 5635 710 5713 ctti
746 5633 1144 5714 Sttliragatttrct
1180 5637 1441 5692 Zonaras.
1479 5633 1553 5693 Et
1583 5641 1660 5694 sic
1687 5643 1902 5711 quidem

333 5703 388 5760 ll.
420 5703 747 5758 Atnbrosuts
805 5715 1181 5762 imperatorem
1222 5707 1666 5762 Valentinianum
1719 5727 1899 5762 reme-

333 5718 388 5760 ".
420 5718 747 5758 AlliDl‘ttSHiS
805 5718 1181 5772 ιιιιιιοιειιονθιιι
1228 5718 1666 5765 Valentinianum
1719 5728 1773 5765 [Ὃ
1819 5727 1899 5768 ΓΘ·

331 5773 529 5851 ltcndit,
566 5771 896 5831 Theodorei.
935 5774 1078 5832 tlist.
1110 5777 1291 5834 ecclcs.
1352 5778 1445 5837 lib.
1485 5793 1570 5844 tv,
1602 5797 1722 5847 cap.
1759 5727 1823 5847 ’ἢ
1855 5790 1906 5840 et

2004 5289 2370 5345 Theodosium
2393 5330 2406 5354 ,
2437 5287 2566 5343 ibid.
2611 5287 2652 5342 l.
2685 5304 2738 5351 v,
2776 5303 2825 5342 (δ.
2865 5286 2949 5340 i7.
2985 5282 3139 5337 Joan.
3175 5282 3592 5354 Chrysostomus

2006 5363 2205 5416 multos
2234 5349 2558 5428 optimatum
2598 5367 2654 5412 et
2686 5349 3097 5428 magistratuum
3121 5395 3135 5419 ,
3171 5349 3385 5428 Sperat.
3418 5353 3547 5428 l._vl
3571 5393 3589 5419 ,

2005 5447 2056 5490 c.
2091 5432 2145 5486 5.
2202 5424 2466 5484 Afseuius
2513 5424 2870 5497 Palaeologitm
2926 5424 3271 5497 reprehendit
3319 5424 3479 5497 simul
3535 5433 3592 5477 et

2004 5503 2177 5556 sacris
2211 5499 2512 5563 interdixit,
2540 5491 2768 5566 Nicoplt:
2797 5495 2961 5564 Greg.
2986 5491 3134 5566 illst.
3165 5491 3324 5566 Boni.
3359 5493 3453 5547 lib.
3481 5509 3535 5566 tv
3569 5532 3586 5558 ,

2005 5572 2094 5625 alii
2129 5570 2285 5633 alios,
2321 5578 2378 5623 ut
2426 5564 2807 5624 ecclesiastica:
2852 5565 3105 5621 il‘lstorite
3147 5565 3438 5632 scriptores
3489 5564 3588 5618 ab-

2004 5642 2146 5696 unde
2171 5647 2461 5694 testantttr.
2493 5639 2564 5695 Ut
2599 5647 2751 5693 extra
2771 5637 2990 5692 dubium
3024 5638 3096 5692 sit
3129 5638 3270 5690 hunc
3299 5649 3586 5701 canoncm,

2006 5727 2111 5766 non
2154 5713 2220 5766 de
2242 5711 2385 5780 justa
2439 5709 2826 5780 imperatorum
2873 5707 3325 5780 reprehensione,
3371 5703 3414 5757 si
3457 5703 3596 5760 deli-

2020 5776 2257 5860 querint,
2291 5780 2383 5838 sed
2418 5779 2482 5837 de
2517 5776 2843 5836 Contumelia
2884 5776 3290 5848 intelligendum
3319 5788 3456 5830 esse.
