4108 6200
434 284 542 353 915

1697 277 1974 342 THEOD.
2021 278 2424 340 BALSAMON

3582 280 3683 344 216

434 397 666 451 n‘untur.
709 389 823 447 Hoc
853 397 1034 445 autem
1067 388 1339 454 fecerunt,
1374 385 1630 456 quoniam
1661 385 1799 441 varii
1829 386 2001 453 nothi,

2112 402 2250 456 φορα
2306 385 2434 439 νόθα
2464 385 2878 457 συγγράμματα
2911 389 3008 442 καὶ
3056 381 3482 459 ψευδεπίγραφα
3516 384 3683 460 ἦσαν,

431 497 486 543 et
520 485 656 540 falso
683 482 952 562 inscripiti
985 480 1108 536 libri
1135 489 1315 546 erant,
1340 479 1424 535 vel
1449 479 1745 536 etiamnum
1775 487 1923 543 sunt,
1950 488 2006 534 et

431 579 718 636 adulterati
752 576 972 647 quidam
1001 591 1017 628 :
1048 571 1238 644 quales
1265 573 1432 628 etiam
1476 587 1595 642 qua:
1622 586 1720 644 per
1754 572 2003 629 Clemen-

431 683 540 728 tem
639 668 990 741 promulgatae
1073 664 1293 722 fuerunt
1377 663 1827 722 Constitutiones.
1925 664 2008 719 Ab

431 762 700 819 limreticis
728 762 873 817 enim
915 759 1238 830 quibusdam
1293 767 1349 813 et
1400 756 1719 813 adulterata!
1767 765 1824 813 et
1878 773 2004 814 cor-

433 863 604 926 rupta:
636 852 876 908 fuerunt.
909 851 1248 922 Quapropter
1275 851 1408 905 istas
1436 850 1659 906 omnino
1705 849 1809 921 legi
1840 850 2008 906 vetuit

431 945 767 1003 meumenica
799 952 954 1000 sexta
981 943 1223 1016 synodus
1271 943 1321 998 in
1353 942 1590 997 secundo
1619 943 1795 1012 capite
1836 956 2004 998 cano-

435 1053 560 1093 num
593 1038 662 1093 ab
684 1051 748 1092 ea
781 1045 1136 1090 statutorum.
1169 1035 1302 1090 Alite
1330 1049 1461 1089 vero
1490 1033 1731 1103 quaedam
1758 1035 2008 1088 dinume-
2050 1069 2053 1071 -

436 1128 714 1193 rationes,
772 1127 907 1183 alios
970 1136 1170 1198 prater
1222 1127 1311 1182 hic
1373 1133 1722 1180 enumeratos
1796 1124 2004 1188 libros,

434 1221 756 1292 permittunt
798 1221 961 1275 etiam
1014 1219 1141 1291 legi,
1177 1229 1233 1275 et
1287 1218 1626 1289 Sapientiam
1677 1217 2006 1286 Salomonis,

430 1322 483 1367 et
512 1311 722 1378 Juditli,
753 1320 808 1366 et
837 1309 1084 1376 Tobiam,
1114 1322 1170 1366 et
1197 1309 1559 1382 Apocalypsin
1579 1308 1863 1380 Theologi.

501 1403 564 1458 lli
591 1403 812 1474 Quidem
855 1412 983 1458 sunt
1027 1404 1194 1474 igitur
1240 1402 1834 1468 venerandissimorum
1878 1415 2008 1468 apo-

429 1495 692 1552 stolorum
736 1496 1012 1568 octoginta
1062 1497 1302 1567 quinque
1335 1509 1613 1552 .canones.
1670 1492 2008 1561 Quibusdam

431 1587 688 1642 tamenin
723 1586 878 1642 libris
908 1601 1147 1643 canones
1191 1587 1517 1644 habentibus
1565 1587 1914 1641 inveniuntur
1955 1597 2010 1640 et

430 1677 520 1732 alii
577 1693 854 1744 canones,
942 1679 1375 1748 uniuscujusque
1453 1678 2005 1735 celebratissimorum

430 1769 796 1836 apostolorum
848 1770 1065 1826 nomine
1107 1771 1376 1838 inscripti.
1422 1770 1527 1825 Sed
1559 1771 1613 1824 in
1642 1768 1832 1825 Trullo
1870 1783 2004 1824 con-
2035 1750 2082 1809 Β

431 1869 648 1930 gregata
709 1862 948 1932 synodus
998 1863 1352 1918 ducentorum
1405 1862 1594 1932 viginti
1637 1870 1840 1930 septem
1880 1876 2006 1914 san-

423 1962 641 2007 ciorum
685 1953 927 2018 Patrum,
979 1955 1080 2010 sub
1106 1953 1670 2025 regno-imperatoris
1713 1951 2007 2008 Justiniani

435 2041 792 2107 lthiuotmeti,
826 2058 944 2112 qua:
976 2044 1119 2098 dicta
1149 2056 1232 2099 est
1261 2051 1436 2108 sexta,
1462 2052 1684 2099 sanctos
1721 2055 2010 2096 recensens

432 2148 688 2198 canones,
733 2135 814 2190 sic
847 2136 922 2190 ait
954 2154 968 2191 :
1001 2135 1136 2192 Huic
1167 2145 1366 2192 sanctae
1397 2136 1605 2206 synodo
1652 2137 1824 2190 visum
1887 2133 2007 2198 fuit,
2061 2137 2064 2139 λ

435 2231 495 2278 ιιι
551 2225 673 2288 rati,
725 2234 782 2279 et
821 2225 962 2281 lirmi
1016 2237 1274 2283 maneant
1323 2241 1561 2282 canones
1630 2240 1660 2280 a
1705 2226 1912 2281 sanctis
1958 2231 2012 2278 et

435 2314 607 2370 beatis
642 2316 896 2372 Patribus
949 2319 1151 2372 unstris
1213 2318 1634 2393 praecessoribus
1693 2315 1897 2384 recepti
1958 2323 2014 2368 et

434 2403 738 2470 approbati.
773 2401 1090 2472 Traditiqne
1122 2406 1281 2461 nobis
1316 2408 1482 2461 etiam
1533 2404 1754 2460 nomine
1791 2413 2010 2459 sancto-

437 2505 555 2546 rum
625 2501 682 2546 et
737 2493 1256 2563 gloriosissimorum
1326 2495 1699 2565 apostolorum
1775 2508 2012 2548 canones

435 2585 712 2655 octoginta
745 2586 1008 2655 quinque.
1043 2585 1167 2642 Mox
1193 2587 1531 2656 conscriptas
1570 2601 1602 2641 ε
1649 2595 1838 2641 sancto
1886 2583 2011 2638 Cle-

438 2684 622 2731 mente
652 2676 1103 2742 Constitutiones,
1151 2692 1272 2732 cum
1323 2677 1550 2733 dixisset
1593 2676 1693 2731 ltas
1747 2675 1852 2743 legi
1901 2688 2008 2728 non

438 2776 708 2835 oportere,
765 2775 818 2821 et
869 2780 964 2822 eas
997 2765 1298 2837 reiecisset,
1327 2766 1396 2821 ob
1432 2766 1482 2820 id
1505 2765 1649 2836 quod
1700 2763 2009 2818 adulterina

437 2857 709 2930 quaedam.
735 2867 789 2912 et
819 2858 992 2914 aliena
1026 2874 1056 2913 a
1091 2859 1289 2928 pietate
1319 2859 1429 2912 sint
1469 2858 1601 2928 ipsis
1643 2855 1711 2910 ad
1756 2854 2014 2910 Ecclesiae

438 2947 736 3016 perniciem
773 2949 976 3004 inserta
1008 2950 1076 3004 ab
1105 2948 1400 3012 haereticis,
1449 2947 1691 3003 meminit
1723 2945 2014 3018 synodico-

437 3056 556 3095 rum
593 3055 882 3108 canonum,
909 3048 960 3094 et
980 3041 1436 3097 meumenicarum
1475 3038 1826 3109 synodorum,
1863 3038 2014 3094 loca-

437 3130 572 3185 lium
605 3141 847 3201 qucque,
877 3139 932 3186 et
959 3146 990 3185 a
1023 3131 1226 3186 divinis
1281 3130 1535 3186 Patribus
1575 3139 1732 3185 extra
1769 3128 2012 3200 synodos

437 3221 700 3278 factorum
729 3222 834 3292 57
853 3238 1140 3288 canonum,
1165 3222 1416 3293 deinceps
1430 3222 1516 3276 his
1534 3220 1785 3292 subjecit,
1800 3220 2009 3274 Nemini

436 3313 518 3370 fas
546 3330 666 3372 esse
693 3316 1036 3385 supradictos
1063 3331 1299 3380 canones
1339 3316 1670 3378 adulterare,
1697 3312 1783 3368 vel
1813 3313 2016 3382 impro-

436 3407 585 3474 bare,
617 3410 702 3465 vel
742 3410 878 3464 alios
906 3418 1101 3478 praeter
1137 3408 1446 3479 propositos
1483 3408 1727 3478 recipere
1771 3419 2012 3462 canones

437 3501 572 3555 falso
599 3501 910 3570 inscriptos,
958 3517 1095 3572 quos
1120 3503 1338 3572 quidam
1383 3501 1667 3556 veritatem
1719 3500 2008 3572 cauponari

436 3593 638 3658 conati,
669 3601 1115 3661 composuerunt.
1151 3590 1286 3647 Cum
1315 3593 1588 3647 secundus
1619 3603 1787 3647 sextae
1820 3590 2011 3662 synodi

437 3697 612 3738 canon
661 3683 777 3738 haec
810 3684 1046 3749 ordinet,
1098 3699 1200 3738 nec
1232 3700 1458 3752 usquam
1497 3683 1815 3738 memoriam
1847 3681 2013 3737 faciat

437 3773 667 3828 aliorum
698 3773 1120 3841 apostolicornm
1151 3787 1418 3828 canonum
1456 3781 1653 3841 praeter
1691 3771 1826 3825 istos
1864 3779 2014 3825 octo-

437 3867 581 3935 ginta
615 3865 876 3936 quinque,
906 3881 1012 3920 non
1047 3874 1261 3935 oportet
1291 3865 1426 3918 alios
1449 3863 1605 3929 ullos,
1637 3861 1728 3931 qui
1757 3862 2012 3916 dicantur

438 3958 827 4029 apostolorum,
855 3973 1096 4013 canones
1132 3955 1442 4027 approbari.
1479 3956 1572 4010 sed
1604 3955 1776 4025 magis
1825 3969 2013 4024 repro-

439 4050 576 4116 liari,
605 4049 868 4121 obeloque
916 4049 1183 4120 transfigi,
1217 4059 1272 4103 et
1317 4049 1469 4121 rejici
1516 4057 1818 4118 :tanquam
1873 4045 2012 4100 falso

441 4146 728 4215 inscriptos
780 4155 983 4200 etnon
1049 4143 1340 4214 legitimos,
1397 4152 1454 4198 et
1509 4153 1661 4198 extra
1727 4155 2007 4195 numerum

2106 478 2140 547 ἦ
2168 479 2261 531 καί
2296 479 2434 530 εἱσι·
2469 479 2540 532 τὰ
2575 478 2633 530 δὲ
2674 479 2770 532 καὶ
2802 479 3189 550 νενοθευμένα,
3221 476 3334 534 οἷαι
3382 482 3478 534 καὶ
3505 484 3562 534 αἱ
3595 482 3684 536 διὰ

2106 568 2199 624 τοῦ
2228 569 2549 642 Κλήμεντος
2575 571 3040 642 έκπεφωνημέναι
3063 573 3345 642 διαταγαί.
3387 573 3496 627 Καὶ
3521 568 3686 627 αὗται

2107 664 2201 717 καὶ
2233 664 2388 734 παρὰ
2420 664 2725 732 κακοδόξων
2772 666 2938 719 τινῶν
2968 665 3329 736 ὲνοθεύθησάν
3362 684 3417 720 τε
3454 671 3548 722 καὶ
3578 686 3687 720 πα-

2111 755 2481 827 ρεφθάρησαν.
2535 757 2626 811 Διὸ
2666 757 2758 812 καὶ
2811 757 3308 841 ἀναγινώσκεσθαιι
3336 759 3474 824 ὅλως
3516 760 3688 822 αὐτὰς

2108 849 2488 918 ἀπηγόρευσεν
2537 850 2570 918 ἡ
2603 849 2962 920 οἰκουμενικὴ
2995 850 3132 927 ’ἐκτιη
3171 850 3390 914 σύνοδος
3422 854 3479 906 ἐν
3517 869 3688 918 κεφα-

2107 941 2242 1011 λαίῳ
2300 941 2542 1011 δευτέρῳ
2579 942 2687 994 τῶν
2723 942 2855 1012 παρ’
2889 942 3061 1011 αὐτῆς
3090 943 3360 996 τεθέντων
3418 944 3694 1012 κανόνων,

2109 1031 2265 1094 Τινὲς
2295 1030 2351 1083 δὲ
2378 1031 2486 1084 τῶν
2521 1030 2699 1085 ἄλλων
2757 1033 3200 1104 ἀπαριθμήσεων
3260 1033 3689 1104 παραχωροῦσιν

2109 1122 2580 1192 ἀναγινώσκεσθαι
2605 1124 2742 1194 πρὸς
2773 1127 2886 1189 τοῖς
2917 1124 3155 1178 ἐνταῦθα
3187 1125 3687 1196 ἀπηριθμημένοις,

2108 1217 2206 1269 καὶ
2251 1216 2348 1284 τὴν
2398 1215 2600 1284 Σοφίαν
2643 1216 3010 1286 Σολομῶντος,
3057 1218 3151 1269 καὶ
3182 1217 3414 1288 ’ἰουδὴθ,
3451 1220 3548 1271 καὶ
3579 1218 3688 1271 Τω-

2111 1307 2254 1371 6ίαν,
2283 1307 2378 1360 καὶ
2411 1309 2508 1378 τὴν
2542 1307 2914 1378 Ἀποκαλυψιν
2941 1307 3034 1361 τοῦ
3068 1308 3353 1376 Θεολόγου.

2173 1392 2332 1453 Οὗτοι
2382 1399 2481 1469 μὲν
2510 1394 2602 1453 οὖν
2631 1400 2768 1452 εἰσιν
2793 1400 2841 1453 οἱ
2873 1401 2980 1452 τῶν
3012 1400 3335 1452 πανσέπτων
3369 1399 3686 1452 ἀποστόλων

2109 1497 2192 1544 πε¹
2230 1489 2474 1554 κανόνες.
2519 1490 2878 1561 Εὑρίσκονται
2931 1491 2986 1544 δὲ
3037 1489 3095 1542 έν
3125 1507 3237 1543 τισι
3271 1491 3378 1543 τῶν
3418 1492 3544 1552 τοὺς
3579 1508 3686 1541 κα-

2109 1584 2264 1647 νόνας
2294 1582 2528 1653 ἐχόντων
2579 1581 2800 1653 βιὸλίων
2849 1581 2945 1636 καὶ
2989 1582 3167 1655 ἕτεροι
3203 1583 3424 1645 κανόνες
3457 1585 3542 1635 ἐπ’
3573 1583 3689 1636 ὀνόο

2112 1693 2245 1746 ματι
2275 1675 2504 1728 ἑκάστου
2549 1674 2660 1728 τῶν
2717 1675 3093 1742 πανευφήμων
3129 1674 3446 1726 ἀποστόλων
3503 1676 3688 1740 ἐπιγε-

2109 1769 2439 1838 γραμμένοι.
2481 1766 2624 1820 Ἀλλ’
2651 1769 2684 1836 ἡ
2741 1768 2799 1819 ἐν
2826 1765 2903 1836 τῷ
2951 1765 3207 1836 Τρούλλῳ
3238 1765 3690 1833 συναθροισθεῖσα

2085 1860 2326 1924 ,σύνοδος
2365 1858 2473 1910 τῶν
2504 1859 2620 1922 σκζ⁹
2667 1858 2838 1926 ἁγίων
2871 1858 3132 1927 Πατέρων
3163 1857 3257 1909 ἐπὶ
3289 1858 3387 1925 τῆς
3415 1855 3691 1925 βασιλείας

2108 1950 2202 2004 τοῦ
2232 1949 2636 2021 αὐτοκράτορος
2678 1947 3058 2002 ἰουστινιανοῦ
3097 1946 3194 2001 τοῦ
3239 1947 3682 2017 Ῥινοτμήτου,ή

2109 2043 2376 2115 λεγομένη
2399 2044 2560 2111 ἕκτη,
2579 2042 2958 2114 ἀπαρίθμησιν
2995 2042 3343 2114 ποιησαμένη
3387 2043 3496 2094 τῶν
3525 2041 3687 2104 ἱερῶν

2112 2136 2354 2190 κανόνων
2377 2173 2393 2198 ,
2428 2134 2573 2188 οὕτω
2613 2135 2812 2204 φησίνο
2852 2133 3039 2200 Ἔδοξε
3081 2136 3147 2205 τῇ
3178 2135 3312 2203 ἁγία
3351 2133 3524 2205 ταύτῃ
3560 2149 3688 2186 συν--

2111 2227 2215 2298 όδῳ
2244 2227 2424 2298 μένειν
2453 2225 2701 2298 βεϐαίους
2730 2225 2826 2280 καὶ
2853 2225 3115 2296 ἀσφαλεῖς
3144 2225 3269 2288 τοὺς
3317 2225 3420 2278 ὑπὸ
3444 2225 3552 2276 τῶν
3585 2221 3691 2293 πρδ

2113 2318 2269 2390 ἡμῶν
2303 2317 2475 2386 ἁγίων
2508 2317 2600 2370 καὶ
2646 2317 2936 2388 μακαρίων
2967 2318 3225 2386 Πατέρων
3258 2315 3550 2385 δεχθέντας
3597 2313 3692 2365 καὶ

2113 2409 2485 2480 κυρωθέντας,
2509 2407 2644 2462 ἀλλὰ
2683 2407 2789 2479 μὴν
2821 2409 2916 2460 καὶ
2963 2407 3367 2478 παραδοθέντας
3406 2409 3438 2475 ἡ
3450 2408 3541 2472 μίν
3570 2403 3691 2457 ὀνό-

2115 2517 2247 2570 ματι
2299 2500 2409 2553 τῶν
2462 2498 2636 2566 ἁγίων
2690 2498 2786 2551 καὶ
2831 2497 3189 2564 ἐνδοξοτάτων
3244 2494 3561 2550 ἀποστόλων
3605 2489 3692 2544 πε⁹

2113 2591 2362 2655 κανόνας.
2384 2588 2517 2643 Εἶτα
2546 2589 2678 2661 περὶ
2706 2587 2816 2641 τῶν
2841 2587 2996 2653 παρὰ
3029 2586 3125 2639 τοῦ
3157 2585 3311 2654 ἁγίου
3364 2585 3688 2652 Κλήμεντος

2115 2681 2536 2754 συγγραφεισῶν
2569 2680 2897 2749 Διατάξεων,
2955 2677 3185 2732 εἰποῦτα
3220 2676 3295 2748 μὴ
3323 2677 3522 2746 χρῆναι
3556 2672 3692 2726 ταύ-

2111 2792 2211 2838 τας
2236 2773 2730 2844 ἀναγινώσκεσθαι,
2767 2773 2863 2827 καὶ
2914 2769 3334 2838 ἀποϐαλλομένη
3391 2767 3589 2830 αὑτὰς,
3614 2765 3693 2829 ὥς

2112 2862 2405 2933 αἱρετικῶν
2453 2861 2587 2916 νόθα
2640 2861 2788 2929 τινὰῖ
2815 2861 2912 2916 καὶ
2967 2859 3092 2925 ξένα
3138 2859 3240 2927 τῆς
3288 2856 3567 2920 εὐσεϐείας
3601 2855 3694 2908 ἐπὶ

2111 2951 2258 3024 λύμη
2282 2953 2382 3023 τῆς
2422 2953 2748 3027 Ἐκκλησίας
2765 2954 2958 3015 αὑταῖς
2986 2951 3449 3024 παρενειράντων,
3481 2951 3691 3018 μέμνηο

2113 3046 2336 3106 ταιτὼν
2383 3045 2677 3099 συνοδικῶν
2725 3046 2988 3107 κανόνων,
3043 3045 3153 3097 τῶν
3186 3060 3244 3095 τε
3296 3039 3693 3109 οίκουμενικῶν

2117 3136 2348 3188 συνόδων
2381 3136 2472 3190 καὶ
2499 3137 2608 3189 τῶν
2637 3137 2900 3199 τοπικῶν,
2929 3135 3024 3189 καὶ
3071 3134 3182 3188 τῶν
3220 3133 3374 3202 παρὰ
3399 3131 3560 3183 θείων
3590 3130 3694 3182 Πα·

2114 3227 2287 3298 τέρων
2318 3228 2472 3290 ἐκτὸς
2503 3228 2739 3281 συνόδων
2795 3227 3103 3298 γενομένων
3135 3227 3398 3279 κανόνων.
3456 3223 3565 3276 Καὶ
3597 3221 3692 3273 ἐπὶ

2112 3318 2326 3382 τούτοις
2350 3320 2544 3387 ἐπάγει
2580 3321 2775 3390 μηδενὶ
2823 3321 3024 3386 ἐξεῖναι
3059 3320 3186 3381 τοὺς
3237 3314 3690 3387 προδηλωθέντας

2115 3411 2560 3480 παραχαράττειν
2609 3412 2857 3474 κανόνας,
2891 3411 2924 3482 ἦ
2959 3409 3202 3472 ἀθετεῖν,
3234 3410 3266 3478 ἢ
3295 3408 3514 3478 ἑτέρους
3541 3405 3693 3473 πτρᾶ

2113 3501 2240 3561 τοὺς
2270 3502 2667 3572 προκειμένους
2719 3502 3126 3572 παραδέχεσθαι
3161 3502 3394 3563 κανόνας
3428 3499 3690 3568 ψευδεπιο

2113 3593 2359 3661 γράφους
2419 3593 2524 3647 ὑπό
2582 3613 2746 3649 τινων
2774 3589 3132 3655 συντεθέντας
3165 3594 3272 3647 τῶν
3303 3594 3401 3664 τὴν
3435 3592 3692 3662 ἀλήθειαν

2114 3681 2451 3749 καπηλεύειν
2503 3685 2995 3756 ἐπιχειρησάντων.
3054 3685 3242 3738 Ταῦτα
3291 3684 3384 3737 τοῦ
3438 3683 3692 3753 δευτέρου

2116 3776 2340 3838 κανόνος
2385 3777 2484 3846 τῆς
2517 3777 2684 3848 ἕκτης
2737 3778 2959 3831 συνόδου
2993 3778 3428 3846 διαταττομένου,
3470 3774 3565 3828 καὶ
3593 3792 3691 3844 pr,-

2112 3869 2284 3940 δαμοῦ
2318 3869 2505 3938 μνείαν
2542 3871 2917 3940 ποιησαμένου
2954 3870 3154 3940 ἐτέρων
3188 3868 3559 3922 ἀποστολικῶν
3588 3885 3692 3921 κα-

2113 3959 2318 4026 νόνων,
2375 3959 2529 4028 παρὰ
2582 3962 2710 4023 τοὺς
2778 3957 2861 4013 πε⁹
2917 3960 3016 4013 οὐκ
3071 3961 3421 4031 ἐγκρίνεσοαι
3455 3959 3533 4012 δεῖ
3567 3960 3691 4021 τοῦς

2112 4051 2440 4122 λεγομένους
2473 4052 2669 4115 ἄλλους
2725 4051 2837 4105 τῶν
2890 4051 3206 4106 ἀποστόλων
3253 4052 3522 4115 κανόνας,
3573 4049 3692 4102 ἀλλ’

2113 4143 2505 4214 ἀποκρίνεσθαι
2557 4143 2781 4214 μᾶλλον,
2827 4143 3170 4207 ὀϐελίζεσθαί
3206 4161 3264 4196 τε
3317 4143 3412 4196 καὶ
3455 4140 3692 4195 ἀποϐάλ-

440 4253 627 4293 eorum
674 4253 812 4307 quos
865 4237 1031 4293 divini
1081 4237 1370 4306 sanctique
1419 4235 1609 4292 Patres
1647 4233 1858 4304 judicio
1909 4245 2011 4288 suo

2112 4239 2302 4294 λεσθαι
2329 4257 2343 4272 ·
2379 4239 2453 4302 ὡς
2497 4237 3001 4308 ψευδεπιγράφους,
3043 4238 3150 4303 ,καὶ
3200 4237 3390 4298 νόθους
3452 4235 3688 4288 καὶτῶν

438 4329 875 4399 comprobarunt.

439 4511 666 4569 ARIST.
690 4509 979 4580 Sexaginta
1007 4510 1262 4564 librorum
1300 4525 1468 4565 canon
1501 4515 1706 4563 tantum
1749 4516 1826 4564 est
1864 4523 2014 4561 vene-

1105 4599 1329 4654 randus.

508 4693 601 4748 Isti
637 4692 734 4748 soli
774 4692 894 4746 libri
927 4691 1142 4747 clericis
1175 4701 1229 4746 et
1277 4692 1430 4747 laicis
1475 4691 1771 4747 venerandi
1815 4691 2017 4746 sancti-

441 4803 546 4858 que
571 4786 818 4856 judicare
849 4784 1068 4850 debent,
1098 4783 1308 4840 scilicet
1339 4783 1546 4840 Veteris
1573 4785 1786 4855 quidem
1823 4783 2015 4839 Testa-

441 4880 625 4944 menti,
659 4876 824 4932 Mosis
859 4876 1119 4946 quinque,
1151 4875 1398 4942 Genesis,
1435 4877 1670 4941 Exodns,
1720 4876 2013 4943 Leviticus,

441 4971 681 5037 Numeri,
717 4968 1214 5025 Deuteronomium.
1240 4968 1370 5024 Jesu
1407 4970 1499 5024 lilii
1537 4968 1684 5024 Nave
1713 4985 1870 5024 unus.
1919 4967 2013 5022 Ju-

441 5067 614 5121 ilicum
651 5074 708 5122 et
731 5063 877 5120 Ruth
916 5053 1082 5118 unus.
1115 5061 1320 5131 Regum
1345 5072 1595 5133 quatuor.
1623 5059 2013 5118 Derelictoruxn

440 5173 506 5210 ex
565 5157 700 5210 libro
751 5157 959 5212 dierum
1002 5156 1130 5210 duo.
1168 5155 1355 5210 Esdrat
1410 5154 1541 5209 duo.
1599 5153 1794 5208 Esther
1850 5169 2012 5210 unus.

444 5247 866 5302 Maccabmorum
927 5257 1061 5305 tres.
1109 5247 1210 5303 Job
1265 5262 1422 5302 unus.
1473 5246 1824 5306 Psalterium,
1855 5261 2014 5302 unus.

442 5339 747 5394 Salomonis
778 5349 908 5395 tres.
954 5341 1270 5398 Proverbia.
1320 5341 1699 5398 Ecclesiastes.
1736 5339 2016 5396 Canticum

442 5431 802 5487 canticorum.
837 5432 1262 5503 .Pmplietarum
1317 5434 1622 5489 duodecim.
1681 5432 1910 5501 Insuper
1965 5442 2020 5486 et

443 5532 597 5577 extra
623 5523 724 5576 hos
769 5532 824 5577 et
871 5523 1161 5592 Sapientiae
1205 5513 1568 5580 eruditissimi
1617 5524 1834 5579 Sirach.
1884 5522 2018 5578 Novi

444 5623 624 5668 autem
681 5613 1014 5670 Tcstamenti
1079 5615 1370 5687 Evangelia
1420 5627 1696 5688 quatuor,
1743 5617 2022 5699 Mattlnni,

443 5703 631 5772 Marci,
665 5705 842 5777 Luem,
875 5705 1123 5765 Joannis.
1149 5707 1299 5764 Pauli
1318 5707 1570 5780 Epistolzc
1589 5701 2019 5779 quatuordccim.

2114 4328 2401 4398 ἀπηριθμη
2413 4329 2608 4398 μένων,
2634 4329 2731 4380 καὶ
2755 4331 2867 4392 τοῖς
2899 4327 3064 4390 θείοις
3089 4327 3186 4380 καὶ
3221 4326 3384 4396 ἱεροῖς
3413 4323 3692 4395 Πατράσιν

2046 4424 2090 4479 D
2119 4419 2525 4490 ἐγκεκτημένων
2554 4420 2731 4482 ἐκτός.

2165 4511 2388 4566 ΑΡΙΣΤ.
2431 4511 2763 4582 Σεϐάσμιος
2803 4511 2841 4578 ἡ
2884 4508 3387 4578 ἐξηκοντὰὅιϐλος
3417 4508 3631 4579 μόνον.

2186 4699 2372 4753 Ταῦτα
2419 4698 2556 4769 μόνα
2613 4697 2747 4750 πᾶσι
2791 4697 3073 4768 κληρικοῖς
3125 4696 3219 4750 καὶ
3269 4695 3479 4756 λαῖκοῖς
3511 4690 3692 4763 βιϐλία

2117 4791 2390 4861 σεϐάσμιοι
2428 4790 2524 4842 καὶ
2553 4790 2685 4856 ἆγια
2707 4787 2981 4856 ὀφείλουσι
3011 4787 3325 4860 κρίνεσθαι*
3377 4787 3543 4857 ἤγουν
3592 4785 3694 4854 τῆς

2119 4883 2217 4952 μὲν
2268 4883 2508 4942 παλαιᾶς
2565 4881 2844 4950 Διαθήκης
2887 4881 3082 4934 πέντεο
3140 4881 3391 4942 Γένεσις,
3440 4879 3694 4944 Ἐξοδος,

2117 4971 2438 5038 Λευῖτικδν,
2495 4970 2790 5045 Ἀριθμοὶ,
2841 4973 3310 5043 Δευτερονόμιονο
3341 4970 3520 5039 Ἰησοῦ
3573 4970 3694 5023 υίοῦ

2115 5065 2270 5136 Ναυῆ
2299 5067 2357 5120 ἓν
2377 5084 2392 5099 ο
2417 5065 2636 5137 Κριτῶν
2654 5065 2748 5120 καὶ
2785 5064 2942 5118 Ῥοὺθ
2975 5045 3034 5118 ἓν
3055 5081 3069 5095 ι
3096 5063 3396 5118 Βασιλειῶν
3418 5063 3659 5132 τέσσαρα
3679 5078 3696 5094 ο

2117 5160 2612 5228 Παραλειπομένων
2645 5161 2742 5227 τῆς
2771 5157 2952 5227 βίὸλου
3007 5157 3116 5211 τῶν
3141 5156 3362 5226 ἡμερῶν
3407 5155 3500 5209 δύο
3519 5171 3533 5185 ·
3563 5156 3695 5208 Ἔσ-

2114 5251 2215 5321 δρα
2248 5250 2340 5302 δύο
2359 5265 2375 5280 ⁶
2418 5248 2728 5321 Ἐσθὴρένο
2759 5249 3140 5304 Μακκαὸαίων
3155 5247 3235 5317 γ’⁶
3273 5246 3398 5302 Ἰὼϐ
3425 5247 3520 5300 ἓν·
3546 5245 3692 5316 ψαλ-

2116 5343 2306 5414 τήριον
2343 5341 2404 5396 ἒν
2427 5359 2440 5372 ·
2473 5343 2818 5412 Σολομῶντος
2861 5343 2988 5413 τρία
3015 5358 3029 5373 ⁶
3081 5339 3379 5412 Παροιμίαι
3405 5355 3418 5370 °
3457 5338 3697 5408 Ἑκκληο

2120 5439 2383 5507 σιαστής·
2441 5433 2634 5507 τᾼσμα
2695 5435 3002 5505 ᾀσμάτων·
3073 5431 3370 5504 προφητῶν
3427 5429 3694 5484 δεκαδύο⁶

2119 5527 2318 5593 ἔξωθεν
2342 5525 2398 5580 δὲ
2422 5526 2627 5579 τούτων
2653 5526 2750 5578 κα.)⁸
2782 5525 2835 5576 αἱ
2872 5523 3061 5590 Σοφίαι
3095 5521 3188 5573 τοῦ
3232 5519 3582 5588 πολυμαθοῦς
3610 5519 3698 5571 Σι-

2123 5619 2258 5689 ρᾶχο
2308 5617 2407 5688 τῆς
2437 5616 2493 5669 δὲ
2523 5616 2712 5685 καινῆς
2762 5615 3038 5685 Διαθὴκης
3067 5612 3378 5681 Εὖαγγέλια
3420 5612 3696 5680 τέσσαρατ

2123 5709 2428 5772 Μιτθαίου,
2465 5708 2715 5774 Μάρκου,
2767 5707 2972 5773 Λουκᾶ,
3003 5704 3285 5762 Ἰωάννου·
3323 5703 3532 5762 Παύλου
3576 5703 3699 5755 ἐπιο
