  <div class='ocr_page' id='page_1' title='image "/cluster/home/n/w/nwhite01/storage/ocr_20150623/137/hvd.32044073502536/126.png"; bbox 0 0 4108 6200; ppageno 0'>
   <div class='ocr_carea' id='block_1_1' title="bbox 375 283 485 345">
    <p class='ocr_par' dir='ltr' id='par_1_1' title="bbox 375 283 485 345">
     <span class='ocr_line' id='line_1_1' title="bbox 375 283 485 345; baseline 0.027 -3"><span class='ocrx_word' id='word_1_1' title='bbox 375 283 485 345; x_wconf 66' lang='grc'><strong>’221</strong></span> 
     </span>
    </p>
   </div>
   <div class='ocr_carea' id='block_1_2' title="bbox 448 485 1966 557">
    <p class='ocr_par' dir='ltr' id='par_1_2' title="bbox 448 485 1966 557">
     <span class='ocr_line' id='line_1_2' title="bbox 448 485 1966 557; baseline 0.002 -18"><span class='ocrx_word' id='word_1_2' title='bbox 448 487 672 539; x_wconf 81' lang='grc' dir='ltr'><em>τοῦτον</em></span> <span class='ocrx_word' id='word_1_3' title='bbox 699 485 796 537; x_wconf 76' lang='grc' dir='ltr'><em>καὶ</em></span> <span class='ocrx_word' id='word_1_4' title='bbox 823 485 895 538; x_wconf 80' lang='grc' dir='ltr'><em>ἐν</em></span> <span class='ocrx_word' id='word_1_5' title='bbox 934 485 1015 551; x_wconf 83' lang='grc' dir='ltr'><em>τῷ</em></span> <span class='ocrx_word' id='word_1_6' title='bbox 1045 486 1247 554; x_wconf 73' lang='grc' dir='ltr'><em>κλήρῳ</em></span> <span class='ocrx_word' id='word_1_7' title='bbox 1279 488 1700 557; x_wconf 76' lang='grc' dir='ltr'><strong>ἐξεταζόμενον</strong></span> <span class='ocrx_word' id='word_1_8' title='bbox 1737 489 1966 542; x_wconf 80' lang='grc' dir='ltr'><em>πεπαῦ-</em></span> 
     </span>
    </p>
   </div>
   <div class='ocr_carea' id='block_1_3' title="bbox 447 576 1966 648">
    <p class='ocr_par' dir='ltr' id='par_1_3' title="bbox 447 576 1966 648">
     <span class='ocr_line' id='line_1_3' title="bbox 447 576 1966 648; baseline 0.004 -18"><span class='ocrx_word' id='word_1_9' title='bbox 447 581 593 631; x_wconf 82' lang='grc' dir='ltr'><strong>σθαι</strong></span> <span class='ocrx_word' id='word_1_10' title='bbox 619 576 949 646; x_wconf 72' lang='grc' dir='ltr'><em>προσήκει·</em></span> <span class='ocrx_word' id='word_1_11' title='bbox 1007 578 1105 632; x_wconf 78' lang='grc' dir='ltr'><em>καὶ</em></span> <span class='ocrx_word' id='word_1_12' title='bbox 1135 579 1203 632; x_wconf 80' lang='grc' dir='ltr'><em>ἐκ</em></span> <span class='ocrx_word' id='word_1_13' title='bbox 1239 579 1346 632; x_wconf 85' lang='grc' dir='ltr'><em>τοῦ</em></span> <span class='ocrx_word' id='word_1_14' title='bbox 1378 579 1552 646; x_wconf 62' lang='grc' dir='ltr'><em>δεῦρο</em></span> <span class='ocrx_word' id='word_1_15' title='bbox 1583 581 1814 648; x_wconf 70' lang='grc' dir='ltr'><em>μηδέ-να</em></span> <span class='ocrx_word' id='word_1_16' title='bbox 1847 580 1966 636; x_wconf 83' lang='grc' dir='ltr'><strong>τῶν</strong></span> 
     </span>
    </p>
   </div>
   <div class='ocr_carea' id='block_1_4' title="bbox 447 669 1968 741">
    <p class='ocr_par' dir='ltr' id='par_1_4' title="bbox 447 669 1968 741">
     <span class='ocr_line' id='line_1_4' title="bbox 447 669 1968 741; baseline 0.005 -19"><span class='ocrx_word' id='word_1_17' title='bbox 447 671 743 724; x_wconf 80' lang='grc' dir='ltr'><strong>τοιούτων</strong></span> <span class='ocrx_word' id='word_1_18' title='bbox 773 669 998 739; x_wconf 84' lang='grc' dir='ltr'><em>χρῆναι</em></span> <span class='ocrx_word' id='word_1_19' title='bbox 1025 671 1410 740; x_wconf 78' lang='grc' dir='ltr'><strong>προάγεσθαι.</strong></span> <span class='ocrx_word' id='word_1_20' title='bbox 1443 673 1668 741; x_wconf 77' lang='grc' dir='ltr'><em>Ὥσπερ</em></span> <span class='ocrx_word' id='word_1_21' title='bbox 1701 673 1768 726; x_wconf 82' lang='grc' dir='ltr'><em>δὲ</em></span> <span class='ocrx_word' id='word_1_22' title='bbox 1790 675 1968 730; x_wconf 84' lang='grc' dir='ltr'><em>τοῦτο</em></span> 
     </span>
    </p>
   </div>
   <div class='ocr_carea' id='block_1_5' title="bbox 445 761 1968 834">
    <p class='ocr_par' dir='ltr' id='par_1_5' title="bbox 445 761 1968 834">
     <span class='ocr_line' id='line_1_5' title="bbox 445 761 1968 834; baseline 0.007 -22"><span class='ocrx_word' id='word_1_23' title='bbox 445 761 786 828; x_wconf 74' lang='grc' dir='ltr'><em>πρόδηλον,</em></span> <span class='ocrx_word' id='word_1_24' title='bbox 814 762 904 814; x_wconf 81' lang='grc' dir='ltr'><em>ὅτι</em></span> <span class='ocrx_word' id='word_1_25' title='bbox 925 761 1058 828; x_wconf 82' lang='grc' dir='ltr'><em>περὶ</em></span> <span class='ocrx_word' id='word_1_26' title='bbox 1088 762 1208 816; x_wconf 87' lang='grc' dir='ltr'><em>τῶν</em></span> <span class='ocrx_word' id='word_1_27' title='bbox 1230 761 1710 830; x_wconf 74' lang='grc' dir='ltr'><strong>ἐπιτηδευόντων</strong></span> <span class='ocrx_word' id='word_1_28' title='bbox 1729 765 1795 817; x_wconf 85' lang='grc' dir='ltr'><em>τὸ</em></span> <span class='ocrx_word' id='word_1_29' title='bbox 1815 764 1968 834; x_wconf 84' lang='grc' dir='ltr'><em>πρᾶ-</em></span> 
     </span>
    </p>
   </div>
   <div class='ocr_carea' id='block_1_6' title="bbox 440 853 1970 922">
    <p class='ocr_par' dir='ltr' id='par_1_6' title="bbox 440 853 1970 922">
     <span class='ocr_line' id='line_1_6' title="bbox 440 853 1970 922; baseline 0.004 -19"><span class='ocrx_word' id='word_1_30' title='bbox 440 867 564 920; x_wconf 74' lang='grc' dir='ltr'><em>γμα</em></span> <span class='ocrx_word' id='word_1_31' title='bbox 597 853 701 906; x_wconf 75' lang='grc' dir='ltr'><em>καὶ</em></span> <span class='ocrx_word' id='word_1_32' title='bbox 751 853 1109 922; x_wconf 74' lang='grc' dir='ltr'><em>τολμώντων</em></span> <span class='ocrx_word' id='word_1_33' title='bbox 1162 853 1417 920; x_wconf 80' lang='grc' dir='ltr'><em>ἑαυτοὺς</em></span> <span class='ocrx_word' id='word_1_34' title='bbox 1445 853 1774 922; x_wconf 77' lang='grc' dir='ltr'><strong>ἐκτέμνειν,</strong></span> <span class='ocrx_word' id='word_1_35' title='bbox 1805 857 1970 921; x_wconf 80' lang='grc' dir='ltr'><em>εἴρη-</em></span> 
     </span>
    </p>
   </div>
   <div class='ocr_carea' id='block_1_7' title="bbox 445 945 1969 1015">
    <p class='ocr_par' dir='ltr' id='par_1_7' title="bbox 445 945 1969 1015">
     <span class='ocr_line' id='line_1_7' title="bbox 445 945 1969 1015; baseline 0.004 -20"><span class='ocrx_word' id='word_1_36' title='bbox 445 961 577 997; x_wconf 81' lang='grc' dir='ltr'><em>ται·</em></span> <span class='ocrx_word' id='word_1_37' title='bbox 637 945 828 1010; x_wconf 79' lang='grc' dir='ltr'><em>οὕτως</em></span> <span class='ocrx_word' id='word_1_38' title='bbox 901 945 960 997; x_wconf 86' lang='grc' dir='ltr'><em>ετ</em></span> <span class='ocrx_word' id='word_1_39' title='bbox 1022 963 1180 1011; x_wconf 84' lang='grc' dir='ltr'><em>τινες</em></span> <span class='ocrx_word' id='word_1_40' title='bbox 1226 946 1346 1000; x_wconf 81' lang='grc' dir='ltr'><strong>ὑπὸ</strong></span> <span class='ocrx_word' id='word_1_41' title='bbox 1402 946 1723 1014; x_wconf 80' lang='grc' dir='ltr'><em>βαρϐάρων</em></span> <span class='ocrx_word' id='word_1_42' title='bbox 1786 949 1824 1015; x_wconf 78' lang='grc' dir='ltr'><strong><em>ἢ</em></strong></span> <span class='ocrx_word' id='word_1_43' title='bbox 1873 947 1969 1001; x_wconf 84' lang='grc' dir='ltr'><em>δε·-</em></span> 
     </span>
    </p>
   </div>
   <div class='ocr_carea' id='block_1_8' title="bbox 439 1035 1969 1106">
    <p class='ocr_par' dir='ltr' id='par_1_8' title="bbox 439 1035 1969 1106">
     <span class='ocr_line' id='line_1_8' title="bbox 439 1035 1969 1106; baseline 0.002 -17"><span class='ocrx_word' id='word_1_44' title='bbox 439 1035 691 1089; x_wconf 78' lang='grc' dir='ltr'><em>σποτῶν</em></span> <span class='ocrx_word' id='word_1_45' title='bbox 733 1037 1271 1104; x_wconf 84' lang='grc' dir='ltr'><strong>εὐνουχίσθησαν,</strong></span> <span class='ocrx_word' id='word_1_46' title='bbox 1329 1039 1710 1106; x_wconf 78' lang='grc' dir='ltr'><em>εὑρίσκοιντο</em></span> <span class='ocrx_word' id='word_1_47' title='bbox 1748 1038 1816 1090; x_wconf 83' lang='grc' dir='ltr'><em>δὲ</em></span> <span class='ocrx_word' id='word_1_48' title='bbox 1863 1038 1969 1092; x_wconf 60' lang='grc' dir='ltr'><strong>ἀνὶ-</strong></span> 
     </span>
    </p>
   </div>
   <div class='ocr_carea' id='block_1_9' title="bbox 438 1129 1967 1199">
    <p class='ocr_par' dir='ltr' id='par_1_9' title="bbox 438 1129 1967 1199">
     <span class='ocr_line' id='line_1_9' title="bbox 438 1129 1967 1199; baseline 0.001 -17"><span class='ocrx_word' id='word_1_49' title='bbox 438 1133 565 1193; x_wconf 69' lang='grc' dir='ltr'><strong>λως</strong></span> <span class='ocrx_word' id='word_1_50' title='bbox 588 1129 765 1193; x_wconf 76' lang='grc' dir='ltr'><em>ἄξιοι,</em></span> <span class='ocrx_word' id='word_1_51' title='bbox 787 1130 929 1195; x_wconf 86' lang='grc' dir='ltr'><em>τοὺς</em></span> <span class='ocrx_word' id='word_1_52' title='bbox 953 1131 1265 1197; x_wconf 85' lang='grc' dir='ltr'><em>τοιούτους</em></span> <span class='ocrx_word' id='word_1_53' title='bbox 1293 1133 1380 1197; x_wconf 85' lang='grc' dir='ltr'><strong>εὶς</strong></span> <span class='ocrx_word' id='word_1_54' title='bbox 1397 1129 1630 1198; x_wconf 77' lang='grc' dir='ltr'><em>κλῆρον</em></span> <span class='ocrx_word' id='word_1_55' title='bbox 1655 1132 1967 1199; x_wconf 80' lang='grc' dir='ltr'><em>προσίεται</em></span> 
     </span>
    </p>
   </div>
   <div class='ocr_carea' id='block_1_10' title="bbox 445 1222 894 1293">
    <p class='ocr_par' dir='ltr' id='par_1_10' title="bbox 445 1222 894 1293">
     <span class='ocr_line' id='line_1_10' title="bbox 445 1222 894 1293; baseline 0.002 -18"><span class='ocrx_word' id='word_1_56' title='bbox 445 1226 480 1275; x_wconf 87' lang='grc' dir='ltr'><strong><em>ό</em></strong></span> <span class='ocrx_word' id='word_1_57' title='bbox 519 1223 721 1274; x_wconf 81' lang='grc' dir='ltr'><em>κανών</em></span> <span class='ocrx_word' id='word_1_58' title='bbox 758 1222 894 1293; x_wconf 62' lang='lat'><strong>(54).</strong></span> 
     </span>
    </p>
   </div>
   <div class='ocr_carea' id='block_1_11' title="bbox 445 1311 1968 1384">
    <p class='ocr_par' dir='ltr' id='par_1_11' title="bbox 445 1311 1968 1384">
     <span class='ocr_line' id='line_1_11' title="bbox 445 1311 1968 1384; baseline 0.001 -19"><span class='ocrx_word' id='word_1_59' title='bbox 445 1315 643 1368; x_wconf 75' lang='grc' dir='ltr'><strong>ΒΑΛΣ.</strong></span> <span class='ocrx_word' id='word_1_60' title='bbox 675 1317 737 1367; x_wconf 81' lang='grc' dir='ltr'><strong>ΟΞ</strong></span> <span class='ocrx_word' id='word_1_61' title='bbox 764 1314 1110 1367; x_wconf 73' lang='grc' dir='ltr'><em>ἀποστολικοὶ</em></span> <span class='ocrx_word' id='word_1_62' title='bbox 1143 1313 1274 1367; x_wconf 84' lang='grc' dir='ltr'><em>θεῖοι</em></span> <span class='ocrx_word' id='word_1_63' title='bbox 1297 1315 1544 1378; x_wconf 79' lang='grc' dir='ltr'><strong>κανόνες,</strong></span> <span class='ocrx_word' id='word_1_64' title='bbox 1577 1316 1604 1368; x_wconf 97' lang='lat'><strong>6</strong></span> <span class='ocrx_word' id='word_1_65' title='bbox 1625 1311 1731 1376; x_wconf 84' lang='grc' dir='ltr'><em>κα’,</em></span> <span class='ocrx_word' id='word_1_66' title='bbox 1751 1315 1780 1366; x_wconf 88' lang='grc' dir='ltr'>ὁ</span> <span class='ocrx_word' id='word_1_67' title='bbox 1810 1313 1914 1384; x_wconf 65' lang='grc' dir='ltr'><em>κβθ,</em></span> <span class='ocrx_word' id='word_1_68' title='bbox 1941 1315 1968 1367; x_wconf 88' lang='lat'><strong>6</strong></span> 
     </span>
    </p>
   </div>
   <div class='ocr_carea' id='block_1_12' title="bbox 371 1402 1963 1474">
    <p class='ocr_par' dir='ltr' id='par_1_12' title="bbox 371 1402 1963 1474">
     <span class='ocr_line' id='line_1_12' title="bbox 371 1402 1963 1474; baseline 0.003 -20"><span class='ocrx_word' id='word_1_69' title='bbox 371 1411 486 1470; x_wconf 74' lang='grc' dir='ltr'><em>κγ’,</em></span> <span class='ocrx_word' id='word_1_70' title='bbox 509 1404 604 1455; x_wconf 68' lang='grc' dir='ltr'><em>καὶ</em></span> <span class='ocrx_word' id='word_1_71' title='bbox 633 1407 661 1456; x_wconf 88' lang='lat'><strong>6</strong></span> <span class='ocrx_word' id='word_1_72' title='bbox 691 1402 767 1456; x_wconf 85' lang='grc' dir='ltr'><em>κδ’</em></span> <span class='ocrx_word' id='word_1_73' title='bbox 794 1405 997 1466; x_wconf 82' lang='grc' dir='ltr'><em>ἱκανῶς</em></span> <span class='ocrx_word' id='word_1_74' title='bbox 1026 1407 1177 1472; x_wconf 77' lang='grc' dir='ltr'><em>ἡμᾶς</em></span> <span class='ocrx_word' id='word_1_75' title='bbox 1233 1406 1478 1470; x_wconf 72' lang='grc' dir='ltr'><strong>ἐδίδαξαν</strong></span> <span class='ocrx_word' id='word_1_76' title='bbox 1521 1406 1573 1457; x_wconf 83' lang='grc' dir='ltr'><strong>τί</strong></span> <span class='ocrx_word' id='word_1_77' title='bbox 1608 1406 1814 1474; x_wconf 69' lang='grc' dir='ltr'><em>ὀφείλει</em></span> <span class='ocrx_word' id='word_1_78' title='bbox 1877 1405 1963 1474; x_wconf 76' lang='grc' dir='ltr'><strong>γί-</strong></span> 
     </span>
    </p>
   </div>
   <div class='ocr_carea' id='block_1_13' title="bbox 373 1495 1961 1566">
    <p class='ocr_par' dir='ltr' id='par_1_13' title="bbox 373 1495 1961 1566">
     <span class='ocr_line' id='line_1_13' title="bbox 373 1495 1961 1566; baseline 0.001 -17"><span class='ocrx_word' id='word_1_79' title='bbox 373 1495 569 1549; x_wconf 85' lang='grc' dir='ltr'><em>νεσθαι</em></span> <span class='ocrx_word' id='word_1_80' title='bbox 624 1497 709 1558; x_wconf 86' lang='grc' dir='ltr'><strong>είς</strong></span> <span class='ocrx_word' id='word_1_81' title='bbox 734 1496 862 1558; x_wconf 83' lang='grc' dir='ltr'><em>τοὺς</em></span> <span class='ocrx_word' id='word_1_82' title='bbox 890 1497 1483 1564; x_wconf 75' lang='grc' dir='ltr'><em>ἁκρωτηριαζομένους</em></span> <span class='ocrx_word' id='word_1_83' title='bbox 1520 1499 1647 1560; x_wconf 78' lang='grc' dir='ltr'><em>τοὺς</em></span> <span class='ocrx_word' id='word_1_84' title='bbox 1684 1497 1961 1566; x_wconf 77' lang='grc' dir='ltr'><strong>διδύμους.</strong></span> 
     </span>
    </p>
   </div>
   <div class='ocr_carea' id='block_1_14' title="bbox 385 1583 1966 1657">
    <p class='ocr_par' dir='ltr' id='par_1_14' title="bbox 385 1583 1966 1657">
     <span class='ocr_line' id='line_1_14' title="bbox 385 1583 1966 1657; baseline 0.002 -18"><span class='ocrx_word' id='word_1_85' title='bbox 385 1587 726 1651; x_wconf 77' lang='grc' dir='ltr'><em>Ἀκολούθως</em></span> <span class='ocrx_word' id='word_1_86' title='bbox 757 1583 849 1640; x_wconf 76' lang='grc' dir='ltr'><em>οὖν</em></span> <span class='ocrx_word' id='word_1_87' title='bbox 876 1587 1094 1650; x_wconf 85' lang='grc' dir='ltr'><em>τούτοις</em></span> <span class='ocrx_word' id='word_1_88' title='bbox 1129 1588 1220 1640; x_wconf 74' lang='grc' dir='ltr'><em>καὶ</em></span> <span class='ocrx_word' id='word_1_89' title='bbox 1242 1589 1269 1640; x_wconf 89' lang='lat'><strong>6</strong></span> <span class='ocrx_word' id='word_1_90' title='bbox 1306 1587 1494 1657; x_wconf 82' lang='grc' dir='ltr'><em>παρὼν</em></span> <span class='ocrx_word' id='word_1_91' title='bbox 1531 1588 1714 1641; x_wconf 86' lang='grc' dir='ltr'><em>κανὼν</em></span> <span class='ocrx_word' id='word_1_92' title='bbox 1743 1589 1966 1642; x_wconf 80' lang='grc' dir='ltr'><em>διατάτ-</em></span> 
     </span>
    </p>
   </div>
   <div class='ocr_carea' id='block_1_15' title="bbox 370 1680 1962 1752">
    <p class='ocr_par' dir='ltr' id='par_1_15' title="bbox 370 1680 1962 1752">
     <span class='ocr_line' id='line_1_15' title="bbox 370 1680 1962 1752; baseline 0.001 -21"><span class='ocrx_word' id='word_1_93' title='bbox 370 1696 535 1732; x_wconf 83' lang='grc' dir='ltr'><em>τεται</em></span> <span class='ocrx_word' id='word_1_94' title='bbox 597 1680 737 1748; x_wconf 83' lang='grc' dir='ltr'><em>μήτε</em></span> <span class='ocrx_word' id='word_1_95' title='bbox 791 1680 916 1742; x_wconf 76' lang='grc' dir='ltr'><em>τοὺς</em></span> <span class='ocrx_word' id='word_1_96' title='bbox 965 1681 1191 1742; x_wconf 76' lang='grc' dir='ltr'><em>ἑαυτοὺς</em></span> <span class='ocrx_word' id='word_1_97' title='bbox 1237 1680 1492 1742; x_wconf 77' lang='grc' dir='ltr'><strong>ἐκδόντας</strong></span> <span class='ocrx_word' id='word_1_98' title='bbox 1527 1682 1606 1742; x_wconf 84' lang='grc' dir='ltr'><strong>είς</strong></span> <span class='ocrx_word' id='word_1_99' title='bbox 1648 1681 1886 1752; x_wconf 78' lang='grc' dir='ltr'><em>ἐκτομὴν</em></span> <span class='ocrx_word' id='word_1_100' title='bbox 1931 1683 1962 1752; x_wconf 82' lang='grc' dir='ltr'><strong>ἦ</strong></span> 
     </span>
    </p>
   </div>
   <div class='ocr_carea' id='block_1_16' title="bbox 369 1770 1963 1841">
    <p class='ocr_par' dir='ltr' id='par_1_16' title="bbox 369 1770 1963 1841">
     <span class='ocr_line' id='line_1_16' title="bbox 369 1770 1963 1841; baseline 0.001 -19"><span class='ocrx_word' id='word_1_101' title='bbox 369 1770 701 1840; x_wconf 72' lang='grc' dir='ltr'><strong>αὐτόχειρας</strong></span> <span class='ocrx_word' id='word_1_102' title='bbox 733 1771 1056 1839; x_wconf 76' lang='grc' dir='ltr'><em>γενομένους</em></span> <span class='ocrx_word' id='word_1_103' title='bbox 1087 1771 1440 1839; x_wconf 81' lang='grc' dir='ltr'><em>κληροῦσθαι,</em></span> <span class='ocrx_word' id='word_1_104' title='bbox 1475 1771 1506 1841; x_wconf 87' lang='grc' dir='ltr'>ἢ</span> <span class='ocrx_word' id='word_1_105' title='bbox 1545 1773 1622 1830; x_wconf 78' lang='grc' dir='ltr'><em>εἰς</em></span> <span class='ocrx_word' id='word_1_106' title='bbox 1661 1771 1963 1841; x_wconf 78' lang='grc' dir='ltr'><strong>ἱερωσύνην</strong></span> 
     </span>
    </p>
   </div>
   <div class='ocr_carea' id='block_1_17' title="bbox 372 1861 1966 1934">
    <p class='ocr_par' dir='ltr' id='par_1_17' title="bbox 372 1861 1966 1934">
     <span class='ocr_line' id='line_1_17' title="bbox 372 1861 1966 1934; baseline 0.004 -22"><span class='ocrx_word' id='word_1_107' title='bbox 372 1861 742 1929; x_wconf 66' lang='grc' dir='ltr'><em>προάγεσθαι,</em></span> <span class='ocrx_word' id='word_1_108' title='bbox 768 1862 903 1914; x_wconf 80' lang='grc' dir='ltr'><strong>ἀλλὰ</strong></span> <span class='ocrx_word' id='word_1_109' title='bbox 931 1862 1034 1914; x_wconf 77' lang='grc' dir='ltr'><em>κᾶν</em></span> <span class='ocrx_word' id='word_1_110' title='bbox 1066 1861 1417 1933; x_wconf 72' lang='grc' dir='ltr'><em>προέφθασαν</em></span> <span class='ocrx_word' id='word_1_111' title='bbox 1449 1865 1505 1916; x_wconf 84' lang='grc' dir='ltr'><em>ὲν</em></span> <span class='ocrx_word' id='word_1_112' title='bbox 1538 1864 1725 1933; x_wconf 74' lang='grc' dir='ltr'><em>κλήρῳ</em></span> <span class='ocrx_word' id='word_1_113' title='bbox 1765 1865 1966 1934; x_wconf 80' lang='grc' dir='ltr'><em>ταχθῆ-</em></span> 
     </span>
    </p>
   </div>
   <div class='ocr_carea' id='block_1_18' title="bbox 370 1955 1963 2026">
    <p class='ocr_par' dir='ltr' id='par_1_18' title="bbox 370 1955 1963 2026">
     <span class='ocr_line' id='line_1_18' title="bbox 370 1955 1963 2026; baseline 0.003 -20"><span class='ocrx_word' id='word_1_114' title='bbox 370 1972 488 2020; x_wconf 83' lang='grc' dir='ltr'><em>ναι,</em></span> <span class='ocrx_word' id='word_1_115' title='bbox 545 1955 934 2009; x_wconf 62' lang='grc' dir='ltr'><em>ἐκϐάλλεσθαι</em></span> <span class='ocrx_word' id='word_1_116' title='bbox 967 1955 1187 2018; x_wconf 81' lang='grc' dir='ltr'><em>τούτους</em></span> <span class='ocrx_word' id='word_1_117' title='bbox 1215 1972 1227 1984; x_wconf 87' lang='grc'>⁶</span> <span class='ocrx_word' id='word_1_118' title='bbox 1270 1959 1406 2025; x_wconf 77' lang='grc' dir='ltr'><em>μήτε</em></span> <span class='ocrx_word' id='word_1_119' title='bbox 1470 1958 1597 2020; x_wconf 80' lang='grc' dir='ltr'><em>τοὺς</em></span> <span class='ocrx_word' id='word_1_120' title='bbox 1635 1957 1727 2026; x_wconf 73' lang='grc' dir='ltr'><strong>ὑφ’</strong></span> <span class='ocrx_word' id='word_1_121' title='bbox 1758 1959 1963 2026; x_wconf 79' lang='grc' dir='ltr'><em>ἑτέρων</em></span> 
     </span>
    </p>
   </div>
   <div class='ocr_carea' id='block_1_19' title="bbox 369 2026 1966 2118">
    <p class='ocr_par' dir='ltr' id='par_1_19' title="bbox 369 2026 1966 2118">
     <span class='ocr_line' id='line_1_19' title="bbox 369 2026 1966 2118; baseline 0.001 -18"><span class='ocrx_word' id='word_1_122' title='bbox 369 2047 852 2116; x_wconf 75' lang='grc' dir='ltr'><em>ἑπηρεασθέντας,</em></span> <span class='ocrx_word' id='word_1_123' title='bbox 898 2049 1136 2101; x_wconf 76' lang='grc' dir='ltr'><em>καὶτῶν</em></span> <span class='ocrx_word' id='word_1_124' title='bbox 1203 2026 1539 2112; x_wconf 63' lang='grc' dir='ltr'><em>τέαιδογόνων</em></span> <span class='ocrx_word' id='word_1_125' title='bbox 1603 2050 1966 2118; x_wconf 67' lang='grc' dir='ltr'><em>στερηθέντας</em></span> 
     </span>
    </p>
   </div>
   <div class='ocr_carea' id='block_1_20' title="bbox 375 2139 1966 2210">
    <p class='ocr_par' dir='ltr' id='par_1_20' title="bbox 375 2139 1966 2210">
     <span class='ocr_line' id='line_1_20' title="bbox 375 2139 1966 2210; baseline 0.001 -18"><span class='ocrx_word' id='word_1_126' title='bbox 375 2139 585 2208; x_wconf 82' lang='grc' dir='ltr'><em>μορίων</em></span> <span class='ocrx_word' id='word_1_127' title='bbox 609 2177 624 2201; x_wconf 90' lang='grc'><strong>,</strong></span> <span class='ocrx_word' id='word_1_128' title='bbox 650 2139 746 2192; x_wconf 77' lang='grc' dir='ltr'><strong>ἐὰν</strong></span> <span class='ocrx_word' id='word_1_129' title='bbox 773 2140 914 2205; x_wconf 78' lang='grc' dir='ltr'><em>ἄξιοι</em></span> <span class='ocrx_word' id='word_1_130' title='bbox 947 2140 1259 2209; x_wconf 75' lang='grc' dir='ltr'><em>κρίνωνται,</em></span> <span class='ocrx_word' id='word_1_131' title='bbox 1293 2140 1602 2210; x_wconf 73' lang='grc' dir='ltr'><em>ἱερωσύνης</em></span> <span class='ocrx_word' id='word_1_132' title='bbox 1657 2140 1966 2194; x_wconf 79' lang='grc' dir='ltr'><em>κωλύεσθαι</em></span> 
     </span>
    </p>
   </div>
   <div class='ocr_carea' id='block_1_21' title="bbox 372 2231 1966 2303">
    <p class='ocr_par' dir='ltr' id='par_1_21' title="bbox 372 2231 1966 2303">
     <span class='ocr_line' id='line_1_21' title="bbox 372 2231 1966 2303; baseline 0 -18"><span class='ocrx_word' id='word_1_133' title='bbox 372 2233 466 2285; x_wconf 74' lang='grc' dir='ltr'><em>διὰ</em></span> <span class='ocrx_word' id='word_1_134' title='bbox 497 2231 676 2284; x_wconf 81' lang='grc' dir='ltr'><em>τοῦτο.</em></span> <span class='ocrx_word' id='word_1_135' title='bbox 707 2231 1009 2299; x_wconf 75' lang='grc' dir='ltr'><em>’Λνάγνωθι</em></span> <span class='ocrx_word' id='word_1_136' title='bbox 1044 2233 1138 2283; x_wconf 67' lang='grc' dir='ltr'><strong>κα)⁸</strong></span> <span class='ocrx_word' id='word_1_137' title='bbox 1191 2231 1282 2283; x_wconf 73' lang='grc' dir='ltr'><em>τὸν</em></span> <span class='ocrx_word' id='word_1_138' title='bbox 1316 2238 1368 2301; x_wconf 86' lang='grc' dir='ltr'><em>η’</em></span> <span class='ocrx_word' id='word_1_139' title='bbox 1427 2233 1625 2285; x_wconf 77' lang='grc' dir='ltr'><em>κανόνα</em></span> <span class='ocrx_word' id='word_1_140' title='bbox 1659 2234 1756 2302; x_wconf 85' lang='grc' dir='ltr'><em>τῆς</em></span> <span class='ocrx_word' id='word_1_141' title='bbox 1787 2235 1843 2286; x_wconf 78' lang='grc' dir='ltr'><em>ὲν</em></span> <span class='ocrx_word' id='word_1_142' title='bbox 1889 2233 1966 2303; x_wconf 84' lang='grc' dir='ltr'><em>τῷ</em></span> 
     </span>
    </p>
   </div>
   <div class='ocr_carea' id='block_1_22' title="bbox 372 2323 1967 2394">
    <p class='ocr_par' dir='ltr' id='par_1_22' title="bbox 372 2323 1967 2394">
     <span class='ocr_line' id='line_1_22' title="bbox 372 2323 1967 2394; baseline 0 -17"><span class='ocrx_word' id='word_1_143' title='bbox 372 2324 493 2394; x_wconf 82' lang='grc' dir='ltr'><em>ναῷ</em></span> <span class='ocrx_word' id='word_1_144' title='bbox 522 2325 632 2378; x_wconf 84' lang='grc' dir='ltr'><em>τῶν</em></span> <span class='ocrx_word' id='word_1_145' title='bbox 673 2323 873 2391; x_wconf 83' lang='grc' dir='ltr'><em>Ἀγίων</em></span> <span class='ocrx_word' id='word_1_146' title='bbox 922 2323 1267 2377; x_wconf 78' lang='grc' dir='ltr'><em>Ἀποστὸλων</em></span> <span class='ocrx_word' id='word_1_147' title='bbox 1299 2325 1578 2389; x_wconf 84' lang='grc' dir='ltr'><em>συστάσης</em></span> <span class='ocrx_word' id='word_1_148' title='bbox 1611 2326 1832 2378; x_wconf 75' lang='grc' dir='ltr'><em>συνόδου</em></span> <span class='ocrx_word' id='word_1_149' title='bbox 1867 2329 1967 2394; x_wconf 85' lang='grc' dir='ltr'><em>τῆς</em></span> 
     </span>
    </p>
   </div>
   <div class='ocr_carea' id='block_1_23' title="bbox 371 2415 1968 2486">
    <p class='ocr_par' dir='ltr' id='par_1_23' title="bbox 371 2415 1968 2486">
     <span class='ocr_line' id='line_1_23' title="bbox 371 2415 1968 2486; baseline 0.001 -18"><span class='ocrx_word' id='word_1_150' title='bbox 371 2417 681 2486; x_wconf 70' lang='grc' dir='ltr'><em>λεγομένης</em></span> <span class='ocrx_word' id='word_1_151' title='bbox 713 2415 938 2486; x_wconf 79' lang='grc' dir='ltr'><em>πρώτης</em></span> <span class='ocrx_word' id='word_1_152' title='bbox 967 2417 1062 2469; x_wconf 82' lang='grc' dir='ltr'><em>καὶ</em></span> <span class='ocrx_word' id='word_1_153' title='bbox 1091 2417 1365 2485; x_wconf 82' lang='grc' dir='ltr'><em>δευτέρας.</em></span> <span class='ocrx_word' id='word_1_154' title='bbox 1396 2417 1552 2470; x_wconf 77' lang='grc' dir='ltr'><em>Ἐπεὶ</em></span> <span class='ocrx_word' id='word_1_155' title='bbox 1572 2417 1650 2481; x_wconf 81' lang='grc' dir='ltr'><em>δὲ,</em></span> <span class='ocrx_word' id='word_1_156' title='bbox 1684 2420 1810 2480; x_wconf 80' lang='grc' dir='ltr'><em>τοὺς</em></span> <span class='ocrx_word' id='word_1_157' title='bbox 1833 2419 1968 2472; x_wconf 86' lang='grc' dir='ltr'><em>ἁπο-</em></span> 
     </span>
    </p>
   </div>
   <div class='ocr_carea' id='block_1_24' title="bbox 292 2507 1970 2578">
    <p class='ocr_par' dir='ltr' id='par_1_24' title="bbox 292 2507 1970 2578">
     <span class='ocr_line' id='line_1_24' title="bbox 292 2507 1970 2578; baseline 0 -17"><span class='ocrx_word' id='word_1_158' title='bbox 292 2512 301 2522; x_wconf 92' lang='grc'><strong>”</strong></span> <span class='ocrx_word' id='word_1_159' title='bbox 373 2508 664 2571; x_wconf 73' lang='grc' dir='ltr'><em>πωλικοὺς</em></span> <span class='ocrx_word' id='word_1_160' title='bbox 693 2509 930 2570; x_wconf 75' lang='grc' dir='ltr'><em>κανόνας</em></span> <span class='ocrx_word' id='word_1_161' title='bbox 974 2507 1396 2577; x_wconf 78' lang='grc' dir='ltr'><em>ἑρμηνεύοντες,</em></span> <span class='ocrx_word' id='word_1_162' title='bbox 1432 2509 1756 2578; x_wconf 71' lang='grc' dir='ltr'><em>ἐγράψαμεν</em></span> <span class='ocrx_word' id='word_1_163' title='bbox 1807 2509 1970 2561; x_wconf 88' lang='grc' dir='ltr'><em>κολά-</em></span> 
     </span>
    </p>
   </div>
   <div class='ocr_carea' id='block_1_25' title="bbox 370 2598 1960 2668">
    <p class='ocr_par' dir='ltr' id='par_1_25' title="bbox 370 2598 1960 2668">
     <span class='ocr_line' id='line_1_25' title="bbox 370 2598 1960 2668; baseline -0.001 -16"><span class='ocrx_word' id='word_1_164' title='bbox 370 2598 568 2663; x_wconf 75' lang='grc' dir='ltr'><em>ζεσθαι</em></span> <span class='ocrx_word' id='word_1_165' title='bbox 590 2599 685 2652; x_wconf 76' lang='grc' dir='ltr'><em>τὸν</em></span> <span class='ocrx_word' id='word_1_166' title='bbox 719 2599 857 2668; x_wconf 78' lang='grc' dir='ltr'><em>μετά</em></span> <span class='ocrx_word' id='word_1_167' title='bbox 890 2599 988 2668; x_wconf 81' lang='grc' dir='ltr'><em>τὴν</em></span> <span class='ocrx_word' id='word_1_168' title='bbox 1021 2599 1360 2668; x_wconf 73' lang='grc' dir='ltr'><em>χειροτονίαν</em></span> <span class='ocrx_word' id='word_1_169' title='bbox 1412 2599 1501 2652; x_wconf 72' lang='grc' dir='ltr'><em>διὰ</em></span> <span class='ocrx_word' id='word_1_170' title='bbox 1558 2600 1729 2662; x_wconf 72' lang='grc' dir='ltr'><em>πάθος</em></span> <span class='ocrx_word' id='word_1_171' title='bbox 1765 2600 1960 2652; x_wconf 78' lang='grc' dir='ltr'><em>ἑαυτὸν</em></span> 
     </span>
    </p>
   </div>
   <div class='ocr_carea' id='block_1_26' title="bbox 371 2690 1970 2762">
    <p class='ocr_par' dir='ltr' id='par_1_26' title="bbox 371 2690 1970 2762">
     <span class='ocr_line' id='line_1_26' title="bbox 371 2690 1970 2762; baseline -0.001 -16"><span class='ocrx_word' id='word_1_172' title='bbox 371 2693 916 2762; x_wconf 72' lang='grc' dir='ltr'><strong>ἀκρωτηριάσαντα⁹</strong></span> <span class='ocrx_word' id='word_1_173' title='bbox 949 2692 1057 2744; x_wconf 84' lang='grc' dir='ltr'><strong>ἀπὸ</strong></span> <span class='ocrx_word' id='word_1_174' title='bbox 1092 2691 1146 2743; x_wconf 83' lang='grc' dir='ltr'><em>δὲ</em></span> <span class='ocrx_word' id='word_1_175' title='bbox 1190 2690 1284 2744; x_wconf 81' lang='grc' dir='ltr'><em>τοῦ</em></span> <span class='ocrx_word' id='word_1_176' title='bbox 1323 2693 1590 2761; x_wconf 78' lang='grc' dir='ltr'><em>παρόντος</em></span> <span class='ocrx_word' id='word_1_177' title='bbox 1622 2692 1851 2755; x_wconf 85' lang='grc' dir='ltr'><em>κανόνος</em></span> <span class='ocrx_word' id='word_1_178' title='bbox 1878 2691 1970 2744; x_wconf 81' lang='grc' dir='ltr'><em>λέ·-</em></span> 
     </span>
    </p>
   </div>
   <div class='ocr_carea' id='block_1_27' title="bbox 373 2783 1968 2857">
    <p class='ocr_par' dir='ltr' id='par_1_27' title="bbox 373 2783 1968 2857">
     <span class='ocr_line' id='line_1_27' title="bbox 373 2783 1968 2857; baseline -0.001 -18"><span class='ocrx_word' id='word_1_179' title='bbox 373 2803 597 2852; x_wconf 75' lang='grc' dir='ltr'><em>γοντος,</em></span> <span class='ocrx_word' id='word_1_180' title='bbox 632 2785 698 2837; x_wconf 80' lang='grc' dir='ltr'><strong>Εἴ</strong></span> <span class='ocrx_word' id='word_1_181' title='bbox 731 2802 815 2849; x_wconf 87' lang='grc' dir='ltr'><strong>τις</strong></span> <span class='ocrx_word' id='word_1_182' title='bbox 861 2786 919 2836; x_wconf 81' lang='grc' dir='ltr'><em>ὲν</em></span> <span class='ocrx_word' id='word_1_183' title='bbox 967 2785 1107 2853; x_wconf 75' lang='grc' dir='ltr'><em>νόσῳ</em></span> <span class='ocrx_word' id='word_1_184' title='bbox 1143 2783 1248 2836; x_wconf 81' lang='grc' dir='ltr'><strong>ὑπὸ</strong></span> <span class='ocrx_word' id='word_1_185' title='bbox 1310 2783 1508 2852; x_wconf 81' lang='grc' dir='ltr'><em>ἰατρῶν</em></span> <span class='ocrx_word' id='word_1_186' title='bbox 1545 2784 1968 2857; x_wconf 75' lang='grc' dir='ltr'><em>ἐχειρουργήθη,</em></span> 
     </span>
    </p>
   </div>
   <div class='ocr_carea' id='block_1_28' title="bbox 375 2869 1968 2947">
    <p class='ocr_par' dir='ltr' id='par_1_28' title="bbox 375 2869 1968 2947">
     <span class='ocr_line' id='line_1_28' title="bbox 406 2869 1967 2908; baseline -0.009 7"><span class='ocrx_word' id='word_1_187' title='bbox 406 2872 434 2896; x_wconf 65' lang='grc'>⁷</span> <span class='ocrx_word' id='word_1_188' title='bbox 513 2895 538 2908; x_wconf 69' lang='grc' dir='ltr'><strong><em>ρ</em></strong></span> <span class='ocrx_word' id='word_1_189' title='bbox 839 2877 851 2890; x_wconf 77' lang='grc'>⁸</span> <span class='ocrx_word' id='word_1_190' title='bbox 964 2876 990 2887; x_wconf 82' lang='grc'><strong>¹’</strong></span> <span class='ocrx_word' id='word_1_191' title='bbox 1128 2877 1138 2892; x_wconf 84' lang='grc'><strong>’</strong></span> <span class='ocrx_word' id='word_1_192' title='bbox 1259 2892 1273 2906; x_wconf 76' lang='grc' dir='ltr'><strong>σ</strong></span> <span class='ocrx_word' id='word_1_193' title='bbox 1493 2869 1518 2906; x_wconf 66' lang='grc'><em>7</em></span> <span class='ocrx_word' id='word_1_194' title='bbox 1732 2879 1743 2892; x_wconf 73' lang='grc'><em>⁸</em></span> <span class='ocrx_word' id='word_1_195' title='bbox 1835 2879 1850 2905; x_wconf 81' lang='lat'><strong>.&#39;</strong></span> <span class='ocrx_word' id='word_1_196' title='bbox 1945 2895 1967 2908; x_wconf 74' lang='grc'><em>,</em></span> 
     </span>
     <span class='ocr_line' id='line_1_29' title="bbox 375 2874 1968 2947; baseline -0.006 -16"><span class='ocrx_word' id='word_1_197' title='bbox 375 2895 536 2940; x_wconf 65' lang='lat' dir='ltr'><strong>auro,</strong></span> <span class='ocrx_word' id='word_1_198' title='bbox 571 2876 783 2947; x_wconf 84' lang='grc' dir='ltr'><em>μενέτω</em></span> <span class='ocrx_word' id='word_1_199' title='bbox 836 2891 893 2930; x_wconf 86' lang='grc' dir='ltr'><strong>εν</strong></span> <span class='ocrx_word' id='word_1_200' title='bbox 923 2894 1001 2944; x_wconf 85' lang='grc' dir='ltr'><em>τῳ</em></span> <span class='ocrx_word' id='word_1_201' title='bbox 1046 2875 1236 2946; x_wconf 84' lang='grc' dir='ltr'><em>κληρῳ</em></span> <span class='ocrx_word' id='word_1_202' title='bbox 1311 2875 1408 2927; x_wconf 76' lang='grc' dir='ltr'><em>καὶ</em></span> <span class='ocrx_word' id='word_1_203' title='bbox 1453 2874 1632 2940; x_wconf 65' lang='grc' dir='ltr'><em>ασθις,</em></span> <span class='ocrx_word' id='word_1_204' title='bbox 1683 2877 1745 2929; x_wconf 87' lang='grc' dir='ltr'><em>Ει</em></span> <span class='ocrx_word' id='word_1_205' title='bbox 1797 2878 1852 2936; x_wconf 58' lang='grc' dir='ltr'><em>ἃ.</em></span> <span class='ocrx_word' id='word_1_206' title='bbox 1884 2895 1968 2942; x_wconf 56' lang='grc' dir='ltr'><em>τι,</em></span> 
     </span>
    </p>
   </div>
   <div class='ocr_carea' id='block_1_29' title="bbox 377 2967 1968 3041">
    <p class='ocr_par' dir='ltr' id='par_1_29' title="bbox 377 2967 1968 3041">
     <span class='ocr_line' id='line_1_30' title="bbox 377 2967 1968 3041; baseline 0 -19"><span class='ocrx_word' id='word_1_207' title='bbox 377 2970 650 3036; x_wconf 72' lang='grc' dir='ltr'><em>ὑγιαίνων</em></span> <span class='ocrx_word' id='word_1_208' title='bbox 685 2967 881 3021; x_wconf 73' lang='grc' dir='ltr'><em>ἑαυτὸν</em></span> <span class='ocrx_word' id='word_1_209' title='bbox 932 2967 1177 3036; x_wconf 74' lang='grc' dir='ltr'><em>ἐξέτεμε,</em></span> <span class='ocrx_word' id='word_1_210' title='bbox 1234 2970 1424 3023; x_wconf 77' lang='grc' dir='ltr'><em>τοῦτον</em></span> <span class='ocrx_word' id='word_1_211' title='bbox 1452 2969 1544 3023; x_wconf 74' lang='grc' dir='ltr'><em>καὶ</em></span> <span class='ocrx_word' id='word_1_212' title='bbox 1579 2971 1635 3020; x_wconf 85' lang='grc' dir='ltr'><em>ἐν</em></span> <span class='ocrx_word' id='word_1_213' title='bbox 1664 2970 1743 3040; x_wconf 82' lang='grc' dir='ltr'><em>τῷ</em></span> <span class='ocrx_word' id='word_1_214' title='bbox 1780 2971 1968 3041; x_wconf 80' lang='grc' dir='ltr'><em>κλήρῳ</em></span> 
     </span>
    </p>
   </div>
   <div class='ocr_carea' id='block_1_30' title="bbox 1515 291 2493 364">
    <p class='ocr_par' dir='ltr' id='par_1_30' title="bbox 1515 291 2493 364">
     <span class='ocr_line' id='line_1_31' title="bbox 1515 291 2493 364; baseline 0.016 -16"><span class='ocrx_word' id='word_1_215' title='bbox 1515 291 1597 351; x_wconf 77' lang='grc' dir='ltr'><strong>ῘΝ</strong></span> <span class='ocrx_word' id='word_1_216' title='bbox 1628 291 1790 352; x_wconf 67' lang='lat' dir='ltr'><strong>CAN.</strong></span> <span class='ocrx_word' id='word_1_217' title='bbox 1834 291 2098 355; x_wconf 80' lang='lat' dir='ltr'><strong>lCONC.</strong></span> <span class='ocrx_word' id='word_1_218' title='bbox 2136 296 2411 364; x_wconf 71' lang='lat' dir='ltr'><strong>NICEN.</strong></span> <span class='ocrx_word' id='word_1_219' title='bbox 2441 303 2493 364; x_wconf 93' lang='grc' dir='ltr'><em>Ι.</em></span> 
     </span>
    </p>
   </div>
   <div class='ocr_carea' id='block_1_31' title="bbox 451 394 2048 468">
    <p class='ocr_par' dir='ltr' id='par_1_31' title="bbox 451 394 2048 468">
     <span class='ocr_line' id='line_1_32' title="bbox 451 394 2048 468; baseline 0.004 -22"><span class='ocrx_word' id='word_1_220' title='bbox 451 395 683 460; x_wconf 69' lang='grc' dir='ltr'><em>κλήρῳ.</em></span> <span class='ocrx_word' id='word_1_221' title='bbox 727 395 802 446; x_wconf 81' lang='lat' dir='ltr'><strong>Ei.</strong></span> <span class='ocrx_word' id='word_1_222' title='bbox 831 394 901 447; x_wconf 79' lang='grc' dir='ltr'><strong>δέ</strong></span> <span class='ocrx_word' id='word_1_223' title='bbox 960 412 1048 460; x_wconf 83' lang='grc' dir='ltr'><strong>τις</strong></span> <span class='ocrx_word' id='word_1_224' title='bbox 1103 397 1392 464; x_wconf 79' lang='grc' dir='ltr'><em>ὑγιαίνων</em></span> <span class='ocrx_word' id='word_1_225' title='bbox 1430 397 1650 452; x_wconf 80' lang='grc' dir='ltr'><em>ἑαυτὸν</em></span> <span class='ocrx_word' id='word_1_226' title='bbox 1701 399 1963 468; x_wconf 82' lang='grc' dir='ltr'><em>ἐξέτεμε,</em></span> <span class='ocrx_word' id='word_1_227' title='bbox 1993 399 2048 461; x_wconf 82' lang='grc' dir='ltr'><strong>Α</strong></span> 
     </span>
    </p>
   </div>
   <div class='ocr_carea' id='block_1_32' title="bbox 1897 1199 2014 1292">
    <p class='ocr_par' dir='ltr' id='par_1_32' title="bbox 1897 1199 2014 1292">
     <span class='ocr_line' id='line_1_33' title="bbox 1897 1199 2014 1292; baseline 0 -22"><span class='ocrx_word' id='word_1_228' title='bbox 1897 1199 2014 1292; x_wconf 73' lang='grc' dir='ltr'><strong>..ι</strong></span> 
     </span>
    </p>
   </div>
   <div class='ocr_carea' id='block_1_33' title="bbox 3539 313 3648 376">
    <p class='ocr_par' dir='ltr' id='par_1_33' title="bbox 3539 313 3648 376">
     <span class='ocr_line' id='line_1_34' title="bbox 3539 313 3648 376; baseline 0.018 -2"><span class='ocrx_word' id='word_1_229' title='bbox 3539 313 3648 376; x_wconf 73' lang='lat'><strong>222</strong></span> 
     </span>
    </p>
   </div>
   <div class='ocr_carea' id='block_1_34' title="bbox 2138 413 3648 485">
    <p class='ocr_par' dir='ltr' id='par_1_34' title="bbox 2138 413 3648 485">
     <span class='ocr_line' id='line_1_35' title="bbox 2138 413 3648 485; baseline 0.009 -24"><span class='ocrx_word' id='word_1_230' title='bbox 2138 419 2270 462; x_wconf 75' lang='lat' dir='ltr'><strong>esset</strong></span> <span class='ocrx_word' id='word_1_231' title='bbox 2300 428 2488 478; x_wconf 74' lang='lat' dir='ltr'><strong>sanus,</strong></span> <span class='ocrx_word' id='word_1_232' title='bbox 2513 413 2740 481; x_wconf 74' lang='lat' dir='ltr'><strong>seipsum</strong></span> <span class='ocrx_word' id='word_1_233' title='bbox 2763 417 3016 482; x_wconf 76' lang='lat' dir='ltr'><strong>exseruit,</strong></span> <span class='ocrx_word' id='word_1_234' title='bbox 3050 432 3180 485; x_wconf 28' lang='lat' dir='ltr'><strong>eum,</strong></span> <span class='ocrx_word' id='word_1_235' title='bbox 3207 419 3364 471; x_wconf 58' lang='lat' dir='ltr'><strong>etiam</strong></span> <span class='ocrx_word' id='word_1_236' title='bbox 3417 421 3468 473; x_wconf 85' lang='lat' dir='ltr'><strong>in</strong></span> <span class='ocrx_word' id='word_1_237' title='bbox 3511 421 3648 475; x_wconf 78' lang='lat' dir='ltr'><strong>clero</strong></span> 
     </span>
    </p>
   </div>
   <div class='ocr_carea' id='block_1_35' title="bbox 2140 504 3645 574">
    <p class='ocr_par' dir='ltr' id='par_1_35' title="bbox 2140 504 3645 574">
     <span class='ocr_line' id='line_1_36' title="bbox 2140 504 3645 574; baseline 0.01 -23"><span class='ocrx_word' id='word_1_238' title='bbox 2140 504 2454 558; x_wconf 82' lang='lat' dir='ltr'><strong>recemitum</strong></span> <span class='ocrx_word' id='word_1_239' title='bbox 2504 523 2708 560; x_wconf 80' lang='lat' dir='ltr'><strong>cessare</strong></span> <span class='ocrx_word' id='word_1_240' title='bbox 2760 510 3022 570; x_wconf 73' lang='lat' dir='ltr'><strong>convenit,</strong></span> <span class='ocrx_word' id='word_1_241' title='bbox 3063 519 3110 562; x_wconf 81' lang='lat' dir='ltr'><strong>et</strong></span> <span class='ocrx_word' id='word_1_242' title='bbox 3151 511 3388 574; x_wconf 78' lang='lat' dir='ltr'><strong>deinceps</strong></span> <span class='ocrx_word' id='word_1_243' title='bbox 3444 513 3645 566; x_wconf 78' lang='lat' dir='ltr'><strong>nullout</strong></span> 
     </span>
    </p>
   </div>
   <div class='ocr_carea' id='block_1_36' title="bbox 2139 590 3642 666">
    <p class='ocr_par' dir='ltr' id='par_1_36' title="bbox 2139 590 3642 666">
     <span class='ocr_line' id='line_1_37' title="bbox 2139 590 3642 666; baseline 0.009 -22"><span class='ocrx_word' id='word_1_244' title='bbox 2139 590 2296 646; x_wconf 78' lang='lat' dir='ltr'><strong>talem</strong></span> <span class='ocrx_word' id='word_1_245' title='bbox 2338 605 2539 664; x_wconf 82' lang='lat' dir='ltr'><strong>oportet</strong></span> <span class='ocrx_word' id='word_1_246' title='bbox 2592 602 2903 666; x_wconf 77' lang='lat' dir='ltr'><strong>promoveri.</strong></span> <span class='ocrx_word' id='word_1_247' title='bbox 2961 601 3412 663; x_wconf 80' lang='lat' dir='ltr'><strong>Quemadmodum</strong></span> <span class='ocrx_word' id='word_1_248' title='bbox 3467 615 3642 656; x_wconf 82' lang='lat' dir='ltr'><strong>autem</strong></span> 
     </span>
    </p>
   </div>
   <div class='ocr_carea' id='block_1_37' title="bbox 2140 685 3648 763">
    <p class='ocr_par' dir='ltr' id='par_1_37' title="bbox 2140 685 3648 763">
     <span class='ocr_line' id='line_1_38' title="bbox 2140 685 3648 763; baseline 0.009 -27"><span class='ocrx_word' id='word_1_249' title='bbox 2140 685 2237 740; x_wconf 83' lang='lat' dir='ltr'><strong>hoc</strong></span> <span class='ocrx_word' id='word_1_250' title='bbox 2269 690 2604 758; x_wconf 75' lang='lat' dir='ltr'><strong>manifestum</strong></span> <span class='ocrx_word' id='word_1_251' title='bbox 2635 700 2732 753; x_wconf 73' lang='lat' dir='ltr'><strong>est,</strong></span> <span class='ocrx_word' id='word_1_252' title='bbox 2761 690 2898 760; x_wconf 79' lang='lat' dir='ltr'><strong>quod</strong></span> <span class='ocrx_word' id='word_1_253' title='bbox 2942 695 3004 744; x_wconf 87' lang='lat' dir='ltr'><strong>de</strong></span> <span class='ocrx_word' id='word_1_254' title='bbox 3037 695 3103 746; x_wconf 81' lang='lat' dir='ltr'><strong>iis</strong></span> <span class='ocrx_word' id='word_1_255' title='bbox 3135 711 3222 763; x_wconf 74' lang='lat' dir='ltr'><strong>qui</strong></span> <span class='ocrx_word' id='word_1_256' title='bbox 3276 696 3338 746; x_wconf 77' lang='lat' dir='ltr'><strong>(Ie</strong></span> <span class='ocrx_word' id='word_1_257' title='bbox 3381 697 3648 750; x_wconf 77' lang='lat' dir='ltr'><strong>industria</strong></span> 
     </span>
    </p>
   </div>
   <div class='ocr_carea' id='block_1_38' title="bbox 2138 777 3650 848">
    <p class='ocr_par' dir='ltr' id='par_1_38' title="bbox 2138 777 3650 848">
     <span class='ocr_line' id='line_1_39' title="bbox 2138 777 3650 848; baseline 0.007 -18"><span class='ocrx_word' id='word_1_258' title='bbox 2138 777 2234 830; x_wconf 80' lang='lat' dir='ltr'><strong>hoc</strong></span> <span class='ocrx_word' id='word_1_259' title='bbox 2264 789 2443 846; x_wconf 79' lang='lat' dir='ltr'><strong>agunt,</strong></span> <span class='ocrx_word' id='word_1_260' title='bbox 2494 790 2545 832; x_wconf 83' lang='lat' dir='ltr'><strong>et</strong></span> <span class='ocrx_word' id='word_1_261' title='bbox 2595 783 2791 847; x_wconf 74' lang='lat' dir='ltr'><strong>seipsos</strong></span> <span class='ocrx_word' id='word_1_262' title='bbox 2847 782 3398 848; x_wconf 79' lang='lat' dir='ltr'><strong>audentea‘scindere,</strong></span> <span class='ocrx_word' id='word_1_263' title='bbox 3449 786 3650 840; x_wconf 82' lang='lat' dir='ltr'><strong>dictum</strong></span> 
     </span>
    </p>
   </div>
   <div class='ocr_carea' id='block_1_39' title="bbox 2139 870 3644 941">
    <p class='ocr_par' dir='ltr' id='par_1_39' title="bbox 2139 870 3644 941">
     <span class='ocr_line' id='line_1_40' title="bbox 2139 870 3644 941; baseline 0.006 -19"><span class='ocrx_word' id='word_1_264' title='bbox 2139 880 2214 922; x_wconf 78' lang='lat' dir='ltr'><strong>est</strong></span> <span class='ocrx_word' id='word_1_265' title='bbox 2243 886 2262 921; x_wconf 92' lang='lat'><strong><em>:</em></strong></span> <span class='ocrx_word' id='word_1_266' title='bbox 2290 870 2366 923; x_wconf 79' lang='lat' dir='ltr'><strong>ita</strong></span> <span class='ocrx_word' id='word_1_267' title='bbox 2397 873 2441 924; x_wconf 72' lang='lat' dir='ltr'><strong>si</strong></span> <span class='ocrx_word' id='word_1_268' title='bbox 2467 871 2631 941; x_wconf 79' lang='lat' dir='ltr'><strong>aliqui</strong></span> <span class='ocrx_word' id='word_1_269' title='bbox 2661 890 2692 926; x_wconf 79' lang='grc' dir='ltr'><strong>α</strong></span> <span class='ocrx_word' id='word_1_270' title='bbox 2727 874 2983 927; x_wconf 71' lang='lat' dir='ltr'><strong>Barbari:</strong></span> <span class='ocrx_word' id='word_1_271' title='bbox 3029 875 3106 927; x_wconf 78' lang='lat' dir='ltr'><strong>vel</strong></span> <span class='ocrx_word' id='word_1_272' title='bbox 3145 877 3374 928; x_wconf 81' lang='lat' dir='ltr'><strong>dominis</strong></span> <span class='ocrx_word' id='word_1_273' title='bbox 3419 879 3644 931; x_wconf 76' lang='lat' dir='ltr'><strong>cas.&#39;rali</strong></span> 
     </span>
    </p>
   </div>
   <div class='ocr_carea' id='block_1_40' title="bbox 2139 963 3634 1035">
    <p class='ocr_par' dir='ltr' id='par_1_40' title="bbox 2139 963 3634 1035">
     <span class='ocr_line' id='line_1_41' title="bbox 2139 963 3634 1035; baseline 0.005 -21"><span class='ocrx_word' id='word_1_274' title='bbox 2139 964 2264 1026; x_wconf 73' lang='lat' dir='ltr'><strong>sint,</strong></span> <span class='ocrx_word' id='word_1_275' title='bbox 2291 963 2624 1016; x_wconf 77' lang='lat' dir='ltr'><strong>inveniuntur</strong></span> <span class='ocrx_word' id='word_1_276' title='bbox 2644 976 2816 1018; x_wconf 85' lang='lat' dir='ltr'><strong>autem</strong></span> <span class='ocrx_word' id='word_1_277' title='bbox 2847 977 2892 1019; x_wconf 85' lang='lat' dir='ltr'><strong>et</strong></span> <span class='ocrx_word' id='word_1_278' title='bbox 2924 966 2963 1018; x_wconf 85' lang='lat' dir='ltr'><strong>ii</strong></span> <span class='ocrx_word' id='word_1_279' title='bbox 2988 965 3190 1035; x_wconf 80' lang='lat' dir='ltr'><strong>alioqui</strong></span> <span class='ocrx_word' id='word_1_280' title='bbox 3214 969 3385 1035; x_wconf 82' lang='lat' dir='ltr'><strong>digni,</strong></span> <span class='ocrx_word' id='word_1_281' title='bbox 3416 968 3544 1021; x_wconf 72' lang='lat' dir='ltr'><strong>tales</strong></span> <span class='ocrx_word' id='word_1_282' title='bbox 3579 970 3634 1031; x_wconf 73' lang='lat' dir='ltr'><strong>in</strong></span> 
     </span>
    </p>
   </div>
   <div class='ocr_carea' id='block_1_41' title="bbox 2143 1052 2812 1110">
    <p class='ocr_par' dir='ltr' id='par_1_41' title="bbox 2143 1052 2812 1110">
     <span class='ocr_line' id='line_1_42' title="bbox 2143 1052 2812 1110; baseline 0.009 -6"><span class='ocrx_word' id='word_1_283' title='bbox 2143 1052 2337 1104; x_wconf 85' lang='lat' dir='ltr'><strong>clerum</strong></span> <span class='ocrx_word' id='word_1_284' title='bbox 2368 1053 2595 1108; x_wconf 80' lang='lat' dir='ltr'><strong>admittit</strong></span> <span class='ocrx_word' id='word_1_285' title='bbox 2626 1072 2812 1110; x_wconf 80' lang='lat' dir='ltr'><strong>canon.</strong></span> 
     </span>
    </p>
   </div>
   <div class='ocr_carea' id='block_1_42' title="bbox 2140 1319 3645 1394">
    <p class='ocr_par' dir='ltr' id='par_1_42' title="bbox 2140 1319 3645 1394">
     <span class='ocr_line' id='line_1_43' title="bbox 2140 1319 3645 1394; baseline 0.008 -23"><span class='ocrx_word' id='word_1_286' title='bbox 2140 1319 2336 1376; x_wconf 78' lang='lat' dir='ltr'><strong>BALS.</strong></span> <span class='ocrx_word' id='word_1_287' title='bbox 2370 1323 2547 1377; x_wconf 84' lang='lat' dir='ltr'><strong>Divini</strong></span> <span class='ocrx_word' id='word_1_288' title='bbox 2573 1338 2808 1379; x_wconf 85' lang='lat' dir='ltr'><strong>canones</strong></span> <span class='ocrx_word' id='word_1_289' title='bbox 2840 1326 3119 1394; x_wconf 77' lang='lat' dir='ltr'><strong>apostolici</strong></span> <span class='ocrx_word' id='word_1_290' title='bbox 3153 1327 3249 1391; x_wconf 73' lang='lat' dir='ltr'><strong>2t,</strong></span> <span class='ocrx_word' id='word_1_291' title='bbox 3279 1327 3372 1390; x_wconf 62' lang='lat'><strong>2&#39;2,</strong></span> <span class='ocrx_word' id='word_1_292' title='bbox 3402 1327 3472 1382; x_wconf 73' lang='lat'><strong>23</strong></span> <span class='ocrx_word' id='word_1_293' title='bbox 3497 1337 3546 1382; x_wconf 88' lang='lat' dir='ltr'><strong>et</strong></span> <span class='ocrx_word' id='word_1_294' title='bbox 3574 1330 3645 1384; x_wconf 65' lang='grc'><strong>2-4</strong></span> 
     </span>
    </p>
   </div>
   <div class='ocr_carea' id='block_1_43' title="bbox 2068 1413 3646 1490">
    <p class='ocr_par' dir='ltr' id='par_1_43' title="bbox 2068 1413 3646 1490">
     <span class='ocr_line' id='line_1_44' title="bbox 2068 1413 3646 1490; baseline 0.005 -24"><span class='ocrx_word' id='word_1_295' title='bbox 2068 1413 2200 1467; x_wconf 80' lang='lat' dir='ltr'><strong>satis</strong></span> <span class='ocrx_word' id='word_1_296' title='bbox 2232 1429 2328 1468; x_wconf 90' lang='lat' dir='ltr'><strong>nos</strong></span> <span class='ocrx_word' id='word_1_297' title='bbox 2363 1414 2680 1479; x_wconf 88' lang='lat' dir='ltr'><strong>docuerunt,</strong></span> <span class='ocrx_word' id='word_1_298' title='bbox 2729 1417 2854 1484; x_wconf 91' lang='lat' dir='ltr'><strong>quid</strong></span> <span class='ocrx_word' id='word_1_299' title='bbox 2914 1417 3028 1471; x_wconf 85' lang='lat' dir='ltr'><strong>ﬁeri</strong></span> <span class='ocrx_word' id='word_1_300' title='bbox 3081 1417 3277 1474; x_wconf 86' lang='lat' dir='ltr'><strong>debeat</strong></span> <span class='ocrx_word' id='word_1_301' title='bbox 3312 1418 3364 1472; x_wconf 92' lang='lat' dir='ltr'><strong>in</strong></span> <span class='ocrx_word' id='word_1_302' title='bbox 3410 1435 3506 1474; x_wconf 87' lang='lat' dir='ltr'><strong>eos</strong></span> <span class='ocrx_word' id='word_1_303' title='bbox 3555 1423 3646 1490; x_wconf 92' lang='lat' dir='ltr'><strong>qui</strong></span> 
     </span>
    </p>
   </div>
   <div class='ocr_carea' id='block_1_44' title="bbox 2069 1507 3649 1579">
    <p class='ocr_par' dir='ltr' id='par_1_44' title="bbox 2069 1507 3649 1579">
     <span class='ocr_line' id='line_1_45' title="bbox 2069 1507 3649 1579; baseline 0.004 -21"><span class='ocrx_word' id='word_1_304' title='bbox 2069 1507 2276 1575; x_wconf 89' lang='lat' dir='ltr'><strong>seipsos</strong></span> <span class='ocrx_word' id='word_1_305' title='bbox 2330 1515 2695 1563; x_wconf 88' lang='lat' dir='ltr'><strong>castraruut:</strong></span> <span class='ocrx_word' id='word_1_306' title='bbox 2746 1508 3157 1577; x_wconf 87' lang='lat' dir='ltr'><strong>Consequenter</strong></span> <span class='ocrx_word' id='word_1_307' title='bbox 3211 1513 3374 1579; x_wconf 76' lang='lat' dir='ltr'><strong>igitur</strong></span> <span class='ocrx_word' id='word_1_308' title='bbox 3434 1512 3552 1566; x_wconf 82' lang='lat' dir='ltr'><strong>istis</strong></span> <span class='ocrx_word' id='word_1_309' title='bbox 3593 1522 3649 1566; x_wconf 91' lang='lat' dir='ltr'><strong>et</strong></span> 
     </span>
    </p>
   </div>
   <div class='ocr_carea' id='block_1_45' title="bbox 2068 1596 3640 1670">
    <p class='ocr_par' dir='ltr' id='par_1_45' title="bbox 2068 1596 3640 1670">
     <span class='ocr_line' id='line_1_46' title="bbox 2068 1596 3640 1670; baseline 0.003 -21"><span class='ocrx_word' id='word_1_310' title='bbox 2068 1596 2156 1649; x_wconf 91' lang='lat' dir='ltr'><strong>bic</strong></span> <span class='ocrx_word' id='word_1_311' title='bbox 2191 1613 2428 1667; x_wconf 78' lang='lat' dir='ltr'><strong>praesens</strong></span> <span class='ocrx_word' id='word_1_312' title='bbox 2461 1614 2632 1653; x_wconf 90' lang='lat' dir='ltr'><strong>canon</strong></span> <span class='ocrx_word' id='word_1_313' title='bbox 2666 1600 2930 1664; x_wconf 89' lang='lat' dir='ltr'><strong>decernit,</strong></span> <span class='ocrx_word' id='word_1_314' title='bbox 2961 1615 3054 1654; x_wconf 92' lang='lat' dir='ltr'><strong>eos</strong></span> <span class='ocrx_word' id='word_1_315' title='bbox 3105 1602 3194 1670; x_wconf 90' lang='lat' dir='ltr'><strong>qui</strong></span> <span class='ocrx_word' id='word_1_316' title='bbox 3221 1603 3430 1666; x_wconf 85' lang='lat' dir='ltr'><strong>seipsos</strong></span> <span class='ocrx_word' id='word_1_317' title='bbox 3475 1616 3640 1656; x_wconf 78' lang='lat' dir='ltr'><strong>exsc-</strong></span> 
     </span>
    </p>
   </div>
   <div class='ocr_carea' id='block_1_46' title="bbox 2067 1691 3650 1759">
    <p class='ocr_par' dir='ltr' id='par_1_46' title="bbox 2067 1691 3650 1759">
     <span class='ocr_line' id='line_1_47' title="bbox 2067 1691 3650 1759; baseline 0.002 -15"><span class='ocrx_word' id='word_1_318' title='bbox 2067 1691 2271 1746; x_wconf 89' lang='lat' dir='ltr'><strong>candos</strong></span> <span class='ocrx_word' id='word_1_319' title='bbox 2305 1691 2661 1754; x_wconf 86' lang='lat' dir='ltr'><strong>tradiderunt,</strong></span> <span class='ocrx_word' id='word_1_320' title='bbox 2698 1691 2782 1744; x_wconf 90' lang='lat' dir='ltr'><strong>vel</strong></span> <span class='ocrx_word' id='word_1_321' title='bbox 2815 1691 2914 1759; x_wconf 86' lang='lat' dir='ltr'><strong>ipsi</strong></span> <span class='ocrx_word' id='word_1_322' title='bbox 2963 1693 3075 1747; x_wconf 83' lang='lat' dir='ltr'><strong>suis</strong></span> <span class='ocrx_word' id='word_1_323' title='bbox 3119 1694 3221 1747; x_wconf 85' lang='lat' dir='ltr'><strong>sibi</strong></span> <span class='ocrx_word' id='word_1_324' title='bbox 3272 1695 3522 1748; x_wconf 87' lang='lat' dir='ltr'><strong>manibus</strong></span> <span class='ocrx_word' id='word_1_325' title='bbox 3569 1693 3650 1747; x_wconf 88' lang='lat' dir='ltr'><strong>vi-</strong></span> 
     </span>
    </p>
   </div>
   <div class='ocr_carea' id='block_1_47' title="bbox 2069 1782 3646 1850">
    <p class='ocr_par' dir='ltr' id='par_1_47' title="bbox 2069 1782 3646 1850">
     <span class='ocr_line' id='line_1_48' title="bbox 2069 1782 3646 1850; baseline 0.001 -16"><span class='ocrx_word' id='word_1_326' title='bbox 2069 1782 2183 1835; x_wconf 89' lang='lat' dir='ltr'><strong>rilia</strong></span> <span class='ocrx_word' id='word_1_327' title='bbox 2219 1791 2652 1849; x_wconf 86' lang='lat' dir='ltr'><strong>amputaverunt,</strong></span> <span class='ocrx_word' id='word_1_328' title='bbox 2688 1783 2739 1835; x_wconf 91' lang='lat' dir='ltr'><strong>in</strong></span> <span class='ocrx_word' id='word_1_329' title='bbox 2775 1782 2978 1837; x_wconf 91' lang='lat' dir='ltr'><strong>clerum</strong></span> <span class='ocrx_word' id='word_1_330' title='bbox 3012 1799 3116 1837; x_wconf 92' lang='lat' dir='ltr'><strong>non</strong></span> <span class='ocrx_word' id='word_1_331' title='bbox 3146 1785 3410 1850; x_wconf 89' lang='lat' dir='ltr'><strong>cooptari,</strong></span> <span class='ocrx_word' id='word_1_332' title='bbox 3448 1799 3546 1837; x_wconf 83' lang='lat' dir='ltr'><strong>nec</strong></span> <span class='ocrx_word' id='word_1_333' title='bbox 3581 1785 3646 1836; x_wconf 81' lang='lat' dir='ltr'><strong>a-l</strong></span> 
     </span>
    </p>
   </div>
   <div class='ocr_carea' id='block_1_48' title="bbox 2067 1875 3649 1945">
    <p class='ocr_par' dir='ltr' id='par_1_48' title="bbox 2067 1875 3649 1945">
     <span class='ocr_line' id='line_1_49' title="bbox 2067 1875 3649 1945; baseline -0.002 -17"><span class='ocrx_word' id='word_1_334' title='bbox 2067 1875 2424 1929; x_wconf 69' lang='lat' dir='ltr'><strong>sacerdotium</strong></span> <span class='ocrx_word' id='word_1_335' title='bbox 2457 1877 2785 1945; x_wconf 86' lang='lat' dir='ltr'><strong>promoveri,</strong></span> <span class='ocrx_word' id='word_1_336' title='bbox 2822 1875 2929 1944; x_wconf 76' lang='lat'><strong>59</strong></span> <span class='ocrx_word' id='word_1_337' title='bbox 2960 1878 3052 1930; x_wconf 86' lang='lat' dir='ltr'><strong>sed</strong></span> <span class='ocrx_word' id='word_1_338' title='bbox 3084 1886 3138 1930; x_wconf 87' lang='lat' dir='ltr'><strong>et</strong></span> <span class='ocrx_word' id='word_1_339' title='bbox 3169 1875 3213 1929; x_wconf 90' lang='lat' dir='ltr'><strong>si</strong></span> <span class='ocrx_word' id='word_1_340' title='bbox 3247 1875 3465 1945; x_wconf 86' lang='lat' dir='ltr'><strong>priusin</strong></span> <span class='ocrx_word' id='word_1_341' title='bbox 3491 1875 3649 1927; x_wconf 84' lang='lat' dir='ltr'><strong>cleri-</strong></span> 
     </span>
    </p>
   </div>
   <div class='ocr_carea' id='block_1_49' title="bbox 2066 1967 3646 2034">
    <p class='ocr_par' dir='ltr' id='par_1_49' title="bbox 2066 1967 3646 2034">
     <span class='ocr_line' id='line_1_50' title="bbox 2066 1967 3646 2034; baseline -0.003 -14"><span class='ocrx_word' id='word_1_342' title='bbox 2066 1981 2251 2020; x_wconf 87' lang='lat' dir='ltr'><strong>corum</strong></span> <span class='ocrx_word' id='word_1_343' title='bbox 2275 1982 2558 2020; x_wconf 87' lang='lat' dir='ltr'><strong>numerum</strong></span> <span class='ocrx_word' id='word_1_344' title='bbox 2583 1976 2710 2020; x_wconf 89' lang='lat' dir='ltr'><strong>sunt</strong></span> <span class='ocrx_word' id='word_1_345' title='bbox 2734 1967 2989 2034; x_wconf 82' lang='lat' dir='ltr'><strong>cooptati,</strong></span> <span class='ocrx_word' id='word_1_346' title='bbox 3017 1982 3109 2022; x_wconf 89' lang='lat' dir='ltr'><strong>eos</strong></span> <span class='ocrx_word' id='word_1_347' title='bbox 3134 1967 3278 2034; x_wconf 89' lang='lat' dir='ltr'><strong>ejici,</strong></span> <span class='ocrx_word' id='word_1_348' title='bbox 3310 1982 3411 2020; x_wconf 89' lang='lat' dir='ltr'><strong>nec</strong></span> <span class='ocrx_word' id='word_1_349' title='bbox 3441 1981 3533 2019; x_wconf 91' lang='lat' dir='ltr'><strong>eos</strong></span> <span class='ocrx_word' id='word_1_350' title='bbox 3557 1967 3646 2034; x_wconf 90' lang='lat' dir='ltr'><strong>qui</strong></span> 
     </span>
    </p>
   </div>
   <div class='ocr_carea' id='block_1_50' title="bbox 2069 2057 3648 2128">
    <p class='ocr_par' dir='ltr' id='par_1_50' title="bbox 2069 2057 3648 2128">
     <span class='ocr_line' id='line_1_51' title="bbox 2069 2057 3648 2128; baseline 0.001 -19"><span class='ocrx_word' id='word_1_351' title='bbox 2069 2059 2134 2111; x_wconf 91' lang='lat' dir='ltr'><strong>ab</strong></span> <span class='ocrx_word' id='word_1_352' title='bbox 2206 2058 2346 2121; x_wconf 73' lang='lat' dir='ltr'><strong>aliis</strong></span> <span class='ocrx_word' id='word_1_353' title='bbox 2392 2058 2597 2113; x_wconf 81' lang='lat' dir='ltr'><strong>exsecti</strong></span> <span class='ocrx_word' id='word_1_354' title='bbox 2631 2058 3000 2126; x_wconf 85' lang='lat' dir='ltr'><strong>membrisque</strong></span> <span class='ocrx_word' id='word_1_355' title='bbox 3059 2057 3385 2128; x_wconf 74' lang='lat' dir='ltr'><strong>genitalibus</strong></span> <span class='ocrx_word' id='word_1_356' title='bbox 3453 2057 3648 2124; x_wconf 84' lang='lat' dir='ltr'><strong>privati</strong></span> 
     </span>
    </p>
   </div>
   <div class='ocr_carea' id='block_1_51' title="bbox 2068 2148 3651 2218">
    <p class='ocr_par' dir='ltr' id='par_1_51' title="bbox 2068 2148 3651 2218">
     <span class='ocr_line' id='line_1_52' title="bbox 2068 2148 3651 2218; baseline -0.001 -16"><span class='ocrx_word' id='word_1_357' title='bbox 2068 2157 2214 2212; x_wconf 85' lang='lat' dir='ltr'><strong>Sunt,</strong></span> <span class='ocrx_word' id='word_1_358' title='bbox 2249 2149 2293 2201; x_wconf 90' lang='lat' dir='ltr'><strong>si</strong></span> <span class='ocrx_word' id='word_1_359' title='bbox 2331 2148 2474 2217; x_wconf 80' lang='lat' dir='ltr'><strong>digni</strong></span> <span class='ocrx_word' id='word_1_360' title='bbox 2506 2148 2812 2204; x_wconf 80' lang='lat' dir='ltr'><strong>sacerdOtio</strong></span> <span class='ocrx_word' id='word_1_361' title='bbox 2835 2149 3168 2218; x_wconf 89' lang='lat' dir='ltr'><strong>judicentur,</strong></span> <span class='ocrx_word' id='word_1_362' title='bbox 3205 2156 3487 2216; x_wconf 80' lang='lat' dir='ltr'><strong>propterea</strong></span> <span class='ocrx_word' id='word_1_363' title='bbox 3523 2161 3651 2215; x_wconf 83' lang='lat' dir='ltr'><strong>pro-</strong></span> 
     </span>
    </p>
   </div>
   <div class='ocr_carea' id='block_1_52' title="bbox 2068 2238 3646 2310">
    <p class='ocr_par' dir='ltr' id='par_1_52' title="bbox 2068 2238 3646 2310">
     <span class='ocr_line' id='line_1_53' title="bbox 2068 2238 3646 2310; baseline -0.003 -16"><span class='ocrx_word' id='word_1_364' title='bbox 2068 2240 2262 2294; x_wconf 90' lang='lat' dir='ltr'><strong>hiberi.</strong></span> <span class='ocrx_word' id='word_1_365' title='bbox 2301 2239 2442 2310; x_wconf 80' lang='lat' dir='ltr'><strong>Lege</strong></span> <span class='ocrx_word' id='word_1_366' title='bbox 2501 2241 2663 2294; x_wconf 86' lang='lat' dir='ltr'><strong>etiam</strong></span> <span class='ocrx_word' id='word_1_367' title='bbox 2724 2255 2988 2293; x_wconf 89' lang='lat' dir='ltr'><strong>canonem</strong></span> <span class='ocrx_word' id='word_1_368' title='bbox 3042 2248 3292 2293; x_wconf 86' lang='lat' dir='ltr'><strong>octavum</strong></span> <span class='ocrx_word' id='word_1_369' title='bbox 3336 2239 3524 2308; x_wconf 78' lang='lat' dir='ltr'><strong>synodi</strong></span> <span class='ocrx_word' id='word_1_370' title='bbox 3591 2238 3646 2291; x_wconf 90' lang='lat' dir='ltr'><strong>in</strong></span> 
     </span>
    </p>
   </div>
   <div class='ocr_carea' id='block_1_53' title="bbox 2068 2329 3643 2399">
    <p class='ocr_par' dir='ltr' id='par_1_53' title="bbox 2068 2329 3643 2399">
     <span class='ocr_line' id='line_1_54' title="bbox 2068 2329 3643 2399; baseline -0.001 -16"><span class='ocrx_word' id='word_1_371' title='bbox 2068 2330 2267 2399; x_wconf 88' lang='lat' dir='ltr'><strong>templo</strong></span> <span class='ocrx_word' id='word_1_372' title='bbox 2295 2331 2618 2385; x_wconf 88' lang='lat' dir='ltr'><strong>Sanctorum</strong></span> <span class='ocrx_word' id='word_1_373' title='bbox 2648 2331 3023 2399; x_wconf 78' lang='lat' dir='ltr'><strong>Apostolorum</strong></span> <span class='ocrx_word' id='word_1_374' title='bbox 3060 2331 3282 2390; x_wconf 81' lang='lat' dir='ltr'><strong>habitae,</strong></span> <span class='ocrx_word' id='word_1_375' title='bbox 3320 2344 3438 2399; x_wconf 69' lang='lat' dir='ltr'><strong>qua!</strong></span> <span class='ocrx_word' id='word_1_376' title='bbox 3469 2329 3643 2398; x_wconf 82' lang='lat' dir='ltr'><strong>prima</strong></span> 
     </span>
    </p>
   </div>
   <div class='ocr_carea' id='block_1_54' title="bbox 2069 2420 3643 2488">
    <p class='ocr_par' dir='ltr' id='par_1_54' title="bbox 2069 2420 3643 2488">
     <span class='ocr_line' id='line_1_55' title="bbox 2069 2420 3643 2488; baseline -0.001 -13"><span class='ocrx_word' id='word_1_377' title='bbox 2069 2422 2382 2476; x_wconf 87' lang='lat' dir='ltr'><strong>etsecunda</strong></span> <span class='ocrx_word' id='word_1_378' title='bbox 2415 2423 2633 2476; x_wconf 88' lang='lat' dir='ltr'><strong>dicitur.</strong></span> <span class='ocrx_word' id='word_1_379' title='bbox 2664 2421 2932 2488; x_wconf 82' lang='lat' dir='ltr'><strong>Quoniam</strong></span> <span class='ocrx_word' id='word_1_380' title='bbox 2978 2433 3160 2476; x_wconf 85' lang='lat' dir='ltr'><strong>autem</strong></span> <span class='ocrx_word' id='word_1_381' title='bbox 3209 2431 3265 2476; x_wconf 86' lang='lat' dir='ltr'><strong>et</strong></span> <span class='ocrx_word' id='word_1_382' title='bbox 3312 2420 3643 2488; x_wconf 82' lang='lat' dir='ltr'><strong>apostolicos</strong></span> 
     </span>
    </p>
   </div>
   <div class='ocr_carea' id='block_1_55' title="bbox 2069 2510 3649 2592">
    <p class='ocr_par' dir='ltr' id='par_1_55' title="bbox 2069 2510 3649 2592">
     <span class='ocr_line' id='line_1_56' title="bbox 2069 2510 3649 2592; baseline -0.003 -23"><span class='ocrx_word' id='word_1_383' title='bbox 2069 2527 2303 2569; x_wconf 89' lang='lat' dir='ltr'><strong>canones</strong></span> <span class='ocrx_word' id='word_1_384' title='bbox 2338 2513 2774 2592; x_wconf 85' lang='lat' dir='ltr'><strong>interpretantes,</strong></span> <span class='ocrx_word' id='word_1_385' title='bbox 2807 2514 3128 2583; x_wconf 89' lang='lat' dir='ltr'><strong>scripsimus</strong></span> <span class='ocrx_word' id='word_1_386' title='bbox 3161 2527 3282 2567; x_wconf 89' lang='lat' dir='ltr'><strong>eum</strong></span> <span class='ocrx_word' id='word_1_387' title='bbox 3316 2527 3534 2582; x_wconf 91' lang='lat' dir='ltr'><strong>quoque</strong></span> <span class='ocrx_word' id='word_1_388' title='bbox 3555 2510 3649 2582; x_wconf 91' lang='lat' dir='ltr'><strong>qui</strong></span> 
     </span>
    </p>
   </div>
   <div class='ocr_carea' id='block_1_56' title="bbox 2067 2602 3650 2676">
    <p class='ocr_par' dir='ltr' id='par_1_56' title="bbox 2067 2602 3650 2676">
     <span class='ocr_line' id='line_1_57' title="bbox 2067 2602 3650 2676; baseline -0.003 -16"><span class='ocrx_word' id='word_1_389' title='bbox 2067 2614 2192 2676; x_wconf 88' lang='lat' dir='ltr'><strong>post</strong></span> <span class='ocrx_word' id='word_1_390' title='bbox 2223 2605 2616 2660; x_wconf 86' lang='lat' dir='ltr'><strong>ordinationem</strong></span> <span class='ocrx_word' id='word_1_391' title='bbox 2645 2607 2882 2674; x_wconf 88' lang='lat' dir='ltr'><strong>seipsum</strong></span> <span class='ocrx_word' id='word_1_392' title='bbox 2916 2614 3132 2674; x_wconf 90' lang='lat' dir='ltr'><strong>propter</strong></span> <span class='ocrx_word' id='word_1_393' title='bbox 3165 2604 3410 2658; x_wconf 89' lang='lat' dir='ltr'><strong>morbum</strong></span> <span class='ocrx_word' id='word_1_394' title='bbox 3481 2602 3650 2656; x_wconf 88' lang='lat' dir='ltr'><strong>muti-</strong></span> 
     </span>
    </p>
   </div>
   <div class='ocr_carea' id='block_1_57' title="bbox 2068 2691 3649 2765">
    <p class='ocr_par' dir='ltr' id='par_1_57' title="bbox 2068 2691 3649 2765">
     <span class='ocr_line' id='line_1_58' title="bbox 2068 2691 3649 2765; baseline -0.004 -13"><span class='ocrx_word' id='word_1_395' title='bbox 2068 2695 2220 2762; x_wconf 88' lang='lat' dir='ltr'><strong>lavit,</strong></span> <span class='ocrx_word' id='word_1_396' title='bbox 2264 2696 2598 2765; x_wconf 87' lang='lat' dir='ltr'><strong>puniendum</strong></span> <span class='ocrx_word' id='word_1_397' title='bbox 2657 2711 2779 2754; x_wconf 87' lang='lat' dir='ltr'><strong>esse</strong></span> <span class='ocrx_word' id='word_1_398' title='bbox 2831 2711 2846 2750; x_wconf 89' lang='lat'><strong>:</strong></span> <span class='ocrx_word' id='word_1_399' title='bbox 2892 2711 2955 2751; x_wconf 80' lang='lat' dir='ltr'><strong>cx</strong></span> <span class='ocrx_word' id='word_1_400' title='bbox 3011 2697 3109 2750; x_wconf 90' lang='lat' dir='ltr'><strong>hoc</strong></span> <span class='ocrx_word' id='word_1_401' title='bbox 3165 2705 3345 2749; x_wconf 89' lang='lat' dir='ltr'><strong>autem</strong></span> <span class='ocrx_word' id='word_1_402' title='bbox 3395 2691 3649 2762; x_wconf 81' lang='lat' dir='ltr'><strong>praesenti</strong></span> 
     </span>
    </p>
   </div>
   <div class='ocr_carea' id='block_1_58' title="bbox 2070 2783 3650 2864">
    <p class='ocr_par' dir='ltr' id='par_1_58' title="bbox 2070 2783 3650 2864">
     <span class='ocr_line' id='line_1_59' title="bbox 2070 2783 3650 2864; baseline -0.005 -18"><span class='ocrx_word' id='word_1_403' title='bbox 2070 2802 2279 2846; x_wconf 85' lang='lat' dir='ltr'><strong>canone</strong></span> <span class='ocrx_word' id='word_1_404' title='bbox 2305 2789 2540 2852; x_wconf 85' lang='lat' dir='ltr'><strong>dicente,</strong></span> <span class='ocrx_word' id='word_1_405' title='bbox 2579 2787 2635 2840; x_wconf 85' lang='lat' dir='ltr'><strong>Si</strong></span> <span class='ocrx_word' id='word_1_406' title='bbox 2663 2789 2784 2857; x_wconf 86' lang='lat' dir='ltr'><strong>quis</strong></span> <span class='ocrx_word' id='word_1_407' title='bbox 2817 2802 2847 2842; x_wconf 90' lang='lat' dir='ltr'><strong>a</strong></span> <span class='ocrx_word' id='word_1_408' title='bbox 2880 2787 3185 2864; x_wconf 84' lang='lat' dir='ltr'><strong>medicisin</strong></span> <span class='ocrx_word' id='word_1_409' title='bbox 3216 2786 3405 2840; x_wconf 88' lang='lat' dir='ltr'><strong>morbo</strong></span> <span class='ocrx_word' id='word_1_410' title='bbox 3435 2783 3650 2838; x_wconf 80' lang='lat' dir='ltr'><strong>excisus</strong></span> 
     </span>
    </p>
   </div>
   <div class='ocr_carea' id='block_1_59' title="bbox 2070 2879 3648 2950">
    <p class='ocr_par' dir='ltr' id='par_1_59' title="bbox 2070 2879 3648 2950">
     <span class='ocr_line' id='line_1_60' title="bbox 2070 2879 3648 2950; baseline -0.005 -12"><span class='ocrx_word' id='word_1_411' title='bbox 2070 2892 2175 2950; x_wconf 85' lang='lat' dir='ltr'><strong>est,</strong></span> <span class='ocrx_word' id='word_1_412' title='bbox 2207 2882 2253 2938; x_wconf 91' lang='lat' dir='ltr'><strong>is</strong></span> <span class='ocrx_word' id='word_1_413' title='bbox 2283 2883 2334 2936; x_wconf 90' lang='lat' dir='ltr'><strong>in</strong></span> <span class='ocrx_word' id='word_1_414' title='bbox 2363 2881 2513 2937; x_wconf 88' lang='lat' dir='ltr'><strong>clero</strong></span> <span class='ocrx_word' id='word_1_415' title='bbox 2543 2889 2758 2936; x_wconf 89' lang='lat' dir='ltr'><strong>maneat</strong></span> <span class='ocrx_word' id='word_1_416' title='bbox 2791 2897 2808 2935; x_wconf 88' lang='lat'><strong>:</strong></span> <span class='ocrx_word' id='word_1_417' title='bbox 2847 2891 2899 2934; x_wconf 89' lang='lat' dir='ltr'><strong>et</strong></span> <span class='ocrx_word' id='word_1_418' title='bbox 2927 2895 3138 2944; x_wconf 89' lang='lat' dir='ltr'><strong>rursus,</strong></span> <span class='ocrx_word' id='word_1_419' title='bbox 3189 2879 3248 2934; x_wconf 87' lang='lat' dir='ltr'><strong>Si</strong></span> <span class='ocrx_word' id='word_1_420' title='bbox 3294 2879 3419 2948; x_wconf 88' lang='lat' dir='ltr'><strong>quis</strong></span> <span class='ocrx_word' id='word_1_421' title='bbox 3466 2886 3648 2932; x_wconf 87' lang='lat' dir='ltr'><strong>autem</strong></span> 
     </span>
    </p>
   </div>
   <div class='ocr_carea' id='block_1_60' title="bbox 2071 2968 3648 3044">
    <p class='ocr_par' dir='ltr' id='par_1_60' title="bbox 2071 2968 3648 3044">
     <span class='ocr_line' id='line_1_61' title="bbox 2071 2968 3648 3044; baseline -0.005 -14"><span class='ocrx_word' id='word_1_422' title='bbox 2071 2990 2192 3030; x_wconf 90' lang='lat' dir='ltr'><strong>cum</strong></span> <span class='ocrx_word' id='word_1_423' title='bbox 2233 2983 2380 3029; x_wconf 82' lang='lat' dir='ltr'><strong>esset</strong></span> <span class='ocrx_word' id='word_1_424' title='bbox 2409 2989 2596 3038; x_wconf 82' lang='lat' dir='ltr'><strong>sanus,</strong></span> <span class='ocrx_word' id='word_1_425' title='bbox 2633 2974 2874 3044; x_wconf 83' lang='lat' dir='ltr'><strong>seipsum</strong></span> <span class='ocrx_word' id='word_1_426' title='bbox 2920 2972 3184 3036; x_wconf 82' lang='lat' dir='ltr'><strong>exsecuit,</strong></span> <span class='ocrx_word' id='word_1_427' title='bbox 3210 2986 3332 3025; x_wconf 89' lang='lat' dir='ltr'><strong>eum</strong></span> <span class='ocrx_word' id='word_1_428' title='bbox 3389 2969 3550 3024; x_wconf 91' lang='lat' dir='ltr'><strong>etiam</strong></span> <span class='ocrx_word' id='word_1_429' title='bbox 3593 2968 3648 3022; x_wconf 84' lang='lat' dir='ltr'><strong>in</strong></span> 
     </span>
    </p>
   </div>
   <div class='ocr_carea' id='block_1_61' title="bbox 378 3057 1971 3135">
    <p class='ocr_par' dir='ltr' id='par_1_61' title="bbox 378 3057 1968 3135">
     <span class='ocr_line' id='line_1_62' title="bbox 378 3057 1968 3135; baseline 0.001 -23"><span class='ocrx_word' id='word_1_430' title='bbox 378 3061 774 3128; x_wconf 77' lang='grc' dir='ltr'><em>ἐξεταζόμενον</em></span> <span class='ocrx_word' id='word_1_431' title='bbox 799 3059 1107 3112; x_wconf 75' lang='grc' dir='ltr'><em>πεπαῦσθαι</em></span> <span class='ocrx_word' id='word_1_432' title='bbox 1146 3063 1408 3131; x_wconf 75' lang='grc' dir='ltr'><em>προσήκει</em></span> <span class='ocrx_word' id='word_1_433' title='bbox 1434 3078 1446 3091; x_wconf 84' lang='grc'><strong>’</strong></span> <span class='ocrx_word' id='word_1_434' title='bbox 1480 3057 1637 3115; x_wconf 76' lang='grc' dir='ltr'><em>εἶπόν</em></span> <span class='ocrx_word' id='word_1_435' title='bbox 1700 3080 1847 3125; x_wconf 83' lang='grc' dir='ltr'><em>τινες</em></span> <span class='ocrx_word' id='word_1_436' title='bbox 1893 3064 1968 3135; x_wconf 79' lang='grc' dir='ltr'><em>μὴ</em></span> 
     </span>
    </p>
   </div>
   <div class='ocr_carea' id='block_1_62' title="bbox 2073 3057 3648 3135">
    <p class='ocr_par' dir='ltr' id='par_1_62' title="bbox 2073 3057 3648 3128">
     <span class='ocr_line' id='line_1_63' title="bbox 2073 3057 3648 3128; baseline -0.006 -8"><span class='ocrx_word' id='word_1_437' title='bbox 2073 3065 2216 3120; x_wconf 89' lang='lat' dir='ltr'><strong>clero</strong></span> <span class='ocrx_word' id='word_1_438' title='bbox 2248 3066 2574 3121; x_wconf 84' lang='lat' dir='ltr'><strong>reccnsitum</strong></span> <span class='ocrx_word' id='word_1_439' title='bbox 2623 3078 2838 3119; x_wconf 86' lang='lat' dir='ltr'><strong>cessare</strong></span> <span class='ocrx_word' id='word_1_440' title='bbox 2882 3063 3180 3119; x_wconf 85' lang='lat' dir='ltr'><strong>convenit:</strong></span> <span class='ocrx_word' id='word_1_441' title='bbox 3220 3063 3475 3117; x_wconf 82' lang='lat' dir='ltr'><strong>dixerunt</strong></span> <span class='ocrx_word' id='word_1_442' title='bbox 3525 3057 3648 3128; x_wconf 87' lang='lat' dir='ltr'><strong>qui-</strong></span> 
     </span>
    </p>
   </div>
   <div class='ocr_carea' id='block_1_63' title="bbox 379 3151 1972 3225">
    <p class='ocr_par' dir='ltr' id='par_1_63' title="bbox 379 3151 1972 3225">
     <span class='ocr_line' id='line_1_64' title="bbox 379 3151 1972 3225; baseline 0.001 -21"><span class='ocrx_word' id='word_1_443' title='bbox 379 3151 714 3214; x_wconf 80' lang='grc' dir='ltr'><em>κολάζεσθαι</em></span> <span class='ocrx_word' id='word_1_444' title='bbox 741 3153 830 3203; x_wconf 70' lang='grc' dir='ltr'><em>τὸν</em></span> <span class='ocrx_word' id='word_1_445' title='bbox 866 3151 1002 3220; x_wconf 73' lang='grc' dir='ltr'><em>μετὰ</em></span> <span class='ocrx_word' id='word_1_446' title='bbox 1038 3151 1135 3220; x_wconf 81' lang='grc' dir='ltr'><em>τὴν</em></span> <span class='ocrx_word' id='word_1_447' title='bbox 1165 3151 1443 3222; x_wconf 87' lang='grc' dir='ltr'><em>κλήρωσιν</em></span> <span class='ocrx_word' id='word_1_448' title='bbox 1476 3154 1565 3206; x_wconf 78' lang='grc' dir='ltr'><em>διὰ</em></span> <span class='ocrx_word' id='word_1_449' title='bbox 1587 3153 1758 3214; x_wconf 69' lang='grc' dir='ltr'><em>πάθος</em></span> <span class='ocrx_word' id='word_1_450' title='bbox 1787 3155 1972 3225; x_wconf 84' lang='grc' dir='ltr'><em>ἀκρω-</em></span> 
     </span>
    </p>
   </div>
   <div class='ocr_carea' id='block_1_64' title="bbox 378 3242 1971 3314">
    <p class='ocr_par' dir='ltr' id='par_1_64' title="bbox 378 3242 1971 3314">
     <span class='ocr_line' id='line_1_65' title="bbox 378 3242 1971 3314; baseline 0.001 -18"><span class='ocrx_word' id='word_1_451' title='bbox 378 3244 748 3314; x_wconf 82' lang='grc' dir='ltr'><em>τηριασθέντα</em></span> <span class='ocrx_word' id='word_1_452' title='bbox 770 3258 784 3272; x_wconf 76' lang='grc' dir='ltr'><strong>ο</strong></span> <span class='ocrx_word' id='word_1_453' title='bbox 830 3242 1010 3311; x_wconf 73' lang='grc' dir='ltr'><em>φαμὲν</em></span> <span class='ocrx_word' id='word_1_454' title='bbox 1053 3242 1128 3305; x_wconf 83' lang='grc' dir='ltr'><em>ὡς</em></span> <span class='ocrx_word' id='word_1_455' title='bbox 1155 3244 1182 3294; x_wconf 85' lang='grc' dir='ltr'>ὁ</span> <span class='ocrx_word' id='word_1_456' title='bbox 1214 3242 1454 3306; x_wconf 86' lang='grc' dir='ltr'><em>τοιοῦτος</em></span> <span class='ocrx_word' id='word_1_457' title='bbox 1487 3243 1668 3296; x_wconf 83' lang='grc' dir='ltr'><em>κανὼν</em></span> <span class='ocrx_word' id='word_1_458' title='bbox 1697 3245 1757 3297; x_wconf 83' lang='grc' dir='ltr'><strong>ού</strong></span> <span class='ocrx_word' id='word_1_459' title='bbox 1795 3245 1971 3298; x_wconf 84' lang='grc' dir='ltr'><em>διαλέ-</em></span> 
     </span>
    </p>
   </div>
   <div class='ocr_carea' id='block_1_65' title="bbox 381 3334 1971 3407">
    <p class='ocr_par' dir='ltr' id='par_1_65' title="bbox 381 3334 1971 3407">
     <span class='ocr_line' id='line_1_66' title="bbox 381 3334 1971 3407; baseline 0.002 -19"><span class='ocrx_word' id='word_1_460' title='bbox 381 3353 540 3403; x_wconf 72' lang='grc' dir='ltr'><em>γεται</em></span> <span class='ocrx_word' id='word_1_461' title='bbox 589 3336 720 3405; x_wconf 75' lang='grc' dir='ltr'><em>περὶ</em></span> <span class='ocrx_word' id='word_1_462' title='bbox 768 3334 876 3385; x_wconf 76' lang='grc' dir='ltr'><em>τῶν</em></span> <span class='ocrx_word' id='word_1_463' title='bbox 905 3334 1470 3404; x_wconf 74' lang='grc' dir='ltr'><em>ἀκρωτηριασθέντων</em></span> <span class='ocrx_word' id='word_1_464' title='bbox 1501 3335 1642 3405; x_wconf 74' lang='grc' dir='ltr'><em>μετὰ</em></span> <span class='ocrx_word' id='word_1_465' title='bbox 1679 3336 1778 3405; x_wconf 82' lang='grc' dir='ltr'><em>τὴν</em></span> <span class='ocrx_word' id='word_1_466' title='bbox 1813 3338 1971 3407; x_wconf 83' lang='grc' dir='ltr'><em>ἱερω-</em></span> 
     </span>
    </p>
   </div>
   <div class='ocr_carea' id='block_1_66' title="bbox 380 3427 1969 3500">
    <p class='ocr_par' dir='ltr' id='par_1_66' title="bbox 380 3427 1969 3500">
     <span class='ocr_line' id='line_1_67' title="bbox 380 3427 1969 3500; baseline 0.001 -18"><span class='ocrx_word' id='word_1_467' title='bbox 380 3429 571 3498; x_wconf 83' lang='grc' dir='ltr'><em>σύνην,</em></span> <span class='ocrx_word' id='word_1_468' title='bbox 597 3427 730 3482; x_wconf 76' lang='grc' dir='ltr'><em>ἀλλὰ</em></span> <span class='ocrx_word' id='word_1_469' title='bbox 763 3428 980 3497; x_wconf 72' lang='grc' dir='ltr'><em>πρὸτῆς</em></span> <span class='ocrx_word' id='word_1_470' title='bbox 1009 3429 1332 3497; x_wconf 77' lang='grc' dir='ltr'><em>ἱερωσύνης,</em></span> <span class='ocrx_word' id='word_1_471' title='bbox 1367 3431 1500 3500; x_wconf 67' lang='grc' dir='ltr'><em>μετὰ</em></span> <span class='ocrx_word' id='word_1_472' title='bbox 1533 3431 1588 3483; x_wconf 82' lang='grc' dir='ltr'><em>δὲ</em></span> <span class='ocrx_word' id='word_1_473' title='bbox 1636 3431 1841 3500; x_wconf 81' lang='grc' dir='ltr'><em>ταύτην</em></span> <span class='ocrx_word' id='word_1_474' title='bbox 1887 3433 1969 3494; x_wconf 78' lang='grc' dir='ltr'><em>εἰς</em></span> 
     </span>
    </p>
   </div>
   <div class='ocr_carea' id='block_1_67' title="bbox 381 3521 1971 3591">
    <p class='ocr_par' dir='ltr' id='par_1_67' title="bbox 381 3521 1971 3591">
     <span class='ocr_line' id='line_1_68' title="bbox 381 3521 1971 3591; baseline 0.001 -16"><span class='ocrx_word' id='word_1_475' title='bbox 381 3521 720 3591; x_wconf 72' lang='grc' dir='ltr'><em>ἀμφιϐολίαν</em></span> <span class='ocrx_word' id='word_1_476' title='bbox 749 3521 1117 3587; x_wconf 73' lang='grc' dir='ltr'><em>ἐμπεσόντων.</em></span> <span class='ocrx_word' id='word_1_477' title='bbox 1159 3523 1219 3574; x_wconf 78' lang='grc' dir='ltr'><strong>ΕΞ</strong></span> <span class='ocrx_word' id='word_1_478' title='bbox 1259 3521 1314 3574; x_wconf 80' lang='grc' dir='ltr'><em>δὲ</em></span> <span class='ocrx_word' id='word_1_479' title='bbox 1362 3523 1455 3574; x_wconf 75' lang='grc' dir='ltr'><em>καὶ</em></span> <span class='ocrx_word' id='word_1_480' title='bbox 1511 3523 1673 3575; x_wconf 81' lang='grc' dir='ltr'><em>πλέον</em></span> <span class='ocrx_word' id='word_1_481' title='bbox 1713 3523 1971 3576; x_wconf 80' lang='grc' dir='ltr'><em>ἀνθίστα-</em></span> 
     </span>
    </p>
   </div>
   <div class='ocr_carea' id='block_1_68' title="bbox 382 3613 1973 3682">
    <p class='ocr_par' dir='ltr' id='par_1_68' title="bbox 382 3613 1973 3682">
     <span class='ocr_line' id='line_1_69' title="bbox 382 3613 1973 3682; baseline 0.001 -16"><span class='ocrx_word' id='word_1_482' title='bbox 382 3615 472 3666; x_wconf 85' lang='grc' dir='ltr'><strong>ταί</strong></span> <span class='ocrx_word' id='word_1_483' title='bbox 501 3631 587 3675; x_wconf 77' lang='grc' dir='ltr'><strong>τις</strong></span> <span class='ocrx_word' id='word_1_484' title='bbox 639 3613 732 3664; x_wconf 69' lang='grc' dir='ltr'><em>καὶ</em></span> <span class='ocrx_word' id='word_1_485' title='bbox 769 3613 910 3664; x_wconf 80' lang='grc' dir='ltr'><em>θέλει</em></span> <span class='ocrx_word' id='word_1_486' title='bbox 949 3613 1472 3682; x_wconf 69' lang='grc' dir='ltr'><em>συγγνωμονηθῆναι</em></span> <span class='ocrx_word' id='word_1_487' title='bbox 1519 3615 1612 3666; x_wconf 74' lang='grc' dir='ltr'><strong>τδν</strong></span> <span class='ocrx_word' id='word_1_488' title='bbox 1659 3615 1744 3667; x_wconf 68' lang='grc' dir='ltr'><em>διὰ</em></span> <span class='ocrx_word' id='word_1_489' title='bbox 1801 3615 1973 3677; x_wconf 80' lang='grc' dir='ltr'><em>πάθος</em></span> 
     </span>
    </p>
   </div>
   <div class='ocr_carea' id='block_1_69' title="bbox 389 3705 1972 3774">
    <p class='ocr_par' dir='ltr' id='par_1_69' title="bbox 389 3705 1972 3774">
     <span class='ocr_line' id='line_1_70' title="bbox 389 3705 1972 3774; baseline 0 -16"><span class='ocrx_word' id='word_1_490' title='bbox 389 3705 531 3774; x_wconf 71' lang='grc' dir='ltr'><em>μετὰ</em></span> <span class='ocrx_word' id='word_1_491' title='bbox 567 3705 666 3773; x_wconf 81' lang='grc' dir='ltr'><em>τὴν</em></span> <span class='ocrx_word' id='word_1_492' title='bbox 696 3705 996 3774; x_wconf 74' lang='grc' dir='ltr'><em>ἱερωσύνην</em></span> <span class='ocrx_word' id='word_1_493' title='bbox 1070 3705 1591 3774; x_wconf 81' lang='grc' dir='ltr'><em>ἁκρωτηριασθέντα</em></span> <span class='ocrx_word' id='word_1_494' title='bbox 1623 3746 1638 3768; x_wconf 94' lang='grc'><strong>,</strong></span> <span class='ocrx_word' id='word_1_495' title='bbox 1686 3707 1972 3758; x_wconf 76' lang='grc' dir='ltr'><em>ἀκουσάτω</em></span> 
     </span>
    </p>
   </div>
   <div class='ocr_carea' id='block_1_70' title="bbox 381 3793 1974 3866">
    <p class='ocr_par' dir='ltr' id='par_1_70' title="bbox 381 3793 1974 3866">
     <span class='ocr_line' id='line_1_71' title="bbox 381 3793 1974 3866; baseline -0.002 -17"><span class='ocrx_word' id='word_1_496' title='bbox 381 3799 458 3861; x_wconf 84' lang='grc' dir='ltr'><em>ὡς</em></span> <span class='ocrx_word' id='word_1_497' title='bbox 495 3799 529 3864; x_wconf 85' lang='grc' dir='ltr'><strong>ἡ</strong></span> <span class='ocrx_word' id='word_1_498' title='bbox 557 3793 684 3866; x_wconf 67' lang='grc' dir='ltr'><em>ρμβ¹</em></span> <span class='ocrx_word' id='word_1_499' title='bbox 719 3797 1147 3856; x_wconf 74' lang='grc' dir='ltr'><em>Ἰούστινιανειος</em></span> <span class='ocrx_word' id='word_1_500' title='bbox 1178 3796 1371 3865; x_wconf 62' lang='lat' dir='ltr'><strong>Neap}:</strong></span> <span class='ocrx_word' id='word_1_501' title='bbox 1461 3798 1687 3864; x_wconf 66' lang='grc' dir='ltr'><em>κειμένη</em></span> <span class='ocrx_word' id='word_1_502' title='bbox 1721 3798 1775 3847; x_wconf 85' lang='grc' dir='ltr'><em>ὲν</em></span> <span class='ocrx_word' id='word_1_503' title='bbox 1807 3795 1974 3865; x_wconf 82' lang='grc' dir='ltr'><em>βίϐλῳ</em></span> 
     </span>
    </p>
   </div>
   <div class='ocr_carea' id='block_1_71' title="bbox 385 3887 1958 3959">
    <p class='ocr_par' dir='ltr' id='par_1_71' title="bbox 385 3887 1958 3959">
     <span class='ocr_line' id='line_1_72' title="bbox 385 3887 1958 3959; baseline -0.002 -17"><span class='ocrx_word' id='word_1_504' title='bbox 385 3892 454 3956; x_wconf 83' lang='grc' dir='ltr'><strong>ξ’,</strong></span> <span class='ocrx_word' id='word_1_505' title='bbox 479 3891 645 3959; x_wconf 85' lang='grc' dir='ltr'><em>τίτλῳ</em></span> <span class='ocrx_word' id='word_1_506' title='bbox 675 3887 776 3952; x_wconf 75' lang='grc' dir='ltr'><em>να’,</em></span> <span class='ocrx_word' id='word_1_507' title='bbox 807 3889 1084 3956; x_wconf 65' lang='grc' dir='ltr'><em>κεφαλαίῳ</em></span> <span class='ocrx_word' id='word_1_508' title='bbox 1138 3889 1456 3957; x_wconf 71' lang='grc' dir='ltr'><em>τελευταίῳ,</em></span> <span class='ocrx_word' id='word_1_509' title='bbox 1494 3889 1616 3958; x_wconf 75' lang='grc' dir='ltr'><em>ἥτις</em></span> <span class='ocrx_word' id='word_1_510' title='bbox 1663 3890 1756 3941; x_wconf 71' lang='grc' dir='ltr'><em>καὶ</em></span> <span class='ocrx_word' id='word_1_511' title='bbox 1823 3904 1958 3941; x_wconf 88' lang='grc' dir='ltr'><em>κατ-</em></span> 
     </span>
    </p>
   </div>
   <div class='ocr_carea' id='block_1_72' title="bbox 383 3977 1973 4051">
    <p class='ocr_par' dir='ltr' id='par_1_72' title="bbox 383 3977 1973 4051">
     <span class='ocr_line' id='line_1_73' title="bbox 383 3977 1973 4051; baseline -0.004 -15"><span class='ocrx_word' id='word_1_512' title='bbox 383 3979 638 4051; x_wconf 78' lang='grc' dir='ltr'><em>ιστρὼοη</em></span> <span class='ocrx_word' id='word_1_513' title='bbox 661 3983 716 4032; x_wconf 79' lang='grc' dir='ltr'><em>ἐν</em></span> <span class='ocrx_word' id='word_1_514' title='bbox 739 3979 1018 4048; x_wconf 60' lang='grc' dir='ltr'><em>κεφαλαίῳ</em></span> <span class='ocrx_word' id='word_1_515' title='bbox 1046 3979 1104 4030; x_wconf 80' lang='grc' dir='ltr'><em>ιδ’</em></span> <span class='ocrx_word' id='word_1_516' title='bbox 1132 3978 1226 4030; x_wconf 71' lang='grc' dir='ltr'><em>τοῦ</em></span> <span class='ocrx_word' id='word_1_517' title='bbox 1252 3980 1467 4046; x_wconf 84' lang='grc' dir='ltr'><em>πρώτου</em></span> <span class='ocrx_word' id='word_1_518' title='bbox 1497 3977 1674 4031; x_wconf 82' lang='grc' dir='ltr'><em>τίτλον</em></span> <span class='ocrx_word' id='word_1_519' title='bbox 1704 3977 1798 4030; x_wconf 80' lang='grc' dir='ltr'><em>τοῦ</em></span> <span class='ocrx_word' id='word_1_520' title='bbox 1833 3994 1973 4046; x_wconf 84' lang='grc' dir='ltr'><em>παρ-</em></span> 
     </span>
    </p>
   </div>
   <div class='ocr_carea' id='block_1_73' title="bbox 383 4070 1972 4141">
    <p class='ocr_par' dir='ltr' id='par_1_73' title="bbox 383 4070 1972 4141">
     <span class='ocr_line' id='line_1_74' title="bbox 383 4070 1972 4141; baseline -0.003 -15"><span class='ocrx_word' id='word_1_521' title='bbox 383 4077 545 4137; x_wconf 76' lang='grc' dir='ltr'><em>ὄντος</em></span> <span class='ocrx_word' id='word_1_522' title='bbox 615 4073 1012 4139; x_wconf 75' lang='grc' dir='ltr'><em>συντὸγματος,</em></span> <span class='ocrx_word' id='word_1_523' title='bbox 1077 4071 1417 4141; x_wconf 75' lang='grc' dir='ltr'><em>ἐπιστομίζει</em></span> <span class='ocrx_word' id='word_1_524' title='bbox 1452 4071 1636 4124; x_wconf 79' lang='grc' dir='ltr'><em>αὐτόν.</em></span> <span class='ocrx_word' id='word_1_525' title='bbox 1695 4070 1878 4123; x_wconf 75' lang='grc' dir='ltr'><em>Ταῦτα</em></span> <span class='ocrx_word' id='word_1_526' title='bbox 1916 4071 1972 4135; x_wconf 76' lang='grc' dir='ltr'><em>δὲ</em></span> 
     </span>
    </p>
   </div>
   <div class='ocr_carea' id='block_1_74' title="bbox 384 4163 1973 4236">
    <p class='ocr_par' dir='ltr' id='par_1_74' title="bbox 384 4163 1973 4236">
     <span class='ocr_line' id='line_1_75' title="bbox 384 4163 1973 4236; baseline -0.003 -16"><span class='ocrx_word' id='word_1_527' title='bbox 384 4168 652 4236; x_wconf 76' lang='grc' dir='ltr'><em>λέγομεν,</em></span> <span class='ocrx_word' id='word_1_528' title='bbox 699 4165 981 4234; x_wconf 76' lang='grc' dir='ltr'><em>ὲὰνχωρὶς</em></span> <span class='ocrx_word' id='word_1_529' title='bbox 1017 4165 1272 4236; x_wconf 82' lang='grc' dir='ltr'><em>εἱδήσεως</em></span> <span class='ocrx_word' id='word_1_530' title='bbox 1320 4165 1418 4235; x_wconf 86' lang='grc' dir='ltr'><em>τῆς</em></span> <span class='ocrx_word' id='word_1_531' title='bbox 1461 4163 1795 4232; x_wconf 84' lang='grc' dir='ltr'><em>Ἐκκλησίας</em></span> <span class='ocrx_word' id='word_1_532' title='bbox 1829 4163 1973 4232; x_wconf 82' lang='grc' dir='ltr'><em>μετά</em></span> 
     </span>
    </p>
   </div>
   <div class='ocr_carea' id='block_1_75' title="bbox 2077 3155 3648 3226">
    <p class='ocr_par' dir='ltr' id='par_1_75' title="bbox 2077 3155 3648 3226">
     <span class='ocr_line' id='line_1_76' title="bbox 2077 3155 3648 3226; baseline -0.005 -14"><span class='ocrx_word' id='word_1_533' title='bbox 2077 3162 2344 3213; x_wconf 88' lang='lat' dir='ltr'><strong>danteum</strong></span> <span class='ocrx_word' id='word_1_534' title='bbox 2397 3172 2498 3210; x_wconf 89' lang='lat' dir='ltr'><strong>non</strong></span> <span class='ocrx_word' id='word_1_535' title='bbox 2551 3156 2753 3224; x_wconf 90' lang='lat' dir='ltr'><strong>puniri,</strong></span> <span class='ocrx_word' id='word_1_536' title='bbox 2783 3156 2875 3223; x_wconf 88' lang='lat' dir='ltr'><strong>qui</strong></span> <span class='ocrx_word' id='word_1_537' title='bbox 2924 3164 3146 3226; x_wconf 84' lang='lat' dir='ltr'><strong>propter</strong></span> <span class='ocrx_word' id='word_1_538' title='bbox 3196 3155 3464 3218; x_wconf 88' lang='lat' dir='ltr'><strong>morbum,</strong></span> <span class='ocrx_word' id='word_1_539' title='bbox 3496 3160 3648 3220; x_wconf 89' lang='lat' dir='ltr'><strong>post-</strong></span> 
     </span>
    </p>
   </div>
   <div class='ocr_carea' id='block_1_76' title="bbox 2075 3245 3649 3321">
    <p class='ocr_par' dir='ltr' id='par_1_76' title="bbox 2075 3245 3649 3321">
     <span class='ocr_line' id='line_1_77' title="bbox 2075 3245 3649 3321; baseline -0.002 -18"><span class='ocrx_word' id='word_1_540' title='bbox 2075 3267 2235 3321; x_wconf 86' lang='lat' dir='ltr'><strong>quam</strong></span> <span class='ocrx_word' id='word_1_541' title='bbox 2277 3250 2331 3304; x_wconf 88' lang='lat' dir='ltr'><strong>in</strong></span> <span class='ocrx_word' id='word_1_542' title='bbox 2386 3250 2590 3304; x_wconf 90' lang='lat' dir='ltr'><strong>clerum</strong></span> <span class='ocrx_word' id='word_1_543' title='bbox 2642 3259 2893 3318; x_wconf 89' lang='lat' dir='ltr'><strong>receptus</strong></span> <span class='ocrx_word' id='word_1_544' title='bbox 2945 3258 3047 3312; x_wconf 91' lang='lat' dir='ltr'><strong>est,</strong></span> <span class='ocrx_word' id='word_1_545' title='bbox 3106 3248 3381 3301; x_wconf 84' lang='lat' dir='ltr'><strong>mutilatos</strong></span> <span class='ocrx_word' id='word_1_546' title='bbox 3433 3245 3649 3300; x_wconf 83' lang='lat' dir='ltr'><strong>fuerit:</strong></span> 
     </span>
    </p>
   </div>
   <div class='ocr_carea' id='block_1_77' title="bbox 2073 3339 3652 3410">
    <p class='ocr_par' dir='ltr' id='par_1_77' title="bbox 2073 3339 3652 3410">
     <span class='ocr_line' id='line_1_78' title="bbox 2073 3339 3652 3410; baseline -0.004 -12"><span class='ocrx_word' id='word_1_547' title='bbox 2073 3344 2306 3398; x_wconf 85' lang='lat' dir='ltr'><strong>dicimus</strong></span> <span class='ocrx_word' id='word_1_548' title='bbox 2358 3344 2501 3397; x_wconf 84' lang='lat' dir='ltr'><strong>hunc</strong></span> <span class='ocrx_word' id='word_1_549' title='bbox 2533 3358 2793 3396; x_wconf 82' lang='lat' dir='ltr'><strong>canonem</strong></span> <span class='ocrx_word' id='word_1_550' title='bbox 2830 3356 2938 3396; x_wconf 89' lang='lat' dir='ltr'><strong>non</strong></span> <span class='ocrx_word' id='word_1_551' title='bbox 2996 3341 3141 3410; x_wconf 90' lang='lat' dir='ltr'><strong>loqui</strong></span> <span class='ocrx_word' id='word_1_552' title='bbox 3186 3342 3248 3393; x_wconf 89' lang='lat' dir='ltr'><strong>de</strong></span> <span class='ocrx_word' id='word_1_553' title='bbox 3298 3340 3364 3394; x_wconf 91' lang='lat' dir='ltr'><strong>iis</strong></span> <span class='ocrx_word' id='word_1_554' title='bbox 3407 3339 3494 3407; x_wconf 89' lang='lat' dir='ltr'><strong>qui</strong></span> <span class='ocrx_word' id='word_1_555' title='bbox 3531 3347 3652 3408; x_wconf 86' lang='lat' dir='ltr'><strong>post</strong></span> 
     </span>
    </p>
   </div>
   <div class='ocr_carea' id='block_1_78' title="bbox 2073 3428 3650 3499">
    <p class='ocr_par' dir='ltr' id='par_1_78' title="bbox 2073 3428 3650 3499">
     <span class='ocr_line' id='line_1_79' title="bbox 2073 3428 3650 3499; baseline -0.008 -9"><span class='ocrx_word' id='word_1_556' title='bbox 2073 3434 2432 3490; x_wconf 89' lang='lat' dir='ltr'><strong>sacerdotium</strong></span> <span class='ocrx_word' id='word_1_557' title='bbox 2464 3431 2690 3486; x_wconf 85' lang='lat' dir='ltr'><strong>mutilati</strong></span> <span class='ocrx_word' id='word_1_558' title='bbox 2724 3438 2866 3497; x_wconf 91' lang='lat' dir='ltr'><strong>sunt,-</strong></span> <span class='ocrx_word' id='word_1_559' title='bbox 2887 3431 2980 3484; x_wconf 89' lang='lat' dir='ltr'><strong>sed</strong></span> <span class='ocrx_word' id='word_1_560' title='bbox 3014 3429 3246 3499; x_wconf 60' lang='lat' dir='ltr'><strong>quijante</strong></span> <span class='ocrx_word' id='word_1_561' title='bbox 3265 3428 3650 3494; x_wconf 85' lang='lat' dir='ltr'><strong>sacerdotium,</strong></span> 
     </span>
    </p>
   </div>
   <div class='ocr_carea' id='block_1_79' title="bbox 2074 3518 3648 3593">
    <p class='ocr_par' dir='ltr' id='par_1_79' title="bbox 2074 3518 3648 3593">
     <span class='ocr_line' id='line_1_80' title="bbox 2074 3518 3648 3593; baseline -0.004 -14"><span class='ocrx_word' id='word_1_562' title='bbox 2074 3525 2141 3579; x_wconf 85' lang='lat' dir='ltr'><strong>iis</strong></span> <span class='ocrx_word' id='word_1_563' title='bbox 2172 3532 2348 3577; x_wconf 79' lang='lat' dir='ltr'><strong>autem</strong></span> <span class='ocrx_word' id='word_1_564' title='bbox 2378 3532 2561 3593; x_wconf 88' lang='lat' dir='ltr'><strong>postea</strong></span> <span class='ocrx_word' id='word_1_565' title='bbox 2595 3523 2962 3576; x_wconf 85' lang='lat' dir='ltr'><strong>controversia</strong></span> <span class='ocrx_word' id='word_1_566' title='bbox 3015 3528 3156 3572; x_wconf 89' lang='lat' dir='ltr'><strong>mota</strong></span> <span class='ocrx_word' id='word_1_567' title='bbox 3195 3528 3298 3573; x_wconf 90' lang='lat' dir='ltr'><strong>est.</strong></span> <span class='ocrx_word' id='word_1_568' title='bbox 3339 3518 3432 3572; x_wconf 88' lang='lat' dir='ltr'><strong>Sin</strong></span> <span class='ocrx_word' id='word_1_569' title='bbox 3469 3529 3648 3573; x_wconf 81' lang='lat' dir='ltr'><strong>autem</strong></span> 
     </span>
    </p>
   </div>
   <div class='ocr_carea' id='block_1_80' title="bbox 2076 3609 3650 3684">
    <p class='ocr_par' dir='ltr' id='par_1_80' title="bbox 2076 3609 3650 3684">
     <span class='ocr_line' id='line_1_81' title="bbox 2076 3609 3650 3684; baseline -0.005 -14"><span class='ocrx_word' id='word_1_570' title='bbox 2076 3611 2251 3684; x_wconf 84' lang='lat' dir='ltr'><strong>magis</strong></span> <span class='ocrx_word' id='word_1_571' title='bbox 2280 3616 2441 3669; x_wconf 89' lang='lat' dir='ltr'><strong>etiam</strong></span> <span class='ocrx_word' id='word_1_572' title='bbox 2472 3614 2673 3668; x_wconf 86' lang='lat' dir='ltr'><strong>insistit</strong></span> <span class='ocrx_word' id='word_1_573' title='bbox 2700 3614 2920 3682; x_wconf 88' lang='lat' dir='ltr'><strong>aliquis,</strong></span> <span class='ocrx_word' id='word_1_574' title='bbox 2954 3622 3008 3666; x_wconf 89' lang='lat' dir='ltr'><strong>et</strong></span> <span class='ocrx_word' id='word_1_575' title='bbox 3038 3611 3085 3664; x_wconf 89' lang='lat' dir='ltr'><strong>ei</strong></span> <span class='ocrx_word' id='word_1_576' title='bbox 3142 3612 3256 3664; x_wconf 89' lang='lat' dir='ltr'><strong>vult</strong></span> <span class='ocrx_word' id='word_1_577' title='bbox 3293 3611 3517 3679; x_wconf 75' lang='lat' dir='ltr'><strong>ignosci,</strong></span> <span class='ocrx_word' id='word_1_578' title='bbox 3558 3609 3650 3679; x_wconf 90' lang='lat' dir='ltr'><strong>qui</strong></span> 
     </span>
    </p>
   </div>
   <div class='ocr_carea' id='block_1_81' title="bbox 2075 3701 3650 3774">
    <p class='ocr_par' dir='ltr' id='par_1_81' title="bbox 2075 3701 3650 3774">
     <span class='ocr_line' id='line_1_82' title="bbox 2075 3701 3650 3774; baseline -0.006 -15"><span class='ocrx_word' id='word_1_579' title='bbox 2075 3708 2300 3774; x_wconf 82' lang='lat' dir='ltr'><strong>propter</strong></span> <span class='ocrx_word' id='word_1_580' title='bbox 2349 3705 2596 3758; x_wconf 88' lang='lat' dir='ltr'><strong>morbum</strong></span> <span class='ocrx_word' id='word_1_581' title='bbox 2643 3712 2763 3772; x_wconf 90' lang='lat' dir='ltr'><strong>post</strong></span> <span class='ocrx_word' id='word_1_582' title='bbox 2813 3702 3177 3757; x_wconf 87' lang='lat' dir='ltr'><strong>sacerdotium</strong></span> <span class='ocrx_word' id='word_1_583' title='bbox 3231 3701 3509 3754; x_wconf 82' lang='lat' dir='ltr'><strong>mutilatos</strong></span> <span class='ocrx_word' id='word_1_584' title='bbox 3544 3710 3650 3762; x_wconf 74' lang='grc' dir='ltr'><em>εει,</em></span> 
     </span>
    </p>
   </div>
   <div class='ocr_carea' id='block_1_82' title="bbox 2075 3788 3650 3864">
    <p class='ocr_par' dir='ltr' id='par_1_82' title="bbox 2075 3788 3650 3864">
     <span class='ocr_line' id='line_1_83' title="bbox 2075 3788 3650 3864; baseline -0.004 -17"><span class='ocrx_word' id='word_1_585' title='bbox 2075 3795 2254 3848; x_wconf 86' lang='lat' dir='ltr'><strong>audiat</strong></span> <span class='ocrx_word' id='word_1_586' title='bbox 2291 3794 2433 3864; x_wconf 88' lang='lat' dir='ltr'><strong>quod</strong></span> <span class='ocrx_word' id='word_1_587' title='bbox 2466 3791 2755 3846; x_wconf 71' lang='lat' dir='ltr'><strong>Iustiniani</strong></span> <span class='ocrx_word' id='word_1_588' title='bbox 2788 3791 3006 3846; x_wconf 84' lang='lat' dir='ltr'><strong>Novella</strong></span> <span class='ocrx_word' id='word_1_589' title='bbox 3045 3791 3147 3845; x_wconf 77' lang='lat' dir='ltr'><strong>H&#39;Z</strong></span> <span class='ocrx_word' id='word_1_590' title='bbox 3179 3807 3297 3860; x_wconf 68' lang='lat' dir='ltr'><strong>qum</strong></span> <span class='ocrx_word' id='word_1_591' title='bbox 3337 3791 3387 3844; x_wconf 91' lang='lat' dir='ltr'><strong>in</strong></span> <span class='ocrx_word' id='word_1_592' title='bbox 3423 3805 3489 3844; x_wconf 77' lang='lat' dir='ltr'><strong>1.x</strong></span> <span class='ocrx_word' id='word_1_593' title='bbox 3517 3788 3650 3841; x_wconf 89' lang='lat' dir='ltr'><strong>libro</strong></span> 
     </span>
    </p>
   </div>
   <div class='ocr_carea' id='block_1_83' title="bbox 2079 3883 3649 3954">
    <p class='ocr_par' dir='ltr' id='par_1_83' title="bbox 2079 3883 3649 3954">
     <span class='ocr_line' id='line_1_84' title="bbox 2079 3883 3649 3954; baseline -0.006 -14"><span class='ocrx_word' id='word_1_594' title='bbox 2079 3888 2162 3941; x_wconf 90' lang='lat' dir='ltr'><strong>lit.</strong></span> <span class='ocrx_word' id='word_1_595' title='bbox 2199 3886 2287 3950; x_wconf 80' lang='lat'><strong>5|,</strong></span> <span class='ocrx_word' id='word_1_596' title='bbox 2325 3899 2442 3954; x_wconf 85' lang='lat' dir='ltr'><strong>cap.</strong></span> <span class='ocrx_word' id='word_1_597' title='bbox 2481 3885 2687 3946; x_wconf 88' lang='lat' dir='ltr'><strong>ultimo,</strong></span> <span class='ocrx_word' id='word_1_598' title='bbox 2725 3885 2826 3936; x_wconf 88' lang='lat' dir='ltr'><strong>sita</strong></span> <span class='ocrx_word' id='word_1_599' title='bbox 2879 3896 2988 3949; x_wconf 88' lang='lat' dir='ltr'><strong>est,</strong></span> <span class='ocrx_word' id='word_1_600' title='bbox 3023 3900 3142 3951; x_wconf 58' lang='lat' dir='ltr'><strong>qua!</strong></span> <span class='ocrx_word' id='word_1_601' title='bbox 3181 3885 3342 3938; x_wconf 89' lang='lat' dir='ltr'><strong>etiam</strong></span> <span class='ocrx_word' id='word_1_602' title='bbox 3390 3883 3649 3936; x_wconf 88' lang='lat' dir='ltr'><strong>collocata</strong></span> 
     </span>
    </p>
   </div>
   <div class='ocr_carea' id='block_1_84' title="bbox 2079 3974 3648 4046">
    <p class='ocr_par' dir='ltr' id='par_1_84' title="bbox 2079 3974 3648 4046">
     <span class='ocr_line' id='line_1_85' title="bbox 2079 3974 3648 4046; baseline -0.006 -15"><span class='ocrx_word' id='word_1_603' title='bbox 2079 3978 2132 4032; x_wconf 89' lang='lat' dir='ltr'><strong>in</strong></span> <span class='ocrx_word' id='word_1_604' title='bbox 2163 3991 2282 4046; x_wconf 85' lang='lat' dir='ltr'><strong>cap.</strong></span> <span class='ocrx_word' id='word_1_605' title='bbox 2313 3977 2379 4029; x_wconf 76' lang='grc' dir='ltr'>Η</span> <span class='ocrx_word' id='word_1_606' title='bbox 2407 3975 2565 4045; x_wconf 90' lang='lat' dir='ltr'><strong>primi</strong></span> <span class='ocrx_word' id='word_1_607' title='bbox 2600 3974 2735 4028; x_wconf 88' lang='lat' dir='ltr'><strong>tituli</strong></span> <span class='ocrx_word' id='word_1_608' title='bbox 2785 3977 3068 4043; x_wconf 55' lang='lat' dir='ltr'><strong>praesentis</strong></span> <span class='ocrx_word' id='word_1_609' title='bbox 3099 3974 3302 4044; x_wconf 89' lang='lat' dir='ltr'><strong>operis,</strong></span> <span class='ocrx_word' id='word_1_610' title='bbox 3348 3974 3434 4028; x_wconf 82' lang='lat' dir='ltr'><strong>isti</strong></span> <span class='ocrx_word' id='word_1_611' title='bbox 3463 3987 3523 4026; x_wconf 90' lang='lat' dir='ltr'><strong>os</strong></span> <span class='ocrx_word' id='word_1_612' title='bbox 3555 3984 3648 4023; x_wconf 88' lang='lat' dir='ltr'><strong>oc-</strong></span> 
     </span>
    </p>
   </div>
   <div class='ocr_carea' id='block_1_85' title="bbox 2079 4062 3648 4130">
    <p class='ocr_par' dir='ltr' id='par_1_85' title="bbox 2079 4062 3648 4130">
     <span class='ocr_line' id='line_1_86' title="bbox 2079 4062 3648 4130; baseline -0.008 -3"><span class='ocrx_word' id='word_1_613' title='bbox 2079 4069 2270 4127; x_wconf 89' lang='lat' dir='ltr'><strong>cludit.</strong></span> <span class='ocrx_word' id='word_1_614' title='bbox 2328 4066 2452 4123; x_wconf 64' lang='lat' dir='ltr'><strong>Haec</strong></span> <span class='ocrx_word' id='word_1_615' title='bbox 2501 4075 2681 4121; x_wconf 88' lang='lat' dir='ltr'><strong>autem</strong></span> <span class='ocrx_word' id='word_1_616' title='bbox 2743 4067 2814 4120; x_wconf 88' lang='lat' dir='ltr'><strong>ita</strong></span> <span class='ocrx_word' id='word_1_617' title='bbox 2873 4067 3070 4121; x_wconf 86' lang='lat' dir='ltr'><strong>habere</strong></span> <span class='ocrx_word' id='word_1_618' title='bbox 3121 4067 3373 4130; x_wconf 89' lang='lat' dir='ltr'><strong>dicimus,</strong></span> <span class='ocrx_word' id='word_1_619' title='bbox 3434 4065 3478 4117; x_wconf 83' lang='lat' dir='ltr'><strong>si</strong></span> <span class='ocrx_word' id='word_1_620' title='bbox 3532 4062 3648 4116; x_wconf 88' lang='lat' dir='ltr'><strong>sine</strong></span> 
     </span>
    </p>
   </div>
   <div class='ocr_carea' id='block_1_86' title="bbox 2084 4155 3649 4228">
    <p class='ocr_par' dir='ltr' id='par_1_86' title="bbox 2084 4155 3649 4228">
     <span class='ocr_line' id='line_1_87' title="bbox 2084 4155 3649 4228; baseline -0.006 -12"><span class='ocrx_word' id='word_1_621' title='bbox 2084 4160 2336 4217; x_wconf 69' lang='lat' dir='ltr'><strong>Ecclesiae</strong></span> <span class='ocrx_word' id='word_1_622' title='bbox 2390 4159 2583 4214; x_wconf 89' lang='lat' dir='ltr'><strong>notitia</strong></span> <span class='ocrx_word' id='word_1_623' title='bbox 2616 4167 2735 4228; x_wconf 89' lang='lat' dir='ltr'><strong>post</strong></span> <span class='ocrx_word' id='word_1_624' title='bbox 2781 4158 3146 4213; x_wconf 86' lang='lat' dir='ltr'><strong>sacerdotium</strong></span> <span class='ocrx_word' id='word_1_625' title='bbox 3191 4157 3315 4226; x_wconf 81' lang='lat' dir='ltr'><strong>quis</strong></span> <span class='ocrx_word' id='word_1_626' title='bbox 3370 4155 3649 4209; x_wconf 84' lang='lat' dir='ltr'><strong>umtilatus</strong></span> 
     </span>
    </p>
   </div>
   <div class='ocr_carea' id='block_1_87' title="bbox 1634 4277 2415 4358">
    <p class='ocr_par' dir='ltr' id='par_1_87' title="bbox 1634 4277 2415 4358">
     <span class='ocr_line' id='line_1_88' title="bbox 1634 4277 2415 4358; baseline -0.003 -20"><span class='ocrx_word' id='word_1_627' title='bbox 1634 4277 1824 4342; x_wconf 89' lang='lat' dir='ltr'><strong>Guill.</strong></span> <span class='ocrx_word' id='word_1_628' title='bbox 1864 4277 2190 4358; x_wconf 83' lang='lat' dir='ltr'><strong>Beveregii</strong></span> <span class='ocrx_word' id='word_1_629' title='bbox 2223 4281 2415 4338; x_wconf 60' lang='lat' dir='ltr'><strong>notat.</strong></span> 
     </span>
    </p>
   </div>
   <div class='ocr_carea' id='block_1_88' title="bbox 392 4391 3641 4464">
    <p class='ocr_par' dir='ltr' id='par_1_88' title="bbox 392 4391 3641 4464">
     <span class='ocr_line' id='line_1_89' title="bbox 392 4391 3641 4464; baseline -0.003 -9"><span class='ocrx_word' id='word_1_630' title='bbox 392 4413 525 4456; x_wconf 84' lang='lat' dir='ltr'><strong>ante</strong></span> <span class='ocrx_word' id='word_1_631' title='bbox 555 4406 801 4452; x_wconf 81' lang='lat' dir='ltr'><strong>coactam</strong></span> <span class='ocrx_word' id='word_1_632' title='bbox 838 4395 976 4449; x_wconf 81' lang='lat' dir='ltr'><strong>hanc</strong></span> <span class='ocrx_word' id='word_1_633' title='bbox 1003 4396 1264 4464; x_wconf 83' lang='lat' dir='ltr'><strong>synodum</strong></span> <span class='ocrx_word' id='word_1_634' title='bbox 1310 4395 1464 4449; x_wconf 89' lang='lat' dir='ltr'><strong>nobis</strong></span> <span class='ocrx_word' id='word_1_635' title='bbox 1506 4404 1850 4464; x_wconf 83' lang='lat' dir='ltr'><strong>perpetrasse</strong></span> <span class='ocrx_word' id='word_1_636' title='bbox 1886 4398 1967 4452; x_wconf 91' lang='lat' dir='ltr'><strong>vi-</strong></span> <span class='ocrx_word' id='word_1_637' title='bbox 1997 4406 2040 4461; x_wconf 84' lang='grc' dir='ltr'><em>ι)</em></span> <span class='ocrx_word' id='word_1_638' title='bbox 2071 4412 2120 4451; x_wconf 91' lang='lat' dir='ltr'><strong>c.</strong></span> <span class='ocrx_word' id='word_1_639' title='bbox 2155 4395 2247 4450; x_wconf 70' lang='grc'><strong>24.</strong></span> <span class='ocrx_word' id='word_1_640' title='bbox 2282 4393 2547 4448; x_wconf 86' lang='lat' dir='ltr'><strong>Nimirum</strong></span> <span class='ocrx_word' id='word_1_641' title='bbox 2598 4393 2702 4464; x_wconf 86' lang='lat' dir='ltr'><strong>hoc</strong></span> <span class='ocrx_word' id='word_1_642' title='bbox 2750 4407 2956 4446; x_wconf 89' lang='lat' dir='ltr'><strong>canone</strong></span> <span class='ocrx_word' id='word_1_643' title='bbox 3003 4402 3219 4464; x_wconf 83' lang='lat' dir='ltr'><strong>cautum</strong></span> <span class='ocrx_word' id='word_1_644' title='bbox 3270 4402 3377 4464; x_wconf 82' lang='lat' dir='ltr'><strong>est,</strong></span> <span class='ocrx_word' id='word_1_645' title='bbox 3424 4400 3486 4464; x_wconf 78' lang='grc' dir='ltr'><strong>ιιι</strong></span> <span class='ocrx_word' id='word_1_646' title='bbox 3525 4391 3641 4459; x_wconf 85' lang='lat' dir='ltr'><strong>qui,</strong></span> 
     </span>
    </p>
   </div>
   <div class='ocr_carea' id='block_1_89' title="bbox 393 4466 1966 4535">
    <p class='ocr_par' dir='ltr' id='par_1_89' title="bbox 393 4466 1966 4535">
     <span class='ocr_line' id='line_1_90' title="bbox 393 4466 1966 4535; baseline -0.001 -11"><span class='ocrx_word' id='word_1_647' title='bbox 393 4475 581 4531; x_wconf 86' lang='lat' dir='ltr'><strong>detur,</strong></span> <span class='ocrx_word' id='word_1_648' title='bbox 614 4478 668 4520; x_wconf 80' lang='lat' dir='ltr'><strong>et</strong></span> <span class='ocrx_word' id='word_1_649' title='bbox 697 4467 946 4520; x_wconf 79' lang='lat' dir='ltr'><strong>Patrihus</strong></span> <span class='ocrx_word' id='word_1_650' title='bbox 1007 4467 1058 4518; x_wconf 87' lang='lat' dir='ltr'><strong>in</strong></span> <span class='ocrx_word' id='word_1_651' title='bbox 1106 4481 1168 4520; x_wconf 87' lang='lat' dir='ltr'><strong>ea</strong></span> <span class='ocrx_word' id='word_1_652' title='bbox 1197 4466 1509 4520; x_wconf 81' lang='lat' dir='ltr'><strong>convocatis</strong></span> <span class='ocrx_word' id='word_1_653' title='bbox 1535 4466 1690 4535; x_wconf 90' lang='lat' dir='ltr'><strong>hujus</strong></span> <span class='ocrx_word' id='word_1_654' title='bbox 1739 4469 1966 4523; x_wconf 80' lang='lat' dir='ltr'><strong>canonis</strong></span> 
     </span>
    </p>
   </div>
   <div class='ocr_carea' id='block_1_90' title="bbox 392 4536 1967 4606">
    <p class='ocr_par' dir='ltr' id='par_1_90' title="bbox 392 4536 1967 4606">
     <span class='ocr_line' id='line_1_91' title="bbox 392 4536 1967 4606; baseline 0.001 -14"><span class='ocrx_word' id='word_1_655' title='bbox 392 4547 468 4593; x_wconf 80' lang='lat' dir='ltr'><strong>de</strong></span> <span class='ocrx_word' id='word_1_656' title='bbox 497 4553 641 4593; x_wconf 88' lang='lat' dir='ltr'><strong>novo</strong></span> <span class='ocrx_word' id='word_1_657' title='bbox 672 4537 948 4590; x_wconf 78' lang='lat' dir='ltr'><strong>sanciemli</strong></span> <span class='ocrx_word' id='word_1_658' title='bbox 975 4536 1318 4606; x_wconf 76' lang='lat' dir='ltr'><strong>occasionem</strong></span> <span class='ocrx_word' id='word_1_659' title='bbox 1346 4536 1678 4603; x_wconf 64' lang='lat' dir='ltr'><strong>przbuisse:</strong></span> <span class='ocrx_word' id='word_1_660' title='bbox 1713 4551 1779 4590; x_wconf 86' lang='lat' dir='ltr'><strong>ex</strong></span> <span class='ocrx_word' id='word_1_661' title='bbox 1808 4539 1967 4606; x_wconf 88' lang='lat' dir='ltr'><strong>cujus</strong></span> 
     </span>
    </p>
   </div>
   <div class='ocr_carea' id='block_1_91' title="bbox 394 4605 1966 4672">
    <p class='ocr_par' dir='ltr' id='par_1_91' title="bbox 394 4605 1966 4672">
     <span class='ocr_line' id='line_1_92' title="bbox 394 4605 1966 4672; baseline -0.005 -9"><span class='ocrx_word' id='word_1_662' title='bbox 394 4611 564 4664; x_wconf 85' lang='lat' dir='ltr'><strong>etiam</strong></span> <span class='ocrx_word' id='word_1_663' title='bbox 613 4607 862 4661; x_wconf 83' lang='lat' dir='ltr'><strong>instituto</strong></span> <span class='ocrx_word' id='word_1_664' title='bbox 909 4606 1166 4660; x_wconf 84' lang='lat' dir='ltr'><strong>Leontius</strong></span> <span class='ocrx_word' id='word_1_665' title='bbox 1243 4605 1385 4658; x_wconf 87' lang='lat' dir='ltr'><strong>illico</strong></span> <span class='ocrx_word' id='word_1_666' title='bbox 1433 4606 1842 4672; x_wconf 85' lang='lat' dir='ltr'><strong>deponebatur;</strong></span> <span class='ocrx_word' id='word_1_667' title='bbox 1880 4605 1966 4660; x_wconf 34' lang='lat' dir='ltr'><strong>’ut</strong></span> 
     </span>
    </p>
   </div>
   <div class='ocr_carea' id='block_1_92' title="bbox 399 4673 1968 4742">
    <p class='ocr_par' dir='ltr' id='par_1_92' title="bbox 399 4673 1968 4742">
     <span class='ocr_line' id='line_1_93' title="bbox 399 4673 1968 4742; baseline -0.001 -11"><span class='ocrx_word' id='word_1_668' title='bbox 399 4687 637 4731; x_wconf 68' lang='lat' dir='ltr'><strong>testatur</strong></span> <span class='ocrx_word' id='word_1_669' title='bbox 665 4676 1018 4737; x_wconf 82' lang='lat' dir='ltr'><strong>Athanasius,</strong></span> <span class='ocrx_word' id='word_1_670' title='bbox 1068 4677 1156 4742; x_wconf 89' lang='lat' dir='ltr'><strong>qui</strong></span> <span class='ocrx_word' id='word_1_671' title='bbox 1209 4684 1329 4742; x_wconf 80' lang='lat' dir='ltr'><strong>post</strong></span> <span class='ocrx_word' id='word_1_672' title='bbox 1369 4673 1532 4728; x_wconf 80' lang='lat' dir='ltr'><strong>verba</strong></span> <span class='ocrx_word' id='word_1_673' title='bbox 1586 4685 1712 4729; x_wconf 88' lang='lat' dir='ltr'><strong>ante</strong></span> <span class='ocrx_word' id='word_1_674' title='bbox 1755 4676 1968 4730; x_wconf 84' lang='lat' dir='ltr'><strong>laudata</strong></span> 
     </span>
    </p>
   </div>
   <div class='ocr_carea' id='block_1_93' title="bbox 397 4744 1970 4816">
    <p class='ocr_par' dir='ltr' id='par_1_93' title="bbox 397 4744 1970 4816">
     <span class='ocr_line' id='line_1_94' title="bbox 397 4744 1970 4816; baseline -0.002 -14"><span class='ocrx_word' id='word_1_675' title='bbox 397 4748 719 4802; x_wconf 74' lang='lat' dir='ltr'><strong>immediate</strong></span> <span class='ocrx_word' id='word_1_676' title='bbox 771 4745 1050 4812; x_wconf 74' lang='lat' dir='ltr'><strong>subjungit</strong></span> <span class='ocrx_word' id='word_1_677' title='bbox 1089 4747 1223 4816; x_wconf 72' lang='lat' dir='ltr'><strong>lucc,</strong></span> <span class='ocrx_word' id='word_1_678' title='bbox 1262 4744 1374 4797; x_wconf 79' lang='grc' dir='ltr'><strong>Καὶ</strong></span> <span class='ocrx_word' id='word_1_679' title='bbox 1423 4745 1524 4813; x_wconf 83' lang='grc' dir='ltr'><em>τὴν</em></span> <span class='ocrx_word' id='word_1_680' title='bbox 1577 4744 1676 4816; x_wconf 66' lang='grc' dir='ltr'><strong>μεν</strong></span> <span class='ocrx_word' id='word_1_681' title='bbox 1731 4744 1970 4816; x_wconf 82' lang='grc' dir='ltr'><em>ὑποψίαν</em></span> 
     </span>
    </p>
   </div>
   <div class='ocr_carea' id='block_1_94' title="bbox 397 4814 1971 4885">
    <p class='ocr_par' dir='ltr' id='par_1_94' title="bbox 397 4814 1971 4885">
     <span class='ocr_line' id='line_1_95' title="bbox 397 4814 1971 4885; baseline -0.001 -13"><span class='ocrx_word' id='word_1_682' title='bbox 397 4821 504 4872; x_wconf 79' lang='grc' dir='ltr'><em>οὐκ</em></span> <span class='ocrx_word' id='word_1_683' title='bbox 535 4816 839 4883; x_wconf 70' lang='grc' dir='ltr'><em>ἀπενίψατο</em></span> <span class='ocrx_word' id='word_1_684' title='bbox 869 4832 880 4844; x_wconf 90' lang='grc'>·</span> <span class='ocrx_word' id='word_1_685' title='bbox 917 4816 1004 4868; x_wconf 76' lang='grc' dir='ltr'><em>διὰ</em></span> <span class='ocrx_word' id='word_1_686' title='bbox 1037 4815 1192 4868; x_wconf 80' lang='grc' dir='ltr'><em>τοῦτο</em></span> <span class='ocrx_word' id='word_1_687' title='bbox 1229 4817 1429 4885; x_wconf 81' lang='grc' dir='ltr'><em>μᾶλλον</em></span> <span class='ocrx_word' id='word_1_688' title='bbox 1465 4814 1860 4885; x_wconf 74' lang='grc' dir='ltr'><em>πρεσϐύτερος</em></span> <span class='ocrx_word' id='word_1_689' title='bbox 1895 4814 1971 4870; x_wconf 83' lang='grc' dir='ltr'><em>ὢν</em></span> 
     </span>
    </p>
   </div>
   <div class='ocr_carea' id='block_1_95' title="bbox 398 4884 1971 4959">
    <p class='ocr_par' dir='ltr' id='par_1_95' title="bbox 398 4884 1971 4959">
     <span class='ocr_line' id='line_1_96' title="bbox 398 4884 1971 4959; baseline 0.001 -19"><span class='ocrx_word' id='word_1_690' title='bbox 398 4886 712 4959; x_wconf 74' lang='grc' dir='ltr'><em>καθῃρέθη.</em></span> <span class='ocrx_word' id='word_1_691' title='bbox 773 4886 986 4959; x_wconf 75' lang='lat' dir='ltr'><strong>Athan.</strong></span> <span class='ocrx_word' id='word_1_692' title='bbox 1025 4886 1156 4959; x_wconf 62' lang='lat' dir='ltr'><strong>ibid.</strong></span> <span class='ocrx_word' id='word_1_693' title='bbox 1210 4884 1273 4937; x_wconf 85' lang='lat' dir='ltr'><strong>Et</strong></span> <span class='ocrx_word' id='word_1_694' title='bbox 1311 4886 1610 4959; x_wconf 66' lang='lat' dir='ltr'><strong>Socrates,</strong></span> <span class='ocrx_word' id='word_1_695' title='bbox 1634 4884 1752 4959; x_wconf 35' lang='lat' dir='ltr'><strong>Ade</strong></span> <span class='ocrx_word' id='word_1_696' title='bbox 1783 4886 1971 4959; x_wconf 69' lang='lat' dir='ltr'><strong>eodem</strong></span> 
     </span>
    </p>
   </div>
   <div class='ocr_carea' id='block_1_96' title="bbox 400 4951 1970 5025">
    <p class='ocr_par' dir='ltr' id='par_1_96' title="bbox 400 4951 1970 5025">
     <span class='ocr_line' id='line_1_97' title="bbox 400 4951 1970 5025; baseline -0.003 -13"><span class='ocrx_word' id='word_1_697' title='bbox 400 4951 635 5012; x_wconf 62' lang='lat' dir='ltr'><strong>Leontio</strong></span> <span class='ocrx_word' id='word_1_698' title='bbox 665 4951 922 5025; x_wconf 80' lang='lat' dir='ltr'><strong>loquens.</strong></span> <span class='ocrx_word' id='word_1_699' title='bbox 943 4957 1038 5019; x_wconf 66' lang='lat' dir='ltr'><strong>ait,</strong></span> <span class='ocrx_word' id='word_1_700' title='bbox 1071 4955 1276 5018; x_wconf 73' lang='grc' dir='ltr'><em>υΟστις,</em></span> <span class='ocrx_word' id='word_1_701' title='bbox 1299 4955 1460 5025; x_wconf 83' lang='grc' dir='ltr'><em>ἡνίκα</em></span> <span class='ocrx_word' id='word_1_702' title='bbox 1479 4951 1970 5025; x_wconf 76' lang='grc' dir='ltr'><em>πρεσϐύτεροςῆν,</em></span> 
     </span>
    </p>
   </div>
   <div class='ocr_carea' id='block_1_97' title="bbox 399 5024 1972 5097">
    <p class='ocr_par' dir='ltr' id='par_1_97' title="bbox 399 5024 1972 5097">
     <span class='ocr_line' id='line_1_98' title="bbox 399 5024 1972 5097; baseline -0.002 -17"><span class='ocrx_word' id='word_1_703' title='bbox 399 5026 662 5097; x_wconf 78' lang='grc' dir='ltr'><em>ἀφῃρέθη</em></span> <span class='ocrx_word' id='word_1_704' title='bbox 719 5025 819 5097; x_wconf 77' lang='grc' dir='ltr'><em>τῆς</em></span> <span class='ocrx_word' id='word_1_705' title='bbox 870 5024 1048 5089; x_wconf 82' lang='grc' dir='ltr'><em>ἀξίας,</em></span> <span class='ocrx_word' id='word_1_706' title='bbox 1111 5026 1192 5097; x_wconf 73' lang='grc' dir='ltr'><em>ὅτι</em></span> <span class='ocrx_word' id='word_1_707' title='bbox 1239 5024 1461 5092; x_wconf 73' lang='grc' dir='ltr'><em>γυναικὶ</em></span> <span class='ocrx_word' id='word_1_708' title='bbox 1510 5024 1972 5097; x_wconf 78' lang='grc' dir='ltr'><em>συνδιημερεύων,</em></span> 
     </span>
    </p>
   </div>
   <div class='ocr_carea' id='block_1_98' title="bbox 403 5094 1975 5164">
    <p class='ocr_par' dir='ltr' id='par_1_98' title="bbox 403 5094 1975 5164">
     <span class='ocr_line' id='line_1_99' title="bbox 403 5094 1975 5164; baseline -0.001 -15"><span class='ocrx_word' id='word_1_709' title='bbox 403 5094 678 5164; x_wconf 75' lang='grc' dir='ltr'><em>Εὐστολίᾳ</em></span> <span class='ocrx_word' id='word_1_710' title='bbox 712 5095 902 5164; x_wconf 71' lang='grc' dir='ltr'><em>ὄνομα,</em></span> <span class='ocrx_word' id='word_1_711' title='bbox 939 5096 1034 5148; x_wconf 78' lang='grc' dir='ltr'><em>καὶ</em></span> <span class='ocrx_word' id='word_1_712' title='bbox 1081 5095 1181 5161; x_wconf 84' lang='grc' dir='ltr'><em>τὴν</em></span> <span class='ocrx_word' id='word_1_713' title='bbox 1214 5099 1292 5158; x_wconf 77' lang='grc' dir='ltr'><em>εἰς</em></span> <span class='ocrx_word' id='word_1_714' title='bbox 1339 5097 1511 5163; x_wconf 75' lang='grc' dir='ltr'><em>αυτὴν</em></span> <span class='ocrx_word' id='word_1_715' title='bbox 1548 5094 1784 5163; x_wconf 84' lang='grc' dir='ltr'><em>αἰσχρὰν</em></span> <span class='ocrx_word' id='word_1_716' title='bbox 1845 5095 1975 5147; x_wconf 75' lang='grc' dir='ltr'><strong>ὑπὸ·</strong></span> 
     </span>
    </p>
   </div>
   <div class='ocr_carea' id='block_1_99' title="bbox 401 5163 1975 5232">
    <p class='ocr_par' dir='ltr' id='par_1_99' title="bbox 401 5163 1975 5232">
     <span class='ocr_line' id='line_1_100' title="bbox 401 5163 1975 5232; baseline -0.001 -15"><span class='ocrx_word' id='word_1_717' title='bbox 401 5184 557 5219; x_wconf 81' lang='grc' dir='ltr'><em>νοιαν</em></span> <span class='ocrx_word' id='word_1_718' title='bbox 589 5163 889 5232; x_wconf 73' lang='grc' dir='ltr'><em>ἐπικρύψαι</em></span> <span class='ocrx_word' id='word_1_719' title='bbox 920 5165 1250 5230; x_wconf 79' lang='grc' dir='ltr'><em>σπουδάσας,</em></span> <span class='ocrx_word' id='word_1_720' title='bbox 1285 5167 1394 5216; x_wconf 81' lang='grc' dir='ltr'><em>τῶν</em></span> <span class='ocrx_word' id='word_1_721' title='bbox 1424 5165 1761 5232; x_wconf 85' lang='grc' dir='ltr'><em>γεννητικῶν</em></span> <span class='ocrx_word' id='word_1_722' title='bbox 1792 5163 1975 5228; x_wconf 77' lang='grc' dir='ltr'><em>ἐξέτε-</em></span> 
     </span>
    </p>
   </div>
   <div class='ocr_carea' id='block_1_100' title="bbox 406 5233 1973 5306">
    <p class='ocr_par' dir='ltr' id='par_1_100' title="bbox 406 5233 1973 5306">
     <span class='ocr_line' id='line_1_101' title="bbox 406 5233 1973 5306; baseline -0.001 -18"><span class='ocrx_word' id='word_1_723' title='bbox 406 5253 512 5306; x_wconf 86' lang='grc' dir='ltr'><strong>μεν</strong></span> <span class='ocrx_word' id='word_1_724' title='bbox 565 5235 776 5306; x_wconf 71' lang='grc' dir='ltr'><em>ὲαυτόν.</em></span> <span class='ocrx_word' id='word_1_725' title='bbox 819 5234 1027 5289; x_wconf 86' lang='lat' dir='ltr'><strong>Socrat.</strong></span> <span class='ocrx_word' id='word_1_726' title='bbox 1050 5234 1207 5306; x_wconf 9' lang='lat' dir='ltr'><strong>Vllist.</strong></span> <span class='ocrx_word' id='word_1_727' title='bbox 1253 5236 1439 5288; x_wconf 80' lang='lat' dir='ltr'><strong>eccles.</strong></span> <span class='ocrx_word' id='word_1_728' title='bbox 1471 5234 1506 5288; x_wconf 92' lang='grc'><em>1.</em></span> <span class='ocrx_word' id='word_1_729' title='bbox 1538 5249 1598 5298; x_wconf 87' lang='grc' dir='ltr'><strong>ιι,</strong></span> <span class='ocrx_word' id='word_1_730' title='bbox 1631 5249 1681 5287; x_wconf 93' lang='lat' dir='ltr'><strong>c.</strong></span> <span class='ocrx_word' id='word_1_731' title='bbox 1707 5233 1799 5289; x_wconf 69' lang='lat'><strong>26.</strong></span> <span class='ocrx_word' id='word_1_732' title='bbox 1831 5235 1973 5288; x_wconf 88' lang='lat' dir='ltr'><strong>Idem</strong></span> 
     </span>
    </p>
   </div>
   <div class='ocr_carea' id='block_1_101' title="bbox 407 5304 1978 5365">
    <p class='ocr_par' dir='ltr' id='par_1_101' title="bbox 407 5304 1978 5365">
     <span class='ocr_line' id='line_1_102' title="bbox 407 5304 1978 5365; baseline -0.001 -8"><span class='ocrx_word' id='word_1_733' title='bbox 407 5304 592 5358; x_wconf 83' lang='lat' dir='ltr'><strong>autem</strong></span> <span class='ocrx_word' id='word_1_734' title='bbox 628 5304 883 5358; x_wconf 82' lang='lat' dir='ltr'><strong>Leontius</strong></span> <span class='ocrx_word' id='word_1_735' title='bbox 916 5307 981 5355; x_wconf 89' lang='lat' dir='ltr'><strong>ad</strong></span> <span class='ocrx_word' id='word_1_736' title='bbox 1037 5305 1428 5358; x_wconf 71' lang='lat' dir='ltr'><strong>Autiochenutn</strong></span> <span class='ocrx_word' id='word_1_737' title='bbox 1491 5306 1742 5358; x_wconf 80' lang='lat' dir='ltr'><strong>thronum</strong></span> <span class='ocrx_word' id='word_1_738' title='bbox 1791 5315 1978 5365; x_wconf 85' lang='lat' dir='ltr'><strong>postea</strong></span> 
     </span>
    </p>
   </div>
   <div class='ocr_carea' id='block_1_102' title="bbox 409 5373 1977 5441">
    <p class='ocr_par' dir='ltr' id='par_1_102' title="bbox 409 5373 1977 5441">
     <span class='ocr_line' id='line_1_103' title="bbox 409 5373 1977 5441; baseline -0.001 -13"><span class='ocrx_word' id='word_1_739' title='bbox 409 5386 696 5441; x_wconf 83' lang='lat' dir='ltr'><strong>promotus</strong></span> <span class='ocrx_word' id='word_1_740' title='bbox 741 5383 844 5432; x_wconf 86' lang='lat' dir='ltr'><strong>est.</strong></span> <span class='ocrx_word' id='word_1_741' title='bbox 891 5376 984 5427; x_wconf 84' lang='lat' dir='ltr'><strong>sed</strong></span> <span class='ocrx_word' id='word_1_742' title='bbox 1040 5387 1228 5427; x_wconf 88' lang='lat' dir='ltr'><strong>contra</strong></span> <span class='ocrx_word' id='word_1_743' title='bbox 1289 5374 1504 5436; x_wconf 71' lang='lat' dir='ltr'><strong>mucilii</strong></span> <span class='ocrx_word' id='word_1_744' title='bbox 1567 5375 1725 5440; x_wconf 88' lang='lat' dir='ltr'><strong>hujus</strong></span> <span class='ocrx_word' id='word_1_745' title='bbox 1775 5373 1977 5427; x_wconf 68' lang='lat' dir='ltr'><strong>Nicaeui</strong></span> 
     </span>
    </p>
   </div>
   <div class='ocr_carea' id='block_1_103' title="bbox 407 5445 1973 5512">
    <p class='ocr_par' dir='ltr' id='par_1_103' title="bbox 407 5445 1973 5512">
     <span class='ocr_line' id='line_1_104' title="bbox 407 5445 1973 5512; baseline -0.003 -14"><span class='ocrx_word' id='word_1_746' title='bbox 407 5450 654 5507; x_wconf 84' lang='lat' dir='ltr'><strong>decreta,</strong></span> <span class='ocrx_word' id='word_1_747' title='bbox 719 5455 773 5497; x_wconf 92' lang='lat' dir='ltr'><strong>ut</strong></span> <span class='ocrx_word' id='word_1_748' title='bbox 829 5446 944 5510; x_wconf 82' lang='lat' dir='ltr'><strong>ipse</strong></span> <span class='ocrx_word' id='word_1_749' title='bbox 1002 5460 1218 5512; x_wconf 84' lang='lat' dir='ltr'><strong>quoque</strong></span> <span class='ocrx_word' id='word_1_750' title='bbox 1275 5445 1644 5498; x_wconf 86' lang='lat' dir='ltr'><strong>Theodoretus</strong></span> <span class='ocrx_word' id='word_1_751' title='bbox 1697 5445 1973 5506; x_wconf 83' lang='lat' dir='ltr'><strong>observat,</strong></span> 
     </span>
    </p>
   </div>
   <div class='ocr_carea' id='block_1_104' title="bbox 412 5512 1978 5584">
    <p class='ocr_par' dir='ltr' id='par_1_104' title="bbox 412 5512 1978 5584">
     <span class='ocr_line' id='line_1_105' title="bbox 412 5512 1978 5584; baseline 0 -20"><span class='ocrx_word' id='word_1_752' title='bbox 412 5517 625 5573; x_wconf 76' lang='lat' dir='ltr'><strong>dicens.</strong></span> <span class='ocrx_word' id='word_1_753' title='bbox 673 5515 761 5566; x_wconf 86' lang='grc' dir='ltr'><em>Ἐν</em></span> <span class='ocrx_word' id='word_1_754' title='bbox 799 5514 1099 5584; x_wconf 78' lang='grc' dir='ltr'><em>Ἀντιοχείᾳ</em></span> <span class='ocrx_word' id='word_1_755' title='bbox 1137 5516 1275 5584; x_wconf 82' lang='grc' dir='ltr'><em>μετά</em></span> <span class='ocrx_word' id='word_1_756' title='bbox 1303 5512 1850 5584; x_wconf 13' lang='grc' dir='ltr'><em>ΣτέφανονίΛεόντιος</em></span> <span class='ocrx_word' id='word_1_757' title='bbox 1880 5515 1978 5581; x_wconf 81' lang='grc' dir='ltr'><em>τὴν</em></span> 
     </span>
    </p>
   </div>
   <div class='ocr_carea' id='block_1_105' title="bbox 413 5582 1977 5654">
    <p class='ocr_par' dir='ltr' id='par_1_105' title="bbox 413 5582 1977 5654">
     <span class='ocr_line' id='line_1_106' title="bbox 413 5582 1977 5654; baseline -0.002 -17"><span class='ocrx_word' id='word_1_758' title='bbox 413 5585 714 5654; x_wconf 76' lang='grc' dir='ltr'><em>προεδρίαν</em></span> <span class='ocrx_word' id='word_1_759' title='bbox 746 5582 962 5647; x_wconf 78' lang='grc' dir='ltr'><em>ἐδέξατο</em></span> <span class='ocrx_word' id='word_1_760' title='bbox 1010 5582 1161 5651; x_wconf 77' lang='grc' dir='ltr'><em>παρὰ</em></span> <span class='ocrx_word' id='word_1_761' title='bbox 1188 5586 1314 5652; x_wconf 77' lang='grc' dir='ltr'><em>τοὺς</em></span> <span class='ocrx_word' id='word_1_762' title='bbox 1343 5586 1399 5634; x_wconf 81' lang='grc' dir='ltr'><em>ὲν</em></span> <span class='ocrx_word' id='word_1_763' title='bbox 1429 5583 1638 5654; x_wconf 63' lang='grc' dir='ltr'><em>Νικαία</em></span> <span class='ocrx_word' id='word_1_764' title='bbox 1662 5587 1977 5654; x_wconf 69' lang='grc' dir='ltr'><em>γραφέντας</em></span> 
     </span>
    </p>
   </div>
   <div class='ocr_carea' id='block_1_106' title="bbox 411 5647 1980 5722">
    <p class='ocr_par' dir='ltr' id='par_1_106' title="bbox 411 5647 1980 5722">
     <span class='ocr_line' id='line_1_107' title="bbox 411 5647 1980 5722; baseline -0.001 -18"><span class='ocrx_word' id='word_1_765' title='bbox 411 5647 818 5721; x_wconf 73' lang='grc' dir='ltr'><em>ὄρους’ταύτην</em></span> <span class='ocrx_word' id='word_1_766' title='bbox 855 5654 1057 5705; x_wconf 73' lang='grc' dir='ltr'><em>λαϐώνο</em></span> <span class='ocrx_word' id='word_1_767' title='bbox 1091 5647 1352 5722; x_wconf 74' lang='grc' dir='ltr'><em>ἐκτομίας</em></span> <span class='ocrx_word' id='word_1_768' title='bbox 1386 5653 1497 5722; x_wconf 83' lang='grc' dir='ltr'><strong>γὰρ</strong></span> <span class='ocrx_word' id='word_1_769' title='bbox 1538 5647 1628 5720; x_wconf 73' lang='grc' dir='ltr'><em>ἢν,</em></span> <span class='ocrx_word' id='word_1_770' title='bbox 1677 5647 1980 5722; x_wconf 58' lang='grc' dir='ltr'><em>αὐτουργὸς</em></span> 
     </span>
    </p>
   </div>
   <div class='ocr_carea' id='block_1_107' title="bbox 415 5669 1979 5793">
    <p class='ocr_par' dir='ltr' id='par_1_107' title="bbox 415 5669 1979 5793">
     <span class='ocr_line' id='line_1_108' title="bbox 415 5669 1979 5722; baseline -0.001 -18"><span class='ocrx_word' id='word_1_771' title='bbox 415 5669 572 5719; x_wconf 81' lang='grc' dir='ltr'><em>ορους</em></span> <span class='ocrx_word' id='word_1_772' title='bbox 613 5671 818 5721; x_wconf 81' lang='grc' dir='ltr'><em>ταυτην</em></span> <span class='ocrx_word' id='word_1_773' title='bbox 855 5669 1057 5705; x_wconf 75' lang='grc' dir='ltr'><em>Λαοων⁶</em></span> <span class='ocrx_word' id='word_1_774' title='bbox 1091 5669 1352 5722; x_wconf 83' lang='grc' dir='ltr'><em>εκτομιας</em></span> <span class='ocrx_word' id='word_1_775' title='bbox 1386 5669 1494 5721; x_wconf 87' lang='grc' dir='ltr'><em>γαρ</em></span> <span class='ocrx_word' id='word_1_776' title='bbox 1538 5669 1628 5720; x_wconf 90' lang='grc' dir='ltr'><strong>ην,</strong></span> <span class='ocrx_word' id='word_1_777' title='bbox 1679 5669 1845 5703; x_wconf 78' lang='grc' dir='ltr'><em>αυτου</em></span> <span class='ocrx_word' id='word_1_778' title='bbox 1887 5669 1979 5718; x_wconf 84' lang='grc' dir='ltr'><em>γος</em></span> 
     </span>
     <span class='ocr_line' id='line_1_109' title="bbox 415 5669 1979 5793; baseline 0.001 -19"><span class='ocrx_word' id='word_1_779' title='bbox 415 5723 702 5793; x_wconf 68' lang='grc' dir='ltr'><em>πενόμενος</em></span> <span class='ocrx_word' id='word_1_780' title='bbox 751 5725 846 5791; x_wconf 77' lang='grc' dir='ltr'><em>τῆς</em></span> <span class='ocrx_word' id='word_1_781' title='bbox 873 5723 1094 5790; x_wconf 81' lang='grc' dir='ltr'><em>τόλμης.</em></span> <span class='ocrx_word' id='word_1_782' title='bbox 1130 5723 1398 5780; x_wconf 69' lang='grc' dir='ltr'><em>ΤΙιιτοιιυν.</em></span> <span class='ocrx_word' id='word_1_783' title='bbox 1450 5721 1596 5778; x_wconf 80' lang='lat' dir='ltr'><strong>Hist.</strong></span> <span class='ocrx_word' id='word_1_784' title='bbox 1635 5721 1815 5776; x_wconf 66' lang='grc' dir='ltr'><em>ποίεε.</em></span> <span class='ocrx_word' id='word_1_785' title='bbox 1920 5737 1979 5784; x_wconf 85' lang='grc' dir='ltr'><strong>ιι,</strong></span> 
     </span>
    </p>
   </div>
   <div class='ocr_carea' id='block_1_108' title="bbox 2081 4461 3648 4531">
    <p class='ocr_par' dir='ltr' id='par_1_108' title="bbox 2081 4461 3648 4531">
     <span class='ocr_line' id='line_1_110' title="bbox 2081 4461 3648 4531; baseline -0.004 -11"><span class='ocrx_word' id='word_1_786' title='bbox 2081 4481 2204 4520; x_wconf 89' lang='lat' dir='ltr'><strong>cum</strong></span> <span class='ocrx_word' id='word_1_787' title='bbox 2235 4480 2401 4518; x_wconf 85' lang='lat' dir='ltr'><strong>sanus</strong></span> <span class='ocrx_word' id='word_1_788' title='bbox 2428 4472 2595 4527; x_wconf 84' lang='lat' dir='ltr'><strong>esset,</strong></span> <span class='ocrx_word' id='word_1_789' title='bbox 2625 4463 2860 4531; x_wconf 85' lang='lat' dir='ltr'><strong>seipsum</strong></span> <span class='ocrx_word' id='word_1_790' title='bbox 2889 4462 3380 4518; x_wconf 78' lang='lat' dir='ltr'><strong>exsecuitclericus</strong></span> <span class='ocrx_word' id='word_1_791' title='bbox 3406 4461 3648 4528; x_wconf 76' lang='lat' dir='ltr'><strong>depona-</strong></span> 
     </span>
    </p>
   </div>
   <div class='ocr_carea' id='block_1_109' title="bbox 2076 4532 3648 4600">
    <p class='ocr_par' dir='ltr' id='par_1_109' title="bbox 2076 4532 3648 4600">
     <span class='ocr_line' id='line_1_111' title="bbox 2076 4532 3648 4600; baseline -0.003 -10"><span class='ocrx_word' id='word_1_792' title='bbox 2076 4545 2163 4590; x_wconf 89' lang='lat' dir='ltr'><strong>tur</strong></span> <span class='ocrx_word' id='word_1_793' title='bbox 2197 4553 2210 4600; x_wconf 93' lang='lat'><strong>;</strong></span> <span class='ocrx_word' id='word_1_794' title='bbox 2247 4551 2308 4587; x_wconf 91' lang='lat' dir='ltr'><strong>ac</strong></span> <span class='ocrx_word' id='word_1_795' title='bbox 2338 4536 2562 4598; x_wconf 84' lang='lat' dir='ltr'><strong>proinde</strong></span> <span class='ocrx_word' id='word_1_796' title='bbox 2614 4533 2872 4585; x_wconf 78' lang='lat' dir='ltr'><strong>Leontius</strong></span> <span class='ocrx_word' id='word_1_797' title='bbox 2908 4532 3214 4586; x_wconf 85' lang='lat' dir='ltr'><strong>sacerdotio</strong></span> <span class='ocrx_word' id='word_1_798' title='bbox 3249 4532 3444 4584; x_wconf 89' lang='lat' dir='ltr'><strong>merito</strong></span> <span class='ocrx_word' id='word_1_799' title='bbox 3481 4534 3648 4597; x_wconf 80' lang='lat' dir='ltr'><strong>depo-</strong></span> 
     </span>
    </p>
   </div>
   <div class='ocr_carea' id='block_1_110' title="bbox 2075 4602 3642 4669">
    <p class='ocr_par' dir='ltr' id='par_1_110' title="bbox 2075 4602 3642 4669">
     <span class='ocr_line' id='line_1_112' title="bbox 2075 4602 3642 4669; baseline -0.003 -9"><span class='ocrx_word' id='word_1_800' title='bbox 2075 4607 2322 4660; x_wconf 87' lang='lat' dir='ltr'><strong>nebatur.</strong></span> <span class='ocrx_word' id='word_1_801' title='bbox 2359 4602 2424 4656; x_wconf 85' lang='lat' dir='ltr'><strong>Et</strong></span> <span class='ocrx_word' id='word_1_802' title='bbox 2455 4603 2734 4657; x_wconf 78' lang='lat' dir='ltr'><strong>decretum</strong></span> <span class='ocrx_word' id='word_1_803' title='bbox 2785 4612 2868 4655; x_wconf 92' lang='lat' dir='ltr'><strong>est</strong></span> <span class='ocrx_word' id='word_1_804' title='bbox 2903 4610 3184 4669; x_wconf 74' lang='lat' dir='ltr'><strong>praeterea.</strong></span> <span class='ocrx_word' id='word_1_805' title='bbox 3258 4611 3319 4654; x_wconf 92' lang='lat' dir='ltr'><strong>ut</strong></span> <span class='ocrx_word' id='word_1_806' title='bbox 3369 4603 3491 4655; x_wconf 87' lang='lat' dir='ltr'><strong>talis</strong></span> <span class='ocrx_word' id='word_1_807' title='bbox 3539 4617 3642 4655; x_wconf 83' lang='lat' dir='ltr'><strong>non</strong></span> 
     </span>
    </p>
   </div>
   <div class='ocr_carea' id='block_1_111' title="bbox 2071 4669 3649 4755">
    <p class='ocr_par' dir='ltr' id='par_1_111' title="bbox 2071 4669 3649 4755">
     <span class='ocr_line' id='line_1_113' title="bbox 2071 4669 3649 4755; baseline -0.001 -28"><span class='ocrx_word' id='word_1_808' title='bbox 2071 4682 2524 4755; x_wconf 41' lang='lat' dir='ltr'><strong>promovereturi</strong></span> <span class='ocrx_word' id='word_1_809' title='bbox 2569 4672 2667 4755; x_wconf 81' lang='lat' dir='ltr'><strong>sed</strong></span> <span class='ocrx_word' id='word_1_810' title='bbox 2696 4681 2976 4739; x_wconf 86' lang='lat' dir='ltr'><strong>promotus</strong></span> <span class='ocrx_word' id='word_1_811' title='bbox 3037 4681 3122 4725; x_wconf 89' lang='lat' dir='ltr'><strong>est</strong></span> <span class='ocrx_word' id='word_1_812' title='bbox 3171 4669 3453 4736; x_wconf 83' lang='lat' dir='ltr'><strong>Leontius,</strong></span> <span class='ocrx_word' id='word_1_813' title='bbox 3486 4681 3649 4739; x_wconf 83' lang='lat' dir='ltr'><strong>atque</strong></span> 
     </span>
    </p>
   </div>
   <div class='ocr_carea' id='block_1_112' title="bbox 2072 4742 2667 4798">
    <p class='ocr_par' dir='ltr' id='par_1_112' title="bbox 2072 4742 2667 4798">
     <span class='ocr_line' id='line_1_114' title="bbox 2072 4742 2667 4798; baseline -0.007 0"><span class='ocrx_word' id='word_1_814' title='bbox 2072 4742 2194 4798; x_wconf 82' lang='lat' dir='ltr'><strong>ideo</strong></span> <span class='ocrx_word' id='word_1_815' title='bbox 2219 4758 2390 4796; x_wconf 88' lang='lat' dir='ltr'><strong>canon</strong></span> <span class='ocrx_word' id='word_1_816' title='bbox 2421 4742 2667 4795; x_wconf 81' lang='lat' dir='ltr'><strong>violatus.</strong></span> 
     </span>
    </p>
   </div>
   <div class='ocr_carea' id='block_1_113' title="bbox 2147 4810 3642 4881">
    <p class='ocr_par' dir='ltr' id='par_1_113' title="bbox 2147 4810 3642 4881">
     <span class='ocr_line' id='line_1_115' title="bbox 2147 4810 3642 4881; baseline -0.003 -14"><span class='ocrx_word' id='word_1_817' title='bbox 2147 4812 2259 4881; x_wconf 72' lang='grc'><strong>(54)</strong></span> <span class='ocrx_word' id='word_1_818' title='bbox 2281 4815 2389 4877; x_wconf 79' lang='grc' dir='ltr'><strong>Εἰς</strong></span> <span class='ocrx_word' id='word_1_819' title='bbox 2417 4811 2648 4879; x_wconf 70' lang='grc' dir='ltr'><em>κλῆρον</em></span> <span class='ocrx_word' id='word_1_820' title='bbox 2677 4810 2986 4879; x_wconf 81' lang='grc' dir='ltr'><em>προσίεται</em></span> <span class='ocrx_word' id='word_1_821' title='bbox 3017 4811 3052 4881; x_wconf 70' lang='lat' dir='ltr'><strong>d</strong></span> <span class='ocrx_word' id='word_1_822' title='bbox 3078 4812 3298 4866; x_wconf 84' lang='grc' dir='ltr'><em>κανών.</em></span> <span class='ocrx_word' id='word_1_823' title='bbox 3331 4811 3483 4878; x_wconf 87' lang='lat' dir='ltr'><strong>Quod</strong></span> <span class='ocrx_word' id='word_1_824' title='bbox 3518 4819 3642 4863; x_wconf 85' lang='lat' dir='ltr'><strong>ante</strong></span> 
     </span>
    </p>
   </div>
   <div class='ocr_carea' id='block_1_114' title="bbox 2075 4879 3648 4951">
    <p class='ocr_par' dir='ltr' id='par_1_114' title="bbox 2075 4879 3648 4951">
     <span class='ocr_line' id='line_1_116' title="bbox 2075 4879 3648 4951; baseline -0.006 -11"><span class='ocrx_word' id='word_1_825' title='bbox 2075 4879 2405 4951; x_wconf 71' lang='lat' dir='ltr'><strong>notavimus,</strong></span> <span class='ocrx_word' id='word_1_826' title='bbox 2436 4881 2683 4935; x_wconf 73' lang='lat' dir='ltr'><strong>Nictenos</strong></span> <span class='ocrx_word' id='word_1_827' title='bbox 2722 4881 2988 4951; x_wconf 79' lang='lat' dir='ltr'><strong>videlicet</strong></span> <span class='ocrx_word' id='word_1_828' title='bbox 3025 4879 3212 4936; x_wconf 82' lang='lat' dir='ltr'><strong>Patres</strong></span> <span class='ocrx_word' id='word_1_829' title='bbox 3278 4883 3379 4936; x_wconf 91' lang='lat' dir='ltr'><strong>hoc</strong></span> <span class='ocrx_word' id='word_1_830' title='bbox 3436 4893 3648 4934; x_wconf 85' lang='lat' dir='ltr'><strong>canone</strong></span> 
     </span>
    </p>
   </div>
   <div class='ocr_carea' id='block_1_115' title="bbox 2076 4950 3646 5019">
    <p class='ocr_par' dir='ltr' id='par_1_115' title="bbox 2076 4950 3646 5019">
     <span class='ocr_line' id='line_1_117' title="bbox 2076 4950 3646 5019; baseline -0.006 -10"><span class='ocrx_word' id='word_1_831' title='bbox 2076 4950 2301 5010; x_wconf 85' lang='lat' dir='ltr'><strong>nihilde</strong></span> <span class='ocrx_word' id='word_1_832' title='bbox 2335 4966 2474 5006; x_wconf 88' lang='lat' dir='ltr'><strong>novo</strong></span> <span class='ocrx_word' id='word_1_833' title='bbox 2502 4951 2872 5012; x_wconf 84' lang='lat' dir='ltr'><strong>constituisse.</strong></span> <span class='ocrx_word' id='word_1_834' title='bbox 2902 4950 2994 5004; x_wconf 90' lang='lat' dir='ltr'><strong>sed</strong></span> <span class='ocrx_word' id='word_1_835' title='bbox 3050 4952 3378 5019; x_wconf 83' lang='lat' dir='ltr'><strong>apostolicos</strong></span> <span class='ocrx_word' id='word_1_836' title='bbox 3436 4957 3646 5001; x_wconf 86' lang='lat' dir='ltr'><strong>tantum</strong></span> 
     </span>
    </p>
   </div>
   <div class='ocr_carea' id='block_1_116' title="bbox 2076 5021 3642 5092">
    <p class='ocr_par' dir='ltr' id='par_1_116' title="bbox 2076 5021 3642 5092">
     <span class='ocr_line' id='line_1_118' title="bbox 2076 5021 3642 5092; baseline -0.005 -14"><span class='ocrx_word' id='word_1_837' title='bbox 2076 5038 2315 5078; x_wconf 82' lang='lat' dir='ltr'><strong>canones</strong></span> <span class='ocrx_word' id='word_1_838' title='bbox 2329 5023 2674 5075; x_wconf 72' lang='lat' dir='ltr'><strong>cecumenicae</strong></span> <span class='ocrx_word' id='word_1_839' title='bbox 2699 5021 2887 5092; x_wconf 88' lang='lat' dir='ltr'><strong>synodi</strong></span> <span class='ocrx_word' id='word_1_840' title='bbox 2911 5023 3238 5092; x_wconf 82' lang='lat' dir='ltr'><strong>auCtoritate</strong></span> <span class='ocrx_word' id='word_1_841' title='bbox 3256 5021 3642 5092; x_wconf 60' lang='lat' dir='ltr'><strong>continuasse,</strong></span> 
     </span>
    </p>
   </div>
   <div class='ocr_carea' id='block_1_117' title="bbox 2077 5087 3646 5147">
    <p class='ocr_par' dir='ltr' id='par_1_117' title="bbox 2077 5087 3646 5147">
     <span class='ocr_line' id='line_1_119' title="bbox 2077 5087 3646 5147; baseline -0.004 0"><span class='ocrx_word' id='word_1_842' title='bbox 2077 5109 2139 5147; x_wconf 81' lang='lat' dir='ltr'><strong>ex</strong></span> <span class='ocrx_word' id='word_1_843' title='bbox 2175 5094 2324 5146; x_wconf 88' lang='lat' dir='ltr'><strong>hisce</strong></span> <span class='ocrx_word' id='word_1_844' title='bbox 2353 5093 2530 5146; x_wconf 85' lang='lat' dir='ltr'><strong>verbis</strong></span> <span class='ocrx_word' id='word_1_845' title='bbox 2585 5087 2928 5146; x_wconf 77' lang='lat' dir='ltr'><strong>manifestum</strong></span> <span class='ocrx_word' id='word_1_846' title='bbox 2983 5091 3187 5146; x_wconf 84' lang='lat' dir='ltr'><strong>evadit.</strong></span> <span class='ocrx_word' id='word_1_847' title='bbox 3254 5087 3464 5142; x_wconf 86' lang='lat' dir='ltr'><strong>Nemini</strong></span> <span class='ocrx_word' id='word_1_848' title='bbox 3501 5087 3646 5140; x_wconf 87' lang='lat' dir='ltr'><strong>enim</strong></span> 
     </span>
    </p>
   </div>
   <div class='ocr_carea' id='block_1_118' title="bbox 2076 5159 3646 5230">
    <p class='ocr_par' dir='ltr' id='par_1_118' title="bbox 2076 5159 3646 5230">
     <span class='ocr_line' id='line_1_120' title="bbox 2076 5159 3646 5230; baseline -0.006 -13"><span class='ocrx_word' id='word_1_849' title='bbox 2076 5165 2297 5217; x_wconf 88' lang='lat' dir='ltr'><strong>dubium</strong></span> <span class='ocrx_word' id='word_1_850' title='bbox 2327 5176 2449 5215; x_wconf 88' lang='lat' dir='ltr'><strong>esse</strong></span> <span class='ocrx_word' id='word_1_851' title='bbox 2478 5171 2676 5229; x_wconf 81' lang='lat' dir='ltr'><strong>potest,</strong></span> <span class='ocrx_word' id='word_1_852' title='bbox 2716 5163 2844 5230; x_wconf 89' lang='lat' dir='ltr'><strong>quin</strong></span> <span class='ocrx_word' id='word_1_853' title='bbox 2872 5161 2937 5213; x_wconf 85' lang='lat' dir='ltr'><strong>ad</strong></span> <span class='ocrx_word' id='word_1_854' title='bbox 2990 5161 3355 5228; x_wconf 88' lang='lat' dir='ltr'><strong>antiquiorem</strong></span> <span class='ocrx_word' id='word_1_855' title='bbox 3408 5159 3646 5230; x_wconf 77' lang='lat' dir='ltr'><strong>aliquem</strong></span> 
     </span>
    </p>
   </div>
   <div class='ocr_carea' id='block_1_119' title="bbox 2077 5229 3649 5298">
    <p class='ocr_par' dir='ltr' id='par_1_119' title="bbox 2077 5229 3649 5298">
     <span class='ocr_line' id='line_1_121' title="bbox 2077 5229 3649 5298; baseline -0.005 -12"><span class='ocrx_word' id='word_1_856' title='bbox 2077 5247 2345 5286; x_wconf 87' lang='lat' dir='ltr'><strong>canonem</strong></span> <span class='ocrx_word' id='word_1_857' title='bbox 2379 5232 2465 5284; x_wconf 87' lang='lat' dir='ltr'><strong>hic</strong></span> <span class='ocrx_word' id='word_1_858' title='bbox 2518 5229 2818 5298; x_wconf 85' lang='lat' dir='ltr'><strong>respectum</strong></span> <span class='ocrx_word' id='word_1_859' title='bbox 2868 5231 3194 5292; x_wconf 87' lang='lat' dir='ltr'><strong>habuerunt,</strong></span> <span class='ocrx_word' id='word_1_860' title='bbox 3238 5244 3470 5296; x_wconf 87' lang='lat' dir='ltr'><strong>eumque</strong></span> <span class='ocrx_word' id='word_1_861' title='bbox 3514 5229 3649 5298; x_wconf 81' lang='lat' dir='ltr'><strong>cita-</strong></span> 
     </span>
    </p>
   </div>
   <div class='ocr_carea' id='block_1_120' title="bbox 2080 5296 3649 5369">
    <p class='ocr_par' dir='ltr' id='par_1_120' title="bbox 2080 5296 3649 5369">
     <span class='ocr_line' id='line_1_122' title="bbox 2080 5296 3649 5369; baseline -0.004 -15"><span class='ocrx_word' id='word_1_862' title='bbox 2080 5312 2230 5365; x_wconf 89' lang='lat' dir='ltr'><strong>ruut,</strong></span> <span class='ocrx_word' id='word_1_863' title='bbox 2257 5303 2522 5365; x_wconf 47' lang='lat' dir='ltr'><strong>dicentes,</strong></span> <span class='ocrx_word' id='word_1_864' title='bbox 2558 5296 2684 5369; x_wconf 61' lang='grc' dir='ltr'><em>τοὺς</em></span> <span class='ocrx_word' id='word_1_865' title='bbox 2707 5300 2984 5362; x_wconf 86' lang='grc' dir='ltr'><em>τοιούτους</em></span> <span class='ocrx_word' id='word_1_866' title='bbox 3017 5301 3097 5361; x_wconf 85' lang='grc' dir='ltr'><strong>είς</strong></span> <span class='ocrx_word' id='word_1_867' title='bbox 3130 5298 3334 5368; x_wconf 84' lang='grc' dir='ltr'><em>κλῆρον</em></span> <span class='ocrx_word' id='word_1_868' title='bbox 3362 5296 3649 5369; x_wconf 77' lang='grc' dir='ltr'><em>προσίεται</em></span> 
     </span>
    </p>
   </div>
   <div class='ocr_carea' id='block_1_121' title="bbox 2076 5366 3648 5433">
    <p class='ocr_par' dir='ltr' id='par_1_121' title="bbox 2076 5366 3648 5433">
     <span class='ocr_line' id='line_1_123' title="bbox 2076 5366 3648 5433; baseline -0.004 -8"><span class='ocrx_word' id='word_1_869' title='bbox 2076 5373 2104 5425; x_wconf 87' lang='grc' dir='ltr'><strong>ὁ</strong></span> <span class='ocrx_word' id='word_1_870' title='bbox 2134 5370 2334 5424; x_wconf 85' lang='grc' dir='ltr'><em>κανών.</em></span> <span class='ocrx_word' id='word_1_871' title='bbox 2395 5370 2534 5431; x_wconf 83' lang='lat' dir='ltr'><strong>Non,</strong></span> <span class='ocrx_word' id='word_1_872' title='bbox 2577 5366 2732 5433; x_wconf 75' lang='grc' dir='ltr'><em>οὗτος</em></span> <span class='ocrx_word' id='word_1_873' title='bbox 2774 5372 2802 5423; x_wconf 82' lang='grc' dir='ltr'>ὁ</span> <span class='ocrx_word' id='word_1_874' title='bbox 2827 5369 3026 5432; x_wconf 87' lang='grc' dir='ltr'><em>κανών,</em></span> <span class='ocrx_word' id='word_1_875' title='bbox 3061 5370 3175 5433; x_wconf 86' lang='lat' dir='ltr'><strong>sed,</strong></span> <span class='ocrx_word' id='word_1_876' title='bbox 3209 5366 3476 5431; x_wconf 69' lang='grc' dir='ltr'><em>δκανών,</em></span> <span class='ocrx_word' id='word_1_877' title='bbox 3510 5381 3571 5419; x_wconf 88' lang='lat' dir='ltr'><strong>ac</strong></span> <span class='ocrx_word' id='word_1_878' title='bbox 3599 5366 3648 5419; x_wconf 84' lang='lat' dir='ltr'><strong>si</strong></span> 
     </span>
    </p>
   </div>
   <div class='ocr_carea' id='block_1_122' title="bbox 2079 5439 3647 5506">
    <p class='ocr_par' dir='ltr' id='par_1_122' title="bbox 2079 5439 3647 5506">
     <span class='ocr_line' id='line_1_124' title="bbox 2079 5439 3647 5506; baseline -0.004 -11"><span class='ocrx_word' id='word_1_879' title='bbox 2079 5443 2370 5502; x_wconf 82' lang='lat' dir='ltr'><strong>dixissent,</strong></span> <span class='ocrx_word' id='word_1_880' title='bbox 2403 5456 2576 5493; x_wconf 83' lang='lat' dir='ltr'><strong>canon</strong></span> <span class='ocrx_word' id='word_1_881' title='bbox 2611 5443 2842 5494; x_wconf 82' lang='lat' dir='ltr'><strong>antehac</strong></span> <span class='ocrx_word' id='word_1_882' title='bbox 2868 5439 3063 5505; x_wconf 83' lang='lat' dir='ltr'><strong>editus,</strong></span> <span class='ocrx_word' id='word_1_883' title='bbox 3123 5448 3178 5492; x_wconf 86' lang='lat' dir='ltr'><strong>et</strong></span> <span class='ocrx_word' id='word_1_884' title='bbox 3223 5440 3421 5506; x_wconf 80' lang='lat' dir='ltr'><strong>cuique</strong></span> <span class='ocrx_word' id='word_1_885' title='bbox 3468 5446 3647 5498; x_wconf 82' lang='lat' dir='ltr'><strong>notus,</strong></span> 
     </span>
    </p>
   </div>
   <div class='ocr_carea' id='block_1_123' title="bbox 2083 5508 3649 5565">
    <p class='ocr_par' dir='ltr' id='par_1_123' title="bbox 2083 5508 3649 5565">
     <span class='ocr_line' id='line_1_125' title="bbox 2083 5508 3649 5565; baseline -0.003 -2"><span class='ocrx_word' id='word_1_886' title='bbox 2083 5512 2220 5564; x_wconf 82' lang='lat' dir='ltr'><strong>tales</strong></span> <span class='ocrx_word' id='word_1_887' title='bbox 2258 5511 2307 5562; x_wconf 88' lang='lat' dir='ltr'><strong>in</strong></span> <span class='ocrx_word' id='word_1_888' title='bbox 2338 5514 2540 5565; x_wconf 79' lang='lat' dir='ltr'><strong>clerum</strong></span> <span class='ocrx_word' id='word_1_889' title='bbox 2571 5512 2824 5564; x_wconf 83' lang='lat' dir='ltr'><strong>admittit.</strong></span> <span class='ocrx_word' id='word_1_890' title='bbox 2866 5508 3056 5564; x_wconf 84' lang='lat' dir='ltr'><strong>Nullus</strong></span> <span class='ocrx_word' id='word_1_891' title='bbox 3094 5520 3272 5563; x_wconf 87' lang='lat' dir='ltr'><strong>autem</strong></span> <span class='ocrx_word' id='word_1_892' title='bbox 3332 5509 3469 5560; x_wconf 86' lang='lat' dir='ltr'><strong>alius</strong></span> <span class='ocrx_word' id='word_1_893' title='bbox 3519 5514 3649 5559; x_wconf 86' lang='lat' dir='ltr'><strong>tunc</strong></span> 
     </span>
    </p>
   </div>
   <div class='ocr_carea' id='block_1_124' title="bbox 2084 5579 3648 5648">
    <p class='ocr_par' dir='ltr' id='par_1_124' title="bbox 2084 5579 3648 5648">
     <span class='ocr_line' id='line_1_126' title="bbox 2084 5579 3648 5648; baseline -0.004 -15"><span class='ocrx_word' id='word_1_894' title='bbox 2084 5581 2347 5647; x_wconf 78' lang='lat' dir='ltr'><strong>temporis</strong></span> <span class='ocrx_word' id='word_1_895' title='bbox 2401 5582 2649 5632; x_wconf 73' lang='lat' dir='ltr'><strong>exstabat</strong></span> <span class='ocrx_word' id='word_1_896' title='bbox 2698 5595 2894 5641; x_wconf 75' lang='lat' dir='ltr'><strong>canon,</strong></span> <span class='ocrx_word' id='word_1_897' title='bbox 2966 5594 3073 5648; x_wconf 89' lang='lat' dir='ltr'><strong>quo</strong></span> <span class='ocrx_word' id='word_1_898' title='bbox 3125 5581 3225 5634; x_wconf 90' lang='lat' dir='ltr'><strong>hoc</strong></span> <span class='ocrx_word' id='word_1_899' title='bbox 3299 5579 3648 5648; x_wconf 73' lang='lat' dir='ltr'><strong>cottstitututn</strong></span> 
     </span>
    </p>
   </div>
   <div class='ocr_carea' id='block_1_125' title="bbox 2085 5647 3648 5721">
    <p class='ocr_par' dir='ltr' id='par_1_125' title="bbox 2085 5647 3648 5721">
     <span class='ocr_line' id='line_1_127' title="bbox 2085 5647 3648 5721; baseline -0.001 -20"><span class='ocrx_word' id='word_1_900' title='bbox 2085 5656 2278 5721; x_wconf 75' lang='lat' dir='ltr'><strong>luerat,</strong></span> <span class='ocrx_word' id='word_1_901' title='bbox 2311 5651 2890 5721; x_wconf 70' lang='lat' dir='ltr'><strong>prmterapostolicum</strong></span> <span class='ocrx_word' id='word_1_902' title='bbox 2925 5650 3175 5721; x_wconf 67' lang='lat' dir='ltr'><strong>2|,queut</strong></span> <span class='ocrx_word' id='word_1_903' title='bbox 3209 5648 3374 5721; x_wconf 69' lang='lat' dir='ltr'><strong>igitur</strong></span> <span class='ocrx_word' id='word_1_904' title='bbox 3405 5648 3492 5703; x_wconf 85' lang='lat' dir='ltr'><strong>hic</strong></span> <span class='ocrx_word' id='word_1_905' title='bbox 3538 5647 3648 5700; x_wconf 79' lang='lat' dir='ltr'><strong>lau-</strong></span> 
     </span>
    </p>
   </div>
   <div class='ocr_carea' id='block_1_126' title="bbox 2084 5719 2911 5784">
    <p class='ocr_par' dir='ltr' id='par_1_126' title="bbox 2084 5719 2911 5784">
     <span class='ocr_line' id='line_1_128' title="bbox 2084 5719 2911 5784; baseline 0.001 -9"><span class='ocrx_word' id='word_1_906' title='bbox 2084 5721 2200 5775; x_wconf 79' lang='lat' dir='ltr'><strong>dari</strong></span> <span class='ocrx_word' id='word_1_907' title='bbox 2233 5719 2348 5784; x_wconf 81' lang='lat' dir='ltr'><strong>iure</strong></span> <span class='ocrx_word' id='word_1_908' title='bbox 2382 5719 2577 5776; x_wconf 75' lang='lat' dir='ltr'><strong>merito</strong></span> <span class='ocrx_word' id='word_1_909' title='bbox 2611 5722 2911 5782; x_wconf 59' lang='lat' dir='ltr'><strong>iudicamus</strong></span> 
     </span>
    </p>
   </div>
  </div>
