4108 6200
460 239 560 306 227

1721 244 1764 299 '1‘
1774 244 1824 298 Η
1836 245 2000 300 Ευυ.
2061 245 2149 299 BA
2163 242 2290 300 LSA
2303 241 2456 300 Mle

3616 244 3719 311 923

459 350 888 406 Novatianorum
918 350 1164 416 hazrcsis,
1192 358 1246 403 et
1277 363 1305 402 a
1335 348 1536 418 nuptiis
1566 358 1620 404 ct
1661 347 1908 404 carnium
1937 362 2033 402 esu

2146 347 2376 421 αἵρεσις,
2423 351 2517 402 καὶ
2566 350 2598 418 ή
2645 347 2872 419 ἄκαιρος
2908 349 3086 419 ἀποχὴ
3117 348 3208 402 τοῦ¹
3243 349 3444 418 γάμου,
3479 353 3572 402 καὶ
3618 356 3720 421 τῆς

461 443 770 511 importuna
808 441 1155 505 abstinentia,
1182 448 1239 492 ut
1282 439 1392 491 vult
1437 440 1472 492 5
1517 453 1692 492 canon
1746 446 1946 506 apost.,
1982 447 2038 492 et

461 534 576 588 alii.
623 535 734 604 Ego
767 543 948 589 autem
985 534 1128 593 dico.
1169 532 1311 600 quod
1356 547 1516 585 Omne
1566 540 1846 598 peccatum
1892 529 2036 598 quod

461 621 618 678 affert
669 625 964 694 perniciem
1003 623 1218 682 animze.
1253 623 1484 676 animale
1514 631 1760 687 vocatur,
1803 622 1918 674 sive
1968 635 2035 672 ex

462 715 893 781 corporali,sive
927 728 992 767 cx
1047 713 1264 768 animali
1325 713 1653 781 appetitione
1708 709 2033 780 principium

463 807 711 875 accipiat.
746 804 1036 874 Propterea
1091 805 1234 857 enim
1280 819 1462 857 omnia
1511 812 1729 872 peccata
1775 803 2038 858 animales

464 900 646 966 lapsus
676 908 832 951 vocat
869 895 1128 950 Ecclesia.
1169 895 1307 961 Quin
1361 895 1524 948 etiam
1561 909 1737 949 canon
1789 903 2038 963 peccato-

463 1003 580 1043 rum
610 987 982 1042 tantummodo
1014 986 1325 1039 animalium
1359 986 1621 1050 meminit,
1652 996 1710 1040 ut
1731 1001 1848 1056 qua:
1875 985 2035 1040 etiam

463 1081 759 1151 corporalia
792 1079 1274 1148 comprehendant.
1304 1077 1453 1146 Quod
1490 1087 1668 1132 autem
1715 1093 1820 1132 non
1849 1079 2038 1147 punia-

464 1181 552 1226 tur
583 1172 904 1240 baptizatus,
946 1181 999 1225 et
1051 1171 1104 1224 in
1149 1170 1349 1224 clerum
1417 1177 1748 1238 assumptus,
1787 1178 2038 1237 propter

465 1262 892 1324 fornicationem,
943 1261 1026 1315 vel
1075 1261 1299 1324 caedem,
1342 1275 1502 1328 quam
1540 1270 1664 1312 ante
1716 1261 2036 1326 baptismum

469 1354 708 1417 admisit,
779 1353 894 1421 lege
932 1352 1002 1406 20
1034 1368 1155 1407 can.
1214 1353 1384 1406 sancti
1415 1350 1602 1416 Basil.,
1637 1360 1691 1405 et
1739 1366 1856 1420 qua:
1891 1351 1942 1405 in
1972 1365 2038 1404 eo

463 1458 609 1509 sunt,
637 1456 690 1500 ct
713 1455 1022 1500 sanctorum
1058 1444 1421 1514 apostolorum
1454 1458 1576 1500 can.
1607 1443 1694 1496 17.

536 1537 788 1592 ZONAR.
825 1535 1149 1592 Sanctorum
1179 1549 1396 1604 quoque
1417 1533 1781 1603 apostolorum
1812 1541 2036 1602 octoge-

464 1632 635 1686 simus
662 1645 858 1694 canon,
891 1630 983 1698 qui
1009 1643 1072 1682 ex
1105 1627 1292 1698 gentili
1334 1625 1464 1691 vita,
1516 1635 1613 1680 aut
1664 1626 1907 1694 improha
1959 1625 2042 1678 vi-

2143 417 2518 508 κρεωῗραγίας,
2544 439 2688 492 κατὰ
2720 441 2812 491 τὸν
2839 438 2879 493 ε’
2906 441 3105 493 κανόνα
3141 442 3249 494 τῶν
3279 441 3452 508 ἁγίων
3485 440 3721 495 ἀποστό-

2143 528 2271 592 λων,
2315 532 2411 582 καὶ
2455 531 2657 599 ἐτέρων
2685 547 2699 562 ο
2739 531 2851 598 ἐγὼ
2887 531 2942 584 δέ
2976 549 3121 600 φημι
3147 533 3222 595 ὡς
3268 535 3376 586 πᾶν
3419 534 3724 602 ἁμάρτημα

2144 621 2346 688 ἐπάγον
2377 624 2440 690 τῇ
2472 621 2617 691 ψυχῇ
2654 621 2860 691 βλάϐην
2892 621 3124 692 ψυχικὸν
3154 624 3507 693 ὀνομάζεται,
3535 625 3638 678 κᾶν
3660 627 3724 678 ἐκ

2145 714 2466 782 σωματικῆς
2523 713 2756 783 ὀρέξεως
2809 715 3032 784 δέξηται
3085 715 3185 784 τὴν
3233 716 3444 785 ἀρχὴν,
3494 715 3598 769 κᾶν
3662 719 3724 771 ἐκ

2141 802 2402 874 ψυχικῆς.
2451 806 2551 857 Διὰ
2581 805 2692 875 γάρ
2719 804 2880 858 τοῦτο
2915 807 3010 857 καὶ
3040 804 3219 858 πάντα
3248 806 3318 857 τὰ
3342 806 3724 878 ἁμαρτήματα

2143 893 2352 964 ψυχικὰ
2381 896 2677 964 σφάλματα
2699 897 2739 965 ἡ
2802 895 3098 958 Ἐκκλησία
3139 897 3525 966 κατονομάζει.
3557 896 3666 948 Καὶ
3699 899 3726 946 6

2143 987 2324 1040 κανὼν
2373 986 2428 1038 δὲ
2489 987 2666 1056 μόνων
2691 986 2938 1057 ἐμνήσθη
2988 987 3408 1057 ἁμαρτημάτων
3451 986 3724 1058 ψυχικῶν.

2143 1077 2220 1140 ὡς
2269 1079 2627 1148 περιεχόντων
2681 1081 2772 1132 καὶ
2819 1080 2888 1132 τὰ
2922 1081 3178 1149 σαρκικά.
3213 1081 3345 1148 Περὶ
3399 1079 3582 1148 μέντοι
3629 1081 3724 1132 τοῦ

2147 1169 2222 1240 μὴ
2262 1170 2588 1234 κολάζεσθαι
2640 1172 2730 1224 τὸν
2775 1171 3176 1242 βαπτισθέντα,
3234 1173 3329 1224 καὶ
3373 1169 3726 1242 κληρωθέντα

2144 1258 2233 1312 διὰ
2253 1260 2350 1329 τὴν
2375 1261 2480 1327 πρὸ
2507 1261 2603 1314 τοῦ
2642 1253 3020 1332 βαπτίσματος
3052 1262 3308 1332 πορνείαν
3353 1263 3386 1332 ἢ
3432 1261 3522 1313 τὸν
3567 1262 3724 1330 φόνον

2143 1351 2417 1420 ἀνάγνωθι
2441 1353 2531 1405 τὸν
2559 1360 2606 1406 κ’
2648 1356 2848 1408 κανόνα
2874 1355 2968 1407 τοῦ
3016 1354 3173 1422 ἁγίου
3213 1353 3493 1407 Βασιλείου
3533 1356 3629 1407 καὶ
3656 1357 3724 1408 τά

2145 1441 2202 1494 ἐν
2231 1443 2381 1511 αὐτῷ
2415 1444 2508 1497 καὶ
2532 1444 2640 1496 τῶν
2669 1445 2843 1514 ἁγίων
2882 1445 3200 1498 ἀποστόλων
3229 1446 3432 1498 κανόνα
3469 1445 3559 1510 ιζ’.

2223 1535 2470 1589 ΖΩΝΛΡ.
2531 1535 2641 1588 Καὶ
2682 1538 2708 1586 ὁ
2757 1534 3118 1605 ὀγδοηκοστὸς
3162 1535 3342 1589 κανὼν
3388 1536 3494 1592 τῶν
3551 1537 3724 1604 ἁγίων

2146 1629 2463 1684 ἀποστόλων
2495 1627 2586 1680 τὸν
2618 1625 2678 1691 ἐξ
2723 1615 2939 1680 ἐθνικοῦ
2987 1629 3103 1699 βίου
3163 1629 3528 1700 προσελθόντα
3573 1629 3606 1699 ἢ
3662 1630 3725 1681 ἐκ

465 1727 619 1778 vendi
647 1726 855 1779 ratione
893 1722 1208 1787 accesserit,
1267 1737 1608 1792 nequaquam
1681 1721 1865 1776 subito
1921 1720 2037 1788 epi-

2146 1719 2354 1789 φαύλης
2388 1718 2666 1787 διαγωγῆς
2694 1719 2768 1787 μὴ
2795 1717 2992 1770 αὐτίκα
3020 1718 3468 1789 προχειρίζεσθαι
3501 1719 3725 1771 ἐπίσκοο

466 1831 688 1887 scopum
721 1815 893 1870 creari
914 1815 1178 1869 decernit.
1203 1811 1269 1866 Et
1299 1814 1476 1884 magni
1496 1812 1670 1879 Pauli,
1695 1810 2039 1865 Timotheum

467 1924 564 1978 per
615 1906 933 1976 Epistulam,
974 1905 1186 1974 qualem
1245 1906 1559 1973 episcopum
1608 1917 1726 1958 esse
1773 1911 2040 1972 oporteat,

466 1999 760 2062 educentis,
814 2013 966 2059 voce,
1009 2013 1074 2051 ne
1123 1996 1358 2066 eligatur
1404 1997 1731 2067 neophytus,
1782 1996 2041 2050 admone-

470 2104 612 2143 mur.
670 2089 878 2142 Idcirco
929 2087 1088 2156 hujus
1135 2089 1295 2142 etiam
1355 2087 1543 2158 synodi
1594 2087 1807 2151 Patres,
1864 2101 2043 2155 neque

466 2180 768 2249 quempiam
827 2179 891 2230 ad
948 2180 1107 2232 fidem
1163 2179 1531 2242 accedentem,
1595 2178 1698 2232 nisi
1745 2177 2040 2242 catechesi,

467 2278 732 2340 quantum
780 2270 914 2325 satis
967 2269 1151 2334 fuerit,
1205 2270 1497 2332 cruditmn,
1561 2285 1686 2322 mox
1746 2269 2042 2339 baptizare,

465 2379 601 2418 neve
637 2363 970 2430 baptizatum
1006 2361 1174 2426 illico,
1198 2361 1303 2415 nisi
1332 2360 1576 2430 ejusdem
1628 2362 1748 2416 fidei
1787 2373 2044 2417 constan-

468 2455 565 2518 tia,
603 2452 835 2518 vitarque
869 2452 1078 2506 ratione
1120 2453 1334 2520 penitus
1384 2450 1686 2518 explorata,
1741 2451 1793 2504 in
1840 2452 2042 2506 clerum

465 2545 706 2613 cooptari
739 2543 917 2607 liceat,
973 2543 1279 2596 decrevere.
1333 2540 1486 2606 Quod
1521 2542 1566 2596 si
1621 2541 1772 2609 cujus
1823 2543 2044 2611 probata

429 2657 438 2670 ε
465 2634 599 2690 satis
626 2648 834 2687 morum
866 2632 1149 2703 integritas
1172 2631 1475 2695 videbatur,
1510 2631 1742 2685 decursu
1789 2632 2044 2701 temporis

468 2726 688 2781 animali
721 2725 955 2780 crimine
991 2723 1224 2779 infectus
1261 2739 1382 2778 esse
1425 2723 1870 2792 deprehenditur,
1919 2739 2043 2778 eum

469 2831 687 2874 cessare
710 2817 923 2887 jubeut.
961 2815 1235 2882 Qumritur
1284 2830 1434 2881 vero,
1485 2816 1757 2884 quodnam
1806 2815 1877 2869 sit
1927 2816 2045 2869 aui-

469 2908 606 2964 male
637 2916 939 2978 peccatum,
974 2922 1140 2963 curve
1169 2907 1486 2960 animalium
1519 2916 1728 2960 tantum
1775 2922 1884 2962 non
1927 2921 2047 2960 coro

2145 1828 2247 1864 πον
2291 1812 2644 1880 ἐπισκήπτει.
2698 1810 2858 1861 Καὶό
2888 1809 3064 1878 μέγας
3102 1809 3161 1862 δέ
3217 1810 3428 1873 Παῦλος
3477 1809 3725 1881 Τιμοθέῳ

2143 1903 2395 1974 γράφων,
2427 1902 2521 1955 καὶ
2545 1896 2658 1953 οἷον
2685 1898 2825 1953 εἶναι
2871 1902 2951 1953 δεῖ
2991 1902 3080 1953 τὸν
3110 1902 3189 1963 είς
3232 1901 3542 1972 ἐπισκοπὴν
3593 1918 3727 1971 προ-

2144 1997 2413 2065 αγόμενον
2437 1994 2877 2062 διαταττόμενος,
2907 1995 3003 2045 καὶ
3021 1993 3094 2063 μὴ
3117 1993 3371 2061 νεόφυτον
3401 1989 3541 2048 εἷναί
3567 2011 3724 2063 φησι.

2144 2089 2237 2139 Διὸ
2263 2087 2359 2140 καὶ
2382 2087 2430 2138 οἱ
2458 2085 2700 2155 Πατέρες
2721 2079 2867 2138 οὗτοι
2890 2084 3136 2154 ὁρίζουσι
3168 2086 3305 2154 μήτε
3333 2088 3424 2137 τὸν
3452 2089 3516 2156 τῇ
3544 2087 3725 2139 πίστει

2146 2177 2591 2249 προσερχόμενον
2632 2177 2832 2230 αὐτίκα
2873 2176 3258 2246 βαπτίζεσθαι,
3292 2178 3339 2229 εί
3381 2177 3457 2247 μὴ
3493 2180 3727 2249 ἀρκούν-

2145 2287 2251 2332 τως
2276 2267 2636 2339 κατηχηθείη.
2665 2269 2802 2338 μήτε
2830 2267 3195 2338 βαπτισθέντα
3213 2269 3375 2332 εὐθὺς
3405 2272 3486 2332 είς
3522 2271 3725 2338 κλῆρον

2146 2359 2608 2422 κατατάττεσθαι,
2644 2362 2813 2428 μήπω
2851 2360 3008 2413 δόντα
3045 2360 3294 2431 δοκίμιον
3329 2363 3549 2428 ἑαυτοῦ,
3581 2367 3727 2428 ὅπως

2145 2471 2206 2506 τε
2234 2454 2367 2522 περὶ
2397 2454 2494 2523 τὴν
2527 2455 2712 2507 πίστιν
2743 2454 2878 2524 ἔχει,
2906 2457 3000 2508 καὶ
3031 2456 3183 2520 ὅπως
3207 2459 3336 2527 περὶ
3370 2459 3461 2511 τὸν
3494 2461 3626 2529 βίον.
3664 2460 3728 2513 Et

2145 2544 2201 2598 δὲ
2232 2547 2326 2598 καὶ
2359 2545 2497 2616 μετὰ
2530 2545 2858 2616 δοκιμασίας
2888 2548 3117 2617 γένηται
3149 2550 3516 2620 ἀνεπίληπτος
3545 2553 3724 2618 δόξας,

2149 2640 2432 2708 προϊόντος
2465 2639 2522 2691 δὲ
2551 2639 2646 2692 τοῦ
2677 2640 2875 2710 χρόνου
2908 2641 3217 2712 ἁμάρτημά
3247 2659 3302 2695 τι
3333 2645 3563 2713 ψυχικὸν
3588 2647 3729 2716 ἔχων

2149 2730 2462 2799 ὲλεγχθείη,
2493 2731 2764 2785 παύεσθαι
2801 2733 2991 2786 τοῦτον
3031 2718 3430 2790 διατάττονται.
3475 2738 3728 2808 ’Λπορεῖ-

2147 2838 2241 2874 ται
2265 2823 2322 2874 δὲ
2358 2823 2410 2875 τί
2452 2824 2517 2877 ἂν
2566 2827 2653 2894 εἰη
2689 2826 2750 2878 τὸ
2787 2826 3020 2896 ψυχικὸν
3067 2827 3394 2900 ἁμάρτημα,
3429 2833 3523 2885 καὶ
3563 2832 3650 2885 διὰ
3677 2834 3729 2886 τί

2147 2911 2396 2983 ψυχικῶν
2439 2917 2685 2999 ἐμνήσθη
2736 2918 2918 2986 μόνον,
2965 2919 3085 2972 ἀλλ’
3129 2920 3249 2990 οὐχὶ
3297 2921 3393 2974 καὶ
3448 2924 3730 2994 σαρκικῶν

469 3002 734 3068 poralium
758 3016 973 3070 quoque
997 3000 1082 3052 hic
1110 2999 1327 3053 inducta
1356 2998 1580 3062 mentio,
1602 3012 1722 3052 eum
1742 2998 2041 3066 praesertim

2153 3005 2439 3076 καθαιρεῖν
2479 2998 2678 3077 μᾶλλον
2709 3011 3034 3078 πεφυκότων
3069 3013 3195 3075 τοὺς
3231 3018 3728 3082 περιπεπτωκόῑας

469 3093 768 3162 corporalia
806 3093 961 3162 longe
990 3091 1349 3160 frequentius,
1377 3089 1634 3144 animalia
1669 3105 1775 3144 nou
1809 3091 1878 3144 ita
1903 3105 2046 3160 saepe

467 3186 806 3254 depositione
881 3184 1195 3238 multentur.
1269 3183 1500 3249 Quidam
1567 3182 1747 3252 igitur,
1835 3183 2044 3238 crimen

468 3293 630 3333 οιιιιιθ
659 3293 764 3348 quo
800 3276 1010 3330 laeditur
1039 3277 1222 3330 anima
1272 3274 1509 3328 animale
1558 3289 1588 3328 a
1621 3276 1823 3330 sanctis
1868 3273 2048 3328 Patri-

469 3373 592 3434 bus,
623 3370 713 3440 qui
748 3373 890 3423 hunc
916 3383 1183 3424 canonem
1210 3368 1451 3432 edidere,
1487 3376 1852 3436 nuncupatum
1879 3366 2046 3422 fuisse

468 3463 808 3518 existimant.
843 3462 946 3515 Alii
975 3461 1226 3515 animalia
1252 3473 1473 3530 peccata
1505 3476 1566 3515 ea
1597 3461 1805 3526 dicunt,
1831 3475 1950 3530 qua:
1980 3476 2045 3515 ex

472 3556 637 3610 animi
695 3553 1217 3625 perturbationibus,
1271 3553 1527 3616 elatione,
1576 3551 1809 3615 exempli
1858 3566 2044 3616 causa,

473 3649 750 3717 superbia,
785 3648 1258 3714 inobedientiaque
1281 3647 1553 3700 oriuntur.
1589 3643 1723 3698 Nam
1755 3646 1868 3699 haec
1915 3659 2052 3713 quo-

473 3753 578 3806 que
616 3739 915 3799 hominem,
951 3735 1054 3790 nisi
1090 3736 1372 3792 curatione
1410 3737 1690 3802 tollantur,
1717 3736 2045 3804 depositioni

472 3826 764 3880 obnoxium
811 3825 1081 3880 reddunt:
1117 3825 1277 3895 idque
1302 3827 1407 3896 δι
1441 3826 1524 3879 vel
1558 3839 1744 3879 eorum
1776 3825 2044 3894 exemplo,

473 3917 563 3985 qui
597 3915 877 3970 Novatiani
912 3915 1256 3981 dicebantur,
1300 3915 1458 3970 facile
1488 3923 1733 3984 apparet.
1767 3912 1875 3969 Nec
1897 3913 2043 3967 enim

477 4011 551 4064 illi
589 4010 857 4079 Opinionis
885 4024 1073 4064 errore
1110 4009 1286 4078 aliquo
1320 4009 1748 4079 decipiebantur,
1781 4010 1878 4065 sed
1927 4025 2048 4065 cum

473 4117 533 4156 se
567 4117 750 4170 puros,
779 4100 1030 4158 inSolenti
1061 4100 1282 4157 fastidio
1305 4101 1430 4157 elati
1463 4103 1827 4170 nominarent,
1875 4113 1929 4159 et
1957 4119 2051 4159 eos

474 4193 568 4262 qui
603 4193 930 4248 turbulentis
951 4193 1119 4248 etiam
1157 4194 1489 4263 temporibus
1529 4194 1662 4262 lapsi
1713 4203 1842 4249 sunt
1885 4196 2051 4250 etiam

471 4287 850 4356 resipiscentcs
872 4286 1198 4355 repellebant
1213 4300 1310 4340 nec
1322 4285 1550 4354 digamis
1564 4287 2049 4341 communicabant.

475 4380 812 4447 Quapropter
842 4378 911 4431 ob
946 4376 1250 4445 superbiam
1291 4385 1346 4430 et
1391 4375 1619 4430 fratrum
1674 4377 1857 4430 odium
1903 4390 1933 4430 ο
1971 4376 2040 4430 ﬁ-
2075 4375 2123 4435 Ι)

474 4471 674 4523 delium
707 4469 966 4522 societate
982 4465 1245 4520 eliminati
1276 4477 1421 4520 sunt.
1447 4466 1650 4531 Quodsi
1692 4470 2044 4534 quamobrem

474 4559 550 4612 illi
588 4559 654 4611 ab
680 4557 922 4612 Ecclesia
958 4571 1177 4626 quoque
1213 4556 1565 4625 ejicerentur,
1597 4557 1730 4612 satis
1774 4571 1850 4611 ea:
1888 4558 2048 4627 justa:

473 4665 649 4703 eausa:
683 4651 809 4703 visa:
843 4657 964 4702 sunt
994 4662 1010 4700 :
1043 4649 1133 4716 qui
1181 4649 1489 4719 arrogantia
1541 4657 1753 4703 tumens
1793 4650 2046 4720 episcopo

473 4757 572 4796 suo
604 4756 708 4795 non
743 4743 1102 4809 obtemperet,
1143 4751 1197 4795 et
1230 4743 1282 4794 in
1339 4743 1636 4811 pertinacia
1674 4753 1877 4807 manet,
1917 4744 2046 4813 quid

474 4844 655 4884 causa:
687 4831 760 4884 sit
791 4829 1146 4900 quamobrem
1187 4845 1294 4884 non
1349 4832 1394 4886 is
1441 4846 1656 4901 quoque
1709 4833 2046 4902 depositione

465 4923 765 4992 puniatur?
799 4924 862 4977 Et
901 4937 1026 4976 vero
1050 4924 1270 4992 quintus
1318 4934 1629 4979 sanctorum
1678 4925 2044 4994 apostolorum

471 5032 668 5079 canon,
704 5029 796 5070 cos
820 5016 911 5085 qui
950 5030 1147 5070 uxores
1181 5031 1310 5070 suas
1363 5018 1542 5085 specie
1578 5017 1851 5086 religionis
1895 5017 2045 5087 ejicio

474 5117 590 5173 unt,
625 5109 927 5178 segregari,
961 5116 1071 5161 tum
1099 5107 1144 5160 si
1177 5107 1229 5161 in
1263 5121 1326 5161 co
1357 5110 1815 5177 perstent,‘etiam
1853 5108 2044 5175 deponi

471 5197 642 5267 jubet.
676 5199 984 5263 Quinetiam
1031 5199 1343 5254 tricesimus
1377 5210 1562 5254 sextus
1598 5200 1908 5254 corumdem
1955 5215 2043 5254 ca.

475 5306 577 5341 non
609 5303 704 5342 eos
733 5291 1043 5360 quicunque
1081 5291 1458 5362 episcoporum
1503 5291 1709 5364 calculo
1752 5291 1820 5345 ad
1857 5291 2046 5360 pnefe-

473 5390 657 5434 ctnras
683 5381 994 5447 spirituales
1018 5384 1194 5438 vocati
1228 5399 1430 5438 munus
1469 5385 1622 5438 obire
1652 5386 2042 5450 recusaverint,

473 5471 645 5524 donec
701 5471 754 5524 id
809 5475 1146 5544 suscipiant,
1210 5484 1522 5546 segregatos
1602 5489 1721 5530 esse
1779 5477 2040 5530 decernit.

476 5560 616 5630 Ergo
715 5564 763 5617 si
851 5566 904 5618 id
952 5581 1224 5635 nunquam
1291 5568 1672 5636 susceperint,
1746 5577 2042 5636 perpetua,

479 5652 658 5718 quoad
739 5653 1009 5722 vixerint,
1086 5657 1456 5725 segregatione
1533 5659 1880 5714 tenebuntur.
1940 5656 2041 5723 Qui

2147 3101 2356 3164 αὐτοῖς,
2407 3101 2517 3153 τῶν
2568 3099 2816 3169 ψυχικῶν
2860 3101 2917 3154 δέ
2957 3119 3020 3170 γε
3071 3103 3146 3166 ὡς
3196 3105 3284 3156 ἐπ’
3319 3107 3620 3176 ἐλάχιστον.
3665 3109 3728 3161 Ol

2149 3192 2248 3261 μὲν
2268 3192 2360 3246 οὖν
2393 3193 2518 3254 τοὺς
2545 3192 2638 3244 τὸν
2667 3193 2871 3246 κανόνα
2897 3194 3224 3264 ἐκθεμένους
3255 3197 3446 3264 ἁγίους
3479 3200 3726 3270 Πατέρας

2146 3286 2257 3338 πᾶν
2286 3284 2597 3354 ἁμάρτημα
2637 3284 2720 3346 είς
2771 3283 2951 3354 ψυχὴν
3003 3286 3170 3356 φέρον
3208 3287 3305 3358 τὴν
3340 3289 3545 3360 βλάϐην
3573 3292 3727 3360 ψυχι-

2145 3376 2242 3430 κδν
2269 3375 2591 3444 ὠνομάσθαι
2637 3377 2831 3444 φασίν·
2875 3378 2918 3430 oi
2957 3378 3013 3431 δὲ
3041 3379 3249 3449 ψυχικά
3275 3399 3439 3450 φασιν
3471 3385 3725 3457 ἁμαρτήο

2151 3486 2296 3540 ματα
2331 3468 2398 3521 τά
2431 3470 2496 3520 ἐκ
2533 3467 2789 3538 ψυχικῶν
2822 3469 3010 3522 παθῶν
3041 3476 3327 3538 γινόμενα,
3355 3470 3466 3528 οἷον
3510 3479 3568 3544 ἐξ
3609 3481 3725 3548 cii;-

2147 3577 2287 3622 σεως
2333 3560 2428 3613 καὶ
2476 3560 2879 3629 ὑπερηφανίας,
2934 3563 3026 3613 καὶ
3071 3565 3354 3632 ἀνηκοῖλς.
3398 3570 3510 3622 Καὶ
3552 3571 3726 3626 ταῦτα

2146 3651 2256 3722 γὰρ
2286 3651 2610 3719 καθαιρέσει
2651 3652 3006 3724 ἀθεράπευτα
3056 3656 3287 3724 μένοντα
3317 3661 3678 3718 ὑποϐάλλουσι
3707 3681 3723 3696 ·

2147 3745 2307 3810 δῆλον
2368 3743 2424 3796 δὲ
2476 3745 2636 3797 τοῦτο
2670 3747 2732 3797 ἐκ
2782 3745 2893 3799 τῶν
2946 3749 3301 3819 καλουμένων
3344 3753 3724 3810 Ναυατιανῶν.

2161 3839 2392 3891 Ἐκεῖνοι
2419 3838 2523 3908 γὰρ
2559 3838 2618 3890 οὐ
2655 3838 2792 3908 πρὸς
2847 3840 3024 3910 δόγμα
3071 3845 3416 3912 ἐσφάλλοντο·
3447 3848 3580 3902 ἀλλὰ
3609 3852 3722 3903 Κα-

2151 3929 2352 4000 θαροὺς
2383 3931 2610 3991 ἑαυτοὺς
2640 3929 2699 3995 ἐξ
2741 3931 2974 4000 οἰήσεως
3019 3934 3402 4004 ὀνομάζοντες,
3444 3938 3569 3994 οὔτε
3603 3944 3725 4008 τοὺς

2151 4022 2207 4074 ἐν
2255 4021 2515 4091 διωγμοῖς
2564 4023 2979 4091 παραπεσόντας
3023 4028 3418 4094 μετανοοῦντας
3461 4033 3724 4103 ἐδέχοντο,

2149 4111 2274 4165 οὔτε
2315 4113 2568 4201 διγάμοις
2615 4113 2956 4171 ἐκοινώνουν.
3014 4119 3104 4169 Δι’)
3138 4119 3232 4171 καὶ
3277 4120 3725 4194 ἐξεκηρύχθησαν

2149 4205 2249 4275 τῆς
2274 4205 2381 4258 τῶν
2408 4207 2617 4258 πιστῶν
2658 4207 2984 4278 ὁμηγύρεως
3029 4211 3116 4263 διὰ
3173 4212 3274 4281 τήν
3299 4215 3476 4283 οἴησιν
3507 4217 3597 4269 καὶ
3629 4217 3725 4288 τήν

2157 4296 2512 4366 μισαδελφίαν
2546 4297 2747 4351 αὐτῶν.
2791 4300 2852 4350 Et
2885 4299 3016 4367 γοῦν
3051 4302 3247 4355 ἐκεῖνοι
3289 4304 3378 4358 διὰ
3427 4307 3599 4360 ταῦτα
3633 4312 3726 4362 καὶ

2147 4387 2247 4455 τῆς
2309 4387 2635 4457 Ἐκκλησίας
2683 4389 3096 4460 ἀπεϐλήθησαν,
3152 4395 3269 4456 πῶς
3317 4396 3416 4448 οὐκ
3473 4397 3538 4451 ἄν
3587 4401 3614 4451 6
3658 4400 3726 4452 δι’

2148 4479 2327 4547 οἴησιν
2377 4479 2663 4548 ἐπισκόπῳ
2720 4481 2884 4534 αὐτοῦ
2923 4481 2998 4551 μή
3031 4484 3353 4554 πειθόμενος
3407 4489 3498 4542 καὶ
3544 4490 3725 4560 ἀδιόρ-

2149 4564 2320 4629 θωτος
2371 4567 2549 4638 μένων
2595 4568 3092 4641 καθαιρεθήσεταις
3130 4573 3238 4626 Καὶ
3287 4577 3314 4628 6
3374 4579 3624 4647 πέμπτος
3670 4583 3727 4634 ἱέ

2149 4655 2256 4708 τῶν
2315 4657 2488 4725 ἁγίων
2553 4660 2864 4712 ἀποςτόλων
2938 4661 3119 4717 κανὼν
3173 4668 3297 4729 τοὺς
3355 4669 3455 4729 τὰς
3518 4672 3729 4725 ἑαυτῶν

2148 4748 2414 4813 γυναῖκας
2451 4748 2724 4818 προφάσει
2750 4749 3038 4815 εὐλαϐείας
3074 4753 3436 4832 ἐκϐάλλοντας
3471 4759 3728 4830 ἀφορίζε-

2150 4835 2272 4890 σθαι
2305 4839 2533 4906 κελεύει,
2571 4841 2928 4910 ἐπιμένοντας
2973 4845 3029 4898 δὲ
3058 4847 3152 4900 καὶ
3179 4847 3591 4922 καθαιρεῖσθαι.
3618 4856 3728 4908 Καὶ

2147 4929 2175 4981 6
2224 4927 2312 4993 λς’
2372 4932 2478 4985 τῶν
2533 4933 2712 4986 αὐτῶν
2769 4934 3115 4990 διατάττεται
3187 4942 3314 5004 τοὺς
3394 4942 3561 5014 ψήφῳ
3619 4947 3728 5001 τῶν

2147 5020 2464 5077 ἐπισκόπων
2501 5025 2580 5088 είς
2604 5027 2942 5097 προστασίαν
2966 5028 3356 5100 καλουμένους,
3385 5035 3460 5104 μὴ
3495 5039 3725 5091 καταδε-

2145 5116 2409 5185 χομένους
2451 5116 2507 5167 δὲ
2556 5116 2615 5168 τὸ
2663 5117 3058 5190 λειτούργημα,
3094 5123 3519 5194 ἀφωρισμένους
3564 5125 3724 5195 εἶναι,

2147 5206 2250 5266 ἕως
2271 5203 2336 5256 ἂν
2362 5205 2787 5270 καταδέξωνται.
2816 5208 2978 5262 Ὥστε
3005 5213 3052 5263 εί
3083 5211 3158 5282 μὴ
3189 5215 3592 5284 καταδέχοιντο,
3621 5215 3729 5273 εἷεν

2146 5293 2210 5347 ἂν
2241 5293 2329 5346 διὰ
2350 5291 2464 5363 βίου
2491 5296 2888 5366 άφωρισμένοι.
2917 5298 2980 5350 Οί
3004 5299 3061 5352 δὲ
3086 5301 3174 5354 διὰ
3206 5301 3322 5372 βίου
3351 5303 3729 5375 ἀφωρισμέναι

2145 5385 2300 5438 οὐδὲν
2332 5385 2623 5438 ἀπεοίκασι
2669 5388 3094 5460 καθῃρημένων.
3146 5390 3314 5464 Οἶμαι
3364 5396 3419 5449 δὲ
3469 5403 3728 5469 κρεῖσσον

2147 5479 2321 5531 εἰπεῖν
2375 5479 2455 5532 ὅτι
2507 5483 2616 5532 πάν
2663 5482 2970 5553 ἁμάρτημα
3012 5485 3238 5550 δικαίως
3291 5487 3356 5540 ἂν
3404 5491 3728 5560 ὀνομάζοιτο

2145 5566 2399 5636 ψυχικὸν,
2435 5568 2510 5630 ὡς
2539 5569 2603 5622 ἐκ
2635 5573 3001 5642 παρατροπῆς
3024 5575 3131 5628 τῶν
3161 5577 3413 5647 ψυχικῶν
3439 5578 3723 5648 δυνάμεων

2147 5660 2247 5728 τὴν
2286 5660 2463 5732 ἀρχὴν
2496 5661 2636 5731 ἔχον.
2672 5663 2764 5728 Εἰς
2796 5666 2921 5719 τοία
2969 5667 3078 5737 γὰρ
3107 5670 3219 5724 τῶν
3256 5673 3383 5742 περὶ
3411 5676 3506 5744 τήν
3543 5674 3724 5746 ψυχὴν
