4108 6200
426 293 542 354 9.9)

1540 292 1617 350 ΙΝ
1649 291 1815 351 CAN.
1864 290 1918 347 lI
1958 289 2171 349 CUNC.
2200 290 2473 354 NlC/EN.
2510 294 2555 352 Ι.

3571 302 3679 362 230

427 402 825 470 θεωρουμένων
878 402 1297 473 διαιρουμένων,
1352 400 1436 465 εἷς
1485 418 1545 453 τε
1580 401 1640 452 τὸ
1685 401 1921 467 λογικδν,
1959 398 2000 448 τὶ

2123 416 2249 453 vero
2282 412 2394 455 toto
2431 403 2552 455 vitm
2586 413 2824 472 tempore
2857 405 3120 475 segregati
3146 416 3290 469 sunt,
3347 407 3476 460 nihil
3525 426 3551 460 a
3595 411 3693 461 de.

425 495 852 561 ἐπιθυμητικὸν,
890 496 986 547 καὶ
1019 496 1079 546 τὺ
1105 495 1357 563 θυμικὸν,
1393 494 1452 558 ἐξ
1484 493 1715 546 ἑκάστου
1740 494 1928 545 τούτου
1952 494 2007 544 al

428 588 629 651 ἀρεταὶ
662 586 754 636 καὶ
780 587 834 637 αἱ
861 587 1052 638 κακίαι
1083 586 1357 654 πεφύκασι
1384 585 1615 652 φύεσθαι
1636 601 1648 613 ·
1682 586 1735 636 αἱ
1763 584 1860 652 μὲν
1881 585 2009 637 ὅταν

424 678 606 745 ὀρθῶς
634 679 729 730 καὶ
749 678 822 739 ὡς
848 679 999 747 παρὰ
1026 679 1118 730 τοῦ
1146 676 1480 747 δημιουργοῦ
1505 678 1637 746 ἡμῖν
1659 676 2007 745 ὲνετέθησαν,

424 771 623 830 αὐταῖς
656 771 920 838 χρώμεθα
945 785 960 799 ⁸
996 771 1051 823 αί
1081 770 1152 823 ’δὲ
1199 770 1411 833 κακίαι,
1450 770 1579 823 ὅταν
1608 771 1798 833 αὑταῖς
1829 785 2009 839 παρα-

423 856 716 926 χρώμεθα.
750 858 856 910 Τοῦ
888 859 988 926 μὲν
1018 859 1111 912 οὖν
1140 859 1448 927 λογιστικοῦ
1486 859 1656 930 ἁρετὴ
1683 861 1775 913 καὶ
1808 860 2009 929 κατόρ-

425 949 590 1016 θωμα
634 952 666 1018 ἡ
706 951 977 1013 εὐσέϐεια,
1026 952 1119 1003 καὶ
1156 953 1211 1003 αἱ
1248 952 1325 1019 τῷ
1361 952 1488 1018 θείῳ
1524 952 1828 1020 πρέπουσαι
1875 952 2010 1021 ἡμέ-

423 1055 584 1104 τεραι
635 1040 858 1102 ἔννοιαι,
899 1041 993 1091 καὶ
1033 1043 1065 1108 ἡ
1124 1040 1215 1093 τοῦ
1268 1040 1433 1093 καλοῦ
1499 1042 1593 1094 καὶ
1630 1042 1723 1093 τοῦ
1768 1041 2009 1111 χείρονος

422 1128 803 1197 ἀνεπισφαλὴς
847 1130 1141 1199 διάκρισις,
1189 1131 1284 1183 καὶ
1318 1131 1371 1183 τί
1407 1132 1504 1201 μὲν
1542 1133 1818 1202 αἱρεῖσθαι
1867 1133 2006 1198 δέον,

424 1218 478 1270 τί
530 1218 585 1270 δὲ
637 1218 1072 1287 ἀποτρέπεσθαι.
1113 1221 1177 1270 Ἠ
1223 1219 1280 1271 δὲ
1330 1220 1394 1273 ὲκ
1439 1218 1643 1272 τούτων
1692 1220 2009 1282 ἁπόπτωσις

424 1309 597 1361 κακία
620 1310 714 1361 καὶ
738 1310 987 1379 ἁμαρτία
1015 1312 1153 1364 ἐστί.
1182 1311 1287 1363 Τοῦ
1309 1312 1355 1363 δ’
1382 1310 1782 1381 ἐπιθυμητικοῦ
1809 1310 2007 1380 μέρους

421 1402 599 1471 ἀρετὴ
629 1403 688 1453 τὸ
720 1404 827 1454 τῶν
857 1402 1024 1463 ὅντως
1051 1404 1183 1473 ἐρᾷν
1222 1402 1480 1471 ὁρεκτῶν,
1512 1404 1611 1473 τῆς
1640 1402 1808 1465 θείας,
1841 1402 2005 1472 φημὶ,

423 1493 672 1558 φύσεως,
722 1492 815 1543 καὶ
868 1492 975 1543 τῶν
1001 1491 1237 1544 οἰκειοῦν
1271 1494 1418 1561 ἡμᾶς
1458 1494 1642 1563 ἐκείνῃ
1692 1493 2007 1562 δυναμένων

424 1583 703 1650 πράξεων,
749 1584 812 1635 vn
837 1584 880 1635 δ’
905 1586 968 1635 ὲκ
997 1583 1204 1635 τούτων
1241 1585 1570 1655 παρατροπὴ
1601 1586 1693 1637 καὶ
1724 1586 1804 1647 είς
1839 1588 2005 1654 γήϊνα

420 1679 569 1748 φορὰ
593 1680 690 1747 τῆς
723 1680 1016 1748 ἐπιθυμίας
1050 1681 1374 1750 ἁμάρτημα.
1422 1681 1651 1749 Ὀμοίως
1703 1681 1758 1733 δὲ
1789 1682 1880 1733 καὶ
1913 1682 2004 1733 τοῦ

416 1770 656 1838 θυμικοῦ
698 1771 865 1839 ἀρετὴ
911 1772 942 1840 ἡ
984 1774 1121 1841 πρὸς
1172 1774 1271 1839 τὴν
1304 1774 1523 1825 κακίανδ
1552 1773 1867 1833 ἐναντίωσις
1910 1776 2004 1827 καὶ

413 1861 714 1931 ἀπέχθεια,
753 1865 849 1915 καλο
900 1862 961 1914 τὸ
1016 1865 1151 1933 πρὸς
1199 1863 1298 1924 τὰς
1342 1863 1435 1915 τοῦ
1490 1862 1737 1932 σώματος
1795 1864 2004 1934 ὀρέξεις

414 1953 797 2016 ἀνθίστασθαι,
841 1954 931 2006 καὶ
980 1955 1171 2023 μέχρις
1200 1956 1434 2024 αἵματος
1482 1956 1614 2024 πρὸς
1670 1957 1769 2025 τὴν
1819 1958 2003 2027 ἁμαρ-

411 2044 538 2097 τίαν
562 2044 1068 2110 ἀντικαθίστασθαι,
1100 2047 1316 2099 καὶτοῦ
1359 2046 1522 2115 ὀρθοῦ
1571 2046 1728 2113 λόγου
1771 2047 1866 2099 καὶ
1906 2050 2004 2117 τῆς

412 2136 624 2204 ἀρετῆς
686 2138 1018 2205 προμαχείν,
1076 2136 1171 2188 καὶ
1234 2137 1373 2206 μετὰ
1426 2138 1518 2189 τοῦ
1573 2139 1740 2190 Δαϐὶδ
1772 2138 1949 2205 λέγειν
1986 2157 2001 2170 ο

416 2223 609 2278 Εἶδον
634 2227 1109 2292 ἀσυνετοῦντας,
1146 2230 1242 2280 καὶ
1292 2228 1665 2297 ἐξετηκόμην
1695 2246 1707 2259 ·
1751 2231 1918 2283 κακία
1949 2230 2003 2282 δὲ

416 2318 451 2385 ἡ
505 2318 647 2387 πρὶς
691 2318 784 2369 τὶν
836 2318 1064 2387 πλησίον
1111 2318 1250 2388 ὀργὴ
1284 2360 1298 2383 ,
1339 2321 1521 2372 καὶτὸ
1571 2321 1745 2388 μῖσος,
1796 2321 1889 2372 καὶ
1946 2321 2002 2372 αἱ

414 2406 720 2473 φιλόνεικοι
778 2405 1065 2471 διαθέσεις,
1117 2412 1209 2459 καὶ
1274 2408 1329 2460 αἱ
1382 2409 1761 2477 μνησικακίαι.
1820 2409 2003 2473 Οὕτως

414 2493 539 2557 οὖν,
590 2498 664 2558 ὼς
724 2499 961 2567 εἴρηται,
1002 2500 1065 2551 ἐκ
1121 2498 1229 2551 τῶν
1278 2498 1525 2569 ψυχικῶν
1558 2500 1840 2571 δυνάμεων
1895 2502 2001 2555 τῶν

415 2590 841 2657 ἁμαρτημάτων
892 2591 1319 2659 συνισταμένων,
1349 2590 1531 2654 καλῶς
1575 2592 1624 2643 οἱ
1662 2591 1794 2643 θεῖοι
1829 2592 2001 2643 Πατέι

416 2697 510 2749 ρες
544 2680 752 2748 ψυχικὰ
782 2681 1069 2750 εἰρήκασιν
1092 2682 1493 2751 ἁμαρτήματα,
1527 2684 1622 2734 καὶ
1648 2681 1724 2751 τῷ
1776 2683 2003 2753 μεγάλῳ

416 2770 620 2839 Παύλῳ
664 2772 918 2839 ἑπόμενοι
970 2771 1222 2839 λέγοντι·
1276 2774 1448 2825 Ἔστι
1495 2771 1664 2840 σῶμα
1709 2772 1999 2840 ψυχικὸν,

415 2863 516 2913 καὶ
554 2863 686 2914 ἔστι
722 2862 893 2930 σῶμα
932 2863 1340 2931 πνευματικόν
1366 2879 1380 2895 ·
1414 2863 1643 2933 ψυχικὸν
1677 2864 2001 2932 ὀνομάζοντι

412 2954 475 3004 τὸ
499 2952 606 3004 ὑπὸ
642 2954 741 3021 τῆς
777 2954 955 3023 ψυχῆς
977 2954 1445 3023 ὴγεμονευόμενον
1478 2954 1568 3006 καὶ
1599 2955 1999 3026 κυριαρχούμε-

2115 492 2304 560 positis
2363 492 2634 548 dill'erunt.
2700 494 2810 564 Ego
2872 512 2996 550 vero
3060 498 3130 551 ita
3193 513 3412 563 censeo,
3472 508 3688 567 peccata

2113 583 2658 652 omnia,'propterea
2710 587 2850 653 quod
2904 603 2967 640 ex
3019 588 3325 655 depravatis
3369 588 3560 641 animat
3615 594 3689 639 la-

2113 674 2401 728 cultatibus
2420 684 2595 729 ortum
2621 678 2842 739 ducunt,
2873 677 3127 731 animalia
3160 679 3350 731 merito
3373 680 3475 732 dici
3513 696 3687 746 posse.

2112 764 2243 819 Cum
2273 766 2416 819 enim
2454 775 2562 821 tres
2594 768 2703 821 sint
2742 768 2907 822 animi
2939 768 3100 821 veluti
3152 778 3361 837 partes,
3401 769 3557 833 ratio,
3592 785 3685 819 eu-

2114 856 2335 925 piditas,
2380 857 2480 922 ira,
2520 872 2583 911 ex
2622 858 2812 910 har-um
2859 858 3110 927 singulis,
3157 858 3384 912 virtutes
3427 874 3491 911 ae
3540 860 3687 923 \ilin,

2112 947 2344 1002 virtutes
2398 948 2639 1016 quidem,
2691 948 2735 1001 si
2774 957 2938 1010 recte,
2977 957 3025 1001 ct
3064 963 3125 1001 ea
3165 964 3283 1015 qua:
3335 962 3363 1000 a
3400 946 3689 1001 Conditorc

2111 1040 2426 1107 praescripta
2460 1038 2582 1102 fuit,
2636 1040 3011 1093 moderatione
3056 1039 3295 1092 adhibita
3351 1038 3416 1091 iis
3448 1046 3686 1103 utamur,

2111 1130 2156 1183 si
2200 1144 2327 1182 vero
2358 1130 2546 1185 iisdem
2582 1131 2894 1196 abutamur,
2919 1131 3046 1183 vitia
3080 1139 3402 1183 nascuntur.
3442 1130 3688 1183 Rationis

2112 1222 2275 1292 igitur
2309 1222 2475 1277 virtus
2502 1233 2661 1291 atque
2692 1222 2922 1276 oliicium
2954 1233 3057 1287 est,
3088 1222 3280 1291 pietas,
3317 1237 3540 1291 quaequ
3582 1239 3684 1273 nu-

2112 1315 2273 1369 minis
2310 1314 2575 1383 Majestati
2621 1315 2965 1379 conveniant,
3023 1314 3214 1367 animis
3263 1315 3460 1367 nostris
3512 1314 3686 1365 infor-

2112 1419 2268 1460 mata:
2294 1408 2561 1467 notiones,
2599 1415 2707 1458 tum
2745 1406 2882 1459 inter
2910 1406 3197 1459 honestum
3247 1420 3310 1457 ac
3341 1414 3510 1473 turpe,
3546 1407 3687 1457 inter

2111 1501 2162 1555 id
2194 1502 2337 1571 quod
2365 1501 2541 1570 sequi,
2574 1510 2666 1553 aut
2690 1500 2877 1570 fugere
2906 1508 3176 1567 Oporteat,
3226 1508 3370 1553 recta
3422 1497 3682 1566 dijudica-

2112 1591 2203 1645 tio.
2230 1590 2357 1645 Haec
2406 1589 2507 1644 nisi
2542 1597 2743 1653 teneat,
2784 1591 2836 1643 iu
2872 1590 3060 1643 vitium
3103 1590 3418 1657 crimenque
3469 1588 3679 1641 delabi-

2112 1691 2218 1736 tur.
2265 1680 2588 1750 Cupiditatis
2650 1680 2845 1735 deinde
2877 1680 3047 1735 virtus
3092 1687 3196 1744 est,
3239 1694 3299 1732 ea
3336 1693 3454 1746 quae
3499 1671 3683 1729 amore

2109 1788 2234 1827 vere
2267 1771 2435 1841 digna
2464 1782 2613 1836 sunt,
2651 1772 2887 1824 divinam
2921 1771 3126 1825 scilicet
3155 1778 3425 1833 naturam,
3456 1780 3683 1835 quaeque

2109 1864 2373 1933 imprimis
2433 1865 2674 1917 actiones
2724 1864 2897 1918 eidem
2960 1861 3250 1916 conciliare
3311 1874 3406 1913 nos
3460 1866 3682 1931 queant,

2107 1968 2292 2008 amore
2323 1953 2629 2021 complecd.
2663 1953 2783 2004 Alio
2815 1952 2856 2004 si
2895 1950 3196 2010 deﬂexerit,
3253 1957 3415 2016 atque
3463 1949 3527 1998 ad
3577 1953 3686 1997 ter—
3737 1977 3743 1985 -

2108 2059 2235 2098 rena
2293 2044 2560 2111 cupiditas
2611 2043 2920 2108 divci‘tcrit,
2974 2042 3202 2095 crimine
3265 2042 3681 2108 haudquaquam

2106 2135 2336 2193 carebit.
2380 2133 2710 2187 Pravitatem
2759 2134 2993 2202 denique
3029 2133 3230 2208 odisse,
3274 2132 3433 2202 eique
3484 2129 3681 2183 bellum

2108 2226 2307 2281 habere
2364 2241 2577 2296 semper
2645 2225 2943 2289 indictum,
3005 2225 3365 2293 appetitiones
3439 2220 3684 2289 corporis

2105 2332 2379 2381 coercere,
2407 2328 2458 2389 et
2489 2317 2554 2370 ad
2587 2332 2771 2371 necem
2825 2331 2995 2381 usque
3039 2314 3226 2369 sceleri
3278 2313 3577 2375 adversari,
3628 2318 3683 2363 et

2106 2422 2203 2477 pro
2255 2418 2401 2461 recta
2464 2409 2676 2462 ratione
2751 2422 2815 2460 ac
2879 2408 3160 2460 honestate
3223 2405 3552 2473 depugnare,
3616 2416 3679 2454 ac

2107 2500 2324 2554 Davidis
2352 2501 2504 2565 illud,
2545 2498 2663 2552 Vidi
2691 2500 3115 2568 prwraricantes,
3160 2508 3207 2551 et
3258 2497 3582 2550 tabescebant
3611 2496 3677 2557 ⁸⁸³,

2107 2606 2390 2660 usurpare,
2422 2590 2514 2643 irae
2545 2591 2715 2643 virtus
2744 2599 2846 2642 est.
2879 2589 3104 2654 Eadem,
3133 2589 3222 2642 ubi
3260 2604 3319 2644 se
3348 2594 3400 2643 in
3446 2593 3677 2645 amicum

2109 2681 2369 2742 intendat,
2402 2681 2526 2733 odio
2557 2679 2897 2742 effervescat,
2925 2689 2980 2732 et
3002 2679 3066 2732 ad
3104 2680 3483 2734 contentiones
3510 2682 3683 2749 promi

2107 2772 2332 2834 feratur,
2363 2770 2612 2839 injuriam
2642 2771 2751 2823 alte
2801 2770 3077 2836 recondat,
3126 2770 3178 2823 iit
3210 2771 3339 2823 vitio
3386 2780 3486 2825 est.
3539 2771 3673 2823 Cum

2108 2864 2268 2933 igitur
2295 2878 2360 2916 ex
2393 2862 2557 2916 animi
2615 2862 2983 2923 facultatibus,
3030 2875 3087 2914 ut
3138 2861 3396 2926 diximus,
3456 2869 3675 2930 peccata

2106 2955 2425 3020 conﬂentur,
2472 2953 2593 3023 jure
2635 2965 2853 3023 peccata
2922 2954 3087 3007 divini
3148 2955 3357 3018 Patres,
3420 2954 3673 3007 animalia

413 3061 527 3107 νον,
562 3044 658 3096 καὶ
690 3047 811 3104 ταῖς
864 3048 1119 3113 φυσικαῖς
1175 3045 1347 3113 αὐτῆς
1398 3044 1647 3098 δουλεῦον
1681 3046 1993 3117 δυνάμεσιν,

2109 3042 2453 3101 nmninavere
2486 3064 2500 3101 :
2532 3062 2783 3115 magnum
2836 3062 3050 3115 quoque
3107 3045 3330 3099 Paulum
3382 3056 3672 3113 sequentes

413 3137 661 3188 ἐκδιδοῦν
689 3154 747 3189 τε
804 3135 959 3208 θυμῷ
1011 3138 1105 3191 καὶ
1154 3138 1441 3208 ἐπιθυμίᾳ,
1500 3138 1591 3191 καὶ
1638 3143 1745 3201 τοῖς
1781 3140 1991 3209 γηῖνοις

414 3230 811 3298 προστετηκδς,
839 3232 933 3282 καὶ⁵
961 3231 1112 3282 οὐδὲν
1144 3230 1286 3300 ὑπὲρ
1319 3229 1493 3283 ταῦτα
1524 3230 1777 3300 φρονοῦν.

2105 3140 2195 3209 qui
2233 3140 2388 3202 dicit,
2428 3138 2522 3191 Est
2552 3155 2737 3204 corpus
2778 3138 3027 3201 animale,
3067 3146 3113 3189 et
3155 3148 3227 3189 est
3277 3153 3463 3205 corpus
3516 3138 3675 3204 spiri-

2102 3231 2242 3285 tuule
2280 3230 2349 3297 ⁸ο,
2381 3231 2612 3284 animale
2654 3230 2938 3283 nominans
2985 3231 3035 3284 id
3074 3232 3215 3299 quod
3261 3232 3449 3283 animae
3490 3230 3671 3293 ductu,

415 3326 757 3393 imperioque
791 3329 1021 3395 regitur,
1058 3325 1241 3393 illique
1305 3326 1493 3380 inditis
1540 3343 1567 3378 a
1616 3338 1808 3380 natura
1862 3326 2205 3383 facultatibus
2259 3329 2521 3393 serviens,
2578 3328 2672 3380 ira:
2721 3342 2800 3391 se,
2849 3326 3235 3395 cupiditatique
3286 3326 3568 3394 permittit,
3608 3339 3671 3378 ac

413 3420 649 3474 terrenis
678 3432 933 3490 perpetuo
961 3420 1175 3477 allixum
1210 3432 1312 3489 est,
1379 3430 1435 3476 et
1502 3423 1635 3477 nihil
1687 3440 1848 3494 supra
1907 3441 1969 3479 ea
2003 3428 2227 3497 cogitat.

409 3555 645 3610 ΑΡΙΣΤ.
697 3558 762 3608 Ol
792 3556 860 3619 ἐξ
894 3556 1134 3611 ἐθνικοῦ
1184 3558 1328 3622 βίου
1355 3556 1441 3627 μὴ
1474 3561 1695 3628 ταχέως
1724 3564 1812 3626 εἰς
1839 3579 1982 3630 πρε-

466 3647 806 3714 σϐυτέρους·
828 3648 1205 3715 ἀγέσθωσαν·
1225 3648 1364 3717 δίχα
1390 3649 1501 3716 γὰρ
1522 3648 1631 3716 τῆς
1651 3650 1745 3704 διὰ
1763 3656 1984 3721 χρόνου

476 3739 842 3805 δοκιμασίας
880 3739 1066 3802 κακὸς
1091 3741 1123 3790 o'
1172 3741 1467 3807 νεόφυτος
1491 3779 1507 3792 .
1555 3741 1625 3794 Ei
1664 3740 1731 3794 δέ
1761 3759 1849 3807 τις
1887 3744 1985 3796 καί

475 3831 630 3897 μετὰ
670 3828 785 3897 τὴν
839 3830 1213 3897 χειροτονίαν
1262 3833 1612 3899 ἁμαρτήσας
1657 3834 1986 3903 ἀποδειχθῇ

484 3922 800 3986 πρότερον,
832 3920 1084 3987 ὕστερον
1116 3920 1229 3991 (40)
1260 3922 1470 3976 οὐτοσὶ
1497 3925 1825 3978 πεπιιύο-υω
1882 3926 1989 3978 τοῦ

484 4011 738 4079 κλήρου.

482 4127 569 4178 Τὰ
607 4126 745 4179 αὐτὰ
773 4125 850 4195 τῷ
896 4125 1235 4197 ὀγδοηκοπῷ
1281 4128 1468 4182 κανόνι
1497 4128 1606 4182 τῶν
1653 4130 1824 4199 ἁγίων
1856 4130 1990 4181 ἀπο-

407 4218 619 4270 στόλων
647 4217 740 4270 καὶ
771 4218 800 4269 ὁ
830 4218 1006 4270 κανὼν
1028 4211 1180 4280 οὗτος
1200 4218 1369 4287 λέγει,
1406 4220 1466 4272 τὸ
1496 4221 1589 4273 τὸν
1621 4220 1751 4292 ἄρτι
1793 4219 1990 4288 βαπτιο

410 4311 614 4364 σθέντα
639 4311 714 4380 μὴ
745 4310 908 4372 εὐθὺς
934 4311 1014 4373 είς
1044 4311 1353 4382 ἐπισκοπὴν
1382 4314 1415 4383 ἢ
1451 4316 1529 4377 εἱς
1562 4312 1989 4384 πρεσϐυτερεῖον

2096 3562 2326 3618 ARIST.
2402 3563 2507 3629 Qui
2553 3578 2618 3617 ea:
2643 3562 2847 3616 etlim'ca
2881 3563 2987 3615 vita
3008 3561 3266 3631 prodeunt
3298 3577 3360 3613 ne
3390 3561 3573 3613 statim
3602 3562 3670 3612 ad

2157 3659 2481 3726 presbyteros
2514 3665 2944 3723 promoveantur.
3021 3652 3164 3706 Nam
3211 3654 3322 3707 sine
3364 3653 3671 3721 probatione

2159 3765 2262 3818 qua
2295 3750 2355 3817 [il
2381 3764 2663 3817 progressu
2720 3748 2986 3815 temporis,
3031 3747 3200 3798 malus
3246 3754 3321 3798 est
3366 3746 3667 3813 neophylus.

2160 3838 2219 3893 Si
2241 3842 2357 3909 quis
2383 3851 2556 3893 autem
2586 3849 2635 3893 et
2661 3851 2772 3907 post
2802 3840 3191 3891 ordinationem
3212 3850 3365 3890 antea
3390 3838 3671 3906 deliquisse

2094 3938 2110 4002 ε
2167 3942 2460 4000 compertus
2494 3935 2583 3999 sit,
2614 3942 2798 4001 postea
2827 3932 2911 3985 hic
2940 3934 3080 3985 clero
3118 3931 3435 3997 «repellatur.

2166 4130 2367 4185 Eadem
2410 4146 2528 4199 qua:
2571 4130 2932 4195 octogesimus
2974 4143 3146 4183 canon
3189 4134 3500 4179 sanctorum
3534 4141 3665 4193 apo-

2106 4222 2391 4287 stolorum,
2424 4224 2509 4277 hic
2539 4236 2752 4291 quoque
2778 4237 2951 4275 canon
2978 4222 3126 4285 dicit,
3158 4219 3316 4273 modo
3342 4220 3665 4286 baptizatum

2096 4331 2203 4371 non
2236 4315 2415 4371 subito
2448 4315 2512 4368 ad
2542 4314 2903 4383 episcopatum
2936 4323 3025 4367 aut
3078 4311 3511 4382 presbyteratum
3546 4327 3671 4380 pro-

407 4406 574 4468 ἄγειν
598 4416 615 4432 ο
654 4401 737 4453 ἵνα
774 4400 868 4470 μὴ,
915 4401 991 4465 ὡς
1024 4402 1299 4471 νεόφυτος,
1336 4405 1629 4473 τυφωθεὶς,
1675 4407 1755 4467 εἰς
1789 4402 1989 4472 παγίδα

2106 4404 2336 4471 moveri;
2377 4419 2478 4469 ne,
2524 4413 2581 4457 ut
2612 4404 2942 4473 neophytus,
2973 4402 3193 4470 inﬂatus
3215 4441 3229 4466 ,
3277 4403 3327 4455 in
3357 4401 3553 4455 diaboli
3589 4401 3669 4453 la-

406 4495 510 4547 τοῦ
541 4493 790 4546 διαϐόλου
814 4493 909 4546 καὶ
945 4496 1118 4563 κρῖμα
1145 4497 1381 4566 ἐμπέσῃ.
1408 4498 1500 4549 Δεῖ
1534 4497 1666 4564 γοῦν
1697 4496 1790 4549 τὸν
1819 4495 1998 4548 τοιοῦ-

409 4603 506 4637 τον
550 4586 689 4637 κατὰ
727 4585 819 4635 τὸν
858 4584 1144 4637 ἑνδέκατον
1175 4585 1373 4637 κανόνα
1394 4586 1492 4654 τῆς
1522 4587 1579 4639 ἐν
1615 4586 1850 4658 Σαρδικῇ
1871 4603 1997 4638 συν-

410 4678 535 4730 όδου
598 4676 861 4746 πρότερον
886 4676 968 4737 εἰς
1002 4675 1235 4729 ἕκαστον
1262 4676 1493 4746 βαθμὸν,
1535 4677 1703 4747 ἤγουν
1744 4676 1993 4745 ἀναγνώ-

414 4786 567 4833 στου,
622 4765 998 4831 ὑποδιακόνου,
1057 4766 1149 4818 καὶ
1194 4768 1302 4819 τῶν
1353 4766 1499 4837 ἑξῆς,
1571 4769 1849 4821 ἐκτελέσαι
1891 4769 1995 4822 κᾶν

413 4860 533 4922 ἑνὸς
564 4861 756 4929 χρόνου
791 4877 995 4929 μηκος,
1035 4862 1130 4914 καὶ
1158 4860 1354 4923 οὕτως.
1420 4863 1468 4912 εἰ
1509 4858 1655 4926 ἄξιος
1692 4861 1795 4930 τῆς
1848 4860 1997 4924 θείας

416 4950 723 5020 ἱερωσύνης
766 4952 951 5022 κριθῇ,
992 4953 1096 5021 τῆς
1133 4954 1397 5023 μεγίστης
1448 4951 1755 5006 ἀπολαῦσαι
1785 4955 1987 5022 τιμῆς·

413 5042 608 5111 ὥσπερ
632 5041 694 5111 δὴ
730 5043 893 5096 πάλιν
927 5043 1017 5096 καὶ
1048 5044 1186 5111 μετὰ
1219 5044 1317 5113 τὴν
1345 5043 1700 5113 χειροτονίαν,
1729 5044 1778 5095 εἰ
1814 5044 1991 5114 ἁμαρσ

412 5133 589 5202 τήσας
610 5134 934 5203 ἀποδειχθῇ,
967 5135 1066 5203 τῆς
1093 5134 1249 5198 ἀξίας
1276 5134 1708 5202 μετακινεῖσθαι.

526 5335 574 5366 ³⁸
616 5327 756 5387 Psal.
797 5350 987 5401 εει-ιιι,
1022 5333 1147 5388 158.
1263 5333 1309 5363 δ’
1347 5334 1361 5386 l
1397 5334 1523 5389 Cor.
1555 5350 1642 5399 xv,
1674 5334 1765 5388 Διί.

2093 4512 2288 4566 qucum
2326 4506 2380 4550 et
2413 4496 2676 4565 judicium
2723 4496 2942 4550 incidat.
3005 4496 3228 4564 Oportet
3279 4496 3460 4565 itaque
3507 4496 3664 4549 talem

2090 4588 2244 4657 juxta
2306 4587 2652 4641 undecimum
2719 4600 2976 4641 cauonem
3048 4586 3240 4656 synodi
3302 4584 3663 4647 Sardiccnsis,

2093 4679 2244 4748 prius
2277 4678 2328 4732 in
2363 4692 2691 4746 unoquoque
2720 4678 2909 4747 gradu,
2944 4693 3137 4744 nempe
3168 4677 3383 4733 lectoris
3412 4687 3464 4731 et
3494 4680 3667 4748 hypo-

2098 4770 2309 4823 diaeoni
2339 4778 2393 4823 et
2421 4768 2753 4839 reliquorum
2790 4768 3146 4823 ministerium
3176 4783 3432 4838 peragere
3475 4770 3663 4821 saltent

2095 4860 2253 4914 unius
2278 4861 2535 4928 temporis
2567 4861 2823 4928 spatium,
2850 4869 2903 4912 et
2929 4860 3028 4925 sic,
3065 4861 3108 4912 si
3143 4860 3333 4927 dignus
3360 4859 3540 4911 divino
3569 4875 3661 4910 sa-

2099 4951 2337 5005 cerdOtio
2354 4951 2651 5020 judicctur,
2678 4952 2925 5004 maxima
2945 4951 3211 5018 particeps
3238 4950 3328 5001 liat
3352 4949 3663 5015 dignitatis:

2101 5043 2244 5097 sicut
2283 5053 2461 5097 autent
2502 5044 2696 5097 iterum
2733 5052 2786 5095 et
2832 5053 2950 5111 post
2980 5043 3406 5103 ordinationem,
3450 5039 3494 5093 si
3533 5040 3666 5092 deli-

2099 5135 2281 5206 quisse
2315 5144 2623 5204 compcrtus
2651 5132 2832 5200 fuerit,
2864 5134 3126 5203 dignitate
3156 5141 3456 5185 amovetur.

1647 5487 1840 5548 Guill.
1877 5485 2205 5562 Beveregii
2244 5491 2434 5545 notae.

482 5619 599 5688 (ιο)
658 5620 973 5684 Πρότερον,
1025 5617 1303 5688 ὕστερον.
1364 5613 1419 5666 lu
1486 5611 1751 5688 Sititcottis
1810 5610 1986 5688 Lugo-

411 5680 853 5757 thettelepiiome—
879 5688 1095 5757 legitur,
1128 5680 1484 5756 νῆ’πρότερον,
1511 5682 1543 5751 ἢ
1575 5680 1830 5751 ὕστερον.
1870 5682 1976 5735 Sed

2098 5618 2277 5687 nostra
2315 5605 2474 5661 lectio
2507 5609 2799 5676 genuinum
2833 5607 3059 5662 canonis
3092 5624 3309 5663 sensum
3350 5607 3539 5662 melius
3575 5624 3667 5662 e1-

2095 5689 2299 5746 primit.
