4108 6200
483 372 589 435 239

1734 362 2027 425 THEOD,
2043 362 2471 423 BALSAMON.‘

3612 358 3720 421 240

485 488 641 539 annis
684 481 922 552 episcopi
977 493 1163 533 omnes
1209 478 1346 546 apud
1398 477 1628 546 primum
1677 492 1743 533 ex
1788 472 1923 548 ipsis
1970 477 2053 532 bis

2155 476 2357 540 αὐτῶν,
2391 473 2476 542 ἐφ’
2503 466 2548 540 ᾧ
2606 469 2834 526 λύεσθαι
2873 471 2943 526 τά
3001 470 3131 543 περὶ
3187 469 3298 524 τῶν
3334 468 3720 539 ἀκοινωνθμεων

483 575 834 638 conveniant,
890 570 958 625 ad
1005 567 1289 623 solvendas
1341 568 1703 623 dubitationes
1737 570 1801 623 de
1834 582 2054 623 excom-

487 664 793 729 municatis,
860 672 914 715 et
965 659 1201 728 reliquas
1261 658 1655 713 ecclesiasticas
1702 660 2051 728 quaestiones.

482 757 765 813 Acerbitas
797 764 975 806 autem
1009 752 1095 805 hic
1121 749 1349 819 apellata
1381 757 1465 803 est
1504 748 1669 802 animi
1695 749 2049 817 perturbatio.

484 847 745 902 Czeterum
799 857 917 910 qua:
949 842 1011 895 de
1043 839 1236 892 annuis
1274 837 1494 908 synodis
1530 838 1632 892 huc
1675 849 1881 892 canone
1926 854 2054 892 con-

482 939 743 1000 tinentur,
789 933 889 987 itoc
928 932 1045 986 loco
1082 930 1387 985 accuratius
1421 944 1448 982 a
1486 929 1641 983 nobis
1672 929 1911 998 exposita
1948 944 2051 981 non

480 1037 623 1088 sunt,
673 1034 731 1079 ut
777 1040 896 1093 quae
943 1039 1049 1078 non
1084 1022 1192 1077 sint
1227 1023 1279 1075 in
1313 1037 1442 1077 usu:
1488 1031 1542 1075 et
1594 1022 1736 1091 quod
1771 1021 1804 1076 8
1850 1035 2054 1075 canone

479 1117 670 1187 synodi
730 1130 847 1185 quae
906 1112 1005 1167 fuit
1059 1115 1112 1167 in
1167 1112 1372 1181 Trullo,
1429 1124 1485 1168 et
1539 1113 1789 1168 similiter
1834 1110 2053 1166 Novella

480 1207 771 1262 Justiniani
809 1207 923 1262 sive
966 1204 1037 1260 20
1085 1214 1138 1259 et
1178 1204 1242 1258 9-1
1304 1205 1477 1275 capite
1517 1206 1675 1274 primi
1724 1205 1806 1261 tit.
1850 1205 1904 1269 5,
1954 1203 2049 1259 lib.

478 1302 758 1356 Basilicor.
810 1307 1074 1353 statutum
1125 1306 1225 1362 est,
1267 1307 1325 1352 ut
1359 1297 1524 1353 semel
1560 1308 1768 1353 tantum
1798 1297 2055 1352 conveni-

480 1401 601 1445 rent
645 1391 905 1458 episcopi.
965 1390 1106 1459 Lege
1148 1398 1204 1443 et
1236 1388 1335 1442 ista
1367 1388 1565 1457 capita.
1624 1388 1817 1453 Quzere
1845 1397 1900 1441 et
1928 1400 2050 1440 can.

480 1480 547 1530 M
577 1475 768 1547 synodi
806 1473 1089 1531 Sardiceu.
1158 1472 1301 1543 Lege
1349 1481 1408 1527 et
1452 1471 1485 1526 8
1535 1486 1657 1541 cap.
1710 1471 1793 1526 tit.
1850 1469 1885 1525 8
1918 1483 2054 1540 pra)-

478 1568 650 1622 sentis
687 1569 889 1635 operis.

547 1739 803 1795 ZONAR.
855 1736 1175 1792 Sanctorum
1225 1750 1438 1807 quoque
1485 1737 1850 1805 apostolorum
1899 1737 2050 1791 multi

2153 566 2454 637 ἀμφίϐολα,
2514 568 2612 619 καὶ
2675 563 2840 619 λοιπά
2892 562 3324 633 ἐκκλησιαστικά
3393 561 3716 634 ζητήματα.

2165 657 2357 728 Ἀηδία
2392 657 2448 710 δὲ
2474 654 2768 726 ὠνομάσθη
2802 652 3040 710 ἐνταῦθα
3068 656 3101 726 ἠ
3132 654 3430 725 ἐμπάθεια.
3479 655 3562 707 Τά
3594 656 3719 724 μέν.

2153 766 2235 802 τοι
2260 748 2664 820 περιερχόμενα
2701 748 2782 817 τῷ
2812 746 3046 818 παρόντι
3074 746 3260 799 κανόνι
3284 744 3542 813 περὶτῶν
3592 747 3719 816 ἐτη-

2156 841 2537 909 σίωνξσυνόδων
2568 841 3075 911 ἀγωνιπικὼτερον
3102 840 3163 893 οὐ
3194 839 3565 910 διελήφθησαν
3580 832 3721 905 παρ’

2152 935 2310 1005 ἡμῶν
2390 932 2656 999 ἐνταυθοῖ,
2714 934 2789 997 ὼς
2841 933 2916 1004 μὴ
2969 931 3316 1002 ἐνεργοῦντα,
3366 931 3461 985 καὶ
3487 932 3568 984 ὅτι
3612 931 3721 984 ἀπὸ

2152 1026 2245 1079 τοῦ
2261 1023 2312 1095 η’
2362 1025 2584 1088 κανόνος
2612 1025 2713 1094 τῆς
2743 1026 2800 1078 ἐν
2821 1025 2899 1093 τῷ
2923 1024 3174 1095 Τρούλλῳ
3201 1023 3437 1088 συνόδου,
3461 1021 3721 1084 ὡσαύτως
3815 1052 3818 1055 λ

2154 1117 2251 1171 καὶ
2276 1115 2383 1168 ἀπὸ
2407 1116 2838 1170 ἰουστινιανείου
2873 1115 3110 1184 Νεαράς,
3138 1115 3256 1185 ἦτοι
3282 1112 3377 1166 τοῦ
3432 1113 3482 1166 κ’
3506 1113 3604 1166 καὶ
3634 1111 3720 1165 κα¹

2156 1209 2455 1278 κεφαλαίου
2480 1210 2577 1262 τοῦ
2623 1206 2671 1262 α’
2697 1207 2876 1261 τίτλου
2900 1207 2995 1259 τοῦ
3020 1207 3071 1273 γ’
3097 1206 3307 1277 βιϐλίου
3331 1205 3441 1258 τῶν
3497 1203 3719 1257 Βασιλι-

2153 1300 2287 1365 κῶν,
2311 1302 2543 1370 ὥρισται
2587 1298 2736 1365 ἀπαξ
2802 1297 3160 1368 συνέρχεσθαι
3197 1298 3327 1359 τοὺς
3361 1296 3716 1357 ἐπισκόπους.

2156 1392 2267 1447 Καὶ
2306 1391 2583 1460 ἀνάγνωθι
2641 1390 2711 1444 τὰ
2760 1389 2984 1444 τοιαῦτα
3011 1405 3137 1458 κεφ.
3190 1388 3350 1459 Ζήτει
3386 1387 3481 1441 καὶ
3527 1387 3620 1440 τὸν
3640 1385 3718 1450 λζ’

2155 1485 2360 1539 κανόνα
2391 1484 2500 1537 τῶν
2535 1482 2707 1551 ἁγίων
2735 1481 3072 1545 ἀποστόλων,
3125 1481 3214 1534 τὸν
3257 1479 3315 1532 ιδ’
3359 1478 3562 1533 κανόνα
3613 1477 3717 1546 τῆς

2154 1575 2214 1629 ἐν
2264 1575 2497 1646 Σαρδικῇ
2546 1574 2786 1627 συνόδου.
2854 1571 3156 1640 Ἀνάγνωθι
3210 1571 3303 1623 καὶ
3344 1570 3407 1624 τὸ
3453 1575 3504 1639 η’
3546 1570 3725 1637 κεφά-

2151 1666 2304 1722 λαιον
2354 1667 2450 1719 τοῦ
2520 1664 2574 1734 η’
2615 1665 2797 1718 τίτλου
2846 1662 2942 1716 τοῦ
2999 1663 3267 1733 παρόντος
3318 1660 3719 1728 συντάγματος.

2224 1758 2467 1815 ΖΩΝΑΡ,
2482 1758 2709 1813 Καὶτῶν
2724 1757 2893 1825 ἁγίων
2911 1755 3224 1809 ἀποστόλων
3234 1753 3479 1823 διάφοροι
3498 1754 3722 1814 κανόνες

477 1847 739 1895 canones,
782 1830 870 1897 qui
902 1844 929 1881 a
966 1828 1080 1883 suis
1112 1827 1379 1896 episcOpis
1407 1826 1674 1897 segregati
1714 1836 1864 1894 sunt,
1899 1841 1992 1881 eos
2019 1841 2047 1879 a

2155 1852 2572 1923 διαλαμϐάνουσι
2596 1853 2670 1921 μὴ
2691 1851 2939 1921 δέχεσθαι
2957 1850 3108 1919 παρά
3127 1864 3284 1901 τινων
3300 1850 3426 1909 τοὺς
3451 1847 3602 1917 παρά
3614 1846 3721 1899 τῶν

478 1926 693 1979 nemine
739 1922 803 1974 ad
828 1920 1261 1974 communionem
1303 1918 1511 1973 admitti
1540 1918 1704 1973 licere
1734 1919 2049 1973 decernunt.

479 2014 745 2080 Quoniam
781 2024 904 2063 vero
935 2010 1359 2079 segregationem
1388 2008 1795 2064 immerentibus
1823 2009 2051 2077 irrOgari

475 2102 799 2174 quandoque
830 2101 1113 2168 contingit,
1161 2099 1229 2153 ob
1262 2100 1378 2167 ejus
1409 2098 1565 2164 forte,
1613 2099 1701 2168 qui
1728 2100 2050 2167 segregavit,

477 2192 839 2254 iracundiam,
882 2190 964 2243 vel
1009 2192 1365 2254 simultatem,
1416 2200 1504 2244 aut
1534 2192 1604 2244 ob
1633 2190 1799 2244 animi
1839 2201 2054 2259 pertur-

476 2287 749 2341 bationem
786 2284 1047 2351 aliquam,
1105 2296 1265 2351 quam
1296 2290 1349 2336 et
1378 2283 1724 2337 acerbitatem
1754 2283 1841 2336 hic
1875 2282 2054 2337 nomi-

479 2380 649 2443 navit,
698 2375 903 2431 idcirco
935 2375 1078 2428 hunc
1111 2387 1370 2428 canonem
1406 2373 1545 2428 sacri
1579 2373 1768 2428 Patres
1814 2373 2050 2440 edidere,

479 2489 587 2543 quo
646 2470 1074 2541 segregationes,
1127 2468 1551 2538 quandocunque
1604 2467 1814 2521 scilicet
1866 2465 1901 2519 ii
1958 2466 2047 2536 qui

479 2566 746 2635 segregati
782 2571 928 2628 sunt,
958 2560 1154 2629 injuste
1179 2575 1237 2615 se
1271 2561 1338 2614 ab
1361 2574 1426 2615 eo
1454 2560 1543 2629 qui
1574 2559 1872 2628 segregavit
1906 2573 2055 2613 com-

483 2654 734 2709 munione
775 2662 949 2707 motos
979 2665 1102 2705 esse
1146 2659 1568 2719 conquerantur,
1623 2648 1925 2705 examinari
1968 2651 2055 2718 ju-

479 2748 629 2802 bent.
682 2742 812 2797 Eam
842 2756 969 2797 vero
992 2756 1171 2796 causae
1202 2741 1656 2808 disquisitionem,
1698 2755 1726 2793 a
1762 2741 2055 2809 provinciae

480 2835 751 2905 cpisc0pis
803 2833 1074 2897 omnibus,
1132 2841 1225 2886 aut
1281 2840 1429 2886 certe
1485 2831 1529 2885 si
1589 2832 1681 2899 qui
1740 2831 2055 2885 inﬁrmitate

479 2923 828 2988 valetudinis,
890 2930 981 2976 aut
1037 2922 1232 2975 itinere
1288 2920 1616 2985 necessario,
1678 2922 1852 2974 aliave
1906 2922 2053 2987 juSta

480 3031 645 3071 causa
696 3015 937 3084 impediti
993 3015 1152 3078 lorte,
1206 3028 1328 3070 cum
1361 3013 1583 3081 reliquis
1621 3026 1724 3066 non
1758 3011 2050 3078 adfuerim,

486 3122 516 3161 a
573 3107 816 3177 pluribus
876 3106 1063 3160 haberi
1109 3105 1314 3160 volunt.
1408 3103 1576 3159 Porro
1631 3104 1768 3158 duas
1819 3103 2052 3173 synodos

492 3201 724 3272 singulis
738 3201 918 3265 annis,
944 3199 1086 3269 quod
1115 3210 1424 3253 sanctorum
1453 3212 1666 3267 quoque
1688 3197 2053 3267 apostolorum
2080 3174 2123 3232 θ

484 3306 694 3345 eanone
726 3289 992 3344 sancitum
1028 3286 1149 3353 fuit,
1199 3289 1253 3342 in
1304 3303 1622 3358 unaquaque
1652 3288 1929 3357 provincia
1961 3302 2057 3342 ce-

484 3382 771 3435 lebrandas
799 3396 920 3435 esse
949 3382 1260 3434 decrevere.
1322 3379 1520 3433 Verum
1575 3380 1649 3433 illi
1699 3380 1916 3448 quidem
1962 3380 2054 3433 uni

486 3475 688 3541 synodo
739 3471 1037 3534 habendae,
1092 3481 1337 3538 quartam
1398 3468 1789 3523 bebdomadem
1859 3466 2057 3523 Pente-

485 3574 697 3626 costcs;
752 3560 905 3613 alteri
936 3560 1427 3628 Hyperboretaeuni,
1476 3560 1578 3613 boc
1625 3569 1727 3623 est,
1770 3559 2055 3615 Octobrem

489 3665 728 3702 mensem
789 3650 1177 3718 praetinivere:
1238 3650 1410 3703 sancti
1469 3665 1595 3703 vero
1648 3651 1810 3719 hujus
1865 3650 2055 3720 synodi

486 3740 696 3804 Patres,
725 3751 935 3810 tempus
955 3750 1353 3796 commutavere
1379 3756 1473 3809 pro
1498 3751 1685 3810 quarta
1708 3744 2058 3797 Pentecostes

488 3832 820 3886 hebdomade
850 3844 972 3885 ante
1003 3831 1480 3903 Quadragesimam
1508 3834 1767 3888 celebrari
1790 3836 2053 3904 synodum

488 3926 894 3977 decernentes:
954 3927 1175 3994 ejusque
1221 3928 1300 3980 rei
1351 3928 1636 3981 subdidere
1688 3942 1943 3981 causam:
1982 3926 2049 3983 Ut

486 4017 683 4081 omnis,
703 4018 973 4087 inquiunt,
991 4018 1097 4088 65
1122 4020 1620 4089 simultastollatur.
1642 4020 1882 4074 Alterum
1905 4036 2057 4073 nam-

487 4122 611 4175 que,
652 4109 741 4177 qui
789 4110 1093 4162 immerenti
1143 4108 1245 4163 sibi
1294 4124 1506 4178 poenam
1556 4110 1943 4181 segregationis
1973 4105 2053 4161 in-

485 4200 683 4254 ﬂictam
733 4216 854 4255 esse
892 4201 1186 4265 existimet,
1238 4203 1461 4255 omnino
1488 4202 1794 4271 segreganti
1828 4216 2056 4255 succen-

491 4306 612 4346 sere
640 4307 863 4347 necesse
887 4302 991 4346 est.
1068 4292 1300 4346 Rursum
1339 4293 1428 4346 ubi
1456 4294 1861 4347 damnationem
1892 4293 1960 4346 ab
1991 4307 2055 4346 eo

487 4383 579 4452 qui
623 4394 931 4451 segregatus
969 4393 1071 4447 est,
1120 4399 1229 4436 non
1284 4399 1438 4451 aequo
1487 4385 1668 4437 animo
1715 4386 1901 4445 latam,
1960 4382 2056 4435 sed

2155 1945 2300 1998 ἰδίων
2315 1943 2627 1997 ἐπισκόπων
2645 1942 3062 2012 ἀφορισθέντας.
3098 1938 3251 1992 Ἐπεὶ
3281 1938 3339 1991 δέ
3360 1955 3511 2004 τινας
3541 1937 3724 2008 ἀφορί-

2151 2032 2336 2098 ζεσθαι
2363 2032 2435 2101 μὴ
2463 2031 2687 2092 δικαίως
2723 2029 3009 2099 συμϐαίνει
3029 2028 3118 2081 διά
3148 2027 3320 2098 θυμὸν
3344 2028 3476 2090 ἴσως
3514 2028 3611 2081 καὶ
3633 2045 3724 2098 μι-

2150 2122 2452 2194 κροψυχίαν
2479 2121 2574 2174 τοῦ
2598 2119 2981 2191 ἀφορίσαντος,
3008 2119 3043 2191 ἢ
3069 2119 3135 2172 δι’
3163 2117 3470 2190 ἐμπάθειάν
3497 2126 3638 2183 τινα,
3655 2117 3724 2190 ἢν

2154 2214 2248 2266 καὶ
2272 2214 2466 2284 ἀηδίαν
2496 2211 2767 2281 ὠνόμασε,
2804 2210 2894 2263 διὰ
2946 2208 3108 2263 τοῦτο
3135 2208 3227 2262 τὸν
3247 2209 3489 2280 παρόντα
3526 2210 3724 2285 κανόνα

2151 2305 2203 2358 οί
2232 2303 2370 2374 ἱεροὶ
2405 2302 2647 2373 Πατέρες
2675 2301 2941 2367 ἐξέθεντο,
2959 2298 3311 2365 ἐξετάζεσθαι
3338 2298 3724 2370 διαταξάμενοι

2149 2396 2275 2459 τοὺς
2297 2396 2655 2466 ἀφορισμοὺς,
2675 2395 2804 2447 ὃταν
2829 2392 3029 2464 δηλαδὴ
3051 2393 3101 2445 οῖ
3118 2391 3491 2463 ἀφωρισμέναι
3507 2390 3724 2445 αίτιῶν-

2148 2504 2240 2540 ται
2258 2487 2382 2550 τοὺς
2409 2485 2802 2556 ἀφορίσαντας,
2852 2484 2926 2549 ὡς
2961 2483 3115 2554 παρά
3169 2483 3233 2537 τὸ
3263 2482 3474 2536 δίκαιον
3529 2483 3723 2554 ἀφορι-

2153 2577 2373 2640 σθέντες
2394 2592 2409 2607 ·
2442 2576 2542 2646 τὴν
2569 2575 2626 2628 δὲ
2656 2574 2908 2639 ἐξέτασιν
2934 2575 3086 2645 παρὰ
3134 2572 3244 2627 τῶν
3284 2572 3598 2626 ἐπισκόπων
3620 2572 3723 2641 τῆς

2152 2670 2425 2741 ἐπαρχίας
2470 2666 2739 2734 γίνεσθαι,
2764 2666 2799 2738 ἢ
2845 2666 3086 2731 πάντων,
3121 2665 3155 2736 ἢ
3200 2665 3310 2718 τῶν
3350 2663 3633 2726 πλειόνων,
3670 2662 3723 2715 ει

2152 2779 2304 2825 τινας
2334 2762 2410 2832 μὴ
2470 2761 2712 2813 συνιέναι
2741 2760 2851 2823 τοῖς
2878 2759 3088 2822 λοιποῖς
3111 2756 3400 2822 συμϐαίνει
3439 2757 3512 2810 δι’
3553 2754 3722 2811 ἀσθέ-

2155 2868 2301 2905 νειαν
2338 2853 2487 2915 ῐσως,
2519 2851 2552 2921 ἢ
2584 2849 2890 2921 ἀναγκαίαν
2914 2849 3249 2919 ἀποδημίαν,
3281 2848 3315 2919 ἢ
3342 2847 3509 2916 ἀλλην
3542 2846 3724 2915 ἀπαρ-

2153 2943 2374 3011 αίτητον
2416 2919 2615 2999 αἰτίαν,
2674 2919 2930 2995 Γίνεσθαι
2959 2940 3016 2995 δὲ
3054 2922 3306 3004 συνόδδυς
3332 2939 3457 2994 καθ’
3483 2939 3725 3008 ἑκάστην

2153 3023 2423 3101 ἐπαρχίαν
2454 3031 2726 3101 ὡρίσαντο
2779 3031 2861 3097 δὶς
2889 3030 2981 3085 τοῦ
3014 3031 3290 3095 ἐνιαυτοῦ,
3322 3031 3463 3100 ὅπερ
3489 3030 3586 3083 καὶ
3613 3030 3724 3091 τοῖς

2155 3122 2333 3191 ἁγίοις
2359 3124 2679 3187 ἀποστόλοις
2708 3123 3112 3180 κεκανόνισται.
3155 3122 3297 3178 Ἀλλ’
3342 3121 3393 3176 οί
3427 3121 3530 3193 μὲν
3584 3110 3724 3177 κατὰ

2156 3214 2257 3286 τὴν
2285 3214 2558 3285 τετάρτην
2587 3213 2860 3284 ἑϐδομάδα
2892 3213 2989 3284 τῆς
3016 3209 3400 3283 Πεντηκοστῆς
3433 3210 3531 3283 τὴν
3588 3211 3723 3281 μίαν

2155 3308 2406 3375 γίνεσθαι
2439 3307 2549 3359 τῶν
2579 3307 2820 3361 συνόδων
2874 3304 3222 3369 διετάξαντο*
3281 3304 3385 3375 τὴν
3436 3304 3482 3357 δ’
3532 3301 3725 3373 ἑτέραν

2156 3400 2294 3453 κατά
2323 3399 2413 3451 τὸν
2484 3396 2938 3469 Ὑπερϐερεταῖον
2980 3398 3149 3467 μῆνα,
3182 3396 3349 3468 ἦγουν
3396 3395 3488 3450 τὸν
3519 3392 3718 3450 Ὀκτιῖ)⁴

2157 3489 2349 3558 ϐριονο
2378 3488 2429 3541 οἱ
2478 3487 2533 3540 δὲ
2597 3488 2693 3557 τῆς
2762 3486 2980 3540 συνόδου
3027 3485 3233 3554 ταύτης
3283 3486 3430 3555 ἅγιοι
3482 3484 3724 3557 Πατέρες

2154 3581 2247 3631 τὸν
2308 3578 2410 3648 μὲν
2478 3578 2674 3649 καιρὸν
2733 3578 3071 3647 ἐνήλλαξαν,
3125 3578 3247 3631 ἀντὶ
3303 3578 3404 3648 τῆς
3456 3577 3724 3649 τετάρτης

2156 3667 2447 3737 ἑϐδομάδος
2474 3669 2572 3737 τῆς
2629 3668 3013 3737 Πεντηκοστῆς
3058 3668 3165 3737 πρὸ
3208 3667 3307 3736 τῆς
3369 3668 3723 3737 Τεσσαρακο-

2158 3758 2289 3826 στῆς
2313 3757 2599 3827 ὁρίσαντες
2624 3758 2720 3829 τὴν
2753 3756 2968 3811 σύνοδον
2997 3756 3243 3825 γίνεσθαι
3262 3772 3279 3791 ο
3306 3760 3397 3810 καὶ
3413 3757 3511 3826 τὴν
3542 3757 3724 3810 αἰτίαν

2156 3850 2432 3917 ἐπήγαγον
2457 3865 2469 3879 ·
2493 3849 2634 3916 Ἵνα,
2656 3850 2809 3917 φασὶ,
2834 3851 2967 3903 πᾶσι
2993 3848 3328 3921 μικροψυχία
3346 3849 3724 3918 περιαιρῆτσι.

2168 3939 2229 3991 Ὀ
2255 3939 2360 4007 γὰρ
2395 3939 2629 4009 νομίζων
2668 3940 2743 4009 μὴ
2778 3940 3167 4013 προσηκόντως
3196 3938 3558 4009 ἀφορισθῆναι
3590 3939 3722 3997 πάν-

2156 4047 2263 4092 τως
2304 4030 2588 4084 λυπεῖσθαι
2628 4032 2812 4101 μέλλει
2843 4032 2983 4085 κατά
3032 4031 3126 4084 τοῦ
3176 4031 3575 4101 ἀφορίσαντος’
3629 4031 3723 4082 καὶ

2156 4127 2182 4176 ὁ
2214 4125 2480 4193 ἀφορίσας
2523 4124 2579 4175 δὲ
2627 4121 2841 4176 ἀκούων
2899 4124 2974 4194 μὴ
3026 4122 3387 4192 εὐγνωμόνως
3435 4122 3723 4192 δεχόμενον

2155 4211 2245 4263 τὸν
2273 4210 2636 4279 ἀφορισθέντα
2661 4211 2722 4262 τὸ
2743 4209 3042 4280 ἐπιτίμιον,
3077 4210 3212 4273 ἀλλὰ
3242 4209 3725 4280 καταγογγύςοντα

2159 4298 2325 4351 αὑτοῦ
2361 4300 2460 4352 οὐκ
2501 4300 2727 4364 ἀπαθῶς
2765 4300 2901 4370 πρὸς
2953 4300 3116 4352 αὐτὸν
3163 4300 3516 4355 διακείσεται.
3570 4298 3725 4352 Οὕτω

2154 4392 2210 4442 δὲ
2241 4392 2376 4460 πρὸς
2406 4391 2666 4460 ἀλλήλους
2700 4391 2932 4459 ἐχόντων
2957 4392 3135 4445 αὐτῶν
3192 4392 3308 4454 πῶς
3335 4392 3400 4446 ἀν
3460 4406 3726 4461 προσενε-

487 4473 721 4542 querelis
773 4486 1053 4541 exceptam
1113 4474 1279 4527 fuisse
1338 4483 1651 4542 segregator
1703 4471 2049 4536 inaudiverit,

2159 4482 2314 4554 χθείη
2353 4485 2413 4534 τὸ
2436 4482 2609 4552 δῶρον
2639 4482 2897 4552 καθαρῶς
2924 4484 3001 4554 τῷ
3049 4484 3206 4554 Θεῷς
3248 4484 3348 4537 Διά
3404 4482 3564 4536 τοῦτο
3618 4482 3728 4553 πρὸ

386 4599 391 4603 -
486 4566 592 4619 erit
644 4564 848 4616 homini
904 4580 1007 4618 non
1071 4563 1456 4618 amicissimus.
1543 4563 1617 4615 Ita
1667 4577 1796 4615 vero
1850 4561 2056 4617 aiiectis

488 4655 740 4721 utrinque
791 4655 1085 4719 mentibus,
1129 4669 1233 4723 qua
1283 4656 1493 4709 ratione
1540 4670 1734 4709 munus
1772 4652 1881 4709 Deo
1924 4672 2058 4726 pure

489 4743 783 4799 offeratur?
828 4742 1063 4798 Proinde
1089 4747 1313 4800 alterius
1341 4747 1556 4814 quidem
1589 4757 1711 4801 ante
1743 4747 2057 4816 Quadrage-

488 4836 702 4898 simam,
758 4833 981 4886 alterius
1030 4848 1154 4887 vero
1204 4836 1445 4888 autumni
1498 4844 1738 4903 tempore
1791 4840 1951 4907 (nam
2004 4840 2056 4891 in

486 4934 808 4975 autumnum
876 4919 1107 4975 October
1166 4922 1398 4993 incidit)
1479 4926 1667 4992 synodi
1729 4927 2058 4981 celebranda:

487 5014 603 5066 dies
628 5022 709 5066 est
742 5013 1081 5067 constitutus.
1129 5011 1187 5067 lu
1217 5015 1435 5084 synodis
1462 5025 1640 5069 autem
1674 5017 1810 5081 istis,
1839 5028 2060 5074 contro-

488 5104 788 5158 versiarum
843 5105 1108 5171 ejusmodi
1159 5106 1549 5161 discnssionem
1615 5110 1794 5163 induci
1854 5110 2054 5176 placet:

488 5212 730 5266 quosque
768 5198 1053 5252 manifesto
1105 5208 1160 5251 et
1211 5199 1327 5253 sine
1376 5202 1744 5255 controversia
1801 5214 2057 5257 nocentes

491 5302 616 5342 esse
663 5289 968 5358 apparuerit
1002 5288 1198 5360 (facile
1229 5307 1461 5360 namque
1492 5292 1604 5345 ﬁeri
1630 5304 1826 5361 potest,
1874 5306 1933 5349 ut
1960 5295 2059 5348 ob-

484 5379 689 5446 iectum
730 5381 797 5432 ab
830 5383 1083 5450 episcopo
1114 5382 1341 5446 crimen,
1398 5384 1483 5435 ille
1510 5385 1596 5436 cui
1628 5386 1791 5437 multa
1827 5388 2056 5454 irrogata

488 5480 592 5533 est,
623 5473 923 5538 p'erueget),
954 5482 1205 5541 tauquam
1237 5488 1302 5528 ex
1328 5475 1638 5541 praescripto
1685 5476 1927 5539 rationis,
1958 5478 2057 5529 hoc

489 5571 573 5614 est
612 5562 733 5628 jure
765 5565 1140 5619 communione
1178 5565 1370 5631 privati
1400 5568 1467 5620 ab
1498 5567 1749 5621 erunibus
1787 5569 2061 5623 habebun-

490 5660 598 5718 tur,
651 5654 825 5708 douec
872 5655 1144 5725 episcopis
1202 5658 1453 5713 omnibus
1508 5661 1782 5713 wtnmnni
1833 5661 2059 5715 consilio

488 5747 776 5803 humanius
826 5744 1028 5814 aliquid
1077 5748 1143 5801 de
1176 5747 1244 5802 iis
1286 5757 1519 5803 statuere
1568 5751 1819 5817 placitum
1870 5749 2054 5806 fuerit.

2158 4574 2258 4645 τῆς
2308 4566 2775 4645 Τεσσαρακοστῆς
2810 4575 3138 4648 ᾠκονομήθη
3169 4578 3270 4647 τὴν
3317 4578 3451 4646 μίαν
3507 4576 3728 4629 σύνοδον

2158 4664 2426 4735 γίνεσθαι,
2456 4668 2554 4734 τὴν
2580 4665 2636 4717 δὲ
2667 4666 2860 4738 λοιπὴν
2896 4668 3039 4721 κατά
3094 4668 3157 4721 τὸ
3218 4669 3535 4738 μετόπωρον
3577 4683 3594 4699 ’
3634 4670 3729 4721 καὶ

2158 4764 2186 4811 ό
2229 4757 2557 4828 Ὀκτὼϐριος
2592 4758 2650 4809 δὲ
2695 4760 2802 4827 μὴν
2840 4759 2934 4811 τοῦ
2971 4760 3285 4830 μετοπώρου
3318 4761 3505 4828 ιέστίν.
3541 4759 3629 4811 Ἐν
3672 4759 3729 4812 δέ

2159 4852 2275 4913 ταῖς
2299 4851 2540 4912 συνόδοις
2569 4850 2796 4914 ταύταις
2831 4849 3181 4915 ἐξετάζεσθαι
3211 4852 3279 4904 τὰ
3305 4851 3534 4904 τοιαῦτα
3556 4852 3728 4921 ζητή-

2163 4939 2662 5009 ματαβιετάξαντν,
2680 4941 2773 4993 καὶ
2798 4941 2847 4992 oi.
2870 4941 3312 5014 ὁμολογουμένως
3341 4942 3435 4995 καὶ
3459 4940 3534 5012 μὴ
3562 4941 3720 5012 ἀμφι·

2161 5031 2330 5092 ϐολως
2384 5031 2919 5101 προσκεκρουκότες’
2960 5034 3106 5096 είκὸς
3157 5034 3267 5102 γὰρ
3317 5035 3606 5105 ἀρνεῖσθαι
3637 5037 3730 5089 τὸν

2160 5122 2556 5191 ἐπιτιμηθέντα
2584 5125 2644 5173 τὸ
2663 5123 2813 5192 παρά
2850 5122 2943 5177 τοῦ
2978 5126 3277 5178 ἐπισκόπου
3308 5126 3458 5195 αὐτῷ
3489 5130 3726 5194 ἐπεγκαο

2160 5213 2420 5283 λούμενον
2471 5214 2796 5284 ἁμάρτημα,
2824 5216 2964 5269 κατὰ
3024 5215 3202 5285 λόγον,
3264 5217 3434 5289 ἤγουν
3480 5218 3730 5283 δικαίως,

2161 5305 2521 5375 ἀκοινώνητοι
2545 5306 2760 5359 ἔσονται
2790 5313 2943 5376 παρά
2973 5308 3130 5373 πᾶσι,
3166 5308 3361 5377 μέχρις
3401 5305 3471 5361 ἀν
3530 5308 3728 5371 κοινῶς

2158 5401 2271 5459 τοῖς
2304 5398 2624 5459 ἐπισκόποις
2646 5398 2773 5468 δόξῃ
2798 5399 3319 5470 φιλανθρωπότερόν
3359 5418 3413 5454 τι
3450 5402 3581 5473 περὶ
3631 5401 3727 5454 αύ-

2159 5486 2269 5537 τῶν
2298 5486 2707 5555 ἀποφήνασθαι.
2750 5489 2907 5539 Ἀλλὰ
2923 5489 3066 5539 εἴποι
3098 5505 3180 5552 τις
3210 5490 3275 5543 ἀν
3304 5503 3321 5520 '
3355 5490 3479 5554 Πῶς
3498 5491 3727 5562 ούχὶιτῷ

2160 5579 2484 5648 ἀφορίσαντι
2532 5578 2758 5649 ἀνετέθη
2806 5580 2955 5648 παρά
3001 5579 3096 5633 τοῦ
3128 5584 3353 5646 κανόνος
3387 5586 3421 5656 η
3474 5583 3655 5654 ψῆφος
3691 5586 3726 5653 ἡ

2160 5671 2303 5741 ὑπὲρ
2332 5670 2425 5723 τοῦ
2448 5672 2862 5740 ἀφορισθέντος,
2890 5674 3027 5726 ἀλλὰ
3052 5676 3131 5745 τῷ
3156 5678 3322 5750 κοινῷ
3351 5679 3461 5732 τῶν
3484 5677 3714 5731 ἐπισκό-

2162 5780 2310 5829 πων;
2364 5759 2607 5815 Τοῦτοδὲ
2659 5759 2812 5833 οἶμαι
2872 5766 3141 5836 εἰρῆσθαι,
3191 5770 3321 5825 ὅταν
3380 5773 3410 5824 ό
3460 5770 3725 5839 ἀφορίσας
