4108 6200
405 309 505 379 241

1525 312 1613 374 ΙΝ
1638 311 1804 373 CAN.
1843 314 1890 374 V
1919 309 2131 370 CONC.
2170 308 2445 369 NICEN.
2489 308 2540 367 Ι.

3537 301 3646 364 242
3678 316 3679 319 ‘

403 428 804 500 σκληρύνηται,
835 428 932 483 καὶ
961 427 1039 500 μὴ
1077 428 1207 500 θέλῃ
1241 429 1380 499 μετά
1411 431 1605 497 καιρδν
1667 428 1824 481 λῦσαι
1880 428 1972 480 τοῦ

2088 427 2191 481 lam
2227 442 2376 488 vero,
2415 426 2561 480 dicet
2581 423 2795 491 aliquis,
2822 436 2924 475 cur
2960 423 3028 474 ad
3057 418 3433 490 episcoporum
3464 417 3643 486 potius

399 523 691 592 ἐπιτιμίου
729 522 823 576 τὸν
864 520 1176 592 ἄνθρωπον,
1221 521 1255 592 ἢ
1305 522 1401 575 ἐὰν
1449 521 1583 584 ίσως
1628 522 1656 573 6
1704 519 1972 591 ἀφορίσας

304 659 337 696 Α
402 612 711 683 τελευτήσῃ
749 612 825 682 μὴ
849 611 1019 675 λύσας
1043 613 1135 665 τὸν
1186 612 1607 681 ἐπιτιμηθέντα.
1660 613 1797 665 Τότε
1862 611 1973 680 γὰρ

403 701 708 773 ὶξέσταιτῇ
742 703 969 773 συνόδῳ,
1015 703 1067 755 εί
1100 703 1285 774 συνίδῃ
1314 704 1407 757 τὸν
1440 704 1630 776 καιρὸν
1661 704 1754 757 τοῦ
1795 704 1973 757 ἐπιτι-

403 794 534 864 μίου
564 792 867 864 ἀρκοῦντα,
906 794 1003 847 καὶ
1052 795 1154 861 τὴν
1207 796 1495 864 μετάνοιαν
1560 794 1655 848 τοῦ
1716 797 1975 864 ἐπιτιμη-

404 884 611 949 θέντος,
646 884 916 952 ἀνάλογον
938 882 1017 953 τῷ
1047 883 1412 955 ἁμαρτήματι
1457 883 1805 954 ψηφίσασθαι
1831 883 1972 954 ὑπὲρ

406 975 592 1035 αὑτοῦ.
629 976 727 1028 καὶ
743 974 904 1028 λῦσαι
936 973 1015 1044 τῷ
1040 974 1310 1046 ἀνθρώπῳ
1349 975 1410 1029 τὸ
1479 976 1776 1044 ἐπιτίμιον,
1811 975 1915 1028 κᾶν
1944 976 1974 1027 6

403 1066 705 1129 ἐπίσκοπος
753 1066 923 1120 αὐτοῦ
955 1066 1217 1133 ἄτεγκτος
1247 1068 1385 1137 μένῃ
1416 1066 1512 1120 καὶ
1542 1067 1840 1129 ἀνένδοτος,
1867 1066 1971 1125 κᾶν

409 1154 621 1210 ἀπεσίω
645 1155 835 1224 τυχόν.
881 1157 940 1210 '0
976 1156 1076 1228 μὲν
1142 1157 1239 1212 οὖν
1264 1158 1375 1210 τῶν
1422 1158 1597 1226 ἀγίων
1645 1158 1964 1211 ἀποστόλων

410 1247 730 1315 τριακοστὸς
753 1247 985 1318 ἐσδομος
1017 1238 1222 1316 κανὼν,
1277 1251 1373 1305 καὶ
1420 1250 1450 1302 6
1500 1246 1694 1321 παρὼν
1746 1249 1827 1312 δὶς
1878 1249 1972 1303 τοῦ

414 1335 562 1399 ἔτους
587 1336 971 1393 διατάττονται
1002 1340 1254 1408 γίνεσθαι
1287 1341 1545 1404 συνόδους
1569 1359 1586 1375 ο
1643 1343 1672 1394 ό
1699 1340 1756 1394 δὲ
1786 1339 1972 1408 ὄγδοος

412 1425 508 1496 τῆς
545 1428 938 1498 οίκουμενικῆς
972 1431 1194 1484 συνόδου
1221 1431 1479 1494 καινίσας
1510 1430 1672 1485 τοῦτο
1702 1431 1850 1496 ἅπαξ
1877 1432 1972 1482 τοῦ

416 1519 657 1573 ινιαυτοῦ
708 1521 1004 1590 διορίζεται
1055 1523 1112 1576 ἐν
1164 1523 1368 1594 ἑκάστῃ
1429 1524 1669 1594 ἐπαρχίᾳ
1724 1521 1974 1589 γίνεσθαι

416 1609 631 1665 τύνοδον
669 1613 779 1667 ἀπὸ
810 1613 904 1667 τού
962 1614 1158 1684 Πάσχα
1202 1617 1399 1686 μέχρις
1447 1614 1570 1668 ὅλου
1630 1613 1725 1668 τοῦ
1762 1614 1975 1668 Ὀκτω-

416 1702 565 1772 δρίου
596 1707 783 1774 μηνὸς,
816 1707 876 1759 ἐν
905 1708 1057 1776 τόπῳ
1085 1708 1145 1761 ὃν
1166 1710 1194 1762 6
1212 1709 1314 1777 τῆς
1349 1708 1735 1779 μητροπόλεως
1792 1707 1968 1777 όρίσει

416 1794 723 1864 ἀρχιερεύς.
792 1797 935 1860 Τοὺς
1012 1797 1070 1851 δὲ
1126 1797 1201 1867 μὴ
1260 1799 1693 1868 συνερχομένους
1747 1798 1973 1852 ἐπισκό-

414 1901 546 1948 ιτους
576 1887 945 1953 ὑγιαίνοντας,
978 1889 1071 1941 καὶ
1105 1888 1474 1959 ἐνδημοῦντας
1510 1891 1629 1952 ταῖς
1665 1889 1845 1944 αὐτῶν
1866 1880 1980 1942 ’πό-

412 1984 549 2041 λεσι,
566 1979 662 2034 καὶ
682 1979 757 2049 μή
789 1995 912 2033 τινα
935 1979 1129 2050 ἑτέραν
1147 1980 1406 2050 ἀσχολίαν
1429 1979 1649 2045 εὔλογον
1675 1980 1769 2033 καὶ
1790 1980 1979 2050 ἀπαρ-

418 2068 633 2137 ιίτητον
696 2069 939 2140 ἔχοντας,
967 2070 1273 2140 ἀδελφινκῶς
1324 2069 1787 2139 ἐπιπλήττεσθαι·
1815 2069 2009 2138 ἤγουν-

414 2159 561 2228 μετά
583 2161 889 2233 πραότητος
918 2160 1299 2233 ἐπιτιμᾶσθαι.
1334 2161 1451 2214 Νῦν
1488 2161 1622 2214 δὲτὸ
1670 2160 1778 2213 τῶν
1826 2159 1982 2212 συνό-

417 2252 521 2305 ςων
596 2254 802 2307 τούτων
847 2255 1027 2325 πάντη
1080 2255 1564 2324 καταπεφρόνηται
1613 2252 1689 2312 ὡς
1714 2251 1983 2322 μηδέποτε

420 2344 693 2411 τίνεσθαι.
759 2347 897 2417 Περὶ
956 2346 1251 2415 ἐπιτιμίων
1289 2344 1401 2398 τῶν
1434 2345 1509 2415 μὴ
1553 2343 1987 2413 ἀπαντησάντων

415 2438 477 2488 ιν
507 2438 629 2498 ταῖς
658 2439 899 2502 συνόδοις
921 2437 1197 2506 ἀνάγνωθι
1231 2436 1331 2506 τῆς
1386 2436 1448 2489 ἐν
1502 2434 1836 2507 Καρθαγένῃ
1884 2449 1987 2487 κα-

419 2526 549 2581 νόνα
582 2536 693 2594 οςο.

2074 528 2422 579 conventum,
2468 531 2627 583 quam
2659 516 2724 567 ad
2757 514 3067 581 episcOpum
3113 510 3287 574 illum,
3334 509 3426 577 qui
3465 523 3645 577 segre-

2050 610 2306 679 gationis
2353 618 2542 662 auctor
2592 605 2713 663 fuit.
2760 607 2827 658 de
2875 619 2939 658 eo
2969 605 3057 672 qui
3088 611 3404 671 segregatus
3438 609 3521 656 est
3546 602 3643 654 de-

2073 702 2329 758 cernendi
2362 699 2593 755 facultas
2626 697 2840 751 delata?
2899 695 3009 763 Ego
3049 708 3174 747 vero
3209 693 3259 746 id
3296 692 3366 745 ita
3412 691 3648 745 arbitror

2076 792 2476 859 accipiendum,
2532 797 2592 842 ut
2619 787 2828 854 quoties
2858 794 3047 839 auctor
3076 782 3470 852 segregatiouis
3527 782 3644 850 cpi-

2074 896 2272 948 scopus
2323 893 2479 949 aquo
2513 877 2783 932 duriorem
2823 890 2880 929 se
2914 874 3171 942 praebeat,
3196 887 3371 940 neque
3418 873 3647 926 decursu

2076 972 2334 1039 temporis
2363 968 2821 1035 bominempmna
2849 964 3110 1030 absolvat,
3161 963 3242 1017 vel
3290 962 3523 1016 nondum
3555 962 3649 1014 ab-

2070 1063 2249 1118 soluto
2276 1063 2415 1116 forte
2439 1058 2753 1123 decesserit,
2787 1065 2913 1110 tunc
2930 1071 3087 1125 quem
3107 1065 3158 1109 et
3178 1051 3650 1122 suppliciidiutur-

2073 1155 2267 1217 nitate,
2298 1161 2353 1208 et
2372 1152 2558 1207 dolore
2581 1150 2771 1214 animi,
2804 1148 2939 1203 satis
2969 1160 3249 1215 poenarum
3276 1159 3373 1213 pro
3403 1143 3647 1197 criminis

2075 1248 2283 1301 ratione
2323 1244 2539 1298 dedisse
2569 1241 2838 1311 cognitum
2874 1239 2966 1303 sit,
3021 1238 3145 1291 licet
3191 1238 3478 1304 episcopus
3527 1234 3647 1302 ejus
3704 1277 3717 1291 .

2072 1338 2425 1396 inexorabilis
2461 1345 2517 1390 et
2573 1332 2926 1401 implacabilis
2979 1337 3305 1398 perseveret,
3360 1334 3454 1380 aut
3506 1327 3644 1380 forte

2075 1431 2358 1487 defunctus
2385 1428 2478 1488 sit.
2523 1427 2589 1482 de
2619 1426 2709 1480 illo
2737 1421 3027 1483 statuendi,
3080 1420 3459 1486 hominemque
3486 1431 3644 1484 paena

2074 1520 2383 1578 absolvendi
2412 1533 2578 1589 penes
2603 1518 2866 1587 synodum
2902 1514 2974 1568 sit
3012 1512 3257 1565 facultas.
3319 1508 3640 1562 Sanctorum

2074 1614 2239 1683 igitur
2287 1610 2650 1681 apostolorum
2706 1620 2878 1662 canon
2942 1604 3250 1658 tricesimus
3305 1599 3569 1668 septimus
3598 1606 3654 1651 et

2073 1717 2316 1777 praesens
2363 1703 2448 1757 bis
2492 1700 2780 1772 quotannis
2827 1697 3100 1751 habendas
3140 1707 3259 1747 esse
3290 1691 3524 1760 synodos
3554 1689 3651 1740 dc-

2077 1802 2328 1851 ceruunt.
2384 1790 2615 1847 Octavus
2656 1778 2832 1844 autem
2861 1796 3026 1842 sexta:
3058 1781 3409 1839 occumenicte
3462 1774 3654 1847 synodi

2079 1888 2184 1943 hac
2212 1886 2493 1940 immutata
2524 1881 2909 1938 constitutione
2949 1874 3190 1931 decernit
3232 1870 3400 1927 semel
3434 1868 3486 1921 iu
3521 1879 3655 1918 una-

2081 1992 2298 2047 quaque
2346 1974 2646 2045 provincia,
2709 1969 2935 2039 singulis
2990 1966 3169 2029 annis,
3227 1971 3467 2027 tempore
3512 1954 3655 2023 quod

2086 2069 2228 2123 intra
2261 2067 2478 2122 Pascha:
2526 2064 2786 2121 solemnia
2832 2063 2897 2115 ad
2933 2059 3217 2115 Octobrem
3266 2064 3441 2119 usque
3472 2056 3654 2102 extre-

2080 2173 2227 2213 mum
2251 2156 2559 2219 intercedit,
2587 2154 2708 2209 loco
2738 2164 2867 2206 vero
2895 2164 2982 2212 eo,
3017 2160 3176 2215 quem
3208 2136 3655 2205 metropolitanus

2078 2248 2326 2319 elegerit,
2375 2245 2636 2316 synodum
2673 2240 2881 2296 haberi.
2936 2237 3040 2303 Qui
3086 2247 3219 2288 vero
3246 2227 3503 2300 episcopi,
3552 2238 3655 2278 nec

2080 2338 2385 2394 valetudine
2444 2334 2705 2404 impediti,
2751 2346 2850 2387 nec
2890 2345 2918 2383 a
2969 2327 3085 2383 suis
3130 2323 3354 2380 urbibus
3388 2328 3656 2373 terrarum

2084 2429 2273 2501 spatiis
2301 2425 2577 2493 disiuncti,
2617 2438 2717 2478 nec
2746 2421 2852 2475 alia
2880 2419 3044 2489 iusta,
3095 2410 3465 2469 necessariave
3492 2417 3657 2460 occu-

2085 2496 2307 2593 patione
2368 2517 2573 2575 detenti
2631 2511 2925 2568 convenire
2984 2503 3351 2577 neglexerint,
3417 2496 3657 2551 fraterne

417 2621 641 2691 corrigi,
692 2624 796 2680 hoc
834 2632 920 2680 est
964 2624 1069 2681 leni
1114 2622 1579 2679 animadversione
1614 2620 1791 2693 puniri
1828 2619 2002 2690 jubet.
2043 2585 2253 2673 Nostris
2316 2629 2446 2670 vero
2471 2609 2803 2681 temporibus
2835 2615 2946 2662 tota
2974 2604 3089 2658 hac
3121 2595 3450 2671 synodorum
3518 2585 3659 2643 ratio

419 2726 662 2781 eousque
702 2713 1011 2785 negligitur,-
1064 2722 1123 2768 ot
1175 2712 1422 2783 nuspiam
1472 2711 1836 2768 celebrentur.

418 2801 545 2858 vide
580 2817 702 2873 ειη.
729 2803 918 2860 Cartb.
950 2818 1073 2859 can.
1111 2802 1201 2859 76.

421 2925 647 2986 ΔΡῙΣΤ.
682 2927 750 2979 Ol
776 2923 846 2988 ἐξ
899 2922 1119 2993 ἐτέρων
1152 2919 1559 2993 ἀφοριζόμενοι
1608 2918 1715 2992 ὑφ’
1773 2920 1993 2989 ἐτέρων

488 3018 576 3090 μὴ
627 3015 1207 3089 προσδεχέσθωσαν,
1235 3014 1402 3081 πλὴν
1431 3015 1483 3068 ει
1529 3013 1616 3084 μὴ
1646 3011 1743 3067 διὰ
1786 3026 1992 3080 ampo-

492 3108 748 3181 ψυχίαν,
780 3109 820 3179 ἢ
844 3108 1242 3179 φιλονεικίαν,
1286 3102 1326 3174 ἡ
1352 3124 1405 3159 τι
1434 3104 1666 3159 τοιοῦτο
1698 3141 1715 3165 ,
1772 3104 1806 3157 ό
1842 3101 1993 3169 dsco;
2019 3129 2066 3192 Ο

485 3200 701 3273 ρωμός
719 3200 958 3272 γέγονεν
986 3200 1205 3254 τούτου
1256 3197 1367 3268 γὰρ
1421 3196 1631 3251 ἕνεκεν
1682 3193 1794 3265 (48)
1820 3191 1995 3257 ἔδοξε

495 3293 597 3360 δὶς
624 3292 732 3347 τοῦ
757 3292 935 3358 ἔτους
986 3291 1118 3345 καθ’
1152 3287 1424 3354 ἑκάστην
1456 3282 1754 3354 ἐπαρχίαν
1805 3281 1993 3334 σύνο-

495 3386 609 3441 δον
631 3385 907 3456 τίνεσθαι
927 3396 942 3413 ο
964 3381 1114 3451 μίαν
1144 3379 1263 3450 μὲν
1312 3380 1427 3448 πρὸ
1462 3376 1574 3445 τῆς
1627 3377 1997 3441 Τεσσαρακο-

494 3473 676 3544 στῆς,
705 3472 918 3543 ἑτέραν
937 3471 1007 3525 δὲ
1038 3470 1172 3540 περὶ
1200 3469 1268 3525 τὸ
1291 3471 1663 3540 μετόπωρον.

496 3591 611 3655 Δεῖ,
650 3586 791 3642 κατά
814 3587 916 3658 τὴν
940 3584 1264 3659 παροιμίαν,
1281 3584 1372 3637 τὸν
1389 3582 1674 3653 τρώσαντα
1695 3578 1996 3648 ἐπαγαγεῖν

425 3683 527 3739 καὶ
549 3683 650 3753 τὴν
688 3680 865 3735 τασινο
898 3678 995 3733 καὶ
1039 3676 1113 3748 μὴ
1146 3676 1236 3730 τὴν
1266 3674 1370 3728 ὑπὸ
1416 3673 1509 3727 τοῦ
1544 3672 1676 3727 ίδίου
1698 3670 1995 3725 ἐπισκόπου

426 3772 814 3843 ἀφορισθέντα,
851 3768 941 3838 ὑφ’
978 3768 1181 3838 ἐτέρων
1204 3763 1609 3834 παραδεχθῖψαι
1631 3758 1999 3826 ἀνεξετάστως

428 3867 597 3931 οὕτω,
631 3865 725 3919 καὶ
751 3864 921 3935 χωρὶς
950 3860 1338 3930 συζητὴσεως·
1368 3856 1503 3910 ἀλλά
1532 3854 1630 3927 τὴν
1672 3852 1852 3917 αἰτίαν
1902 3851 1997 3905 τοῦ

428 3953 740 4027 ἁφορισμοῢ
801 3946 1271 4018 κατασκέψασθαι,
1327 3946 1539 4017 μήποτε
1610 3943 1711 3997 οὑκ
1761 3941 1999 4008 εὐλόγως

429 4046 714 4118 trs-miiqu
743 4046 773 4098 6
803 4040 1109 4114 ἀφορισμός
1130 4055 1147 4071 ο
1192 4038 1292 4092 οὐκ
1316 4038 1381 4090 ἐκ
1415 4032 1801 4108 μικροψυχίας,
1836 4030 1870 4100 ἢ
1905 4030 1998 4099 φί-

430 4139 722 4203 λονεικίας,
780 4136 815 4207 ἢ
863 4135 1054 4204 ἐτέρας
1101 4132 1245 4194 τινδς
1295 4129 1488 4200 ἀηδίας
1529 4126 1624 4181 τοῦ
1675 4123 1997 4178 ἐπισκόπου.

433 4233 559 4287 Ἵνα
587 4229 720 4298 γοῦν
757 4229 897 4299 μήτε
931 4228 980 4279 οἱ
1010 4222 1418 4294 ἀφοριζόμενοι,
1454 4218 1529 4283 ὡς
1557 4218 1768 4288 ἔτυχεν,
1800 4214 1998 4285 ἀφορί-

434 4324 660 4391 ζωνται,
682 4322 819 4392 μήτε
840 4319 891 4372 oi
923 4316 1272 4387 ἀφορίζοντες
1306 4313 1502 4374 αὐτοὺς
1527 4311 1810 4363 ἐπίσκοποι
1838 4323 2002 4360 καταο

435 4413 771 4483 φρονῶνται,
800 4408 1005 4479 ἐτέρων
1038 4405 1263 4466 τούτους
1322 4401 1639 4456 ἐπισκόπων
1694 4398 1993 4468 παραδεχο·

1949 2711 2024 2766 De
2061 2707 2275 2765 illorum
2301 2720 2430 2761 vero
2452 2679 2629 2774 poenis
2656 2699 2748 2770 qni
2779 2697 2845 2753 ad
2871 2693 3109 2767 synodos
3136 2705 3239 2744 non
3280 2679 3655 2743 convenerint,

2094 2910 2325 2969 ARIST.
2382 2908 2458 2964 Ab
2490 2905 2611 2960 aliis
2641 2896 3077 2958 excommunicati
3119 2893 3182 2947 ab
3231 2892 3351 2946 aliis
3390 2905 3450 2943 ne
3489 2886 3658 2941 susci-

2096 3006 2401 3073 "vpt'antur,
2462 2999 2564 3052 nisi
2609 3008 2700 3064 per
2748 2988 3256 3062 pusillanimitatem,
3306 2993 3397 3036 aut
3446 2991 3663 3036 conten-

2168 3095 2378 3154 tionem,
2425 3098 2515 3143 aut
2542 3085 2665 3151 quid
2693 3079 2989 3137 istiusmodi
3016 3075 3479 3131 excommunicalio
3518 3074 3663 3143 facta

2163 3187 2254 3240 sit.
2315 3180 2611 3251 Eapropter
2638 3176 2774 3232 enim
2816 3174 2982 3228 visum
3025 3178 3119 3231 est,
3166 3176 3224 3222 ut
3265 3168 3340 3222 bis
3379 3166 3661 3237 quotannis

2166 3281 2222 3334 in
2268 3289 2581 3347 unaquaque
2623 3270 2892 3340 provincia
2937 3266 3168 3336 synodus
3200 3261 3501 3323 celebretur,
3555 3274 3664 3312 una

2162 3369 2371 3437 quidem
2413 3373 2536 3420 ante
2580 3359 3045 3430 Quadragesimam
3154 3354 3322 3408 altera
3370 3352 3513 3405 circa
3560 3363 3664 3403 au-

2168 3472 2431 3516 tumnum.

2167 3572 2413 3642 Oportet,
2448 3576 2509 3623 ut
2533 3566 2610 3621 ait
2640 3563 3004 3634 proverbium,
3032 3557 3401 3611 vulnerantem
3434 3550 3666 3617 adjicere

2097 3675 2153 3722 et
2198 3661 2483 3725 medelam,
2535 3669 2589 3714 et
2634 3671 2738 3713 non
2772 3670 2803 3709 a
2832 3652 3047 3724 proprio
3077 3650 3330 3719 episcopo
3358 3657 3667 3700 excommu-

2098 3759 2333 3815 nicatum
2368 3751 2703 3820 inexplorate
2732 3747 2866 3801 adeo
2902 3754 2956 3798 et
2998 3745 3112 3799 sine
3156 3739 3407 3796 examine
3447 3738 3513 3789 ab
3548 3735 3667 3787 aliis

2098 3849 2331 3915 admitti,
2357 3847 2448 3902 sed
2476 3845 2527 3898 in
2555 3837 3128 3897 excommunicationis
3151 3846 3368 3889 causam
3397 3828 3669 3897 inquirere

2100 3956 2168 3994 ne
2219 3938 2358 3993 forte
2396 3933 2596 4002 injuste
2629 3930 2775 3983 illata
2815 3928 2885 3982 sit
2932 3919 3435 3980 excommunicatio,
3485 3931 3554 3970 ne
3603 3928 3671 3968 ex

2100 4027 2543 4100 pusillanimitate
2574 4063 2588 4087 ,
2632 4029 2726 4075 aut
2780 4017 3145 4078 contentione,
3197 4018 3291 4063 aut
3331 4009 3434 4061 alia
3488 4006 3669 4074 aliqua

2100 4091 2340 4190 episcOpi
2371 4114 2684 4169 acerbitate.
2741 4106 2814 4163 Ut
2847 4110 3028 4172 itaque
3069 4117 3167 4156 nec
3197 4091 3669 4157 excommunicati,

2100 4187 2163 4269 ut
2187 4210 2485 4275 contingat,
2539 4198 3096 4259 excommunicentur,
3148 4205 3247 4245 nec
3296 4187 3387 4257 qni
3439 4200 3532 4239 eos
3577 4198 3676 4236 ex-

2102 4274 2571 4357 communicarunt
2592 4278 3003 4346 contemnantur
3022 4281 3281 4352 episcopi,
3316 4279 3438 4331 dum
3466 4274 3553 4327 alii
3579 4286 3673 4327 eos

2102 4389 2338 4463 episcOpi
2387 4387 2505 4443 sine
2537 4383 2788 4440 examine
2817 4378 3131 4438 admittunt,
3179 4379 3381 4427 sanctae
3424 4366 3545 4420 huic
3576 4379 3672 4433 sy-

434 4456 615 4574 ἷιὶνων
661 4456 1303 4565 ἀνεξετ-ἀάτως,νδλςτοῦ
1373 4490 1527 4554 ἔτους
1580 4486 1703 4542 καθ’
1760 4456 1989 4557 ἑκάστην

2107 4485 2245 4540 nodo
2275 4482 2357 4537 bis
2382 4476 2668 4549 quotannis
2692 4475 2743 4529 in
2766 4482 3086 4539 unaquaque
3109 4460 3381 4534 provincia
3406 4456 3673 4525 synodum
3751 4468 3759 4475 '

434 4594 712 4665 ἐπαρχίαν
741 4591 961 4646 σύνοδον
1006 4587 1257 4657 γίνεσθαι
1282 4586 1346 4656 τῇ
1394 4582 1527 4653 ἁγία
1577 4580 1752 4653 ταύτῃ
1799 4579 2003 4649 συνόδῳ

432 4687 648 4753 ἔδοξεν
702 4684 792 4737 ἵνα
823 4682 975 4748 κοινῇ
1008 4676 1201 4748 γνώμῃ
1255 4674 1476 4728 πάντων
1517 4672 1631 4725 τῶν
1684 4670 2003 4723 ἐπισκόπων

436 4780 539 4848 τῆς
576 4776 747 4847 αὐτῆς
781 4772 1046 4842 ἐπαρχίας
1080 4769 1191 4822 πᾶν
1253 4767 1475 4837 ζήτημα
1536 4761 1998 4832 ἐκκλησιαστικὸν

438 4870 535 4925 καὶ
562 4869 713 4921 πᾶσα
743 4863 1046 4934 ἀμφιϐολία
1072 4861 1267 4932 λύηται
1290 4875 1305 4891 ⁸
1359 4856 1543 4920 καθὼς
1597 4857 1693 4910 καὶ
1750 4855 1778 4908 6
1802 4854 1880 4920 λζ’
1902 4871 2002 4906 κα-

438 4957 544 5010 νὼν
577 4954 686 5007 τῶν
738 4952 910 5020 ἁγίων
964 4947 1278 5003 ἀποστόλων
1332 4944 1659 5016 διαγορεύει.
1708 4942 1878 5013 Πλὴν,
1928 4940 2005 5004 ὡς

439 5047 619 5099 ἐκεῖσε
651 5044 995 5115 ἐγράψαμεν,
1042 5042 1069 5093 6
1114 5037 1295 5108 ὄγδοος
1324 5036 1506 5091 κανὼν
1529 5038 1623 5107 τῆς
1669 5035 1725 5089 ἐν
1748 5030 2005 5105 Τρούλλῳ

440 5140 605 5203 ἕκτης
639 5136 858 5190 συνόδου
885 5133 979 5188 καὶ
1010 5135 1039 5186 6
1064 5131 1222 5194 ἕκτος
1254 5129 1354 5199 τῆς
1386 5129 1441 5182 ἐν
1474 5127 1676 5199 Nini;
1724 5127 1783 5179 τὸ
1820 5124 2005 5179 δεύτε-

440 5247 537 5301 ρον
567 5230 655 5284 διὰ
692 5229 791 5299 τὴν
818 5224 1110 5296 συντριῦὴν
1158 5223 1256 5276 καὶ
1300 5221 1361 5275 τὸ
1418 5220 1610 5284 ἐνδεῶς
1667 5219 1814 5290 ἔχειν
1867 5217 2003 5289 πρὸς

438 5322 748 5392 ὁδοιπορίαν
772 5320 899 5383 τοὺς
928 5313 1456 5387 συναθροιζομένους
1478 5311 1814 5373 ἐπισκόπους
1857 5310 2007 5375 ama

2110 4574 2300 4633 haberi
2352 4573 2523 4626 visum
2573 4577 2687 4634 est,
2750 4574 2808 4617 ut
2853 4558 3122 4617 communi
3184 4555 3422 4611 omnium
3474 4550 3527 4604 in
3573 4549 3675 4601 ista
3746 4602 3753 4625 Γ

2109 4666 2385 4739 provincia
2446 4661 2822 4731 episcoporum
2875 4650 3184 4715 sententia,
3235 4645 3411 4701 omnis
3449 4638 3675 4711 quaestio
3748 4669 3787 4721 ,η

2110 4755 2474 4815 ecclesiastica
2517 4761 2572 4808 et
2619 4747 2987 4805 controversia
3035 4743 3214 4797 omnis
3256 4734 3673 4793 determinetur:
3748 4736 3751 4741 ‘

2110 4861 2168 4906 ut
2196 4861 2247 4920 et
2279 4851 2344 4906 '57
2372 4864 2541 4903 canon
2571 4855 2877 4900 sanctorum
2905 4838 3271 4909 apostolorum
3317 4830 3500 4886 edicit.
3566 4824 3674 4878 Sed

2108 4954 2162 4998 ut
2192 4943 2262 4998 ibi
2295 4920 2635 5011 scripsimus,
2683 4945 2906 4991 octavus
2949 4940 3114 4987 sexta:
3153 4925 3341 4995 synodi
3390 4923 3445 4974 in
3492 4915 3673 4971 Trullo

2107 5050 2305 5096 canon,
2351 5041 2405 5086 et
2450 5039 2634 5084 sextus
2680 5028 2911 5082 Niczcnaa
2951 5018 3199 5077 secundae
3240 5015 3309 5069 ob
3347 5009 3672 5070 molestiam,

2108 5137 2163 5184 et
2207 5126 2354 5197 quod
2410 5122 2793 5179 insuiiicientes
2841 5120 2948 5173 sint
2988 5116 3054 5169 ad
3109 5112 3209 5166 tale
3264 5104 3670 5174 suscipiendum

2110 5220 2214 5274 iter
2241 5214 2550 5285 congregati
2602 5210 2865 5281 episcopi,
2908 5204 3073 5261 semel
3104 5199 3395 5271 quotannis
3440 5198 3491 5248 in
3536 5208 3676 5245 uua-

2111 5324 2323 5379 (tuaque
2362 5284 2637 5377 provincia
2671 5302 2783 5357 ﬁeri
2816 5296 3078 5369 synodum
3130 5293 3504 5352 decreverunt,
3556 5284 3674 5339 loco

1674 5489 1860 5551 Guitl.
1888 5488 2211 5566 Beveregii
2247 5493 2434 5549 notae.

436 5648 439 5649 ⁷
507 5650 879 5719 (68i‘1'odtov
926 5649 1037 5720 γὰρ
1060 5648 1294 5704 ἕνεκεν.
1339 5644 1468 5700 Hinc
1522 5659 1695 5720 usque
1730 5646 1794 5720 ad
1824 5645 2009 5720 _iinem

433 5713 668 5779 esi-nmis
710 5723 764 5775 in
814 5713 1201 5784 haesi-istem,
1261 5731 1469 5772 necnon
1518 5713 1791 5773 Simeonis
1823 5714 1994 5785 Lego-

2101 5642 2283 5768 diliett'e
2308 5639 2564 5708 epitome,
2596 5644 2652 5691 ut
2684 5632 2736 5688 in
2760 5629 2969 5688 Justelli
2988 5626 3311 5686 bibliotheca
3340 5622 3507 5687 edita,
3535 5616 3671 5674 dest.

2141 5722 2379 5768 erantur.

2141 5722 2379 5768 erantur.
