4108 6200
411 276 517 341 213

1651 276 1928 338 THEOD.
1962 278 2366 339 BALSAMON

3560 282 3676 349 248,

413 406 574 459 quem
638 388 958 459 metropolis
1021 387 1404 457 approbaverit
1454 387 1781 458 episcopus,
1850 389 1988 443 intra

2116 388 2183 442 τοῦ
2212 388 2461 441 ἐνιαυτοῦ
2495 388 2710 441 σύνοδον
2749 386 2997 455 γίνεσθαι
3033 384 3347 452 διετάξαντο
3406 385 3487 447 είς
3549 385 3670 438 ἑκά·

413 492 657 540 sauctuiu
684 481 907 537 Pascha:
936 479 1128 534 festum
1158 487 1213 534 et
1247 493 1486 535 mensem
1513 477 1825 535 Octobrem.

953 739 1064 809 es
1090 738 1318 795 cauom
1377 739 1461 796 v1.

415 832 635 901 Antiqui
666 846 833 884 mores
859 843 1126 884 serventur
1166 835 1256 900 qui
1284 841 1405 885 sunt
1436 833 1491 886 in
1523 832 1776 903 Egypto,
1830 833 1997 904 Libya

484 932 534 977 et
586 922 892 990 Pentapoli,
945 932 1003 975 ut
1052 923 1446 978 Alexandrinus
1496 926 1765 992 episcopus
1808 925 1994 978 horum

444 1016 718 1071 ,omnium
786 1024 1094 1083 potestatem
1152 1016 1385 1080 habeat,
1463 1015 1882 1085 quandoquidem
1946 1025 1993 1069 et

490 1106 727 1173 episcopo
762 1104 998 1160 Romano
1028 1106 1127 1159 hoc
1164 1116 1237 1159 est
1270 1116 1597 1162 consuetum.
1657 1105 1915 1160 Similiter
1943 1117 1993 1159 et

492 1194 544 1247 in
587 1192 868 1247 Antiochia
906 1204 956 1248 et
999 1194 1051 1248 in
1087 1194 1209 1248 aliis
1239 1195 1541 1262 provinciis,
1587 1210 1684 1249 sua
1723 1194 1996 1263 privilegia

484 1283 738 1339 Ecclesiis
766 1295 1053 1341 serventur.
1106 1284 1249 1339 Illud
1282 1298 1455 1339 autem
1486 1295 1562 1339 est
1588 1286 1796 1339 omnino
1830 1284 2003 1338 mani-

487 1376 699 1445 festum,
724 1378 886 1446 quod,
912 1380 961 1431 si
983 1380 1097 1445 quis
1115 1379 1308 1447 absque
1327 1377 1716 1447 metropolitani
1742 1375 2003 1429 sententia

484 1470 656 1534 factus
682 1470 752 1524 sit
787 1473 1080 1537 episwpus,
1133 1487 1249 1523 eum
1282 1486 1473 1539 magna
1501 1472 1733 1539 synodus
1764 1468 2000 1537 deﬁnivit

488 1578 593 1618 non
640 1580 749 1617 esse
801 1564 1121 1633 episcopum.
1191 1563 1344 1626 Quod
1385 1564 1433 1618 si
1477 1563 1686 1632 quidem
1739 1570 2005 1621 communi

488 1655 722 1707 omnium
753 1656 1011 1719 electioni,
1054 1671 1170 1723 qua:
1205 1666 1253 1709 et
1296 1654 1489 1708 rationi
1538 1661 1909 1715 consentanea,
1952 1660 2001 1704 et

2099 496 2231 548 στην
2257 479 2546 548 ἐπαρχίαν,
2579 477 2708 530 ἔνθα
2761 478 2825 539 ἂν
2857 480 2886 529 ό
2916 480 3018 545 τῆς
3069 476 3455 545 μητροπόλεως
3531 476 3678 529 δοκιο

2100 569 2249 641 μάσῃ
2281 569 2607 631 ἐπίσκοπος,
2654 568 2761 621 ἀνὰ
2797 569 2963 638 μέσον
2988 567 3089 633 τῆς
3113 567 3275 635 ἁγίας
3329 565 3424 619 τοῦ
3480 566 3673 637 Πάσχα

2096 660 2290 731 ἑορτῆς
2312 662 2406 715 καὶ¹
2436 660 2531 714 τοῦ
2571 658 2899 727 Ὀκτωσρίου
2928 659 3119 729 μηνός.

2712 750 2951 801 ΚΑΝΩΝ
3014 752 3104 802 ς’.

2712 752 2951 801 ΚΑΝΩΝ
3071 754 3104 802 ’.

2105 846 2182 898 Τὰ
2211 844 2428 911 ἀρχαῖα
2456 842 2562 909 ἔθη
2593 842 2895 910 κρατείτω,
2920 842 2992 894 τὰ
3014 752 3085 893 is
3109 839 3406 905 Αἰγύπτῳ,
3435 840 3533 895 καὶ
3576 842 3678 892 Λι-

2176 938 2313 1002 ϐύῃ.
2351 936 2452 988 καί
2512 936 2905 999 Πενταπόλει,
2949 932 3151 1000 ὥσπερ
3178 932 3287 986 τὸν
3315 932 3387 985 ἐν
3407 932 3684 994 Ἀλεξαν-

2172 1026 2339 1095 δρείᾳ
2391 1025 2730 1079 ἐπίσκοπον
2780 1023 3025 1077 πάντων
3089 1023 3321 1076 τούτων
3358 1020 3525 1090 ἔχειν
3564 1020 3683 1088 τὴν

2172 1118 2492 1180 ἐξουσίαν’
2515 1116 2723 1184 ἐπειδὴ
2754 1114 2852 1170 καὶ
2884 1114 2965 1180 τῷ
2987 1115 3057 1167 ἐν
3086 1111 3161 1180 τῇ
3200 1110 3392 1182 Ῥώμῃ
3422 1112 3675 1167 ἐπισκό-

2173 1221 2265 1270 πῳ
2302 1205 2481 1259 τοῦτο
2517 1203 2787 1269 σύνηθές
2807 1202 2981 1256 ἐστιν
3000 1216 3015 1233 ο
3044 1202 3262 1269 ὁμοίως
3298 1198 3367 1253 δὲ
3396 1200 3495 1252 καί
3528 1198 3681 1253 κατὰ

2186 1296 2557 1365 Ἀντιόχειαν
2592 1294 2693 1348 καὶ
2738 1294 2807 1347 ἐν
2834 1291 2965 1359 ταῖς
2994 1293 3211 1357 άλλως
3231 1291 3569 1359 ἐπαρχίαις,
3595 1288 3669 1342 τὰ

2100 1420 2113 1429 ~
2174 1387 2459 1456 πρεσϐεῖα
2478 1385 2768 1446 σώζεσθαι
2806 1383 2935 1450 ταῖς
2971 1383 3379 1449 Ἐκκλησίαις.
3408 1382 3683 1436 Καθόλου

2178 1478 2248 1533 δὲ
2282 1477 2587 1546 πρόδηλον
2616 1475 2832 1542 ἐκεῖνο,
2862 1475 2977 1539 ὅτι,
3023 1474 3079 1528 sl
3098 1491 3191 1539 τις
3230 1473 3409 1543 χωρὶς
3440 1472 3683 1541 γνώμης

2176 1569 2283 1623 τοῦ
2311 1568 2758 1636 μητροπολίτου
2823 1565 3054 1635 γένοιτο
3132 1565 3469 1629 ἐπίσκοπος
3493 1601 3510 1627 ,
3572 1563 3682 1616 τόν

2178 1658 2454 1714 τοιοῦτον
2482 1656 2521 1724 ή
2539 1656 2776 1727 μεγάλη
2807 1655 3074 1721 σύνοδος
3104 1653 3285 1722 ὥρισε
3305 1654 3391 1723 μὴ
3414 1652 3550 1707 δεῖν
3596 1648 3681 1706 εἷ-

489 1761 554 1799 ece
586 1746 765 1813 regula
782 1746 1136 1799 ecclesiastica
1155 1746 1296 1813 facta
1317 1757 1417 1806 est,
1445 1744 1549 1797 duo
1566 1744 1641 1798 vel
1666 1754 1769 1797 tres
1787 1752 2002 1812 propter

2170 1768 2270 1807 ναι
2295 1750 2664 1803 ἐπίσκοπον.
2708 1748 2850 1802 Ἐὰν
2878 1746 3086 1815 μέντοι
3116 1743 3192 1813 τῇ
3230 1743 3408 1813 κοινῇ
3434 1743 3682 1797 πάντων

430 1868 431 1871 η
492 1853 644 1891 suam
674 1852 779 1905 qua
823 1837 1150 1891 delectantur
1188 1835 1569 1891 contentionem
1611 1834 1996 1899 contradicant,

388 1964 389 1967 η
493 1930 705 1985 vincant
731 1928 965 1997 plurium
994 1927 1272 1997 suﬁ'ragia.

492 2106 689 2162 BALS.
746 2105 998 2161 Prmsens
1028 2115 1085 2160 et
1115 2106 1378 2176 septimus
1398 2120 1574 2161 canon
1604 2111 1846 2161 statuunt
1869 2117 2005 2174 qua-

421 2211 545 2255 tuor
587 2197 953 2270 patriarchas,
1000 2197 1251 2252 videlicet
1310 2192 1636 2261 Romanum,
1688 2196 2008 2253 Alexandri-

419 2308 575 2357 num,
622 2290 1044 2345 Antiochensem
1074 2299 1129 2345 et
1157 2288 1702 2359 Hierosolymitanum
1747 2288 1837 2359 (de
1865 2287 2009 2342 Con-

419 2382 904 2452 stantinopolitano
921 2380 1064 2436 enim
1092 2381 1146 2435 in
1168 2380 1293 2435 aliis
1313 2380 1617 2434 canonibus
1667 2378 2008 2447 tractabitur)

420 2490 490 2533 ex
546 2472 783 2542 antiquis
822 2472 1066 2527 moribus
1115 2470 1407 2526 honorari:
1475 2480 1532 2526 et
1584 2469 2008 2524 Alexandrinum

426 2566 645 2637 quidem
700 2563 1014 2634 episcopum
1069 2577 1302 2632 praeesse
1344 2561 1645 2632 provinciis
1695 2561 1909 2630 Egypti
1956 2575 2013 2621 et

430 2656 618 2726 Libym
656 2665 709 2709 et
740 2654 1082 2722 Pentapolis:
1118 2654 1515 2707 Antiochenum
1537 2652 1789 2707 similiter
1819 2651 2010 2720 Syriae,

423 2745 755 2816 Calesyriae,
789 2744 1187 2814 Mesopotamiae
1216 2754 1269 2798 et
1299 2743 1516 2811 utrique
1534 2741 1738 2797 Ciliciae
1767 2760 1781 2796 :
1817 2742 2012 2796 Hiero-

425 2837 813 2909 solymitannm
854 2845 1058 2897 autem,
1110 2834 1407 2905 provinciis
1434 2832 1756 2895 Palaestinae,
1802 2831 2013 2887 Arabiae

426 2940 481 2990 et
514 2928 820 2990 Pbtenices,
857 2913 1145 2994 Quoniam.
1191 2926 1386 2996 inquit,
1448 2935 1505 2980 et
1562 2923 1839 2979 Romanus
1887 2923 2014 2992 epi-

428 3036 630 3089 scopus
660 3028 855 3089 praeest
892 3018 1312 3075 Occidentalibus
1345 3016 1657 3087 provinciis.
1717 3014 1806 3070 Sic
1830 3028 2011 3070 autem

427 3114 616 3174 volunt
643 3127 902 3173 canones,
934 3110 1271 3180 patriarchas
1299 3110 1414 3164 suis
1446 3123 1679 3178 praesse
1705 3108 2015 3175 metropoli-
2039 3085 2083 3145 (ο

428 3205 593 3269 tanis,
646 3212 700 3262 et
741 3218 925 3258 rursus
966 3200 1412 3271 metropolitanos
1458 3200 1571 3256 suis
1619 3200 1905 3269 episcopis,
1958 3208 2014 3253 ut

427 3297 562 3360 nihil
598 3313 847 3367 maguum
887 3306 940 3351 et
971 3295 1197 3352 arduum
1234 3294 1356 3350 sine
1393 3295 1460 3349 iis
1510 3293 1601 3348 ﬁat
1638 3294 1705 3348 ab
1748 3292 2015 3362 episcollis

427 3391 523 3458 qui
554 3391 684 3458 ipsis
718 3389 943 3459 subjecti
973 3399 1134 3441 sunt:
1188 3385 1442 3456 quocirca
1484 3386 1645 3440 etiam
1669 3386 1859 3455 jubent
1888 3400 2013 3439 eum

430 3497 501 3546 ne
532 3496 652 3536 esse
677 3482 892 3548 quidem
923 3480 1259 3548 episcopum,
1295 3478 1385 3549 qui
1419 3478 1538 3533 sine
1556 3477 1715 3547 primi
1747 3477 2013 3534 sententia

434 3569 613 3623 factus
664 3579 747 3624 est
793 3571 1101 3637 epi>00pus,
1154 3569 1433 3634 addentes,
1486 3568 1629 3636 quod
1679 3569 1722 3623 si
1758 3570 2017 3622 canonica

432 3659 572 3718 facta
594 3660 856 3713 electione
879 3658 1096 3726 quidam
1127 3656 1522 3720 contradicant,
1555 3657 1800 3713 obtinere
1819 3657 2017 3712 debent

427 3751 580 3825 juxta
641 3750 1074 3820 legcs'plurium
1127 3747 1405 3816 suil‘ragia.
1493 3747 1590 3803 His
1651 3749 1724 3802 ita
1781 3747 2016 3803 deﬁnitis

431 3840 684 3911 quaesivit
732 3840 953 3909 aliquis,
1003 3854 1122 3891 cum
1180 3854 1418 3907 praesens
1461 3853 1632 3893 canon
1685 3837 1905 3892 deﬁniat
1958 3836 2015 3889 in

431 3934 685 3991 omnibus
734 3933 913 3987 causis
974 3932 1207 4003 pluriunt
1261 3930 1574 3999 sntﬂragium
1626 3930 1861 3993 vincere,
1918 3926 2018 3982 No-

432 4025 572 4081 vella
633 4034 810 4079 autem
867 4014 1184 4078 constitutio
1248 4022 1481 4090 potentis
1535 4031 1589 4073 et
1645 4019 1787 4073 sacri
1846 4017 2016 4073 nostri

433 4114 784 4183 imperatoris
814 4114 1017 4169 domini
1051 4112 1319 4167 Manuelis
1368 4110 1626 4165 Comneui
1681 4125 1798 4177 quae
1831 4125 2018 4166 mense

431 4205 578 4274 Julio
633 4206 926 4267 indictione
978 4206 1066 4267 14,
1115 4220 1254 4258 anno
1299 4203 1439 4260 6674
1483 4202 1691 4271 prolata
1733 4211 1845 4267 est,
1893 4216 2013 4255 cum

434 4296 648 4351 caeteris
715 4306 768 4353 et
817 4297 929 4350 haec
959 4297 1174 4350 disertis
1226 4296 1405 4348 verbis
1455 4295 1725 4349 deﬁniat:
1780 4294 1931 4360 Quod
1969 4292 2013 4347 si

2157 1843 2342 1912 ψήφῳ
2366 1842 2600 1910 εὐλόγῳ
2629 1840 2786 1906 οὔσῃ
2817 1838 2914 1891 καὶ
2939 1837 3089 1890 κατὰ
3118 1836 3347 1889 κανόνα
3363 1835 3685 1901 ἐκκλησια-

2172 1936 2385 1990 στικὸν
2410 1933 2521 1989 δύο
2549 1932 2587 2000 ἢ
2631 1931 2787 2001 τρεῖς
2815 1930 2893 1983 δι’
2921 1930 3151 1983 οἰκείαν
3170 1927 3549 1997 φιλονεικίαν
3567 1927 3684 1981 ἁν-

2171 2028 2471 2096 τιλέγωσι,
2506 2025 2789 2094 κρατείτω
2820 2023 2855 2090 ή
2883 2022 3003 2077 τῶν
3047 2022 3350 2077 πλειόνων
3370 2018 3601 2089 ψῆφος.

2175 2120 2375 2173 ΒΑΛΣ.
2415 2118 2476 2172 '0
2506 2116 2698 2185 παρὼν
2736 2114 2915 2168 κανὼν
2943 2114 3037 2168 καὶ
3066 2113 3095 2165 ὁ
3126 2110 3169 2177 ζ’
3189 2111 3519 2181 διορίζονται
3558 2108 3686 2173 τοὺς

2103 2210 2147 2267 δ’
2203 2210 2570 2280 πατριάρχας,
2624 2206 2825 2277 δηλαδὴ
2874 2206 2964 2259 τὸν
3001 2204 3240 2274 Ῥώμης,
3286 2203 3376 2255 τὸν
3432 2201 3687 2267 Ἀλεξαν-

2106 2303 2311 2371 δρείας,
2334 2301 2425 2352 τὸν
2472 2297 2825 2367 ’Δντιοχείας,
2861 2295 2957 2349 καὶ
2985 2295 3075 2349 τὸν
3103 2292 3491 2364 Ἰεροσολύμων
3528 2292 3685 2362 (περὶ

2108 2378 2218 2463 γὰρ
2270 2391 2363 2445 τοῦ
2414 2386 3039 2448 Κωνσταντινουπόλεως
3102 2389 3161 2439 έν
3214 2385 3422 2449 ἑτέροις
3495 2383 3686 2437 κανόσι

2110 2481 2542 2553 διαληφθήσεται
2561 2485 2604 2549 ),
2636 2478 2784 2533 κατὰ
2811 2477 2881 2534 τὰ
2906 2476 3110 2530 παλαιὰ
3139 2475 3233 2545 ἔθη
3271 2474 3553 2544 τιμᾶσθαι,
3587 2472 3687 2526 καὶ

2108 2574 2201 2628 τὸν
2245 2574 2347 2643 μὲν
2417 2569 2832 2641 Ἀλεξανδρείας
2884 2568 3139 2638 προέχειν
3164 2566 3272 2620 τῶν
3307 2566 3365 2618 ὲν
3403 2564 3685 2633 Αἰγύπτῳ,

2110 2667 2204 2719 καὶ
2242 2663 2441 2735 Λιϐύῃ,
2474 2664 2567 2717 καὶ
2597 2660 2929 2714 Πενταπόλει
2959 2658 3241 2727 ἐπαρχιῶν
3270 2672 3284 2688 ο
3332 2656 3426 2709 τὸν
3481 2657 3692 2710 Ἀντιο-

2113 2756 2267 2828 χείας
2299 2754 2500 2826 ὁμοίως
2531 2753 2630 2823 τῆς
2654 2752 2875 2823 Συρίας,
2904 2750 3003 2820 τῆς
3046 2748 3250 2821 Κοίλης
3306 2748 3533 2819 Συρίας,
3587 2747 3691 2816 τῆς

2113 2847 2565 2918 Μεσοποταμίας,
2587 2844 2682 2899 καὶ
2710 2844 2974 2911 ἑκατέρας
2995 2841 3249 2904 Κιλικίας
3270 2856 3287 2873 ·
3317 2842 3410 2894 τὸν
3431 2840 3488 2892 δὲ
3523 2839 3690 2908 Ἰερο-

2118 2942 2366 3011 σολύμων
2393 2939 2501 2993 τῶν
2547 2939 2605 2991 ἐν
2640 2938 2707 3006 τῇ
2758 2934 3091 3004 Παλαιστίνῃ
3139 2930 3445 3003 ἐπαρχιῶν,
3484 2930 3594 2983 τῶν
3630 2932 3690 2983 ὲν

2129 3032 2354 3103 Ἀραϐίᾳ
2369 3030 2464 3084 καὶ
2480 3029 2587 3083 τῶν
2610 3028 2667 3080 ὲν
2691 3026 2934 3098 Φοινίκῃ,
2962 3026 3066 3084 ὅτι.
3082 3024 3242 3093 φησὶ,
3276 3022 3369 3075 καὶ
3404 3022 3434 3075 ό
3465 3021 3688 3074 ἐπίσκο-

2114 3136 2216 3183 πος
2240 3120 2340 3189 τῆς
2384 3116 2605 3188 Ῥώμης
2651 3112 2891 3187 προέχει
2922 3112 3029 3167 τῶν
3064 3111 3332 3183 ἐσπερίων
3364 3111 3640 3180 ὲπαρχιιῖιν
3669 3126 3688 3146 ’

2116 3212 2273 3267 Οὕτω
2294 3212 2351 3266 δὲ
2381 3210 2623 3263 θέλουσιν
2656 3209 2704 3261 οί
2731 3208 2951 3267 κανόνες
2975 3205 3227 3275 προέχειν
3250 3203 3377 3265 τοὺς
3413 3201 3690 3272 πατριάρ-

2116 3320 2217 3374 χας
2260 3301 2371 3354 τῶν
2402 3302 2495 3354 ὑπ’
2518 3295 3182 3367 αὑτοὺςμητροπολιτῶν,
3217 3296 3312 3347 καὶ
3346 3292 3511 3347 πάλιν
3557 3292 3688 3354 τοὺς

2119 3392 2516 3465 μητροπολίτας
2567 3390 2677 3442 τῶν
2740 3388 2828 3441 ὑπ’
2896 3388 3095 3441 αὐτοὺς
3142 3384 3488 3448 ἐπισκόπων,
3543 3379 3689 3434 ὥστε

2120 3484 2285 3554 μηδὲν
2309 3482 2480 3564 χωρὶς
2509 3481 2718 3535 τούτων
2757 3477 3001 3547 γίνεσθαι
3059 3474 3315 3564 περιττὸν
3361 3471 3526 3564 ’παρὰ
3575 3470 3689 3522 τῶν

2117 3574 2208 3626 ὑπ’
2235 3562 2432 3634 αὐτοὺς
2457 3569 2774 3626 ἐπισκόπων
2797 3583 2811 3597 ·
2842 3567 2929 3620 διὰ
2958 3565 3066 3635 γὰρ
3107 3562 3266 3616 τοῦτο
3288 3562 3384 3615 καὶ
3434 3575 3689 3629 παρακε-

2115 3662 2360 3715 λεύονται
2415 3659 2551 3730 μηδὲ
2588 3653 2732 3711 εῖναι
2780 3656 3100 3716 ἐπίσκοπον,
3140 3652 3232 3705 τὸν
3279 3649 3403 3719 δίχα
3456 3646 3688 3715 γνώμης

2116 3752 2210 3804 τοῦ
2243 3750 2459 3821 πρώτου
2485 3748 2755 3817 γεγονότα
2804 3745 3123 3807 ἐπίσκοπον,
3166 3741 3542 3813 προτιθέμενοι
3579 3740 3686 3804 ὅτι,

2118 3843 2214 3896 ἐὰν
2242 3841 2546 3902 κανονικῶς
2574 3838 2875 3907 γενομένης
2900 3837 2997 3905 τῆς
3031 3834 3213 3905 ψήφου
3274 3832 3418 3894 τινὲς
3472 3828 3691 3884 avrae-

2121 3951 2314 4003 γωσιν,
2357 3931 2566 3999 ὀφείλει
2624 3931 2846 4000 κρατεῖν
2893 3927 3034 3980 κατὰ
3081 3925 3207 3987 τοὺς
3260 3923 3457 3992 νόμους
3494 3922 3528 3991 ὴ
3582 3918 3694 3973 τῶν

2118 4027 2377 4081 πλειόνων
2422 4023 2634 4092 ψῆφοςο
2674 4020 2880 4079 τούτων
2930 4018 3073 4073 οὓτω
3112 4015 3508 4087 διορισθέντων,
3544 4010 3695 4082 ἡρώ-

2118 4119 2255 4185 τησέ
2283 4135 2365 4181 τις
2397 4116 2471 4179 ὡς
2503 4114 2595 4168 τοῦ
2630 4113 2729 4184 μὲν
2760 4111 3029 4182 παρόντος
3064 4108 3290 4170 κανόνος
3316 4103 3692 4177 διοριζομένου

2119 4208 2210 4260 ἐπὶ
2245 4207 2447 4268 πάσαις
2475 4206 2597 4266 ταῖς
2625 4202 2916 4256 ὑποθέσεσι
2944 4200 3043 4269 τὴν
3069 4197 3179 4253 τῶν
3207 4195 3467 4250 πλειόνων
3511 4194 3695 4263 ψῆφον

2120 4299 2309 4369 νικᾷν·
2341 4297 2441 4365 τῆς
2463 4296 2517 4348 δὲ
2564 4294 2782 4357 Νεαρᾶς
2817 4288 3137 4361 νομοθεσίας
3176 4286 3273 4342 τοῦ
3304 4284 3568 4352 κραταιοῦ
3600 4284 3698 4339 καὶ

434 4398 546 4437 non
598 4385 839 4442 omnium
875 4383 1064 4437 eadem
1118 4384 1382 4437 sententia
1437 4383 1620 4448 fuerit,
1664 4385 1755 4437 sed
1793 4366 1954 4451 aliqui
1985 4398 2015 4442 a

2124 4366 2279 4455 ἁγίου
2344 4385 2500 4456 ἡμῶν
2526 4382 2789 4453 βασιλέως
2819 4378 2989 4451 κυροῦ
3017 4378 3274 4451 Μανουὴλ
3318 4377 3414 4430 τοῦ
3476 4378 3697 4444 Κομνη-

436 4473 674 4549 plurium
710 4474 979 4527 sententia
1013 4473 1332 4537 dissideant,
1380 4482 1470 4526 aut
1521 4489 1615 4541 par
1652 4474 1723 4527 sit
1762 4488 2018 4529 numerus

436 4576 627 4618 eorum
657 4561 747 4630 qui
785 4561 1089 4616 dissident:
1137 4578 1325 4617 eorum
1371 4563 1637 4617 sententia
1673 4562 2016 4633 pra-feratur,

438 4654 766 4724 quibuscum
815 4652 863 4707 is
898 4654 1085 4715 sentit,
1135 4655 1225 4723 qui
1266 4654 1472 4724 judicio
1518 4666 1750 4726 praeest:
1801 4656 2015 4710 cuinam

439 4741 700 4797 debemus
734 4741 1055 4795 attendere?
1116 4743 1193 4797 Ac
1229 4726 1465 4797 nonnulli
1497 4743 1711 4813 quidem
1743 4742 2017 4810 dixerunt,

439 4852 551 4892 non
606 4836 853 4892 exaudiri
913 4836 1189 4891 Novellam
1254 4838 1305 4892 iu
1371 4841 1546 4895 causis
1607 4839 2016 4906 ecclesiasticis,

440 4939 605 4999 atque
661 4930 868 4985 idcirco
916 4930 968 4983 in
1017 4930 1149 4999 ipsis
1199 4942 1380 4991 vetera
1424 4931 1546 5001 jura
1577 4930 1774 4994 valere,
1820 4944 2021 5000 eosque

442 5034 683 5075 canones
728 5020 820 5089 qui
869 5036 992 5074 cum
1041 5021 1127 5075 bis
1175 5023 1561 5077 convenientes
1611 5020 1805 5076 sanciti
1853 5031 2016 5076 sunt:

446 5111 537 5165 alii
568 5126 697 5166 vero
727 5121 912 5167 contra
943 5114 1214 5175 dixerunt,
1269 5111 1542 5166 Novellam
1568 5128 1663 5182 pro
1688 5122 1799 5167 toto
1824 5113 2019 5169 mundo

444 5210 500 5254 et
537 5201 682 5253 omni
726 5216 887 5257 causa
939 5201 1115 5255 locum
1158 5203 1383 5267 habere,
1439 5216 1502 5256 ac
1552 5203 1855 5272 generalem
1902 5218 2020 5258 esse

446 5289 655 5359 legem:
685 5291 813 5344 milii
839 5308 965 5348 vero
987 5294 1164 5348 locum
1199 5294 1401 5347 habere
1427 5309 1532 5347 non
1562 5295 1768 5349 videtur
1800 5294 2018 5351 Novella

445 5378 500 5441 in
549 5378 934 5438 ecclesiasticis
979 5384 1353 5448 electionibus,
1408 5399 1507 5438 nec
1553 5385 1605 5439 in
1637 5386 2020 5441 ecclesiasticis

447 5472 872 5540 questionibus;
928 5478 1069 5544 quod
1133 5493 1305 5547 neque
1349 5477 1569 5531 traditio
1619 5476 1875 5531 canonica
1926 5492 2021 5547 per

443 5574 567 5621 Cant
615 5565 690 5617 sit
736 5578 945 5620 eversa.
1007 5568 1195 5631 Quare
1238 5568 1399 5623 etiam
1441 5581 1703 5621 canonem
1739 5567 1804 5621 19
1831 5567 2019 5636 synodi

450 5653 826 5721 gntiochente.
854 5656 1042 5759 JSane
1086 5659 1301 5728 quidem
1351 5660 1660 5729 patriarcha
1714 5658 2023 5729 Hierosoly-

2121 4477 2213 4533 νοῦ
2275 4477 2376 4546 τῆς
2397 4474 2539 4528 κατὰ
2573 4473 2663 4527 τὸν
2689 4471 2911 4525 Ἰούλιον
2937 4470 3083 4540 μῆνα
3105 4468 3206 4537 τῆς
3258 4467 3323 4520 ιδ’
3366 4462 3697 4524 ίνδικτιῶνος

2119 4570 2213 4624 τοῦ
2246 4568 2393 4639 ςχοδ¹
2424 4568 2577 4629 ἔτους
2598 4563 2994 4635 ἐξενεχθείσης,
3016 4558 3391 4632 διοριζομένης
3422 4556 3559 4626 μετὰ
3585 4553 3698 4606 τῶν

2121 4661 2298 4723 ἄλλων
2329 4659 2423 4713 καὶ
2448 4658 2621 4712 ταῦτα
2659 4656 2862 4727 ῥητῶς.
2893 4656 2957 4707 Εἰ
2986 4653 3042 4707 δέ
3068 4669 3131 4721 γε
3182 4650 3279 4720 μὴ,
3306 4644 3698 4718 ὁμογνωμονή-

2125 4770 2273 4807 σουσι
2304 4747 2691 4814 πάντες,’ὰλλά
2725 4764 2871 4810 τινες
2920 4742 3253 4814 διαφωνοῦσι
3283 4742 3395 4802 τοῖς
3431 4737 3700 4797 πλείοσιν,

2122 4845 2156 4915 ἢ
2186 4844 2485 4911 ἑξισοῦνται
2523 4842 2574 4895 οἱ
2625 4839 3043 4908 διαφωνοῦντες,
3093 4836 3319 4890 ἐκείνων
3384 4830 3481 4901 τὴν
3512 4828 3699 4897 ψῆφον

2124 4933 2539 5008 προκρίνεσθαι,
2568 4926 2649 4995 οἷς
2698 4933 2793 4984 καὶ
2830 4929 2860 4982 ό
2892 4929 2985 4988 τοῦ
3011 4925 3366 4996 δικαστηρίου
3414 4917 3697 4991 προεστὼς

2128 5028 2444 5099 συμφωνεῖο
2477 5025 2583 5078 τίνι
2607 5024 2894 5094 προσέχειν
2920 5023 3246 5091 όφείλομενς
3288 5017 3379 5071 καί
3407 5029 3557 5075 τινες
3597 5010 3696 5081 μὲν

2124 5114 2277 5179 εἷπον
2310 5118 2384 5189 μὴ
2419 5114 2772 5182 ἐξακούεσθαι
2802 5113 2898 5185 τὴν
2917 5111 3139 5183 Νεαρὰν
3164 5111 3244 5172 είς
3273 5109 3371 5169 τὰς
3402 5104 3699 5171 ἐκκλησια-

2127 5211 2317 5273 στικὰς
2355 5207 2659 5269 ὑποθέσεις,
2694 5207 2790 5259 καὶ
2817 5205 2906 5258 διὰ
2936 5203 3095 5257 τοῦτο
3118 5202 3340 5271 κρατεῖν
3375 5196 3465 5249 ἐπ’
3501 5194 3698 5255 αὐταῖς

2124 5304 2189 5356 τὰ
2216 5300 2419 5354 παλαιὰ
2454 5299 2684 5368 νόμιμα,
2724 5295 2820 5351 καὶ
2848 5296 2972 5358 τοὺς
2998 5292 3280 5361 ἑπομένως
3309 5287 3523 5348 τούτοις
3583 5285 3699 5337 διο-

2128 5394 2409 5466 ρισθέντας
2441 5395 2710 5456 κανόνας’
2772 5389 2951 5460 ἕτεροι
3003 5382 3060 5439 δὲ
3108 5381 3544 5450 ἀντεφθέγξαντο
3597 5377 3700 5446 τὴν
3796 5428 3803 5434 ,

2123 5484 2345 5554 Νεαρὰν
2366 5486 2443 5549 είς
2473 5488 2647 5539 πάντα
2680 5484 2883 5553 κόσμον
2912 5483 3005 5535 καὶ
3032 5480 3213 5532 πᾶσαν
3238 5476 3494 5529 ὑπόθεσιν
3521 5473 3701 5535 ἐκφω-

2125 5576 2371 5643 νηθῆναι,
2396 5577 2492 5628 καὶ⁵
2524 5578 2601 5637 είς
2630 5576 2813 5644 κοινὴν
2842 5571 3203 5643 θεσμοθεσίαν
3225 5564 3387 5621 εἶναι.
3434 5561 3587 5629 Ἐμοὶ
3642 5557 3701 5609 δὲ

2126 5664 2273 5725 δοκεῖ
2301 5665 2375 5735 μὴ
2405 5663 2551 5734 ἔχειν
2585 5662 2770 5734 χώραν
2801 5662 2868 5717 τὰ
2892 5664 2989 5733 τῆς
3042 5659 3300 5730 τοιαύτης
3334 5654 3556 5725 Νεαρᾶς
3616 5650 3698 5717 εἰς
