4108 6200
354 241 468 304 Ξῦῗ)

1434 237 1517 299 1N
1547 236 1715 298 CAN.
1745 232 1890 295 VIII
1926 230 2139 294 CONC.
2178 230 2448 294 NICEN.
2489 229 2543 295 Ῐ.

3501 231 3608 293 266

352 356 671 425 ἀπεϐλήθη,
706 354 799 409 καὶ
847 351 1277 425 ἀνεθεματίσθη,
1331 352 1405 417 ὡς
1440 354 1468 406 ὁ
1508 354 1598 408 τοῦ
1652 354 1930 425 Παμφίλου

2039 352 2242 421 odium,
2277 354 2333 409 in
2361 354 2587 425 synodo,
2620 368 2741 425 quae
2771 352 3024 413 Cornelio
3052 353 3424 412 Romanorum
3442 368 3601 424 papa,

347 449 618 511 Εὑσέδιος
647 448 874 518 ίστορεῐ.
903 447 1041 509 Τοὺς
1069 446 1200 515 γοῦν
1228 445 1554 518 αίρεσιὼτας
1583 445 1776 500 τούτου
1805 462 1939 513 προ-

348 539 688 612 αρχομένους
709 538 960 608 δέχεσθαι
976 540 1004 591 ὁ
1022 538 1202 593 κανὼν
1222 531 1379 602 οὗτος
1401 538 1591 609 ὁρίζει,
1610 538 1935 609 ὁμολογοῦν-

344 647 448 693 τας
464 629 761 698 ἐγγράφως
786 628 954 683 ὃτιτὰ
981 627 1082 696 τῆς
1106 628 1743 700 καθολικῆςἙκκλησίας
1770 629 1939 700 τηρή-

348 736 508 772 σουσι
551 720 823 787 δόγματα,
855 717 949 770 καὶ
976 718 1102 780 τοὺς
1124 718 1194 770 δι’
1237 717 1485 788 ἀνάγκην
1514 718 1933 789 ἀρνησαμένους

346 809 441 863 τον
461 811 506 863 Χ
518 809 701 879 ριστὸν
715 809 980 874 δέξονται,
998 808 1092 861 καί⁵
1119 807 1375 877 οίκονομή
1384 824 1565 863 σουσιν
1580 808 1778 872 αὐτοὺς
1795 808 1936 861 κατὰ

345 904 476 964 τοὺς
500 900 731 971 καιροὺς
779 900 1115 969 ὡρισμένους
1139 901 1203 969 τῇ
1239 899 1498 971 μετανοίᾳ
1541 899 1651 952 τῶν
1686 917 1936 972 παραπε-

347 1012 397 1048 -ιτ
408 993 676 1046 εωκότωνο
691 990 846 1044 τοῦτο
860 990 969 1061 γάρ
980 992 1098 1044 ἐστι
1111 991 1170 1043 τὸ
1184 992 1271 1058 ἐφ’
1287 984 1361 1043 ὧν
1376 991 1468 1044 καὶ
1479 990 1667 1061 χρόνος
1682 989 1935 1062 ὥρισται,

350 1087 451 1139 καὶ
473 1085 666 1155 καιρὸς
688 1083 948 1137 τέτακται
968 1098 981 1112 ·
1006 1083 1228 1145 καὶτοῖς
1246 1083 1497 1152 διγάμοις
1519 1084 1935 1155 κοινωνήσουσι,

350 1178 452 1231 καὶ
510 1178 557 1228 εί
621 1175 1127 1246 κεχειροτονημένοι
1183 1172 1324 1227 εἰσὶν
1373 1174 1454 1238 είς
1509 1174 1845 1239 ἐπισκόπους
1898 1176 1932 1246 ἢ

348 1267 831 1340 πρεσὸυτὲρουςῆ
876 1265 1158 1327 διακόνους
1204 1266 1259 1318 oi
1291 1266 1349 1332 ἐξ
1399 1266 1577 1321 αὐτῶν
1620 1268 1937 1338 προσιόντες

348 1365 419 1429 τῇ
454 1359 781 1430 Ἐκκλησίᾳ,
819 1358 1001 1427 μένειν
1032 1357 1227 1415 αὐτοὺς
1250 1359 1309 1410 ἐν
1331 1356 1407 1427 τῷ
1439 1356 1624 1429 κλήρῳ
1648 1360 1789 1413 κατὰ
1809 1360 1935 1424 τοὺς

346 1451 593 1512 οἰκείους
624 1448 890 1519 βαθμοὺς,
930 1448 1026 1501 ἐὰν
1057 1447 1187 1510 ἴσως
1235 1446 1295 1499 ἐν
1323 1447 1444 1507 ταῖς
1488 1445 1827 1513 ἐκκλησίαις,
1877 1449 1936 1501 ἐν

347 1537 441 1605 αἷς
469 1540 986 1611 ἐχειροτονήθησαν,
1016 1538 1123 1591 οὐκ
1156 1536 1295 1590 εἰσὶν
1325 1536 1527 1606 ἕτεροι.
1565 1536 1688 1589 ’Ότι
1719 1538 1826 1608 γὰρ
1872 1539 1933 1592 οὐ

350 1634 486 1703 περὶ
516 1634 617 1703 τὴν
650 1633 833 1684 πίστιν
886 1630 1238 1700 ἐσφάλλοντο,
1276 1628 1392 1683 ἀλλ’
1441 1628 1521 1692 είς
1576 1629 1934 1700 μισαδελφίαν

2040 445 2204 501 Decio
2250 448 2575 515 imperante,
2622 445 2805 501 Romae
2831 446 3012 502 habita
3044 447 3173 513 fuit,
3224 456 3282 501 ut
3341 447 3605 503 Eusebius

2038 533 2305 604 Pamphili
2360 543 2669 601 memorat,
2720 534 2928 605 eiectus
3025 545 3190 605 atque
3263 536 3612 592 anathemate

2040 627 2328 685 damnatus
2365 637 2470 683 est.
2525 628 2603 683 Ex
2648 627 2737 684 illo
2779 628 2943 699 igitur
2989 628 3364 685 haereticorum
3406 643 3605 698 grege,

2038 721 2132 792 qui
2164 734 2285 775 cum
2309 718 2549 775 Ecclesia
2576 720 2627 774 in
2659 720 2889 790 gratiam
2925 720 3101 775 redire
3127 719 3367 789 cupiant,
3390 732 3483 775 eos
3516 718 3607 776 hic

2038 827 2213 868 canon
2263 811 2605 881 recipiendos
2638 826 2758 867 esse
2801 810 3066 867 decernit:
3124 811 3285 866 modo
3324 825 3384 868 se
3431 820 3608 867 tamen

2037 905 2108 961 ab
2145 904 2400 961 Ecclesiae
2437 905 2715 960 catholica:
2757 904 2970 974 placitis
3013 919 3119 959 non
3162 905 3517 971 discessuros,
3547 921 3610 961 ac

2037 1011 2153 1063 eos,
2203 1000 2295 1067 qui
2338 997 2666 1052 necessitate
2695 997 2866 1051 coacti
2894 994 3171 1051 Christum
3200 1004 3254 1051 et
3290 997 3455 1051 Deum
3511 1012 3611 1053 ne.

2038 1096 2298 1159 gaverunt
2349 1087 2443 1143 ubi
2484 1094 2684 1143 statuta
2718 1087 3039 1143 criminibus
3068 1087 3349 1157 expiandis
3372 1096 3610 1157 tempora

2036 1177 2392 1248 expleverint,
2454 1176 2533 1249 (id
2587 1191 2819 1247 namque
2862 1178 3026 1233 verba
3083 1178 3174 1232 illa
3226 1178 3505 1247 indicant,
3554 1179 3611 1234 in

2037 1270 2235 1338 quibus
2294 1278 2350 1324 et
2413 1278 2626 1337 tempus
2671 1268 3025 1323 constitutum
3077 1276 3182 1335 est,
3237 1278 3293 1324 et
3346 1269 3611 1339 praeﬁnita

2036 1365 2172 1437 dies)
2195 1364 2556 1429 admissuros,
2584 1372 2639 1418 et
2663 1376 2785 1418 cum
2825 1362 3054 1433 digamis
3109 1367 3612 1420 communicaturos

2034 1471 2179 1521 esse,
2218 1454 2560 1525 chirographi
2616 1453 2699 1509 sui
2749 1454 3055 1510 testimonio
3095 1455 3472 1525 proﬁteantur.
3532 1457 3614 1515 Ac

2034 1549 2339 1620 siquidem,
2397 1548 2491 1617 qui
2538 1560 2605 1602 ex
2655 1547 2787 1616 ipsis
2838 1546 2905 1600 ad
2961 1544 3257 1601 Ecclesiam
3298 1548 3561 1602 accedunt
3590 1587 3607 1609 ,

2037 1639 2272 1711 episcopi
2309 1640 2444 1709 jam,
2498 1647 2591 1692 aut
2639 1635 2975 1707 presbyteri,
3030 1644 3123 1691 aut
3175 1636 3387 1692 diaconi
3441 1639 3611 1693 creati

348 1728 447 1777 καὶ
494 1726 723 1795 ἄρνησιν
781 1722 1068 1792 μετανοίας
1120 1722 1233 1784 τοῖς
1291 1720 1767 1790 παραπεπτωκόσι
1837 1724 1930 1777 καὶ

2035 1700 2161 1789 sunt
2219 1745 2396 1801 neque
2437 1728 2693 1785 Ecclesiae
2728 1726 2891 1795 forte,
2945 1742 3175 1796 quarum
3216 1727 3519 1782 ministerio
3573 1727 3611 1781 ii

346 1816 770 1888 ἐπιστρέφουσι,
801 1814 890 1867 διὰ
924 1813 1083 1867 τοῦτο
1116 1816 1209 1867 καὶ
1241 1813 1342 1883 τὴν
1373 1814 1711 1881 χειροτονίαν
1750 1815 1933 1869 αὐτῶν

344 1910 382 1970 ἡ
442 1908 661 1969 σύνοδος
693 1906 935 1971 ἐδέξατο,
982 1906 1078 1963 καὶ
1132 1904 1319 1974 μένειν
1358 1903 1557 1967 αὐτοὺς
1602 1906 1661 1960 ἐν
1697 1908 1812 1970 τοῖς
1857 1910 1935 1961 oi-

344 1999 522 2060 assiozc
573 1998 804 2071 βαθμοῖς
859 1998 1171 2070 διωρίσατο,
1247 1998 1296 2053 εί
1360 1996 1437 2068 μὴ
1490 1997 1791 2063 ἐπίσκοπος
1845 2001 1931 2071 είη

344 2091 410 2141 ἐν
440 2091 506 2158 τῇ
536 2088 798 2159 καθολικῇ
851 2091 949 2155 τῆς
982 2087 1191 2151 πόλεως
1220 2088 1435 2158 ἐκείνης
1469 2088 1761 2161 ἐκκλησίᾳ.
1787 2092 1849 2145 Εἰ
1875 2092 1934 2146 δέ

346 2182 409 2233 ἐν
437 2177 713 2248 ἐκκλησίᾳ
748 2178 887 2231 είσὶν
940 2178 1068 2231 ἔνθα
1097 2178 1399 2245 ἐπίσκοπος
1449 2183 1483 2254 ἢ
1534 2168 1931 2253 πρεσδύτερος,

341 2272 379 2324 ὁ
401 2270 503 2340 μὲν
540 2271 841 2330 ἐπίσκοπος
861 2269 972 2334 ἔξει
993 2269 1055 2321 τὸ
1072 2270 1171 2339 τῆς
1196 2271 1504 2342 ἐπισκοπῆς
1526 2274 1744 2344 ἀξίωμα
1757 2275 1851 2331 καὶ
1872 2274 1933 2329 τὸ

348 2364 529 2434 ὄνομα
553 2379 568 2393 ⁸
597 2365 627 2417 ὁ
662 2364 718 2416 δὲ
754 2362 907 2433 παρὰ
942 2362 1056 2425 τοῖς
1098 2362 1378 2433 Καθαροῖς
1428 2366 1764 2436 κεκλημένος
1817 2368 1934 2422 ἐπί.

346 2473 555 2519 σκοπός
604 2455 639 2525 ἢ
706 2455 1080 2526 πρεσϐυτέρου
1138 2455 1251 2522 ἕξει
1294 2459 1501 2527 τιμὴν,
1539 2459 1573 2531 ἢ
1606 2459 1745 2523 τέως
1792 2478 1934 2533 χωρ-

357 2550 695 2615 επισκόπου,
725 2550 811 2602 ῐνα
838 2549 915 2620 τῷ
954 2550 1142 2620 κλήρῳ
1181 2552 1681 2623 συγκαταλέγηται,
1724 2557 1818 2609 καὶ
1855 2556 1931 2628 μὴ

346 2643 545 2696 τούτου
587 2643 835 2713 ἐκπέσῃ·
874 2642 923 2694 εί
956 2644 1031 2712 μή
1085 2659 1187 2696 που
1233 2644 1688 2710 συγκαταϐαίνων
1734 2647 1763 2700 ό
1808 2648 1932 2701 ἐπί-ι

350 2747 557 2794 σκοπος
611 2731 712 2800 τῆς
768 2730 1066 2801 noema;
1127 2730 1455 2802 Ἐκκλησὶας
1505 2734 1722 2806 Θελήσει
1766 2737 1930 2791 αὐτὸν

346 2822 524 2892 ὄνομα
574 2822 668 2874 καὶ
722 2820 887 2892 τιμὴν
939 2822 1241 2876 ἐπισκόπου
1296 2822 1464 2894 ἔχειν.
1498 2826 1572 2879 Οὐ
1618 2828 1800 2896 μέντοι
1838 2830 1933 2882 καὶ

346 2914 424 2973 ὡς
449 2912 753 2977 ἐπίσκοπος
786 2913 1094 2983 ἐνεργήσει,
1142 2913 1230 2966 ἵνα
1261 2913 1339 2984 μὴ
1390 2914 1448 2967 ἐν
1482 2918 1548 2987 τῇ
1602 2917 1738 2988 αὐτῇ
1777 2918 1931 2972 πόλει

344 3004 442 3059 δύο
468 2998 608 3057 ὦσιν
632 3004 942 3059 ἐπίσκοποι.

2040 1834 2167 1881 sunt
2206 1822 2452 1891 ascripti,
2483 1822 2616 1877 alios
2650 1821 2868 1884 habent,
2902 1828 3058 1875 suum
3109 1819 3160 1874 in
3192 1818 3339 1874 clero
3374 1818 3615 1889 dignita-

2036 1917 2107 1972 tis
2135 1916 2381 1971 ordinem
2414 1914 2673 1969 retinere.
2714 1911 2867 1978 Quod
2894 1912 3041 1966 enim
3080 1910 3134 1966 in
3168 1910 3275 1967 [ide
3295 1910 3429 1966 nihil
3467 1911 3616 1979 ejus-

2035 2008 2178 2063 modi
2270 2006 2518 2063 homines
2568 2004 2909 2069 oﬂ'enderint,
2960 2002 3053 2058 sed
3112 2011 3319 2058 tantum
3373 2002 3617 2058 fraterno

2035 2101 2195 2165 odio,
2226 2099 2489 2169 veniaque
2542 2097 2709 2167 lapsis
2740 2104 2795 2151 et
2814 2095 3255 2167 resipiscentibus
3302 2095 3613 2164 deneganda

2037 2190 2337 2262 peccarint,
2387 2197 2672 2259 propterea
2715 2187 3113 2243 ordinationem
3151 2199 3340 2242 eorum
3392 2183 3614 2240 admisit

2038 2278 2298 2350 synodus,
2332 2285 2388 2331 et
2423 2277 2475 2330 in
2505 2286 2606 2331 suo
2642 2288 2969 2344 quemquam
3012 2272 3203 2344 gradu,
3232 2271 3337 2328 nisi
3363 2285 3485 2327 cum
3528 2270 3612 2326 al-

2038 2379 2119 2426 ter
2143 2371 2197 2425 in
2234 2369 2424 2425 eadem
2458 2366 2594 2422 urbe
2620 2365 3014 2423 catholicarum
3052 2366 3291 2435 partium
3323 2366 3613 2435 cpiscopus

2038 2463 2199 2528 foret,
2250 2472 2472 2515 manere
2498 2458 2690 2514 voluit.
2742 2459 2813 2527 At
2852 2457 2899 2513 si
2943 2458 2997 2512 in
3026 2456 3268 2514 Ecclesia
3298 2466 3447 2520 sunt,
3490 2471 3610 2526 quae
3709 2462 3719 2468 '

2036 2555 2370 2625 episcopum,
2409 2559 2505 2605 aut
2544 2549 2923 2619 presbyterum
2970 2548 3189 2613 habeat,
3242 2547 3481 2619 episcopi
3512 2562 3612 2607 no-

2036 2660 2187 2709 men,
2231 2657 2297 2699 ac
2341 2641 2677 2713 dignitatem
2706 2638 2815 2709 7o
2854 2639 2970 2709 ipse
3026 2639 3311 2707 retinebit;
3356 2640 3449 2709 qui
3486 2654 3619 2695 vero

2038 2736 2177 2804 apud
2202 2734 2467 2789 Catharos
2500 2731 2785 2801 episcopus
2821 2729 3000 2785 dictus
3043 2728 3242 2795 fuerat,
3282 2731 3613 2803 presbyteri,

2036 2835 2132 2881 aut
2178 2821 2554 2894 cborepiscopi
2595 2822 2663 2877 ad
2684 2836 2958 2876 sumntum
3000 2820 3208 2878 honore
3241 2820 3517 2893 iungetur,
3552 2835 3613 2877 ut.

2038 2918 2091 2972 in
2117 2916 2264 2975 clero
2295 2904 2734 2977 connumeretur,
2777 2926 2951 2980 eoque
2982 2926 3093 2967 non
3136 2912 3371 2978 excidat,
3399 2913 3507 2969 nisi
3536 2914 3614 2969 civ

1959 3001 2002 3059 ϐ
2045 3011 2164 3066 dem
2196 3008 2444 3066 catholici
2475 3007 2711 3078 episcopi
2743 3005 3100 3074 indulgentia,
3135 3006 3376 3077 episcopi
3412 3021 3610 3062 nomen

352 3098 733 3165 honoremque
769 3096 1070 3164 permittat.
1106 3094 1437 3155 Functiones
1482 3106 1660 3156 tamen
1696 3102 1936 3174 episcOpi
1967 3104 2237 3174 proprias,
2282 3116 2349 3159 ne
2378 3100 2485 3158 duo
2515 3099 2676 3155 unius
2703 3098 2853 3155 urbis
2886 3098 3124 3169 episcopi
3199 3099 3311 3155 sint
3334 3138 3354 3168 ,
3406 3114 3613 3171 nequa-

347 3204 511 3257 quam
537 3195 811 3244 exerceat.

346 3280 581 3336 ΔΡΙΣΤ.
660 3282 726 3335 Ol
760 3282 1075 3352 λεγόμενοι
1131 3285 1390 3353 Καθαροί
1458 3290 1935 3359 προσερχόμενοι

404 3369 654 3437 πρῶτον
730 3374 1222 3441 όμολογείτωσαν
1243 3376 1331 3429 ὅτι
1352 3377 1771 3446 συνθήσονται
1809 3383 1937 3451 τοῖς

414 3462 759 3529 ἐκκλησίας
807 3462 1075 3531 θεσμοῖς,
1128 3465 1228 3519 καὶ
1276 3465 1728 3533 κοινωνήσουσι
1772 3470 1937 3536 διτά-

412 3570 583 3622 μοις,
609 3554 709 3607 καὶ
745 3553 1223 3623 συγχωρήσουσι
1254 3558 1378 3622 τοῖς
1413 3562 1933 3625 παραπεπτωκόσι.

421 3646 537 3702 Kal
587 3644 776 3710 οὕτως
805 3646 839 3698 ό
891 3646 1317 3715 εὑρισκόμενος
1368 3651 1936 3721 κεχειροτονημένος

413 3736 606 3803 sint?
646 3734 726 3800 τῷ
773 3735 973 3790 αὐτῶν
1018 3736 1265 3806 τάγματι
1287 3778 1303 3805 ,
1346 3732 1477 3792 οἷον
1513 3743 1546 3793 ό
1576 3742 1693 3809 μὲν
1720 3745 1937 3812 κυρίως

413 3831 757 3897 ἐπίσκοπος
787 3830 880 3896 ειη
903 3830 1265 3897 ἐπίσκοπος.
1300 3830 1364 3884 '0
1392 3831 1460 3885 δὲ
1479 3837 1638 3902 παρὰ
1666 3834 1790 3902 τοῖς
1819 3840 1934 3892 Κα-

422 3920 627 3987 θαροῑς
684 3921 1020 3988 ἐπίσκοπος
1071 3923 1109 3991 ἣ
1162 3923 1616 3994 χωρεπίσκοπος
1654 3930 1831 3994 ἔστω,
1888 3930 1929 4000 ἢ

421 4017 836 4088 πρεσϐυτέρου
880 4018 1060 4088 τιμὴν
1106 4018 1146 4087 ἢ
1208 4019 1548 4076 ἐπισκόπου
1575 4022 1887 4088 κεκτήσθω
1910 4040 1926 4056 ·

421 4116 497 4168 οὐ
518 4113 629 4183 γὰρ
654 4112 899 4168 ἔσονται
918 4112 1028 4167 δύο
1048 4115 1133 4180 εὶς
1154 4114 1300 4184 μίαν
1317 4114 1660 4183 ἐκκλησίαν
1678 4116 1926 4171 ἐπίσκο-

421 4218 545 4255 ποι.
1874 4216 1881 4223 ⁷

436 4294 573 4351 Ἀπὸ
605 4293 716 4347 τῶν
741 4292 1193 4364 προσερχομένων
1220 4294 1288 4363 τῇ
1314 4291 1445 4364 ἁγία
1473 4291 1567 4345 τοῦ
1597 4290 1734 4346 Θεοῦ
1769 4291 1929 4347 καθο-

2043 3287 2273 3345 ARIST.
2308 3286 2531 3342 Cathari
2562 3284 2693 3338 dicti
2714 3284 3013 3338 accedentes
3039 3284 3207 3352 primo
3240 3284 3612 3354 proﬁteantur,

2110 3382 2249 3452 quod
2278 3378 2536 3433 Ecclesia:
2562 3376 2924 3431 sanctionibus
2954 3378 3263 3441 assentient,
3308 3385 3357 3430 et
3393 3393 3511 3431 cum
3533 3381 3617 3431 di-

2111 3474 2277 3544 gamis
2310 3469 2803 3533 communicabunt,
2836 3465 3142 3536 veniamque
3206 3467 3372 3537 lapsis
3422 3484 3610 3522 conce-

2113 3568 2255 3621 dent.
2294 3565 2363 3619 Et
2388 3566 2463 3619 sic
2486 3564 2576 3633 qui
2604 3571 2839 3633 repertus
2888 3571 2965 3616 est
2993 3562 3291 3626 ordinatus,
3338 3562 3395 3617 in
3434 3564 3616 3616 eodem

2111 3659 2296 3713 ordine
2324 3657 2673 3711 constituatur
2713 3669 2731 3708 :
2772 3663 2827 3707 ut
2873 3654 2920 3707 si
2957 3669 3071 3707 vers
3110 3661 3188 3707 est
3230 3653 3522 3721 episcopus,
3546 3654 3615 3707 sit

2111 3750 2403 3819 episcopus.
2445 3745 2548 3813 Qui
2593 3760 2709 3801 vero
2738 3747 2876 3814 apud
2900 3742 3158 3798 Cat/raros
3184 3746 3455 3813 episcopus
3489 3744 3612 3813 fuit,

2113 3844 2183 3896 sit
2218 3841 2619 3911 chorepiscopus
2667 3838 2745 3893 uel
2774 3838 3086 3908 presbyteri,
3130 3838 3211 3891 vel
3236 3838 3463 3907 episcopi
3513 3839 3612 3889 Iro-

2110 3948 2235 3988 nore
2263 3935 2509 4002 gaudeat.
2539 3928 2607 3987 In
2638 3945 2743 3985 una
2773 3929 2914 3985 enim
2941 3929 3161 3987 ecclesia
3192 3930 3298 3985 duo
3322 3945 3425 3983 non
3456 3938 3611 3984 erunt

2108 4040 2357 4094 episcopi.

2111 4286 2188 4341 Es
2237 4286 2302 4341 iis
2350 4286 2443 4357 qui
2483 4284 2551 4340 ad
2599 4294 2841 4340 sanctam
2889 4284 3213 4342 catholicam
3255 4293 3310 4342 et
3351 4258 3610 4356 apostoli-

347 4389 481 4457 λικῇ
516 4387 612 4439 καὶ
640 4385 971 4455 ἀποστολικῇ
1011 4384 1311 4456 Ἐκκλησία
1342 4385 1392 4437 oi
1422 4385 1521 4455 μὲν
1549 4384 1927 4455 βαπτίζονται,

2036 4388 2158 4430 cam
2195 4374 2286 4429 Dei
2317 4373 2614 4430 Ecclesiam
2642 4374 2888 4440 veniunt,
2916 4372 3155 4428 nonnulli
3186 4373 3402 4444 quidam
3431 4372 3611 4442 bapti-

349 4482 404 4534 οί
445 4479 503 4531 δὲ
565 4478 725 4549 μύρῳ
772 4476 1040 4548 χρίονται,
1092 4476 1144 4529 οἱ
1185 4476 1241 4529 δὲ
1277 4476 1438 4545 μόνον
1468 4474 1926 4547 ἀναθεματίζουσι

351 4570 455 4638 τὴν
486 4568 623 4621 ἰδίαν
652 4568 746 4620 καὶ
776 4570 962 4619 πᾶσαν
988 4565 1156 4635 ἄλλην
1193 4564 1426 4636 αἵρεσιν.
1458 4565 1521 4619 Ol
1568 4565 1700 4633 γοῦν
1744 4564 1931 4619 δελεα-

353 4662 577 4721 σθέντες
608 4658 712 4712 ὖπδ
760 4657 854 4711 τοῦ
882 4656 1158 4719 Ναυάτου,
1192 4656 1289 4709 καὶ
1319 4655 1567 4726 Καθαροὶ
1596 4654 1728 4727 παρ’
1760 4655 1927 4710 αὐτοῦ

349 4750 773 4820 ὀνομασθέντες,
804 4749 879 4811 ὡς
914 4746 989 4818 μὴ
1018 4746 1438 4817 καταδεχόμενοι
1490 4746 1585 4817 τὴν
1636 4748 1929 4817 μετάνοιαν

346 4843 461 4894 τῶν
470 4843 925 4912 ἁμαρτησάντων,
944 4838 1038 4891 καὶ
1054 4838 1141 4891 τὸν
1151 4838 1403 4909 δεύτερον
1415 4839 1591 4909 γάμον
1607 4839 1926 4905 κωλύοντες,

345 4933 449 4985 ἐὰν
473 4934 540 5002 τῇ
579 4929 873 5000 Ἐκκλησίιτ⁴
901 4927 1253 4997 προσέλθωσι,
1280 4927 1376 4980 καὶ
1411 4927 1789 4997 ὁμολογήσωσι
1829 4928 1926 4984 καὶ

346 5022 620 5091 διγάμους
633 5020 1058 5089 παραδέχεσθαι,
1090 5020 1317 5082 καὶτοῖς
1343 5018 1707 5089 ἁμαρτήμασι
1758 5035 1926 5088 μετα-

344 5114 579 5181 νοήσασι
618 5111 948 5178 συγχωρεῖν,
980 5107 1076 5161 καὶ
1104 5107 1291 5172 ἁπλῶς
1322 5109 1454 5162 πᾶσι
1491 5110 1604 5171 τοῖς
1626 5106 1922 5179 ἐκκλησια-

344 5200 556 5262 στικοῖς
593 5197 982 5251 ἐπακολουθεῖν
1016 5196 1276 5267 δόγμασι,
1312 5199 1409 5268 τὴν
1460 5197 1598 5250 ίδίαν
1643 5196 1924 5266 ἀναθεμα-

339 5292 595 5357 τίζοντες
653 5291 867 5361 αἵρεσιν
896 5292 993 5345 καὶ
1041 5292 1136 5356 τὰς
1165 5292 1350 5356 ἄλλας,
1404 5290 1919 5361 προσδεχθήσονται,

340 5384 439 5435 καὶ
475 5380 629 5451 μόνῳ
656 5381 733 5449 τῷ
762 5382 905 5452 ἁγίῳ
939 5382 1098 5452 μύρῳ
1137 5381 1547 5452 χρισθήσονται.
1581 5380 1691 5434 Καὶ
1723 5382 1771 5433 εί
1820 5380 1925 5450 μέν

340 5490 490 5536 τινες
528 5472 711 5525 αὐτῶν
739 5476 878 5526 είσιν
913 5474 945 5542 ἢ
1003 5473 1351 5544 ἐπίσκοποιῆ
1409 5472 1832 5544 χωρεπίσκοποι.
1861 5471 1921 5524 ὲν

339 5566 409 5633 τῇ
442 5558 586 5633 αὐτῇ
622 5562 784 5617 πάλιν
809 5562 936 5634 ἀξίᾳ
970 5564 1244 5634 μενοῦσιν,
1278 5565 1325 5617 εί
1356 5564 1429 5633 μή
1459 5580 1564 5616 που
1596 5565 1654 5617 ἐν
1682 5564 1749 5633 τῇ
1779 5563 1916 5634 αὐτῇ

341 5656 501 5714 πόλει
563 5655 757 5723 Ξτερος
809 5656 1103 5720 ἐπίσκοπος
1162 5653 1264 5724 τῆς
1328 5652 1623 5723 καθολικῆς
1686 5651 1915 5722 Ἐκκλη-

709 5748 979 5811 Ριτιιοι..
1019 5752 1133 5809 Gn.
1180 5744 1520 5809 CXXXVII.
1772 5744 1777 5749 ’

2031 4475 2248 4535 zantur,
2293 4465 2381 4520 alii
2422 4475 2601 4521 autem
2655 4474 2931 4534 unguento
2982 4464 3284 4529 illinuntur,
3331 4463 3422 4519 alii
3483 4479 3610 4519 vero

2033 4557 2208 4613 solum
2246 4572 2399 4612 suam
2433 4566 2489 4613 et
2515 4556 2675 4611 aliam
2696 4571 2910 4612 omnem
2953 4556 3207 4612 haeresim
3234 4565 3605 4612 exsecrantur.

2031 4646 2134 4714 Qui
2202 4648 2385 4718 itaque
2446 4662 2479 4702 a
2521 4645 2727 4702 Novato
2779 4646 2989 4717 decepti
3037 4656 3091 4703 et
3138 4645 3361 4703 Cathari
3420 4647 3489 4703 ab
3542 4662 3609 4703 eo

2030 4738 2297 4797 nominati
2333 4746 2461 4794 sunt
2492 4747 2551 4792 ut
2590 4738 3017 4808 resipiscentiam
3050 4752 3238 4794 eorum
3276 4739 3369 4807 qui
3420 4752 3613 4808 pecca.

2030 4838 2159 4886 runt
2199 4843 2306 4885 non
2354 4829 2678 4899 recipientes
2726 4837 2783 4884 et
2828 4829 3092 4885 secundas
3125 4829 3473 4899 prohibentes
3505 4845 3610 4884 nu-

2029 4921 2193 4991 ptias,
2227 4920 2271 4975 si
2298 4924 2365 4976 ad
2405 4919 2702 4975 Ecclesiam
2735 4921 3001 4986 venerint,
3039 4929 3095 4975 et
3127 4919 3362 4975 confessi
3403 4917 3604 4973 fuerint

2029 5025 2088 5066 se
2110 5019 2166 5065 et
2210 5010 2450 5079 digamos
2477 5008 2842 5074 admissuros,
2870 5019 2924 5065 et
2956 5009 3022 5063 iis
3067 5022 3205 5077 quos
3252 5016 3594 5077 peccatorum

2027 5102 2278 5173 paenituit
2308 5103 2517 5158 veniam
2552 5104 2770 5158 daturos
2790 5111 2845 5158 et
2892 5103 3070 5156 omnia
3104 5114 3325 5169 prorsus
3356 5099 3610 5155 ecclesia.

2027 5195 2161 5251 stica
2208 5196 2591 5252 observaturos
2635 5196 2909 5266 dogmata,
2943 5204 2998 5250 et
3038 5209 3192 5251 suam
3244 5201 3301 5249 et
3331 5193 3468 5249 alias
3513 5209 3609 5249 ex-

2026 5295 2306 5344 secrantes
2350 5288 2583 5345 haereses
2632 5289 3004 5354 admittentur,
3059 5297 3114 5343 et
3164 5296 3373 5344 tantum
3422 5300 3612 5347 sancto

2024 5374 2300 5447 unguento
2332 5379 2629 5435 illinentur.
2661 5380 2728 5435 Et
2760 5381 2805 5435 si
2834 5380 3053 5451 quidem
3079 5379 3247 5450 aliqui
3280 5395 3466 5438 eorum
3499 5382 3615 5439 sint.

2022 5470 2259 5542 episcopi
2288 5479 2383 5526 aut
2400 5470 2793 5544 chorepiscOpi,
2819 5473 2870 5527 in
2888 5472 3075 5527 eadem
3094 5488 3283 5529 rursus
3312 5475 3608 5533 manebunt

2023 5560 2313 5631 dignitate,
2342 5562 2445 5619 nisi
2481 5562 2620 5619 forte
2654 5562 2706 5619 in
2742 5564 2932 5619 eadem
2977 5563 3199 5621 civitate
3237 5565 3379 5621 alius
3424 5568 3616 5621 catho-

2030 5654 2148 5710 lica:
2178 5652 2433 5712 Ecclesia
2476 5655 2785 5714 inveniatur
2818 5656 3129 5729 episcopus,
3168 5666 3294 5713 ante
3327 5659 3614 5722 adventum

3256 5746 3291 5813 9
