4108 6200
416 394 515 459 271

1661 374 1939 435 'IHEOD.
1982 373 2164 431 BALS
2183 369 2378 429 AMON

3538 364 3673 426 2'32,

498 502 694 559 BALS.
758 501 829 556 62
880 513 1053 554 canon
1114 490 1443 564 apostolicus
1494 494 1687 542 tractat
1750 486 1816 539 de
1868 483 1975 537 ele-

2152 479 2357 532 ΒΔΛΣ.
2425 477 2483 531 '0
2516 477 2591 548 ξβ¹
2648 476 3008 539 ἀποστολικὸς
3057 474 3236 529 κανὼν
3299 472 3660 544 διαλαμϐάνει

414 598 543 653 ricis
568 594 658 664 qui
687 607 781 662 per
813 590 918 644 vim
952 583 1274 654 transgressi
1324 587 1483 635 sunt:
1529 589 1767 648 praesens
1796 583 1974 626 autem

415 702 611 749 canon,
647 683 717 738 de
746 682 811 734 iis
839 677 929 747 qui
961 676 1078 730 sine
1114 674 1163 729 vi
1196 672 1470 728 Christum
1507 674 1883 738 negaverunt:
1927 672 1983 716 et

418 778 553 831 dicit
584 788 678 830 eos
708 777 959 840 oportere
990 765 1191 833 recipi,
1226 763 1269 817 si
1299 774 1554 832 germane
1577 799 1593 821 .
1634 757 1690 813 id
1716 766 1799 811 est
1834 767 1977 817 vere,

421 864 789 936 prenitentiam
831 864 1031 926 agant:
1078 862 1134 907 et
1172 852 1347 907 tribus
1386 850 1601 919 quidem
1632 846 1791 901 annis
1840 852 1983 898 stare

421 968 573 1011 extra
609 950 861 1020 templum
894 964 910 1014 ;
955 956 1010 1002 et
1049 946 1142 1000 Dei
1192 943 1298 1013 ’12
1339 942 1568 1011 hymnos
1606 938 1793 992 audire
1831 952 1845 988 :
1894 948 1983 988 se—

424 1057 566 1114 ptem
614 1051 789 1094 autem
830 1037 989 1092 annis
1044 1033 1319 1090 substerni
1355 1030 1469 1085 sive
1509 1030 1649 1083 intra
1700 1024 1983 1081 ecclesiam

424 1110 599 1194 stare,
644 1126 737 1182 sed
797 1132 917 1195 post
963 1122 1266 1183 ambonem,
1298 1129 1353 1173 et
1413 1120 1535 1171 cum
1587 1110 1987 1169 catechumenis

424 1224 591 1277 exire.
642 1217 919 1285 Compieto
975 1222 1155 1268 autem
1204 1208 1521 1279 septennia,
1574 1219 1696 1260 cum
1744 1202 1988 1256 lidelibus

423 1313 636 1381 quidem
665 1323 768 1364 una
800 1306 1289 1375 coiiiprecabuntur
1305 1301 1511 1366 integre
1533 1314 1548 1351 :
1570 1304 1692 1365 post
1715 1292 1988 1348 biennium

423 1420 553 1460 vero
591 1401 735 1473 digni
764 1398 1106 1454 habebuntur
1132 1390 1507 1449 sacramentis.

499 1578 754 1637 ZONAR.
804 1578 879 1632 De
915 1576 980 1631 iis
1036 1572 1125 1644 qui
1161 1572 1231 1627 ob
1282 1566 1600 1624 violentiam
1650 1561 1874 1619 multam
1940 1568 1995 1614 et

431 1674 810 1731 necessitatem
843 1669 1001 1722 ﬁdem
1041 1672 1325 1736 negarunt,
1359 1660 1447 1714 alii
1484 1671 1721 1712 canones
1754 1660 1992 1709 exstant.

2084 570 2219 641 περὶ
2247 569 2356 621 τῶν
2394 568 2535 621 κατά
2563 567 2685 637 βίαν
2714 567 3086 637 παραϐάντων
3139 564 3423 635 κληρικῶν
3451 581 3465 595 ·
3499 567 3529 618 ό
3603 567 3663 619 δὲ

2082 662 2281 734 παρὼν
2312 662 2446 734 περὶ
2472 660 2583 716 τῶν
2613 661 2784 731 χωρὶς
2812 660 2935 730 βίας
2990 660 3388 731 ἀρνησαμένων
3404 659 3498 712 τὸν
3525 661 3665 729 Χρι-

2085 754 2210 807 στόν
2238 768 2254 784 ⁸
2286 753 2378 806 καί
2403 770 2538 822 φησι
2557 752 2808 820 δέχεσθαι
2835 751 3082 815 τούτους,
3116 753 3358 820 γνησίως
3385 753 3506 823 ἦτοι
3534 754 3669 823 ἀλη.

2086 845 2193 907 θῶς
2235 843 2675 913 μετανοοῦντας*
2707 844 2801 895 καὶ
2833 843 2961 913 τρία
3021 843 3122 912 μὲν
3188 842 3283 912 ἐτη
3346 842 3452 907 ἔξω
3510 844 3679 897 ἵστα--

2088 937 2212 989 σθαι
2239 935 2335 987 τοῦ
2365 932 2519 997 ναοῦ,
2553 935 2647 987 καὶ
2695 933 3003 1003 ἀκροᾶσθαι
3050 932 3160 986 τῶν
3208 931 3494 1002 ὑμνῳδιῶν
3568 935 3662 987 τοῦ

2087 1026 2240 1088 Θεοῦ,
2266 1025 2409 1078 ἑπτὰ
2442 1024 2498 1077 δὲ
2528 1024 2622 1094 ἔτη
2650 1025 3005 1089 ὑποπίπτειν,
3056 1024 3175 1093 ἤτοι
3226 1023 3483 1076 ἵστασθαι
3517 1025 3669 1090 ἐντὸς

2088 1119 2187 1180 τῆς
2224 1115 2546 1183 ἐκκλησίας.
2578 1115 2803 1168 ὄπισθεν
2846 1115 3031 1188 μέντοι
3093 1114 3191 1167 τοῦ
3246 1114 3528 1183 ἀμὸωνος,
3570 1117 3669 1169 καὶ

2090 1205 2407 1278 ἐξέρχεσθαι
2441 1208 2581 1275 μετά
2607 1208 2715 1259 τῶν
2770 1206 3221 1276 κατηχουμένων.
3276 1206 3669 1277 Πληρωθείσης

2089 1298 2147 1351 δὲ
2169 1299 2269 1367 τῆς
2302 1297 2601 1361 ἑπταετίας
2632 1296 2981 1361 συνεύξονται
3024 1297 3125 1366 μὲν
3150 1296 3289 1365 μετά
3320 1298 3426 1349 τῶν
3457 1300 3669 1351 πιστῶν

2092 1387 2523 1456 καθολόκληρον,
2577 1385 2686 1439 τῶν
2730 1384 2789 1437 δὲ
2834 1383 3195 1453 ἀγιασμάτων
3250 1383 3392 1453 μετὰ
3466 1383 3668 1436 διετίαν

2092 1477 2516 1546 ἀξιωθήσονται.

2167 1566 2415 1620 ΖΩΝΑΡ.
2442 1567 2661 1636 Ἕτεροι
2700 1566 2800 1634 μὲν
2842 1564 3066 1629 κανόνες
3096 1564 3224 1635 περὶ
3294 1564 3404 1618 τῶν
3457 1562 3523 1617 ἐκ
3551 1563 3670 1634 βίας

2097 1658 2302 1728 πολλῆς
2332 1657 2428 1711 καὶ
2456 1658 2700 1725 ἀνάγκης
2732 1655 3137 1726 ἀρνησαμένων
3198 1654 3297 1727 τὴν
3328 1656 3513 1709 πίστιν
3555 1657 3673 1710 δια·

430 1767 527 1819 llic
580 1776 758 1817 autem
805 1774 898 1814 eos
941 1757 1136 1827 tangit,
1190 1754 1279 1823 qui
1322 1768 1417 1808 sua
1456 1750 1734 1804 voluntate
1790 1762 1819 1800 a
1869 1742 1994 1798 ﬁdei

2113 1751 2417 1820 γορεύουσιν
2443 1765 2455 1778 ·
2491 1750 2519 1802 ὁ
2547 1749 2604 1803 δὲ
2630 1748 2822 1818 παρὼν
2857 1750 2988 1819 περὶ
3016 1748 3127 1801 τῶν
3186 1750 3358 1819 χωρὶς
3426 1750 3673 1818 ἀνάγκης

430 1855 707 1927 proposito
753 1851 1116 1904 desciverunt.
1171 1846 1248 1898 Ac
1280 1842 1587 1911 huiusmodi
1623 1839 1841 1908 quidem
1893 1837 1996 1890 ho-

2113 1817 2465 1911 napa6ciwwv
2494 1839 2879 1908 διαλαμϐάνει,
2912 1817 3007 1902 οὓς
3069 1817 3488 1903 καὶννάναξίους
3539 1817 3676 1894 εἶναι

433 1950 627 2009 mines,
658 1945 799 2007 licet,
843 1941 1041 2009 inquit,
1074 1937 1324 2003 indignos
1359 1934 1536 1998 venia,
1574 1930 1621 1985 si
1666 1940 1846 1983 tamen
1880 1939 2001 1996 ger-

435 2051 589 2091 mana
629 2035 973 2103 pmnitentiu,
1009 2030 1110 2083 hoc
1136 2037 1253 2089 est,
1302 2038 1466 2089 vera,
1520 2036 1627 2076 non
1675 2020 1797 2073 ﬁcta
1828 2027 1882 2072 et
1924 2016 1997 2070 si-

437 2128 632 2183 mulata
672 2126 790 2178 duci
824 2130 1057 2184 constet,
1097 2118 1454 2183 ardoremque
1482 2113 1645 2168 animi
1681 2126 1787 2165 non
1816 2108 1999 2178 vulga-

436 2234 548 2271 rem
578 2230 688 2287 prae
731 2229 789 2268 se
833 2213 1027 2274 ferant,
1064 2224 1132 2264 ex
1170 2206 1502 2275 indulgentia
1549 2202 1806 2257 videlicet
1863 2216 1999 2268 qua-

436 2311 579 2371 dam,
615 2306 843 2361 ﬁdelium
877 2317 1101 2358 numero
1144 2298 1420 2370 aggregari
1450 2296 1647 2366 placet.
1687 2293 1752 2347 Et
1784 2294 2001 2347 mandat

436 2410 496 2453 ut
547 2397 831 2452 triennium
887 2392 1103 2464 quidem
1142 2393 1281 2445 inter
1324 2388 1608 2442 audientes
1642 2394 1835 2453 agant,
1876 2398 1999 2437 cum

437 2490 636 2559 quibus
676 2485 883 2542 scilicet
922 2492 1074 2537 extra
1113 2480 1367 2549 templum
1421 2478 1633 2549 religati
1691 2478 1743 2530 in
1794 2475 2000 2543 porticu

441 2581 759 2643 consistant,
804 2576 1107 2645 divinisque
1137 2571 1434 2641 Scripturis
1464 2568 1745 2623 audiendis
1775 2574 2001 2631 vacent,

442 2684 645 2740 septem
671 2671 827 2724 annis
866 2669 919 2722 in
957 2666 1324 2722 substratione
1362 2662 1490 2725 sint,
1525 2661 1625 2716 hoc
1664 2668 1769 2723 est,
1817 2660 1869 2713 in
1912 2671 2007 2713 ec-

443 2766 661 2819 clesiam
684 2761 902 2832 quidem
936 2758 1327 2829 ingrediantur,
1362 2769 1549 2810 verum
1579 2752 2005 2822 postambonem

445 2864 614 2920 stent,
653 2863 707 2908 et
752 2868 873 2909 cum
918 2849 1326 2907 catechumenis
1377 2857 1607 2912 exeant;
1661 2844 1881 2900 biennio
1924 2844 2012 2897 de-

449 2964 594 3002 mum
635 2962 755 3001 cum
822 2945 1067 3001 fidelibus
1120 2944 1406 2998 stationem
1459 2940 1727 3000 habeant,
1776 2947 2010 3003 cumque
2046 2931 2113 2986 iis
2160 2930 2461 3002 precationi

2100 1929 2515 2000 φιλανθρωπίας
2557 1927 2906 1997 φησίν.Ἀλλ⁹
2942 1928 3090 1997 ὅμως
3125 1927 3372 1990 καὶτοὺς
3400 1928 3676 1989 τοιούτους

2100 2022 2191 2076 διά
2220 2020 2563 2092 χρηστότητα
2588 2019 2821 2089 δέχεται,
2853 2021 2901 2071 εί
2931 2019 3168 2089 γνησίως
3260 2019 3677 2088 μεταμέλονται,

2100 2109 2383 2162 τουτέστιν
2422 2107 2658 2178 ἀληθῶς,
2690 2105 2805 2161 ἀλλ’
2830 2105 2893 2158 ού
2920 2106 3093 2169 νόθως
3149 2108 3245 2159 καὶ
3304 2107 3678 2177 ἔψευσμένως,

2106 2201 2247 2269 μετά
2269 2194 2603 2270 θερμότητος
2636 2200 2693 2252 δὲ
2738 2198 2833 2251 καὶ
2922 2198 3234 2268 προθυμίας
3283 2199 3511 2267 πολλῆς.
3570 2198 3682 2251 Καὶ

2098 2293 2228 2362 τρία
2263 2291 2361 2360 μὲν
2398 2290 2492 2359 ἐτη
2547 2289 2850 2359 ἀκροᾶσθαι
2902 2289 3297 2356 διακελεύεται,
3368 2289 3538 2359 ἤγουν
3576 2288 3683 2353 ἔξω

2101 2384 2204 2453 τῆς
2236 2382 2537 2452 ἐκκλησίας
2594 2380 2849 2434 ἵστασθαι
2919 2381 2979 2433 ὲν
3022 2380 3101 2449 τῷ
3152 2379 3387 2450 νάρθηκι
3430 2381 3524 2432 καὶ
3576 2379 3685 2431 τῶν

2108 2476 2272 2529 θείων
2303 2473 2525 2527 ἀκούειν
2558 2472 2815 2543 Γραφῶν,
2843 2474 2985 2526 ἐπτά
3041 2473 3099 2525 δὲ
3150 2472 3247 2541 ἐτη
3330 2471 3683 2535 ὑποπίπτειν,

2108 2565 2229 2635 ἦτοι
2272 2563 2424 2626 ἐντὸς
2460 2562 2558 2633 μὲν
2586 2564 2682 2630 τῆς
2713 2561 3010 2632 ἐκκλησίας
3043 2560 3407 2632 είσέρχεσθαι,
3432 2561 3490 2611 ὲν
3517 2560 3576 2613 δὲ
3608 2559 3688 2627 τῷ

2110 2654 2335 2709 δπισθεν
2363 2655 2641 2725 μέρειτοῦέ
2659 2657 2912 2726 ἀμϐωνος
2944 2655 3194 2708 ἵστασθαι
3220 2655 3310 2707 καὶ
3327 2654 3526 2719 ἐξιέναι
3554 2651 3692 2721 μετά

2112 2748 2226 2803 τῶν
2260 2751 2489 2812 πιστῶν,
2513 2749 2588 2819 μὴ
2618 2749 2803 2819 μέντοι
2834 2751 2928 2800 καὶ
2954 2749 3051 2817 τῆς
3074 2748 3184 2801 τῶν
3216 2747 3565 2818 ἀγιασμάτων
3594 2761 3692 2815 με-

2118 2840 2409 2911 ταλήψεως
2440 2839 2751 2907 ἀξιοῦσθαι,
2780 2839 2887 2903 ἓως
2913 2840 2979 2894 ἂν
3008 2842 3042 2908 ὴ
3065 2838 3237 2893 διετία
3256 2838 3524 2912 παρέλθῃ.

2537 2938 2763 2995 vacent,
2822 2942 2927 2983 non
2985 2938 3166 2982 tamen
3234 2926 3303 2981 ad
3382 2936 3693 2983 sanctorum

447 3040 864 3109 perceptionem,
902 3036 1002 3092 nisi
1030 3036 1216 3106 elapso
1258 3031 1504 3089 decennii
1538 3039 1799 3097 tempore,
1840 3025 2218 3080 admittantur.

446 3107 671 3191 Ᾱιιιδτ.
753 3130 1015 3202 Quotquot
1092 3129 1227 3182 citra
1279 3124 1641 3179 necessitatem
1709 3130 2008 3186 transgress:

2127 3116 2351 3171 ΑΡΙΣΤ.
2390 3114 2563 3168 Ὅσοι
2589 3112 2765 3181 χωρίς
2797 3112 3063 3180 ἀνάγκης
3106 3110 3480 3179 παρέϐησαν,
3514 3114 3567 3165 εί
3599 3107 3695 3166 καί

518 3240 658 3291 sunt,
702 3226 907 3281 etiamsi
944 3223 1094 3278 venia
1136 3224 1236 3275 sint
1271 3219 1508 3288 indigni,
1581 3215 1799 3285 aliquaii
1849 3224 2020 3267 tamen

520 3324 670 3378 rcuia
693 3319 895 3389 dignati
918 3313 1192 3369 duodecim
1218 3326 1384 3365 annos
1408 3315 1833 3380 prosternamur.

523 3416 845 3483 Quicunque
869 3409 1027 3463 tidem
1058 3407 1194 3461 citra
1236 3402 1615 3459 necessitatem
1652 3400 2017 3465 abnegarunt,

460 3520 770 3578 quanquam
815 3501 1153 3556 humanitate
1223 3497 1329 3551 sint
1386 3492 1626 3562 indigni,
1673 3489 2027 3545 nihilominus

455 3598 633 3663 aliqua
670 3590 998 3660 indulgentia
1038 3594 1328 3643 censentur
1372 3584 1515 3653 digni
1542 3622 1556 3647 ,
1605 3592 1664 3635 ut
1704 3582 1795 3652 qui
1847 3596 1913 3635 ex
1960 3579 2027 3633 iis

458 3685 693 3751 legitime
740 3681 1109 3750 paenitentiam
1169 3676 1402 3746 egerint,
1445 3683 1555 3727 tres
1602 3672 1818 3741 quidem
1855 3684 2027 3725 annos

462 3784 602 3835 inter
653 3776 933 3831 audientes
980 3771 1093 3826 sive
1134 3770 1187 3823 in
1233 3769 1440 3823 foribus
1477 3775 1620 3820 stent
1658 3764 1923 3827 basilicis,
1974 3772 2029 3817 et

462 3872 671 3924 divinas
702 3867 1010 3935 Scripturas
1043 3862 1279 3916 audiant.
1312 3859 1416 3913 Sed
1436 3868 1553 3927 post
1580 3857 1708 3911 illud
1734 3855 2027 3910 triennium

465 3965 604 4017 intra
658 3958 899 4015 ecclesia:
964 3953 1222 4008 ambitum
1283 3950 1737 4013 introducantur,
1798 3957 1852 4001 et
1906 3962 2026 4001 cum

464 4049 940 4109 succumbentibus
985 4047 1038 4101 in
1087 4043 1291 4115 postica
1331 4042 1577 4097 ambouis
1623 4049 1773 4111 parte
1824 4049 2028 4110 septem

466 4160 636 4199 annos
664 4148 1036 4213 permaneant,
1075 4150 1180 4193 una
1221 4150 1344 4190 cum
1381 4134 1895 4189 catechumenorum
1938 4144 2032 4184 ex-

467 4237 785 4292 clamatione
804 4240 1083 4289 exeuntes.
1112 4229 1180 4284 Et
1208 4238 1329 4298 post
1360 4225 1695 4297 septennium
1737 4224 2028 4292 expletum,

469 4345 565 4398 pi'l‘
600 4329 737 4382 alios
773 4328 906 4381 duos
938 4339 1108 4380 annos
1140 4338 1245 4379 una
1273 4337 1396 4377 cum
1429 4319 1676 4374 ﬁdelibus
1711 4315 2029 4378 consistant,

471 4419 754 4487 participes
783 4432 905 4471 eum
949 4418 1030 4471 eis
1066 4415 1431 4486 precationum
1461 4425 1631 4478 usque
1661 4407 1729 4461 ad
1758 4416 2031 4476 mystago-

2194 3203 2555 3273 συγγνώμης
2601 3199 2763 3272 ἦσαν
2822 3199 3082 3264 ἀνάξιοι,
3121 3200 3487 3269 συγγνώμης
3533 3204 3695 3267 τινὸς

2194 3298 2559 3365 ἀξιούμενοι,
2590 3294 2816 3347 δώδεκα
2870 3292 2975 3358 ἐτη
3001 3291 3517 3346 ὑποπιπτέτωσαν
3546 3293 3691 3362 (58).

2196 3388 2353 3442 Ὅσοι
2376 3389 2475 3457 τὴν
2535 3386 2719 3440 πίστιν
2777 3385 3169 3455 ἀπηρνήσαντο
3228 3385 3398 3455 χωρὶς
3452 3385 3696 3455 ἀνάγκης

2126 3481 2233 3535 κᾶν
2267 3480 2476 3545 ἀνάξιοι
2548 3477 2963 3548 φιλανθρωπίας
2995 3472 3157 3544 ἦσαν,
3190 3476 3340 3544 ὅμως
3368 3475 3696 3545 συγγνώμης

2126 3569 2270 3632 τινὸς
2303 3568 2579 3635 ἀξιοῦνται
2616 3582 2630 3597 ’
2657 3566 2798 3620 ὥστε
2846 3568 2973 3628 τοὺς
3001 3565 3237 3635 γνησίως
3295 3567 3355 3632 ἐξ
3382 3567 3557 3619 αὐτῶν
3601 3584 3697 3635 με-

2128 3662 2565 3734 ταμελουμένους
2583 3660 2705 3731 τρία
2728 3660 2824 3731 μὲν
2845 3658 2937 3728 ἔτη
2958 3662 3014 3711 ὲν
3033 3660 3142 3722 τοῖς
3166 3660 3556 3728 ἀκροωμένοις,
3581 3660 3699 3729 ἦτοι

2130 3758 2186 3809 ὲν
2215 3759 2326 3818 τοῖς
2345 3755 2638 3824 βασιλικοῖς
2664 3754 2883 3806 ἑστάναι
2911 3752 3141 3819 πυλῶσι,
3173 3755 3269 3805 καὶ
3304 3753 3411 3805 τῶν
3452 3752 3609 3804 θείων
3643 3752 3701 3804 δὲ

2130 3847 2430 3918 ἀκροᾶσθαι
2450 3846 2699 3917 Γραφῶν.
2722 3845 2877 3897 Μετά
2898 3844 2993 3897 καὶ
3018 3844 3110 3897 τὸν
3133 3844 3316 3914 τριετῆ
3335 3844 3520 3913 χρόνον
3550 3842 3701 3895 ἔνδον

2130 3939 2226 3992 τοῦ
2272 3936 2568 4008 περιϐόλου
2601 3936 2703 4005 τῆς
2733 3934 3035 4003 ἐκκλησίας
3056 3933 3403 4004 είσαχθῆναι,
3433 3933 3527 3986 καὶ
3558 3932 3703 4002 μετά

2130 4028 2239 4081 τῶν
2264 4026 2679 4081 ὑποπιπτόντων
2698 4028 2754 4079 ὲν
2784 4024 2861 4095 τῷ
2884 4024 3117 4094 όπισθίῳ
3150 4026 3307 4095 μέρει
3328 4024 3421 4077 τοῦ
3450 4024 3704 4091 ἄμϐωνος

2132 4118 2275 4172 ὲπτά
2304 4118 2402 4187 ἔτη
2421 4114 2754 4182 διατελέσαι,
2781 4117 2850 4186 τῇ
2882 4115 2991 4170 τῶν
3040 4114 3472 4185 κατηχουμένων
3523 4114 3703 4182 ἐκφω-

2132 4212 2287 4281 νήσει
2319 4207 2818 4278 συνεξερχομένους
2849 4222 2863 4238 ο
2890 4205 2986 4260 καὶ
3005 4206 3146 4275 μετὰ
3229 4205 3556 4275 παρέλευσιν
3606 4204 3699 4256 τοῦ

2138 4300 2437 4363 ἑπταετοῦς
2467 4299 2661 4371 χρόνου
2691 4284 2785 4350 ἐπὶ
2801 4298 2955 4352 δυσὶν
2978 4297 3159 4360 ἀλλοις
3194 4296 3345 4350 ἔτεσι
3390 4296 3527 4365 μετά
3590 4294 3698 4347 τῶν

2137 4395 2341 4450 πιστῶν
2361 4392 2461 4463 τὴν
2506 4393 2765 4444 σύστασιν
2795 4389 3074 4456 δέξασθαι,
3097 4387 3491 4451 κοινωνοῦντας
3521 4387 3701 4449 αὐτοῖς

470 4509 612 4578 giam
662 4508 1016 4572 completam,
1059 4505 1253 4560 divina:
1297 4512 1475 4557 autem
1507 4497 1901 4556 communionis
1941 4512 2004 4550 ne

2113 4485 2252 4539 τῶν
2328 4481 2651 4552 προσευχῶν
2724 4481 2887 4551 μέχρι
2947 4479 3402 4551 συμπληρώσεως
3462 4478 3561 4546 τῆς
3610 4493 3708 4547 μυ-

476 4566 593 4655 istis
633 4566 836 4655 duobus
871 4566 1027 4654 anuis
1070 4596 1363 4669 participes
1395 4596 1554 4649 ﬁant.
1596 4592 1701 4647 Sed
1735 4590 1801 4646 iis
1840 4591 2008 4645 exacti

2139 4571 2452 4641 σταγωγίας
2483 4571 2585 4639 τῆς
2613 4571 2762 4634 θείας
2793 4570 3043 4640 μέντοιγε
3075 4569 3431 4640 μεταλήψεως
3460 4568 3581 4620 οὐδὲ
3614 4566 3707 4618 ἐπὶ

476 4700 531 4749 et
554 4691 934 4760 mysteriorum
963 4690 1374 4761 participatione
1401 4686 1545 4759 digni
1575 4684 1939 4741 habebuntur.

1070 4941 1291 4999 CANON
1347 4943 1461 4997 ΧΗ.

483 5042 585 5106 Qui
614 5051 786 5095 autem
810 5057 841 5093 a
875 5040 1047 5109 gratia
1072 5039 1277 5107 quidem
1305 5038 1522 5101 evocati,
1558 5046 1605 5089 et
1634 5036 1859 5103 primum
1891 5052 2042 5090 suum

551 5132 791 5185 ardorem
848 5128 1214 5191 ostenderunt,
1279 5136 1324 5178 et
1380 5124 1590 5192 cingula
1663 5124 2039 5192 deposuerunt,

551 5231 729 5289 postea
774 5233 949 5276 autem
990 5231 1047 5272 ut
1089 5234 1242 5273 canes
1274 5217 1341 5270 ad
1381 5232 1530 5270 suum
1565 5217 1811 5269 vomitum
1854 5217 2039 5270 reversi

2139 4666 2251 4726 τοῖς
2269 4662 2395 4717 δυσὶ
2441 4663 2656 4724 τούτοις
2716 4662 3060 4731 μετασχῶσιν
3110 4661 3308 4716 ἔτεσιν.
3358 4660 3526 4713 Ἀλλά
3574 4657 3713 4728 μετὰ

2138 4755 2299 4809 τοῦτο
2329 4753 2551 4821 καὶτῆς
2622 4751 2861 4823 μετοχῆς
2913 4751 3023 4805 τῶν
3057 4752 3419 4823 ἀγιασμάτων
3472 4747 3713 4818 ἀξιωθή-

2142 4862 2347 4900 σονται.

2784 4931 3022 4985 ΚΑΝΩΝ
3054 4930 3152 4985 IB'.

2153 5032 2216 5082 Oi
2252 5028 2320 5080 δὲ
2348 5023 2836 5095 προσκληθέντες
2870 5023 2989 5091 μὲν
3009 5024 3130 5077 ἀπὸ
3156 5023 3268 5089 τῆς
3326 5022 3589 5092 χάριτος,
3618 5018 3718 5072 καί

2218 5122 2332 5187 τὴν
2359 5120 2597 5188 πρώτην
2634 5116 2828 5184 ὁρμὴν
2858 5113 3290 5181 ἐνδειξάμενοι,
3341 5112 3443 5165 καὶ
3493 5109 3714 5165 ἀποθέο

2214 5229 2384 5283 μενοι
2416 5212 2519 5278 τὰς
2552 5209 2732 5276 ζώνας
2765 5208 2897 5278 (59),
2942 5209 3090 5276 μετὰ
3127 5208 3194 5260 δὲ
3249 5207 3433 5261 ταῦτα
3486 5205 3584 5259 ἐπὶ
3610 5207 3716 5258 τὸν

1708 5328 1894 5389 Guill.
1930 5329 2248 5406 Beveregii
2287 5334 2477 5388 notae.

558 5432 668 5502 (58)
712 5430 1260 5502 'I‘Jtomntéwo'ar.
1288 5429 1399 5502 Vo;
1433 5428 1535 5502 ista
1587 5429 1674 5482 hic
1698 5427 1809 5502 late
1857 5427 2024 5482 sumi-

484 5499 575 5558 tur
604 5499 698 5570 pro
721 5503 863 5554 omni
912 5515 1069 5568 ptPna
1098 5500 1483 5568 pmnitentibus
1523 5499 1789 5566 imposita,
1823 5513 2014 5570 usque-

484 5568 615 5625 duui
639 5572 702 5623 ad
744 5571 1173 5623 communionem
1208 5570 1536 5637 recipiantur
1572 5586 1584 5620 :
1623 5572 1755 5620 adeo
1808 5578 1861 5637 ut
1896 5568 2029 5618 ὐπο-

484 5642 835 5693 πιπτέτωσαν
865 5638 951 5691 hic
988 5640 1124 5692 idem
1157 5636 1444 5707 signiﬁcat,
1483 5637 1622 5704 quod
1659 5636 2027 5706 ἀφοριζέσθω-

487 5729 605 5764 σαν.
639 5712 758 5774 Quo
790 5709 1003 5777 quidem
1044 5706 1424 5777 sensugnuctor
1455 5706 1724 5777 Epitomes
1758 5722 2027 5777 canonum

487 5800 548 5835 ea
580 5795 706 5835 voce
733 5775 931 5846 saepius
973 5776 1159 5833 utitur.
1203 5775 1351 5831 Unde
1388 5776 1478 5830 ubi
1526 5776 1715 5831 Patres
1754 5775 1954 5830 Nic-aeni
1984 5775 2037 5830 in

2130 5428 2375 5509 proximo
2430 5440 2635 5509 canone
2660 5424 2867 5487 dicttnt,
2894 5424 3028 5504 δέκα
3059 5423 3152 5503 ἐτη
3178 5495 3188 5504 _
3212 5423 3718 5509 ὑποπιπτέτιωσαν,

2133 5491 2184 5551 in
2212 5501 2443 5564 epitome
2482 5497 2725 5564 ejusdem
2760 5496 2988 5548 canonis
3048 5491 3152 5548 vis
3177 5491 3403 5549 isterutn
3432 5495 3722 5547 verborum

2134 5568 2576 5635 exprimiturgper
2603 5564 3083 5635 ἀφοριξέσθωσαν,

2209 5631 2329 5703 (59)
2364 5633 2475 5687 Καὶ
2496 5631 2853 5702 ἀποθέμενοι
2897 5635 3002 5703 τὰς
3038 5631 3251 5697 ζώνας.
3285 5632 3381 5686 Hic
3416 5632 3724 5703 ἀποθέσθαι

2147 5700 2247 5767 τὰς
2278 5704 2474 5767 ζώνας,
2515 5704 2651 5756 idem
2687 5700 2807 5766 'est,
2843 5700 2983 5771 quod
3008 5702 3215 5756 militia:
3242 5701 3569 5769 renuntiare;
3611 5704 3723 5756 haec

2148 5784 2326 5830 autem
2356 5774 2604 5842 loquendi
2638 5770 2875 5827 formula
2907 5773 3103 5827 exinde
3135 5782 3255 5826 orta
3282 5782 3390 5835 est,
3419 5776 3565 5840 quod
3593 5786 3719 5825 cum
