4108 6200
430 342 539 405 2‘5

1707 337 1988 399 THEOD.
2032 334 2436 397 BALSAMON

3582 324 3689 388 c276

430 454 593 509 etiam
632 450 839 508 caelesti
878 462 1099 506 munere
1122 455 1341 504 vocatos
1364 487 1380 513 ,
1418 454 1578 517 atque
1617 447 1925 502 utsolidam
1952 446 2002 499 in

2117 446 2238 515 ρίαν
2257 443 2671 514 ἐνδειξαμένων,
2706 440 2800 505 οὓς
2826 441 2920 495 καὶ
2952 439 3057 510 ὑπὸ
3090 439 3189 508 τῆς
3248 437 3403 499 θείας
3441 437 3681 508 χάριτος

429 560 572 600 verae
602 542 725 598 fidei
752 540 1089 613 professione
1116 540 1477 597 constantiam
1515 538 1830 605 retinerent,
1871 537 2009 592 divi-

432 636 577 690 nitus
613 633 963 688 confirmatos
1010 631 1243 695 asserit,
1293 630 1487 686 deinde
1541 639 1745 685 mutato
1780 630 2008 685 consilio

430 728 663 796 priorem
716 724 967 780 militiam
1024 723 1427 794 repetiverunt,
1485 722 1553 777 ad
1609 737 1837 792 eamque
1904 722 2004 777 sibi

430 819 660 885 aditum,
695 817 779 873 vel
811 826 1053 888 argento,
1096 815 1180 871 vel
1222 815 1505 871 beneﬁciis
1550 816 1743 869 iterum
1779 827 2006 883 aperue-

430 919 579 967 runt.
617 911 690 964 Ac
734 909 941 981 argenti
974 909 1189 979 quidem
1230 907 1449 962 nomine
1478 907 1704 976 pecunia
1756 905 2008 975 intelligi-

432 1013 539 1068 tur,
606 1002 855 1057 beneficii
918 1017 1079 1067 rcro,
1133 999 1389 1069 quidquid
1445 999 1503 1053 in
1549 997 1776 1051 alterum
1822 999 2008 1065 gratiae

430 1094 887 1165 benignitatisque
960 1094 1279 1149 collocatur.
1357 1092 1685 1147 Beneficium
1772 1104 2008 1159 namque

430 1186 618 1239 Latina
651 1201 753 1239 vox
780 1196 885 1251 est,
910 1185 1249 1256 εὐεργεσίαν.
1276 1184 1320 1239 si
1355 1183 1543 1238 Grrece
1565 1183 2004 1252 interpretemur,

430 1276 700 1331 indicans.
747 1276 844 1331 Ille
885 1291 1015 1331 vero
1064 1276 1383 1329 beneﬁcium
1439 1274 1736 1329 contulisse
1785 1273 2005 1338 dicitur,

429 1370 519 1439 qui
561 1369 645 1422 vel
676 1371 960 1439 pecuniam
1004 1368 1227 1437 largitus
1262 1350 1489 1431 sit,'vel
1525 1367 2005 1435 quomodocunque

428 1462 651 1517 alterius
689 1462 950 1516 voluntati
993 1461 1397 1515 obsecundarit.
1444 1458 1577 1513 lllud
1618 1466 1796 1510 autem
1850 1456 2005 1523 plane

429 1564 636 1611 certum
665 1562 771 1619 est,
802 1552 1003 1607 nemini
1037 1552 1265 1606 reditum
1301 1553 1366 1604 ad
1397 1550 1701 1605 istiusmodi
1732 1550 2001 1613 militiam,

430 1644 533 1698 nisi
581 1643 836 1697 abdicata
889 1641 1149 1712 religione
1205 1641 1465 1710 patuisse.
1522 1640 1795 1709 Ejusmodi
1841 1640 2005 1708 igitur

430 1735 758 1802 hominibus,
791 1744 908 1805 post
932 1734 1224 1790 triennium
1262 1734 1405 1788 inter
1430 1734 1708 1788 audientes
1732 1741 2002 1795 exactum,

2110 533 2379 606 κληθῆναί
2430 550 2617 604 φησιν,
2649 530 2724 594 ὡς
2744 530 2813 583 δι’
2840 530 3056 599 ἐκείνης
3084 527 3530 598 ὲπιρῤωσθέντας
3549 528 3689 598 πρὸς

2113 625 2212 695 τὴν
2243 626 2495 678 ἔνστασιν
2528 626 2625 693 τῆς
2661 620 2955 693 ὁμολογίας
2994 619 3097 686 τῆς
3164 618 3421 682 πίστεως,
3460 613 3581 672 εῐτα
3626 620 3686 671 ἐν

2112 717 2446 787 μεταμελείᾳ
2473 716 2787 786 γενομένων
2821 712 2916 767 καὶ
2944 707 3106 774 αὖθις
3131 712 3212 773 είς
3256 711 3358 779 τὴν
3406 712 3686 782 προτέραν

2109 810 2517 863 ἐπανελθόντων
2600 807 2913 879 στρατείαν,
2970 802 3067 855 καλ⁵
3110 801 3318 872 ταύτην
3393 804 3685 872 ἀργυρίοις

2107 901 2644 973 ἀνακτησαμέ”νωνῆ
2695 898 3054 970 βενεςρικίοις.
3100 897 3199 951 Διά
3271 895 3371 960 μὲν
3426 895 3536 965 γάρ
3576 894 3688 947 τῶν

2110 998 2392 1069 ἀργυρίων
2416 998 2674 1066 δηλοῦται
2699 999 2766 1051 τὰ
2787 1000 3078 1069 χρήματα,
3104 995 3195 1050 διὰ
3229 994 3285 1047 δὲ
3347 992 3461 1045 τῶν
3534 990 3688 1060 βενε-

2109 1091 2308 1159 φικίων
2336 1091 2481 1144 ἆπαν
2518 1084 2660 1152 εἶδος
2694 1090 2917 1160 χάριτός
2948 1107 3008 1142 τε
3060 1089 3155 1141 καὶ
3202 1085 3527 1151 δεξιώσεως.
3574 1084 3688 1149 Τῆς

2109 1190 2219 1258 γὰρ
2244 1185 2491 1241 Λατίνων
2534 1183 2817 1235 διαλέκτου
2872 1177 3011 1235 οὖσα
3056 1183 3089 1251 ἠ
3133 1180 3304 1245 λέξις,
3362 1177 3687 1246 εὐεργεσίαν

2108 1275 2414 1348 δηλοῖίπρδς
2456 1273 2739 1341 Ἑλληνίδα
2801 1270 3325 1343 μεθερμηνευομένη
3378 1268 3680 1322 διάλεκτον.

2110 1368 2408 1437 Εὑεργετεῖ
2446 1365 2502 1419 δέ
2544 1364 2694 1433 τιςῆ
2755 1364 3015 1433 χρήματα
3080 1362 3357 1430 παρέχων,
3426 1359 3458 1429 ἦ
3508 1358 3686 1421 ἄλλως

2109 1458 2321 1527 θέλημα
2348 1456 2663 1526 οίονδήποτε
2694 1454 2917 1525 πληρῶν
2949 1472 3115 1517 τινος.
3178 1453 3349 1523 Δῆλον
3374 1452 3432 1504 δὲ
3467 1452 3686 1513 πάντως

2107 1553 2188 1604 ὅτι
2218 1550 2397 1612 οὐδεὶς
2420 1548 2667 1610 τοιοῦτος
2714 1547 3270 1616 ἀναστρατεύσασθαι
3301 1545 3539 1617 ἠδυνήθη
3593 1545 3684 1608 ἂν,

2108 1641 2157 1692 εἰ
2183 1639 2258 1708 μὴ
2299 1641 2363 1709 τῇ
2390 1638 2568 1711 πλάνῃ
2597 1637 2873 1691 συνέθετο.
2905 1636 3045 1699 Τοὺς
3077 1637 3207 1705 γοῦν
3237 1638 3514 1698 τοιούτους
3547 1635 3687 1704 μετά

2108 1731 2209 1799 τὴν
2258 1728 2447 1801 τριετῆ
2498 1729 2762 1798 ἀκρόασιν
2812 1726 2907 1780 ἐπὶ
2968 1728 3251 1781 δεκαετίαν
3303 1728 3631 1781 ὑποπίπτειν
3660 1729 3688 1779 ό

430 1829 673 1884 decennii
704 1828 1021 1889 substratio,
1063 1836 1115 1882 et
1145 1842 1266 1880 cum
1298 1826 1705 1881 cateclmmenis
1731 1826 2002 1880 abscessio

2114 1824 2295 1878 κανὼν
2345 1821 2714 1887 διατάττεται,
2765 1823 2860 1875 καὶ
2929 1822 3133 1887 ἐξιέναι
3177 1822 3314 1891 μετὰ
3357 1821 3467 1875 τῶν
3517 1838 3690 1890 κατηη

433 1921 868 1983 tnttltzenomine,
898 1922 1117 1973 decreto
1149 1922 1377 1974 canonis
1415 1919 1702 1987 praefinita.
1734 1917 2002 1987 Episcopo

430 2023 635 2075 tamen,
674 2014 719 2066 si
751 2012 979 2080 alicujus
1008 2012 1059 2065 in
1095 2012 1304 2067 luendis
1330 2012 1507 2080 poenis
1534 2012 1785 2066 ardorem
1813 2011 2001 2074 animi,

430 2106 482 2158 in
534 2104 875 2174 propitiando
924 2102 1156 2160 Numine
1210 2105 1513 2176 lacrymas,
1574 2113 2004 2173 conceptumque

428 2196 627 2251 divina:
656 2196 953 2267 Majestatis
986 2198 1235 2252 timorem
1260 2198 1313 2251 in
1343 2196 1536 2267 primis
1557 2194 2005 2252 animadverterit

427 2300 481 2342 et
508 2288 779 2343 hominem
816 2289 886 2342 ob
918 2288 1153 2357 irrogata
1186 2289 1445 2358 supplicia
1487 2290 1756 2357 patienter
1797 2286 1999 2350 dolere,

426 2391 481 2434 et
512 2381 670 2434 bonis
695 2381 1021 2446 actionibus,
1060 2381 1163 2437 ltoc
1192 2391 1275 2437 est
1325 2382 1586 2435 virtutum
1620 2380 1999 2435 exercitationi

426 2483 647 2538 operam
689 2470 841 2533 dare,
891 2484 955 2523 ac
989 2471 1033 2524 si
1067 2485 1256 2523 manus
1289 2470 1404 2537 ejus
1437 2469 1685 2524 abundet
1716 2468 2001 2539 indigenti-

425 2560 525 2612 bus
558 2559 800 2628 elargiri,
832 2560 874 2613 si
911 2559 1162 2629 denique,
1192 2574 1300 2613 uno
1332 2560 1517 2622 verbo,
1550 2559 1713 2623 serio,
1742 2573 1846 2611 non
1876 2557 1997 2611 ficta

426 2650 607 2718 specie
643 2649 1075 2719 resipiscentiam
1114 2651 1575 2704 demonstrantem
1611 2649 1901 2714 invenerit,
1931 2649 1998 2703 de

426 2743 617 2797 iisdem
655 2744 830 2810 poenis
866 2741 1075 2811 aliquid
1121 2756 1218 2811 pro
1248 2741 1475 2796 arbitrio
1516 2741 1823 2797 remittendi
1864 2756 1997 2795 con-

426 2835 633 2889 ceditur
662 2834 911 2889 facultas.
967 2833 1022 2889 Si
1059 2849 1217 2903 quem
1250 2847 1378 2887 vero
1414 2834 1680 2901 impositis
1704 2834 1881 2902 pcenis
1910 2832 1989 2889 le-

425 2928 565 2981 viter
600 2928 743 2997 tangi
769 2928 971 2990 videat,
1006 2938 1169 2996 atque
1204 2942 1268 2982 eo
1298 2926 1443 2993 quod
1476 2925 1757 2981 ecclesiam
1788 2926 1997 2996 ingredi

426 3017 796 3081 permittitur,
845 3018 981 3072 satis
1022 3026 1104 3072 est
1144 3025 1454 3079 contentus,
1501 3025 1553 3070 et
1600 3032 1708 3071 non
1770 3017 1997 3073 moleste

426 3109 551 3171 fert,
605 3125 705 3164 nec
758 3109 945 3164 dolore
992 3121 1236 3165 movetur
1278 3111 1419 3179 quod
1468 3110 1606 3164 inter
1654 3109 1841 3165 ﬁdeles
1887 3126 1992 3163 non

425 3202 805 3265 constituatur,
836 3203 927 3256 sed
963 3202 1106 3270 quod
1144 3212 1265 3269 post
1298 3178 1578 3257 ambonent
1624 3211 1751 3266 stet,
1783 3211 1837 3257 et
1872 3217 1994 3256 cunt
2022 3178 2069 3239 C

425 3294 832 3347 catecltumenis
862 3304 1021 3348 exeat
1060 3292 1185 3364 (hoc
1225 3293 1365 3347 enim
1412 3308 1521 3361 prce
1548 3308 1606 3350 se
1632 3293 1736 3348 fert
1758 3294 1996 3362 speciem

425 3386 781 3456 ingrediendi,
819 3386 915 3440 sed
970 3385 1059 3453 qui
1099 3387 1177 3441 sic
1228 3386 1551 3455 ingreditur,
1588 3400 1717 3440 vere
1763 3399 1871 3440 non
1914 3386 2001 3439 iu-

425 3476 687 3546 greditur)
722 3477 824 3531 sibi
858 3476 1101 3531 sullicere
1129 3475 1469 3543 arbitratur;
1503 3486 1676 3531 totum
1710 3477 1776 3530 ab
1802 3490 1868 3530 eo
1898 3476 1997 3531 de-

424 3569 677 3622 cennium
726 3571 778 3624 in
811 3570 1193 3625 substratiouis
1241 3582 1401 3639 ptena
1449 3584 1623 3625 canon
1666 3570 1869 3640 expleri
1902 3570 1995 3640 ju-

424 3660 532 3717 bet.

498 3752 720 3809 ARIST.
756 3756 860 3820 Qui
887 3757 985 3807 rint
1012 3757 1153 3824 passi
1174 3765 1224 3810 et
1256 3758 1505 3812 restitisse
1532 3759 1647 3823 nisi,
1682 3760 1869 3813 deinde
1898 3760 1997 3812 im-

494 3850 677 3910 pietati
718 3860 1124 3913 consenserunt,
1175 3850 1519 3919 militiamque
1567 3860 1995 3918 resumpserunt,

495 3942 801 3994 decennium
830 3943 1370 3996 excommunicentur.
1395 3942 1849 3997 Considerandum
1880 3959 1996 3997 vero

493 4044 569 4085 est
614 4034 667 4085 in
711 4033 951 4087 omnibus
994 4034 1311 4101 pwnitentiaz
1362 4052 1545 4104 genus.
1606 4033 1675 4088 Et
1715 4036 1761 4089 si
1817 4036 1863 4090 is
1908 4037 1997 4106 qui

496 4138 698 4187 poenam
739 4124 995 4191 suscipit,
1042 4140 1096 4178 se
1145 4123 1519 4193 ferventiorem
1581 4126 1636 4179 in
1698 4126 1995 4195 pwnilendo

495 4218 732 4285 gesserit,
759 4218 1040 4272 humanius
1069 4233 1188 4271 cum
1213 4233 1273 4272 eo
1306 4229 1431 4289 agat
1457 4221 1749 4287 episwpus,
1769 4221 1995 4274 severius

495 4324 615 4362 vero
650 4309 697 4361 si
720 4308 1071 4379 frigidiorem.

505 4484 826 4555 Quicunque
863 4486 1042 4541 divina
1084 4486 1260 4541 vocati
1305 4486 1497 4555 gratia,
1552 4486 1725 4556 primo
1782 4487 1994 4557 quidem
2030 4511 2073 4566 ι)

439 4577 638 4645 impetu
693 4577 955 4643 compulsi
1002 4577 1056 4632 in
1130 4578 1412 4648 impietate
1474 4580 1793 4636 societatem
1856 4578 1996 4635 inire

436 4666 683 4722 reluctati
743 4677 906 4734 sunt,
957 4669 1095 4725 adeo
1136 4680 1195 4724 ut
1253 4672 1542 4728 militarem
1591 4672 1756 4727 etiam
1800 4686 1993 4727 zonam

426 4757 793 4825 deponerent,
844 4767 1031 4831 postea
1082 4760 1336 4817 cedentes
1376 4777 1496 4831 quae
1546 4772 1671 4818 sunt
1706 4762 1992 4832 impiorum

425 4846 619 4900 iterum
666 4846 918 4916 sapiunt,
966 4847 1106 4903 adeo
1150 4859 1209 4903 ut
1252 4850 1317 4905 ad
1365 4852 1600 4920 priorem
1638 4853 1862 4906 redeant
1902 4852 1993 4907 isti

425 4948 646 5003 statum,
680 4948 732 4992 ct
756 4938 1006 4994 militiam
1033 4955 1221 4996 rursus
1242 4943 1558 5013 suscipiant,
1587 4958 1682 5011 per
1702 4943 1993 4999 triennium

424 5036 567 5084 stent
596 5030 876 5085 audientes
897 5072 912 5097 ,
963 5045 1062 5099 per
1096 5031 1415 5088 decennium
1462 5035 1901 5100 succumbentes,
1934 5044 1990 5091 et

324 5202 331 5205 _
419 5121 499 5176 sic
566 5121 901 5191 perfectione
972 5125 1120 5195 digni
1176 5124 1495 5181 habeantur.
1564 5126 1748 5181 Liceat
1816 5136 1991 5182 autem

420 5213 687 5283 episcopis
733 5224 786 5270 et
831 5217 1097 5282 minuere,
1120 5227 1173 5272 et
1198 5232 1395 5288 augere
1438 5217 1723 5289 supplicia,
1757 5218 1823 5271 ad
1854 5232 1987 5271 con-

418 5318 703 5358 versorum
734 5308 1147 5376 respicientibus
1170 5309 1563 5378 pmnitentiam,
1589 5309 1630 5363 si
1654 5323 1775 5364 cum
1799 5308 1995 5364 timore

420 5406 468 5448 et
508 5395 788 5463 patientia,
822 5408 874 5453 et
897 5399 1165 5472 lacrymis,
1202 5412 1293 5457 aut
1318 5400 1668 5470 contemptim
1698 5410 1754 5455 et
1781 5400 1992 5455 indide-

421 5495 604 5540 renter
629 5486 742 5542 ﬁat.

967 5668 1073 5739 74
1094 5667 1320 5721 CANON
1364 5667 1500 5721 xm.

489 5750 566 5808 De
604 5753 669 5809 iis
713 5773 885 5812 autent
932 5761 1020 5827 qui
1062 5759 1337 5824 crrrdum,
1370 5759 1592 5826 antiqua
1640 5768 1685 5810 et
1732 5760 1987 5813 canonica

2106 1914 2639 1985 χουμένων.Δίδωσι
2668 1914 2723 1967 δὲ
2744 1917 2812 1985 τῇ
2855 1914 3036 1983 κρίσει
3083 1913 3178 1966 τοῦ
3228 1914 3535 1966 ἐπισκόπου
3586 1914 3685 1966 καὶ

2107 2005 2301 2075 μειοῦν
2334 2005 2405 2059 τὰ
2428 2004 2706 2075 ἐπιτίμια,
2744 2007 2794 2059 εί
2822 2006 2973 2074 εὖροι
3005 2006 3097 2057 τὸν
3140 2003 3513 2072 μετανοοῦντα
3552 2004 3685 2074 θερ-

2105 2098 2320 2170 μότητι
2368 2100 2426 2150 ἐν
2459 2100 2524 2167 τῇ
2589 2098 2857 2168 μετανοίᾳ
2887 2097 3362 2162 ἐπιδεικνύμενον,
3431 2098 3529 2150 καὶ
3595 2097 3687 2150 δά-

2108 2207 2275 2260 κρυσι
2304 2190 2396 2243 τὸν
2441 2190 2575 2243 Θεὸν
2632 2189 2965 2260 ἱλεούμενον,
3016 2189 3111 2242 καὶ
3189 2188 3267 2260 τῷ
3303 2188 3457 2259 φόϐῳ
3516 2188 3685 2242 αὑτοῦ

2105 2283 2575 2352 στοιχειούμενον,
2609 2283 2703 2334 καὶ
2740 2283 2842 2353 τὴν
2885 2284 2949 2335 ἐκ
2979 2282 3087 2335 τῶν
3142 2283 3441 2351 ἐπιτιμίων
3501 2282 3687 2335 κάκω-

2104 2392 2189 2431 σιν
2230 2374 2601 2444 ὑπομένοντα,
2652 2373 2747 2428 uati.
2802 2373 3222 2444 ἀγαθοεργίαις,
3268 2374 3438 2444 ἧγουν
3473 2372 3685 2444 ἀρετῶν

2101 2470 2338 2540 ἀσκήσει
2357 2468 2454 2522 καὶ
2489 2468 2785 2538 μεταδόσει
2818 2470 2881 2539 τῇ
2919 2467 3059 2537 πρὸς
3112 2469 3241 2531 τοὺς
3267 2468 3583 2535 δεομένους,
3632 2468 3683 2521 εί

2101 2562 2360 2633 εὐποροίη
2394 2563 2427 2633 ἠ
2462 2564 2585 2632 χεὶρ
2617 2562 2807 2627 αὐτοῦ,
2839 2562 3265 2633 προσκείμενον,
3316 2564 3409 2615 καὶ
3456 2562 3517 2614 τὸ
3544 2561 3684 2624 ὅλως

2099 2655 2294 2718 εἰπεῖν,
2325 2656 2384 2708 ἐν
2412 2653 2669 2725 ἀληθείᾳ,
2717 2654 2813 2708 καλ⁸
2854 2655 2956 2708 οὐκ
3007 2658 3065 2708 ἐν
3136 2656 3377 2724 σχήματι
3421 2653 3520 2724 τὴν
3585 2670 3683 2723 με·

2098 2744 2321 2798 τάνοιαν
2378 2740 2817 2816 ἐνδεικνύμενον.
2868 2748 3010 2801 Είδὲ
3073 2748 3384 2817 ἀδιαφόρως
3416 2749 3511 2801 καὶ
3541 2748 3684 2801 ἀνει-

2104 2837 2285 2906 μένως
2316 2836 2421 2909 ὁρᾷ
2449 2837 2543 2891 τὸν
2568 2839 2969 2908 ἐπιτιμηθέντα
3030 2840 3168 2909 πρὸς
3209 2841 3311 2910 τὴν
3362 2839 3686 2909 ἐπιτίμησιν

2109 2925 2481 2995 διακείμενον,
2501 2928 2595 2981 καὶ
2622 2929 2705 2981 ὅτι
2730 2929 2865 2992 ὅλως
2886 2932 3310 2999 παραχωρεῖται
3340 2932 3569 2985 εἰσιέναι
3601 2932 3684 2994 είς

2098 3014 2199 3085 τὴν
2228 3015 2534 3086 ἐκκλησίαν
2573 3018 2935 3087 ἀρκούμενον,
2967 3020 3062 3072 καὶ
3094 3020 3154 3072 οὐ
3191 3019 3523 3090 δακνόμενον
3577 3019 3679 3073 καὶ

2105 3105 2466 3177 λυπούμενον,
2491 3108 2572 3161 ὅτι
2600 3108 2661 3160 οὐ
2704 3108 3021 3162 συνίσταται
3073 3112 3189 3172 τοῖς
3243 3113 3477 3177 πιστοῖς,
3545 3110 3682 3165 ἀλλὰ

2102 3201 2197 3253 καὶ
2223 3200 2281 3252 τὸ
2311 3199 2535 3253 δπισθεν
2560 3201 2656 3253 τοῦ
2684 3201 2935 3269 ἄμϐωνος
2969 3202 3247 3265 ἵστασθαι,
3304 3204 3401 3256 καὶ
3476 3203 3682 3270 ἐξιέναι

2103 3291 2243 3362 μετὰ
2273 3290 2385 3344 τῶν
2418 3293 2866 3363 κατηχουμένων,
2895 3293 3055 3347 τοῦτο
3081 3294 3188 3362 γὰρ
3214 3294 3366 3363 δηλοῖ
3403 3295 3463 3348 τὸ
3497 3296 3682 3367 σχῆμα

2100 3384 2199 3438 τοῦ
2229 3383 2481 3450 εἰσιέναι,
2536 3386 2597 3438 οὐ
2674 3384 2784 3457 γὰρ
2843 3385 3059 3456 ἀληθῶς
3121 3386 3351 3440 είσεισιν
3413 3389 3442 3441 ὁ
3507 3386 3683 3451 οὕτως

2107 3474 2314 3538 εἰσιὼν,
2344 3474 2549 3545 ἀρκοῦν
2589 3476 2737 3547 αὑτῷ
2762 3476 3139 3547 λογιζόμενος,
3165 3477 3258 3530 τὸν
3308 3478 3430 3531 ὅλον
3460 3476 3560 3546 τῆς
3589 3480 3680 3531 δε-

2098 3568 2321 3631 καετίας
2355 3567 2549 3637 χρόνον
2581 3569 2639 3622 ἐν
2692 3569 2772 3639 τῷ
2842 3570 3110 3641 ἐπιτιμίῳ
3157 3570 3258 3638 τῆς
3314 3570 3683 3633 ὑποπτὼσεως

2098 3662 2342 3730 πληροῦν
2368 3663 2531 3715 αὐτὸν
2564 3662 2939 3717 διακελεύεται
2960 3666 2988 3716 ό
3019 3661 3217 3718 κανών.

2096 3753 2319 3807 ΑΡΙΣΤ.
2355 3758 2420 3809 Ol
2443 3755 2811 3822 βιαζόμενοι,
2844 3755 2946 3809 καί
2981 3755 3272 3822 δόξαντες
3293 3755 3674 3823 ἁντιστηναι,

2166 3842 2294 3900 εἶτα
2328 3847 2717 3916 καταθέμενοι
2798 3846 2872 3915 τῇ
2897 3847 3165 3914 ἁσεόείᾳ,
3213 3846 3313 3900 καὶ
3371 3847 3679 3914 ἀναστρα-

2169 3936 2556 4006 τειισὰμενοι,
2598 3938 2914 3991 δεκαετίαν
2970 3936 3478 4007 ἁφοριζέσθωσαν.
3532 3940 3679 3992 Σκο-

2157 4029 2383 4096 πητέον
2414 4031 2483 4084 δὲ
2510 4031 2603 4101 ἐφ’
2634 4031 2825 4086 ἅπασι
2857 4032 2921 4085 τὸ
2954 4028 3118 4098 εἶδος
3148 4032 3259 4101 τῆς
3300 4033 3622 4102 μετανοίας
3657 4045 3675 4064 ·

2173 4122 2271 4175 καὶ
2332 4123 2693 4191 θερμοτέρως
2759 4124 2879 4192 μὲν
2971 4125 3511 4194 μεταμελουμένου
3572 4125 3678 4179 τοῦ

2165 4212 2501 4283 δεξαμένου
2556 4214 2622 4267 τὸ
2694 4214 2996 4285 ἐπιτίμιον
3033 4220 3597 4285 φιλανθρωπότερον
3643 4219 3678 4272 ό

2166 4306 2502 4371 ἐπίσκοπος
2532 4303 2907 4369 διατιθέσθω,
2925 4306 3307 4375 ψυχροτέρους
3324 4308 3411 4373 δὲ,
3437 4308 3678 4378 δραστι-

2168 4396 2445 4463 νεώτερον.

2176 4488 2331 4540 Ὀσοι
2360 4488 2468 4540 ὑπὸ
2498 4490 2596 4558 τῆς
2635 4489 2786 4555 θείας
2816 4492 3041 4565 χάριτος
3063 4492 3503 4563 προσκληθέντες
3527 4490 3672 4544 κατά

2103 4577 2206 4649 μὲν
2230 4577 2331 4647 τὴν
2362 4579 2588 4651 πρώτην
2641 4583 2821 4655 ὁρμὴν
2880 4584 3195 4653 βιασθέντες
3251 4582 3542 4636 συνθέσθαι
3606 4582 3674 4652 τῇ

2098 4672 2356 4744 εὐσεὸείᾳ
2384 4674 2749 4744 ἀντέστησαν,
2774 4675 2917 4728 ὥστε
2962 4677 3059 4729 καὶ
3116 4676 3218 4743 τὴν
3271 4674 3678 4745 στρατιωτικὴν

2096 4764 2401 4820 ἀποθέσθαι
2432 4764 2609 4835 ζώνην
2639 4783 2653 4797 ·
2682 4762 2801 4818 εἶτα
2825 4767 3168 4832 ὑπείξαντες,
3213 4765 3505 4819 κατέθεντο
3544 4781 3679 4835 φρο-

2097 4857 2208 4908 νεῖν
2245 4854 2313 4907 τὰ
2343 4855 2452 4911 τῶν
2486 4856 2725 4921 ἀσεὸὦν,
2746 4856 2887 4910 ὥστε
2920 4861 2998 4920 είς
3029 4857 3129 4928 τὴν
3164 4857 3438 4927 προτέραν
3478 4856 3679 4921 αὐτοὺς

2098 4947 2434 5016 καταστῆναι
2460 4948 2646 5018 τιμὴν,
2684 4951 2777 5001 καὶ
2812 4949 2910 5017 τὴν
2938 4949 3234 5018 στρατείαν
3286 4945 3441 5012 αὖθις
3470 4950 3679 5002 ἐπανα-

2066 5037 2283 5091 .λα6εἴν
2318 5055 2331 5069 ’
2385 5039 2478 5091 ἐπὶ
2529 5042 2771 5109 τριετίαν
2847 5042 3091 5096 ἔστωσαν
3168 5041 3531 5112 ἀκροώμενοι,
3582 5040 3677 5093 ἐπὶ

2096 5128 2384 5183 δεκαετίαν
2409 5130 2812 5195 ὑποπίπτοντες
2845 5148 2859 5165 ⁸
2891 5133 2985 5185 καὶ
3015 5132 3157 5187 οὕτω
3179 5138 3278 5205 τῆς
3336 5133 3677 5194 τελειώσεως

2102 5217 2500 5283 ἀξιούσθωσαν.
2521 5218 2753 5284 Ἐξὲστω
2781 5221 2837 5273 δέ
2856 5224 2969 5283 τοῖς
2989 5221 3307 5284 ἐπισκόποις
3340 5222 3434 5273 καὶ
3458 5220 3674 5288 μειοῦν,

2098 5311 2188 5363 καὶ
2222 5310 2407 5374 αῦξειν
2457 5310 2524 5361 τὰ
2554 5298 2826 5381 ἐπιτίμια,
2862 5313 2997 5383 πρὸς
3022 5313 3121 5383 τὴν
3174 5313 3464 5383 μετάνοιαν
3540 5313 3678 5381 ἀφο-

2097 5400 2234 5471 ρῶσι
2270 5401 2378 5453 τῶν
2401 5403 2859 5472 ἐπιστρεφόντων,
2912 5405 3021 5457 εἴτε
3063 5405 3159 5457 σὺν
3209 5404 3378 5473 φόϐῳ,
3410 5406 3505 5457 καὶ
3540 5404 3677 5457 ὐπο-

2099 5494 2256 5561 μονῇ,
2290 5495 2383 5544 καὶ
2428 5493 2660 5562 δάκρυσι
2725 5494 2955 5563 γίνεται,
3012 5497 3123 5549 εἴτε
3178 5495 3672 5569 καταφρονητικῶς

2094 5586 2188 5637 καὶ
2223 5585 2551 5655 ἀδιαφόρως.

2704 5681 2941 5734 ΚΑΝΩΝ
2968 5682 3063 5735 ll".

2100 5768 2234 5839 Περὶ
2268 5769 2333 5824 δὲ
2362 5770 2477 5825 τῶν
2501 5769 2909 5834 ἑξοδευόντων
2936 5778 2969 5829 ὀ
3000 5775 3259 5842 παλαιὸς
3290 5776 3387 5830 καὶ
3436 5788 3676 5828 κανονι-
