4108 6200
422 338 531 413 279
1679 335 1956 399 THEOD.
2000 328 2401 394 BALSAMON
3184 384 3199 393 λ
3565 308 3674 371 280

362 460 377 477 '
489 454 679 514 Omnis
705 453 879 511 ﬁdelis
906 455 961 508 in
986 458 1233 508 extremo
1263 446 1461 522 spiritu
1492 446 1620 503 honi
1654 446 1836 501 viatici
1868 457 1984 515 par-

2053 450 2075 498 ι
2168 441 2283 503 Πᾶς
2309 435 2503 496 πιστδς
2529 432 2639 506 (62)
2675 434 2734 485 ιν
2779 434 2903 495 ταῖς
2955 426 3294 487 τελευταίαις
3374 418 3675 479 ἀναπνοαῖς

421 549 595 619 ticeps
640 547 751 612 ﬁet,
808 544 1023 600 sanitati
1078 552 1258 598 autem
1294 514 1583 597 restitutus
1628 552 1748 592 cum
1787 535 1855 590 iis
1888 536 1994 590 erit

2097 534 2384 604 γινόμενος
2410 528 2506 585 τοῦ
2557 526 2766 597 ἀγαθοῦ
2797 524 3014 596 ὲφοδίου
3064 519 3440 585 ὲπιτεύξετᾳι.
3468 514 3680 619 ’Ὑγιά-

421 607 862 710 qui-orationum
904 643 1029 690 sunt
1060 632 1371 704 participes,
1409 630 1502 685 sed
1551 628 1857 685 divinorum
1900 639 1992 680 sa-

2100 644 2200 688 νας
2234 625 2312 689 δὲ,
2341 622 2483 694 μετά
2512 621 2624 675 τῶν
2654 616 3058 673 κοινωνούντων
3084 613 3195 667 τῶν
3223 610 3404 680 εὐχῶν
3440 607 3621 660 Ἔσται
3662 620 3680 638 ’

422 699 823 779 crementorum
866 699 1078 790 partem
1149 699 1271 774 noni
1317 716 1559 773 habebit.
1619 715 1724 771 Sed
1776 714 1996 784 expleto

2098 717 2161 773 ού
2194 717 2379 787 μέντοι
2422 732 2486 782 γε
2521 713 2618 767 καὶ
2648 711 2758 765 τῶν
2786 709 2949 765 θείων
2980 705 3344 776 ἁγιασμάτων
3376 699 3680 771 μετάσχοι·

426 822 670 884 tempore
698 827 805 883 quo
835 812 889 867 in
912 810 1251 869 orationibus
1274 808 1571 877 consistere
1596 806 1775 873 debet,
1807 813 1994 875 postea

2100 810 2235 863 ἀλλὰ
2262 806 2557 877 πληρώσας
2583 805 2642 858 ἐν
2672 804 2792 866 ταῖς
2817 801 3009 870 εὐχαῖς
3052 799 3147 852 τὸν
3196 796 3298 865 τῆς
3363 792 3684 884 συστάσεως

424 918 478 965 et
514 882 610 963 illa
640 882 811 977 gratia
841 905 1037 975 dignus
1072 901 1377 959 habebitur.

2100 899 2314 971 χρόνον,
2351 900 2543 952 ἔκτοτε
2581 897 2676 950 καὶ
2739 895 2839 963 τῆς
2904 892 3128 963 χάριτος
3182 886 3388 955 ταύτης
3442 882 3650 953 ἀξιωθή

2104 1008 2278 1045 σεται.

2104 1008 2278 1045 σεται.

1006 1081 1242 1138 CANON
1278 1080 1420 1137 XIV.

2105 1008 2278 1045 σεται.
3716 1000 3727 1054 l

2744 1074 2985 1129 KANuN
3010 1068 3112 1126 ιε’.
3305 1108 3312 1113 .
3718 1060 3727 1085 ’

428 1172 507 1231 De
534 1176 944 1239 catechumenis,
966 1183 1015 1228 et
1043 1175 1132 1244 qui
1167 1174 1302 1243 lapsi
1335 1182 1479 1237 sunt,
1501 1171 1670 1227 visum
1697 1180 1773 1227 est
1800 1181 1999 1227 sancite

2104 1170 2246 1239 Περὶ
2312 1166 2433 1224 τῶν
2495 1166 2963 1237 κατηχουμένων
3047 1164 3147 1217 καὶ
3205 1159 3690 1229 παραπεσόντων

496 1277 548 1324 et
587 1283 793 1339 magna:
834 1267 1057 1336 synodo,
1097 1277 1153 1319 ut
1190 1266 1228 1319 ii
1273 1265 1439 1319 tribus
1476 1264 1631 1318 annis
1658 1273 1860 1319 tantum
1896 1281 1998 1318 au-

2175 1260 2345 1325 ἕδοξε
2378 1254 2451 1331 τῇ
2472 1259 2609 1328 ἁγίᾳ
2632 1256 2731 1312 καὶ
2757 1255 2992 1324 μεγάλῃ
3013 1252 3276 1319 συνόδῳ,
3302 1251 3479 1317 ὥστε,
3508 1247 3688 1318 τριῶν

500 1361 720 1428 dientes,
755 1368 929 1428 postea
950 1366 1240 1414 erantcum
1268 1357 1672 1411 catechumenis.

2174 1352 2327 1408 ἐτῶν
2352 1352 2575 1417 αὐτοὺς
2601 1347 3024 1418 ἀκροωμένους
3074 1347 3285 1415 μόνον,
3316 1343 3468 1414 μετὰ
3498 1342 3687 1400 ταῦτα

2174 1446 2460 1513 εὔχεσθαι
2482 1442 2634 1511 μετὰ
2657 1441 2774 1494 τῶν
2811 1436 3303 1506 κατηχουμένων.

500 1536 697 1594 BALS.
748 1538 883 1593 Eum
927 1537 1019 1608 qni
1067 1550 1132 1591 ex
1175 1534 1489 1591 inﬁdelitate
1522 1535 1588 1589 ad
1624 1548 1804 1589 veram
1842 1534 1998 1589 tidem

2175 1536 2373 1591 ΒΑΛΣ.
2404 1536 2510 1588 Τδν
2529 1531 2588 1599 ἐξ
2620 1532 2877 1594 ἀπιστίας
2906 1533 2972 1601 τῇ
3029 1529 3223 1599 ἀληθεῖ
3286 1528 3467 1581 πίστει
3516 1543 3687 1598 προσ·

433 1632 683 1693 accessit,
703 1639 757 1685 et
784 1629 1029 1683 initiatus
1050 1638 1133 1683 est
1161 1634 1181 1682 τ
1211 1637 1265 1682 et
1296 1636 1418 1696 post
1450 1625 1810 1682 initiationem
1842 1626 2001 1680 aber-

2108 1630 2353 1694 ελθόντα,
2434 1627 2532 1681 καὶ
2556 1624 2965 1696 κατηχηθέντα,
3002 1624 3097 1676 καὶ
3127 1620 3267 1692 μετὰ
3340 1621 3443 1688 τὴν
3513 1621 3691 1689 κατῆ-

433 1722 599 1785 ravit,
629 1728 685 1775 et
712 1721 947 1789 priorem
978 1719 1425 1790 superstitionem
1463 1717 1704 1787 repetiit,
1734 1731 1839 1771 non
1869 1716 2003 1772 sim-
2042 1790 2051 1791 ί

2112 1737 2273 1791 χησιν
2336 1716 2705 1787 πλανηθέντα,
2769 1713 2867 1768 καὶ⁸
2919 1704 3016 1782 τὴν
3092 1711 3315 1781 πρώτην
3391 1710 3692 1779 θρησκείαν

436 1811 652 1881 pliciter
695 1814 762 1866 ad
809 1810 1329 1865 catechumenornm
1381 1809 1564 1864 locum
1606 1823 1798 1863 rursus
1842 1790 2058 1876 recipil

2070 1795 2084 1845 ι
2114 1790 2447 1879 ζητήσαντα,
2472 1805 2546 1877 μὴ
2574 1804 2761 1866 ἁπλῶς
2794 1802 3047 1873 δέχεσθαι
3078 1802 3158 1863 είς
3216 1799 3307 1852 τὸν
3360 1800 3527 1853 τόπον
3582 1799 3692 1853 τῶν

436 1902 753 1957 redeuntem
810 1903 984 1958 sancti
1039 1900 1230 1957 Patres
1303 1900 1566 1955 deﬁniunt
1616 1917 1633 1954 :
1705 1898 1801 1954 sed
1860 1898 2013 1968 prius

2116 1901 2571 1972 κατηχουμένων,
2607 1897 2771 1952 πάλιν
2806 1895 3247 1966 ὑποστρέφοντα,
3277 1894 3327 1946 οἱ
3384 1893 3534 1962 ἆγιοι
3582 1893 3694 1944 Παλ

438 1994 671 2049 triennio
708 2003 861 2049 extra
899 1993 1152 2063 templum
1195 2002 1341 2049 stare
1368 2008 1488 2047 cum
1520 1991 1904 2046 audientibus:
1949 2004 2015 2045 eo

2115 1994 2272 2066 τέρες
2297 1991 2651 2063 διορίζονται,
2682 1988 2818 2042 ἀλλὰ
2849 1988 3123 2057 πρότερον
3154 1985 3249 2038 ἐπὶ
3314 1984 3527 2056 τριετίᾳ⁵
3560 1983 3692 2050 ἔξω·

439 2092 617 2138 antem
672 2085 912 2153 impleto,
949 2085 1002 2138 in
1031 2085 1270 2154 priorem
1305 2092 1509 2141 statum
1552 2091 1610 2141 et
1643 2084 1887 2140 ordinem
1919 2096 2015 2138 ca—

2119 2089 2210 2142 θεν
2243 2086 2338 2140 τοῦ
2391 2085 2522 2139 ναοῦ
2582 2082 2834 2136 ἵστασθαι
2891 2080 3032 2152 μετὰ
3106 2080 3217 2133 τῶν
3280 2080 3690 2150 ἀκροωμένων·

440 2172 890 2229 tecltumenorum
916 2172 1107 2243 recipi.

2119 2173 2511 2246 πληρωθείσης
2594 2172 2651 2225 δὲ
2725 2170 2953 2237 ταύτης,
3058 2169 3533 2232 ἀποκαθίστασθαι
3615 2171 3693 2234 είς

1507 2267 1516 2278 ’
2118 2268 2218 2337 τὴν
2294 2266 2567 2340 προτέραν
2655 2263 2810 2329 τάξιν
2857 2263 2950 2316 καὶ
3032 2263 3227 2317 στάσιν
3285 2263 3393 2315 τῶν
3434 2278 3698 2333 κατηχού-

2123 2358 2322 2428 μένων.

516 2433 768 2492 ZONAR.
807 2435 906 2502 Qui
941 2435 1011 2490 ob
1046 2435 1166 2491 lidei
1192 2434 1583 2506 amplectandaa
1606 2435 1847 2492 studium
1876 2437 2020 2494 inter

2195 2445 2443 2502 ΖΩΝΑΡ.
2479 2443 2605 2501 Ἐάν
2636 2463 2787 2509 τινες
2816 2443 3212 2516 προσελθόντες
3257 2447 3324 2515 τῇ
3366 2446 3569 2509 πίστει,
3600 2444 3698 2498 καὶ

444 2527 875 2582 catechumenos
899 2527 1075 2590 relati,
1116 2535 1299 2597 postea
1336 2527 1473 2598 lapsi
1511 2526 1752 2589 inerunt,
1791 2542 1884 2583 eos
1928 2542 2019 2581 or-

2121 2539 2404 2608 γενόμενοι
2439 2537 2871 2609 κατηχούμενοι,
2946 2536 3362 2607 παραπέσωσιν,
3430 2535 3698 2588 ύποόιόἀ-

451 2616 581 2670 dine
624 2626 684 2671 et
721 2617 953 2672 statione
994 2618 1513 2673 catechumenorum
1548 2619 1844 2673 movendos
1873 2628 2017 2683 esse,

2122 2624 2311 2691 ζεσθαι
2336 2625 2433 2694 τῆς
2467 2624 2674 2690 τάξεως
2705 2622 2800 2679 καὶ
2828 2625 2927 2695 τῆς
2976 2624 3223 2686 στάσεως
3256 2624 3365 2676 τῶν
3420 2640 3698 2693 κατηχού-

445 2723 513 2763 ac
558 2708 849 2764 triennium
903 2709 1047 2764 inter
1091 2709 1371 2765 audientes
1423 2710 1661 2780 exigere,
1704 2725 1770 2765 eo
1813 2710 2018 2779 elapso,

2130 2718 2308 2788 μένων
2352 2713 2670 2787 ὡρίσθησαν
2690 2716 2984 2792 scapi;th
3014 2716 3189 2786 ἁγίων
3212 2715 3502 2784 Πατέρων,
3532 2716 3624 2767 καὶ
3643 2716 3704 2767 ὲν

449 2801 686 2869 priorem
709 2801 954 2856 ordinem
984 2810 1039 2857 et
1068 2801 1172 2873 75
1203 2801 1495 2856 stationem
1526 2811 1791 2871 repetere,
1815 2812 1869 2857 et
1894 2818 2019 2857 cum

2124 2809 2199 2878 τῷ
2221 2810 2328 2863 τῶν
2351 2809 2721 2879 ἀκροωμένων
2747 2808 3010 2879 ἐπιτιμίῳ
3037 2807 3283 2875 γίνεσθαι
3316 2808 3407 2860 ἐπὶ
3436 2808 3703 2878 τριετίαν,

449 2891 857 2947 catechumenis
919 2906 1120 2958 orare,
1175 2901 1488 2948 sanctorum
1527 2891 1749 2947 Patrum
1802 2885 2022 2948 decreto

2129 2895 2250 2952 εἶτα
2316 2899 2480 2952 πάλιν
2538 2898 2938 2969 ἐπανέρχεσθαι
2962 2896 3099 2967 πρὸς
3131 2898 3231 2966 τὴν
3258 2897 3528 2968 προτέραν
3551 2897 3706 2961 τάξιν

450 2990 668 3036 cautum
704 2993 807 3037 est.
2124 2988 2219 3041 καὶ
2258 2987 2470 3053 στάσιν,
2542 2986 2639 3040 καὶ
2684 2986 3042 3055 συνεύχεσθαι
3076 2987 3209 3049 τοῖς
3244 2985 3699 3055 κατηχουμένοις.

451 3073 683 3130 ABIST.
717 3072 785 3129 Si
822 3075 940 3144 quis
973 3074 1366 3130 catechumenus
1392 3076 1566 3145 lapsus
1583 3078 1761 3145 fuerit,
1796 3085 1898 3135 tres
1928 3079 2022 3134 iste
2048 3115 2073 3173 ί

2082 3117 2092 3172 ι
2125 3078 2346 3133 ΑΡΙΣΤ.
2377 3077 2451 3131 El
2485 3094 2575 3143 τις
2603 3077 2942 3145 παραπέσοι
2990 3077 3481 3144 κατηχούμενος,
3528 3071 3704 3140 οὗτος

524 3182 689 3222 annos
724 3168 906 3222 audiat
933 3167 1087 3237 idque
1127 3167 1320 3234 solum,
1343 3169 1528 3223 deinde
1596 3186 1713 3224 cum
1776 3172 2021 3226 cateclm-
2055 3164 2092 3173 “

2084 3164 2092 3172 ’
2192 3167 2394 3235 τρισὶν
2446 3166 2760 3234 ἀκροάσθω
2804 3166 2904 3219 καί
2954 3166 3178 3235 μόνον’
3225 3165 3354 3219 εἶτα
3402 3168 3550 3235 μετὰ
3587 3164 3706 3218 τῶν

525 3259 694 3313 menis
737 3269 871 3313 oret.
1074 3332 1079 3335 ι

2195 3258 2658 3329 κατηχουμένων
2697 3258 2989 3327 εὐχέσθω.

529 3350 660 3404 Duae
704 3362 833 3406 sunt
890 3351 1101 3423 species
1152 3350 1717 3407 catechumenorum:
1782 3351 2026 3410 nonnulli

2197 3353 2301 3406 Δύο
2350 3351 2464 3420 είδη
2529 3350 2639 3404 τῶν
2701 3351 3155 3419 κατηχουμένων.
3200 3350 3265 3405 Οί
3316 3348 3417 3421 μὲν
3449 3350 3557 3419 γὰρ
3583 3349 3708 3420 ἄρτι

461 3442 607 3498 enim
639 3442 798 3499 modo
825 3440 1184 3506 advenerunt.
1215 3443 1303 3499 alii
1333 3454 1625 3500 evaserunt
1653 3443 2025 3515 perfectiores,

2131 3443 2555 3517 προσέρχονται,
2598 3443 2647 3495 οἱ
2682 3440 2737 3494 δὲ
2759 3441 3372 3512 γεγόνασιτελςὼτεροι,
3408 3443 3492 3511 ἐφ’
3530 3441 3715 3494 ἱκανὸν

463 3532 518 3588 in
554 3532 660 3589 ﬁde
695 3533 1027 3588 sumci'enter
1057 3534 1281 3589 initiati.
1330 3534 1627 3591 ['erl‘ectior
1670 3537 1849 3606 itaque
1876 3545 2028 3593 cate-

2130 3536 2198 3590 τὰ
2224 3535 2322 3606 τῆς
2361 3536 2597 3597 πίστεως
2627 3536 2949 3607 μυηθέντες.
2989 3535 3049 3589 Ὁ
3082 3535 3214 3605 γοῦν
3248 3534 3577 3606 τελεώτερος
3605 3552 3706 3588 κα-

465 3627 764 3681 chumenus
789 3625 975 3696 lapsus
1005 3634 1059 3681 et
1079 3640 1307 3693 peccans
1334 3627 1454 3683 sine
1479 3628 1900 3697 reprehensione
1926 3643 2029 3684 non

2132 3627 2490 3698 τηχούμενος,
2515 3627 2849 3698 παραπεσὼν
2878 3627 2972 3680 καὶ
3006 3628 3344 3704 ἁμαρτήσας
3378 3625 3709 3693 ἀνεπιτίμη-

466 3716 812 3785 relinquitur,
867 3718 1079 3772 tametsi
1131 3733 1343 3774 sacrum
1379 3720 1647 3789 baptisma
1704 3720 1770 3775 ad
1817 3736 2032 3777 omnem

2133 3736 2225 3782 τος
2251 3720 2351 3772 ούκ
2382 3721 2569 3785 ἐᾶται,
2610 3720 2717 3772 κᾶν
2756 3721 2850 3775 καὶ
2879 3718 2941 3772 τδ
2993 3720 3150 3787 ἆγιον
3198 3720 3482 3789 βάπτισμα
3524 3717 3716 3772 ίκανόν

469 3811 783 3867 diluendam
830 3817 1045 3868 sordem
1093 3812 1370 3869 suinciens
1392 3814 1479 3881 sit,
1509 3816 1603 3869 sed
1643 3814 1785 3868 inter
1808 3816 2036 3869 audien-

2137 3813 2251 3867 ἔστι
2306 3812 2484 3866 πάντα
2527 3812 2696 3885 ῥύπον
2736 3813 2968 3883 ψυχικὸν
3012 3812 3357 3866 ἀποπλῦναισ
3398 3810 3534 3864 ἀλλὰ
3572 3811 3714 3877 μετὰ

473 3914 555 3959 tes
588 3903 906 3972 collocatur,
936 3914 989 3958 et
1020 3912 1138 3973 post
1163 3905 1448 3960 triennium
1484 3920 1608 3961 cum
1632 3906 2039 3962 catechumenis

2138 3905 2248 3959 τῶν
2300 3904 2667 3975 ἀκροωμένων
2713 3904 3097 3970 συντάττεται,
3153 3904 3250 3957 καὶ
3300 3904 3435 3973 μετὰ
3475 3902 3715 3973 τριετίαν

473 4009 691 4050 rursum
741 4004 1015 4065 precatur.
1052 3995 1244 4063 Quare
1275 4005 1331 4053 et
1365 3997 1561 4069 synodi
1582 3997 2039 4055 Neocaesariensis

2145 3998 2282 4069 μετὰ
2322 3998 2429 4049 τῶν
2458 3996 2882 4068 κατηχουμένων
2914 3992 3066 4059 αὖθις
3096 3995 3436 4066 συνεύχεται.
3469 3997 3580 4050 Καὶ
3612 3994 3707 4063 ζή-

474 4102 598 4143 t‘an.
630 4087 686 4143 5.
2141 4106 2224 4145 τει
2260 4091 2357 4160 τῆς
2385 4090 2443 4143 ὲν
2468 4088 2870 4159 Νεοκαισαρεία
2905 4088 3123 4142 συνόδου
3151 4090 3354 4143 κανόνα
3375 4085 3437 4142 ε’.

1064 4176 1296 4235 CANON
1335 4176 1451 4233 XV.

2740 4181 2979 4235 ΚΑΝΩΝ
3019 4181 3115 4235 IE'.

476 4272 701 4340 Propter
743 4270 967 4326 natalium
1009 4272 1311 4337 tumultum,
1351 4280 1399 4325 et
1430 4271 1708 4325 seditiones
1737 4284 1854 4339 qua:
1886 4267 2045 4339 ﬁunt,

2147 4276 2251 4331 Διὰ
2298 4275 2408 4329 τὸν
2451 4273 2653 4329 πολὺν
2704 4273 2971 4345 τάραχον
3023 4272 3121 4327 καὶ
3167 4274 3276 4340 τὰς
3319 4272 3567 4337 στάσεις
3614 4271 3722 4337 τὰς

548 4366 757 4419 omnino
786 4366 954 4417 visum
994 4374 1091 4427 est,
1115 4374 1172 4416 ut
1197 4365 1515 4417 consuetudo
1530 4379 1647 4432 qua:
1678 4374 1868 4431 praeter
1882 4378 2040 4416 cano-

2218 4367 2536 4438 γινομένας
2609 4365 2783 4429 ἔδοξε
2863 4365 3213 4419 παντάπασι
3287 4363 3726 4433 περιαιρεθῆναι

490 4468 495 4475 ’
550 4470 665 4509 nem
694 4458 747 4508 in
776 4455 1041 4509 nonnullis
1067 4455 1305 4523 partibus
1333 4454 1612 4519 invenitur,
1654 4451 1896 4517 tollatur,
1930 4462 1984 4505 ut
2017 4469 2049 4505 a
2082 4450 2112 4506 Ι]

2108 4453 2126 4503 )
2225 4458 2339 4525 τὴν
2355 4458 2690 4525 συνήθειαν
2734 4456 2849 4525 τὴν
2882 4458 3040 4526 παρὰ
3067 4459 3173 4511 τὸν
3218 4458 3445 4512 κανόνα
3478 4457 3730 4526 εὑρεθεῖ-

552 4546 762 4601 civitate
807 4546 861 4598 in
900 4546 1160 4598 civitatem
1189 4555 1281 4598 nec
1309 4544 1599 4613 episcopus,
1639 4559 1729 4597 nec
1755 4543 2044 4613 presbyter,

2222 4565 2344 4602 σαν
2388 4548 2459 4602 ἔν
2514 4566 2639 4603 τισι
2685 4550 2957 4618 μέρεσιν,
3007 4548 3164 4604 ὥστε
3207 4548 3321 4604 ἀπὸ
3372 4551 3607 4614 πόλεως
3639 4551 3730 4614 είς

554 4653 644 4691 nec
684 4637 938 4691 diaconus
970 4644 1227 4690 transeat.
1263 4634 1323 4691 Si
1347 4636 1463 4705 quis
1500 4645 1673 4688 autem
1709 4644 1826 4703 post
1849 4644 2049 4689 sancta:

2225 4643 2407 4694 πόλιν
2458 4640 2543 4710 μὴ
2568 4642 2950 4710 μεταϐαίνειν
2989 4641 3141 4711 μήτε
3192 4642 3553 4707 ἐπίσκοπον,
3574 4642 3732 4711 μήτε

553 4740 601 4783 et
644 4745 847 4800 magna:
895 4730 1084 4799 synodi
1115 4728 1468 4797 definitionem
1514 4727 1618 4782 tale
1655 4728 1926 4797 quidpiam
1958 4744 2050 4797 ag-

2225 4731 2655 4799 πρεσὸὐτερον,
2694 4731 2845 4799 μήτε
2885 4731 3194 4786 διάκονον.
3257 4734 3323 4786 El
3354 4730 3422 4783 δέ
3453 4748 3542 4797 τις
3578 4731 3732 4801 μετὰ

553 4838 762 4891 gressus
800 4820 982 4891 fuerit,
1023 4820 1101 4874 uel
1137 4835 1192 4873 ss
1250 4819 1324 4872 rei
1363 4818 1621 4887 ejusmodi
1657 4818 1876 4880 dederit,
1912 4818 2060 4887 quodL

2225 4823 2332 4876 τὸν
2360 4821 2472 4892 τῆς
2515 4823 2689 4890 ἁγίας
2718 4823 2815 4877 καὶ
2863 4821 3127 4893 μεγάλης
3160 4823 3426 4877 συνόδου
3453 4822 3595 4888 ὅρον
3618 4841 3733 4877 τοι·

556 4916 752 4985 faetu'n)
806 4910 905 4965 erit
974 4911 1186 4963 omnino
1248 4907 1607 4977 inﬁrmabitur
1642 4946 1657 4971 ,
1715 4916 1762 4963 et
1825 4907 2053 4963 ecclesiae

2233 4913 2388 4980 ούτῳ
2444 4913 2558 4966 τινί
2604 4911 3081 4981 ἐπιχειρήσειεν,
3140 4911 3178 4979 ἢ
3230 4912 3464 4979 ἐπιδοίη
3513 4913 3739 4967 ἑαυτὸν

556 5006 863 5059 restituetur
914 5003 1000 5058 cui
1042 5002 1320 5072 episcopus
1349 5006 1429 5057 vel
1464 5002 1732 5073 presbyter
1783 5001 2066 5055 ordinatus.

2180 4984 2189 4995 ί
2225 5001 2518 5072 πράγματι
2542 5004 2810 5068 τοιούτῳ,
2840 5001 3285 5072 ἀκιιρωθήσεται
3302 5002 3638 5070 ἐξάπαντος
3662 5003 3727 5057 τὸ

557 5092 736 5165 fuerit.
2232 5097 2726 5166 κατασκεύασμα,
2796 5096 2896 5149 καί
2955 5096 3596 5161 ἀποκατασταθιὶσεται
3658 5092 3734 5164 τῇ

2238 5189 2554 5255 ἐκκλησίᾳ,
2583 5189 2654 5242 ἐν
2742 5190 2775 5243 ὁ
2803 5188 3136 5254 ἐπίσκοπος
3170 5185 3208 5256 ἣ
3260 5191 3292 5242 ό
3324 5188 3728 5256 πρεσϐύτερος

2230 5278 2679 5349 ἐχειροτονήθη.

1723 5371 1913 5433 Guill.
1953 5373 2281 5452 Beveregii
2309 5382 2501 5435 notua.

588 5480 680 5549 δῖ)
712 5477 838 5544 Πᾶς
864 5479 1103 5543 πιστάς·
1140 5476 1239 5549 Hic
1265 5486 1503 5549 erratum
1540 5474 1593 5528 iu
1628 5474 1866 5549 Aristeni
1894 5472 2063 5549 scho-
2175 5489 2480 5549 mentorum
2513 5478 2831 5549 participes
2866 5484 3063 5542 erunt;
3103 5485 3292 5549 contra
3326 5490 3391 5530 ac
3421 5473 3511 5528 hic
3540 5469 3740 5549 asseri-

495 5554 567 5607 iia
605 5542 892 5618 irrepsisse
928 5542 1086 5600 nemo
1137 5547 1394 5618 ambigat.
1433 5545 1616 5601 Canon
1649 5545 1815 5618 enim,
1839 5557 1958 5618 non
1992 5547 2059 5618 de
2172 5555 2298 5600 tur:
2338 5547 2479 5614 quod
2512 5546 2694 5609 itaque
2714 5542 2889 5602 codici
2920 5562 3021 5618 rus.
3056 5561 3165 5618 quo
3199 5547 3280 5600 usi
3317 5558 3532 5618 sturnus.
3554 5542 3739 5618 potius

500 5611 772 5682 ﬁdelibus,
802 5618 894 5672 sed
925 5624 1132 5669 tantum
1162 5618 1227 5670 de
1265 5611 1452 5682 lapsis,
1485 5624 1540 5669 et
1572 5614 1942 5683 paenitentiam
2000 5612 2053 5685 in
2166 5631 2327 5685 quam
2359 5611 2475 5684 ipsi
2508 5617 2762 5669 Aristenu
2803 5611 3206 5670 attribuendnm
3233 5626 3335 5671 est.
3385 5613 3567 5681 Neque
3587 5611 3739 5667 enim

498 5691 645 5744 t-x'tltl
696 5688 821 5744 vitae
868 5686 1152 5760 agentibus
1212 5686 1471 5760 I_oquititr._
1516 5685 1580 5760 Et
1641 5691 1900 5760 praeterea
1946 5683 2054 5747 πᾶς
2167 5683 2412 5743 Ιιειιιιίιιιι
2446 5686 2607 5744 obvia
2629 5687 2946 5743 Aristentnu
2980 5687 3492 5760 Intermpotuerum.

504 5762 711 5826 πιστὸς,
746 5752 929 5814 ωηιιεὶ
946 5754 1127 5826 ﬁdeles
1164 5752 1327 5812 etiam
1356 5754 1577 5811 sanitati
1604 5752 1837 5809 restituti
1868 5766 2053 5808 saera—
