4108 6200
290 349 399 419 281

1340 355 1427 414 IN
1462 351 1633 415 CAN.
1699 350 1803 413 XV
1836 351 2046 411 CONC.
2091 348 2359 415 NIC:EN.
2406 354 2453 414 1.

3445 342 3554 409 292

367 468 561 524 ΒΑΛΣ.
622 467 684 523 '0
714 468 816 541 μὲν
857 469 1215 536 ἀποστολικδς
1274 475 1341 526 ιε’
1395 470 1612 532 κανὼν,
1666 467 1873 537 Μηκέτι

2054 465 2245 522 BALS.
2284 467 2623 538 Apostolicus
2652 463 2868 537 quidem
2916 460 3162 517 decimas
3206 458 3427 528 quintus
3460 473 3555 509 ca-

286 564 701 635 λειτουργείτω,
733 565 925 635 φησὶν,
950 565 977 616 ό
1001 562 1261 633 κληρικδς
1282 564 1310 617 ό
1338 562 1490 632 παρά
1525 559 1751 630 γνώμην
1780 556 1872 610 τοῦ

290 658 500 711 οἰκείου
524 656 828 709 ἐπισκόπου
861 657 967 709 ἀπὸ
996 656 1205 720 πόλεως
1234 658 1310 719 είς
1347 655 1500 708 πόλιν
1542 650 1878 722 μεθιστάμε-

307 762 423 809 νοςο
475 749 505 799 ό
546 748 603 800 δὲ
657 747 851 815 παρὼν
880 746 1059 800 κανὼν
1085 748 1153 801 τὰ
1198 746 1336 799 αὐτὰ
1371 746 1465 799 καὶ
1498 746 1626 815 περὶ
1659 739 1878 796 ἐπισκό-

293 847 419 887 πων
449 834 823 904 διοριζόμενος
857 835 1061 889 ἇκυοον
1092 831 1230 889 εἷναί
1254 853 1385 907 φησι
1414 833 1474 888 τὸ
1502 834 1651 906 παρὰ
1691 830 1866 887 ταῦτα

296 928 433 990 ἴσως
457 927 850 998 γενησόμενον.

821 1017 1027 1085 Ἑτέρα
1060 1015 1360 1086 ἑρμηνεία.

373 1107 485 1162 Τοῦ
510 1108 571 1163 ιδ’
621 1109 979 1163 ἀποστολικοῦ
1033 1111 1254 1174 κανόνος
1285 1111 1383 1180 τὴν
1434 1108 1530 1181 μὲν
1574 1110 1681 1164 ἀπὸ
1737 1127 1878 1182 παρ-

300 1201 486 1260 οικίας
511 1202 592 1263 είς
622 1202 917 1268 παροικίαν
957 1199 1213 1255 ἐπίϐασιν
1247 1198 1366 1273 ἤτοι
1415 1202 1747 1273 ἐπιπήδησιν
1774 1203 1881 1256 τῶν

299 1292 623 1345 ἐπισκόπων
649 1293 973 1356 κωλύοντος,
997 1294 1094 1365 τὴν
1111 1293 1166 1348 δὲ
1191 1293 1477 1363 μετάθεσιν
1498 1295 1883 1365 ἐπιτρέποντος

300 1386 394 1438 8ιᾶ
428 1385 673 1455 μεγάλην
700 1386 796 1438 καὶ
820 1382 1042 1452 εὔλογον
1083 1381 1263 1438 αἰτίαν
1289 1401 1305 1416 ⁶
1355 1386 1448 1438 καὶ
1491 1384 1588 1438 τοῦ
1646 1383 1721 1450 ις’
1778 1402 1880 1439 κα-

298 1478 462 1540 νόνος
504 1478 605 1547 τῆς
657 1480 715 1531 ἐν
775 1478 1077 1547 Ἀντιοχείᾳ
1132 1475 1347 1530 συνόδου
1378 1476 1749 1548 διοριζομένου
1792 1477 1882 1530 τὸν

303 1567 648 1635 σχολάζοντα
690 1565 784 1619 ἐπὶ
808 1568 1181 1637 σχολάζουσαν
1219 1568 1570 1635 μεταϐαίνειν
1599 1568 1737 1639 μετὰ
1765 1565 1883 1621 δια-

300 1658 565 1725 γνιὶσεως
593 1658 686 1710 καὶ
705 1646 1107 1728 παρακλήσεως
1137 1652 1349 1720 τελείας
1380 1657 1600 1710 συνόδου
1625 1675 1641 1689 ·
1705 1656 1886 1709 ὡσαύ-

300 1767 415 1814 τως
446 1751 544 1804 καὶ
572 1750 667 1806 τοῦ
700 1750 749 1804 α’
788 1752 882 1805 καὶ
905 1751 1158 1820 δευτέρου
1189 1750 1412 1812 κανόνος
1439 1749 1539 1819 τῆς
1566 1752 1624 1803 ἐν
1649 1744 1881 1820 Σαρδικῇ

301 1806 532 1898 συνόδου
590 1844 843 1914 μεγάλως
894 1806 1233 1907 κολαζόντων
1276 1845 1366 1895 τὸν
1389 1806 1747 1913 ἐπὶ-μεθόδου
1789 1806 1885 1895 καί
1920 1807 1962 1865 Β

301 1934 626 2004 οἰκονομίας
657 1933 869 2003 φαύλης
903 1934 1003 2002 τὴν
1041 1926 1316 2004 λαχοῦσαν
1349 1934 1509 1987 αὐτὸν
1533 1932 1887 2004 καταλιμπά-

301 2042 494 2090 νοντα,
531 2026 628 2079 καὶ
662 2024 886 2096 μείζονα
929 2025 1227 2094 ἐκκλησίαν
1263 2025 1596 2096 ἁρπάζοντα,
1650 2027 1745 2078 καλ⁵
1793 2023 1885 2078 τοῦ

306 2117 584 2185 παρόντος
630 2123 692 2169 ιε’
732 2116 960 2177 κανόνος
1030 2116 1129 2185 τῆς
1184 2113 1234 2169 α’
1307 2117 1525 2168 συνόδου
1572 2116 1890 2171 παντάπασι

313 2210 415 2277 μὲν
450 2208 754 2271 κωλύοντος
782 2207 879 2279 τὴν
928 2207 1035 2262 ἀπὸ
1068 2207 1274 2269 πόλεως
1300 2208 1379 2270 είς
1405 2208 1561 2261 πόλιν
1591 2208 1890 2277 μετάϐασιν

306 2296 421 2348 τῶν
437 2297 774 2361 ἐπισκόπων,
796 2296 906 2349 τῶν
926 2296 1334 2366 πρεσϐυτέρων,
1353 2298 1447 2350 καὶ
1468 2297 1574 2351 τῶν
1598 2298 1882 2365 διακόνων,

315 2389 391 2457 μὴ
448 2385 775 2451 κολάζοντος
814 2386 871 2440 δὲ
903 2386 1126 2457 ταύτην,
1177 2386 1312 2440 ἀλλὰ
1341 2384 1712 2457 διοριζομένου
1757 2389 1895 2441 ἀκυ-

316 2478 551 2549 ροῦσθαι
592 2479 653 2531 τὸ
699 2479 1156 2547 κατασκεύασμα,
1184 2479 1279 2532 καὶ
1303 2479 1779 2536 ἀποκαθίστασθαι
1822 2485 1890 2553 τῇ

317 2572 569 2641 προτέρᾳ
596 2571 863 2642 ἐκκλησίᾳ
885 2572 976 2625 τὸν
1006 2572 1328 2635 ἐπίσκοπον,
1388 2572 1420 2643 ἦ
1467 2572 1559 2625 τὸν
1588 2573 1895 2641 πρεσϐύτε-

319 2680 435 2732 ρον,
467 2662 502 2732 ἦ
521 2664 614 2715 τὸν
643 2662 890 2715 διάκονον
914 2664 990 2722 εις
1016 2664 1083 2734 ἢν
1112 2662 1623 2734 ἐχειροτονήθησαν,
1645 2664 1792 2718 εἴποι
1812 2683 1895 2729 τις

315 2752 698 2808 ἐναντιοῦσθαι
724 2756 851 2817 τοὺς
870 2754 1104 2818 κανόνας
1132 2756 1400 2825 ἀλλήλοις,
1434 2754 1572 2811 ἄλλα
1620 2756 1717 2810 καὶ
1760 2756 1898 2811 ἄλλα

316 2845 810 2915 θεσμοθετῶντας.
855 2846 995 2901 Ἀλλ’
1021 2848 1121 2901 οὐκ
1154 2850 1274 2900 ἐστι
1302 2849 1481 2902 τοῦτο.
1514 2848 1758 2918 Διαφορᾶ
1789 2850 1899 2919 γάρ

322 2941 479 2993 ἐστιν
505 2939 756 3008 ἀλλήλοις
777 2940 1141 3009 μεταθέσεως,
1177 2941 1550 3012 μεταϐάσεως,
1589 2943 1683 2995 καὶ
1711 2942 1903 2996 ἐπιϐαι-

318 3031 468 3092 σξας.
521 3029 828 3091 Μετάθεσις
884 3030 992 3101 γάρ
1044 3034 1195 3085 ἐστιν
1249 3034 1282 3103 ή
1329 3033 1436 3085 ἀπὸ
1490 3033 1783 3103 παροικίας
1821 3034 1901 3097 εἰς

1977 575 2106 623 non,
2162 558 2239 612 Nc
2284 557 2513 626 amplius
2547 557 2849 621 ministret,
2892 552 3102 619 inquit,
3178 548 3410 604 clericus
3463 544 3556 612 qui

1976 630 2175 719 praeter
2221 647 2426 717 proprii
2466 647 2703 716 episcOpi
2751 645 3116 707 sententiam,
3161 655 3187 693 a
3229 639 3449 694 civitate
3501 635 3553 689 in

1978 741 2257 795 civitatem
2315 739 2533 793 transit.
2598 737 2845 791 Praesens
2891 745 3069 788 autem
3125 745 3299 786 canon
3367 726 3556 780 eadem

1976 830 2140 884 etiam
2199 828 2266 881 dc
2310 826 2583 897 episcopis
2607 825 2891 887 deﬁniens,
2941 820 3157 874 irritum
3200 829 3321 869 esse
3370 812 3557 867 statuit

1979 922 2120 993 quod
2151 926 2347 992 praeter
2374 921 2487 974 haec
2523 917 2753 971 fortasse
2781 915 2982 970 factum
3025 911 3208 965 fuerit.

2516 1030 2699 1083 Altera
2736 1025 3014 1091 expositio.

2052 1126 2186 1182 Cum
2234 1122 2301 1179 14
2342 1138 2518 1179 canon
2549 1119 2872 1191 apostolicus
2904 1131 2932 1168 a
2971 1110 3227 1183 parochia
3286 1108 3340 1161 in
3397 1119 3558 1175 paro-

1982 1220 2161 1274 chiam
2219 1217 2559 1271 invasionem
2622 1227 2714 1266 seu
2777 1207 3135 1276 irruptionem
3202 1199 3486 1271 prohibeat
3543 1211 3558 1250 :

1982 1309 2399 1367 translationem
2432 1290 2609 1360 autem
2638 1310 2860 1373 pr0ptcr
2895 1311 3145 1366 magnam
3193 1303 3245 1346 et
3275 1293 3557 1345 honestam

1985 1416 2205 1455 causam
2241 1397 2542 1469 permittat,
2572 1406 2623 1449 et
2658 1392 2719 1446 16
2751 1404 2919 1443 canon
2956 1384 3212 1440 Antioch.
3255 1379 3439 1452 synodi
3470 1379 3562 1431 dc-

1985 1500 2284 1557 cernat,ut
2312 1489 2403 1558 qui
2449 1494 2601 1541 vacat
2653 1485 2703 1539 in
2756 1488 3034 1534 vacantem
3063 1474 3343 1531 ecclesiam
3381 1480 3560 1523 trans-

1986 1592 2094 1648 cat,
2166 1598 2287 1637 cum
2344 1577 2723 1645 dijudicatione
2773 1582 2827 1626 et
2868 1566 3267 1624 examinatione
3309 1561 3561 1634 perfecue

1985 1672 2181 1744 synodi
2214 1690 2230 1725 :
2257 1668 2503 1724 similiter
2522 1666 2725 1733 primus
2753 1670 2805 1716 et
2831 1659 3100 1715 secundus
3148 1670 3320 1709 canon
3348 1650 3559 1707 Sardim

1990 1765 2180 1837 synod.
2215 1778 2339 1816 eum
2372 1760 2522 1814 valde
2549 1757 2738 1827 puniat
2762 1753 2853 1823 qui
2880 1750 3120 1818 improha
3144 1747 3226 1800 via
3247 1761 3307 1799 ac
3328 1744 3560 1807 ratione,

1989 1834 2105 1911 eam
2134 1869 2255 1925 qua:
2295 1854 2467 1922 ipsum
2501 1849 2690 1903 sortita
2732 1853 2809 1900 est
2834 1887 2848 1911 ,
2888 1842 3175 1911 relinquit,
3212 1848 3266 1893 et
3306 1834 3563 1904 majorem

1987 1924 2269 2002 ecclesiam
2309 1950 2537 2010 occupat
2593 1948 2647 1994 et
2710 1937 2906 2007 arripit
2945 1952 2958 1988 :
3004 1943 3058 1987 et
3110 1924 3439 2001 pra’scnslS
3471 1939 3565 1979 ca-

1987 2049 2094 2089 non
2134 2032 2319 2102 prima:
2358 2028 2547 2101 synodi
2601 2026 2888 2080 transitum
2918 2022 3315 2093 episc0pornnv,
3344 2012 3567 2087 presby-

1992 2136 2233 2180 terorum
2299 2128 2355 2175 et
2417 2120 2765 2172 diaconorum
2823 2129 2850 2168 a
2904 2114 3122 2167 civitate
3183 2111 3235 2163 in
3290 2108 3566 2161 civitatem

1990 2216 2210 2271 omnino
2260 2210 2581 2282 prohibeat,
2638 2221 2757 2262 eum
2811 2214 2988 2258 autem
3042 2216 3145 2255 non
3200 2198 3424 2268 puniat,
3470 2195 3567 2250 sed

1996 2308 2205 2363 irritqu
2251 2319 2374 2359 esse
2417 2303 2675 2358 decernat
2726 2299 2777 2353 id
2815 2297 2955 2366 quod
3018 2294 3216 2349 factum
3273 2290 3458 2355 fuerit,
3511 2297 3568 2342 et

1990 2399 2156 2470 priori
2207 2395 2453 2452 ecclesia:
2485 2392 2696 2448 restitui
2735 2393 3048 2460 episcopum
3080 2394 3131 2438 et
3163 2383 3567 2454 presbyterum,

1990 2490 2076 2544 Vel
2120 2489 2432 2551 diaconum,
2487 2484 2539 2538 in
2568 2496 2728 2552 quam
2755 2478 2985 2533 ordinati
3010 2484 3185 2540 erant,
3211 2471 3573 2540 dixeritquis-

1998 2584 2139 2651 piam
2197 2593 2436 2635 canones
2481 2574 2584 2630 sibi
2628 2572 2859 2627 invicem
2890 2582 3214 2640 repugnare,
3250 2564 3435 2620 utalia
3483 2572 3572 2615 ειη

1995 2688 2101 2745 que
2129 2671 2234 2725 alia
2268 2668 2598 2724 sancientes.
2625 2664 2691 2717 At
2729 2677 2835 2718 non
2867 2661 2939 2715 ita
2972 2669 3075 2715 est.
3114 2658 3248 2712 Nam
3294 2666 3380 2713 est
3416 2654 3574 2709 diﬁc-

1996 2764 2172 2822 rentia
2201 2763 2341 2817 inter
2367 2757 2780 2814 translationem
2804 2794 2818 2817 ,
2858 2752 3230 2807 transitionem
3261 2758 3316 2804 et
3339 2747 3575 2803 invasio-

1997 2868 2140 2910 nem.
2171 2849 2483 2906 Translatio
2522 2848 2666 2903 enim
2693 2854 2797 2906 est.
2835 2859 2955 2915 qua:
2981 2844 3038 2897 ﬁt
3060 2858 3086 2896 a
3112 2840 3364 2912 parochia
3403 2839 3456 2892 in
3482 2852 3577 2907 pa-

1997 2946 2239 3003 rochiam
2272 2940 2810 3010 traductiozquando
2842 2932 3074 2993 fortasse
3106 2934 3394 3002 episcOpns
3428 2929 3575 2983 varia

1998 3054 2061 3093 ac
2105 3034 2379 3105 multiplici
2433 3032 2655 3088 scientia
2719 3031 3021 3085 instructus
3085 3026 3153 3080 ab
3193 3023 3574 3094 episcoporum

318 3124 623 3194 παροικίαν
646 3122 945 3193 μετένεξις,
989 3126 1117 3178 ὅταν
1140 3126 1300 3195 τυχὸν
1327 3125 1625 3189 ἐπίσκοπος
1664 3125 1897 3195 παντοίᾳ

2003 3127 2347 3184 multitudine
2368 3163 2383 3190 ,
2418 3123 2471 3178 in
2504 3121 2677 3192 majus
2707 3120 2950 3176 ecclesia:
2989 3117 3164 3172 viduze
3200 3116 3265 3170 de
3295 3128 3422 3168 vera
3454 3112 3580 3167 reli-

320 3215 489 3285 σοφίᾳ
529 3216 946 3284 κεκοσμημένος
975 3216 1290 3287 μετακληθῇ
1327 3216 1479 3287 παρὰ
1511 3216 1749 3286 πλήθους
1778 3218 1899 3269 ἐπι-

322 3306 551 3358 σκόπων
580 3308 658 3369 εἰς
692 3306 918 3376 μείζονα
948 3304 1244 3376 ἐκκλησίας
1282 3302 1622 3377 χηρευούσης
1652 3306 1903 3376 βοήθειαν

320 3396 749 3467 κινδυνευούσης
780 3398 909 3467 περὶ
951 3397 1051 3467 τὴν
1078 3399 1383 3452 εὐσέϐειαν.
1428 3394 1552 3452 Οἷόν
1593 3411 1649 3451 τι
1682 3398 1904 3467 γέγονεν

323 3494 406 3552 εἰς
473 3491 568 3543 τδν
621 3491 794 3559 μέγαν
839 3492 1140 3563 Γρηγόριον
1183 3493 1275 3547 τὸν
1317 3493 1596 3561 Θεολόγον,
1644 3493 1753 3548 ἀπὸ
1795 3493 1906 3548 τῶν

324 3580 589 3651 Σασίμων
614 3581 693 3645 είς
722 3582 1296 3637 Κωνσταντινούπολιν
1339 3583 1721 3653 μετατεθέντα.
1787 3583 1902 3638 Καὶ

326 3668 478 3722 ἔστιν
528 3668 680 3745 αὕτη.
715 3668 1107 3740 συγχωρητέα,
1159 3669 1341 3731 καθὼς
1407 3668 1741 3740 παρίσταται
1798 3669 1907 3722 ἀπὸ

325 3759 425 3814 τοῦ
503 3758 567 3812 ιδ’
610 3742 844 3824 κανόνος
895 3760 1003 3814 τῶν
1040 3759 1215 3829 ἁγίων
1264 3760 1599 3816 ἀποστόλων.
1652 3760 1909 3815 Μετάϐα-

328 3856 419 3919 σξς
474 3857 647 3920 ἐστιν,
700 3857 831 3910 ὅταν
879 3872 967 3919 τις
1020 3852 1317 3925 σχολάζων,
1359 3858 1599 3929 δηλονότι
1644 3856 1720 3927 μὴ
1769 3855 1910 3925 ἔχων

327 3949 653 4016 παροικξαν,
684 3948 760 4008 ὡς
805 3947 911 4001 ὑπὸ
952 3946 1121 4002 ἐθνῶν
1146 3948 1546 4019 κατεχομένην,
1589 3948 1907 4019 ἀναγκασθῇ

328 4041 492 4110 παρὰ
535 4040 849 4095 ἐπισκόπων
894 4040 1107 4094 πολλῶν
1166 4040 1246 4104 είς
1278 4039 1644 4110 σχολάζουσαν
1698 4038 1911 4103 ἐκκληο

331 4134 460 4187 σίαν
507 4133 812 4204 μεταϐῆναι
849 4133 938 4187 διὰ
965 4133 1025 4188 τδ
1060 4135 1191 4206 περὶ
1232 4133 1332 4203 τὴν
1380 4131 1691 4203 ὀρθοδοξίαν
1721 4132 1818 4184 καὶ
1841 4130 1911 4183 τὰ

330 4223 503 4276 λοιπά
533 4222 965 4292 ἐκκλησιαστικά
992 4223 1411 4295 χρησιμώτατον
1436 4220 1622 4274 αὑτοῦ.
1658 4220 1767 4274 Καὶ.
1795 4220 1910 4274 ἐστι

332 4317 431 4369 καὶ
459 4313 602 4385 αὕτη
632 4314 823 4368 δεκτέα
853 4315 1003 4385 παρὰ
1028 4318 1139 4378 τοῖς
1163 4315 1329 4378 θείοις
1359 4313 1546 4368 κανόσι
1573 4312 1680 4366 τῶν
1700 4314 1758 4366 ἐν
1790 4313 1912 4366 Ἀν-

334 4407 554 4477 τιοχείᾳ
598 4406 961 4460 συνελθόντων
983 4407 1156 4476 ἁγίων
1197 4407 1479 4478 Πατέρων.
1517 4405 1801 4467 Ἐπίϐασις
1856 4401 1913 4458 δέ

2002 3222 2161 3292 gione
2200 3219 2253 3272 in
2303 3215 2604 3285 periculum
2653 3213 2935 3277 adductae,
2967 3208 3230 3265 auxilium
3276 3204 3578 3261 accersitus

2003 3290 2187 3365 inerit.
2220 3306 2371 3373 Quod
2420 3318 2615 3374 magno
2663 3300 2928 3371 Gregorio
2973 3299 3246 3365 Theologo
3279 3310 3374 3349 usu
3410 3290 3578 3357 venit,

2004 3400 2094 3471 qui
2128 3416 2157 3451 a
2192 3396 2420 3453 Sasimis
2460 3392 2971 3463 Constantinopolin
3024 3389 3319 3444 translatus
3344 3394 3427 3440 est
3458 3402 3472 3439 :
3525 3394 3581 3438 et

2004 3506 2067 3548 ea
2118 3498 2202 3547 est
2263 3486 2647 3560 permittenda,
2702 3481 3137 3554 quandoquidem
3187 3494 3217 3533 a
3267 3483 3580 3532 sanctorum

2006 3579 2371 3652 apostolorum
2423 3577 2489 3632 14
2525 3590 2735 3632 canone
2784 3574 3082 3629 inducitur.
3145 3568 3421 3625 Transitio
3474 3576 3581 3631 est,

2007 3671 2222 3743 quando
2271 3684 2472 3725 vacans
2537 3665 2789 3723 videlicet
2835 3664 3143 3735 quispiam,
3213 3677 3318 3717 non
3378 3657 3585 3715 habens

2007 3765 2323 3837 parochiam
2375 3777 2497 3833 qua:
2547 3778 2578 3816 a
2628 3759 2920 3828 gentilibus
2965 3755 3263 3820 detinetur,
3317 3768 3345 3807 a
3402 3749 3585 3805 multis

2008 3856 2275 3927 episcopis
2330 3856 2385 3910 in
2428 3863 2708 3909 vacantem
2756 3849 3046 3906 ecclesiam
3080 3846 3315 3902 transire
3362 3850 3586 3898 coactus

2010 3948 2172 4002 fuerit
2218 3955 2439 4016 propter
2470 3943 2588 4017 ejus
2617 3945 2669 3998 in
2710 3950 2854 3999 recta
2906 3943 2973 3997 de
3017 3940 3125 3997 ﬁde
3165 3936 3489 3994 sententiam
3532 3943 3588 3988 et

2012 4036 2236 4106 reliquis
2281 4033 2668 4092 ecclesiasticis
2709 4033 2998 4087 utilitatem
3044 4047 3058 4085 :
3108 4038 3164 4084 et
3194 4037 3278 4080 est
3308 4028 3422 4081 haec
3448 4035 3587 4091 qua-

2011 4141 2116 4197 que
2145 4122 2485 4195 suscipienda
2518 4140 2547 4178 a
2577 4124 2772 4179 divinis
2804 4121 3102 4177 canonibus
3130 4123 3450 4173 sanctorum
3483 4110 3589 4164 Pa-

2012 4220 2152 4269 trum
2191 4211 2279 4281 qui
2311 4210 2364 4265 in
2402 4208 2686 4265 Antiochia
2718 4215 3107 4263 convenerunt.
3145 4200 3359 4258 lnvasio
3407 4208 3588 4253 autem

2014 4313 2098 4360 est
2142 4301 2336 4366 libera,
2375 4302 2461 4356 vel
2493 4300 2656 4355 etiam
2696 4313 2820 4353 cum
2862 4294 3022 4350 matis
3065 4292 3277 4348 artibus
3320 4290 3592 4358 improbo-

2014 4408 2120 4464 qne
2159 4390 2385 4447 consilio
2417 4431 2433 4456 ,
2492 4389 2610 4461 ejus
2647 4389 2739 4458 qui
2797 4394 2995 4453 vacat,
3038 4383 3123 4439 vel
3163 4382 3250 4450 qui
3294 4380 3455 4435 etiam
3496 4378 3592 4432 ha-

568 4498 864 4569 αὐτόνομος
894 4499 928 4570 ἢ
952 4470 1046 4553 καί
1077 4500 1215 4571 μετὰ
1246 4470 1555 4570 οἰκονομίας
1593 4497 1799 4568 φαύλης
1819 4496 1902 4551 τοῐ

2024 4487 2115 4541 bet
2181 4484 2465 4542 ecclesiam
2533 4480 2814 4552 episcOpi,
2883 4477 2950 4533 ad
3021 4476 3235 4531 viduam
3304 4470 3591 4526 ecclesiam

340 4590 732 4660 σχολάζοντος,
793 4591 826 4662 ἢ
881 4592 978 4645 καὶ
1029 4592 1125 4646 τοῦ
1178 4592 1396 4661 ἔχοντος
1450 4590 1747 4661 ἐκκλησίαν
1800 4593 1918 4643 ἐπι-

344 4683 573 4747 σκόπου,
603 4683 738 4752 πρὸς
763 4682 1101 4754 χηρεύουσαν
1125 4683 1421 4753 ἐκκλησίαν
1452 4682 1760 4753 παράλογος
1789 4697 1920 4751 μετ-

344 4774 519 4841 ἑνεξις
544 4789 561 4804 ·
619 4775 689 4843 ἢν
728 4774 981 4829 τοσοῦτον
1051 4775 1101 4828 οι
1158 4775 1218 4829 ἐν
1282 4774 1518 4845 Σαρδικῇ
1576 4771 1921 4834 συνελθόντες

344 4868 492 4933 ἅγιοι
544 4867 788 4936 Πατὲρες
836 4866 1209 4931 ἐϐδελύξαντο,
1252 4865 1393 4920 ὥστε
1428 4864 1524 4917 καὶ
1554 4862 1920 4931 ἀκοινώνητον

343 4954 485 5010 εῖναι
532 4959 699 5011 παντὶ
750 4958 1064 5029 Χριστιανῷ
1112 4957 1206 5011 τὸν
1245 4956 1486 5027 ἐργάτην
1534 4956 1735 5024 ταύτης
1791 4953 1921 5006 διω-

346 5051 607 5120 ρίσαντο,
661 5052 758 5104 καὶ
806 5049 943 5120 μηδὲ
990 5051 1049 5103 ἐν
1088 5053 1207 5114 ταῖς
1245 5048 1580 5110 τελευταίαις
1622 5046 1921 5109 ἀναπνοαῖς

344 5143 543 5211 λαῖκῆς
594 5140 880 5204 κοινωνίας
906 5140 1190 5206 ἀξιοῦσθαι
1221 5140 1399 5194 αὐτόν.
1445 5139 1502 5192 '0
1525 5137 1583 5192 δὲ
1621 5137 1684 5189 ιε’
1736 5135 1921 5190 κανὼν

343 5234 443 5301 τῆς
471 5241 521 5284 α’
574 5231 819 5296 συνόδου,
861 5233 990 5301 περὶ
1048 5231 1276 5302 μηδενὸς
1300 5230 1544 5285 τοιούτου
1577 5229 1768 5299 μνείαν
1803 5244 1924 5282 ποι-

342 5323 606 5392 ούμενος,
667 5320 778 5374 οὐδ’
802 5320 1151 5375 ἐναντιοῦταί
1178 5337 1287 5375 τινι
1315 5319 1424 5373 τῶν
1449 5318 1712 5387 ἀνωτέρω
1749 5334 1923 5371 κατα-

349 5413 707 5483 στρωθέντων
753 5413 1016 5467 κανόνων.
1069 5412 1206 5468 Οὔτε
1240 5413 1349 5483 γὰρ
1376 5412 1505 5482 περὶ
1554 5410 1919 5481 μεταθέσεως.

347 5505 473 5559 οὔτε
541 5504 675 5575 περὶ
742 5504 1117 5573 μεταϐάσεως,
1169 5503 1294 5557 οὔτε
1337 5502 1465 5572 περὶ
1508 5499 1802 5561 ἐπιϐασίας
1845 5498 1919 5552 διο

347 5597 565 5650 δάσκειο
620 5593 757 5647 ἀλλὰ
786 5593 985 5648 κωλύει
1032 5593 1092 5647 τὸ
1124 5590 1486 5663 μεταπίπτειν
1528 5585 1851 5652 ἐπίσκοπον,
1889 5586 1922 5659 ἢ

352 5688 751 5757 πρεσϐύτερον,
792 5685 825 5755 ἢ
866 5685 1110 5739 διάκονον
1139 5682 1247 5740 ἀπὸ
1276 5681 1482 5740 πόλεως
1513 5680 1596 5742 είς
1638 5676 1789 5731 πόλιν
1812 5677 1924 5728 ἑτέ-

355 5796 452 5850 ραν
473 5778 792 5849 ἀνήκουσαν
822 5778 887 5847 τῇ
937 5778 1074 5848 αὐτῇ
1132 5772 1411 5847 παροικίᾳ,
1465 5770 1657 5841 ὥσπερ
1706 5765 1838 5821 ποτε
1891 5764 1921 5818 ό

2024 4580 2221 4650 injusta
2268 4572 2567 4647 aggressio.
2629 4572 2840 4640 Quam,
2898 4568 2989 4639 qui
3056 4568 3108 4621 in
3163 4562 3373 4654 sardic.
3436 4574 3596 4654 syno-

2023 4671 2090 4726 do
2141 4667 2251 4741 76
2324 4672 2697 4722 convenerunt
2757 4662 2933 4718 sancti
2994 4651 3221 4721 Patres,
3287 4655 3423 4709 adeo
3502 4651 3597 4706 ad‘

2021 4762 2223 4819 versati
2298 4767 2482 4826 sunt,
2552 4767 2611 4811 ut
2675 4755 2771 4826 qui
2843 4768 2963 4808 eam
3051 4748 3334 4806 admiserit
3372 4785 3391 4813 ,
3471 4758 3594 4800 eum

2022 4868 2147 4907 cum
2196 4850 2343 4906 nullo
2388 4862 2545 4918 posse
2578 4844 2897 4902 Christiano
2944 4839 3351 4897 communicare
3386 4843 3594 4889 statue-

2026 4944 2156 5008 rint,
2192 4950 2246 4997 et
2274 4955 2374 4996 nec
2397 4940 2461 5009 fin
2493 4949 2735 4994 extremo
2773 4935 2989 5006 quidem
3042 4930 3233 5001 spiritu
3284 4941 3406 4980 eum
3457 4922 3594 4976 laica

2022 5034 2403 5093 communione
2443 5032 2665 5101 dignum
2715 5027 3045 5090 censuerint,
3098 5020 3162 5076 15
3207 5026 3383 5073 autem
3404 5015 3594 5085 prima

2024 5129 2216 5200 synodi
2245 5139 2419 5183 canon
2449 5126 2514 5181 de
2536 5123 2683 5177 nullo
2712 5118 2973 5192 ejusmodi
2994 5115 3323 5169 mentionem
3353 5108 3591 5172 faciens,

2027 5197 2159 5273 nulli
2185 5231 2398 5281 eorum,
2423 5215 2513 5284 qui
2538 5212 2788 5283 superius
2818 5208 2974 5280 positi
3007 5213 3153 5269 sunt,
3183 5201 3374 5257 canoni
3400 5197 3594 5253 adver-

2026 5292 2176 5366 satur
2204 5322 2218 5364 :
2246 5323 2420 5379 neque
2449 5307 2593 5362 enim
2639 5305 2706 5359 de
2754 5299 3136 5360 translatione,
3172 5308 3272 5348 nec
3297 5292 3363 5346 de
3397 5288 3596 5346 transi-

2026 5399 2196 5461 tione,
2233 5411 2333 5452 ncc
2368 5396 2436 5449 de
2470 5394 2748 5449 invasione
2792 5391 2947 5445 docet
2988 5403 3003 5440 :
3048 5384 3141 5438 sed
3189 5382 3435 5451 prohibet
3480 5379 3595 5447 epi-

2027 5503 2270 5556 scopum,
2319 5484 2403 5541 vel
2455 5486 2864 5556 presbyterum,
2911 5476 2992 5532 vel
3042 5475 3327 5529 diaconum
3360 5471 3426 5525 ab
3462 5471 3596 5524 urbe

2029 5579 2081 5633 in
2120 5580 2307 5633 urbem
2354 5580 2421 5631 ad
2460 5592 2616 5633 suam
2652 5572 2962 5645 parochiam
2999 5570 3358 5640 pertinentem
3409 5571 3600 5619 trans.

2028 5684 2208 5725 meare
2234 5685 2298 5725 ac
2322 5670 2614 5734 transilire,
2657 5667 2799 5721 sicut
2839 5664 2928 5719 ille
2992 5661 3145 5719 Derci
3174 5659 3459 5731 episcopus
3497 5657 3595 5711 do-

2029 5766 2207 5822 minus
2241 5762 2494 5833 Joannes,
2519 5768 2742 5819 conatus
2764 5762 2868 5816 ’est
2903 5757 3057 5815 Derci
3113 5756 3366 5817 thronum
3414 5756 3594 5805 trans-
