4108 6200
243 308 354 370 285

1302 313 1385 374 IN
1421 311 1583 374 CAN.
1626 313 1759 374 XVI
1783 314 1994 377 CONC.
2026 319 2300 383 NlCAIN.
2347 323 2396 383 Ῐ.

3389 333 3497 399 2τ6

323 419 524 473 ΒΑᾹΣ.
541 418 674 472 Ἀπὸ
706 418 798 473 τοῦ
820 419 1007 483 τέλους
1033 421 1126 474 τοῦ
1147 428 1208 475 ιε’
1250 424 1471 487 κανόνος
1492 440 1820 494 παρισταται

1991 430 2191 486 BALS.
2244 433 2317 487 Ex
2365 439 2473 490 tiue
2517 436 2712 493 decimi
2763 442 2939 509 quinti
2975 445 3202 500 canonis
3251 451 3498 504 ostendi-

240 513 325 564 ὃτι
411 513 610 574 πάντες
688 515 738 564 οί
795 513 1330 588 χειροτονούμενοιῆ
1385 519 1463 580 είς
1526 519 1827 582 ὲπισκοπάς

244 600 598 672 ἐκληροῦντο,
660 602 782 671 ἤτοι
833 603 1284 672 ὲχειροτονοῦντο,
1338 605 1370 677 ἢ
1423 608 1502 669 εἰς
1565 608 1831 678 μοναστή-

246 713 362 763 ρ·α,
414 694 444 763 ἦ
505 694 588 756 είς
631 692 809 756 θείους
864 693 1058 755 ναούς·
1126 694 1247 748 ὅθεν
1309 697 1618 760 ἀκολούθως
1657 701 1830 768 τούτῳ

247 789 342 839 καὶ
384 790 410 839 ὁ
447 793 500 850 ς’
547 785 730 839 κανὼν
751 786 850 855 τῆς
878 787 934 837 ἐν
990 786 1293 856 Χαλκηδόνι
1323 789 1543 842 συνόδου
1578 791 1672 843 καὶ
1729 792 1756 843 ὁ
1798 789 1829 844 ι’

247 878 578 944 δ;ορίζονται
630 876 775 947 οὖτῳ
821 879 946 939 τοὺς
979 877 1275 948 κληρικοὺς
1304 879 1572 946 γίνεσθαι,
1602 881 1697 932 καὶ
1730 881 1831 952 τὴν

257 971 404 1035 παρὰ
444 967 622 1019 ταῦτα
655 967 1029 1035 γενησομένην
1076 967 1418 1035 χειροθεσίαν
1468 967 1825 1037 ἀκυροῦσθαι.

248 1060 340 1110 Διὸ
400 1059 497 1109 καὶ
532 1059 779 1110 δέδοκται
807 1059 879 1126 μὴ
909 1057 1054 1127 ἔχειν
1082 1057 1168 1110 ἐπ’
1202 1058 1386 1120 ἀδείας
1412 1059 1532 1111 τινὰ
1567 1059 1830 1130 κληρικὸν

249 1149 359 1200 ἀπὸ
397 1148 698 1218 παροικίας
732 1150 814 1210 είς
847 1149 1145 1218 παροικίαν
1174 1148 1520 1217 μεταϐαίνειν
1549 1151 1644 1203 καὶ
1671 1152 1830 1219 ἀμεί·

249 1241 310 1292 6s
323 1259 371 1291 ιν
406 1241 497 1293 τὸν
533 1241 632 1307 κλῆ
643 1258 733 1309 ρον
760 1241 888 1293 ἄνευ
912 1242 1132 1312 γραφῆς
1162 1243 1495 1311 ἀπολυτικῆς
1524 1241 1616 1295 τοῦ
1646 1259 1828 1312 χειρο-

252 1332 585 1401 τονήσαντος
635 1332 846 1384 τοῦτον.
884 1332 1020 1394 Τοὺς
1045 1331 1102 1384 δὲ
1142 1333 1650 1402 μετακαλουμένους
1699 1334 1830 1404 κλη-

258 1425 450 1492 ρικοὺς
488 1417 639 1492 παρά
672 1424 780 1476 τῶν
809 1424 1305 1494 χειροτονησάντων
1352 1425 1572 1491 αὐτοὺς,
1622 1426 1716 1478 καὶ
1753 1426 1827 1498 μὴ

257 1517 646 1584 πειθομένους,
741 1517 1110 1586 ἀναστρέφειν
1177 1519 1578 1588 ἀκοινωνήτους
1645 1519 1829 1582 αὐτοῖς

508 1610 676 1678 ἡγουν
753 1608 828 1678 μὴ
900 1610 1347 1679 παραχωρεῖσθαι
1424 1613 1828 1681 συνιερουργεῖν

249 1701 488 1762 τούτοις.
534 1702 629 1762 Εἰς
659 1699 821 1752 τοῦτο
851 1701 958 1768 γὰρ
1008 1700 1069 1751 τὺ
1119 1700 1192 1770 μὴ
1227 1704 1501 1754 κοινωνεῖν
1550 1703 1824 1772 ὲκλαμόάο

255 1605 419 1673 εἶναι,

1935 527 2042 578 ttI—r,
2072 523 2216 589 qttod
2239 540 2426 578 omnes
2455 526 2542 590 qui
2572 528 2915 593 ordinantur,
2945 535 3023 584 vel
3047 534 3112 586 ad
3155 535 3499 604 episcopalus

1931 613 2202 683 eliguntur
2217 614 2322 683 77
2340 616 2457 670 sive
2482 618 2827 682 ordinantur,
2851 619 2932 675 vel
2956 621 3024 674 ad
3051 625 3400 689 monasteria,
3419 627 3500 679 vel

1932 703 1995 756 ad
2026 704 2240 759 divinas
2281 705 2440 761 aedes.
2485 705 2638 763 Unde
2669 709 2717 762 ei
2752 721 3143 780 consequenter
3169 723 3223 766 et
3268 715 3302 769 6
3326 731 3500 770 canon

1931 793 2187 850 Cbalced.
2213 811 2334 866 syn.
2372 807 2426 851 et
2477 799 2543 852 10
2592 809 2840 853 statuunt
2881 801 3106 857 clericos
3152 803 3234 858 sic
3268 805 3402 868 fieri,
3449 817 3504 859 et

1929 902 2049 956 quae
2093 888 2248 940 aliter
2275 887 2415 941 facta
2448 889 2628 953 fuerit,
2663 907 2916 945 manuum
2941 893 3339 965 irnpositionem
3373 898 3504 949 irri-

1934 988 2038 1031 tam
2092 979 2302 1034 haberi.
2363 981 2628 1047 Quocirca
2648 983 2810 1036 etiam
2867 987 3068 1052 placuit
3132 1003 3235 1040 non
3279 988 3404 1041 esse
3448 988 3502 1040 in

1929 1070 2111 1124 clerici
2151 1080 2416 1138 potestate
2449 1087 2476 1124 a
2499 1073 2720 1128 civitate
2753 1074 2806 1128 in
2843 1076 3122 1128 civitatem
3159 1078 3411 1144 migrare,
3451 1087 3506 1131 et

1929 1163 2134 1216 clerum
2168 1170 2500 1216 commutare
2527 1163 2646 1217 sine
2677 1164 3004 1218 dimissoriis
3037 1165 3231 1220 litteris
3267 1165 3382 1232 eius
3413 1167 3504 1233 qui

1929 1254 2202 1307 ordinavit
2235 1271 2248 1306 :
2284 1255 2514 1308 clericos
2541 1265 2717 1309 autem
2755 1258 2846 1325 qui
2875 1259 2942 1313 ab
2965 1259 3045 1312 eis
3074 1259 3162 1328 qui
3188 1261 3509 1312 ordinarunt

1928 1347 2444 1415 ipsos,'evocantur,
2479 1357 2532 1401 et
2579 1349 2756 1402 redire
2791 1365 2893 1401 non
2936 1350 3351 1415 persuadeatur,
3388 1365 3509 1406 esse

1929 1452 1956 1488 a
1978 1440 2360 1490 communione
2381 1446 2680 1507 separatos,
2696 1438 2748 1490 id
2772 1448 2847 1492 est
2872 1455 2976 1492 nou
3000 1440 3234 1509 permitti
3256 1442 3334 1496 eis
3359 1452 3412 1493 ιιι
3432 1441 3511 1494 si-

1931 1527 2036 1580 mul
2051 1528 2374 1582 sacrificent.
2395 1529 2448 1582 In
2473 1544 2535 1582 ea
2553 1530 2694 1582 enim
2715 1529 3108 1599 significatione
3128 1545 3231 1585 neu
3256 1547 3510 1586 contmu~

1929 1620 2114 1673 uicare
2144 1619 2409 1699 accipitur
2437 1639 2450 1675 :
2475 1637 2579 1674 non
2604 1630 2782 1677 autem
2810 1623 2862 1675 in
2887 1638 2946 1676 ea
2979 1638 3097 1691 qum
3121 1634 3225 1686 est,
3250 1625 3301 1678 in
3327 1625 3508 1680 eccle-

1929 1711 2065 1765 siam
2089 1727 2192 1764 uon
2215 1713 2498 1775 accedere,
2525 1712 2603 1767 vel
2623 1723 2958 1768 sacramenta
2990 1729 3092 1767 non
3136 1716 3464 1784 participare
3491 1735 3504 1770 :

249 1810 428 1853 νεῖαι,
451 1793 511 1844 οὗ
547 1793 655 1862 μὴν
684 1793 764 1853 εἰς
797 1791 856 1844 τὸ
904 1791 979 1859 μὴ
1031 1792 1440 1862 ἐκκλησιάζειν,
1481 1793 1511 1864 ῆ
1541 1795 1621 1857 είς
1657 1795 1716 1848 τὸ
1751 1795 1825 1866 μὴ

1939 1803 2094 1872 idque
2141 1805 2366 1858 omnino
2403 1807 2460 1858 lit
2498 1815 2900 1874 consequenter
2943 1805 3011 1858 15
3049 1807 3241 1860 canoni
3293 1817 3510 1874 aposto-

253 1883 702 1954 μεταλαμϐάνειν
769 1883 878 1934 τῶν
940 1883 1324 1952 ἀγιασμάτων,
1355 1884 1662 1949 ἀκολούθως
1696 1887 1830 1940 πάν-

249 1990 360 2034 τως
385 1972 470 2040 τῷ
502 1970 561 2023 ιε’
597 1971 938 2039 ἀποστολικῷ
974 1973 1178 2033 κανόνι,
1206 1971 1285 2041 τῷ
1329 1972 1687 2045 διοριζομένῳ
1750 1975 1826 2046 μὴ

248 2066 602 2134 λειτουργεῖν
634 2065 762 2126 τοὺς
793 2063 1103 2125 τοιούτους.
1172 2064 1232 2118 ’0
1260 2064 1314 2117 δὲ
1347 2069 1424 2130 ις’
1467 2066 1828 2128 ἀποστολικὸς

251 2157 437 2210 κανὼν
469 2155 763 2227 ἀφορισμῷ
803 2154 1208 2210 καθυποὸάλλει
1255 2157 1348 2210 τὸν
1377 2157 1673 2226 δεξάμενον
1697 2158 1821 2210 ἐπί-

252 2266 462 2302 σκοπον
493 2249 554 2313 ἐξ
584 2251 780 2319 ἐτέρας
822 2250 1122 2319 παροικίας
1147 2249 1411 2320 κληρικὺν
1453 2251 1582 2303 ἄνευ
1617 2251 1822 2303 ἀπολυ-

249 2343 414 2408 τικῆς
461 2342 686 2413 γραφῆς
724 2341 819 2394 τοῦ
884 2341 1370 2412 χειροτονήσαντος
1426 2342 1611 2396 αὐτόν.
1662 2342 1824 2394 Ὥστε

252 2434 439 2495 καλῶς
473 2435 622 2485 ποιεῖ
664 2435 691 2486 ό
742 2433 884 2487 κατά
940 2433 1166 2501 καιροὺς
1205 2435 1306 2503 τῆς
1338 2433 1596 2503 Μεγάλης
1635 2433 1828 2504 ἐκκλη-

255 2528 374 2586 σίας
404 2525 779 2596 χαρτοφύλαξ,
817 2526 891 2596 μὴ
937 2525 1290 2597 παραχωρῶν
1332 2527 1444 2587 τοῖς
1480 2523 1830 2597 ἔξωχειροτο-

254 2621 436 2687 νήτοις
487 2619 730 2687 ἱερεῦσιν
764 2621 1093 2690 ἱερουργεῖν,
1147 2618 1222 2690 μὴ
1277 2619 1672 2690 προκομίζουσι
1731 2637 1831 2673 συ-

254 2712 524 2775 στατικὰς
549 2714 641 2765 καὶ
661 2710 1000 2775 ἀπολυτικὰς
1041 2712 1260 2782 γραφὰς
1283 2711 1390 2765 τῶν
1415 2714 1833 2783 χειροτονησάν-

255 2823 358 2859 ’ων
410 2806 633 2868 αύτούς.
686 2805 986 2874 Ἀνάγνωθι
1040 2807 1133 2858 καὶ
1197 2806 1286 2859 τὸν
1319 2805 1393 2859 λε’
1443 2807 1818 2877 ἀποστολικδν,

256 2903 484 2956 συνόδου
531 2901 760 2970 Ἐφέσου
797 2900 999 2955 κανόνα
1032 2907 1101 2970 η’.

321 3039 569 3096 ΖΩΝᾹΡ.
608 3039 669 3092 ’0
711 3037 809 3108 μὲν
839 3036 940 3105 πρὸ
976 3035 1166 3089 τούτου
1193 3032 1374 3089 κανὼν
1421 3036 1548 3099 τοὺς
1614 3036 1832 3107 ἀναχω-

1880 2811 2103 2877 κανόνα,
2147 2811 2366 2866 συνόδου
2431 2813 2762 2885 Ἀντιοχείας
2821 2812 3050 2876 κανόνας
3097 2819 3166 2880 ιγ’

1930 1892 2055 1958 lico,
2116 1895 2204 1962 qui
2229 1893 2482 1949 decernit
2529 1911 2626 1952 eos
2669 1912 2776 1950 non
2823 1898 3157 1952 ministrare.
3209 1898 3274 1952 l6
3326 1907 3503 1951 autem

1929 2000 2103 2040 canon
2147 1988 2478 2056 apostolicus
2523 1990 2879 2059 segregationi
2936 1989 3153 2057 sulijicit
3196 1991 3358 2042 etiam
3395 1991 3509 2058 epi-

1929 2095 2148 2149 sc0pum
2180 2083 2270 2150 qui
2300 2098 2364 2136 ex
2393 2082 2496 2135 alia
2529 2083 2785 2151 parochia
2817 2083 3072 2136 clericum
3111 2081 3331 2148 recipit,
3388 2079 3506 2134 sine

1929 2171 2255 2227 dimissoriis
2305 2171 2499 2227 litteris
2547 2172 2663 2242 eius
2701 2173 2790 2242 qui
2837 2187 2959 2226 eum
2997 2172 3286 2226 ordinavit.
3329 2172 3508 2237 Quare

1931 2272 2076 2318 recte
2106 2263 2234 2316 facit
2284 2263 2328 2316 is
2368 2264 2457 2331 qui
2497 2277 2594 2332 pro
2618 2273 2857 2332 tempore
2904 2273 2984 2316 est
3013 2263 3214 2330 Magum
3256 2263 3509 2317 Ecclesiae

1931 2353 2343 2425 chartophylax,
2387 2371 2492 2412 non
2522 2356 2820 2425 permitens
2847 2355 2914 2409 iis
2938 2356 3028 2424 qui
3073 2367 3227 2409 extra
3265 2353 3501 2410 ordinati

1933 2455 2078 2510 sunt,
2120 2449 2517 2512 sacerdotibus,
2553 2447 2886 2510 sacrificare,
2925 2447 3026 2502 nisi
3068 2456 3121 2501 et
3158 2449 3508 2502 commenda-

1938 2537 2086 2590 titias
2129 2546 2183 2590 et
2231 2539 2568 2594 dimissorias
2608 2538 2816 2592 litteras
2848 2552 3036 2592 eorum
3085 2554 3114 2590 a
3150 2538 3345 2604 quibus
3383 2549 3512 2592 sunt

1937 2627 2175 2682 ordinati
2225 2627 2477 2684 afferant.
2527 2629 2666 2697 Lege
2716 2639 2767 2684 et
2804 2628 2872 2682 35
2923 2644 3047 2685 can.
3094 2638 3266 2696 apost.
3317 2627 3510 2697 synod.

1937 2717 2190 2774 Antioch.
2220 2734 2343 2773 can.
2378 2721 2445 2775 l3
2471 2729 2525 2774 et
2547 2720 2638 2779 22.
2669 2731 2721 2772 et
2743 2721 2933 2789 synod.
2972 2720 3166 2789 Ephes.
3192 2734 3314 2774 can.
3350 2719 3404 2773 8.

3269 2811 3364 2864 καὶ
3429 2806 3516 2864 κδ’

2011 3037 2264 3094 ZONAR.
2323 3038 2644 3108 Quicunque
2700 3037 2817 3094 suis
2875 3037 3080 3092 relictis
3129 3034 3398 3096 ecclesiis,
3455 3035 3508 3087 iu

259 3139 489 3206 ροῦντας
522 3135 632 3189 τῶν
653 3133 869 3186 οἰκείων
904 3131 1208 3199 ἐκκλησιῶν
1267 3129 1364 3183 καὶ
1421 3131 1605 3194 ἄλλαις
1667 3149 1835 3199 προσ-

1942 3131 2078 3185 alias
2109 3131 2476 3195 divertissent,
2508 3129 2754 3184 ecclesia:
2782 3129 2834 3183 in
2860 3144 2960 3195 qua
2981 3129 3211 3197 quisque
3237 3127 3517 3180 ordinatus

260 3225 602 3299 ερχομένους
642 3220 1116 3275 ἀποκαθίστασθαι
1149 3221 1216 3291 τῇ
1248 3217 1516 3290 ἐκκλησίᾳ
1545 3217 1842 3288 διορίζεται

257 3325 313 3374 ἐν
416 3315 862 3388 κεχειροτόνηται
890 3313 1121 3375 ἕκαστος
1154 3328 1169 3343 ·
1229 3304 1386 3374 οὗτος
1441 3309 1500 3363 δὲ
1553 3312 1681 3373 τοὺς
1766 3311 1842 3381 μὴ

257 3409 622 3480 πειθομένους
649 3403 963 3460 ἐπανελθεῖν
988 3444 1004 3470 ,
1067 3404 1162 3458 καὶ
1240 3403 1635 3473 ἀκοινωνήτους
1701 3395 1842 3455 εἶναι

262 3501 538 3565 θεσπίζει.
577 3500 794 3553 Ἔοικεν
821 3492 913 3552 οὖν
987 3494 1362 3550 ἐναντιοῦσθαι
1401 3492 1476 3563 τῷ
1535 3491 1597 3547 ιε’
1655 3493 1843 3547 κανόνι

261 3597 365 3649 τῶν
394 3594 564 3665 ἱερῶν
605 3590 945 3646 ἀποστόλων.
993 3589 1232 3650 Ἐκεῖνος
1253 3587 1365 3656 γὰρ
1395 3586 1526 3648 τοὺς
1577 3584 1838 3641 καταλεί-

260 3683 472 3752 ψαντας
505 3681 808 3750 κληρικοὺς
837 3677 937 3740 τάς
966 3675 1176 3731 ἑαυτῶν
1220 3675 1540 3743 παροικίας,
1598 3674 1694 3728 καὶ
1758 3675 1840 3736 είς

261 3775 430 3843 ἄλλην
462 3771 764 3842 παροικίαν
796 3768 1078 3832 παντελῶς
1105 3768 1482 3838 μεταστάντας
1514 3765 1667 3837 παρά
1680 3765 1843 3843 Δγνῶ--

263 3813 426 3843 ..ω-,μ
468 3813 760 3842 ....,.-.......
803 3813 1075 3832 ...ψη-..δ
1105 3813 1480 3838 ﬁmum”,
1521 3813 1667 3837 --ντπ
1706 3813 1804 3834 Γ-

263 3883 367 3936 μην
404 3864 501 3918 τοῦ
536 3863 840 3916 ἐπισκόπου
871 3861 1051 3915 αὐτῶν
1109 3859 1310 3928 μηκέτι
1385 3813 1721 3928 λειτουργείν
1747 3873 1843 3910 κε-

264 3959 441 4021 λεύει,
500 3957 576 4017 ὡς
633 3955 692 4008 δὲ
752 3953 970 4016 λαῖκοὺς
1017 3955 1290 4006 κοινωνεῖν
1348 3951 1635 4022 ἐπιτρέπει
1706 3951 1841 4005 ἐκεῖ.

260 4046 429 4120 Οἶμαι
459 4047 644 4100 τοίνυν
673 4044 764 4097 ἐπὶ
795 4043 888 4096 τοῦ
940 4044 1211 4113 παρόντος
1239 4041 1465 4104 κανόνος
1495 4041 1556 4094 τὸ
1615 4041 1845 4094 ἀκοινω-

258 4145 459 4213 νήτους
513 4139 655 4192 εἶναι
689 4137 860 4202 οὕτως
891 4137 1152 4202 νοεῖσθαι,
1194 4136 1365 4207 ἠγουν
1421 4135 1496 4206 μὴ
1533 4151 1844 4199 συγκοινω-

259 4237 365 4288 νεῖν
398 4233 594 4294 αὐτοῖς
630 4230 755 4294 τοὺς
782 4227 1094 4299 ίερατικοὺς
1165 4226 1393 4297 δηλαδή.
1475 4225 1640 4279 Ἀλλά
1700 4226 1840 4277 ἀπο-

259 4325 568 4398 τρέπεσθαι
610 4322 672 4376 τὸ
699 4323 1113 4390 συνιερουργεῖν
1153 4319 1338 4381 αὐτοῖς
1361 4317 1488 4380 τοὺς
1515 4314 1794 4379 τοιούτους
1825 4331 1840 4346 ·

1943 3233 2046 3288 est,
2102 3222 2373 3294 superiori
2421 3237 2631 3277 canone
2678 3222 2885 3276 restitui
2931 3220 3204 3287 iubentur.
3249 3219 3346 3273 llic
3392 3234 3518 3272 vero

1943 3333 2038 3374 eos
2069 3317 2160 3388 qui
2201 3331 2305 3370 non
2341 3316 2618 3385 paruerint
2655 3314 2877 3375 reverti,
2920 3327 2982 3366 ac
3032 3321 3313 3380 propterea
3363 3326 3519 3361 COIIl-

1947 3405 2204 3466 munione
2233 3409 2470 3478 privatos
2496 3422 2616 3462 esse
2656 3404 2915 3460 decernit.
2953 3403 3087 3457 lliuc
3117 3417 3246 3471 ergo
3296 3400 3517 3470 aliquis,

1944 3511 2253 3558 sanctorum
2317 3499 2684 3570 apostolorum
2747 3496 2957 3551 decimo
3018 3494 3218 3562 quith
3278 3491 3516 3556 cauoui,

1944 3592 2393 3648 constitutionem
2451 3591 2589 3644 hanc
2649 3586 2921 3642 adversari
2981 3584 3138 3639 facile
3190 3585 3518 3652 suSpiretur.

1945 3685 2076 3739 Nam
2114 3685 2205 3740 illo
2232 3698 2470 3754 quoque,
2498 3681 2811 3751 quicunque
2842 3678 3024 3733 clerici
3057 3678 3106 3730 in
3151 3678 3314 3730 aliam
3345 3691 3523 3745 para:-

1944 3780 2106 3842 ciam,
2139 3791 2238 3830 sua
2270 3773 2479 3836 relicta,
2501 3772 2670 3826 invito
2697 3771 2956 3841 episcopo
2981 3785 3080 3823 suo
3109 3769 3521 3835 transmeariut,

1946 3869 2119 3922 sat-ris
2145 3881 2383 3935 unquam
2417 3865 2654 3934 operari,
2683 3864 2827 3918 facta
2859 3863 3212 3918 nihilominus
3261 3862 3520 3916 laicorum

1945 3957 2385 4013 communicandi
2454 3959 2769 4024 potestatcﬁ',
2830 3951 3207 4022 prohibentur.
3271 3950 3526 4005 Comum-

1946 4047 2122 4102 nionis
2144 4047 2309 4113 igitur
2334 4046 2691 4114 privationem
2714 4045 2815 4098 hoc
2835 4044 2949 4097 loco
2975 4059 3092 4097 eam
3125 4041 3521 4110 intelligendam

1945 4153 2064 4194 esse
2094 4137 2356 4200 arbitror,
2391 4151 2498 4205 qua
2526 4135 2721 4189 initiati
2752 4134 3007 4188 videlicet
3041 4133 3106 4186 iis
3135 4147 3287 4187 sacra
3320 4130 3525 4186 facien-

1950 4231 2094 4286 tibus
2128 4227 2280 4284 nullo
2310 4228 2476 4282 modo
2503 4225 2936 4287 communicare,
2979 4223 3073 4278 sed
3124 4235 3219 4277 eos
3269 4223 3320 4276 iu
3369 4236 3525 4278 sacro

1948 4321 2256 4378 ministerio
2284 4320 2498 4390 penitus
2546 4319 2784 4372 aversari
2832 4316 3116 4387 iubentur.
3169 4315 3523 4370 Communiu-

262 4417 561 4472 κοινωνίαν
589 4412 828 4468 ἐνταῦθα
849 4411 1181 4488 τῶνιάγίων
1236 4409 1499 4478 Πατέρων
1580 4407 1702 4478 οὐχὶ
1743 4405 1835 4477 τὴι

1953 4415 2151 4483 nisque
2181 4414 2425 4474 nomine,
2463 4424 2571 4465 non
2627 4423 2908 4464 sacrorum
2964 4409 3344 4480 mysteriorum
3394 4421 3522 4475 per-

262 4509 579 4581 μετάληψιν
611 4509 722 4562 τῶν
753 4505 1114 4577 ἀγιασμάτων
1139 4499 1548 4573 ὀνομασάντων,
1578 4501 1715 4555 ἀλλά
1745 4500 1844 4568 τὴν

258 4603 368 4655 τῶν
387 4599 560 4671 ἱερῶν
601 4596 1094 4668 συμμεταχείρισιν
1122 4594 1222 4648 καὶ
1283 4591 1693 4663 κοινοπραξίαν,
1752 4589 1845 4643 καὶ

261 4693 320 4746 τι)
360 4691 806 4758 συλλειτουργεῖν
862 4689 977 4752 τοῖς
1047 4682 1245 4756 οἷσπερ
1296 4683 1631 4755 προσῆλθον.
1688 4681 1847 4737 Οὕτω

259 4785 370 4856 γὰρ
401 4781 704 4852 νοούμενος
743 4781 772 4832 ὁ
799 4781 994 4849 παρὼν
1032 4775 1236 4844 κανὼν,
1276 4776 1338 4830 οὐ
1372 4775 1665 4844 διαφωνεῖν
1705 4773 1847 4842 πρὸς

259 4877 351 4928 τὸν
379 4872 746 4929 ἀποστολικδν
764 4872 968 4925 κανόνα
999 4869 1141 4934 δόξει
1176 4871 1303 4924 τινί.
1341 4864 1476 4921 Εἶτα
1519 4866 1717 4936 ἐπάγει
1747 4865 1844 4930 ὡς,

260 4971 308 5021 εἰ
337 4966 646 5029 ὲπίσκοπός
672 4982 754 5028 τις
779 4964 870 5017 τὸν
909 4962 1006 5032 ἀφ’
1035 4963 1231 5032 ἑτέρας
1261 4961 1471 5023 πόλεως
1520 4959 1602 5023 είς
1651 4957 1847 5028 ἑτέραν

268 5056 794 5131 μεταναστεύσαντα
855 5055 1117 5126 κληρικδν
1167 5054 1559 5123 χειροτονήσει,
1603 5067 1850 5120 προαγα-

261 5153 373 5218 γὼν
402 5153 540 5213 ἴσως
564 5149 728 5202 αὐτὸν
750 5148 833 5210 εις
862 5147 1070 5218 βαθμὸν
1105 5145 1330 5216 μείζονα
1383 5143 1458 5215 μὴ
1512 5142 1845 5214 βουλομένου

263 5246 349 5298 τιῦ
375 5241 709 5305 ἐπισκόπου,
745 5241 804 5306 ἐξ
834 5231 899 5294 οὗ
941 5229 1312 5310 ἀνεχῶρησεν,
1357 5237 1564 5308 ἄκυρος
1612 5235 1767 5290 ἔσται
1797 5236 1833 5307 ἡ

267 5335 607 5409 χειροτονία.

274 5473 497 5526 ΑΡΙΣΤ.
563 5469 744 5524 Ὅσοι
813 5467 1206 5537 πρεσϐύτεροι
1255 5464 1356 5518 καί
1410 5462 1677 5520 διάκονοι
1738 5461 1848 5530 τῆς

322 5562 664 5629 ἐκκλησίας
696 5559 1226 5629 ἀναχωρήσουσιν,
1249 5555 1487 5609 ἅδεκτοι
1521 5555 1608 5619 είς
1637 5553 1848 5621 ἑτέραν

321 5652 676 5718 ἐκκλησίαν
701 5649 1061 5718 γενήσονται
1086 5663 1100 5680 ·
1134 5643 1275 5700 ἀλλ’
1319 5641 1848 5711 ἐπιστρεφέτωσαν

325 5747 410 5812 είς
450 5745 572 5814 τὴν
603 5743 800 5798 αὐτῶν
840 5740 1176 5810 παροικίαν.
1213 5740 1278 5792 El
1308 5735 1374 5790 δέ
1399 5753 1490 5800 τις
1522 5734 1630 5792 τὸν
1662 5733 1848 5802 ἑτέρῳ

1953 4507 2278 4576 ceptionetn,
2307 4501 2404 4561 sed
2439 4503 2492 4559 in
2525 4503 2696 4558 sacris
2737 4501 3052 4556 muneribus
3095 4515 3159 4555 ac
3206 4497 3524 4554 ministeriis

1956 4611 2062 4650 una
2091 4610 2212 4650 cum
2248 4594 2317 4649 iis
2344 4594 2412 4648 ad
2443 4607 2582 4662 quos
2611 4591 2878 4645 accedunt
2903 4588 3166 4643 obeundis
3202 4587 3521 4642 societatent

1956 4686 2045 4742 hic
2071 4685 2368 4742 aPatribus
2389 4697 2516 4738 reor
2538 4697 2660 4738 esse
2711 4680 3089 4749 significatam.
3116 4676 3228 4733 [lac
3255 4677 3524 4747 siquidem

1955 4779 2166 4833 ratione
2225 4776 2597 4846 explicatum,
2671 4771 2808 4826 nihil
2873 4774 3018 4826 hunc
3075 4772 3142 4824 ab
3223 4769 3528 4838 apostolico

1955 4883 2166 4926 eanone
2215 4868 2553 4935 discrepare,
2601 4864 2761 4920 facile
2793 4863 3094 4932 apparebit.
3144 4862 3344 4916 Deinde
3391 4861 3522 4914 sub-

1947 4960 2091 5030 jicit,
2129 4961 2272 5030 quod
2299 4958 2344 5012 si
2365 4956 2488 5026 quis
2512 4955 2796 5025 episcopus
2823 4954 3073 5010 clericum
3106 4955 3198 5023 qui
3239 4953 3308 5005 ab
3337 4966 3439 5004 una
3466 4950 3523 5003 iu

1955 5048 2114 5108 aliam
2146 5052 2332 5106 urbem
2370 5048 2619 5104 transivit
2662 5047 3017 5110 ordinaverit,
3046 5057 3375 5114 promoveus
3410 5040 3527 5094 for-

1954 5144 2116 5199 tassis
2145 5157 2267 5198 eum
2319 5140 2372 5195 in
2405 5139 2670 5209 majorem
2725 5138 2977 5208 gradum,
3029 5135 3284 5204 episcopo
3327 5147 3355 5184 ιι
3413 5145 3523 5200 quo

1954 5227 2228 5294 discessit,
2258 5241 2365 5282 non
2405 5225 2800 5291 consentiente,
2837 5225 2985 5278 irrita
3013 5223 3119 5276 erit
3154 5221 3448 5275 ordinatio.

1955 5453 2182 5512 ARIST.
2218 5453 2483 5521 Quotquot
2513 5449 2802 5520 presbyteri
2836 5445 2912 5500 re!
2936 5443 3150 5498 diaconi
3191 5441 3255 5495 ab
3302 5439 3520 5494 ecclesia

2028 5544 2357 5608 recesserint,
2411 5543 2466 5596 in
2502 5541 2666 5594 aliam
2709 5538 2984 5594 ecclesiam
3025 5553 3127 5590 non
3166 5543 3285 5588 sunt
3335 5530 3525 5583 admit-

2028 5639 2192 5703 tendi,
2247 5638 2314 5690 ad
2360 5650 2510 5689 suam
2563 5647 2682 5687 vero
2726 5631 3008 5699 paroreiam
3057 5634 3406 5682 revertantur.
3461 5619 3522 5674 Si

2027 5733 2144 5801 quis
2178 5739 2354 5786 autent
2385 5743 2501 5783 eum
2531 5728 2620 5796 qui
2653 5723 2722 5780 ad
2754 5723 2922 5778 aliam
2963 5723 3203 5791 pertinet,
3250 5718 3361 5773 sine
3394 5729 3524 5782 pro-
