4108 6200
336 279 451 345 297

343 493 524 544 ποιεῖν
550 489 828 548 παύεσθαι
863 493 961 562 τῆς
994 493 1295 556 διακονίας.
1326 497 1512 552 Ταῦτα
1563 500 1657 553 τοῦ
1705 502 1932 562 κανόνος

331 585 742 653 διοριζομένου,
772 586 836 638 τὸ
867 586 966 656 μὲν
997 588 1442 658 μεταλαμϐάνειν
1473 593 1600 656 τοὺς
1635 593 1930 656 διακόνους

342 671 456 744 πρδ
496 675 605 727 τῶν
632 677 1036 747 ἐπισκόπων,ἢ
1071 679 1273 734 διδόναι
1310 682 1512 746 αὐτοὺς
1563 683 1664 756 τὴν
1709 686 1932 756 εὐχαρι-

333 766 494 821 στίαν
533 768 654 836 ἦτοι
685 769 752 821 τὰ
789 769 922 836 ἅγια
971 773 1082 834 τοῖς
1145 772 1405 839 ἱερεῦσιν,
1454 777 1515 829 οὐ
1576 781 1928 849 παραχωρεῖ-

330 876 426 911 ται
474 877 489 891 ·
522 860 795 914 atro-sat
826 862 887 914 τὸ
912 862 1184 932 καθῆσθαι
1241 864 1488 919 διάκονον
1536 869 1592 920 ἐν
1650 869 1725 939 τῷ
1789 871 1928 941 ἁγίῳ

331 951 721 1022 θυσιαστηρίῳ
753 954 921 1022 μέσον
969 955 1078 1006 τῶν
1125 957 1319 1026 ἱερέων
1347 973 1362 992 ο
1410 958 1473 1011 τὸ
1520 960 1579 1012 δὲ
1652 961 1929 1029 καθῆσθαί

331 1063 492 1106 τινας
516 1047 630 1098 ἀπὸ
661 1046 775 1098 τῶν
835 1047 1313 1115 ἐκκλησιαστικῶν
1368 1051 1635 1107 διακόνων
1691 1057 1772 1118 εἱς
1829 1057 1928 1120 τὰς

328 1138 440 1201 ἔξω
462 1139 559 1190 τοῦ
584 1138 832 1208 βήματος
870 1140 1118 1204 συνάξεις
1147 1141 1282 1205 τέως
1315 1144 1421 1213 πρὸ
1465 1147 1574 1198 τῶν
1611 1149 1927 1216 πρεσϐυτέ-

332 1247 449 1298 ρων
475 1229 753 1298 βλέπομεν
783 1229 1069 1299 γινόμενον
1105 1247 1118 1260 ·
1147 1232 1240 1285 καὶ
1266 1228 1421 1302 οἶμαι
1452 1236 1702 1301 γίνεσθαι
1761 1239 1923 1292 τοῦτο

327 1319 425 1372 διὰ
456 1321 524 1372 τὰ
561 1319 891 1388 ἁρχοντὶιιια
915 1337 927 1350 ο
966 1320 1120 1388 μόνοι
1151 1321 1259 1392 γὰρ
1289 1324 1340 1374 οἱ
1361 1323 1695 1388 ἀξιωθέντες
1729 1327 1926 1397 αρχον-

329 1412 532 1465 τικίων
558 1410 1036 1481 ἑκκλησιαστικῶν
1064 1413 1216 1483 παρὰ
1253 1414 1348 1466 τοῦ
1414 1417 1788 1488 πατριάρχου,
1817 1420 1922 1490 πρὸ

327 1503 444 1555 τῶν
477 1501 672 1571 ἱερέων
703 1501 996 1573 κάθηνται.
1026 1502 1245 1556 Γίνεται
1269 1504 1328 1558 δὲ
1376 1507 1536 1559 τοῦτο
1567 1509 1918 1579 παραλόγως.

342 1593 688 1660 Ἀνάγνωσον
721 1594 818 1662 τῆς
851 1599 905 1658 ς’
950 1594 1172 1647 συνόδου
1203 1597 1403 1649 κανόνα
1441 1596 1506 1659 ζ’.
1553 1597 1610 1650 Ὀ
1642 1602 1750 1669 γὰρ
1779 1602 1918 1654 κατὰ

327 1686 563 1754 καιροὺς
590 1683 939 1754 χαρτοςρύλαξ
992 1685 1092 1754 τῆς
1140 1685 1452 1759 ἁγιωτάτης
1511 1691 1774 1762 Μεγάλης
1825 1693 1919 1744 ὲκ-

327 1774 569 1844 κλησὶας
600 1776 1024 1846 προκάθηταιὲν
1067 1780 1184 1839 ταῖς
1204 1777 1308 1841 ἔξω
1341 1779 1441 1848 τῆς
1489 1780 1710 1834 συνόδου
1761 1781 1923 1835 συνάο

331 1867 488 1931 ξεσιν
513 1871 578 1918 οὐ
616 1867 776 1935 μόνον
809 1867 918 1920 τῶν
953 1868 1166 1940 ἱερέων,
1197 1869 1330 1922 ἀλλὰ
1365 1871 1582 1924 καὶτῶν
1617 1874 1920 1942 ἀρχιερέων

326 1959 439 2012 ἀπῦ
498 1957 852 2026 προστάξεως
908 1959 1002 2012 τοῦ
1077 1960 1325 2029 ἀοιδίμου
1391 1961 1660 2031 βασιλέως
1747 1963 1918 2034 κυροῖ)

341 2051 590 2116 Ἀλεξίου
633 2051 731 2106 τοῦ
768 2052 1085 2120 Κομνηνοῦ,
1116 2053 1291 2117 οὕτως
1320 2054 1554 2124 ἐχούσης
1596 2069 1608 2082 ’
1663 2055 1726 2108 Ἦ
1761 2056 1919 2125 βασι-

324 2144 450 2198 λεία
519 2161 622 2214 μου
714 2143 852 2214 (66),
917 2145 1018 2213 τῆς
1068 2145 1534 2216 ἐκκλησιαστικῆς
1618 2149 1922 2218 εὐκοσμίας

327 2237 723 2304 φροντίζουσα,
761 2237 857 2290 καὶ
903 2237 964 2289 τὸ
1008 2235 1274 2290 εὔτακτον
1340 2243 1436 2292 καὶ
1496 2240 1556 2291 ἐν
1610 2244 1774 2292 παντὶ
1822 2241 1920 2310 μὲν

322 2326 572 2395 ζητοῦσα
605 2325 682 2396 τῷ
706 2325 1090 2395 πολιτεύματι,
1123 2329 1219 2379 ἐπὶ
1256 2328 1419 2379 πλέον
1449 2329 1505 2380 δὲ
1557 2331 1670 2392 τοίς
1753 2329 1919 2393 θείοις

323 2419 491 2472 τοῦτο
534 2418 1000 2488 ἐμπολιτεύεσθαι
1058 2419 1149 2472 διὰ
1215 2421 1454 2489 σπουδῆς
1505 2421 1791 2491 τιθεμένη,
1851 2424 1919 2474 τὰ

320 2511 569 2582 ἀρχῆθεν
595 2512 1000 2581 ἀπονεμημένα
1022 2513 1298 2581 προνόμια
1324 2513 1542 2582 ἑκάστῳ
1575 2514 1684 2565 τῶν
1714 2514 1917 2591 ἐκκλη-

326 2604 631 2658 σιαστ.κῶν
661 2602 912 2673 βαθμῶν,
947 2606 1040 2658 καὶ
1070 2607 1166 2674 τὴν
1207 2604 1336 2674 ἄχρι
1367 2606 1462 2658 καὶ
1484 2604 1642 2676 δεῦρο
1683 2607 1917 2676 ἐπικρα-

322 2702 578 2766 τήσασαν
609 2699 667 2748 ὲν
695 2697 906 2760 τούτοις
941 2698 1300 2762 κατάστασιν,
1334 2698 1476 2751 κατὰ
1509 2701 1569 2751 τὸ
1625 2700 1919 2753 ἀναλλοίω-

321 2807 418 2842 τον
447 2791 547 2843 καὶ
569 2793 649 2852 εἰς
683 2791 745 2842 τὸ
768 2790 899 2856 ἑξῆς
940 2786 1084 2844 εἶναι
1120 2791 1216 2844 καὶ
1242 2790 1529 2860 διαμένειν
1568 2792 1822 2862 βούλεταί
1857 2811 1916 2846 τε

322 2884 424 2934 καὶ
461 2882 699 2941 εὐδοκεῖ,
732 2883 1006 2948 ἀγιώτατε
1037 2881 1294 2946 δέσποτα,
1317 2882 1394 2944 ὡς
1423 2885 1512 2937 καὶ
1549 2885 1916 2956 παραδεχθεῑ-

323 2990 430 3026 σαν
455 2973 546 3025 διὰ
573 2973 847 3027 τοσούτων
879 2974 1042 3038 ἐτῶν,
1066 2975 1161 3027 καὶ
1195 2972 1273 3043 τῷ
1339 2975 1539 3045 μακρῷ
1577 2977 1756 3046 χρόνῳ
1812 2979 1913 3044 ἐμ-

321 3065 828 3136 πολιτευσαμὲνην,
874 3068 968 3127 καὶ
988 3069 1108 3130 ταῖς
1137 3065 1232 3118 ἀπ’
1262 3065 1425 3118 ἄλλου
1454 3070 1534 3131 εἱς
1565 3069 1726 3121 ἄλλον
1770 3069 1912 3122 κατὰ

320 3158 383 3210 τδ
419 3156 824 3220 ἀνεξάλλακτον
851 3159 956 3220 ἕως
977 3158 1072 3210 τοῦ
1117 3161 1212 3212 νῦν
1275 3161 1641 3230 μεταδάσεσιν
1691 3165 1908 3231 ἐπικρι-

320 3250 538 3314 θείσαν,
582 3253 677 3304 καὶ
729 3249 1127 3320 βεδαιωθεῐσαν
1171 3252 1376 3314 καλῶς.
1449 3250 1604 3305 Ἐπεὶ
1657 3252 1714 3306 δὲ
1759 3254 1908 3324 νῦνὴ

320 3341 577 3411 βασιλεία
606 3357 708 3409 μου
739 3341 904 3409 μάθοι
932 3340 1005 3404 ὦς
1046 3358 1194 3405 τινες
1222 3343 1332 3395 τῶν
1363 3344 1670 3413 ἀρχιερέων
1695 3346 1909 3406 ἀντιφι-

317 3430 712 3500 λοτιμούμενοι
741 3448 1046 3501 πειρωνται
1074 3433 1246 3484 τὸτοῦ
1294 3435 1712 3503 χαρτοφύ).ακος
1777 3435 1910 3485 ὑπο-

319 3525 554 3577 ϐιὸασαι
583 3526 902 3594 προνόμιον,
935 3524 1030 3576 καὶ
1066 3526 1302 3588 κανόνας
1326 3527 1407 3588 εἱς
1471 3528 1637 3597 μέσον
1665 3528 1906 3597 προσφέ-

318 3615 882 3685 ροντες,ὁιὰτούτων
946 3615 1318 3684 φιλονεικοῦσι
1391 3618 1466 3686 μὴ
1524 3618 1907 3688 προκαθῆσθαι

319 3709 486 3760 αὑτὸν
520 3709 629 3760 τῶν
647 3709 979 3778 ἀρχιερέων,
1007 3708 1242 3778 ὁπηνίκα
1285 3711 1395 3761 δέει
1447 3709 1672 3772 τούτους
1710 3710 1906 3780 συνέρ-

318 3802 516 3871 χεσθαι
554 3802 696 3855 κατά
724 3817 846 3852 τινα
896 3803 1113 3871 χρείαν,
1175 3801 1269 3852 καὶ
1330 3801 1701 3871 συνεδριάξειν
1765 3802 1908 3854 κατὰ

315 3892 542 3955 ταύτὸν,
575 3893 680 3958 πρὸ
708 3891 808 3959 τῆς
833 3894 912 3952 εἰς
941 3893 1042 3961 τὴν
1080 3891 1394 3961 ἁγιωσύνην
1429 3909 1522 3944 σου
1553 3891 1907 3955 εἰσελεύσεως

315 3987 421 4038 οὐκ
462 3985 764 4054 ἀνασχετὸν
809 3987 874 4054 τῇ
945 3983 1193 4054 βασιλείᾳ
1233 4001 1333 4053 μου
1359 3984 1525 4049 ἔδοξε,
1559 3987 1788 4054 πρᾶγμα
1817 3985 1906 4037 διὰ

314 4077 580 4130 τοσούτου
642 4078 834 4147 χρόνου
855 4077 1177 4146 βασανισθὲν
1210 4078 1306 4130 καὶ
1337 4079 1449 4137 τοῖς
1481 4077 1610 4142 πρὶν
1642 4077 1910 4146 πατριάρ-

314 4187 442 4239 χαις
474 4170 566 4222 καὶ
599 4173 710 4232 τοῖς
743 4169 1341 4239 ἄλλοις-ἀρχιερεῦσιν,
1367 4169 1502 4220 ἀλλὰ
1524 4168 1586 4237 δὴ
1612 4171 1703 4221 καὶ
1723 4170 1906 4231 αὐτοῖς

313 4265 428 4318 τοῖς
462 4259 559 4313 νῦν
598 4261 699 4314 οὐκ
734 4260 822 4312 ἐπ’
859 4259 1076 4330 εὐλόγῳ
1106 4259 1352 4330 ἐρίζουσι
1384 4259 1672 4330 πράγματι
1699 4261 1785 4312 διὰ
1807 4262 1905 4330 τῆς

314 4354 674 4423 πολυημέρου
726 4352 914 4422 δεχθὲν
976 4353 1216 4424 σιωπῆς,
1305 4353 1448 4406 κατὰ
1523 4353 1584 4405 τὸ
1633 4353 1904 4423 παρέλκοι)

1436 286 1518 347 ΙΝ
1559 288 1723 349 CAN.
1772 288 1970 349 XVIII
2008 288 2214 352 CONC.
2247 291 2515 354 NiC/EN.
2565 295 2610 356 Ῐ.

333 395 745 469 πρεσῦυτέρων
776 413 791 430 ο
830 396 862 469 ἢ
892 398 1002 470 μὴν
1035 399 1162 465 τοὺς
1192 400 1269 473 μὴ
1320 403 1757 476 πειθαρχοῦντας
1787 406 1931 460 οὕτω
1957 406 2004 466 Α

2044 430 2264 496 quidem
2305 433 2748 501 presliylermutn
2784 437 3050 492 sedeant:
3086 440 3188 506 vel,
3225 452 3281 494 ιιι
3314 443 3348 496 ii
3381 447 3472 515 qui
3517 464 3620 501 n0u

2043 522 2108 572 ad
2147 524 2216 574 ita
2267 521 2574 578 faciendum
2613 542 2670 578 se
2701 529 3004 595 morigeros
3055 532 3406 601 praebuerint,
3446 553 3474 592 a
3509 540 3625 592 diu.

2040 626 2238 669 mnatu
2278 618 2567 673 desistant.
2608 619 2730 674 llmc
2765 620 3056 678 dciiiiiettte
3092 641 3320 694 canone,
3357 630 3616 686 diaconos

2039 708 2258 774 quidem
2311 719 2438 763 ante
2485 713 2765 781 episcopos
2797 715 3065 784 accipere,
3101 720 3183 771 vel
3232 721 3361 774 dare
3407 723 3622 776 Eni-lia-

2041 800 2248 853 risliam
2275 794 2740 858 autsaeramenta
2785 809 3182 873 sucordmibus,
3225 827 3328 865 non
3388 817 3614 882 perutil-

2040 891 2216 945 titur:
2275 895 2369 946 sed
2419 910 2516 948 nec
2569 895 2856 950 diaconum
2893 899 2956 952 ad
3020 911 3270 954 sanctum
3333 908 3502 959 altare
3565 911 3614 959 in

2039 985 2218 1037 medio
2250 987 2596 1040 sacerdotum
2639 989 2847 1044 sedere.
2909 989 2976 1044 Ut
3028 1002 3206 1045 autem
3259 997 3504 1050 nonnulli
3552 1014 3615 1050 ιΧ

2035 1076 2426 1131 ecclesiasticis
2481 1077 2758 1144 diaconis,
2831 1083 2881 1134 in
2935 1085 3442 1152 congregationibus
3497 1105 3618 1158 qua:

2033 1175 2159 1218 sunt
2192 1177 2342 1219 extra
2402 1184 2622 1223 sacrum
2680 1172 2936 1232 tribunal.
2989 1186 3115 1226 ante
3167 1182 3477 1232 sacerdotes
3525 1196 3612 1233 se—

2036 1260 2216 1321 deant,
2257 1259 2371 1312 ﬁeri
2409 1259 2650 1316 videmus
2684 1279 2696 1314 :
2732 1273 2782 1316 cl
2822 1264 3074 1317 exiSIimo
3114 1266 3213 1320 hoc
3251 1268 3362 1320 ﬁeri
3397 1281 3615 1338 propter

2031 1349 2228 1404 olIicia.
2265 1350 2378 1406 Soli
2412 1353 2558 1406 enim
2595 1353 2628 1406 ii
2661 1354 2756 1422 qui
2789 1371 2815 1406 a
2845 1358 3150 1422 patriarcha
3199 1359 3388 1414 ofﬁciis
3436 1364 3614 1415 cci-lc-

2031 1442 2272 1498 siasticis
2309 1445 2457 1512 digni
2492 1456 2620 1498 sunt
2653 1446 2844 1510 habiti,
2881 1449 3068 1501 sedent
3100 1461 3226 1504 ante
3279 1454 3608 1507 sacerdotes.

2030 1532 2112 1587 Fit
2144 1545 2391 1589 autemet
2418 1537 2518 1590 lioc
2551 1548 2744 1605 prmter
2783 1541 3079 1594 rationein:
3121 1542 3390 1611 legesexti
3415 1547 3606 1614 synodi

2028 1640 2289 1681 canonem
2325 1630 2376 1682 7.
2411 1631 2480 1682 At
2531 1631 2574 1682 is
2603 1631 2693 1699 qui
2732 1648 2828 1699 pro
2867 1646 3108 1700 tempore
3143 1647 3224 1688 est
3254 1638 3542 1690 sanctissin
3565 1655 3611 1690 ιιι

2028 1712 2281 1770 Ecclesiae
2312 1716 2513 1785 Magum
2544 1720 2956 1791 cltartopbylax,
3005 1723 3056 1774 in
3097 1727 3609 1796 congregatimiibus

1957 1786 1996 1841 Β
2027 1821 2148 1875 qua:
2182 1808 2318 1861 liunt
2349 1821 2502 1862 extra
2559 1811 2852 1881 synodum,
2901 1816 3052 1867 sedet
3102 1831 3208 1868 non
3259 1817 3432 1869 solum
3483 1827 3610 1870 ante

2027 1901 2359 1964 sacerdotes,
2391 1904 2484 1958 sed
2517 1905 2682 1958 etiam
2711 1917 2836 1960 ante
2870 1907 3178 1974 pontiﬁces,
3223 1924 3285 1961 ex
3339 1909 3606 1963 constitu-

2027 1993 2172 2046 tione
2222 1994 2406 2064 inclyti
2459 1998 2804 2067 imperatoris
2859 2000 3062 2054 domini
3099 2000 3273 2054 Alexii
3322 2002 3604 2062 Comnetii,

2023 2097 2141 2149 quae
2174 2083 2252 2136 sic
2285 2098 2344 2137 se
2389 2085 2595 2140 habet:
2645 2089 2807 2158 Regia
2860 2105 2974 2142 mea
3012 2091 3441 2152 administratio,
3485 2106 3606 2160 quae

2023 2170 2407 2227 ecclesiastij
2443 2177 2745 2230 bonesmtis
2781 2178 3071 2257 maximam
3119 2194 3306 2232 curam
3357 2181 3516 2248 get-it,
3550 2193 3606 2234 et

2027 2266 2229 2318 bonum
2259 2267 2478 2334 quidem
2507 2267 2771 2333 ordinem,
2803 2255 2924 2322 cum
2958 2255 3006 2320 in
3037 2273 3184 2323 omni
3217 2271 3363 2325 civili
3392 2277 3606 2325 ratione

2022 2356 2236 2423 quaerit,
2270 2367 2384 2410 tum
2413 2368 2592 2411 autem
2646 2359 2812 2412 multo
2865 2362 3035 2428 magis
3091 2363 3141 2414 in
3191 2363 3358 2416 rebus
3408 2363 3605 2417 divinis

2023 2460 2145 2498 cum
2179 2447 2385 2500 versari
2432 2449 2633 2511 studet,
2684 2464 2804 2518 quae
2850 2452 3142 2519 unicuique
3193 2455 3382 2522 gradui
3427 2455 3605 2509 eccle-

2021 2536 2246 2589 siastico
2301 2547 2427 2589 sunt
2469 2537 2539 2593 ab
2585 2537 2742 2592 initio
2785 2540 2984 2594 tributa
3024 2542 3323 2614 privilegia,
3375 2555 3430 2598 et
3483 2561 3600 2602 eam
3669 2554 3678 2557 ‘

2022 2643 2140 2695 qua:
2170 2629 2221 2682 itt
2258 2628 2340 2682 bis
2367 2629 2647 2698 hucusque
2686 2631 2916 2684 obtinuit
2947 2634 3416 2699 coitstitutionent,
3451 2638 3603 2690 dein-

2023 2733 2154 2788 ceps
2224 2735 2438 2790 quoque
2490 2736 2611 2776 esse
2670 2722 3085 2789 immutabilem,
3141 2735 3192 2777 ct
3253 2741 3604 2792 perseverare

2023 2811 2153 2875 vult,
2178 2821 2229 2862 et
2254 2823 2469 2877 censet,
2503 2814 2850 2866 sanctissime
2876 2815 3117 2881 domine,
3147 2825 3331 2885 utpote
3362 2835 3479 2886 quze
3508 2835 3604 2888 per

2025 2913 2099 2955 tot
2135 2917 2304 2957 annos
2335 2914 2610 2974 suscepta,
2651 2915 2704 2959 et
2737 2906 2788 2959 in
2824 2923 2921 2960 usu
2973 2908 3114 2960 civili
3165 2907 3321 2976 longo
3359 2920 3600 2979 tempore

2027 3009 2262 3060 versata,
2286 3007 2339 3052 et
2373 3001 2439 3052 ab
2465 2999 2572 3051 alio
2604 2999 2654 3051 in
2688 3000 2831 3053 aliud
2867 3001 3290 3054 itninutaltilibus
3322 3003 3598 3072 hucusque

2026 3089 2534 3144 transntissionibus
2571 3091 2842 3144 vindicata
2889 3107 2950 3145 ac
2983 3091 3118 3144 bene
3154 3095 3471 3146 conlirmata
3505 3096 3596 3147 sit.

2020 3179 2124 3232 Sed
2163 3181 2417 3247 quoniam
2474 3180 2823 3248 imperatoria
2867 3197 2982 3236 mea
3033 3183 3338 3239 sublimitas
3387 3185 3596 3246 didicit,

2018 3272 2158 3339 qunti
2227 3273 2468 3325 nonnuli
2524 3273 2804 3340 pontifices
2863 3277 3211 3329 contentione
3261 3277 3490 3344 quadam
3543 3289 3597 3330 et

2018 3365 2200 3433 gloria:
2253 3365 2431 3418 studio
2486 3366 2715 3428 incitati,
2773 3367 3208 3437 cbartopbylacis
3257 3368 3591 3437 privilegimn

2020 3456 2265 3509 minuere
2310 3465 2600 3520 conantur,
2639 3466 2692 3510 et
2741 3472 2979 3511 canones
3036 3459 3087 3510 in
3136 3459 3366 3510 medium
3423 3460 3597 3513 addu-

2021 3558 2210 3600 Ccnlcs
2266 3563 2360 3617 per
2393 3563 2487 3602 eos
2541 3550 2874 3602 contendunt
2933 3549 3079 3602 illtnn
3137 3562 3264 3604 ante
3318 3551 3599 3620 pontiﬁces

2021 3644 2212 3695 sedere
2251 3656 2354 3694 non
2390 3651 2662 3710 oportere,
2698 3644 2915 3710 quando
2955 3643 3136 3709 aliquo
3193 3659 3293 3698 u.u
3344 3646 3596 3713 exigente

2016 3742 2230 3798 oportet
2263 3747 2355 3786 eos
2385 3734 2680 3786 convenire
2711 3743 2766 3788 et
2798 3750 2903 3786 una
2933 3735 3219 3788 considere
3247 3747 3373 3790 ante
3411 3752 3596 3791 acces-

2019 3837 2136 3874 sum
2162 3821 2226 3874 ad
2266 3833 2408 3875 tuam
2439 3824 2802 3885 sanctitatem,
2832 3840 2936 3877 non
2974 3826 3252 3878 ferendum
3285 3827 3442 3896 regite
3464 3841 3597 3880 mete

2020 3911 2290 3979 majestati
2326 3913 2502 3965 visum
2537 3923 2641 3978 est,
2681 3923 2736 3964 ιιι
2769 3929 2856 3966 res
2877 3929 2997 3980 quia
3028 3923 3175 3966 tanto
3223 3924 3466 3983 tempore
3497 3930 3594 3982 ap-

2015 4003 2240 4072 probata
2272 4014 2378 4068 est,
2423 4015 2475 4057 et
2506 4021 2532 4057 a
2570 4005 2842 4072 prioribus
2898 4006 3221 4073 patriarcltis
3251 4017 3304 4059 et
3352 4008 3420 4059 ab
3471 4006 3595 4060 aliis

2015 4094 2385 4163 pontificibus,
2423 4098 2516 4149 sed
2563 4109 2619 4150 et
2645 4097 2710 4149 ab
2745 4098 2810 4149 iis
2859 4098 2948 4163 qui
3011 4112 3153 4149 nunc
3187 4113 3291 4148 non
3331 4098 3476 4166 justa
3527 4097 3592 4150 tle

2015 4201 2174 4240 causa
2245 4189 2625 4248 contendunt,
2693 4186 2992 4254 longissimi
3050 4188 3310 4253 temporis
3378 4187 3596 4258 silentio

2017 4280 2277 4340 admissa,
2337 4295 2479 4332 nunc
2529 4279 2703 4331 obiter
2737 4281 3067 4338 aboleretur,
3097 4289 3152 4331 et
3200 4289 3454 4347 tanquam
3504 4297 3598 4334 ne-

2014 4365 2250 4440 glectum
2296 4371 2402 4439 81
2462 4369 2736 4438 quippiam
2786 4369 3200 4424 conrelleretur.
3265 4371 3416 4426 Hanc
3467 4386 3593 4440 ergo

315 4449 678 4517 ἁθετηθῆναι,
701 4452 793 4502 καὶ
821 4450 898 4512 ὥς
928 4467 980 4502 τι
1009 4451 1118 4502 τῶν
1155 4450 1520 4520 ἠμελημένων
1581 4450 1903 4521 παρασυρῆ-

2022 4481 2128 4517 rem
2161 4463 2408 4517 decernit
2442 4476 2564 4515 esse
2619 4461 2772 4513 valde
2824 4459 3019 4514 rationi
3069 4472 3486 4516 consentaneum
3537 4473 3594 4517 et

315 4556 425 4592 ναι.
454 4537 652 4592 Τοίνυν
681 4542 775 4592 καὶ
805 4538 1112 4608 διορίζεται
1179 4541 1412 4608 πρᾶγμά
1451 4557 1503 4590 τι
1538 4538 1760 4606 εὔλογον
1812 4541 1905 4592 καὶ

318 4629 463 4683 πάνυ
490 4627 703 4681 δίκαιον
731 4629 912 4682 τοῦτο.
958 4628 1019 4680 Ei
1055 4630 1153 4698 μὲν
1188 4630 1299 4698 γὰρ
1333 4631 1572 4698 αἱροῖντο
1626 4632 1717 4680 καὶ
1744 4629 1904 4680 πάλιν

315 4722 368 4773 οἱ
433 4721 720 4791 ἀρχιερεῖς
785 4721 860 4790 μὴ
921 4721 1095 4773 κινεῖν
1151 4720 1217 4772 τὰ
1251 4721 1506 4787 ἀκίνητα,
1541 4721 1674 4789 μηδὲ
1704 4719 1768 4772 τὰ
1793 4723 1904 4781 τοῖς

316 4814 450 4881 πρὶν
481 4811 787 4880 δεδογμένα
839 4809 1146 4880 Πατράσιν,
1174 4810 1310 4863 ἀλλὰ
1341 4809 1406 4879 δὴ
1437 4811 1530 4862 καὶ
1569 4811 1752 4872 αὐτοῖς
1815 4809 1904 4862 διὰ

312 4902 415 4972 τῆς
444 4901 668 4971 μακρᾶς
705 4899 1037 4963 συνδόξαντα
1071 4900 1308 4970 σιωπῆς,
1377 4902 1471 4952 καὶ
1515 4899 1616 4969 τῆς
1665 4901 1767 4963 ἕως
1809 4900 1903 4952 τοῦ

314 4994 411 5050 νῦν
453 4993 680 5063 ἀνοχῆς,
723 4993 788 5044 ὲκ
817 4991 1188 5062 παλιμὸολίας
1226 4990 1415 5063 ὥσπερ
1445 4991 1820 5054 ἀναπαλαὶειν,
1844 4989 1904 5042 εὖ

313 5088 382 5142 ἂν
410 5086 555 5157 ἔχοι,
587 5087 680 5139 καὶ
705 5086 864 5157 χάρις
904 5085 988 5137 ὅτι
1045 5084 1106 5136 τὸ
1146 5084 1384 5153 μάχιμον
1451 5083 1814 5153 καταθέμενοι
1845 5084 1906 5136 τὸ

313 5180 598 5250 εἰρηναῖόν
631 5177 1130 5248 προτετιμήκασιν.
1175 5176 1238 5228 Εἰ
1287 5175 1346 5229 δὲ
1399 5176 1493 5229 κα)⁵
1553 5176 1634 5227 ἔτι
1698 5175 1903 5228 τούτων

2008 4558 2232 4627 justam.
2266 4554 2320 4608 Si
2354 4553 2499 4608 enim
2533 4553 2709 4606 adhuc
2737 4551 2934 4606 vellent
2968 4551 3252 4620 pontilices
3286 4553 3588 4608 immobilia

2013 4664 2118 4703 non
2159 4661 2399 4710 movere,
2427 4660 2525 4699 nec
2555 4659 2672 4712 quae
2702 4644 2769 4698 iis
2800 4643 2889 4712 qui
2918 4645 3067 4712 prius
3096 4644 3313 4698 fuerunt
3336 4645 3588 4700 Patribus

2012 4740 2283 4810 placuere,
2319 4739 2411 4790 sed
2439 4746 2492 4789 et
2522 4736 2589 4790 iis
2609 4735 2738 4804 ipsis
2771 4735 2930 4802 longo
2958 4735 3196 4800 silentio,
3230 4747 3282 4790 et
3312 4739 3590 4806 hucusque

2013 4831 2271 4898 patientia
2314 4827 2542 4896 probata
2573 4826 2747 4891 fuere,
2779 4840 2844 4879 ex
2899 4827 3262 4880 inconstantia
3313 4827 3454 4880 velut
3489 4842 3588 4896 op-

2013 4937 2272 4992 pugnare,
2308 4930 2456 4974 recte
2485 4933 2544 4972 se
2573 4917 2817 4984 haberet,
2853 4926 2907 4970 et
2945 4917 3026 4971 eis
3058 4918 3229 4987 gratia
3276 4918 3586 4980 haberetur,

2015 5013 2156 5083 quod
2188 5011 2455 5082 pugnandi
2485 5009 2668 5064 studio
2698 5007 2930 5076 abjecto,
2970 5025 3153 5077 pacem
3201 5011 3586 5078 pra-tulissent.

2023 5105 2077 5158 Si
2135 5115 2313 5156 atttetn
2378 5102 2538 5156 etiam
2589 5102 2764 5154 atlltuc
2821 5101 3081 5165 nonnulli,
3149 5101 3310 5153 verba
3362 5103 3589 5153 canonis

2014 5205 2337 5265 usurpantes
2374 5191 2426 5264 (a
2458 5191 2730 5248 sententia
2756 5193 2908 5245 enim
2942 5191 3097 5258 longe
3123 5189 3350 5260 ξιιιιδιιιιι)
3399 5191 3579 5245 volui»

1555 5338 1742 5400 Guill.
1785 5335 2114 5415 Beveregii
2147 5340 2336 5395 notae.

381 5465 498 5540 (66)
538 5463 621 5540 I
641 5464 936 5540 ,qu'tqlstgz
959 5464 1318 5540 pavLExslat
1347 5465 1461 5540 llaec
1490 5466 1703 5540 novella
1719 5464 1899 5540 Διειιί

309 5532 577 5595 Coimieui
614 5539 668 5590 in
697 5532 848 5588 luris
878 5532 1061 5588 (ἐναισο
1095 5533 1318 5587 Romani
1349 5535 1383 5586 Ι.
1418 5551 1480 5598 ιι,
1517 5552 1567 5602 p.
1604 5535 1735 5600 M3;
1777 5538 1895 5600 sed,

311 5609 363 5663 ni
408 5607 598 5668 fallor,
636 5619 718 5674 rex
768 5606 870 5658 ltoc
910 5607 1026 5674 ipso
1077 5604 1419 5659 Balsamonis
1470 5607 1590 5658 l0co
1626 5605 1892 5659 traducta.

309 5678 385 5734 ibi
417 5689 604 5733 autem
626 5673 1052 5745 Leunclav.per
1086 5683 1266 5728 totam
1289 5675 1431 5727 hanc
1455 5675 1718 5728 novellam
1762 5690 1897 5744 χαρ-

697 5769 963 5830 i’ATnon.
1013 5772 1129 5846 Gtt.
1174 5768 1512 5830 CXXXVII.

2010 5461 2292 5530 τοφύλακα
2353 5457 2741 5530 ιἸιανιιιιανὶιιιιι
2782 5456 3006 5530 vertit,_
3039 5455 3182 5530 quod
3227 5456 3360 5530 satis
3399 5457 3584 5530 mirari

2007 5525 2258 5599 nequeo;
2322 5528 2366 5583 si
2420 5529 2635 5598 quidem
2691 5525 3129 5599 chartophylacis
3160 5535 3211 5580 et
3266 5529 3585 5599 cliartularii

2005 5596 2177 5657 ofﬁcia
2247 5596 2475 5654 multum
2553 5599 2691 5653 inter
2751 5611 2874 5652 sese
2941 5596 3278 5660 distiterunt,
3335 5606 3392 5651 ut
3454 5598 3584 5652 alibi

2003 5671 2374 5727 ostendemus.

3163 5764 3229 5822 10
