4108 6200
400 309 517 370 395

1504 309 1584 368 1N
1628 308 1789 368 CAN.
1827 307 1965 364 XIX
2005 306 2210 369 CONC.
2247 308 2519 369 NlCrEN.
2563 309 2608 367 Ι.

3529 306 3632 370 306

399 425 608 494 ἀνῆλθε
636 423 770 494 πρὸς
799 426 891 477 τὸν
921 425 1161 495 Πατέρα.
1228 425 1288 478 '0
1327 425 1382 477 δὲ
1428 424 1636 492 Ἰησοῦς
1679 422 1831 483 οὗτος
1881 423 1974 474 κά·

2100 425 2236 478 iilius
2263 434 2344 478 est
2376 424 2530 479 Jesus
2555 425 2822 488 Christus,
2860 434 2916 479 ut
2960 427 3048 495 qui
3099 441 3128 480 a
3177 425 3339 480 Maria
3387 431 3630 496 coeperit.

396 514 578 568 τωθέν
615 515 764 566 ἔστιν
809 514 1018 582 Ἰησοῦς
1044 515 1296 584 Χριστὸς,
1329 515 1403 574 ὡς
1441 514 1547 566 ἀπὸ
1572 513 1788 583 Μαρίας
1805 511 1975 581 ἀρξά-

407 623 590 672 μενος.
616 607 820 659 Τοῦτον
855 609 1108 661 καθεῖλεν
1133 610 1190 661 ἐν
1233 609 1536 680 ’Λντιοχείᾳ
1584 611 1612 661 6
1655 609 1809 674 ἅγιος
1834 608 1977 678 Γρηο

403 697 594 762 γόριος
624 697 655 748 6
682 696 1115 765 Θαυματουργὸς
1147 697 1240 750 καὶ
1272 697 1422 749 ἄλλοι
1455 698 1622 758 τινές.
1657 698 1779 749 Ἔτι
1807 698 1976 762 ἀμφι-

405 786 564 838 ϐολία
601 788 720 839 ἐστὶ
760 789 888 854 περὶ⁵
913 787 1008 840 τοῦ
1029 792 1075 840 εί
1100 789 1411 856 ὀφείλουσιν
1453 791 1501 840 οἱ
1556 790 1660 841 ἀπὸ
1683 788 1978 858 ὀρθοδόξων
2009 810 2022 815 -

405 877 758 944 Χριστιανῶν
800 879 1260 940 Παυλιανίσαντες
1304 880 1792 945 ἁναϐαπτίζεσθαι.
1869 879 1980 932 Kal.

401 968 552 1028 τινὲς
586 969 684 1035 μὲν
724 969 973 1034 λέγουσιν
1002 970 1075 1032 ὡς
1111 973 1352 1035 ἐκείνους
1381 973 1408 1023 6
1446 971 1626 1024 κανὼν
1677 971 1980 1026 ἀνασαπτέ-

403 1055 587 1120 ζεται,
621 1059 749 1120 τπὺς
783 1063 842 1110 ἐκ
869 1062 1091 1126 γενετῆς
1121 1062 1539 1124 Παυλικιανοὺς,
1586 1063 1646 1116 οὐ
1700 1063 1806 1133 μὴν
1853 1064 1980 1125 τοὺς

375 1149 517 1212 ¹ἀπό
561 1149 862 1218 ὀρθοδὸξων
895 1153 995 1221 τὴν
1025 1153 1237 1223 αἵρεσιν
1277 1154 1384 1206 τῶν
1421 1156 1795 1210 Παυλικιανῶν
1855 1159 1980 1210 ἁνα-

400 1238 754 1302 δεξαμένους.
824 1241 1063 1304 Τούτους
1104 1245 1212 1313 γὰρ
1295 1246 1402 1298 ὑπὸ
1485 1246 1658 1315 μύρου
1721 1247 1817 1300 καὶ
1878 1247 1980 1316 μό-

403 1346 501 1380 νου
540 1332 866 1395 ἁγιάζεσθαι
901 1338 1002 1403 χρή
1031 1353 1046 1368 ο
1075 1339 1170 1389 καὶ
1220 1339 1301 1399 είς
1347 1339 1616 1391 πίστωσιν
1676 1341 1769 1392 τοῦ
1821 1340 1979 1407 λόγου

405 1416 594 1467 αὐτῶν
618 1420 926 1486 παράγουσι
952 1425 1182 1487 πολλοὺς
1230 1428 1818 1496 Μουσουλμανίσαντας
1869 1431 1977 1501 (69)

404 1507 724 1572 ἐκοντῆκαὶ
765 1513 837 1580 μὴ
863 1515 1393 1582 ἀναϐαπτισθὲντας,
1448 1522 1582 1574 ἀλλὰ
1632 1523 1981 1592 μυρωθέντας

413 1598 594 1657 μόνον.
635 1600 792 1668 Ἐμοὶ
823 1603 878 1655 δὲ
899 1606 1050 1657 δοκεῖ
1084 1608 1196 1676 (70)
1218 1610 1306 1662 τὸν
1335 1612 1532 1665 κανόνα
1589 1615 1758 1668 ταῦτα
1812 1616 1980 1685 διορί-

409 1686 607 1748 ζεσθαι
632 1691 830 1757 μᾶλλον
861 1696 1117 1763 περὶτῶν
1145 1700 1252 1752 ἀπὸ
1299 1701 1598 1769 ὀρθοδόξων
1636 1707 1715 1767 ei;
1771 1708 1981 1775 αἵρεσιν

414 1777 802 1835 Παυλικιανῶν
835 1791 1292 1856 παραπεσόντων,
1320 1781 1414 1845 καὶ
1440 1794 1722 1866 βάπτισμα
1755 1798 1980 1867 δεξαμέ-

411 1884 524 1918 νων
554 1870 853 1938 θρησκείας
891 1881 1141 1946 μυσαρᾶς
1172 1897 1185 1911 ·
1243 1883 1336 1934 καὶ
1386 1885 1544 1938 τοῦτο
1591 1885 1730 1942 εἶναι
1779 1892 1982 1957 κυρίως

411 1959 843 2032 Παυλιανισμὸν,
875 1967 934 2018 οὐ
964 1969 1123 2035 μόνον
1150 1972 1212 2024 τὸ
1240 1969 1381 2026 εἶναί
1413 1993 1534 2028 τινα
1560 1978 1800 2047 ἀρχῆθεν
1827 1982 1980 2032 Παυ-

407 2049 676 2108 λικιανόν.
713 2058 803 2107 Διὸ
826 2060 920 2110 καὶ
950 2062 1092 2114 κατὰ
1119 2065 1210 2116 τὸν
1227 2067 1470 2134 παρόντα
1502 2070 1700 2122 κανόνα
1732 2072 1981 2139 ὀφείλου-

411 2161 504 2197 σιν
530 2148 1071 2215 ἀναὸαπτίζεσθαιοί
1101 2160 1358 2219 τοιοῦτοι,
1397 2162 1558 2216 Ἀλλὰ
1593 2164 1688 2216 καὶ
1730 2166 1787 2218 τὸ
1835 2168 1985 2236 ῥῆμα

408 2237 511 2290 τοῦ
541 2241 982 2312 ἀναόαπτισμοῦ,
1017 2249 1078 2301 οὐ
1120 2253 1331 2320 μικρῶς
1372 2255 1736 2322 συμϐάλλεται
1774 2261 1907 2325 πρὸς
1929 2260 1987 2310 τὸ

411 2328 730 2398 λεγόμενον.
775 2337 938 2405 Ζὴτει
969 2342 1061 2392 καὶ
1125 2343 1215 2394 τὸν
1245 2342 1332 2411 μζ⁹
1377 2347 1735 2399 ἁποστολικδν
1785 2351 1984 2402 κανόνα

377 2412 392 2422 ’
413 2418 644 2485 λέγοντα
667 2423 1046 2493 καθαιρεῖσθαι
1068 2431 1158 2482 τὸν
1176 2432 1472 2486 ἐπίσκοπον
1489 2434 1592 2487 ,καὶ
1626 2436 1717 2489 τὸν
1746 2438 1985 2505 πρεσϐύ-

414 2525 583 2578 τερον
610 2511 702 2564 τὸν
726 2513 808 2575 δὶς
855 2515 1188 2584 βαπτίζοντα
1218 2519 1327 2575 οἷον
1377 2523 1565 2594 δήτινα
1625 2528 1835 2587 πιστὸν,
1893 2529 1989 2581 καὶ

414 2601 508 2652 τὸν
562 2602 638 2672 μὴ
693 2604 1023 2670 βαπτίζοντα
1081 2611 1172 2663 τὸν
1230 2615 1640 2684 μεμολυσμένον
1691 2621 1836 2686 παρὰ
1877 2620 1986 2672 τῶν

411 2691 657 2747 ἀσεϐῶν.
728 2697 1022 2764 Ἀνάγνωθι
1080 2702 1176 2754 καὶ
1248 2704 1347 2771 τὴν
1403 2705 1495 2757 τοῦ
1544 2708 1710 2759 αὐτοῦ
1763 2712 1989 2774 κανόνος

413 2781 746 2850 ἑρμηνείαν,
783 2789 876 2840 καὶ
909 2791 1000 2842 τὸν
1043 2791 1090 2856 ζ’
1119 2795 1319 2848 κανόνα
1346 2798 1442 2861 τῆς
1471 2797 1515 2865 β’
1547 2801 1792 2853 συνόδου.

486 2874 732 2929 ΖΩΝΑΡ.
777 2880 915 2942 Τοὺς
958 2883 1058 2951 τῆς
1114 2884 1379 2952 αἱρέσεως
1439 2890 1546 2940 τῶν
1610 2891 1990 2946 Παυλικιανῶν

414 2969 901 3036 προσερχομένους
923 2975 987 3040 τῇ
1039 2975 1304 3048 καθολικῇ
1344 2979 1642 3051 Ἐκκλησία
1685 2984 1992 3038 ἀναϐαπτί-

409 3058 615 3120 ζεσθαι
646 3063 674 3112 6
708 3063 890 3115 κανὼν
922 3068 1274 3134 προστάσσει.
1311 3070 1476 3140 Ὄρος
1507 3074 1615 3142 γὰρ
1639 3078 1664 3126 ὁ
1703 3076 1869 3138 τύπος
1897 3080 1990 3131 καὶ

409 3151 441 3198 6
480 3148 667 3202 κανὼν
722 3150 964 3218 λέγεται.
1021 3156 1082 3208 El
1132 3157 1188 3210 δέ
1241 3175 1388 3221 τινες
1438 3161 1642 3214 τούτων
1697 3167 1754 3216 ἐν
1800 3166 1988 3237 κλήρῳ

413 3240 618 3310 ἔτυχον
673 3245 951 3314 τετάχθαι,
1014 3249 1394 3319 ἀγνοησάντων
1438 3253 1566 3314 ἴσως
1627 3256 1989 3322 τὴν-αἵρεσιν

412 3331 610 3384 αὐτῶν
632 3335 741 3385 τῶν
769 3341 1267 3407 χειροτονησάντων
1294 3343 1457 3394 αὐτοὺ
1477 3362 1512 3405 ·,
1564 3346 1686 3406 τοὺς
1717 3347 1990 3410 τοιούτους

421 3423 569 3490 μετὰ
622 3425 685 3477 τὸ
746 3429 1218 3499 ἁναϐαπτισθῆναι
1275 3432 1624 3497 ἐξετάζεσθαι
1672 3437 1988 3506 διορίζεται,

421 3516 522 3568 καὶ
557 3519 944 3588 ἀνακρίνεσθαι
975 3523 1062 3576 τὸν
1099 3525 1212 3592 βίον
1249 3526 1430 3578 αὐτῶν
1470 3527 1557 3578 τὸν
1605 3528 1743 3595 μετὰ
1801 3530 1992 3596 βάπτι-

417 3623 562 3675 σμα,
603 3609 700 3660 καὶ
733 3612 782 3664 εί
835 3613 1110 3680 εὑρεθεῖεν
1154 3618 1433 3684 ἄμεμπτοι
1474 3621 1565 3670 καὶ
1609 3620 1988 3689 ἀνεπίληπτοι,

417 3701 856 3769 χειροτονεῖσθαι
897 3704 1002 3757 ὑπὸ
1027 3706 1120 3758 τοῦ
1156 3709 1453 3759 ἐπισκόπου
1498 3711 1598 3773 τῗς
1643 3706 1990 3784 ἐκκλησίαςῇ

425 3791 763 3860 προσῆλθον.
800 3795 862 3847 Ἥ
898 3795 1006 3864 γὰρ
1028 3798 1268 3865 προτέρα
1296 3802 1616 3867 χειροτονία,
1644 3802 1676 3870 ἡ
1703 3803 1992 3872 αἱρετικῶν

421 3882 600 3935 ὂντων
629 3885 810 3938 αὐτῶν
834 3889 1125 3956 γενομένη,
1181 3890 1302 3942 οὐδὲ
1345 3891 1648 3961 χειροτονία
1698 3893 1991 3961 λογίζεται.

425 3974 556 4035 Πῶς
575 3975 685 4042 γὰρ
719 3976 748 4026 6
773 3976 848 4044 μὴ
897 3980 1036 4031 κατὰ
1061 3979 1162 4046 τὴν
1193 3980 1476 4048 ὀρθόδοξον
1510 3984 1694 4036 πίστιν
1728 3984 1994 4053 βεϐαπτιο

423 4066 631 4133 σμένος
661 4067 976 4134 Πνεὺματος
1003 4071 1159 4137 ἁγίου
1194 4073 1542 4142 ἑπιφοίτησιν
1593 4077 1650 4126 ὲν
1695 4079 1760 4145 τῇ
1818 4094 1997 4146 χειρος

422 4158 586 4224 τονίᾳ
624 4155 881 4222 δέξασθαι
912 4161 1363 4228 πιστευθήσεταις
1395 4165 1456 4216 El
1500 4165 1555 4217 δὲ
1583 4167 1996 4233 ἀνακρινόμενοι

423 4249 802 4317 ἀνεπιτήδειοι
861 4251 1003 4320 πρὸς¹
1040 4255 1378 4323 χειροτονίαν
1411 4255 1748 4323 εὑρίσκοντο,
1807 4258 2000 4312 καθαι-

2083 515 2210 568 Eu~n
2280 518 2580 571 Antiochiae
2643 519 3007 584 deposuerunt
3066 530 3284 572 Sanctus
3341 519 3634 588 Gregorius

2079 605 2535 676 'l‘haumalurgus,
2591 617 2644 662 et
2692 607 2781 660 alii
2830 609 3066 674 quidam.
3115 607 3323 660 Rursus
3362 591 3636 662 dubitatur

2079 714 2143 750 an
2170 699 2588 770 Christiani,qui
2619 718 2682 754 cx
2709 700 3020 754 orthodoxis
3055 702 3119 753 ad
3153 700 3510 754 PaulianiSIas
3540 701 3637 752 de-

2080 789 2356 854 fecerunt,
2409 808 2595 846 rursus
2653 792 2878 845 debeant
2938 792 3220 862 baptizari.
3277 791 3339 842 Et
3395 791 3633 843 nonnulli

2079 882 2294 947 quidem
2325 882 2526 942 dicunt,
2552 885 2691 950 quod
2716 898 2807 936 eos
2841 885 2983 936 solos
3011 882 3163 946 jubet
3196 898 3367 936 canon
3402 883 3637 946 rebapti-

2081 972 2212 1035 zari,
2245 973 2334 1041 qui
2368 988 2396 1025 a
2431 975 2710 1027 nativitate
2738 975 3035 1029 Pauliciani
3073 975 3292 1037 fuerint,
3325 989 3426 1027 non
3457 985 3635 1027 autem

2081 1077 2174 1115 eos
2244 1064 2333 1129 qui
2399 1079 2463 1116 ex
2520 1065 2836 1116 orthodoXis
2895 1064 3324 1119 Paulicianoruui
3388 1065 3635 1118 haeresim

2082 1157 2440 1222 susceperint.
2463 1155 2568 1209 Eos
2597 1156 2736 1208 enim
2773 1157 2852 1208 vel
2884 1156 2994 1210 sola
3032 1159 3284 1210 unctione
3311 1155 3636 1210 sanctiﬁeari

2084 1251 2296 1311 oportet
2332 1262 2346 1302 :
2376 1254 2427 1298 et
2459 1247 2522 1297 ad
2559 1262 2710 1299 suam
2747 1248 3009 1299 rationem
3051 1246 3470 1298 conﬁrmandam
3508 1245 3639 1298 θίγο-

2085 1346 2230 1401 runt,
2285 1340 2423 1406 quod
2477 1339 2628 1394 multi
2685 1342 2774 1409 qui
2838 1356 2930 1395 sua
2984 1351 3171 1408 sponte
3223 1341 3640 1394 Musnlnianistm

2085 1429 2315 1492 fuerant,
2347 1431 2657 1500 rebaptizati
2708 1449 2812 1486 non
2872 1434 3089 1495 fuerint,
3146 1439 3236 1489 sed
3294 1443 3497 1486 tantum
3544 1449 3639 1485 un-

2083 1531 2282 1584 guento
2338 1522 2577 1577 delibuti.
2670 1525 2792 1577 Mihi
2849 1535 3023 1578 autem
3081 1523 3292 1578 videtur
3343 1525 3431 1578 hic
3462 1539 3638 1576 canor:

2085 1609 2253 1675 magis
2285 1619 2520 1664 statuere
2549 1613 2615 1665 de
2653 1613 2716 1667 iis
2768 1615 2854 1682 qui
2892 1631 2954 1668 ex
3005 1615 3316 1667 orlhodoxis
3362 1614 3415 1667 in
3461 1611 3642 1667 Pauli-

2085 1698 2360 1754 Cianorum
2412 1703 2656 1755 hmresim
2708 1705 3036 1770 ceciderunt,
3069 1716 3118 1756 et
3157 1683 3501 1759 eXsecranda:
3547 1721 3640 1759 su-

2085 1792 2419 1856 perstitionis
2469 1793 2791 1854 baptismum
2840 1805 3192 1864 susceperunt
3231 1817 3242 1850 :
3285 1798 3469 1850 ethoc
3524 1813 3644 1851 esse

2086 1884 2305 1950 preprie
2339 1883 2782 1951 Paulianismum,
2821 1902 2924 1938 non
2974 1888 3143 1940 solum
3174 1903 3293 1940 esse
3338 1888 3566 1955 aliquem
3615 1903 3644 1937 a

2087 1979 2352 2044 principio
2384 1978 2768 2034 Paulicianum.
2807 1982 2868 2034 Et
2919 1983 3036 2036 ideo
3068 2000 3128 2034 ex
3169 1983 3432 2034 sententia
3489 1980 3646 2048 hujus

2087 2070 2339 2131 canonis,
2374 2071 2586 2133 debent,
2623 2073 2709 2136 qui
2747 2073 2878 2124 tales
2912 2084 3058 2131 sunt,
3085 2073 3425 2138 rebaptizari.
3462 2072 3564 2124 Sed
3595 2081 3647 2123 et

2088 2158 2524 2223 reliaptizationis
2569 2163 2788 2214 verbum
2839 2178 2940 2214 non
2994 2178 3176 2227 parum
3224 2161 3435 2216 confert
3485 2147 3641 2214 adid

2089 2252 2227 2316 quod
2256 2251 2340 2304 hic
2370 2252 2586 2306 dicitur.
2607 2253 2795 2318 Ουτοι-θ
2813 2262 2861 2304 et
2894 2253 2960 2305 47
2991 2267 3248 2304 cauonem
3275 2252 3645 2319 apostolicum,

2087 2341 2352 2393 dicentem
2387 2339 2761 2408 deponendum
2807 2343 3116 2410 episcopum
3157 2353 3209 2396 ct
3248 2343 3642 2410 presbyterum,

2087 2431 2180 2498 qui
2215 2446 2584 2496 quemcunque
2621 2431 2827 2484 fidelem
2861 2432 2939 2484 bis
2981 2433 3238 2499 baptizat,
3276 2443 3327 2482 et
3372 2447 3491 2484 eum
3545 2447 3646 2483 non

2091 2522 2349 2587 haptizat,
2390 2522 2479 2587 qui
2519 2523 2583 2573 ab
2641 2521 2822 2589 impiis
2876 2531 2956 2573 est
3012 2521 3342 2587 inquinatus.
3407 2519 3545 2585 Lege
3598 2528 3650 2571 et

2091 2611 2329 2678 ejusdem
2386 2613 2609 2664 canonis
2665 2612 3183 2679 interpretationem,
3239 2621 3293 2665 et
3343 2612 3373 2664 7
3435 2627 3552 2662 can.
3617 2611 3652 2662 2

2092 2703 2303 2772 synodL

2133 2861 2408 2937 .ZONAR.
2463 2883 2571 2938 Eos
2625 2886 2714 2952 qui
2761 2899 2823 2937 ex
2868 2883 3296 2936 Paulicianorum
3346 2885 3532 2936 ha'resi
3586 2885 3650 2936 ad

2097 2976 2414 3031 catholicam
2471 2975 2762 3028 Ecelesiam
2823 2975 3106 3036 accedunt,
3179 2976 3496 3040 rebaptizari
3567 2977 3654 3028 hic

2017 3063 2061 3124 C
2097 3084 2265 3122 canon
2315 3067 2520 3121 statuit.
2564 3067 2900 3121 Definitionis
2951 3067 3091 3119 enim
3153 3068 3388 3128 nomine,
3457 3066 3652 3126 forma.

2092 3160 2475 3228 decretumque
2508 3157 2840 3228 intelligitur.
2872 3158 3023 3223 Quod
3055 3159 3098 3211 si
3133 3159 3220 3225 qui
3248 3174 3308 3210 ex
3338 3176 3400 3211 eo
3425 3174 3653 3211 numero

2093 3256 2158 3308 ab
2199 3254 2262 3307 iis
2295 3253 2382 3322 qui
2437 3252 2554 3304 illos
2613 3250 2895 3303 luereticos
2949 3264 3068 3303 esse
3122 3250 3454 3317 ignorarent,
3510 3251 3654 3302 clero

2095 3344 2231 3398 forte
2267 3344 2483 3411 ascripti
2536 3351 2691 3403 sunt,
2745 3357 2836 3394 eos
2889 3349 3005 3406 post
3055 3341 3279 3394 altermu
3331 3341 3653 3410 baptismum

2093 3435 2418 3496 examinari,
2469 3442 2517 3485 et
2567 3432 2740 3501 qualis
2791 3447 2974 3484 eorum
3016 3432 3120 3482 vita
3157 3439 3273 3497 post
3328 3431 3651 3497 baptismum

2097 3528 2258 3581 fuerit
2285 3525 2537 3591 explicari
2569 3524 2752 3592 jubet;
2784 3539 2844 3575 ac
2883 3523 2924 3575 si
2959 3523 3173 3592 quidem
3203 3523 3443 3575 criminis
3477 3525 3656 3591 suspi-

2095 3619 2272 3677 cione,
2302 3616 2558 3684 omnique
2592 3614 3008 3678 reprehensione
3034 3629 3224 3666 vacare
3278 3615 3476 3666 inventi
3530 3616 3655 3679 sint,

2100 3712 2165 3762 ab
2199 3709 2346 3762 illius
2378 3707 2619 3760 ecclesiae
2651 3706 2912 3766 antistite,
2946 3707 3180 3772 inquam
3213 3706 3408 3757 dedere
3440 3721 3656 3767 nomen.

2097 3800 2375 3855 ordinibus
2411 3799 2676 3869 insigniri.
2712 3796 2866 3850 Prior
2899 3798 3040 3850 enim
3077 3797 3345 3849 ordinatio
3378 3813 3505 3865 qua,
3532 3798 3655 3850 dum

2101 3889 2289 3943 haeresi
2325 3897 2660 3950 tenerentur,
2715 3888 2909 3940 initiati
2969 3885 3191 3945 fuerint,
3237 3887 3505 3938 ordinatio
3553 3902 3656 3936 non

2101 3991 2397 4050 reputatur.
2431 3979 2707 4044 Quomodo
2737 3980 2879 4031 enim
2913 3978 2976 4040 is,
3013 3978 3099 4044 qui
3128 3977 3232 4029 ritu
3265 3976 3333 4029 ab
3361 3977 3659 4029 orthodoxa

2103 4074 2203 4125 [ide
2253 4071 2426 4124 alieno
2486 4069 2790 4136 baptizatus
2839 4077 2941 4132 est,
3001 4084 3251 4120 manuum
3322 4067 3660 4134 impositione

2102 4163 2363 4233 Spiritum
2398 4170 2641 4213 sanctum
2678 4160 2951 4227 accepisse
3000 4159 3290 4211 credetur?
3321 4159 3410 4211 Sin
3459 4161 3660 4210 exauri-

2106 4254 2214 4306 nati
2267 4253 2331 4305 ad
2388 4251 2780 4303 ordinationem
2836 4248 3011 4299 mimis
3081 4248 3255 4300 idonei
3312 4248 3657 4316 judicen'ur,

431 4343 648 4410 ρεῖσθαι
700 4343 899 4404 αὐτοὺς
977 4342 1188 4399 κελεύει
1246 4349 1279 4416 ἡ
1345 4347 1583 4411 σύνοδος.
1655 4350 1726 4403 Τὸ
1795 4353 1850 4404 δὲ
1899 4351 1991 4420 τῆς

2106 4343 2449 4414 deponendos
2477 4357 2597 4396 esse
2633 4343 2868 4409 synodus
2899 4340 3163 4393 decernit.
3198 4337 3394 4392 Verum
3451 4341 3661 4410 deposi-

431 4435 808 4500 καθαιρέσεως
856 4436 1029 4505 ὄνομα
1078 4438 1309 4491 ὲνταῦοα
1358 4443 1809 4510 καταχρηστικῶς
1851 4438 2004 4512 οἶμαι

431 4526 670 4578 κεῖσθαι.
748 4525 1114 4596 Καθαιρετται
1169 4529 1276 4597 γὰρ
1332 4530 1360 4580 6
1421 4531 1625 4598 κυρίως
1670 4534 2006 4602 χειροτονίαν

430 4615 751 4687 δεξάμενος,
777 4615 869 4670 καὶ
901 4621 981 4676 εἰς
1011 4617 1144 4686 ’ὕψος
1175 4619 1475 4690 ἱερωσύνης
1498 4622 1708 4690 ἀρθεὶς,
1750 4626 1778 4676 ό
1820 4624 1878 4678 δὲ
1909 4627 2008 4694 τὴν

435 4713 616 4781 ἀρχὴν
647 4711 720 4781 μὴ
741 4711 1136 4780 χειροτονηθεὶς
1174 4711 1410 4778 ἀληθῶς,
1448 4713 1562 4776 πῶς
1617 4714 1650 4784 ἦ
1707 4717 1872 4769 πόθεν
1921 4720 2010 4771 καὶ

437 4805 549 4855 ἀπὺ
579 4803 750 4872 ὕψους
772 4803 928 4856 ποίου
990 4803 1443 4872 καθαιρεθήσεται
1475 4823 1488 4870 ;
1524 4806 1671 4859 ’Λντὶ
1731 4809 1860 4875 γοῦν
1913 4813 2006 4864 τοῦ

435 4896 618 4946 εἰπεῖν
651 4891 983 4961 ἑξωθήσεται
1012 4892 1104 4945 τοῦ
1126 4893 1328 4962 κλήρου
1362 4895 1595 4948 τέθειται
1638 4900 1777 4953 κατὰ
1825 4903 2000 4972 παρά·-

436 5004 642 5058 χρησιν
678 4985 740 5038 τὺ
770 4984 1250 5053 καθαιρεθήσεται.
1302 4985 1382 5038 Τὰ
1428 4987 1567 5040 αὐτὰ
1610 4989 1666 5042 δὲ
1729 4993 1822 5044 καὶ
1878 4997 2005 5063 περὶ

438 5079 802 5135 διακονισσῶν
833 5076 1063 5138 καὶτῶν
1108 5077 1295 5140 ἁπλῶς
1324 5079 1380 5130 ὲν
1425 5079 1610 5150 κλήρῳ
1663 5083 2011 5149 τεταγμένων

2106 4439 2264 4491 tionis
2297 4449 2485 4489 nomen
2539 4434 2638 4485 hoc
2682 4432 2796 4483 loco
2845 4430 3135 4498 imprOprie
3186 4439 3495 4499 usurpatum
3547 4447 3663 4485 esse

2105 4530 2356 4584 arhitror.
2397 4525 2694 4593 Deponilur
2719 4524 2858 4574 enim
2893 4523 2980 4590 qui
3014 4521 3229 4588 proprie
3275 4522 3579 4584 ordinatus,
3612 4535 3664 4576 et

2107 4624 2171 4672 ad
2209 4617 2350 4672 sacri
2391 4615 2608 4670 honoris
2638 4613 2909 4678 fastigium
2957 4623 3175 4665 erectus
3223 4611 3340 4664 fuit.
3391 4614 3488 4678 Qui
3541 4629 3667 4666 vero

2110 4713 2160 4765 in
2195 4709 2459 4778 principio
2495 4720 2598 4759 non
2655 4719 2780 4756 vere
2835 4704 3116 4756 ordinatus
3176 4704 3293 4763 fuit,
3352 4719 3458 4772 quo
3515 4717 3668 4772 pacto

2111 4805 2236 4862 istc,
2270 4809 2359 4852 aut
2395 4798 2557 4857 unde,
2594 4806 2687 4848 aut
2722 4811 2784 4846 ex
2813 4810 2919 4861 quo
2949 4793 3167 4846 honoris
3195 4795 3360 4860 gradu
3390 4793 3662 4846 deturbari

2113 4893 2309 4964 queat?
2340 4890 2641 4957 Ejiciendos
2673 4887 2852 4956 itaque
2898 4887 3148 4941 homines
3178 4902 3206 4939 a
3236 4887 3400 4949 clero,
3454 4886 3667 4951 deposi‘

2115 4989 2274 5042 tionis
2327 4981 2583 5036 vocabulo
2636 4979 2812 5031 minus
2882 4979 3095 5046 proprie
3141 4978 3380 5030 adhibito
3433 4978 3670 5046 synodus

2124 5078 2400 5134 indicavit.
2431 5076 2630 5129 Eadem
2673 5087 2796 5124 vero
2829 5071 2990 5124 etiam
3023 5070 3071 5122 in
3106 5069 3442 5130 diacouissis,
3482 5083 3544 5120 ac
3581 5069 3672 5120 de.

1669 5195 1856 5256 Guill.
1891 5196 2205 5271 Beveregii
2241 5201 2424 5254 uota).

521 5297 634 5369 (69)
667 5295 1459 5369 Move'ovlpqrio’artac.Sic
1485 5309 1747 5352 \‘Ot‘ﬂnlllt‘
1774 5298 2015 5350 Illuham—

444 5367 694 5427 rnedaui,
722 5369 836 5421 sive
867 5367 1350 5438 pseudopropltelm
1399 5368 1789 5423 Multammedis
1826 5380 2008 5422 secta-

443 5454 599 5494 lOI'PS
611 5481 619 5489 .

519 5507 637 5574 (70)
678 5508 836 5574 Ἐμοὶ
869 5507 936 5561 δὲ
961 5506 1144 5560 δοκεῖ.
1189 5505 1286 5558 llic
1331 5505 1470 5559 aliud
1516 5507 1670 5560 nobis
1704 5515 1858 5574 atque
1893 5506 2015 5558 Bal-

447 5581 662 5632 samoni
697 5581 925 5630 videtur.
960 5576 1141 5644 Neque
1168 5576 1311 5628 enim
1345 5577 1430 5640 qui
1491 5575 1657 5628 semel
1695 5578 1792 5629 rite
1841 5577 2015 5643 Ικιι-ιί-

451 5660 612 5702 zatus
642 5653 747 5706 est,
805 5647 855 5699 in
889 5643 1263 5714 quamettnque
1311 5645 1557 5714 haeresim
1607 5643 1784 5712 lapsus
1825 5645 1941 5702 fuit.
1983 5661 2010 5697 a

453 5715 758 5771 Catholicis
791 5712 1185 5785 rebaptizatur.
1214 5712 1367 5777 Quod
1396 5723 1574 5767 autem
1608 5715 1672 5769 de
1704 5729 1832 5769 voce
1883 5716 2015 5767 ἀνα-

2122 5292 2482 5357 ϐαπτίζεσθαι
2531 5289 2694 5341 iul’crt
2777 5285 2989 5357 nullius
3032 5291 3111 5335 est
3165 5283 3422 5357 momenti
3474 5300 3484 5334 :
3530 5283 3667 5357 idem

2121 5367 2261 5419 cui-ii
2301 5351 2424 5430 περὶ
2463 5359 2554 5409 τοῦ
2591 5353 3058 5430 ἁνχῆαπτίζεσοαι
3089 5365 3186 5430 nos
3231 5351 3670 5430 ilicitittts,_uuoil

2123 5434 2251 5502 περὶ
2273 5421 2795 5494 τοῦ’καθαιρείσοαι.
2820 5425 2974 5474 istam
3003 5422 3252 5500 nimirum
3283 5438 3464 5475 vocent
3501 5424 3548 5471 in
3577 5421 3674 5472 hoc.

2121 5490 2328 5557 mimae
2354 5490 2806 5565 καταχρὴστικῶς
2851 5490 3212 5565 usurpa_ri,.t_tt
3251 5501 3378 5565 ante
3419 5493 3677 5565 observa-

2126 5555 2234 5624 tum
2280 5579 2383 5622 est.
2425 5555 2546 5620 llic"
2577 5555 2756 5630 itaque
2789 5555 2998 5630 agitur:
3025 5560 3088 5611 de
3140 5557 3506 5630 l’attli:i_iiislis,
3564 5577 3668 5611 non

2126 5642 2303 5702 [δαίθ’
2338 5641 2431 5692 εει]
2462 5627 2682 5704 genitis,
2707 5627 2834 5704 sive;
2852 5632 2915 5682 de
2953 5627 3075 5704 _iis,_
3107 5629 3192 5693 qui
3233 5644 3259 5680 a
3313 5627 3676 5686 Paulianistis.

2128 5729 2231 5765 non
2266 5699 2391 5763 item
2424 5699 2792 5763 allalliolicis,
2824 5699 3076 5767 baptizati
3110 5709 3257 5752 Stml.
