4108 6200
503 328 612 390 315
655 389 660 396 .

1767 325 1864 381 TH
1881 324 2048 382 EOD.
2087 323 2493 382 BALSAMON

3647 315 3752 380 316

503 441 706 496 etautia
728 442 778 494 iu
803 441 1011 494 Nitarua
1043 442 1248 511 syuo-lo
1280 459 1306 493 a
1332 443 1532 494 sanctis
1558 441 1808 495 Patribtts
1837 441 2078 509 promul-

2194 442 2278 494 καὶ
2352 443 2534 492 πᾶσαν
2598 441 2808 508 αἵρεσιν
2869 437 3164 490 ἐθέσπισεν
3223 437 3754 506 ἁναθεματίζεσθαι,

505 545 624 600 gata
661 546 805 598 sunt,
851 547 914 587 ea
951 533 1124 596 primo
1171 545 1282 584 rata
1335 535 1592 602 lirmaque
1625 533 1830 603 haberi,
1888 535 2080 589 deinde

504 641 697 679 oiimes
751 624 1124 678 haereticorum
1167 641 1384 680 errores
1437 629 1766 681 anathemati
1809 628 2080 696 subjectos

504 734 645 779 esse.
694 719 962 788 prmeipue
995 735 1118 772 vero
1150 718 1631 782 Eunomianorum,
1683 722 1919 790 synodus
1970 723 2082 774 haec

505 815 741 868 srcunda
774 829 868 882 per
899 827 1216 883 prmsentem
1272 832 1531 870 canonem
1571 819 1828 870 decrevit.
1905 818 2082 869 Eunoo

507 908 647 959 mius
697 921 877 969 porro,
938 908 987 959 ia
1045 909 1253 962 Galatia
1306 919 1482 970 natus,
1539 910 1789 979 Cyziceni
1843 910 2078 977 episcopi

508 1011 700 1048 nomen
741 997 994 1061 obtinuit,
1043 1014 1103 1050 ac
1149 998 1335 1051 iisdem
1383 1003 1579 1064 quibus
1627 1003 1804 1064 Arius,
1855 1001 1979 1066 quin
2029 1010 2083 1056 et

507 1086 769 1151 pluribus,
798 1101 849 1138 et
889 1089 1243 1152 gravioribus
1267 1090 1431 1142 tnnlto
1463 1093 1743 1145 erroribus
1777 1095 2078 1148 tenebatur.

507 1175 700 1230 Filium
750 1179 968 1246 quippe,
1032 1181 1368 1246 mutabilem,
1420 1192 1474 1234 et
1527 1175 1762 1247 servum,
1816 1193 1872 1236 et
1926 1186 2084 1238 rebus

506 1271 758 1324 omnibus
817 1271 958 1324 Patri
1015 1272 1327 1325 dissimilem
1403 1274 1796 1338 constituebat;
1885 1275 2084 1344 quique

507 1358 744 1411 animqu
780 1361 845 1412 ad
877 1360 1044 1428 ipsius
1085 1362 1364 1427 opiniones
1394 1363 1744 1428 appulissent,
1797 1378 1893 1417 eos
1925 1365 2084 1418 elatis

509 1453 559 1500 iu
590 1450 818 1504 sublime
850 1453 1094 1520 pedibus,
1153 1453 1326 1520 rapite
1371 1453 1422 1505 in
1454 1469 1648 1522 aquam
1685 1455 1939 1516 demisso,
1988 1458 2084 1510 de-

510 1542 781 1594 tuersione
839 1557 944 1594 una
1003 1553 1320 1604 contentus,
1386 1545 1775 1612 rebaptizabat.
1884 1548 2084 1604 Futura

510 1631 793 1697 supplicia,
821 1633 1185 1700 gehenna-que
1223 1634 1543 1698 crueiatum,
1587 1638 1717 1690 nihil
1752 1637 1890 1693 aliud
1923 1656 2083 1708 quam

512 1722 722 1775 fabulas
751 1723 819 1776 ad
857 1734 1116 1778 terrorem
1151 1726 1422 1780 hominum
1458 1731 1790 1797 excogitatas
1821 1747 1941 1786 esse
1985 1750 2085 1786 nu-

510 1815 756 1878 gabatur.
839 1814 899 1867 lli
934 1815 1231 1869 Eudoxiani
1285 1835 1496 1888 quoque
1551 1822 1617 1874 ab
1671 1823 1934 1885 Eudoxio,
1994 1825 2084 1892 qui

509 1906 697 1958 eadem
729 1923 833 1975 qua
866 1908 1160 1964 Eunomius
1195 1912 1381 1964 haeresi
1413 1913 1663 1979 infectus,
1700 1916 2085 1970 Constantino-

509 1996 614 2061 poli
677 2013 796 2048 cum
844 2009 986 2052 esset
1041 2002 1347 2070 episcopus,
1409 2005 1727 2059 Eunontium
1790 2009 2088 2063 antistitem

509 2086 790 2154 Cyzicena:
821 2089 1295 2160 nrhiprsel‘ecerat,
1318 2095 1588 2163 appellati.
1626 2097 1810 2163 Iidem,
1845 2107 2000 2166 propt
2036 2115 2092 2152 r-

509 2193 570 2227 ea
632 2179 772 2245 quod
827 2181 962 2234 Filio
1007 2197 1071 2236 ac
1127 2184 1386 2253 Spiritui,
1467 2199 1706 2255 spectata
1777 2191 2092 2244 substantia:

510 2273 741 2333 ratione,
782 2272 912 2325 nihil
946 2289 1068 2327 cum
1109 2275 1266 2330 Patre
1301 2278 1476 2331 simile
1509 2281 1843 2336 intercedere
1871 2284 2089 2348 vellent,

509 2361 759 2415 Auomt‘ei
797 2364 871 2429 (id
901 2375 984 2418 est
1015 2366 1323 2436 dissimiles)
1355 2371 1675 2437 nuncupali.
1743 2370 1904 2426 Jubet
1931 2375 2089 2426 etiam

511 2454 957 2508 auathematizari
990 2457 1350 2517 Sabellianos.
1399 2461 1487 2529 qui
1532 2477 1558 2513 a
1591 2462 1826 2516 Sabellio
1859 2467 2090 2531 quodam

511 2544 710 2612 Lybico
744 2562 936 2600 nomen
970 2563 1244 2617 accepere.
1331 2553 1378 2606 Is
1413 2552 1772 2618 Ptolemaidis,
1817 2571 1934 2622 qua:
1967 2557 2094 2609 urbs

512 2633 566 2686 in
606 2635 880 2705 Pentapoli
939 2638 1055 2704 fuit,
1109 2643 1414 2712 episcopus,
1464 2647 1810 2700 concretione
1863 2647 2093 2714 quadam

511 2725 936 2796 conlusioneque
991 2734 1328 2800 excogitata,
1394 2747 1501 2789 tres
1559 2736 1878 2806 hypostases
1936 2741 2095 2795 unius

509 2821 756 2872 essentia}
785 2835 848 2874 ac
875 2821 1173 2878 divinitatis
1208 2825 1258 2878 in
1303 2841 1462 2880 unam
1495 2844 1780 2896 personam
1807 2835 2098 2902 conjunge-

512 2909 602 2961 bat
635 2926 698 2963 ac
739 2913 1149 2978 commiscebal,
1199 2931 1263 2970 ac
1297 2934 1456 2973 unam
1497 2920 1550 2974 in
1583 2919 1870 2989 Trinitate,
1926 2924 2096 2978 tribus

511 3001 637 3053 licet
700 3003 906 3055 variam
971 3007 1318 3071 nominibus,
1395 3025 1676 3078 personam
1743 3018 2093 3078 agnoscebat.

2184 535 2476 603 ἐξαιρέτως
2527 534 2585 586 δὲ
2633 533 2743 585 τῶν
2803 531 3180 600 Εὐνομιανῶν.
3223 529 3284 582 Ὀ
3346 529 3403 582 δέ
3463 531 3754 597 Εὐνόμιος,

2180 629 2431 698 Γαλάτης
2480 629 2579 694 ὣν,
2622 627 2862 689 Κυζίκου
2917 623 3216 684 ἐπίσκοπος
3274 619 3637 691 ἐχρημάτιζε,
3691 620 3760 674 τὰ

2185 721 2323 772 αὐτὰ
2349 719 2566 789 φρονῶν
2594 718 2670 785 τῷ
2717 717 2936 785 ’Λρείῳ,
2981 715 3181 783 μᾶλλον
3233 712 3418 782 μέντοι
3461 714 3553 764 καὶ
3585 710 3758 763 πλείω

2182 817 2275 864 καί
2327 813 2570 881 χείρονα.
2637 808 2886 876 Τρεπτὸν
2948 804 3055 873 γὰρ
3113 804 3206 856 καὶ
3263 803 3448 854 δοῦλον
3491 802 3586 854 καὶ
3619 803 3758 853 κατὰ

2185 905 2362 956 πάντα
2393 903 2648 970 ἀνόμοιον
2686 901 2765 967 τῷ
2822 899 2997 967 Πατρὶ
3051 897 3142 949 τὸν
3175 895 3302 948 Υἱὸν
3349 893 3707 963 ἐδογμάτιζεν
3740 937 3754 958 ,

2183 996 2239 1053 ὃς
2268 994 2362 1046 καὶ
2389 994 2514 1054 τοὺς
2541 995 2608 1061 τῇ
2652 991 2776 1060 δόξῃ
2821 990 2984 1042 αὑτοῦ
3049 987 3511 1055 προστιθεμένους
3559 986 3760 1038 ἀνεδά-

2185 1084 2381 1146 πτιζε;
2433 1081 2588 1144 Κατά
2630 1082 2871 1147 κεφαλῆς
2904 1079 3099 1140 αὐτοὺς
3144 1078 3465 1140 καταδύων,
3506 1075 3602 1128 καὶ
3648 1074 3760 1127 ἀνω

2189 1175 2440 1244 στρέφων
2483 1173 2607 1235 τοὺς
2655 1171 2818 1232 πόδας
2875 1170 3076 1232 αὐτῶν,
3136 1170 3230 1220 καὶ
3282 1168 3413 1236 μίαν
3465 1167 3760 1218 κατάδυσιν

2189 1266 2468 1335 βαπτίζων
2503 1264 2696 1316 ἐποίει.
2725 1264 2834 1314 Καὶ
2855 1261 2955 1329 τὴν
2974 1261 3193 1312 κόλασιν
3226 1259 3281 1310 δὲ
3317 1259 3415 1327 τὴν
3458 1257 3759 1326 μέλλουσαν

2187 1357 2279 1408 καὶ
2309 1356 2408 1423 τὴν
2442 1354 2670 1421 γέενναν
2702 1353 2966 1421 ἐφλυάρει
3000 1353 3075 1419 μὴ
3106 1349 3322 1419 ἀληθῶς
3365 1344 3525 1411 εἶναι,
3565 1349 3634 1399 δι’
3666 1349 3763 1398 ἐκ-

2187 1447 2416 1514 φόδησιν
2472 1445 2526 1497 δέ
2577 1445 2744 1513 μόνην
2797 1442 3178 1510 ἀπειληθῆναι.
3251 1438 3568 1492 Ἐκαλοῦντο
3611 1438 3666 1490 δὲ
3712 1439 3760 1490 οἱ

2189 1539 2343 1592 αὐτοὶ
2379 1539 2472 1589 καὶ
2508 1537 2826 1601 Εύδοξιανοὶ
2863 1535 2968 1587 ἀπὸ
3015 1533 3268 1598 Εύδοξίου
3315 1533 3460 1595 τινὸς
3507 1548 3762 1601 συναιρε-

2190 1631 2387 1684 σιώτου
2424 1630 2499 1698 τῷ
2533 1629 2808 1697 Εὐνομίῳ,
2840 1629 2898 1690 ὃς
2929 1627 3564 1688 Κωνσταντινουπόλεως
3603 1642 3762 1692 γεγο-

2189 1723 2297 1784 νὼς
2366 1720 2664 1780 ἐπίσκοπος
2715 1719 2805 1771 τὸν
2872 1718 3137 1786 Εὐνόμιον
3193 1717 3435 1780 Κυζίκου
3497 1717 3762 1786 ἀρχιερέα

2191 1814 2546 1878 κατέστησεν.
2583 1811 2643 1862 Οἳ
2686 1812 2782 1862 καὶ
2835 1810 3103 1876 ᾎνόμοιοι
3156 1809 3524 1877 ὠνομάζοντο,
3577 1808 3662 1859 διὰ
3703 1808 3764 1859 τδ

2190 1904 2372 1968 λέγειν
2403 1901 2492 1952 τδν
2527 1900 2656 1950 Υίὸν
2716 1900 2808 1949 καὶ
2856 1899 2915 1949 τὸ
2968 1897 3191 1965 Πνεῦμα
3224 1897 3495 1965 μηδεμίαν
3518 1897 3767 1964 ὁμοιότηο

2189 2011 2256 2045 τα
2289 1990 2409 2045 κατ’
2441 1990 2629 2042 οὐσίαν
2659 1989 2802 2057 ἔχειν
2836 1989 2968 2058 τερος
3000 1988 3089 2038 τὸν
3122 1987 3359 2054 Πατέρα.
3400 1986 3764 2055 Ἀναθεματί-

2191 2083 2380 2147 ζεσθαι
2423 2083 2480 2134 δέ
2530 2078 2778 2142 θεσπίζει
2819 2080 2914 2132 καὶ
2949 2078 3074 2140 τοὺς
3109 2077 3522 2141 Σαϐελλιανοῦς,
3570 2079 3766 2140 οἵτινες

2191 2176 2298 2228 ἀπὸ
2328 2173 2620 2226 Σαδελλίου
2650 2170 2746 2224 τοῦ
2772 2171 2972 2234 Λίϐυος
2993 2170 3407 2239 ὠνομάσθησαν
3435 2209 3449 2231 ,
3480 2170 3534 2229 6.
3570 2171 3764 2222 Πτολε-

2198 2265 2386 2333 μαῖδος
2419 2263 2518 2331 τῆς
2563 2261 2952 2322 Πενταπόλεως
2999 2261 3300 2322 ἐπίσκοπος
3349 2261 3565 2328 γέγονε,
3614 2276 3766 2314 συνα-

2192 2354 2385 2424 λοιφὴν
2425 2351 2771 2420 δογματίζων
2817 2350 2913 2403 καὶ
2969 2349 3256 2418 σύγχυσιν,
3300 2350 3402 2412 τὰς
3447 2354 3596 2419 τρεῖς
3634 2352 3768 2404 ὑπο-

2197 2448 2416 2508 στάσεις
2446 2449 2546 2515 τῆς
2587 2446 2718 2513 μιᾶς
2761 2444 2950 2505 οὐσίας
2984 2443 3077 2494 καὶ
3105 2443 3358 2512 θεότητος
3389 2445 3466 2505 εἰς
3491 2443 3552 2493 ἓν
3593 2443 3768 2513 πρόσ-

2193 2556 2342 2592 ωπον
2404 2538 2679 2608 συναιρῶν
2739 2539 2834 2589 καὶ
2897 2535 3163 2604 συγχέων,
3202 2535 3295 2587 καὶ
3343 2534 3400 2586 ἐν
3448 2534 3767 2604 πρεσϐεύων

2193 2634 2286 2685 ἐπὶ
2336 2633 2434 2699 τῆς
2485 2632 2716 2700 Τριάδος
2759 2629 3068 2699 τριὼνυμον
3119 2627 3435 2696 πρόσωπον,
3471 2627 3645 2693 λέγων
3673 2627 3768 2678 τὸν

2194 2724 2357 2776 αὑτὸν
2406 2722 2536 2774 ποτέ
2571 2722 2668 2791 μὲν
2715 2721 2790 2783 ὼς
2847 2719 3067 2788 Πατέρα
3101 2719 3357 2788 φανῆναι,
3424 2719 3552 2769 ποτέ
3595 2717 3650 2769 δὲ
3692 2718 3767 2779 ὡς

2195 2817 2346 2880 Υίίιν,
2397 2814 2528 2868 ποτὲ
2573 2814 2627 2865 δὲ
2669 2813 2744 2875 ὡς
2788 2810 3014 2879 Πνεῦμα
3044 2811 3201 2877 ἅγιον
3249 2808 3770 2879 μεταμορφούμενον

2197 2907 2294 2962 καὶ
2323 2903 2516 2958 ἄλλοτε
2553 2903 2728 2965 ἄλλως
2768 2900 3410 2972 μετασχηματιζόμενον.
3455 2901 3680 2968 Ὁμοίως
3710 2899 3768 2950 δέ

2199 2998 2303 3050 ὑπὸ
2339 2996 2585 3065 ἀνάθεμα
2643 2995 2824 3060 τίθησι
2873 2995 2967 3046 καὶ
3019 2994 3118 3062 τὴν
3173 2992 3280 3044 τῶν
3336 2989 3768 3062 Μαρκελλιανῶν

510 3091 645 3143 Cum
671 3107 852 3156 unum,
879 3095 989 3164 87
1021 3096 1271 3166 idemque
1292 3116 1511 3168 numen,
1537 3119 1678 3160 nunc
1700 3105 1876 3161 Patris
1895 3111 2091 3177 specie,

2201 3089 2437 3158 αἵρεσιν,
2463 3087 2585 3156 ἣτις
2621 3086 2728 3138 ἀπὸ
2763 3085 3084 3154 Μαρκέλλου
3111 3084 3468 3152 αίρεσιὰρχου
3499 3081 3765 3142 καλεῖται,

512 3200 657 3236 nunc
705 3183 848 3249 Filii,
905 3205 1045 3244 nunc
1095 3194 1267 3245 sancti
1317 3194 1572 3262 Spiritus,
1622 3197 1762 3250 idem
1811 3200 1914 3254 alio
1960 3201 2094 3255 alias

513 3273 696 3327 habitu
742 3287 1028 3342 mutatum,
1085 3296 1205 3336 sese
1254 3286 1574 3341 mortalibus
1608 3288 1896 3344 videndum
1945 3293 2098 3346 exhi-

515 3367 695 3421 buisse
748 3373 1120 3427 contenderet.
1217 3375 1378 3440 Inde,
1435 3379 1945 3445 Marcelliauorum,
2009 3387 2092 3440 cui

515 3469 707 3508 nomen
732 3455 1014 3514 Marcellus
1041 3460 1404 3517 itteresiarcba
1434 3467 1601 3530 dedit,
1635 3467 1857 3523 hreresis
1882 3487 2096 3542 quoque

513 3548 788 3602 damnata.
883 3551 982 3604 Hie
1037 3569 1100 3606 ex
1159 3554 1391 3627 Ancyra,
1467 3559 1691 3614 Galatia:
1744 3563 1874 3617 urbe
1923 3577 2095 3630 ortus,

513 3637 754 3702 eiusdem
797 3651 978 3708 postea
1035 3643 1345 3712 episcopus,
1409 3661 1461 3704 et
1514 3653 1728 3719 quidem
1787 3654 2094 3711 Sabelliaua

514 3741 666 3798 peste
722 3733 955 3790 infectus
1008 3736 1126 3792 l‘uil.
1211 3739 1446 3806 Eodem,
1499 3742 1805 3799 Photiniani
1861 3763 2096 3818 quoque,

517 3820 733 3890 (uouien
787 3827 851 3881 iis
904 3844 932 3878 a
994 3827 1226 3884 Pbotiuo
1277 3835 1515 3903 auctore)
1574 3837 1794 3892 decreto
1843 3840 2094 3908 jugulati.

516 3913 687 3964 Porro
742 3914 1006 3971 PhOtinus
1053 3930 1206 3974 ortus
1257 3937 1287 3975 e
1345 3922 1570 3987 Sirmio,
1623 3943 1741 3981 mox
1799 3928 1849 3981 in
1910 3930 2096 3982 eadem

519 4005 655 4056 urbe
707 4005 1052 4072 episcopatus
1104 4010 1308 4064 honore
1349 4015 1664 4080 peifuuctus
1692 4027 1794 4071 est.
1869 4017 1973 4071 Sed
2011 4019 2101 4073 iis-

518 4097 638 4147 dem
691 4097 887 4164 quibus
931 4097 1126 4152 Paulus
1169 4099 1557 4158 Samosatenus
1592 4108 1869 4161 erroribus
1903 4109 2100 4176 depra-

520 4200 697 4251 vatus,
754 4205 928 4258 neque
963 4201 1206 4245 sanctam
1249 4194 1570 4250 Trinitatem
1618 4199 1960 4266 admittebat,
2009 4215 2099 4254 so-

519 4283 737 4348 lamque
784 4298 880 4350 pro
937 4283 1064 4347 Deo,
1115 4301 1292 4340 rerum
1327 4289 1565 4341 omnium
1595 4292 1873 4344 conditore
1904 4307 1966 4344 ac
2003 4308 2096 4358 pa-

523 4382 696 4436 rente,
729 4373 984 4442 Spiritum
1019 4380 1369 4444 agnoscebat;
1427 4380 1662 4434 Verbum
1693 4385 1947 4451 quiddam
1980 4399 2100 4439 esse

523 4464 786 4527 prolatqu
806 4469 1166 4533 extrinsecus,
1201 4472 1446 4526 videlicet
1471 4473 1643 4539 ipsum
1676 4473 1871 4528 divinze
1901 4478 2095 4532 mentis

524 4554 829 4620 imperimu,
874 4556 972 4625 ipsi
1007 4557 1116 4612 Deo
1143 4561 1208 4613 ad
1242 4577 1421 4612 rerum
1463 4562 1791 4618 molitionem
1826 4563 2092 4620 fabriliutn

524 4646 1008 4702 instrumentorum
1042 4666 1193 4704 more
1223 4654 1560 4717 deserviens,
1614 4656 1960 4724 opinabatur.
2041 4658 2094 4711 In

523 4737 739 4791 Christo
771 4739 1138 4808 nibil,praaler
1178 4743 1379 4797 nudum
1415 4745 1711 4809 hominem,
1734 4749 2094 4816 agnoscebat;

525 4830 622 4893 illi,
667 4831 756 4887 Dei
792 4831 1045 4898 Verbum,
1087 4850 1188 4888 non
1219 4836 1513 4890 essentiale
1545 4838 1787 4906 quidem,
1841 4840 1932 4892 sed
1969 4840 2096 4893 illud

523 4926 785 4994 prolatum
831 4931 1206 4982 tantummodo
1264 4929 1557 4997 insedisse,
1608 4945 1782 4999 neque
1827 4932 2098 4986 Christum

523 5020 663 5074 a'iud
693 5020 774 5074 sui
812 5020 1045 5087 initium,
1099 5037 1257 5089 quam
1309 5037 1336 5074 a
1385 5023 1551 5077 Maria
1587 5033 1812 5091 parente
1846 5025 2100 5079 habuisse

524 5113 894 5166 asseverabat.
971 5112 1113 5176 llmc,
1150 5114 1329 5168 etalia
1365 5115 1538 5182 plura,
1595 5116 1985 5169 Samosatenus
2015 5116 2102 5170 ille

527 5198 720 5254 szlus
765 5201 1065 5265 eli‘utiebat,
1117 5217 1274 5270 quem
1314 5203 1654 5272 depositione
1706 5205 1939 5273 synodus
1989 5204 2099 5255 Au-

525 5290 771 5344 tiocheua
811 5292 1077 5348 multavit.
1135 5289 1335 5346 Eadem
1391 5303 1682 5361 postremo,
1731 5307 1848 5360 qum
1897 5294 1946 5344 iu
1993 5309 2097 5345 rte-

524 5389 688 5442 teros,
750 5382 800 5433 iu
836 5384 1250 5449 Apollinaristas
1289 5381 1509 5452 quoque
1534 5382 1898 5436 anathematis
1934 5397 2094 5451 pcevia

521 5470 836 5525 constituta.
893 5471 1411 5537 FuitApoilinarius
1443 5470 1783 5535 Laodicenm,
1812 5471 1931 5539 ejus
1979 5486 2096 5534 qua:

523 5559 572 5609 iu
609 5561 761 5630 Syria
806 5570 909 5624 est,
958 5563 1105 5616 urbis
1147 5564 1453 5630 episcopus,
1505 5562 1595 5630 qui
1625 5565 1689 5616 de
1720 5577 1876 5616 sacro
1906 5561 2096 5614 divina:

2197 3181 2256 3244 ὃς
2295 3178 2356 3244 ἐξ
2395 3179 2670 3250 ’Λγκύρας
2716 3179 2814 3247 μὲν
2861 3177 3091 3246 ὥρμητο
3140 3176 3241 3242 τῆς
3284 3174 3614 3242 Γαλατικῆς,
3676 3173 3768 3224 καὶ

2197 3276 2372 3345 αὐτῆς
2420 3275 2724 3332 ἐπίσκοπος
2756 3274 2983 3339 γέγονεν
3007 3311 3019 3334 ,
3056 3268 3254 3336 ἐπίσης
3293 3267 3348 3319 δέ
3382 3267 3461 3336 τῷ
3492 3267 3767 3336 Σαδελλίῳ

2199 3367 2465 3432 ἐδόξαζεν.
2511 3366 2671 3418 Ἀλλὰ
2713 3365 2809 3416 καὶ
2842 3363 2943 3432 τὴν
2987 3362 3095 3415 τῶν
3141 3360 3516 3413 Φωτεινιανῶν
3556 3361 3767 3428 αἰρεσιν

2199 3460 2505 3529 ἀναθέματι
2561 3456 2870 3511 ὑποϐάλλει.
2928 3455 2990 3507 Οί
3051 3455 3109 3506 δέ
3137 3454 3245 3506 ἀπὸ
3293 3451 3566 3507 Φωτεινοῦ
3611 3453 3769 3518 ἔσχον

2197 3552 2296 3620 τὴν
2337 3551 2535 3619 κλῆσιν
2559 3588 2575 3613 ,
2616 3549 2680 3600 ἐκ
2721 3545 2950 3615 Σιρμίου
2991 3544 3090 3614 μὲν
3120 3544 3484 3614 ὁρμωμένου,
3541 3544 3766 3595 κάκεῖσε

2199 3644 2693 3711 ἐπισκοπήσαντος,
2721 3639 2790 3691 τὰ
2824 3636 2967 3690 αὐτὰ
2995 3636 3052 3688 δὲ
3091 3634 3292 3704 Παύλῳ
3331 3633 3409 3703 τῷ
3467 3635 3774 3703 Σαμοσατεί

2200 3735 2594 3802 φρονήσαντος,
2626 3731 2720 3783 καὶ
2746 3728 2880 3798 μήτε
2904 3728 3001 3795 τὴν
3027 3726 3188 3793 ἁγίαν
3219 3724 3427 3796 Τριάδα
3447 3723 3772 3794 ὁμολογοῦν-

2198 3843 2310 3887 τος,
2342 3827 2438 3877 καὶ
2472 3824 2696 3891 Πνεῦμα
2739 3824 2897 3891 μόνον
2949 3818 3310 3887 ὀνομάζοντος
3364 3820 3455 3870 τὸν
3496 3817 3632 3869 Θεὸν
3679 3818 3775 3887 δη-

2204 3917 2467 3988 μιουργὸν
2513 3915 2766 3968 ἁπάντων
2815 3913 2905 3963 τὸν
2950 3912 3005 3963 δὲ
3047 3909 3220 3976 Λόγον
3270 3908 3604 3978 προφορικδν
3651 3927 3771 3978 φρο-

2199 4009 2438 4069 νοῦντος,
2483 4008 2576 4060 καὶ
2622 4005 2765 4058 θεῖόν
2804 4021 2857 4055 τι
2907 4002 3238 4072 πρόσταγμα
3283 4001 3660 4070 ὑπουργοῦντα
3692 4001 3771 4070 τῷ

2201 4099 2319 4168 Θεῷ
2351 4099 2431 4161 είς
2460 4096 2558 4166 τὴν
2591 4093 2934 4164 παραγωγὴν
2960 4093 3056 4144 τοῦ
3090 4092 3289 4153 παντὸς
3313 4131 3327 4153 ,
3357 4091 3431 4152 ὡς
3457 4091 3686 4160 ὄργανόν
3719 4109 3770 4152 α

2207 4188 2529 4260 μηχανικόν.
2569 4187 2672 4238 Τὸν
2703 4186 2758 4237 δὲ
2790 4185 3027 4254 Χριστὸν
3069 4183 3225 4252 ψιλὸν
3266 4181 3633 4252 κηρύττοντος
3673 4182 3768 4234 ἄν-

2205 4281 2424 4352 θρωπον
2465 4279 2558 4331 τὸν
2587 4277 2680 4329 τοῦ
2715 4275 2851 4328 Θεοῦ
2889 4276 3058 4340 Λόγον
3100 4273 3502 4342 ὑποδεξάμενον
3525 4311 3540 4336 ,
3569 4273 3666 4341 οὐχ
3694 4273 3771 4334 ὡς

2204 4369 2459 4439 ούσιώδη,
2494 4368 2612 4421 ἀλλ’
2640 4367 2716 4430 ὡς
2757 4365 3116 4436 προφορικὸν,
3153 4365 3248 4417 καὶ
3282 4363 3390 4418 ἀπο
3427 4363 3646 4433 Μαρίας
3673 4363 3776 4432 τὴν

2132 4431 2181 4489 D
2206 4461 2382 4530 ἀρχὴν
2425 4431 2708 4527 εἰληφέναι
2754 4431 2853 4526 τῆς
2879 4431 3194 4526 ’ὑπάρξεως
3229 4455 3392 4509 αὐτὸν
3421 4431 3772 4522 δογματίζονο

2203 4568 2316 4613 τος.
2373 4550 2482 4602 Καὶ
2540 4549 2676 4600 ἄλλα
2727 4548 2782 4600 δὲ
2839 4549 3007 4600 πλείω
3051 4550 3078 4599 ὁ
3115 4546 3464 4615 Σαμοσατεὺς
3514 4545 3770 4616 ἐληρώδει

2205 4643 2438 4705 Παῦλος,
2477 4641 2535 4694 ὂν
2579 4640 2892 4708 καθεῖλενὴ
2927 4643 2986 4691 ὲν
3029 4639 3332 4708 ’Λντιοχείᾳ
3367 4638 3602 4697 σύνοδος.
3651 4639 3774 4699 Τοῖς

2207 4735 2419 4794 λοιποῖς
2473 4733 2530 4786 δὲ
2585 4735 2678 4784 καὶ
2735 4731 2832 4800 τὴν
2878 4731 2972 4783 τοῦ
3026 4730 3439 4800 Ἀπολλιναρίου
3473 4730 3776 4799 ἀναθέματι

2208 4823 2671 4890 συγκαταδικὰζει
2712 4822 2947 4891 αἵρεσιν.
3001 4821 3059 4874 '0
3105 4822 3160 4874 δὲ
3214 4821 3627 4891 Ἀπολλινάριος
3677 4820 3774 4889 τῆς

2201 4919 2258 4970 ἐν
2289 4918 2457 4987 Συρίᾳ
2491 4917 2814 4977 Λαοδικείας
2848 4917 3150 4987 ἐπίσκοπος
3181 4910 3248 4984 ἦν
3291 4913 3420 4983 περὶ
3447 4914 3547 4982 τὴν
3569 4914 3778 4965 οίκονο-

2204 5012 2332 5079 μὲαν
2366 4984 2620 5077 ξρανερῶς
2652 4984 3008 5076 βλασφημῶν.
3044 5008 3238 5074 Ἔλεγε
3269 5006 3378 5075 γὰρ
3402 5008 3492 5058 τὸν
3530 5006 3658 5058 Υἱδν
3680 5006 3776 5059 τοῦ

2199 5101 2334 5152 Θεοῦ
2373 5100 2532 5168 σῶμα
2586 5099 2685 5168 μὲν
2741 5099 2986 5168 ἔμψυχον
3035 5101 3098 5150 ἐκ
3148 5100 3249 5167 τῆς
3295 5099 3459 5162 ἁγίας
3509 5097 3775 5150 Θεοτόκου

2198 5191 2513 5254 ἀναλαϐεῖν,
2548 5191 2708 5244 ἄνουν
2747 5189 2804 5242 δὲ
2829 5190 2904 5252 ὡς
2933 5191 3031 5258 τῆς
3060 5189 3312 5256 θεότητος
3341 5189 3618 5258 ἀρκούσης
3651 5187 3776 5240 ἀντὶ

2205 5288 2346 5346 νηὸς,
2409 5285 2502 5337 καὶ
2551 5283 2745 5349 ἄλογον
2795 5282 2984 5358 ὥσπερ
3043 5282 3140 5352 τὴν
3191 5281 3369 5351 ψυχὴν
3413 5281 3506 5333 τοῦ
3567 5278 3772 5348 Κυρίου

2205 5378 2444 5447 ἐφρόνει.
2498 5375 2606 5427 Καὶ
2650 5373 2821 5436 οὕτως
2877 5373 2996 5426 ούδέ
3047 5373 3252 5425 τέλειον
3288 5373 3574 5441 ἄνθρωπον
3613 5370 3776 5423 αὑτὸν

2204 5471 2401 5533 ἔλεγε,
2468 5468 2563 5519 καὶ
2640 5466 2768 5536 μίαν
2831 5465 2993 5534 φύσιν
3045 5463 3138 5516 ἐπὶ
3205 5463 3300 5516 τοῦ
3359 5463 3610 5533 Σωτῆρος
3662 5458 3777 5514 ἐδί-

2203 5559 2425 5610 δασκεν.

524 5652 914 5708 lucarnationis
943 5656 1196 5723 mysteria
1243 5655 1530 5709 manifesto
1566 5654 1910 5722 blasphemus
1955 5653 2070 5706 fuit.
2111 5639 2388 5718 Siquidem
2422 5649 2615 5703 Filium
2660 5648 2776 5710 Dei,
2846 5662 3044 5716 corpus
3097 5645 3312 5716 quidem
3378 5645 3557 5698 anima
3618 5645 3779 5704 infor_

527 5757 727 5799 tuatum
754 5760 815 5798 et
843 5755 1042 5800 sanctae
1070 5746 1309 5816 Dcipara:
1332 5746 1632 5802 visceribus
1664 5746 1764 5801 sibi
1795 5746 2106 5815 adjunxisse
2137 5743 2431 5810 fatebatur,
2499 5755 2683 5794 verum
2707 5739 2904 5794 mentis
2960 5749 3014 5794 et
3040 5737 3264 5793 rationis
3291 5745 3588 5806 expertem,
3621 5741 3777 5807 quasi
