4108 6200
483 295 590 358 319

1733 302 1830 357 ’ΠΙ
1847 300 2008 361 ΕΟΙ).
2047 302 2445 361 BALSAMON

3618 303 3724 366 320

484 404 718 459 «ureris.
769 403 1033 473 Bulgarim
1065 404 1208 458 enim
1255 406 1722 477 archiepiscopum
1764 409 2046 463 honoravit

2163 410 2422 478 ξύρίσκεις
2478 410 2550 472 ὡς
2605 411 2700 480 τὴν
2758 411 3119 480 Βουλγαρίας,
3168 412 3267 479 τὴν
3319 409 3566 480 Κύπρου,
3622 416 3722 479 τὴν

486 511 574 550 rex
605 493 961 549 Justiuianus.
999 496 1062 548 Et
1090 497 1204 564 lege
1238 496 1329 550 l5l
1370 497 1488 567 ejus
1525 499 1811 566 Novellam,
1846 518 1962 569 qua:
1995 503 2046 554 in

487 585 699 640 Basilie.
741 587 830 640 lib.
876 603 924 646 ν,
963 586 1046 640 tit.
1086 589 1142 650 3,
1176 602 1296 654 cap.
1335 589 1382 652 Ι,
1421 591 1593 659 posita
1631 593 1697 644 ad
1732 593 2051 659 interpreta-

487 677 684 729 tionem
717 677 772 742 5,
798 693 918 746 cap.
955 679 1113 746 primi
1150 680 1229 733 tit.
1261 682 1544 748 praesentis
1567 680 1757 749 Operis
1790 701 1802 736 :
1842 686 2049 739 archie.

487 765 762 831 piscopum
800 765 958 835 Cypri
999 766 1284 821 honoravit
1337 772 1488 821 tertia
1525 772 1780 838 synodus.
1826 772 1889 825 Et
1936 773 2051 841 lege

487 853 722 921 ejusdem
749 871 870 925 syn.
896 873 1016 912 can.
1046 859 1077 912 8
1107 869 1158 911 et
1189 875 1311 912 can.
1341 861 1408 915 59
1431 878 1549 932 syn.
1581 864 1634 916 6.
1662 861 1843 916 lberi:e
1871 875 2048 917 autem

487 948 797 1014 episcopum
822 947 1103 1000 honorat-it
1128 951 1474 1004 Antiochena:
1499 952 1688 1021 synodi
1711 954 2046 1019 dijudicatio.

491 1037 695 1089 Dicitur
734 1038 876 1091 enim
911 1040 1052 1106 quod
1097 1050 1336 1107 tempore
1371 1045 1695 1097 sanctissimi
1733 1046 2050 1112 patriarchze

487 1129 683 1182 divina!
733 1129 968 1182 civitatis
1018 1146 1224 1200 magum
1263 1132 1586 1199 Antiochizc,
1629 1136 1828 1188 domini
1880 1135 2048 1201 Petri,

489 1221 585 1273 fuit
619 1221 873 1291 synodica
917 1224 1211 1287 ordinatio,
1251 1241 1354 1291 qua
1391 1235 1650 1279 statutum
1700 1237 1782 1280 est
1828 1229 2047 1282 liberam

487 1325 605 1362 esse
629 1325 692 1363 ac
725 1311 1093 1378 principalem,
1122 1324 1172 1366 et
1200 1330 1292 1380 per
1321 1329 1378 1368 se
1403 1325 1579 1382 caput,
1621 1318 1905 1370 ecclesiam
1938 1319 2052 1371 lbe-

489 1398 602 1461 τίω,
645 1401 738 1453 sed
771 1408 950 1454 tamen
986 1411 1112 1455 tunc
1149 1405 1484 1459 Antiocheno
1523 1409 1841 1474 patriarcha:
1870 1411 2052 1478 subje-

487 1497 648 1541 ctam.
689 1489 806 1542 Jam
841 1506 969 1544 vero
994 1503 1048 1546 et
1077 1494 1256 1546 Sicilia
1290 1497 1449 1547 certis
1488 1497 1683 1550 abhinc
1720 1498 1875 1550 anuis
1903 1502 2051 1555 urbis

489 1577 1094 1646 Constantinopolitanm
1153 1583 1348 1636 throno
1409 1586 1690 1653 subjecta,
1753 1591 2051 1656 tyrannicis

491 1669 740 1721 manibus
783 1669 850 1722 ab
879 1683 940 1722 ea
977 1671 1159 1725 avulsa
1207 1683 1285 1726 est
1332 1689 1346 1727 :
1382 1689 1608 1744 eamque
1651 1678 1714 1729 ad
1762 1678 1852 1746 jus
1895 1695 2048 1732 suum

492 1759 782 1826 pristinum
825 1762 999 1815 redire
1029 1765 1210 1832 cupio,
1245 1767 1449 1820 auxilio
1480 1768 1673 1820 divina:
1700 1771 2048 1836 gubernantis
2082 1752 2126 1811 Β

492 1847 660 1899 nostri
721 1848 1095 1916 imperatoris,
1158 1862 1408 1921 tanquam
1465 1869 1582 1923 qua:
1634 1857 1684 1909 in
1740 1861 2058 1913 servitutem

492 1935 723 1988 abducta
758 1936 888 2002 ﬁlia,
926 1940 991 1992 ad
1041 1940 1263 1994 liberam
1300 1954 1520 1997 matrem
1557 1955 1873 1999 revertatur.
1907 1945 2058 2012 Quod

492 2023 650 2078 liceat
675 2027 890 2095 quidem
921 2044 988 2083 ex
1022 2034 1336 2087 mconomiaa
1369 2036 1596 2098 ratione,
1639 2037 1771 2090 alias
1797 2040 2057 2094 ecclesias

491 2129 612 2179 qua:
651 2129 679 2167 a
711 2117 1004 2184 gentilibus
1035 2131 1386 2187 occupantur,
1421 2124 1540 2177 aliis
1585 2125 1831 2179 ecclesiis
1865 2143 2058 2180 conce-

491 2204 642 2268 dere,
673 2219 738 2258 ex
771 2210 1044 2270 praesenti,
1079 2220 1134 2264 ut
1167 2212 1399 2277 videtur,
1436 2231 1640 2270 canone
1669 2218 1920 2271 traditum
1949 2228 2051 2273 est.

489 2294 608 2347 lam
656 2297 797 2350 enim
843 2297 1437 2372 Constaritiuopolitana
1475 2309 1709 2377 synodus
1742 2312 2054 2380 metr0poli-

496 2397 620 2442 lano
664 2389 1004 2447 Nazianzcuo
1047 2396 1194 2448 dedit
1230 2400 1513 2453 ecclesiam
1560 2403 1810 2471 Ancyrae,
1850 2413 1901 2457 et
1934 2405 2056 2460 aliis

493 2479 720 2536 diversis
737 2486 1071 2540 antistitibus
1087 2489 1218 2542 alias
1231 2489 1492 2558 ejusmodi
1519 2495 1801 2550 ecclesias.
1819 2497 2055 2561 Quibus~

494 2570 616 2623 dam
667 2583 842 2628 autem
881 2576 1041 2630 etiam
1081 2579 1130 2632 id
1181 2581 1353 2649 ipsum
1391 2598 1709 2638 concessum
1747 2597 1850 2652 est,
1880 2597 1936 2642 ut
1965 2605 2054 2641 se-

495 2660 658 2714 deant
708 2665 758 2716 in
810 2665 924 2734 ipso
979 2669 1173 2724 throno
1227 2675 1436 2728 traditae
1485 2677 1730 2730 ecclesia:
1785 2678 1839 2731 in
1896 2695 2054 2734 sacro

497 2750 767 2808 tribunali.

2165 503 2425 572 Ἰϐηρίας,
2463 504 2537 572 μὴ
2586 503 2894 573 θαυμάσῃς.
2928 505 3030 555 Τὸν
3066 504 3164 570 μὲν
3215 504 3322 571 γὰρ
3369 503 3724 571 ἀρχιεπίσκο-

2152 610 2250 646 πον
2279 595 2613 662 Βουλγαρίας
2647 596 2906 661 ἐτίμησεν
2948 597 2974 646 ὁ
3032 593 3284 662 βασιλεὺς
3324 592 3720 654 Ἰουστινιανός.

2151 688 2261 739 Kal
2311 687 2582 753 ἀνάγνωθι
2634 689 2729 757 τὴν
2764 686 2878 756 ρλα⁹
2904 688 3102 754 νεαρὰν
3149 684 3312 738 αὑτοῦ
3351 684 3613 754 κειμένην
3665 687 3722 736 ἐν

2152 777 2340 846 βιϐλίῳ
2383 777 2489 829 τῶν
2530 777 2834 829 Βισιλικῶν
2882 782 2942 837 ε’,
2991 777 3154 844 τίτλῳ
3183 774 3251 842 γ’,
3285 793 3410 844 κεφ.
3443 773 3511 841 α’,
3541 793 3713 828 κατα-

2153 870 2482 934 στρωθεῖσαν
2535 871 2614 929 είς
2657 869 2754 937 τὴν
2787 869 3082 935 ἑρμηνείαν
3115 867 3208 918 τοῦ
3245 883 3270 917 ε
3333 883 3460 932 κειρ.
3510 866 3608 918 τοῦ
3672 874 3720 919 α’

2150 959 2326 1010 τίτλου
2355 959 2446 1012 τοῦ
2479 948 2744 1026 παρόντος
2779 961 3188 1026 συντᾱιγματος⁸
3238 958 3330 1009 τὸν
3362 959 3719 1026 ἀρχιεπίσκο-

2153 1067 2253 1100 πον
2306 1050 2530 1117 Κύπρου
2585 1050 2842 1116 ἐτίμησεν
2875 1051 2906 1117 ἡ
2939 1055 2987 1116 γέ
3019 1049 3252 1111 σύνοδος.
3304 1051 3411 1102 Καὶ
3444 1051 3718 1118 ἀνάγνωθι

2150 1140 2247 1205 τῆς
2278 1140 2446 1206 αὐτῆς
2477 1140 2696 1191 συνόδου
2731 1140 2929 1192 κανόνα
2958 1146 3006 1208 η’
3037 1142 3131 1192 καὶ
3162 1141 3252 1192 τὸν
3287 1138 3362 1192 λθ¹
3390 1141 3593 1192 κανόνα.
3620 1143 3720 1206 τῆς

2153 1227 2205 1292 ς’
2241 1230 2478 1282 συνόδου.
2520 1231 2621 1282 Τδν
2651 1231 2708 1282 δὲ
2755 1231 2994 1300 Ἰϐηρίας
3021 1233 3247 1301 ἐτίμησε
3279 1233 3569 1298 διάγνωσις
3623 1234 3720 1301 τῆς

2151 1321 2206 1371 ἐν
2247 1322 2545 1392 Ἀντιοχείᾳ
2601 1323 2840 1375 συνόδου.
2900 1325 3131 1390 Λέγεται
3187 1323 3296 1390 γὰρ
3348 1325 3428 1377 ὅτι
3479 1326 3568 1376 ἐπὶ
3612 1325 3720 1376 τῶν

2151 1413 2370 1482 ἡμερῶν
2397 1413 2488 1465 τοῦ
2519 1414 2826 1479 ἀγιωτάτου
2863 1416 3201 1482 πατριάρχου
3248 1415 3587 1477 θεουπόλεως
3622 1434 3718 1483 με·

2151 1506 2321 1574 γὰλης
2358 1506 2712 1574 Ἀντιοχείας,
2735 1505 2904 1572 κυροῦ
2940 1507 3162 1574 Πέτρου.
3187 1508 3409 1573 γέγονεν
3439 1508 3726 1574 οἰκονομία.

2155 1596 2427 1663 συνοδικὴ,
2480 1595 2770 1663 ἐλευθέραν
2823 1592 2984 1660 εἶναι,
3038 1598 3132 1647 καὶ
3186 1596 3573 1662 αὐτοκέφαλον,
3622 1597 3720 1664 τὴν

2154 1686 2448 1754 ἐκκλησίαν
2479 1689 2576 1756 τῆς
2617 1687 2879 1754 Ἰϐηρίας,
2923 1687 3292 1754 ὑποκειμένην
3337 1687 3454 1738 τότε
3504 1687 3583 1755 τῷ
3623 1705 3721 1739 πα-

2155 1779 2394 1850 τριάρχῃ
2431 1779 2779 1846 Ἀντιοχείας.
2820 1779 2882 1830 Ἠ
2924 1778 3106 1847 μέντοι
3141 1779 3378 1838 Σικελία,
3435 1780 3540 1849 πρδ
3590 1779 3719 1848 χρό·

2155 1885 2260 1919 νων
2289 1868 2572 1936 μετρητῶν
2607 1868 2940 1936 ὑποκειμένη
2971 1867 3048 1930 τῷ
3079 1865 3255 1935 θρόνῳ
3297 1866 3393 1933 τῆς
3432 1867 3722 1917 Κωνσταν-

2155 1958 2548 2020 τινουπόλεως,
2609 1958 2713 2010 ὑπὸ
2766 1958 3105 2025 τυραννικῶν
3162 1957 3357 2024 χειρῶν
3409 1957 3473 2008 ἐκ
3520 1957 3722 2022 ταύτης

2153 2048 2507 2116 ἀπεσπάσθηο
2537 2053 2629 2100 καὶ
2661 2047 2891 2116 εὔχομαι
2926 2048 3012 2098 ἴνα
3047 2049 3137 2098 καὶ
3173 2046 3310 2114 α’ύτη
3341 2047 3610 2116 ἐπανέλθῃ
3645 2048 3724 2105 είς

2154 2142 2225 2194 τὰ
2255 2143 2498 2210 πρότερα
2531 2140 2712 2192 δίκαια
2750 2143 2815 2206 τῇ
2851 2138 3135 2208 ἀντιλήψει
3166 2138 3259 2190 τοῦ
3293 2138 3719 2208 θεοκυσερνήτου

2155 2233 2312 2302 ἡμῶν
2345 2231 2762 2299 αὐτοκράτορος,
2791 2230 2922 2281 ὡσεὶ
2946 2229 3446 2297 αἰχμαλωτισθεῖσα
3475 2228 3680 2295 θυγάττ
3691 2245 3720 2298 ρ

2157 2324 2292 2392 πρὸς
2357 2321 2650 2390 ἐλευθέραν
2708 2323 2940 2390 μητέρα.
2980 2321 3052 2372 Τὺ
3112 2320 3294 2390 μέντοι
3341 2320 3723 2389 προσηνῶσθαι

2158 2412 2298 2467 κατὰ
2329 2413 2488 2478 λόγον
2515 2413 2826 2480 οἰκονομίας
2872 2411 3191 2480 ἐκκλησίαις
3228 2412 3369 2462 τισὶν
3405 2411 3594 2479 ἐτέρας
3629 2412 3724 2462 ἐκ-

2159 2504 2391 2571 κλησίας
2424 2504 2526 2556 ὑπὸ
2558 2502 2725 2554 ἐθνῶν
2761 2505 3133 2571 κατεχομένας
3164 2503 3272 2553 ἀπὸ
3322 2501 3414 2553 τοῦ
3461 2500 3725 2568 παρόντος

2161 2595 2494 2658 κανόνος,ὠς
2522 2595 2718 2655 ἐοικεν,
2749 2595 3030 2653 ἐνδίδοται,
3059 2593 3258 2645 αὐτίκα
3290 2593 3396 2662 γὰρ
3424 2593 3455 2658 ἡ
3485 2595 3539 2641 ἐν
3572 2593 3728 2642 Κων-

2162 2685 2596 2737 σταντινουπόλει
2627 2684 2842 2746 σύνοδος
2865 2683 3060 2736 δέδωκε
3090 2683 3166 2751 τῷ
3199 2683 3565 2753 μητροπολίτῃ
3615 2683 3729 2735 N1-

2161 2773 2376 2839 ζιανξοῦ
2430 2776 2524 2845 τὴν
2578 2776 2871 2844 ἐκκλησίαν
2921 2774 3019 2842 τῆς
3061 2774 3354 2844 Ἀγκύρας,
3386 2776 3479 2825 καὶ
3521 2774 3728 2838 ἑτέροις

495 2842 810 2917 ἀρχιερεῦσι
865 2851 1141 2922 διαφόροις
1170 2855 1363 2925 ἐτέρας
1410 2826 1664 2924 τοιαύτας
1693 2861 2007 2931 ἐκκλησίας.
2033 2826 2248 2920 Τισὶσδέ
2281 2826 2494 2937 ἐνεδόθη
2550 2826 2802 2922 καὶαύζιδ
2831 2869 2889 2920 τὸ
2947 2826 3339 2936 καθῆσθαίείς
3381 2866 3474 2920 τὸν
3521 2868 3577 2919 ἐν
3656 2863 3729 2932 τῷ

493 2937 635 3009 ἁγίῳ
665 2940 872 3010 βήματι
899 2945 1090 3014 θρόνον
1111 2951 1207 3020 τῆς
1238 2953 1580 3027 ἐπιδοθείσης
1603 2958 1918 3027 ἐκκλησίας.

567 3031 820 3089 ZONAR.
874 3037 943 3094 Ut
975 3041 1027 3093 in
1059 3042 1308 3099 ecclesiis
1340 3049 1723 3115 tranquillitas,
1751 3047 2062 3106 concordia-

2238 3052 2480 3106 ΖΩΝΑΡ.
2506 3051 2853 3104 Κατάστασιν
2882 3050 2940 3102 ἐν
2977 3051 3092 3112 ταῖς
3119 3049 3438 3118 ἐκκλησίαις
3463 3049 3552 3102 καὶ
3580 3049 3731 3117 είρή-

497 3137 604 3188 que
649 3126 871 3193 vigeret,
921 3140 974 3183 et
1025 3132 1092 3184 ab
1136 3136 1392 3201 apostolis
1447 3140 1650 3205 primo,
1685 3149 1735 3195 et
1785 3157 1812 3195 a
1861 3143 2061 3197 sanctis

502 3213 749 3272 Patribus
798 3234 903 3272 non
949 3225 1205 3277 mediocri
1247 3229 1445 3293 studio,
1486 3247 1721 3300 curaque
1770 3244 1947 3302 postea
1978 3246 2063 3289 est

498 3304 854 3370 elaboratmu.
887 3309 1018 3365 Nam
1049 3315 1122 3368 illi
1165 3317 1402 3383 quidem,
1453 3324 1630 3376 necui
1673 3325 1924 3395 episcopo
1965 3342 2062 3382 sua

502 3405 705 3469 relicta,
737 3408 787 3458 in
815 3408 1038 3464 alterius
1062 3410 1353 3473 parmciam
1383 3412 1584 3468 insilire
1612 3415 1791 3479 liccat,
1821 3417 2064 3472 decimo-

501 3505 696 3562 quarto
742 3513 950 3554 canone
998 3515 1247 3556 sanxere.
1303 3502 1489 3557 Patres
1539 3515 1720 3558 autent
1777 3509 1827 3561 iu
1889 3509 2060 3574 prima

504 3586 718 3642 Nicena
747 3593 950 3659 synodo
979 3595 1310 3663 congregati,
1341 3597 1588 3663 antiquas
1622 3603 2061 3666 consuetudines,

505 3675 560 3730 in
589 3677 686 3732 hac
720 3691 870 3747 parte
905 3685 1235 3754 retinendas,
1271 3699 1321 3741 et
1347 3702 1614 3758 quemque
1652 3691 1898 3744 thromun
1941 3710 2064 3762 pro-

506 3767 714 3824 vincias
743 3772 842 3825 sibi
874 3776 1146 3842 subjectas
1173 3779 1552 3836 administrare
1575 3791 1727 3835 sexto
1757 3791 1809 3835 et
1839 3787 2066 3850 septimo

506 3873 714 3915 canone
742 3862 1118 3924 decreverunt.
1161 3869 1301 3922 Idem
1335 3872 1419 3924 hic
1451 3888 1665 3942 quoque
1694 3877 1966 3938 statuitur,
2004 3891 2065 3930 ac

507 3951 792 4021 episcopus
829 3957 1052 4022 quilibet
1084 3961 1363 4025 ecclesias,
1395 3973 1543 4016 extra
1581 3965 1857 4018 (“(PCCSiIll
1889 3983 2064 4033 suam,

512 4041 612 4093 hoc
643 4053 724 4096 est
753 4045 1048 4111 subjectam
1081 4051 1183 4104 sibi
1217 4053 1566 4120 provinciam,
1602 4055 1929 4125 ditionisque
1959 4074 2068 4112 sum

511 4132 772 4188 terminos
802 4137 1004 4202 positas
1047 4139 1298 4195 invadere
1343 4143 1528 4212 (verbo
1568 4146 1875 4211 invadendi,
1905 4146 2066 4201 latro-

507 4220 705 4274 ciuium
729 4226 1146 4292 quodammodo,
1173 4233 1684 4304 impressioncmque
1708 4236 2064 4291 turbulentam

511 4310 806 4378 iudicante)
839 4327 894 4368 et
931 4319 1066 4372 alius
1112 4319 1308 4375 limites
1354 4324 1556 4389 ingredi
1592 4327 1927 4392 prohibetur.
1961 4327 2069 4383 Hoc

2163 3162 2261 3212 νην
2292 3143 2670 3196 πολιτεύεσθαι
2705 3143 2790 3194 διὰ
2823 3143 3020 3210 πολλῆς
3054 3143 3333 3212 φροντίδος
3383 3142 3478 3194 καὶ
3503 3142 3552 3192 οἱ
3585 3143 3730 3208 ἅγιοι

2163 3234 2449 3287 ἀπόστολοι
2501 3235 2596 3286 καὶ
2644 3235 2691 3286 οἱ
2738 3234 2871 3285 θεῖοι
2921 3234 3162 3301 Πατὲρες
3212 3234 3503 3302 μετέπειτα
3543 3233 3731 3298 ἐποιή-

2166 3341 2346 3378 σαντο.
2383 3325 2445 3376 Oi
2477 3323 2576 3387 μὲν
2611 3327 2718 3391 γὰρ
2749 3323 3033 3375 ἀπόστολοι
3065 3327 3120 3374 ὲν
3149 3323 3730 3392 τεσσαρεσκαιδεκάτη)

2164 3419 2347 3471 κανόνι
2379 3418 2452 3486 μὴ
2491 3415 2690 3478 ἐξεῖναι
2739 3416 3019 3482 ἐπισκόπῳ
3050 3415 3210 3484 ἑτέρα
3247 3415 3515 3483 ἐπιπηδᾷν
3563 3431 3732 3467 κατα-

2164 3511 2375 3563 λιπόντι
2408 3511 2506 3577 τὴν
2548 3507 2743 3560 ἑαυτοῦ
2785 3508 3113 3572 διετάξαντο.
3148 3508 3208 3558 υἱ
3243 3506 3297 3558 δὲ
3331 3508 3388 3558 ἐν
3417 3510 3482 3574 τῇ
3539 3509 3731 3576 πρώτῃ

2166 3603 2366 3670 συνόδῳ
2421 3601 2560 3652 κατὰ
2590 3599 2826 3651 Νίκαιαν
2860 3597 3340 3666 συναθροισθέντες
3387 3599 3625 3665 Πατέρες
3674 3598 3733 3648 ἐν

2164 3693 2307 3762 ἕκτῳ
2338 3693 2432 3746 καὶ
2463 3692 2680 3760 ἑϐδόμῳ
2711 3691 2892 3743 κανόνι
2922 3691 2991 3742 τὰ
3015 3690 3218 3758 ἀρχαῖα
3247 3691 3466 3756 κρατεῖν
3502 3689 3604 3754 ἤθη
3639 3688 3732 3739 καὶ

2166 3782 2392 3834 ἕκαστον
2428 3781 2614 3849 θρόνον
2662 3783 2757 3841 τὰς
2790 3775 3095 3843 ἀνηκούσαις
3147 3775 3293 3842 αύτῷ
3327 3773 3589 3841 ἐπαρχίας
3619 3771 3731 3823 διέ-

2167 3889 2291 3924 πειν
2320 3870 2778 3940 ὲθεσμοθέτησαν.
2813 3869 2981 3920 Τοῦτο
3011 3868 3065 3919 δὲ
3113 3867 3208 3919 καὶ
3238 3867 3265 3918 ὁ
3315 3866 3504 3934 παρὼν
3551 3863 3732 3917 κανὼν

2166 3962 2480 4033 διορίζεται,
2542 3963 2636 4014 καὶ
2689 3961 2984 4021 ἐπίσκοπος
3035 3959 3174 4026 ὑπὲρ
3223 3958 3504 4026 διοίκησιν,
3563 3957 3730 4024 ἤγουν

2169 4055 2310 4124 ὑπὲρ
2341 4055 2441 4121 τὴν
2473 4051 2782 4118 ἀνήκουσαν
2827 4049 2974 4118 αὐτῷ
3007 4048 3274 4116 ἐπαρχίαν
3324 4049 3381 4097 ἐν
3409 4048 3528 4107 ταῖς
3563 4047 3728 4110 ὑπερ-

2168 4147 2338 4214 ορίοις
2369 4142 2702 4210 ἐκκλησίαις,
2723 4143 2841 4202 ταῖς
2870 4139 3055 4200 οὖσαις
3084 4136 3288 4206 δηλαδὴ
3323 4137 3465 4206 ὑπὲρ
3485 4138 3549 4187 τὰ
3582 4137 3702 4201 ἀφω

2173 4233 2404 4305 ρισμένα
2437 4235 2650 4301 ἑκάστῳ
2677 4233 2821 4298 ὅρια,
2855 4230 2932 4297 μὴ
2965 4231 3177 4281 ἐπιέναι
3225 4226 3612 4289 διακελεύεται,
3642 4225 3728 4276 διὰ

2170 4326 2264 4376 τοῦ
2295 4327 2505 4376 ἐπιέναι
2537 4323 2634 4391 τὴν
2661 4321 2960 4394 λῃστρικὴν
3005 4314 3116 4372 οἷον
3152 4318 3435 4386 ἐμφαίνων
3478 4317 3569 4370 καὶ
3603 4316 3732 4368 ἄτα-

509 4404 656 4456 enim
688 4403 1003 4470 intelligitur
1033 4424 1127 4475 per
1162 4411 1468 4478 episcopum
1508 4414 1646 4465 ultra
1694 4415 1967 4469 dimeasim
2001 4420 2062 4469 ad

2173 4433 2297 4468 κτον
2342 4415 2547 4480 ἔφοδον,
2597 4413 2697 4466 καὶ
2754 4412 2884 4479 μτδέ
2930 4409 3229 4462 ἐπιϐαίνειν
3283 4409 3469 4475 ἐτέρου
3529 4408 3732 4476 ἐνορίᾳ.

512 4507 721 4545 sacram
759 4496 994 4561 aliquam
1024 4498 1349 4551 iunctionem
1381 4503 1735 4555 exercemlam
1766 4520 1875 4558 non
1907 4521 2070 4560 voca-

517 4591 650 4642 tmu,
676 4583 768 4635 sed
793 4585 1161 4650 adhortatum,
1187 4597 1240 4642 et
1267 4605 1292 4641 a
1322 4591 1560 4658 pluribus
1587 4593 1651 4645 ad
1681 4594 1729 4646 id
1755 4609 2070 4660 persuasum

483 4668 782 4742 'cpisropis
825 4675 977 4740 juxta
1029 4678 1227 4732 dictum
1260 4695 1523 4736 canonem
1570 4687 1945 4753 apostolicum.
1983 4691 2076 4741 Ec-

513 4765 813 4819 clcsiastica
837 4780 1014 4822 autem
1044 4770 1307 4839 cujusque
1336 4776 1622 4842 provincia:
1653 4780 1885 4845 negotia,
1915 4782 2072 4832 nimi-

515 4874 628 4910 rum
663 4859 980 4922 electiones,
1016 4865 1406 4929 ordinationes,
1451 4878 1505 4920 et
1539 4871 1604 4922 de
1647 4871 2075 4924 excoiumuuica-

515 4948 765 5012 tionibus,
801 4950 1005 5015 multis,
1047 4952 1273 5022 aliisque
1300 4955 1559 5020 ejusmodi
1588 4959 2072 5011 contrm'ersiarum

512 5040 813 5095 tiecisiones
842 5046 1033 5112 synodi
1083 5048 1426 5114 provincialis
1466 5051 1790 5101 auctoritate
1837 5051 2072 5104 admini-

513 5133 674 5187 strari
707 5142 760 5187 et
799 5135 1050 5190 constitui
1089 5138 1282 5206 placet.
1317 5137 1445 5203 Quae
1484 5153 1608 5193 vero
1642 5140 1782 5193 itttct‘
1811 5141 2076 5195 Barbarus

515 5233 702 5289 gentes
753 5223 1010 5281 Ecclesia:
1061 5229 1292 5283 ﬁdelium
1350 5231 1599 5285 excitatae
1656 5231 1894 5296 fuerunt,
1950 5249 2073 5284 cum

517 5315 793 5378 pauciores
815 5317 953 5383 forte
968 5320 1247 5389 episcopos
1268 5323 1549 5386 haberent,
1576 5339 1733 5392 quam
1759 5323 1846 5390 qui
1871 5325 2075 5395 synodo

518 5405 770 5469 cogendae
815 5409 947 5462 satis
995 5425 1115 5465 esse
1163 5422 1419 5480 possent,
1473 5423 1560 5465 aut
1619 5413 1662 5467 si
1711 5413 1830 5481 quis
1879 5413 1948 5464 ibi
1973 5413 2072 5462 lem

519 5498 726 5552 dicendi
760 5498 1010 5556 facultate
1055 5515 1354 5571 praestaret,
1401 5521 1521 5560 eum
1563 5507 1626 5558 ad
1679 5519 1844 5558 novos
1877 5504 2077 5556 Christi

521 5583 720 5639 milites
757 5587 1172 5652 conﬁrmandos,
1222 5603 1381 5658 atque
1415 5594 1464 5643 in
1513 5593 1784 5660 proposito
1823 5591 1941 5644 ﬁdei
1990 5607 2078 5641 su-

527 5681 708 5742 eccplo
728 5674 1096 5740 stabiliendos,
1120 5681 1171 5732 in
1193 5681 1418 5735 alienam
1446 5683 1764 5751 quandoque
1789 5680 2075 5749 parmciam

2173 4500 2344 4553 Τοῦτο
2370 4502 2478 4570 γὰρ
2511 4501 2569 4552 τὸ
2602 4501 2741 4568 ὑπὲρ
2767 4499 3030 4566 διοίκησιν
3061 4499 3360 4550 ἐπίσκοπον
3386 4497 3614 4565 ἄκλητον
3644 4499 3736 4547 ἐπὶ

2172 4591 2431 4660 οίᾳδήτινι
2470 4592 2711 4660 ίερατικῇ
2748 4591 3034 4656 διοικήσει,
3069 4588 3202 4641 ἀλλὰ
3251 4586 3737 4654 παρακαλούμενον

2173 4684 2265 4734 καὶ
2297 4684 2449 4752 παρὰ
2490 4681 2749 4733 πλειόνων
2794 4681 3110 4733 ἐπισκόπων
3141 4679 3276 4750 πρὸς
3322 4678 3481 4730 τοῦτο
3514 4676 3736 4745 ἐπιτρέο

2174 4773 2406 4839 πόμενον
2458 4771 2599 4824 κατὰ
2651 4771 2739 4822 τὸν
2791 4768 3078 4838 εἰρημένον
3111 4765 3464 4820 ἀποστολικδν
3515 4765 3734 4817 κανόνα.

2175 4864 2284 4926 Τᾶς
2314 4865 2369 4916 δέ
2398 4863 2518 4914 καθ’
2546 4863 2782 4930 ἑκάστην
2812 4861 3083 4930 ἐπαρχίαν
3113 4855 3574 4927 ἐκκλησιαστικὰς
3603 4856 3740 4908 διοισο

2175 4959 2385 5027 κήσεις,
2421 4958 2588 5027 ἤγουν
2616 4956 2853 5024 ψήφους.
2887 4958 2998 5009 καὶ.
3024 4955 3377 5025 χειροτονίας,
3423 4953 3517 5004 καὶ
3565 4951 3742 5018 ἀμερι-

2176 5048 2368 5098 ίῖολιῶν
2403 5047 2589 5107 λύσεις
2645 5049 2701 5098 ἐν
2762 5047 3088 5116 ἁφορισμοῖς
3141 5043 3234 5097 καὶ
3291 5043 3588 5109 ἐπιτιμίοις
3645 5041 3742 5093 καὶ

2175 5136 2378 5196 λοιποῖς
2431 5135 2692 5192 τοιούτοις
2753 5135 2850 5203 τὴν
2904 5137 3142 5203 ἑκάστης
3195 5131 3462 5201 ἐπαρχίας
3525 5129 3742 5181 σύνοδον

2177 5224 2424 5287 θεσπίζει
2472 5225 2798 5292 οἰκονομεῖν.
2845 5225 2997 5275 Ἐπεὶ
3050 5223 3107 5274 δὲ
3171 5222 3264 5274 καὶ
3318 5221 3377 5272 ἐν
3437 5218 3739 5286 Βαρδάροις

2179 5317 2387 5368 ἔθνεσιν
2434 5315 2749 5378 Ἐκκλησίαι
2804 5315 2925 5367 τότε
2959 5309 3096 5384 ἦσαν
3149 5311 3376 5372 πιστῶν,
3426 5312 3559 5362 ὅπου
3611 5307 3740 5368 ἴσως

2177 5410 2238 5460 ού
2275 5409 2458 5461 πολλοὶ
2494 5404 2635 5474 ἦσαν
2669 5407 2976 5465 ἐπίσκοποι,
3009 5405 3148 5456 ὥστε
3182 5405 3368 5473 ἀρκεῖν
3395 5403 3472 5464 είς
3500 5400 3741 5464 σύνοδον,

2182 5499 2212 5566 ἢ
2253 5500 2345 5550 καὶ
2375 5501 2666 5563 ἀναγκαῖον
2702 5493 2790 5567 ἦν,
2829 5496 2882 5548 εί
2903 5513 2985 5557 τις
3019 5498 3074 5546 ἐν
3104 5495 3248 5562 λόγῳ
3277 5493 3598 5560 διαλάμπων
3649 5483 3744 5558 ἦν,

2182 5591 2294 5640 ἐκεῖ
2326 5589 2682 5657 προσφοιτᾷν,
2737 5588 2830 5638 καὶ
2871 5589 2988 5648 ταῖς
3039 5586 3147 5637 τῶν
3185 5585 3360 5636 ἄλλων
3407 5581 3744 5649 παροικίαις,

2183 5677 2322 5731 ὥστε
2376 5676 2751 5745 ἐπιστηρεξειν
2780 5677 2904 5740 τοὺς
2935 5679 3000 5746 τῇ
3034 5677 3216 5728 πίστει
3261 5674 3605 5743 προσιόντας,
3653 5680 3746 5724 καὶ
