4108 6200
309 285 426 346 325

1477 275 1557 337 ΙΝ
1598 275 1764 337 CAN.
1811 275 1906 336 III
1944 276 2154 340 CONC.
2198 280 2304 343 CI‘.
2348 282 2423 342 [Ι.

3475 284 3578 348 3⁵26

306 395 414 461 οὐχ
459 391 840 460 amoenam
871 393 970 459 τῆς
1001 390 1168 462 τιμῆς
1217 387 1353 461 πρὸς
1387 393 1484 458 τὴν
1517 388 1897 459 πρεσϐυτέραν

2007 403 2198 447 veteris
2232 393 2412 446 Roma:
2443 393 2694 460 iudicari,
2715 395 2932 464 quidam
2965 396 3366 452 existimavere.
3393 396 3570 463 Quam

319 484 573 554 Ῥώμην.
620 485 873 554 Χρῶνται
904 483 960 536 δὲ
993 483 1130 554 πρὸς
1166 481 1512 550 κατασκευὴν
1557 479 1650 532 τοῦ
1687 479 1900 532 ἐκείνου

307 577 478 642 λόγου
508 577 588 644 τῷ
632 575 864 644 εἰκοστῷ
899 574 1072 644 ὀγδόῳ
1120 574 1309 628 κανόνι
1350 575 1446 641 τῆς
1494 575 1551 624 ἐν
1597 570 1902 640 Χαλκηδόνι

315 669 543 720 συνόδου
609 669 946 737 μεμνημένῳ
1006 669 1103 736 μὲν
1160 667 1252 718 τοῦ
1321 665 1586 734 παρόντος
1646 663 1901 726 κανόνος,

314 761 583 824 ἐπάγοντι
637 760 690 811 δὲ
743 760 824 810 ὅτι
887 760 995 810 Καὶ
1027 761 1187 826 ἡμεῖς
1248 757 1316 809 τά
1365 755 1505 808 αὐτά
1551 754 1905 823 ψηφιζόμεθα

317 849 454 920 περὶ
503 850 616 900 τῶν
675 848 986 918 πρεσϐείων
1045 847 1144 916 τῆς
1201 847 1511 914 ἁγιωτάτης
1573 845 1904 914 Ἐκκλησίας

318 941 954 1002 Κωνσταντινουπόλεως
1007 940 1134 1000 νέας
1196 938 1439 1006 Ῥώμης.
1503 939 1610 990 Καὶ
1665 938 1774 1006 γὰρ
1827 937 1905 1006 τῷ

314 1035 497 1103 θρόνῳ
525 1035 624 1102 τῆς
660 1032 1041 1102 πρεσϐυτέρας
1082 1031 1321 1100 Ῥώμης,
1373 1031 1459 1082 διά
1497 1029 1556 1080 τὸ
1597 1028 1906 1097 βασιλεύειν

313 1127 418 1194 τὴν
450 1125 608 1176 πόλιν
637 1125 875 1194 ἐκείνην,
912 1125 963 1174 οἱ
993 1122 1238 1191 Πατέρες
1269 1122 1494 1183 εἰκότως
1526 1119 1904 1173 ἀποδεδώκασι

313 1223 386 1272 τά
417 1219 714 1289 πρεσϐεῖα.
751 1220 844 1272 καὶ
875 1218 954 1286 τῷ
983 1217 1134 1286 αὐτῷ
1162 1217 1348 1286 σκοπῷ
1386 1216 1474 1269 ἴσα
1501 1213 1815 1284 κινούμενοι
1853 1215 1902 1265 oi

316 1311 519 1363 ἑκατὸν
585 1311 925 1378 πεντήκοντα
996 1308 1407 1376 θεοφιλέστατοι
1471 1306 1765 1358 ἐπίσκοποι
1833 1307 1900 1358 τά

312 1402 587 1470 πρεσὸεῖα
623 1403 926 1469 ἀπένειμαν
959 1401 1037 1470 τῷ
1065 1402 1165 1468 τῆς
1196 1400 1322 1461 νέας
1363 1399 1581 1470 Ῥώμης
1615 1399 1901 1468 ἁγιωτάτῳ

312 1493 520 1562 θρόνῳ,
571 1493 810 1557 εὐλόγως
855 1493 1146 1561 κρίναντες
1174 1491 1272 1559 τὴν
1304 1489 1582 1557 βασιλείαν
1638 1490 1732 1542 καὶ
1774 1505 1902 1555 συγ-

315 1584 507 1652 κλήτῳ
528 1583 856 1652 τιμηθεῖσαν
886 1581 1060 1644 πόλιν,
1093 1579 1187 1632 καὶ
1217 1579 1323 1631 τῶν
1360 1580 1490 1632 ἰσων
1519 1579 1900 1632 ἀπολαύουσαν

315 1675 632 1745 πρεσϐείων
674 1677 740 1742 τῇ
796 1672 1150 1742 πρεσϐυτέρα
1189 1670 1422 1740 βασιλίδι
1470 1669 1681 1739 Ῥώμῃ,
1714 1673 1807 1722 καὶ
1841 1671 1899 1722 ἐν

2007 485 2222 550 quidem
2271 486 2590 538 sententiam
2641 502 2816 551 suam,
2851 489 3115 541 vicesimo
3160 500 3352 543 octavo
3388 491 3578 561 synodi

2009 574 2460 630 Chalcedonensis
2507 592 2712 631 canone
2768 579 3092 632 confirmare
3148 582 3394 634 nituntur
3441 598 3456 635 :
3504 582 3576 634 ibi

2010 681 2262 734 namque,
2300 668 2570 720 mentione
2605 669 2761 736 hujus
2786 672 3006 722 canonis
3041 671 3259 734 injecta,
3309 673 3419 726 haec
3453 686 3580 740 pos-

2011 766 2091 808 tea
2155 756 2532 823 sul-jicinutur.
2595 758 2693 830 [De
2744 761 3036 831 privilegiis
3089 764 3448 816 sanctissimae
3488 766 3583 820 Ec-

2007 846 2184 899 clesim
2237 847 2744 918 Constantinopolis
2805 868 2956 905 nova)
3003 855 3186 906 [totum
3237 857 3424 908 eadem
3477 873 3577 913 nos

2009 953 2222 1007 quoque
2251 940 2545 994 sancimus.
2579 939 2792 996 Veteris
2820 944 2960 996 enim
2991 942 3176 998 Bon-.zc
3208 947 3400 1001 throao
3432 950 3574 1016 quod

2007 1030 2200 1082 civitas
2224 1031 2325 1083 ista
2351 1031 2640 1098 imperaret
2667 1032 2853 1086 Patres
2875 1035 2993 1101 jure
3011 1036 3290 1108 privilegia
3313 1038 3574 1099 tribucre,

2006 1127 2059 1171 et
2102 1118 2290 1170 eadem
2338 1121 2551 1173 ratione
2595 1123 2724 1174 moti
2776 1136 2995 1176 centum
3049 1116 3442 1196 quinquaginta
3482 1126 3576 1180 Dei

2007 1213 2368 1266 amantissimi
2427 1215 2668 1282 episc0pi
2719 1217 3126 1272 sanctissimum
3181 1235 3332 1272 nova:
3394 1219 3578 1273 Roma:

2008 1303 2260 1356 thronmn
2298 1306 2596 1372 :eqnalibus
2650 1307 2943 1377 prtvilegiis
2979 1311 3178 1378 dignati
3232 1321 3391 1374 sunt,
3432 1324 3580 1365 recte

1998 1392 2308 1460 iudicantes
2349 1411 2464 1464 qua:
2507 1398 2630 1452 urbs
2678 1401 2906 1468 imperio
2951 1415 3014 1454 ac
3056 1411 3245 1453 senatu
3298 1402 3578 1458 lioncstata

2006 1502 2068 1541 ac
2105 1487 2293 1541 iisdem
2341 1505 2462 1544 cum
2502 1502 2683 1546 vetere
2730 1493 2940 1547 ttrbium
2989 1493 3216 1562 Regina,
3266 1497 3578 1548 muneribus

2005 1588 2194 1632 ornata
2229 1579 2386 1644 foret,
2413 1599 2528 1636 eam
2560 1585 2612 1638 in
2644 1586 3009 1639 ecclesiastica
3043 1600 3254 1656 quoque
3282 1587 3578 1652 republica,

2004 1673 2300 1739 aequalibus
2343 1688 2465 1727 cum
2509 1675 2595 1726 illa
2642 1675 2939 1728 honoribus
2978 1675 3338 1728 extollendam
3388 1690 3451 1726 ac
3489 1689 3578 1727 se-

307 1768 428 1826 τοῖς
455 1762 934 1832 ἐκκλησιαστικαῖς
957 1761 1031 1824 ὡς
1050 1762 1266 1830 ἐκείνην
1295 1759 1691 1830 μεγαλύνεσθαι
1719 1761 1896 1830 πράγο

2007 1764 2227 1816 condam
2276 1765 2341 1818 ab
2386 1766 2474 1818 illa
2531 1766 2900 1822 collocandum
2950 1765 3114 1836 esse].
3170 1767 3359 1818 Dicunt
3398 1765 3579 1832 igitur,

311 1870 477 1922 μασι,
507 1852 770 1921 δευτέραν
800 1851 920 1918 μετ’
947 1850 1165 1918 ἐκείνην
1193 1849 1568 1918 ὑπᾶρχουσαν.
1602 1849 1770 1900 Φασὶν
1799 1843 1894 1900 οὖν

307 1928 415 2004 ὃτιξ
446 1944 571 1995 ἐπεὶ
602 1942 714 1992 τῶν
752 1943 883 1993 ῖσων
913 1935 1158 2003 ἀξιοῦσιν
1187 1937 1356 2005 αὐτὴν
1391 1937 1587 2006 τιμῶν,
1622 1936 1734 1998 πῶς
1764 1953 1891 2006 νοη-

308 2035 549 2104 θήσεται
606 2035 639 2102 ἡ
669 2032 820 2100 μετὰ
869 2030 1128 2100 πρόθεσις
1184 2029 1552 2090 ὁποπτώσεως
1585 2029 1890 2098 δηλωτικής

320 2127 388 2178 Ἦ
421 2125 480 2178 δὲ
511 2124 604 2176 τοῦ
650 2122 1030 2175 Ὶουστινιανοῦ
1065 2120 1334 2188 ἐκατοστὴ
1369 2121 1669 2189 τριακοστὴ
1725 2122 1895 2188 νεαρὰ

307 2217 551 2285 κειμένη
584 2216 665 2276 είς
695 2213 901 2282 βιϐλίον
927 2211 1036 2263 τῶν
1075 2209 1383 2281 Βασιλικών
1415 2211 1685 2278 πέμπτον,
1718 2209 1895 2260 τίτλον

305 2308 497 2377 τρίτον
527 2303 704 2366 ἄλλως
733 2302 974 2355 νοεῖσθαι
1009 2301 1135 2362 τοὺς
1175 2300 1405 2360 κανόνας
1460 2299 1675 2360 δίδωσι,
1713 2297 1895 2359 καθὼς

308 2395 470 2465 παρά
520 2393 613 2447 τοῦ
667 2391 934 2462 βασιλέως
985 2389 1193 2442 ἐκείνου
1223 2389 1543 2458 ἐνοήθησαν.
1579 2389 1713 2457 Φησὶ
1763 2388 1894 2456 γὰρ,

307 2484 663 2552 Θεσπίξομεν
720 2483 859 2535 κατά
895 2481 1022 2542 τοὺς
1071 2479 1180 2532 τῶν
1233 2479 1407 2544 ἁγίων
1461 2479 1694 2532 συνόδων
1740 2479 1898 2546 ὅρους

306 2577 404 2630 τὸν
455 2575 766 2642 ἁγιώτατον
821 2575 919 2641 τῆς
956 2569 1330 2638 πρεσϐυτέρας
1391 2568 1609 2638 Ῥώμης
1667 2569 1898 2621 πάππαν

310 2670 537 2738 πρώτον
573 2663 716 2718 εἷναι
756 2667 969 2717 πάντων
1005 2664 1112 2714 τῶν
1151 2662 1362 2731 ἱερέων,
1401 2661 1489 2712 τὸν
1517 2661 1572 2713 δὲ
1605 2660 1898 2727 μακαριώ-

305 2779 475 2816 τατον
539 2759 840 2812 ἐπίσκοπον
921 2754 1548 2816 Κωνσταντινουπόλεως
1623 2754 1718 2805 καὶ
1772 2752 1901 2816 νέας

316 2853 547 2923 Ῥώμης
577 2851 834 2920 δευτέραν
866 2849 1016 2914 τάξιν
1045 2849 1263 2918 ἐπέχειν
1297 2848 1434 2915 μετά
1488 2845 1572 2896 τὸν
1603 2845 1894 2897 ἀποστολι-

311 2945 410 2998 κον
451 2943 647 3014 θρόνον
676 2941 775 3010 τῆς
803 2941 1182 3010 πρεσϐυτέρας
1223 2938 1465 3006 Ῥώμης,
1493 2935 1602 2987 τῶν
1637 2935 1692 2988 δὲ
1724 2937 1903 2988 ἄλλων

311 3036 544 3090 πάντων
591 3034 984 3102 προτιμᾶσθαι.
1050 3030 1328 3083 Ἐντεῦθεν
1370 3027 1462 3082 οὖν
1500 3027 1748 3096 ἐναργῶς
1789 3024 1900 3080 δεί-

309 3146 511 3182 κνυται
550 3128 585 3196 ὴ
611 3126 760 3196 μετὰ
799 3125 1056 3194 πρόθεσις
1089 3121 1462 3191 ὑποὸιϐασμὸν
1520 3119 1754 3190 δηλοῦσα
1811 3122 1906 3173 καὶ
1931 3083 1976 3143 C

311 3218 648 3271 ἐλάττωσιν.
687 3216 795 3268 Καὶ
822 3214 998 3274 ἄλλως
1024 3213 1081 3265 δὲ
1108 3212 1371 3265 ἀδύνατον
1403 3211 1468 3263 ἂν
1493 3209 1577 3280 εἴη
1616 3210 1674 3262 τὸ
1705 3208 1904 3263 ταύτὸν

311 3313 489 3380 τιμῆς
543 3309 635 3361 καὶ
663 3307 721 3358 ἐν
753 3304 1086 3374 ἀμφοτέροις
1121 3306 1234 3364 τοῖς
1268 3302 1478 3370 θρόνος
1511 3299 1904 3369 φυλάττεσθαι.

322 3404 575 3469 ’Δνάγκη
608 3401 719 3468 γὰρ
759 3400 816 3450 ἐν
864 3398 982 3458 ταῖς
1014 3397 1315 3464 ἀναφοραῖς
1344 3393 1454 3444 τῶν
1483 3393 1766 3461 ὀνομάτων
1797 3392 1907 3445 τῶν

312 3493 744 3566 προϊσταμένων
795 3489 974 3541 αὐτῶν
1008 3487 1099 3538 τὸν
1138 3487 1235 3554 μέν
1294 3484 1672 3554 προτερεύειν,
1714 3484 1807 3536 τὸν
1849 3484 1909 3535 δὲ

306 3583 682 3654 δευτερεύειν,
733 3579 829 3632 καὶ
860 3582 918 3630 ἐν
962 3577 1256 3646 καθέδραις
1303 3577 1391 3627 ὅτε
1424 3575 1749 3637 συνέλθοιεν,
1813 3577 1909 3626 καὶ

307 3682 368 3732 ἐν
409 3675 762 3745 ὑπογραφαῖς
794 3671 884 3722 ὅτε
911 3668 1122 3722 τούτων
1163 3667 1368 3736 δεήσει.
1412 3665 1614 3732 Ἱῖγουν
1646 3667 1738 3718 τοῦ
1761 3665 1908 3734 μετὰ

307 3770 620 3839 ἐξήγησις,
667 3765 700 3833 ὴ
739 3761 974 3828 λέγουσα
1033 3757 1128 3811 τοῦ
1185 3759 1380 3827 χρόνου
1419 3756 1725 3826 δηλωτικὴν
1767 3753 1906 3809 εἶναι

308 3860 416 3930 τὴν
458 3855 741 3924 πρόθεσιν,
788 3853 887 3922 οὐχ
923 3849 1329 3918 ὐποὸιὸασμοῡ,
1382 3847 1717 3917 βεϐιασμένη
1766 3849 1903 3912 ἐστὶ,

309 3953 410 4006 καὶ
449 3948 692 4007 διανοίας
723 3945 822 3996 οὐκ
857 3942 1068 4004 εὐθείας
1123 3941 1234 3992 οὐδ’
1261 3939 1490 4007 ἀγαθῆς.
1533 3939 1694 3992 Ἀλλά
1729 3938 1824 3991 καὶ
1878 3940 1906 3991 ὁ

306 4041 414 4111 τῆς
447 4041 510 4091 ἐν
537 4037 616 4105 τῷ
644 4034 901 4104 Τρούλλῳ
935 4031 1155 4084 συνόδου
1185 4032 1506 4100 τριακοστὸς
1535 4029 1694 4090 ’ἐκτος
1729 4029 1906 4081 κανὼν

308 4133 592 4204 ἁριδήλως
633 4129 870 4182 δείκνυσι
907 4124 1004 4196 τὴν
1053 4124 1188 4192 μετὰ
1241 4120 1498 4192 πρόθεσιν
1533 4120 1907 4188 ὑποϐιΰασμὸν

310 4224 611 4296 δηλοῦσαν,
643 4220 895 4285 δεύτερον
924 4218 1100 4284 λέγων
1128 4217 1217 4268 τὸν
1269 4215 1456 4282 θρόνον
1487 4216 1584 4282 τῆς
1618 4213 1908 4264 Κώνσταν-

308 4314 686 4374 τινουπόλεως
720 4310 1034 4376 λογίζεσθαι
1067 4307 1205 4376 μετὰ
1238 4306 1326 4358 τὸν
1377 4306 1473 4374 τῆς
1529 4303 1907 4372 πρεσϐυτέρας

324 4409 553 4477 Ῥώμης
581 4421 595 4436 ο
648 4409 768 4455 εῐτα
811 4409 1030 4467 ἐπάγει,
1069 4409 1188 4466 μεθ’
1215 4409 1272 4449 ον
1319 4409 1346 4448 ο
1377 4412 1476 4464 της
1521 4409 1821 4486 ’Λλεςανορι

312 4494 670 4570 ἀριθμεῖσθαι
700 4493 909 4563 θρόνος,
930 4487 1048 4542 εἶτα
1082 4490 1109 4540 ὁ
1144 4489 1242 4556 τῆς
1271 4484 1618 4554 Ἀντιοχείας,
1655 4485 1746 4535 καὶ
1767 4480 1908 4551 μετὰ

311 4593 515 4644 τοῦτον
542 4589 571 4641 ὁ
605 4587 703 4653 τῆς
739 4583 1212 4656 Ἱεροσολυμιτῶν.

312 4678 632 4737 ΔΡΙΣΤ.⁹Ο
657 4675 1346 4735 Κωνσταντινουπόλεως
1375 4669 1524 4739 μετὰ
1558 4664 1907 4732 τὸγῬώμης

951 4767 1279 4830 τετίμηται.

390 4862 517 4917 Τῶν
566 4858 749 4913 αὐτῶν
806 4856 1115 4926 πρεσϐείων
1165 4855 1259 4907 καὶ
1310 4853 1408 4919 τῆς
1463 4850 1631 4917 αὐτῆς
1691 4845 1907 4915 μεθέξει

315 4954 493 5024 τιμῆς
548 4951 628 5020 τῷ
665 4947 886 5018 Ῥώμης
938 4950 1226 5014 ἐπισκόπῳ
1273 4945 1366 4996 καί
1403 4946 1428 4995 ὸ
1463 4943 1908 4995 Κωνσταντινου-

316 5045 535 5105 πόλεως
576 5040 912 5101 ἐπίσκοπος·
960 5036 1145 5098 καθὼς
1203 5037 1292 5088 καὶ
1341 5036 1369 5086 ό
1426 5032 1668 5090 εἰκοστὸς
1722 5027 1908 5094 ὄγδοος

321 5133 510 5188 κανὼν
533 5132 632 5200 τῆς
664 5133 721 5183 ἐν
763 5127 1068 5198 Χαλκηδόνι
1106 5128 1326 5180 συνόδου
1359 5125 1450 5176 τὸν
1485 5123 1688 5175 κανόνα
1720 5118 1910 5170 τοῦτον

318 5225 546 5296 ἐνόησε,
577 5224 666 5276 διὰ
697 5221 757 5274 τὸ
786 5217 926 5274 εἶναι
955 5220 1162 5288 ταύτην
1189 5219 1315 5270 νέαν
1350 5215 1594 5286 Ῥώμην,
1627 5212 1719 5264 καὶ
1743 5225 1908 5278 τιμηο

321 5319 490 5386 θῆναι
521 5313 776 5384 βασιλεία
807 5329 868 5364 τε
903 5311 998 5364 καὶ
1031 5311 1340 5378 συγκλήτῳ.
1373 5310 1446 5361 To
1479 5309 1589 5376 γάρ
1612 5302 1764 5371 μετὰ
1818 5301 1904 5351 ἐν·

318 5408 500 5462 ταῦοα
553 5405 614 5458 οὐ
662 5405 761 5473 τῆς
810 5405 994 5473 τιμῆς,
1046 5402 1182 5455 ἀλλὰ
1219 5399 1311 5451 τοῦ
1341 5398 1532 5468 χρόνου
1565 5395 1683 5446 ἐστὶ
1729 5391 1902 5460 δηλω-

322 5501 513 5554 τικόν·
567 5499 642 5559 ώς
687 5497 755 5550 ἂν
801 5498 944 5550 εῐποι
993 5513 1078 5558 τις
1125 5494 1207 5546 ὅτι
1245 5492 1383 5562 μετά
1424 5488 1651 5548 πολλοὺς
1676 5485 1905 5555 χρόνους

326 5596 420 5660 τῆς
461 5593 589 5657 ῐσης
619 5589 783 5657 τιμῆς
815 5587 890 5658 τῷ
921 5587 1144 5656 Ῥώμης
1174 5584 1406 5655 μετέσχε
1439 5581 1534 5634 καὶ
1559 5581 1586 5632 ὁ
1615 5579 1899 5632 Κώνστανο

330 5682 694 5742 τινουπόλεως
707 5719 719 5732 .

1996 1869 2118 1908 cum
2168 1858 2462 1924 atqualibus
2508 1857 2649 1912 illam
2701 1860 2915 1928 dignam
2956 1857 3254 1911 honoribus
3295 1867 3577 1920 censeant,

1996 1947 2266 2013 quomodo
2304 1949 2609 2017 pra'positio
2637 1963 2753 2018 post
2818 1949 3205 2017 subjectionem
3275 1949 3581 2014 significare

1997 2036 2222 2105 intelligi
2245 2040 2458 2106 potest?
2489 2039 2681 2092 Verum
2705 2040 2994 2093 Justiniani
3029 2038 3248 2092 Novella
3285 2039 3578 2091 centesin-a

2001 2126 2313 2190 tricesima,
2379 2127 2854 2195 imperatoriarum
2911 2128 3376 2181 Constitutionum
3443 2128 3580 2178 libro

1996 2219 2186 2285 quinto
2211 2258 2224 2278 ,
2257 2219 2410 2272 titulo
2437 2221 2619 2283 tertio,
2647 2236 2905 2273 canonem
2935 2219 3087 2271 aliter
3113 2220 3365 2287 explicat,
3392 2233 3585 2286 quem-

1998 2309 2287 2362 admodum
2345 2321 2396 2363 et
2465 2311 2529 2362 ab
2589 2311 2680 2364 illo
2738 2313 3064 2379 imperatore
3122 2309 3425 2363 intellectus
3475 2319 3578 2364 est.

2001 2399 2410 2453 Sanctissimum
2448 2418 2698 2471 namque,
2742 2404 2833 2465 ait,
2885 2402 3084 2454 veteris
3131 2401 3316 2455 Bootae
3356 2416 3574 2469 papam,

1999 2509 2062 2546 ex
2110 2504 2417 2546 sanctarum
2464 2495 2731 2561 synodqu
2762 2512 2789 2545 n
2828 2495 3060 2563 placitis,
3117 2495 3280 2547 totius
3323 2493 3580 2546 ecclesia-

2001 2584 2118 2636 stici
2142 2583 2347 2638 ordiuis
2381 2583 2672 2650 principem
2705 2599 2848 2646 esse,
2882 2584 3249 2637 beatissimqu
3276 2598 3407 2636 vero
3437 2584 3582 2634 (Jon-

2001 2675 2497 2742 stautinopolitatne
2559 2675 2742 2736 urbis,
2809 2691 2958 2728 novae
3015 2675 3216 2738 Roma,
3268 2675 3578 2744 episcopum

2018 2768 2312 2821 secundum
2351 2767 2416 2817 ab
2447 2767 2743 2834 apostolica
2787 2768 2986 2819 veteris
3015 2765 3198 2819 Romae
3241 2771 3368 2818 sede
3409 2766 3582 2819 locum

2021 2856 2288 2919 obtinere,
2342 2855 2460 2907 aliis
2517 2856 2772 2908 munibus
2833 2857 3036 2911 honore
3079 2856 3414 2924 superiorem
3465 2870 3586 2909 esse

2007 2947 2370 3000 decernimus.
2410 2944 2547 2999 llinc
2604 2946 2768 3014 igitur
2800 2949 3082 3014 perspicue
3114 2958 3340 3017 apparet
3385 2948 3581 3013 subje—

2009 3039 2266 3102 c1ioncm,
2297 3047 2351 3091 et
2387 3038 2802 3091 diminutionem
2836 3053 2928 3106 per
2957 3040 3410 3107 prtepositionem,
3446 3046 3582 3104 post,

2010 3131 2328 3201 signiﬁcari,
2382 3145 2500 3183 eum
2552 3129 2746 3199 alioqui
2792 3131 3113 3198 prtesertim,
3158 3131 3377 3183 honoris
3409 3146 3587 3198 atqua-

2009 3223 2132 3275 litas
2167 3223 2217 3274 in
2244 3233 2470 3288 utraque
2500 3221 2628 3275 sede
2653 3222 2873 3275 retineri
2905 3223 3212 3276 nullatenus
3242 3233 3422 3289 queat.
3445 3221 3581 3275 Nam

2009 3317 2122 3368 sive
2144 3316 2253 3381 ipsa
2280 3313 2564 3381 prmsulum
2600 3315 2814 3365 nomina
2844 3315 3137 3374 recitauda,
3162 3317 3276 3367 sive
3309 3315 3360 3366 in
3394 3318 3583 3367 eodem

2008 3420 2266 3458 consessu
2304 3405 2520 3470 utrique
2547 3403 2918 3465 assidetdmn,
2953 3404 3066 3456 sive
3095 3404 3376 3473 utriusque
3401 3402 3585 3457 chiro-

2008 3495 2216 3562 grapho
2269 3493 2455 3545 eadem
2517 3491 2819 3561 syngrapha
2877 3493 2946 3544 sit
3009 3493 3297 3557 ﬁrmanda,
3350 3493 3582 3547 alterum

2008 3594 2156 3637 certe
2201 3583 2438 3652 prmferri
2475 3597 2694 3635 necesse
2735 3592 2838 3636 est.
2876 3566 3193 3650 Quicunque
3236 3597 3366 3653 ergo
3411 3585 3582 3652 parti-

2009 3676 2186 3732 culam
2235 3687 2373 3745 post,
2402 3676 2570 3727 solam
2603 3674 2860 3742 temporis
2895 3675 3111 3740 seriem,
3139 3691 3240 3727 non
3275 3674 3584 3728 inferiorem

2007 3785 2220 3840 quoque
2254 3769 2531 3837 dignitatis
2566 3769 2791 3838 gradum
2836 3769 3145 3838 significare
3183 3773 3499 3833 contendat,
3538 3770 3586 3822 is

2009 3875 2062 3918 et
2093 3865 2196 3916 vim
2239 3863 2364 3916 huic
2405 3860 2522 3914 loco
2571 3859 2784 3921 inferat,
2820 3871 2873 3912 et
2922 3860 3241 3912 sententiam
3281 3875 3454 3927 neque
3497 3876 3582 3912 re-

2008 3964 2170 4013 ctam,
2207 3967 2380 4018 neque
2407 3954 2599 4003 bonam
2625 3949 2820 4003 eliciat.
2853 3949 2992 4014 Quin
3021 3959 3072 4000 et
3099 3947 3368 4002 Trnllana‘
3394 3949 3580 4018 synodi

2009 4058 2213 4096 canone
2240 4041 2512 4094 tricesimo
2539 4049 2714 4098 sexto,
2748 4040 3053 4107 pra'positio
3075 4077 3090 4099 ,
3120 4049 3260 4104 post,
3293 4039 3582 4100 subiectio-

2009 4150 2130 4187 nem
2187 4143 2373 4201 aperte
2426 4141 2598 4195 notat,
2651 4131 2900 4194 dicente,
2952 4141 3068 4189 post
3124 4131 3357 4196 antiquae
3401 4129 3584 4180 Itonne

2010 4228 2283 4288 thronum,
2327 4220 2600 4276 Secundus
2630 4219 3244 4286 Constantiuopolitame
3276 4219 3388 4271 sedi
3435 4220 3581 4271 locus

2009 4320 2312 4386 assignetur
2335 4333 2349 4382 ;
2370 4315 2563 4367 deinde
2586 4312 2874 4382 subiungit,
2900 4321 3020 4380 post
3047 4313 3183 4364 hanc
3201 4311 3582 4370 Alexandrina,

648 4398 768 4455 εἶτα
811 4399 1030 4467 ἐπάγει,
1069 4397 1188 4466 μεθ’
1215 4397 1272 4449 ὃν
1319 4398 1346 4448 ὁ
1377 4395 1476 4464 τῆς
1516 4392 1903 4462 Ἀλεξανδρέων

2019 4411 2139 4461 inde
2195 4405 2552 4469 Antimheua,
2611 4414 2661 4458 et
2729 4412 2848 4472 post
2915 4403 3308 4456 Antiochenam
3368 4403 3582 4455 demum

2015 4496 2503 4566 Hierosolymitaua
2544 4503 2876 4547 numeretur.

2014 4675 2242 4731 ABIST.
2294 4672 2908 4736 Coustantinopolitanus
2947 4672 3216 4738 episcopus
3245 4679 3357 4736 post
3388 4667 3585 4721 Roma-

2421 4780 2541 4816 num
2577 4765 2844 4827 proximus
2878 4764 3185 4816 honoratur.

2037 4851 2284 4912 'Eadem
2333 4855 2630 4923 privilegia,
2675 4855 3055 4920 eumdemque,
3107 4868 3266 4919 quem
3306 4852 3586 4905 Romanus

2015 4952 2296 5019 cpiscopus
2343 4947 2603 4998 honorem
2643 4944 2860 4997 habebit
2905 4953 2958 4997 et
2999 4944 3285 5011 episcopus
3319 4943 3583 4996 Constan-

2011 5038 2398 5106 tinopolitauus
2427 5032 2922 5102 ;quetnadmodum
2955 5041 3007 5085 et
3039 5032 3326 5085 vicesimus
3363 5041 3585 5084 octavos

2008 5130 2194 5202 synodi
2228 5108 2692 5182 Chalcedonensis
2727 5138 2897 5178 canon
2936 5123 3082 5176 hunc
3127 5137 3389 5176 canouezn
3427 5120 3581 5173 intel-

2009 5223 2139 5277 lexit
2165 5239 2180 5275 :
2210 5221 2466 5290 quoniam
2513 5217 2623 5285 ipsa
2655 5227 2738 5270 cst
2773 5231 2908 5270 nova
2952 5214 3121 5269 Roma
3144 5252 3160 5277 ,
3194 5231 3254 5267 ac
3289 5214 3583 5268 honoratur

2005 5326 2058 5369 et
2087 5314 2312 5380 imperio
2341 5321 2394 5364 et
2425 5318 2634 5366 senatu.
2665 5305 2795 5362 Nam
2852 5307 3156 5374 praepositio
3202 5316 3318 5374 post
3364 5306 3453 5360 hic
3479 5320 3582 5358 non

2009 5408 2290 5465 honorem,
2322 5403 2413 5456 sed
2453 5415 2659 5470 tempus
2691 5401 2953 5468 signiﬁcat
2981 5415 2994 5427 ·
3032 5411 3095 5450 ac
3121 5398 3165 5451 si
3197 5399 3399 5451 diceret
3437 5396 3584 5462 quis-

2010 5495 2174 5565 piam,
2205 5494 2346 5562 quod
2380 5503 2500 5562 post
2533 5493 2726 5544 multos
2759 5504 2926 5543 annos
2979 5489 3262 5557 episcopus
3315 5486 3583 5540 Constan-

2014 5584 2400 5654 tinopolitanus
2432 5583 2676 5637 Romano
2708 5579 2968 5650 aequalem
3015 5579 3264 5634 habuerit
3306 5579 3582 5632 honorem.
