4108 6200
420 301 522 358 335

1687 281 1965 344 ΤΠΕΟΙ).
1998 279 2402 343 BALSAMON

3582 271 3684 334 336

482 408 843 484 πραγμάτων
888 407 1051 472 τάξει
1126 400 1661 473 συκοφαντοῦντες
1726 402 1833 455 τὸν
1898 400 2423 469 κατηγορούμενον
2492 399 2835 452 ἐπίσκοπον
2914 394 3281 466 ἐλεγχθεῒεν.
3336 391 3498 449 Εἱδέ
3576 409 3688 460 τις,

482 503 954 575 καταφρονήσας
1012 497 1133 552 τῶν
1188 496 1341 551 κατὰ
1404 495 1477 549 τὰ
1534 493 1999 562 προδηλωθέντα
2036 494 2428 563 δεδογμένων,
2503 490 2864 562 τολμήσειεν
2923 492 2961 559 ἢ
3009 486 3343 555 ,ϐασιλικὰς
3408 487 3689 555 ἐνοχλεῖν

484 601 695 667 ἀκοὰς.
757 598 795 667 ἢ
866 592 1208 667 κοσμικῶν-
1252 590 1566 659 ἀρχόντων
1610 586 1991 656 δικαστήρια,
2062 587 2102 657 ἢ
2165 586 2593 657 οὶκουμενικὴν
2655 584 2923 641 σύνοδον
2996 582 3366 652 ταράσσειν,

3456 581 3692 647 πάντας

487 665 791 767 ἀτιμάσας
844 689 987 756 τοὺς
1041 686 1151 756 τῆς
1187 665 1568 752 ’διοικήσεως
1618 684 2021 750 ἐπισκόπους,
2052 684 2159 740 τὸν
2220 684 2496 739 τοιοῦτον
2564 683 2631 738 τὸ
2710 682 2963 752 πάμπαν
3010 683 3097 747 είς
3174 672 3547 748 κατηγορίαν
3605 677 3694 747 μὴ

487 785 1016 851 εἷναιδεκτὸν,ὼς
1081 782 1537 851 καθυϐρίσαντα
1584 779 1729 847 τοὺς
1784 781 2073 847 κανόνας,
2121 782 2222 835 καὶ
2272 780 2388 851 τὴν
2443 779 2966 848 ἐκκλησιαστικὴν
3020 775 3453 848 λυμηνάμενον
3524 776 3693 830 εὐτα-

493 888 527 949 ξ
535 886 655 937 ίαν.
1946 912 1973 941 ι

498 976 697 1035 BALS.
743 976 877 1030 Nota
924 979 1251 1043 prmsentcm
1283 984 1571 1031 canonem,
1616 978 1837 1045 propter
1882 968 2005 1024 illos

2184 968 2382 1024 ΒΑΛΣ.
2430 965 2748 1037 Σημείωσαι
2807 962 2898 1016 τὸν
2965 960 3211 1032 παρόντα
3268 957 3473 1013 κανόνα
3532 957 3695 1030 χάριν

429 1075 514 1146 qui
561 1074 683 1126 lites
718 1069 1011 1124 intendunt
1057 1064 1372 1119 criminales
1410 1064 1679 1119 adversus
1712 1056 2007 1133 episcopos

430 1182 480 1225 ι·ι
522 1168 761 1234 reliquos
797 1178 863 1217 ex
904 1160 1097 1214 ordine
1136 1156 1460 1213 Sacerdotali
1496 1172 1511 1210 :
1557 1156 1885 1226 lege.etiam
1919 1171 2009 1210 ca-

431 1274 627 1314 nonem
664 1256 765 1310 1‘29
798 1252 987 1324 synodi
1025 1249 1499 1319 Cartltaginensis,
1534 1258 1586 1303 et
1619 1248 1761 1317 leges
1806 1247 1856 1301 in
1890 1246 2008 1315 ejus

432 1350 766 1421 Ρηιοδὶίὶοιιθ
796 1345 1057 1412 allegatos
1094 1360 1108 1395 :
1143 1356 1203 1394 ac
1238 1356 1302 1395 ex
1344 1341 1446 1394 hoc
1475 1354 1682 1393 canone
1719 1348 1773 1393 et
1798 1352 1863 1393 ex
1901 1337 2010 1392 illis

433 1446 605 1499 discas
669 1438 887 1508 quinam
938 1433 1327 1503 prohibeantur
1377 1430 1694 1485 criminales
1769 1429 2011 1484 actiones

434 1536 690 1590 adversus
720 1544 835 1594 eos,
877 1523 968 1596 qui
1000 1524 1174 1579 sacris
1205 1523 1489 1577 ordinibus
1522 1522 1721 1575 initiati
1750 1530 1899 1585 sunt,
1928 1520 2015 1575 in-

434 1638 667 1683 tentare.
712 1623 831 1678 Non
861 1618 1093 1676 cessavit
1130 1632 1366 1686 unquam
1402 1615 1658 1670 inimicus
1688 1625 1874 1670 noster
1907 1613 2012 1668 Sa-

436 1732 547 1782 tatt,
575 1718 839 1769 bonorum
870 1710 1146 1765 hominum
1176 1707 1666 1769 existimationem,
1698 1714 1752 1760 et
1777 1704 2015 1759 maxime

438 1811 835 1879 episcoporum,
868 1818 965 1873 per
986 1801 1311 1856 calumniam
1346 1798 1606 1869 polluere.
1639 1796 1705 1852 Et
1729 1805 2016 1867 propterea

438 1899 547 1971 94
565 1891 996 1952 dclinieruntPat
1009 1906 1112 1956 res,
1137 1888 1384 1960 quemvis
1406 1888 1701 1952 hominem,
1722 1889 1835 1942 sive
1865 1888 2019 1941 bona:

439 1992 511 2046 sit
553 1983 1001 2046 existimationis,
1035 1981 1149 2034 sive
1186 1979 1403 2034 infamis
1424 2018 1439 2041 .
1471 1978 1646 2033 ﬁdelis
1673 1988 1728 2033 et
1760 1978 2019 2044 inﬁdelis,

439 2082 699 2152 privatam
758 2076 977 2146 quidem
1031 2088 1274 2136 causam,
1333 2072 1437 2126 hoc
1485 2080 1589 2136 est,
1645 2070 2018 2140 pecuniariam

441 2177 700 2231 adversus
746 2171 1060 2241 episcopum
1109 2168 1398 2221 habentem
1433 2165 1672 2227 admitti,
1703 2173 1758 2219 et
1799 2180 1922 2219 cum
1956 2180 2022 2218 eo

441 2273 489 2323 iu
538 2265 743 2337 judicio
788 2260 1133 2317 convenienti
1182 2259 1415 2329 litigare.
1464 2257 1568 2313 Pro
1618 2271 1784 2312 causa
1841 2266 2021 2311 autem

2108 1064 2218 1117 τῶν
2248 1062 2576 1115 ἐνιστάντων
2618 1057 3005 1127 ἐγκληματικὰ
3035 1055 3367 1124 δικαστήρια
3400 1052 3545 1107 κατὰ
3582 1054 3696 1104 τῶν

2110 1154 2429 1209 ἐπισκόπων
2476 1152 2575 1206 καὶ
2622 1150 2828 1204 λοιπῶν
2874 1147 3231 1218 ἱερωμένων·
3266 1143 3543 1214 ἀνάγνωθι
3595 1146 3693 1198 καὶ

2110 1247 2204 1298 τὸν
2262 1244 2381 1313 ρκθ¹
2430 1243 2637 1296 κανόνα
2688 1240 2787 1311 τῆς
2841 1242 2900 1293 ὲν
2953 1238 3286 1310 Καρθαγένῃ
3336 1238 3559 1290 συνόδου
3596 1240 3694 1291 καὶ

2110 1338 2240 1403 τοὺς
2275 1339 2356 1400 εἰς
2382 1336 2482 1408 τὴν
2505 1335 2808 1406 ἑρμηνείαν
2854 1334 3021 1388 αὑτοῦ
3064 1331 3562 1403 καταστρωθέντας
3596 1331 3688 1384 νό-

2117 1448 2251 1503 μους
2271 1446 2286 1461 ⁸
2326 1431 2421 1484 καὶ
2465 1428 2658 1500 μάθοις
2686 1430 2749 1481 ἐκ
2781 1425 2875 1480 τοῦ
2925 1426 3198 1497 παρόντος
3245 1425 3469 1489 κανόνος
3503 1424 3598 1478 καὶ
3632 1424 3693 1488 ἐξ

2115 1523 2342 1577 ἐκείνων
2367 1521 2513 1584 τίνες
2536 1519 2843 1574 κωλύονται
2880 1516 3182 1589 γυμνάζειν
3207 1518 3349 1570 κατὰ
3375 1516 3695 1586 ἱερωμένων

2116 1616 2535 1686 ἐγκληματικὰς
2570 1614 2816 1683 ἀγωγάς.
2849 1612 2966 1666 Οὐκ
3006 1609 3283 1665 ἐπαύσατό
3313 1627 3447 1663 ποτε
3474 1611 3502 1662 ὁ
3531 1608 3698 1662 πολέ-

2120 1728 2242 1781 μιος
2279 1709 2436 1779 ἡμῶν
2471 1708 2717 1769 Σατανᾶς
2745 1706 2835 1759 διὰ
2890 1705 3259 1777 συκοφαντίας
3303 1703 3548 1773 μολύνων
3597 1704 3699 1765 τὰς

2120 1802 2421 1873 ὑπολήψεις
2455 1801 2564 1854 τῶν
2587 1800 2813 1869 ἀγαθῶν
2842 1797 3171 1870 ἀνθρώπων,
3212 1798 3307 1850 καὶ
3351 1797 3555 1867 μᾶλλον
3585 1797 3689 1850 τῶι

2120 1896 2460 1949 ἐπισκόπων.
2489 1893 2601 1947 Καὶ
2632 1892 2722 1946 διὰ
2759 1890 2919 1945 τοῦτο
2946 1891 3155 1961 ὥρισαν
3179 1890 3231 1943 oi
3254 1891 3498 1959 Πατέρτς
3521 1889 3701 1943 πάντα

2122 1987 2408 2058 ἄνθρωπον
2449 1985 2667 2054 ἔντιμον
2696 1984 2794 2037 καὶ
2818 1984 3036 2053 ἄτιμον,
3070 1983 3263 2035 πιστὸν
3312 1983 3408 2035 καὶ
3441 1982 3698 2042 ἄπιστον.

2126 2080 2404 2150 ίδιωτικὴν
2435 2079 2535 2148 μὲν
2561 2077 2843 2141 ὑπόθεσιν,
2873 2076 3122 2131 τουτέστι
3153 2077 3514 2147 χρηματικὴν
3559 2077 3705 2131 κατά

2126 2173 2428 2227 ἐπισκόπου
2485 2171 2697 2241 ἔχοντα,
2763 2168 3166 2241 προσδέχεσθαι
3220 2169 3316 2222 καὶ
3380 2169 3702 2233 δικάζεσθαι

2129 2264 2281 2335 παρὰ
2313 2264 2390 2334 τῷ
2452 2263 2749 2333 προσφόρῳ
2798 2263 3158 2333 δικαστηρίῳ.
3210 2262 3386 2333 Χάριν
3412 2264 3469 2317 δέ
3503 2265 3704 2336 ἐγκλη-

372 2364 375 2367 ’
441 2354 747 2420 crintinali,
782 2352 867 2407 vel
916 2364 1240 2421 quacunque
1280 2348 1649 2404 ecclesiastica
1698 2348 2014 2418 quaestione,

2141 2359 2367 2429 ματικῆς
2417 2357 2731 2419 ὑποθέσεως
2776 2356 2809 2427 ἢ
2867 2326 3326 2425 ἐκκλησιαστικού
3375 2326 3707 2430 οἰουδητινος

444 2465 559 2520 quae
604 2446 1018 2517 depositionem,
1051 2442 1133 2519 vel
1176 2442 1339 2496 etiam
1379 2455 1595 2511 pinnam
1633 2441 1888 2511 episcopo
1935 2439 2022 2492 in-

445 2543 616 2607 ducit,
656 2520 925 2595 etttnnon
974 2535 1134 2590 aliter
1166 2534 1330 2596 trahi,
1370 2548 1534 2602 quam
1585 2532 1630 2586 si
1684 2531 2024 2586 accusatoris

445 2647 674 2702 persona
738 2630 890 2701 prius
943 2626 1252 2681 exantinata
1303 2622 1490 2679 fuerit.
1540 2620 1829 2677 Haneticis
1878 2620 2024 2675 enim

446 2724 594 2778 nullo
658 2721 817 2775 tnodo
863 2718 1188 2789 permissum
1233 2727 1317 2771 est
1369 2716 1685 2785 episcopum
1740 2727 2023 2767 accusare.

448 2813 693 2885 Separati
724 2820 924 2875 autem,
958 2809 1041 2862 vel
1070 2809 1159 2878 qui
1194 2818 1321 2862 sunt
1347 2809 1512 2861 etiam
1538 2805 2027 2877 quomodocunque

448 2907 594 2975 prius
618 2900 885 2964 accusati,
917 2913 1022 2952 non
1049 2906 1278 2966 possunt
1312 2895 1573 2949 adversus
1601 2894 1913 2962 cpiscOpnm
1946 2891 2028 2945 vel

449 2997 708 3052 clericum
741 2986 1140 3047 accusationem
1166 2988 1470 3052 instituere,
1496 2986 1596 3039 nisi
1623 2986 1770 3055 prius
1796 2983 2025 3052 seipsos,

450 3103 632 3145 eorum
681 3100 801 3155 qua:
834 3084 913 3138 eis
958 3081 1314 3149 objiciuntur,
1365 3078 1608 3133 insontes
1660 3076 2027 3131 ostenderint.

451 3190 528 3242 Ac
570 3186 697 3239 licet
748 3182 815 3237 sit
868 3180 993 3235 talis
1038 3185 1345 3240 accusatur,
1396 3191 1502 3229 non
1551 3171 1874 3240 simpliciter
1931 3183 2032 3224 nec

453 3292 658 3333 temere
685 3274 797 3328 vult
831 3287 1027 3336 canon,
1054 3268 1338 3334 clericum,
1365 3266 1447 3319 vel
1483 3266 1796 3335 episcopum
1832 3261 1975 3317 trahi
2017 3278 2031 3316 :

453 3371 545 3426 sed
592 3384 715 3423 cum
751 3367 896 3421 omni
939 3363 1175 3434 legitima
1212 3360 1620 3422 observatione,
1665 3368 1718 3410 et
1764 3371 1861 3427 per
1891 3355 2036 3411 scri-

454 3474 688 3532 pturam,
738 3458 821 3535 vel
873 3454 1270 3526 depositionem
1329 3450 1684 3515 accusatoris,
1736 3464 1856 3519 qua:
1906 3464 2031 3504 eum

455 3555 626 3608 cidem
679 3566 851 3619 preme
894 3540 1170 3613 sitbjieiat,
1219 3544 1320 3599 nisi
1376 3544 1606 3606 crimen,
1656 3540 1807 3609 cujus
1856 3540 2033 3607 ipsum

2128 2449 2447 2518 ζητήματος
2495 2448 2884 2517 καθαίρεσινῆ
2948 2448 3044 2501 καὶ
3086 2450 3362 2520 ἐπιτίμιον
3406 2452 3711 2518 ἐπάγοντος

2126 2540 2204 2611 τῷ
2254 2538 2540 2608 ἐπισκόπῳ
2603 2538 2679 2609 μὴ
2718 2538 2895 2604 ἄλλως
2950 2540 3141 2594 τοῦτον
3200 2540 3474 2607 ἕλκεσθαι,
3509 2544 3556 2596 εί
3626 2544 3706 2614 μὴ

2128 2630 2396 2701 πρότερον
2450 2629 2711 2700 ἐξετασθῇ
2763 2629 2825 2683 τὸ
2872 2630 3169 2699 πρόσωπον
3225 2633 3319 2686 τοῦ
3372 2634 3710 2704 κατηγόρου.

2130 2724 2256 2787 Τοῖς
2304 2721 2414 2793 γὰρ
2465 2723 2767 2793 αίρετικοίς
2789 2723 2897 2775 οὐδ’
2926 2725 3065 2787 ὅλως
3117 2725 3337 2794 ἐνεδόθη
3382 2729 3714 2797 κατηγορεῖν

2132 2816 2455 2870 ἐπισκόπου.
2507 2816 2569 2868 Οἱ
2615 2814 2670 2867 δὲ
2704 2816 3103 2886 ἀφωρισμένοι,
3142 2816 3175 2887 ἢ
3215 2818 3310 2871 καὶ
3362 2834 3715 2889 προκατηγο-

2135 2909 2392 2978 ρηθέντες
2422 2907 2807 2975 ὁπωσδήποτε,
2836 2910 2894 2962 ού
2927 2909 3191 2963 δύνανται
3234 2911 3379 2964 κατὰ
3410 2910 3712 2964 ἐπισκόπου

2133 3000 2478 3075 ἢκληρικοῦ
2534 3002 2875 3070 κατηγορίαν
2942 3003 3208 3069 εἰσάγειν.
3261 3003 3307 3055 εί
3360 3004 3435 3073 μὴ
3488 3004 3719 3066 ἑαυτοὺς

2134 3093 2435 3149 ἀθικὼσωσι
2475 3096 2574 3163 τῆς
2621 3093 2989 3162 κατηγορίας.
3018 3094 3128 3148 Καὶ
3173 3095 3269 3147 τοῦ
3316 3096 3630 3165 κατηγόρου
3660 3095 3719 3149 δὲ

2133 3186 2382 3241 τοιούτου
2440 3185 2740 3255 δντος,οὑχ
2803 3184 2993 3248 ἁπλῶς
3039 3185 3136 3238 καὶ
3170 3185 3246 3249 ὼς
3305 3186 3465 3256 ἔτυχε
3501 3186 3644 3240 θέλει
3687 3188 3720 3239 ὁ

2137 3278 2318 3333 κανὼν
2344 3279 2435 3333 τὸν
2464 3278 2726 3349 κληρικὸν
2757 3277 2791 3348 ἢ
2824 3277 2916 3331 τὸν
2949 3278 3252 3333 ἐπίσκοπον
3276 3279 3715 3345 ἓλκεσθαι,ἁλλὰ

2141 3372 2278 3443 μετὰ
2307 3369 2487 3441 πάσης
2522 3368 2756 3440 νομικῆς
2787 3358 3255 3440 παρατηρήσεως,
3280 3370 3377 3423 καὶ
3399 3371 3489 3422 διὰ
3510 3371 3719 3441 ἐγγραο

2140 3461 2247 3531 φῆς
2276 3460 2395 3530 ἢτοι
2448 3458 2537 3512 διὰ
2583 3459 2932 3525 καταθέσεως
2979 3459 3073 3513 τού
3112 3460 3424 3532 κατηγόρου
3477 3461 3723 3515 καθυπο-

2145 3530 2445 3620 ϐαλλούσης
2480 3550 2669 3605 τοῦτον
2697 3554 2755 3622 τῇ
2786 3551 3181 3622 ταυτοπαθείᾳ.
3211 3530 3260 3605 εί
3408 3552 3469 3606 τὸ
3493 3530 3739 3620 είσαγόοῖ

456 3644 761 3707 insimulat,
814 3637 1146 3710 probaverit.
1187 3634 1293 3689 Sed
1325 3643 1376 3689 et
1424 3633 1663 3703 episcopi
1708 3633 1822 3687 sive
1851 3630 2035 3687 clerici

2148 3661 2308 3716 μενον
2345 3643 2475 3713 παρ’
2509 3643 2675 3697 αὑτοῦ
2708 3643 2964 3715 ἔγκλημα
2985 3644 3301 3712 ἀποδείξει·
3335 3646 3475 3700 ἀλλά
3506 3647 3598 3699 καὶ
3623 3627 3738 3716 τὴν

458 3736 888 3797 accusationem,
935 3730 1170 3800 primum
1214 3728 1431 3797 quidem
1475 3727 1619 3796 apud
1662 3725 2032 3795 tnctr0polila-

459 3846 585 3885 nunt
618 3827 809 3897 agitari
849 3843 861 3878 :
889 3824 934 3877 si
968 3831 1147 3876 autem
1183 3835 1288 3874 non
1332 3819 1500 3889 possit
1533 3818 1770 3888 regionis
1801 3817 2041 3888 synodus

459 3936 678 3975 causam
731 3917 964 3979 solvere,
1010 3924 1160 3978 tunc,
1218 3912 1413 3980 inquit,
1463 3925 1582 3965 eam
1632 3910 1817 3963 audiet
1869 3908 2043 3979 major

461 4010 724 4081 synodus.
758 4006 894 4061 Eum
936 4014 1117 4057 autem
1148 4001 1237 4070 qui
1278 4010 1476 4071 pra-ter
1510 4000 1625 4054 haec
1670 3999 1823 4063 facit,
1859 4006 1914 4050 et
1957 3998 2043 4050 vel

464 4105 529 4157 ad
566 4104 943 4173 imperatorem
981 4095 1209 4159 accedit,
1242 4093 1328 4147 vel
1374 4093 1441 4147 ad
1489 4092 1767 4148 stecularia
1809 4089 2039 4162 judicia,

462 4198 544 4250 vel
588 4196 652 4247 ad
694 4189 1053 4245 nniversalem
1085 4186 1372 4257 synodum,
1402 4199 1507 4239 non
1548 4198 1668 4239 esse
1708 4184 1774 4237 ad
1820 4190 2046 4237 accusa-

466 4268 665 4342 tionem
693 4281 1106 4344 adntittendum,
1135 4287 1193 4332 ttt
1227 4278 1315 4346 qui
1346 4291 1583 4332 canones
1608 4274 1800 4343 injuria
1829 4273 2048 4339 alliciat,

465 4391 519 4436 et
564 4374 993 4432 ecclesiasticum
1041 4370 1288 4423 ordinem
1326 4376 1623 4436 pervertat.
1657 4366 1905 4420 Privatas
1946 4382 2046 4419 au«

470 4483 576 4525 tem
613 4464 912 4535 nominavit
940 4474 1112 4516 canon
1145 4459 1490 4528 pecuniarias
1520 4470 1733 4519 causas,
1763 4455 1829 4509 ad
1860 4456 2049 4510 erimi-

472 4562 674 4618 naliunt
706 4543 1088 4616 dilferentiam,
1121 4564 1241 4619 quae
1267 4548 1484 4618 quidem
1510 4546 1740 4617 publica:
1772 4546 2049 4610 dicuntur,

477 4665 534 4709 nt
561 4668 679 4722 quae
710 4652 774 4704 ab
798 4647 1069 4710 omnibus,
1093 4644 1181 4715 qui
1206 4652 1332 4698 sunt
1355 4658 1417 4696 ex
1445 4642 1666 4713 populo,
1694 4651 2049 4696 moveantur:

477 4746 617 4818 quod
650 4758 756 4797 non
805 4749 891 4794 cst
931 4738 984 4791 itt
1033 4734 1211 4789 causis
1244 4733 1594 4804 pecuniariis.
1648 4732 1693 4788 Is
1726 4734 1867 4788 enim
1910 4733 2055 4789 solus

478 4857 571 4895 eas
598 4843 801 4900 movet,
840 4829 995 4898 cujus
1031 4830 1274 4882 interest.
1308 4824 1444 4880 Cum
1492 4836 1674 4881 autem
1722 4826 1877 4881 audis
1920 4842 2057 4896 prae-

2146 3735 2489 3804 κατηγορὶαν
2532 3733 2625 3787 τοῦ
2656 3734 2961 3787 ἐπισκόπου
2994 3735 3026 3803 ἢ
3060 3734 3154 3787 τοῦ
3204 3734 3468 3806 κληρικοῦ
3504 3736 3739 3807 πρῶτον,

2147 3826 2302 3897 παρὰ
2351 3825 2430 3895 τῷ
2481 3825 2858 3896 μητροπολίτῃ
2888 3825 3138 3893 γίνεσθαι
3165 3842 3180 3858 ·
3216 3828 3266 3880 εἰ
3308 3827 3365 3879 δὲ
3407 3827 3468 3879 ού
3516 3814 3739 3899 δυνηθῇ

2146 3921 2179 3989 ἡ
2220 3917 2492 3989 ἐγχώριος
2535 3918 2755 3980 σύνοδος
2784 3916 2946 3972 λῦσαι
2984 3917 3084 3987 τὴν
3117 3918 3395 3981 ὑπόθεσιν,
3428 3919 3575 3981 τότε,
3619 3924 3743 4001 φηῆ

2151 4012 2273 4077 σίν,
2314 4010 2648 4087 ἀκροάσεται
2690 4009 2898 4080 ταύτης
2948 4011 3154 4079 μείζων
3214 4009 3457 4074 σύνοδος.
3523 4013 3626 4066 Τὸν
3670 4012 3730 4066 δὲ

2150 4103 2303 4175 παρὰ
2330 4102 2501 4156 ταῦτα
2529 4101 2813 4167 ποιοῦντα,
2840 4103 2934 4157 καὶ
2951 4102 2996 4172 ,ἢ
3025 4101 3241 4172 βασιλεί
3268 4091 3740 4174 προσερχόμενον,¹

2155 4196 2191 4265 ἧ
2214 4196 2502 4263 κοσμικοῐς
2547 4194 2831 4263 ἄρχουσιν,
2867 4192 2900 4263 ἢ
2935 4195 3295 4265 οίκουμενικῇ
3332 4195 3555 4262 συνόδῳ,
3583 4184 3739 4287 ἀπα-ἰ

2158 4288 2415 4360 ράδεκτον
2466 4288 2546 4350 είς
2603 4286 2941 4357 κατηγορίαν
2971 4281 3135 4349 εἶναι,
3177 4287 3254 4349 ῶς
3299 4286 3565 4358 ὑϐριστὴν
3619 4288 3732 4341 τῶν

2158 4379 2400 4433 κανόνων
2430 4378 2525 4431 καὶ
2548 4378 2647 4447 τῆς
2671 4378 3141 4448 ἐκκλησιαστικῆς
3162 4379 3422 4445 εὐταξίας
3447 4379 3732 4450 λυμεῶνα.

2172 4468 2473 4531 Ἰδιωτικὰς
2511 4468 2568 4522 δὲ
2592 4467 2892 4539 ,ὠνόμασεν
2934 4471 2963 4523 ὁ
3011 4468 3193 4522 κανὼν
3228 4471 3330 4534 τὰς
3381 4474 3739 4541 χρηματικὰς

2166 4560 2452 4626 ὑποθέσεις
2496 4560 2634 4630 πρὸς
2683 4560 3091 4632 ἁντιδιαστολὴν
3140 4562 3250 4615 τῶν
3284 4546 3745 4633 ἐγκληματικῶν,¹

2165 4652 2371 4713 αἵτινες
2431 4650 2686 4721 δημόσιαι
2743 4651 3017 4720 λέγονται,
3068 4651 3144 4714 ῶς
3205 4655 3526 4721 κινούμεναι
3588 4648 3746 4724 παρα

2165 4745 2367 4808 παντὸς
2399 4744 2511 4797 τῶν
2554 4744 2648 4796 τοῦ
2685 4744 2884 4813 δήμου,
2912 4744 3049 4814 ὅπερ
3094 4745 3191 4798 ἐπὶ
3233 4744 3343 4797 τῶν
3374 4738 3739 4815 χρηματικῶν

2164 4833 2398 4901 ἀγωγῶν
2451 4835 2551 4889 οὑκ
2602 4833 2741 4887 ἐστι.
2774 4834 2952 4897 Μόνος
2992 4833 3103 4904 γὰρ
3139 4835 3168 4888 ό
3194 4834 3336 4904 ἔχων
3389 4834 3451 4888 τὸ
3480 4815 3742 4908 διαφέρον

1697 4966 1900 5029 Guill.
1935 4969 2276 5049 Beveregii
2306 4977 2502 5033 notas.

466 5095 544 5159 'Et
574 5120 635 5157 ex
673 5100 911 5173 Epistula
948 5097 1160 5151 Damasi
1211 5095 1385 5173 Papm_
1428 5095 1491 5173 ad
1543 5095 1902 5173 Stephanum,
1957 5097 2059 5154 Ca-
2096 5107 2141 5163 Ι)
2169 5101 2287 5173 quis
2323 5102 2521 5155 crimen
2566 5102 2814 5165 intendit,
2871 5118 2974 5156 non
3019 5103 3332 5173 impunitam
3370 5102 3487 5171 fore
3539 5102 3744 5173 noverit

486 5166 796 5234 lumniator,
823 5173 867 5225 si
898 5172 950 5222 in
987 5168 1322 5221 accusatione
1352 5166 1621 5236 defecerit,
1689 5169 1939 5223 talionem
1978 5187 2063 5224 re—

488 5245 672 5311 cipiat,
705 5243 834 5295 ibid.
866 5239 1079 5311 cap.__‘2,
1105 5239 1196 5311 sed
1227 5238 1390 5311 verba
1436 5238 1549 5305 ipsa
1604 5238 1820 5292 Damasi
1854 5240 2065 5308 plenius

490 5307 569 5368 sic
603 5307 946 5373 referuntur,
970 5307 1113 5363 Nam
1142 5309 1418 5373 inscriptio
1441 5311 1609 5377 primo
1635 5325 1838 5378 semper
1869 5312 1987 5378 ﬁat,
2012 5320 2067 5363 ut

491 5386 739 5437 talionem
798 5379 1446 5449 calumniatorrecipiat,
1506 5381 1628 5449 quia
1690 5390 1822 5432 ante
1879 5381 2070 5433 inacti-

491 5458 725 5522 ptionem
762 5466 908 5522 nemo
952 5449 1110 5522 debet,
1148 5447 1392 5522 judicari
1442 5447 1525 5503 vel
1559 5452 1829 5522 damnari
1859 5466 1982 5522 cum
2016 5460 2063 5522 et

496 5519 677 5577 mnu
711 5521 846 5591 leges
876 5519 985 5571 Ita'c
1016 5521 1196 5591 eadem
1229 5521 1507 5591 retineant.
1559 5519 1793 5591 lbid._c.
1844 5521 1897 5583 4.,
1935 5537 1990 5587 ιι,
2015 5519 2070 5583 4,

496 5613 544 5647 e.
574 5595 628 5645 ‘2.
669 5589 1075 5643 ||:t:cltahentur
1105 5589 1155 5641 in
1188 5600 1378 5655 quarta
1438 5589 1653 5659 Damasi
1696 5589 1935 5659 Epistola
1991 5593 2057 5642 ad

500 5662 833 5729 stygplmnum
895 5660 1362 5729 archiepiscopum
1418 5675 1539 5729 cap.
1593 5657 1648 5713 7.
1701 5657 1841 5728 Lege
1896 5659 2060 5713 etiam

498 5726 639 5792 amr.
668 5730 935 5785 l'lonorius
965 5739 1017 5781 et
1048 5726 1388 5785 Theodosius
1417 5726 1501 5784 sic
1522 5726 1855 5797 statuerunt,
1906 5729 2063 5793 Quis-

2168 5170 2440 5225 licentiam
2498 5173 2807 5238 mentiendi,
2858 5190 2975 5226 cum
3028 5170 3419 5228 calumniantes
3460 5173 3527 5224 ad
3576 5171 3747 5225 vituli-4

2165 5251 2307 5293 ctam
2334 5252 2513 5304 poscat
2547 5243 2841 5296 similitudo
2886 5244 3135 5312 supplicii
3159 5245 3196 5297 l.
3232 5260 3283 5309 ιι,
3313 5258 3364 5298 c.
3407 5242 3486 5296 De
3537 5242 3743 5312 calum;

2166 5314 2486 5365 niatoribus.
2524 5313 2778 5377 Basilica,
2806 5316 2834 5366 ὁ
2865 5314 3153 5383 γινόμενος
3178 5313 3448 5382 προδότης
3477 5312 3575 5379 τῆς
3606 5311 3743 5383 ιδίας

2172 5383 2509 5454 κατηγορίας
2550 5385 2644 5454 ἐπὶ
2677 5384 2944 5454 ποιναλίῳ
2978 5381 3312 5452 ἐγκλήματι,
3346 5384 3446 5454 τὴν
3471 5381 3763 5454 τιμωρίαν.

2181 5451 2517 5523 ὑφίσταται,
2569 5453 2637 5522 ἥν
2678 5454 2706 5504 ὁ
2732 5451 3077 5523 ίέναγόμενος
3120 5451 3358 5523 ἤμελλεν
3403 5451 3751 5523 ὑποστῆναι.-

2173 5520 2337 5591 Basil.
2373 5522 2409 5575 Ι.
2450 5537 2538 5586 1.x,
2569 5519 2651 5576 tit.
2678 5522 2770 5589 96,
2807 5519 2941 5578 0.6.
2986 5522 3115 5577 Vide
3142 5519 3307 5578 etiam
3340 5523 3583 5591 Dionysii
3641 5519 3756 5573 (ἱυδ

2174 5590 2406 5646 ιιιυίιοιιί
2440 5606 2593 5647 notas
2616 5595 2667 5648 in
2694 5595 2730 5648 Ι.
2766 5610 2859 5661 vtt,
2889 5594 2946 5648 ll‘.
2993 5593 3065 5651 De
3099 5590 3530 5648 accnmtionibus
3575 5602 3623 5647 et
3669 5591 3755 5642 iu-

2173 5662 2567 5730 scriptionibus.
