4108 6200
341 301 451 357 337

1502 301 1585 361 IN
1616 299 1785 363 CAN.
1826 298 1906 362 VI
1942 296 2150 361 CONC.
2180 300 2289 361 (ΖΡ.
2345 301 2422 361 lI.

3489 300 3595 363 3Ὶῆ

341 408 556 471 ταύτας
620 410 777 462 κινεῖ.
829 410 1069 465 Ἀκούων
1126 412 1183 466 δὲ
1232 412 1327 469 τοῦ
1387 416 1655 487 παρόντος
1699 412 1922 473 κανόνος

2034 423 2238 469 sentem
2282 410 2571 481 eanonem,
2613 414 2907 479 dicentem,
2954 413 3245 469 haereticos
3283 413 3444 469 etiam
3480 428 3597 475 eos,

347 500 607 566 λέγοντος
659 503 977 572 αἱρετικοῦς
1035 506 1129 559 καὶ
1180 506 1308 570 τοὺς
1354 508 1452 579 τὴν
1480 508 1667 560 πίστιν
1698 506 1795 576 μὲν
1826 504 1925 574 τὴν

351 593 486 662 ὑγιῆ
524 597 1032 666 προσποιουμένους
1076 599 1381 669 ὁμολογεῖν,
1429 601 1837 669 ἀποσχίσαντας
1868 598 1926 651 δὲ

351 687 451 739 καὶ
507 689 1044 755 ἀντισυναγαγόντας
1089 693 1199 753 τοῖς
1253 695 1558 755 κανονικοτς
1612 692 1768 762 ἡμῶν
1807 693 1927 743 ἐπι-

351 773 600 837 σκόποις,
644 775 721 844 μὴ
754 778 1082 847 ἐναντιωθῇς
1118 778 1197 847 τῷ
1235 780 1279 849 β’
1312 780 1497 833 κανόνι
1548 778 1642 833 τοῦ
1693 778 1927 849 μεγάλου

352 865 644 919 Βασιλεξου
697 868 772 937 μὴ
816 868 1138 938 ὀνομάζοντι
1172 873 1487 943 αἱρετικοὺς
1519 873 1648 933 τοὺς
1696 888 1929 942 σχισμα-

348 960 563 1022 τικούς.
609 960 752 1014 Ἀλλ’
793 962 915 1014 εἰπὲ
948 963 1190 1027 ὶκείνους
1220 967 1347 1029 τοὺς
1371 965 1766 1035 σχισματικοὺς
1806 964 1928 1015 ὀνο-

349 1051 632 1120 μάζεσθαι
690 1052 795 1105 ὑπὸ
845 1054 941 1107 τοῦ
1000 1056 1274 1125 παρόντος
1332 1056 1558 1119 κανόνος
1615 1055 1925 1125 αίρετικοῦς

345 1144 479 1205 τοὺς
537 1144 1019 1213 ἀλλοτριόφρονας.
1049 1149 1146 1201 καὶ
1197 1148 1339 1202 κατά
1394 1148 1764 1218 προσποίησιν
1829 1147 1929 1216 μὲν

343 1236 791 1307 όρθοδοξοῦντας,
818 1240 959 1291 κατά
990 1239 1255 1309 ἀλήθειαν
1288 1242 1345 1294 δὲ
1380 1241 1542 1301 ὄντας
1575 1239 1887 1308 αἱρετικούς
1911 1256 1924 1270 ⁸

349 1329 445 1381 τὸν
491 1330 549 1381 δὲ
582 1328 786 1382 κανόνα
836 1329 933 1383 τοῦ
981 1332 1141 1399 ἀγίου
1201 1333 1488 1387 Βασιλείου
1542 1335 1671 1401 περὶ
1721 1331 1930 1400 ἑτέρων

349 1422 738 1490 σχισμιατικῶν
782 1422 1079 1488 διδάσκειν,
1126 1425 1236 1479 τῶν
1267 1426 1437 1480 ὄντων
1475 1427 1574 1496 μὲν
1625 1424 1966 1495 ὀρθοδόξων-

350 1514 420 1581 τῇ
452 1512 701 1585 ἀληθείᾳ,
726 1515 815 1567 διά
858 1515 916 1569 δέ
963 1534 1081 1570 τινα
1130 1518 1409 1588 πρόφασιν
1458 1516 1930 1589 ὲκκλησιαστικοῢ

350 1603 671 1674 ζητήματος
713 1607 1127 1677 ἀποσχισάντων
1157 1610 1390 1673 ἑαυτοὺς
1424 1611 1567 1664 κατά
1608 1610 1931 1675 ἀλαζονείαν

352 1696 464 1749 ἀπὸ
502 1697 603 1764 τῆς
633 1696 889 1768 ὁλότητος
916 1699 1027 1752 τῶν
1054 1700 1302 1768 ἀδελφῶν
1321 1716 1337 1733 ο
1387 1703 1483 1755 καὶ
1529 1702 1805 1771 ἀνάγνωθι
1837 1704 1931 1756 τὸν

352 1788 592 1855 ρηθέντα
617 1790 818 1843 κανόνα
844 1790 939 1843 τοῦ
970 1792 1131 1859 ἀγίου
1158 1793 1393 1863 Πατρός.
1436 1796 1572 1849 Ἀπὸ
1611 1796 1800 1866 μέντοι
1832 1797 1930 1849 τοῦ

353 1878 671 1933 τελευταίου
707 1881 873 1951 ῥητοῦ
899 1882 994 1935 τοῦ
1025 1884 1297 1954 παρόντος
1327 1886 1581 1949 κανόνος,
1610 1887 1706 1941 τοῦ
1739 1888 1932 1955 λέγον-

352 1988 447 2035 τος
476 1973 859 2043 ἀπαράδεκτον
884 1976 965 2037 εις
996 1977 1335 2045 κατηγορίαν
1367 1972 1508 2033 εἶναι
1533 1979 1627 2032 τὸν
1658 1981 1811 2050 παρὰ
1840 1980 1933 2033 τὸν

352 2065 559 2117 κανόνα
606 2064 886 2130 ποιοῦντα,
914 2065 989 2125 ὡς
1042 2066 1307 2137 ὑϐριστὴν
1333 2069 1443 2122 τῶν
1505 2071 1772 2137 κανόνων,
1807 2073 1933 2124 ἐπει

349 2156 622 2225 χείρησαν
652 2158 828 2210 είπεῖν
868 2175 1017 2221 τινες
1059 2159 1155 2210 καὶ
1207 2160 1404 2231 ἀτιμίᾳ
1453 2160 1643 2214 τοῦτον
1689 2163 1932 2216 καθυπο-

352 2247 666 2302 Βάλλεσθαι.
712 2249 867 2318 Ἐμοὶ
901 2250 957 2303 δὲ
998 2250 1149 2303 δοκεῖ
1178 2252 1288 2305 ἀπὸ
1334 2252 1528 2306 τούτου
1568 2255 1643 2325 μὴ
1675 2255 1933 2322 γενέσθαι

352 2340 446 2390 τὸν
465 2338 640 2401 οὕτως
686 2340 1044 2405 ἀσυντάκτως
1074 2344 1417 2411 ὲναγαγόντα
1466 2346 1655 2415 ἔνοχον
1699 2349 1765 2417 τῇ
1801 2350 1934 2417 περὶ

352 2430 570 2502 ὕϐρεως
608 2431 827 2501 ἀγωγῇ,
856 2432 1000 2485 ὥστε
1053 2434 1402 2507 ἀτιμωθῆναι
1431 2452 1447 2468 ’
1488 2439 1583 2491 καὶ
1619 2439 1935 2503 ἀκολούθως

316 2582 325 2587 η
351 2521 777 2591 καθαιρεθῆναι,
806 2524 896 2577 διὰ
916 2524 1006 2578 τὸν
1033 2527 1233 2579 κανόνα
1255 2528 1347 2581 τὸν
1363 2527 1593 2597 λέγοντα
1617 2547 1632 2561 ·
1666 2531 1741 2583 Τὸ
1756 2547 1936 2599 φανε-

355 2613 453 2681 ρδν
513 2612 771 2681 βλάπτει,
804 2613 866 2666 τὸ
928 2615 1381 2685 ἑκτιτυπωμένον
1421 2618 1483 2671 ού
1520 2618 1751 2687 βλάπτει
1781 2622 1931 2691 (78)·

348 2706 531 2767 ἄλλως
561 2704 618 2758 δέ
654 2724 770 2767 πως
822 2708 1272 2777 τιμωρηθήσεται
1329 2709 1471 2763 κατά
1518 2710 1581 2763 τδ
1611 2712 1810 2765 δοκοῦν
1859 2712 1936 2782 τῷ

345 2796 656 2859 δικάζοντι.
692 2797 1027 2851 Ἐπισκόπου
1072 2798 1129 2851 δέ
1185 2816 1331 2860 τινος
1378 2799 1734 2864 ἐλκυσθέντος
1777 2802 1936 2873 χάριν

352 2889 781 2959 ἔγκληματικῆς
807 2890 1119 2954 ὑποθέσεως
1158 2892 1240 2955 είς
1268 2891 1368 2963 τὴν
1399 2895 1458 2947 ἐν
1490 2895 1937 2963 Κωνσταντινου-

356 2981 514 3037 πόλει
560 2982 723 3049 ἀγίαν
777 2981 1018 3046 σύνοδον,
1067 2985 1162 3057 καὶ
1196 2984 1564 3055 ’ζητήσαντος
1621 2986 1722 3057 τὴν
1751 2988 1936 3057 κρίσιν

2027 508 2117 573 qui
2146 522 2329 561 sanam
2361 508 2517 562 [idem
2552 507 2800 562 cenliteri
2832 521 2941 576 prae
2967 521 3028 560 se
3055 506 3255 569 ferunt,
3282 514 3597 573 separantes

2027 608 2207 651 autem
2260 614 2339 660 se,
2396 602 2657 652 adversus
2709 597 3003 652 canonicos
3052 606 3265 651 nostros
3312 596 3598 665 episcopos

2028 690 2499 759 congregationem
2531 689 2753 752 faciunt,
2795 702 2859 742 ne
2888 703 3124 758 pugnare
3155 687 3439 741 existimes
3475 701 3596 740 cum

2027 785 2086 837 ‘2.
2134 798 2343 836 canone
2382 782 2556 851 magni
2592 781 2795 847 Basilii,
2829 798 2932 835 non
2966 768 3278 835 nominante
3314 780 3601 833 htcreticos

2029 873 2429 928 schismatiros.
2463 872 2568 926 Sed
2599 873 2685 926 die
2715 872 2837 926 illos
2870 870 3249 925 schismaticos
3285 854 3312 921 a
3346 856 3599 937 praesenti

2020 966 2239 1036 ‘ca'noue
2275 965 2559 1020 haereticos
2600 954 3009 1034 appellari,qui
3043 963 3217 1017 aliena
3255 964 3517 1024 sentiunt,
3548 970 3605 1015 et

1978 1084 1983 1089 -
2029 1057 2376 1111 simulatione
2406 1057 2619 1125 quidem
2656 1072 2719 1111 ac
2752 1058 2932 1122 specie
2966 1064 3091 1110 sunt
3124 1054 3438 1118 orthodoxi,
3476 1063 3605 1106 sunt

2029 1159 2207 1206 autem
2242 1164 2429 1204 revera
2472 1150 2709 1205 haeretici
2746 1165 2761 1204 :
2797 1151 2969 1203 sancti
3007 1160 3185 1202 autem
3221 1147 3405 1201 Basilii
3437 1162 3603 1200 cano-

2030 1259 2154 1297 netn
2201 1244 2265 1297 de
2300 1243 2425 1297 aliis
2471 1243 2832 1298 schismaticis
2867 1246 3083 1305 docere,
3108 1240 3212 1310 'qni
3260 1250 3383 1294 sunt
3414 1253 3601 1292 revera

2031 1338 2247 1406 quidem
2266 1336 2576 1398 orthodoxi,
2601 1338 2694 1390 sed
2721 1345 2940 1403 propter
2960 1322 3195 1399 aliquem
3221 1332 3604 1387 ecclesiastica:

2031 1432 2346 1501 qntestionis
2390 1439 2729 1500 prtetextnm,
2784 1442 2842 1481 se
2884 1445 2978 1497 per
3021 1427 3388 1493 arrogantiam
3422 1441 3448 1478 a
3496 1424 3606 1478 fra-

2034 1533 2174 1577 trum
2204 1523 2513 1587 integritate
2541 1520 2895 1574 absciderunt
2933 1538 2947 1574 :
2978 1529 3033 1574 et
3065 1520 3177 1587 lege
3205 1518 3404 1571 dictum
3440 1531 3606 1569 cano-

2033 1630 2155 1669 nem
2188 1614 2361 1668 sancti
2396 1604 2591 1666 Patris.
2625 1610 2700 1665 Ex
2730 1611 2917 1663 ultimo
2941 1620 3118 1663 autem
3156 1612 3298 1663 dicto
3326 1609 3606 1679 praesentis

1963 1743 2007 1802 Β
2034 1706 2281 1769 canonis,
2314 1706 2562 1772 dicentis,
2595 1704 2658 1757 ad
2690 1704 3086 1760 accusationem
3122 1718 3225 1758 nou
3258 1718 3377 1757 esse
3412 1703 3609 1757 admit—

2035 1800 2278 1862 tendum,
2325 1799 2414 1867 qui
2463 1806 2656 1866 prader
2692 1810 2950 1849 canonem
3000 1795 3150 1857 facit,
3201 1805 3259 1848 ιιι
3301 1795 3391 1861 qui
3445 1794 3515 1847 sit
3552 1794 3605 1846 in

2035 1901 2271 1941 canones
2297 1886 2741 1944 contumeliosus,
2770 1886 2947 1937 conati
2981 1894 3106 1937 sunt
3132 1884 3376 1937 nonnulli
3407 1883 3606 1948 dicere,

2032 1990 2155 2030 enm
2177 1977 2340 2030 etiam
2371 1974 2609 2029 infamia!
2637 1973 2858 2042 subjici.
2894 1962 3019 2026 Mihi
3052 1982 3230 2026 autem
3259 1972 3474 2025 videtur
3502 1986 3608 2024 non

2034 2080 2099 2119 ex
2132 2080 2217 2129 eo,
2243 2064 2417 2129 illum,
2437 2064 2693 2131 quiadeo
2725 2061 3030 2115 inordinate
3061 2062 3328 2114 actionem
3355 2059 3608 2122 intendit,

2034 2156 2360 2226 injuriarum’
2386 2156 2600 2210 actione
2629 2156 2821 2217 teneri,
2860 2164 2915 2208 ttt
2943 2154 3014 2208 sit
3033 2152 3267 2210 .infamis
3292 2169 3306 2217 ;
3333 2163 3386 2205 et
3417 2166 3610 2206 conseo

2000 2256 2268 2315 -quenter
2317 2247 2663 2315 deponatur,
2717 2255 2934 2315 prepter
2984 2244 3243 2314 Regulam
3289 2258 3409 2312 qum
3457 2243 3609 2306 dicit,

2036 2338 2300 2408 Expressa
2335 2348 2530 2393 nocent
2559 2356 2572 2392 :
2601 2354 2704 2391 non
2743 2351 2998 2405 expressa
3032 2351 3137 2388 non
3166 2342 3382 2388 nocent.
3415 2334 3613 2401 Aliquo

2037 2441 2217 2485 autem
2267 2432 2377 2485 alio
2417 2430 2576 2484 modo
2612 2430 2862 2498 punietur
2896 2436 3057 2494 prout
3095 2426 3261 2495 jndici
3314 2414 3607 2481 videbitur.

2037 2522 2171 2576 Cum
2203 2532 2384 2577 autem
2419 2522 2703 2591 cpiscopus
2726 2520 2923 2589 aliquis
2946 2534 3043 2587 pro
3066 2517 3331 2572 criminali
3355 2532 3516 2570 causa
3555 2517 3609 2568 in

2036 2624 2282 2670 sanctam
2353 2611 3005 2678 Coustantinopolitauam
3046 2602 3339 2680 synodum
3406 2617 3613 2662 tractus

2036 2714 2203 2768 esset,
2231 2715 2285 2759 et
2311 2704 2590 2772 petivisset
2612 2711 2672 2757 ut
2690 2700 2721 2755 ὀ
2749 2715 2847 2757 suo
2873 2701 3289 2771 metropolitano
3313 2709 3365 2753 et
3396 2700 3614 2769 propria

2010 2797 2242 2867 synodo
2295 2795 2652 2865 judicaretur,
2707 2805 2763 2846 nt
2818 2794 2929 2846 vult
2984 2793 3070 2846 hic
3125 2806 3360 2861 prmsens
3413 2806 3611 2857 canon,

2036 2889 2293 2943 dixerunt
2347 2886 2611 2953 nonnulli,
2659 2887 2801 2955 quod
2851 2885 3105 2952 quoniam
3164 2884 3613 2953 metr0poiitanus

2036 2994 2277 3051 praesens
2297 2980 2410 3034 vult
2436 2994 2589 3035 sntnn
2614 2980 2927 3047 episcOpnm
2960 2991 2989 3031 a
3020 2991 3211 3045 magna
3241 2977 3445 3047 synodo
3469 2975 3615 3041 judi-

357 3073 449 3128 τοῦ
514 3071 915 3142 μητροπολίτου
970 3072 1139 3127 αὐτοῦ
1186 3075 1254 3128 ὲκ
1302 3078 1404 3145 τῆς
1450 3076 1661 3140 οἰκείας
1716 3076 1935 3131 συνόδου

2043 3071 2179 3136 cari,
2234 3071 2370 3139 apud
2416 3085 2535 3123 eam
2589 3078 2735 3123 recte
2775 3067 3125 3137 indicabitur.
3181 3066 3381 3122 Contra
3435 3076 3613 3121 autem

353 3166 504 3220 κατὰ
536 3166 631 3218 τὸν
662 3165 908 3237 παρόντα
953 3166 1180 3231 κανόνα,
1217 3161 1371 3222 εἶπόν
1408 3185 1552 3231 τινες
1588 3168 1689 3232 ὡς,
1726 3170 1878 3222 Ἐπεὶ
1907 3174 1936 3225 6

356 3258 768 3329 μητροπολίτης
824 3259 1217 3328 παῳυσιάζων
1283 3259 1426 3313 θέλει
1490 3260 1582 3313 τὸν
1632 3261 1936 3316 ἐπίσκοπον

356 3349 526 3404 αὑτοῦ
573 3349 726 3415 παρά
778 3351 844 3419 τῇ
896 3349 1110 3421 μεγάλῃ
1166 3350 1373 3421 συνόδῳ
1423 3352 1705 3422 κριθῆναι,
1754 3353 1937 3417 καλῶς

355 3443 511 3511 παρά
567 3442 741 3510 ταύτῃ
798 3440 1145 3511 κριθήσεται.
1190 3443 1503 3497 ’Δντέθεντο
1533 3444 1581 3496 δ’
1626 3444 1805 3515 ἕτεροι
1857 3446 1933 3517 μὴ

358 3531 572 3586 κεῖσθαι
628 3532 728 3601 τὴν
767 3531 950 3599 κρίσιν
1005 3531 1200 3585 τούτου
1263 3533 1413 3602 παρά
1450 3536 1517 3605 τῇ
1572 3533 1794 3604 ἐξουσίᾳ
1831 3536 1929 3589 τοῦ

357 3622 788 3693 μητροπολίτου,
824 3621 963 3676 ἀλλά
1002 3624 1068 3694 τῇ
1116 3625 1237 3677 κατ’
1277 3625 1442 3679 αὐτὸν
1486 3627 1713 3696 συνόδῳ.
1752 3629 1939 3699 Ἐχειν

358 3714 417 3769 δὲ
453 3716 549 3767 καὶ
586 3716 730 3783 μέγα
752 3715 1009 3785 διαφέρον
1038 3716 1131 3767 τὸν
1166 3716 1468 3771 ἐπίσκοπον
1490 3721 1570 3782 είς
1602 3722 1703 3790 τὴν
1727 3720 1937 3775 οἰκείαν

358 3806 678 3871 δικάζεσθαι
740 3806 976 3871 σύνοδον,
1014 3808 1107 3860 καὶ
1146 3808 1221 3878 μὴ
1268 3809 1560 3864 ἑλκύεσθαι
1614 3813 1697 3875 είς
1744 3813 1940 3884 ἑτέραν

359 3899 606 3964 σύνοδον,
639 3899 735 3952 καὶ
776 3899 866 3952 διὰ
902 3899 1063 3952 τοῦτο
1096 3900 1233 3969 μηδὲ
1269 3900 1455 3972 χώραν
1497 3902 1644 3973 ἔχειν
1695 3904 1796 3975 τὴν
1844 3907 1938 3959 τού

356 3992 766 4063 μητροπολίτου
816 3992 1148 4062 καταδοχήν.
1210 3994 1329 4046 Ἔτ’
1386 3991 1542 4048 εἶπόν
1608 4014 1757 4061 τινες
1810 4002 1942 4069 περὶ

354 4084 751 4153 οἰκουμενικῆς
797 4083 1016 4137 συνόδου
1063 4085 1157 4137 τὸν
1182 4086 1384 4139 κανόνα
1418 4087 1767 4155 διαλέγεσθαι
1792 4106 1808 4123 ⁸
1841 4092 1943 4160 τὴν

355 4177 415 4230 δὲ
444 4179 503 4231 ὲν
535 4174 1114 4230 Κωνσταντινουπόλει
1148 4175 1394 4245 μεγάλην
1439 4176 1662 4232 σύνοδον
1688 4178 1764 4250 μὴ
1797 4174 1939 4233 εἶναι

356 4268 753 4337 οἰκουμενικήν
775 4281 791 4296 ο
835 4266 932 4318 καὶ
956 4267 1045 4319 διὰ
1072 4265 1233 4321 τοῦτο
1266 4268 1401 4338 μηδὲ
1435 4268 1624 4341 χώραν
1669 4270 1815 4342 ἔχειν
1846 4272 1942 4326 ὲπὶ

356 4362 425 4430 τῇ
488 4358 745 4428 παρούσῃ
801 4358 1084 4414 ὑποθέσει.
1130 4359 1285 4429 Ἐμοὶ
1341 4360 1399 4413 δὲ
1453 4362 1605 4415 δοκεί
1645 4363 1730 4416 ὅτι
1790 4364 1822 4433 ἡ
1880 4364 1940 4417 ἐν

2043 3170 2297 3224 dixerunt
2328 3167 2593 3230 nonnulli,
2622 3183 2728 3221 non
2764 3181 2883 3221 esse
2913 3168 3075 3221 situm
3115 3166 3231 3234 ejus
3259 3164 3523 3235 judicium
3560 3164 3613 3217 in

2044 3270 2312 3333 potestate
2356 3260 2777 3329 metropolitani,
2813 3260 2905 3314 sed
2955 3260 3142 3330 synodi
3189 3274 3309 3328 quae
3355 3266 3437 3312 est
3474 3256 3629 3325 apud.

2044 3357 2241 3425 ipsum.
2270 3353 2494 3407 Multum
2526 3353 2687 3406 etiam
2719 3352 2953 3422 episcopi
2999 3352 3280 3415 interesse,
3312 3359 3372 3404 nt
3402 3350 3453 3402 in
3484 3363 3619 3417 pro-

2043 3448 2160 3517 pria
2204 3445 2411 3516 synodo
2457 3444 2749 3514 iudicetur,
2786 3452 2837 3496 et
2882 3443 2947 3496 ad
2994 3442 3155 3495 aliam
3200 3440 3466 3508 synodum
3502 3453 3627 3492 non-

2049 3539 2313 3592 trahatnr.
2351 3536 2417 3589 Et
2450 3545 2730 3605 propterea
2776 3549 2875 3589 nec
2913 3534 3088 3588 locum
3135 3534 3351 3602 quidem
3395 3530 3613 3593 habere,

2048 3628 2445 3698 metropolitani
2471 3626 2873 3681 admissionetn.
2906 3627 3170 3681 Prteterea
3204 3626 3456 3680 dixerunt
3483 3639 3619 3676 nuu-

2049 3721 2175 3776 nulli
2206 3736 2467 3776 canonem
2507 3719 2651 3788 loqui
2684 3718 2751 3775 de
2782 3721 3069 3773 universali
3108 3720 3334 3790 synodo,
3366 3731 3617 3788 magnam

2049 3822 2229 3867 autem
2263 3813 2549 3884 synodum,
2577 3826 2696 3880 quae
2732 3822 2814 3866 est
2843 3811 3328 3879 Constantinopoli,
3369 3826 3472 3863 non
3501 3824 3619 3864 esse

2050 3904 2452 3959 universalem:
2491 3888 2855 3973 etprOptcrea
2888 3918 2986 3956 nec
3013 3903 3182 3956 locum
3216 3902 3414 3955 habere
3438 3901 3489 3954 in
3517 3900 3619 3954 hac

2048 4009 2236 4050 causa.
2276 3994 2403 4047 Mihi
2442 4003 2620 4057 autem
2661 3994 2893 4059 videtur,
2933 3994 3076 4062 quod
3111 3993 3322 4046 etiamsi
3354 3991 3616 4060 synodus,

2049 4101 2167 4155 qua
2197 4094 2278 4139 est
2305 4084 2489 4139 habita
2518 4082 3013 4153 Constantinopoli,
3045 4098 3148 4136 non
3183 4091 3264 4135 est
3297 4079 3619 4134 universalis

2048 4178 2311 4249 synodus,
2353 4192 2475 4230 cum
2523 4174 2611 4228 alii
2647 4189 2858 4242 quoque
2893 4173 3213 4241 patriarcha:
3254 4185 3359 4224 non
3394 4169 3616 4224 adsint:

2048 4280 2132 4326 est
2160 4279 2339 4323 tamen
2367 4265 2542 4333 major
2570 4265 2822 4320 omnibus
2851 4263 3090 4335 synodis,
3127 4272 3179 4315 et
3207 4262 3323 4325 ejus
3346 4260 3619 4327 archiepi-

2049 4376 2242 4429 scopus
2268 4358 2587 4414 universalis
2610 4356 2911 4427 patriarcha
2940 4363 3180 4411 vocatur.
3197 4352 3307 4423 95
3331 4352 3394 4405 Et
3418 4359 3621 4405 metro-

359 4450 960 4504 Κωνσταντινουπόλει·
987 4450 1226 4517 σύνοδος,
1276 4451 1381 4506 κᾶν
1430 4453 1783 4524 οίκουμενικὴ
1810 4453 1935 4508 σύν-

2049 4454 2268 4520 politani
2291 4452 2507 4521 quidem
2531 4466 2634 4504 non
2658 4450 2900 4512 interest,
2925 4447 3015 4502 sed
3036 4447 3294 4516 episcopi,
3322 4444 3405 4499 vel
3434 4442 3621 4498 clerici

356 4543 479 4605 069;
536 4542 639 4595 οὐκ
688 4542 856 4605 ἐστιν,
894 4542 970 4606 ὠς
1023 4546 1096 4612 μὴ
1152 4544 1630 4613 παρουσιαζόντων
1666 4547 1763 4599 καὶ
1834 4547 1935 4599 τῶν

2042 4546 2132 4616 qui
2160 4546 2414 4599 trahitur.
2441 4543 2801 4611 Quamobrem
2841 4557 2937 4595 nec
2965 4541 3189 4595 lmdetnr
3226 4539 3439 4608 quidem
3472 4535 3622 4605 quis-

360 4633 543 4686 ἀλλων
592 4634 976 4703 πατριαρχῶν,
1015 4635 1153 4688 ἀλλὰ
1215 4635 1419 4703 μείζων
1448 4636 1566 4690 ἐστὶ
1617 4638 1806 4691 πασῶν
1835 4640 1935 4692 τῶν

2044 4640 2188 4707 piam
2238 4653 2304 4692 ex
2345 4637 2429 4691 his
2463 4651 2527 4690 ex
2565 4634 2960 4703 metmpolitani
3002 4632 3352 4692 admissione,
3403 4638 3623 4699 propter

361 4723 621 4787 συνόδων,
648 4725 744 4775 καὶ
793 4726 820 4776 6
854 4724 1289 4792 ἀρχιεπίσκοπος
1316 4723 1521 4794 ταύτης
1559 4726 1935 4795 οίκουμενικὺς

2046 4731 2218 4799 legem
2242 4744 2359 4796 quae
2385 4728 2513 4783 dicit
2539 4746 2553 4782 :
2577 4728 2707 4795 Quae
2730 4727 2797 4780 ab
2819 4726 2940 4780 aliis
2959 4726 3111 4789 linnt,
3132 4724 3265 4779 alios
3292 4736 3387 4777 nec
3406 4722 3618 4791 juvant,

359 4814 717 4882 πατριάρχης
739 4815 1011 4867 καλεῖται.
1041 4815 1151 4868 Καὶ
1176 4816 1237 4869 τὸ
1270 4815 1533 4885 διαφέρον
1554 4817 1617 4869 δὲ
1646 4818 1746 4889 οὐχ
1778 4821 1807 4873 6
1830 4838 1935 4890 μη-

2050 4837 2149 4876 nec
2182 4821 2399 4876 laedunt.

359 4904 715 4976 τροπολίτης,
747 4905 863 4958 ἀλλ’
915 4907 942 4958 6
994 4907 1295 4969 ἐπίσκοπος
1342 4906 1478 4977 ἔχει,
1510 4908 1542 4979 ἢ
1594 4910 1622 4962 6
1652 4910 1935 4975 ὲλκυσθεὶς
1958 4912 2240 4984 κληρικός.
2290 4913 2382 4965 Διὸ
2417 4913 2539 4967 οὐδὲ
2571 4912 2903 4984 βλαϐήσεταί
2940 4929 3023 4975 τις
3077 4910 3135 4979 ἐξ
3169 4911 3349 4964 αὐτῶν
3392 4910 3458 4962 ἐκ
3518 4907 3621 4975 τῆς

1575 5043 1775 5108 Guill.
1812 5047 2144 5124 Beveregii
2171 5054 2355 5112 notua.

441 5194 555 5265 (78)
586 5192 671 5265 _7'6
715 5194 977 5265 φαιςεςρὸν
1003 5193 1289 5265 βλάπτει,
1349 5196 1415 5250 τὸ
1447 5195 1941 5265 ἐκτετυπωμέγον

364 5262 753 5327 οὗβλάπτει.
822 5262 1179 5328 Modestinus,
1212 5264 1605 5332 Nonnunquam
1662 5262 1937 5333 contingit,

365 5346 419 5388 ut
456 5336 707 5406 quamam
752 5335 1063 5406 nominatim
1113 5350 1358 5398 expressa
1399 5336 1658 5403 ofﬁciant,
1706 5337 1942 5406 quamvis

368 5404 575 5457 omissa
607 5405 763 5455 tacite
791 5403 1011 5470 intelligi
1050 5406 1364 5470 potuissent,
1419 5421 1509 5457 nec
1560 5403 1729 5459 essent
1781 5405 1941 5473 obfu—

367 5486 490 5527 tura
518 5488 536 5533 ;
570 5473 711 5541 quod
738 5473 928 5543 euertit,
963 5474 1009 5526 si
1031 5473 1196 5543 alicui
1222 5476 1297 5526 ita
1323 5475 1548 5543 legatur,
1582 5475 1727 5529 Titio
1752 5476 1941 5543 decem

371 5544 461 5605 do,
500 5544 641 5610 lego,
679 5543 724 5596 si
756 5541 976 5595 Maevius
1029 5542 1353 5608 Capitolium
1380 5541 1741 5599 ascenderit.
1796 5542 1944 5597 Nam

368 5613 609 5680 quamvis
638 5611 951 5683 inrarbitrio
984 5611 1161 5666 vaii
1184 5615 1280 5683 sit,
1315 5631 1381 5667 au
1415 5613 1736 5683 Capitolium
1761 5630 1944 5667 ascen-

371 5686 482 5748 dat,
512 5692 563 5737 et
608 5681 730 5736 velit
780 5680 1007 5749 efﬁcere,
1063 5692 1120 5736 ut
1179 5681 1317 5738 Titio
1362 5680 1590 5754 legatum
1650 5684 1943 5751 debeatur;

2050 5215 2154 5253 non
2209 5209 2382 5254 tamen
2439 5198 2631 5267 poterit
2688 5198 2810 5251 aliis
2857 5198 3022 5252 verbis
3079 5194 3620 5267 nt_i_liter_legari:si

2052 5268 2271 5322 Maevius
2299 5262 2549 5328 voluerit,
2578 5267 2724 5322 Titio
2758 5270 2943 5321 det-em
2971 5271 3059 5319 do.
3119 5262 3254 5317 Nam
3290 5264 3344 5316 in
3391 5264 3620 5316 alienam

2042 5336 2370 5392 uoluntatem
2406 5338 2636 5406 conferri
2693 5340 2923 5406 legatum
2962 5353 3063 5387 non
3109 5345 3298 5401 potest.
3364 5333 3493 5387 Inde
3540 5335 3622 5385 di-

2049 5420 2194 5461 cmm
2218 5418 2320 5469 est,
2358 5407 2623 5475 Expressa
2653 5417 2860 5473 nocent,
2888 5422 2988 5458 non
3010 5419 3255 5470 expressa
3275 5421 3384 5475 non
3414 5414 3620 5475 nocent,

2050 5477 2086 5533 Ι.
2122 5493 2217 5541 ιιι,
2247 5478 2297 5529 ΙῘ.
2338 5476 2414 5530 De
2445 5473 2744 5533 condition.
2781 5488 2826 5531 et
2874 5480 3219 5528 demonstrat.
3274 5473 3476 5528 Ultima
3522 5474 3631 5537 ista,

2047 5550 2211 5628 verba
2248 5556 2567 5629 repetuntur
2624 5548 2819 5605 itidem
2885 5545 2923 5603 Ι.
2992 5560 3149 5610 cmv,
3200 5544 3260 5598 Ι).
3299 5543 3375 5598 De
3404 5545 3625 5597 diversis

2051 5633 2158 5687 reg.
2179 5634 2348 5688 Jnm.
