4108 6200
561 283 666 343 339

1815 297 2090 359 Τί-ΓΕΟΟ.
2120 302 2210 357 13.".
2227 304 2352 360 l.S.-\
2366 303 2520 361 ΜοΝ

3691 305 3793 365 310

559 395 654 448 τοῦ
706 401 1102 469 μητροπολίτου
1161 403 1462 474 καταδοχῆς
1510 407 1593 458 διὶ
1653 408 1738 459 τὸν
1786 407 1947 477 νόμον
2002 410 2091 460 τὸν
2147 412 2409 477 λέγοντα·
2472 415 2551 466 Τὰ
2628 417 2754 484 παρ’
2809 417 3009 486 ἐτέρων
3071 416 3329 486 γινόμενα
3399 415 3619 486 ἐτέρους
3673 419 3791 469 οὖδέ

558 489 882 557 ὠφελοῦσιν,
917 493 1035 546 οὐδὲ
1069 492 1169 562 βλά
1181 511 1419 548 πτουσιν.

633 586 883 642 ΖΟΝΑΒ.
927 588 1134 653 Quibus
1178 590 1486 647 hominibus
1533 594 1909 663 episcoporum
1969 597 2096 649 cieri

2301 596 2544 650 ΖΩΝΛΡ.
2595 594 2857 647 Ἐνταῦθα
2893 595 3259 648 διατάττονται
3293 596 3342 646 οξ
3379 595 3512 648 θεῖοι
3547 596 3794 666 Πατέρες

557 692 811 732 eorumve
839 683 1114 735 accusatio
1136 684 1516 750 permittenda,
1549 687 1852 755 quibusque
1878 690 2121 757 negantia

557 768 650 835 sil,
709 770 878 824 saneti
932 769 1116 825 Patres
1175 774 1274 826 hoc
1331 775 1450 829 loco
1500 777 1812 842 decernunt,
1857 779 2119 844 dicentes,

555 860 704 924 Quod
751 859 792 910 si
832 860 952 928 quis
987 861 1248 929 privatam
1293 865 1510 932 quidem
1558 866 1704 921 litem
1743 868 1982 922 intendat
2010 870 2122 936 epi-

554 963 751 1019 scopo;
791 950 974 1012 veluti,
1015 951 1080 1005 de
1112 953 1306 1020 injuria
1343 955 1487 1008 illum
1525 958 1822 1024 postulans,
1863 960 1935 1013 rei
1967 960 2119 1014 s’eilio

553 1050 655 1104 cet,
681 1042 801 1094 sive
837 1044 1070 1108 mobilis,
1110 1045 1223 1100 sive
1255 1046 1568 1112 immobilis,
1603 1051 1898 1116 ablatione,
1931 1061 2024 1106 aut
2051 1053 2117 1107 de

553 1133 876 1186 contui-utalia
929 1134 1095 1202 illata,
1143 1146 1234 1190 aut
1281 1139 1344 1190 de
1393 1139 1698 1208 lmjusmodi
1749 1143 1930 1211 aliquo
1973 1145 2114 1213 alio;

555 1228 944 1299 qualiscunque
977 1234 1190 1287 tandem
1225 1235 1295 1287 sit
1324 1245 1498 1300 actor,
1533 1237 1761 1293 inﬁdelis
1795 1255 2004 1307 nempe,
2032 1242 2115 1295 vel

554 1321 860 1385 ltzereticus,
906 1323 986 1376 \‘cl
1027 1326 1544 1392 excommunicatus,
1588 1337 1680 1382 aut
1709 1331 1871 1384 etiam
1907 1331 1974 1386 ab
2013 1330 2115 1386 Ec-

549 1413 708 1466 clesia
749 1414 1013 1471 catholica
1061 1417 1273 1485 penitus
1320 1418 1547 1486 ejecms,
1594 1422 1931 1478 admittetur.
1985 1424 2111 1478 Uni-

550 1505 718 1558 versis
767 1506 963 1560 etenim
1023 1508 1388 1579 cujuscunque
1435 1509 1650 1564 demum
1696 1513 1968 1584 religionis
2029 1515 2112 1569 vel

549 1604 726 1650 status
767 1597 897 1664 sint,
948 1598 990 1651 si
1038 1599 1288 1668 injuriam
1339 1601 1438 1656 sibi
1480 1604 1662 1671 aliquo
1712 1606 1869 1660 modo
1914 1606 2109 1660 iactam

549 1695 757 1751 putent,
793 1687 846 1739 in
885 1687 1147 1756 judicium
1181 1690 1385 1756 venire,
1421 1705 1485 1744 ac
1525 1691 1612 1757 jus
1644 1709 1798 1747 suum
1842 1694 2108 1759 obtinere,

548 1786 602 1826 ut
651 1777 830 1842 liceat,
875 1793 973 1847 par
1003 1789 1104 1835 est.
1140 1780 1411 1836 Privatam
1446 1784 1631 1839 dixere
1661 1787 2105 1848 controversiam.

549 1884 666 1921 eam
702 1884 730 1922 a
758 1871 1128 1926 criminalibus
1159 1874 1577 1944 distinguentes.
1609 1876 1748 1932 Sunt
1781 1887 1958 1932 autem
2002 1881 2106 1948 pri-

549 1969 702 2022 vala‘,
757 1976 876 2028 quae
927 1963 1235 2032 pecuniaria
1296 1967 1509 2020 demum
1572 1969 1930 2024 aestimatione
1985 1969 2110 2025 lites

545 2051 933 2120 absolvuntur;
978 2056 1290 2112 eriminalcs
1343 2074 1505 2123 vero,
1554 2061 1693 2115 unde
1741 2062 1860 2115 vita:
1909 2072 2108 2119 statum

546 2141 826 2196 damnatus
861 2145 1080 2200 amittit.
1111 2146 1402 2216 Propterea
1431 2149 1672 2204 addunt:
1707 2153 1750 2204 si
1784 2167 1912 2206 vero
1936 2153 2110 2208 eccle-

545 2231 820 2286 siasticum
861 2232 931 2287 sit
959 2234 1184 2300 crimen,
1224 2238 1364 2304 quod
1397 2239 1654 2309 episcopo
1688 2241 1962 2310 objicitur,
2004 2243 2110 2297 tale

545 2321 744 2386 forsan,
771 2327 909 2392 quod
940 2324 1006 2379 ab
1028 2325 1202 2381 oﬂicio
1223 2330 1540 2385 sacerdotali
1568 2333 1900 2401 depositione
1926 2335 2110 2390 multe-

544 2423 649 2477 tnr,
697 2416 1034 2487 sacrilegium
1085 2420 1350 2485 videlicet,
1394 2434 1486 2478 aut
1523 2426 1732 2481 ordinis
1776 2429 2105 2482 mercenaria

542 2506 772 2570 rollatio,
801 2519 886 2562 aut
924 2510 975 2564 in
1008 2512 1180 2566 aliena
1217 2513 1459 2578 direcesi,
1485 2531 1594 2570 non
1634 2518 1914 2587 impetrata
1957 2521 2107 2589 prius

543 2601 607 2652 ab
644 2600 786 2656 illius
831 2602 931 2657 loci
981 2605 1231 2673 episcopo
1264 2606 1544 2673 facultate,
1578 2610 1871 2667 funt-tionis
1894 2613 2104 2682 episco-

542 2692 678 2759 palis
715 2695 1130 2761 administratio,
1163 2708 1216 2752 et
1253 2715 1373 2768 qute
1407 2702 1492 2756 bis
1533 2703 1730 2756 similia
1772 2715 1897 2758 sunt
1929 2722 1940 2758 :
1982 2713 2107 2759 tunc

544 2798 912 2844 accusatorem
939 2789 1224 2858 diligenter
1256 2792 1575 2858 examinari,
1611 2803 1685 2858 et,
1713 2795 1758 2847 si
1788 2795 1858 2848 sit
1892 2796 2105 2850 haereti-

544 2893 660 2941 cus,
693 2894 794 2930 non
833 2880 1138 2935 admittere.
1177 2881 1471 2940 l'laereticos
1497 2895 1673 2940 autem
1705 2901 1893 2942 omnes
1925 2902 2104 2956 vocat,

543 2970 632 3034 qui
664 2969 731 3024 ab
759 2972 1058 3025 orthodoxa
1095 2972 1198 3028 ﬁde
1231 2976 1576 3042 dissentiunt,
1603 2978 1718 3032 sive
1739 2978 1849 3045 jam
1886 2981 2011 3033 olim
2038 2984 2104 3036 ab

542 3061 804 3125 Ecclesia,
840 3064 952 3118 sive
984 3080 1154 3134 nuper
1192 3067 1348 3135 ejecti
1383 3069 1515 3132 sint,
1549 3071 1662 3124 sive
1692 3073 1926 3141 antiquis
1955 3090 2106 3130 erro-

542 3154 710 3218 ribus,
737 3155 849 3209 sive
895 3154 1048 3209 novis
1077 3156 1423 3215 atlltwserint.
1462 3157 1571 3214 Nec
1612 3171 1840 3223 tantum,
1874 3179 2101 3232 quorum

2224 690 2372 752 τίνας
2394 690 2473 740 δεῖ
2498 687 2884 757 προσδέχεσθαι
2917 689 3227 739 ἐπισκόπων
3251 687 3282 757 ἥ
3310 687 3590 754 κληρικῶν
3623 706 3793 757 κατι.-

2224 781 2542 849 γοροῦντας,
2575 779 2670 832 καὶ
2701 781 2852 841 τίνας
2881 780 3281 850 ἀπροσδέκτους
3309 773 3469 838 εἶναι,
3503 779 3596 830 καί
3628 797 3790 846 φασιν

2222 873 2302 924 ὅτι
2333 873 2380 924 εί
2412 872 2510 940 μὲν
2545 871 2817 940 ἰδιωτικὴν
2842 872 2997 940 δίκην
3034 870 3272 939 ἐνίστησί
3296 887 3378 932 τις
3403 871 3540 923 κατά
3571 873 3791 922 ἐπισκό-

2222 980 2350 1026 που,
2383 959 2494 1015 οἷον
2517 962 2732 1016 ἀδικίαν
2763 963 3083 1029 ὲπεγκαλὼν
3115 961 3282 1028 αὐτῷ,
3314 961 3606 1030 ἀφαίρεσιν
3629 962 3788 1030 δῆθεν

2222 1055 2545 1126 πράγματος
2565 1056 2843 1125 ἀκινήτου,
2875 1056 2904 1124 ἦ
2934 1054 3176 1122 κιντλτοῦ,
3208 1053 3239 1123 ἢ
3269 1054 3446 1122 ὓϐριν,
3475 1054 3507 1123 ἦ
3531 1072 3582 1106 τι
3608 1054 3786 1105 τοιοῦ-

2218 1162 2328 1206 τον,
2373 1140 2483 1208 οἷος
2537 1145 2604 1198 ἂν
2653 1145 2738 1215 εἴη
2778 1145 2807 1195 ὁ
2861 1146 3089 1213 ἐνάγων,
3141 1143 3631 1214 προσδεχθήσεται,
3682 1145 3785 1197 κᾶν
3833 1221 3838 1229 ι

2219 1235 2446 1296 ἄπιστος
2478 1233 2676 1304 δηλαδὴ
2699 1274 2712 1297 ,
2744 1235 2846 1286 xiv
2878 1235 3188 1304 αίρετικδς,
3228 1236 3331 1286 κᾶν
3364 1235 3745 1304 ἀφωρισμένος
3767 1275 3782 1296 ,

2218 1324 2250 1394 ἢ
2285 1325 2375 1376 καὶ
2403 1325 2580 1377 τέλεον
2614 1325 2711 1393 τῆς
2747 1326 3037 1393 κειθολικῆς
3081 1325 3406 1394 Ἐκ-κλησίας
3437 1327 3785 1394 ἐκκεκομμέ-

2218 1433 2326 1478 νος.
2383 1419 2476 1468 Δεῖ
2519 1417 2626 1486 γὰρ
2680 1418 2908 1483 πάντας,
2967 1420 3156 1480 ὁποίας
3210 1419 3277 1472 ἂν
3328 1415 3437 1471 εἷεν
3489 1418 3782 1488 θρησκείας

2217 1508 2249 1575 ἢ
2304 1511 2733 1574 καταστάσεως,
2804 1511 3149 1577 ἀδικεῖσθαι,
3226 1513 3500 1580 λέγοντας,
3568 1513 3784 1584 προσίε-

2217 1603 2339 1656 σθαι
2386 1606 2478 1656 καὶ
2523 1605 2615 1658 τοῦ
2663 1605 2871 1659 δικαίου
2915 1607 3221 1677 τυγχάνειν.
3281 1607 3577 1675 ’ἰδιωτικὴν
3623 1606 3677 1657 δέ
3707 1606 3776 1657 δίο

2213 1710 2316 1765 κην
2365 1691 2537 1756 εἷπον,
2589 1697 2990 1759 διαστέλλοντες
3037 1697 3240 1764 ταύτην
3285 1696 3391 1748 ἀπὸ
3428 1696 3536 1747 τῶν
3576 1695 3778 1764 ἐγκλη-

2215 1787 2482 1854 ματικῶν.
2531 1789 2818 1842 ἰδιωτικαὶ
2855 1789 2952 1858 μὲν
3003 1791 3110 1859 γὰρ
3146 1789 3390 1857 λέγονται
3429 1788 3486 1840 αἱ
3534 1790 3612 1850 εἰς
3642 1789 3779 1858 χρή·

2218 1897 2364 1948 ματα
2398 1881 2497 1950 τὴν
2539 1883 2742 1950 ζημίαν
2777 1883 3110 1948 ἐπάγουσαι·
3157 1881 3564 1950 ἐγκληματικαὶ
3613 1881 3689 1944 δέ,
3726 1882 3780 1933 αί

2215 1975 2290 2028 είς
2347 1972 2445 2042 τὴν
2501 1973 2706 2025 οἰκείαν
2767 1974 3104 2026 κατάστασιν
3159 1974 3249 2026 τὸν
3309 1974 3782 2044 κατηγορούμενον

2213 2067 2522 2134 ζημιοῦσαι.
2575 2067 2663 2118 Διὸ
2709 2067 2801 2119 καὶ
2844 2069 3151 2136 ἐπήγαγον·
3194 2068 3250 2118 Εἰ
3296 2067 3350 2119 δὲ
3402 2068 3607 2135 ἐκκλησ
3632 2084 3782 2118 αστι-

2212 2159 2306 2211 κὺν
2357 2160 2439 2227 εἴη
2495 2159 2554 2210 τὸ
2601 2159 2994 2227 ἐπιφερόμενον
3047 2157 3296 2229 ἔγκλημα
3347 2158 3425 2226 τῷ
3477 2161 3780 2228 ἐπεσκόπει),

2211 2251 2454 2304 τοιοῦτον
2482 2251 2643 2320 τυχὶιν
2668 2292 2681 2314 ,
2715 2245 2824 2303 οἷον
2855 2251 3127 2304 ἔκπτωσιν
3172 2252 3320 2321 αὐτῷ
3353 2252 3449 2320 τῆς
3483 2251 3777 2320 ίερωσύνης

2213 2345 2457 2412 ἐπάγειν,
2499 2344 2772 2411 ίεροσυλίπ
2816 2343 3038 2413 δηλαδὴ,
3083 2344 3116 2413 ἢ
3162 2345 3253 2395 ἐπὶ
3292 2345 3436 2396 δόσει
3481 2343 3780 2413 χρημάτων

2212 2439 2533 2507 χειροτονία,
2572 2436 2604 2507 ἦ
2638 2435 3027 2504 ἀρχιερατικοῦ
3061 2435 3270 2488 δικαίου
3303 2436 3443 2498 τινος
3474 2434 3783 2502 τελεσιουρ-

2211 2530 2305 2596 γία
2337 2531 2394 2581 ἐν
2418 2527 2678 2596 ἀλλοτρίᾳ
2701 2525 2886 2596 ἐνορία
2912 2527 3076 2596 χωρὶς
3100 2525 3321 2595 γνώμης
3348 2525 3440 2577 τοῦ
3470 2527 3651 2577 ἐκεῖσε
3682 2525 3782 2594 ἁρ-

2213 2617 2461 2686 χιερέως,
2490 2616 2584 2668 καὶ
2611 2617 2707 2668 ὅσα
2737 2615 2946 2676 τούτοις
2969 2617 3107 2668 εἰσὶν
3135 2617 3314 2685 ὅμοια,
3339 2615 3464 2668 ’τότε
3488 2615 3579 2667 τὸν
3611 2614 3781 2685 κατή-

2210 2724 2372 2777 γορον
2405 2705 2646 2776 ἀκριϐῶς
2676 2699 3050 2770 ἐξετάζεσθαι,
3093 2705 3184 2756 καὶ
3214 2702 3488 2772 αίρετικδν
3515 2702 3666 2763 lived,
3703 2701 3777 2770 μὴ

2211 2799 2634 2869 προσδέχεσθαιο
2663 2797 2970 2868 αίρετικοὺς
2995 2797 3050 2849 δέ
3073 2798 3280 2858 πάντας
3301 2794 3455 2848 καλεῖ
3476 2796 3598 2857 τοὺς
3628 2793 3780 2864 παρὰ

2208 2893 2308 2962 τὴν
2333 2891 2614 2961 ape/.5030»
2646 2889 2825 2944 πίστιν
2858 2890 3199 2955 δοξάζοντας,
3229 2892 3331 2943 κᾶν
3364 2890 3536 2942 πάλαι
3565 2893 3778 2958 ἀπεκηο

2211 2986 2510 3056 ρύχθησαν,
2555 2984 2655 3038 κᾶν
2704 2985 3052 3054 προσφάτως,
3096 2984 3200 3036 κᾶν
3240 2983 3496 3044 παλαιαῖς
3532 2981 3778 3051 αἱρέσεσι

2209 3079 2545 3140 κοινωνῶσι,
2581 3078 2684 3131 κᾶν
2715 3077 2861 3140 νέαις
2883 3093 2898 3108 ο
2934 3076 3025 3129 καὶ
3055 3077 3114 3128 οὐ
3149 3075 3310 3144 μόνον
3341 3075 3468 3136 τοὺς
3512 3073 3641 3142 περὶ
3677 3071 3777 3141 τὴν

2209 3172 2336 3242 ὑγιῆ
2357 3171 2539 3224 πίστιν
2558 3170 2956 3240 σφαλλομένους
2981 3168 3372 3237 ἀποπέμπεται
3393 3169 3420 3218 ό
3445 3164 3624 3219 κανὼν
3645 3165 3777 3232 πρὸς

544 3248 677 3299 mala
706 3263 835 3302 Sana
860 3261 942 3303 est
976 3251 1106 3305 lidcs
1137 3289 1152 3313 ,
1184 3252 1275 3304 sed
1317 3252 1688 3309 schismaticos
1719 3272 1954 3325 quoque,
1987 3261 2099 3326 qui,

2212 3265 2524 3317 ἐπισκόπων
2551 3262 2963 3333 ἐγκληματικὴν
2989 3261 3344 3329 κατηγορίαν,
3372 3259 3506 3312 ἀλλᾶ
3530 3258 3622 3310 καὶ
3650 3257 3776 3318 τοὺς

544 3341 821 3408 rrpudiata
879 3343 1115 3412 episcopi
1173 3345 1252 3398 sui
1317 3346 1674 3412 auctoritate,
1737 3351 2106 3405 conventicula

541 3435 764 3487 scorsitn
797 3436 1160 3500 celebravere,
1194 3437 1407 3492 etiamsi
1441 3439 1581 3494 inter
1611 3441 1942 3497 ortbodoxos
1977 3444 2108 3500 alio-

539 3527 625 3591 qui
649 3526 820 3578 locum
843 3526 1088 3581 obtinere
1107 3543 1262 3595 posse
1283 3530 1583 3596 videantur,
1605 3535 1867 3588 arcendos
1890 3537 2107 3590 omnino

538 3632 710 3670 tanon
752 3617 820 3671 ab
849 3618 1222 3687 episcoporum
1254 3622 1633 3677 criminatione
1667 3626 1927 3680 decernit.
1971 3627 2106 3680 Snnl

539 3723 696 3774 porro
728 3709 1083 3775 scltismatici,
1118 3713 1409 3768 deliniente
1438 3731 1630 3784 magno
1660 3716 1879 3783 Basilio,
1912 3720 2000 3788 qui
2037 3721 2105 3774 ub

539 3800 661 3854 lites
707 3800 915 3869 aiiquas
964 3803 1360 3862 ecclesiasticas
1413 3815 1467 3860 et
1514 3810 1934 3872 controversias,
1987 3826 2107 3880 quae

537 3895 715 3948 dirimi
771 3894 948 3962 aliqua
1007 3897 1216 3952 ratione
1275 3899 1507 3966 possint,
1561 3914 1779 3954 causam
1843 3905 1984 3957 inter
2045 3918 2103 3959 se

535 3987 743 4040 dissitlii
783 3988 922 4050 nacti
966 3989 1133 4044 fuere.
1181 3989 1464 4057 Similiter,
1497 4001 1551 4045 et
1592 3993 1684 4060 qui
1728 3993 1797 4047 ab
1837 3995 2099 4062 Ecclesia,

535 4093 856 4148 quacunque
883 4082 1098 4136 demum
1136 4084 1200 4138 de
1243 4100 1428 4149 causa,
1460 4088 1617 4154 (λιθοιί
1655 4100 1781 4142 sunt
1807 4098 1859 4142 et
1885 4104 2106 4144 excom-

537 4171 792 4226 municati
820 4189 832 4238 ;
882 4187 978 4240 per
999 4171 1199 4239 ejeelos
1234 4185 1436 4237 autem,
1472 4178 1562 4246 qui
1603 4179 1670 4230 ab
1704 4179 1957 4233 Ecclesiae
1985 4195 2106 4234 cor-

536 4276 663 4330 pore
708 4264 922 4332 penitus
953 4265 1122 4320 excisi
1168 4276 1293 4321 sunt
1340 4267 1714 4337 intelligendi;
1753 4285 1848 4337 per
1881 4287 2102 4325 excom-

534 4355 836 4409 municatos
886 4369 1046 4418 vero,
1099 4357 1164 4410 ad
1214 4368 1424 4412 certum
1473 4368 1683 4428 tempus
1731 4364 2102 4416 tantummodo

533 4454 841 4513 segregatos
889 4450 1060 4502 sancti
1113 4447 1300 4504 Patres
1342 4451 1711 4518 indigitarunt,
1762 4453 1874 4508 sive
1915 4455 2097 4510 clerici

534 4539 662 4601 sint,
692 4539 806 4592 sive
840 4538 984 4593 laici.
1020 4542 1195 4609 Atque
1229 4541 1324 4594 llOS
1351 4541 1595 4611 judicant
1625 4545 1688 4596 ad
1719 4545 2095 4614 episcoporum

535 4627 921 4681 clericorumve
969 4636 1368 4684 accusationem
1410 4646 1513 4685 non
1554 4647 1674 4688 esse
1709 4635 2093 4703 admittendos,
2132 4606 2176 4662 θ

538 4722 708 4774 donec
747 4722 1018 4790 proprium
1051 4724 1253 4778 crimen
1289 4726 1561 4792 diluet-int,
1588 4745 1752 4798 seque
1785 4730 2100 4789 innocentes

533 4827 654 4866 esse
711 4814 1078 4880 probaverim.
1132 4814 1235 4869 Sed
1285 4825 1335 4870 et
1369 4833 1595 4886 quarunt
1648 4825 1719 4875 ita
1748 4823 1924 4879 delata
1974 4835 2099 4882 sunt

533 4907 772 4968 nomina,
799 4916 854 4960 ut
883 4907 948 4960 de
973 4908 1094 4961 vita:
1123 4925 1235 4963 sua:
1263 4919 1408 4964 statu
1432 4912 1636 4979 judicio
1663 4929 1873 4971 certare
1900 4935 2100 4989 rogan-

535 5005 638 5057 tur,
693 4998 794 5050 nisi
834 5012 893 5052 se
924 4998 1075 5064 prius
1125 5014 1152 5052 a
1203 5001 1376 5070 culpis
1427 5004 1528 5058 sibi
1564 5005 1788 5072 objectis
1834 5010 2099 5068 immunes

435 5147 446 5152 _
533 5103 650 5142 csse
673 5091 1128 5154 demonstrarint,
1151 5095 1215 5146 ad
1255 5096 1624 5166 episcoporum
1655 5110 1741 5153 aut
1774 5102 2098 5159 clericorum

536 5183 930 5237 accusationem
964 5185 1173 5239 admitti
1213 5196 1355 5241 vetat
1400 5193 1620 5244 omnino
1656 5206 1851 5247 canon.
1884 5194 1941 5248 Si
1976 5211 2100 5251 vero

537 5272 692 5325 nullis
737 5273 1270 5330 istiusmodi'causis
1310 5277 1527 5333 obnoxii
1579 5281 1684 5334 sint
1732 5293 2098 5350 accusatores,

534 5363 624 5414 sed
673 5362 928 5432 inculpati
967 5381 1187 5434 prorsus
1234 5368 1617 5438 inveniantur;
1657 5381 1800 5438 tunc,
1833 5374 2096 5444 siquidem

535 5453 815 5522 cpiscopus
842 5457 933 5518 sit,
968 5458 1056 5524 qui
1105 5459 1157 5512 in
1197 5459 1458 5526 judicium
1497 5473 1743 5526 vocatur,
1789 5465 1932 5520 illius
1971 5482 2098 5535 pro-

502 5544 724 5599 ‘vincize
752 5546 1123 5615 episcoporum
1155 5563 1446 5605 comentus
1479 5569 1691 5608 causam
1720 5568 2027 5625 mgnuscal,
2049 5567 2100 5612 et

539 5638 616 5686 t-t-I
659 5637 1007 5703 qmestionem
1052 5640 1292 5706 dcﬁltittl,
1335 5644 1414 5696 vel
1454 5647 1496 5697 si
1553 5646 1602 5699 id
1637 5647 1808 5700 mirus
1845 5649 2098 5715 potuerit,

539 5726 601 5780 ad
639 5729 892 5793 majorem
925 5733 1184 5795 synodum
1213 5733 1474 5790 deferant.
1503 5735 1601 5791 l‘er
1635 5737 1891 5807 u-ajorcm
1923 5749 2098 5795 autem

2211 3358 2614 3428 ἀποσχίσαντας
2642 3359 2704 3410 ἐκ
2735 3357 2842 3409 τῶν
2875 3357 3021 3408 ίδίων
3051 3357 3392 3417 ἐπισκόπων,
3422 3357 3514 3406 καὶ
3545 3354 3775 3416 ἐκείνοις

2211 3448 2685 3515 ἀντισυνάγοντας,
2727 3447 2829 3500 κᾶν
2863 3447 3091 3500 δοκῶσιν
3123 3444 3441 3517 ὀρθοδοξεϊν.
3477 3446 3777 3515 Σχισματι-

2210 3542 2296 3594 κοὶ
2330 3541 2386 3593 δέ
2438 3540 2545 3591 εἱσι
2580 3543 2718 3593 κατὰ
2755 3540 2846 3591 τὸν
2885 3540 3059 3609 μέγαν
3091 3538 3369 3594 Βασίλειοι
3410 3539 3458 3590 οί
3501 3537 3567 3590 δι’
3599 3537 3776 3599 αἰτίας

2208 3631 2359 3693 τινὰς
2408 3630 2864 3701 ἐκκλησιαστικάς
2913 3631 3007 3682 καὶ⁹
3053 3630 3342 3700 ζητήματα
3393 3631 3584 3700 ἰάσιμα
3641 3629 3774 3698 πρὸς

2204 3723 2470 3793 ἀλλήλους
2501 3722 2883 3791 διενεχθέντες.
2928 3721 3158 3790 Ὁμοίως
3194 3721 3249 3773 δὲ
3279 3723 3373 3773 καὶ
3402 3723 3525 3783 τοὺς
3563 3721 3655 3771 ἐπὶ
3686 3721 3776 3772 ai-

2208 3813 2350 3875 τίαις
2385 3813 2737 3884 οἰαισδήτισιν
2772 3811 3248 3882 ἀποϐεϐλημένους
3282 3814 3379 3878 τῆς
3421 3809 3774 3879 Ἐκκλησίας,

2208 3906 2239 3976 ἢ
2263 3905 2657 3976 ἀκοινωνήτους
2680 3921 2695 3937 ⁶
2723 3904 2996 3973 ἀποδεδλη
3007 3905 3202 3974 μένους
3223 3902 3277 3956 δὲ
3300 3903 3421 3964 τοὺς
3442 3901 3662 3962 τελείως
3685 3902 3778 3952 ἐκ-

2208 3996 2577 4066 κεκομμένους
2615 3997 2711 4065 τῆς
2753 3995 3072 4065 Ἐκκλησίας
3102 3994 3335 4066 νοητέον.
3375 3993 3512 4052 Τοὺς
3553 3993 3608 4045 δέ
3642 3992 3778 4060 πρὸς

2211 4090 2396 4162 καιρὸν
2428 4089 2821 4160 ἀφορισθέντας
2857 4089 3132 4158 ἐδήλωσαν
3159 4091 3207 4142 oi
3254 4087 3384 4140 θεῖοι
3418 4086 3657 4154 Πατέρες
3687 4085 3775 4137 διὰ

2207 4182 2302 4236 τοῦ
2359 4185 2532 4237 εἰπεῖν
2593 4184 3025 4250 ἁκοινωνήτοδς·
3091 4181 3196 4235 κᾶν
3258 4181 3509 4251 κληρικοὶ
3568 4178 3672 4231 εἷεν
3723 4178 3774 4229 οί

2207 4275 2436 4329 τοιοῦτοι
2461 4315 2474 4335 ,
2505 4275 2608 4327 κᾶν
2641 4274 2835 4330 λαῖκοί.
2879 4276 2988 4327 Καὶ
3027 4269 3168 4327 οὗτοι
3196 4272 3303 4342 γὰρ
3329 4274 3390 4325 οὐ
3429 4269 3775 4342 προσδεκτέοι

2209 4368 2345 4439 πρὸς
2378 4367 2711 4437 κατηγορίαν
2745 4367 3058 4418 ἐπισκόπων
3081 4365 3112 4436 ἦ
3139 4365 3414 4436 κληρικῶν
3446 4363 3772 4430 λογίσονται,

2213 4459 2400 4530 μέχρις
2435 4460 2502 4512 ἃν
2540 4459 2599 4511 τὸ
2631 4461 2828 4511 οἰκεῖον
2857 4458 3088 4525 αἰτίαμα
3121 4457 3601 4512 ἀποσκευάσωνται
3626 4495 3640 4518 ,
3679 4452 3776 4504 καί¹

2209 4551 2574 4621 ἀνεγκλήτους
2612 4551 3028 4619 καταστήσωσιν
3058 4547 3304 4610 ἑαυτούς.
3351 4546 3509 4599 Ἀλλά
3545 4547 3652 4615 μὴν
3686 4544 3776 4596 καὶ

2211 4646 2334 4708 τοὺς
2369 4643 2472 4696 ὑπὸ
2517 4642 2852 4712 κατηγορίαν
2880 4643 3036 4704 ὄντας
3071 4642 3190 4694 τινὰ
3229 4639 3648 4708 καθαπτομένην
3680 4637 3775 4703 τῆς

2212 4734 2390 4789 αὐτῶν
2456 4733 2840 4794 καταστάσεως
2902 4731 2976 4802 μὴ
3035 4729 3350 4801 προσίεσθαι
3403 4728 3772 4781 διακελεύεται

2209 4828 2239 4880 ὁ
2273 4825 2451 4880 κανὼν
2501 4823 2938 4893 κατηγοροῦντας
2974 4822 3286 4875 ἐπισκόπων
3317 4820 3348 4891 ἢ
3381 4817 3687 4888 κληρικῶν.
3723 4816 3770 4868 εἰ

2211 4919 2285 4990 μὴ
2348 4919 2542 4980 αὐτοὺς
2594 4917 2704 4969 τῶν
2755 4916 3149 4986 ἐπενεχθέντων
3196 4915 3376 4974 αὐτοῖς
3417 4911 3773 4980 ἐγκλημάτων

2207 5011 2574 5066 ἁθωώσουσιν.
2625 5011 2686 5062 Εἰ
2729 5009 2784 5062 δὲ
2821 5010 3044 5079 ossea-.4
3073 5008 3179 5060 τῶν
3229 5004 3533 5075 εἰρημένων
3588 5002 3776 5055 αἰτιῶν

2208 5103 2380 5172 ἔ.οχοί
2427 5105 2563 5154 εἰσιν
2597 5103 2646 5154 oi
2683 5102 3134 5172 κατηγοροῦντες,
3182 5098 3295 5152 ἀλλ’
3327 5096 3649 5164 ἁνέγκλητοί
3694 5094 3775 5144 εὑ-

2211 5197 2480 5265 ρίσκοιντο
2521 5195 2801 5255 πάντοθεν,
2835 5194 2977 5252 τότε,
3008 5194 3054 5245 εἰ
3089 5193 3184 5261 μὲν
3215 5189 3510 5248 ἐπίσκοπος
3542 5188 3569 5238 ὁ
3606 5202 3772 5252 κατη-

2205 5286 2538 5356 γορούμενος
2573 5287 2690 5356 εἴη,
2724 5289 2770 5338 oi
2806 5284 3201 5356 τῆςέπαρχίας
3233 5283 3447 5351 ἐκείνης
3485 5278 3771 5333 ἐπίσκοποι

2207 5377 2475 5440 συνιόντες
2515 5377 2873 5448 ἀκροάσονται
2921 5377 3018 5446 τῆς
3067 5375 3420 5444 κατηγορίας,
3476 5372 3570 5427 καὶ
3610 5370 3642 5438 ἢ
3691 5366 3772 5420 λά·

2207 5488 2364 5523 σουσι
2399 5471 2494 5539 τὴν
2524 5471 2780 5524 ὑπόθεσιν
2803 5511 2817 5533 ,
2848 5471 2881 5541 ἢ
2913 5471 2962 5522 εί
3001 5469 3073 5539 μὴ
3100 5467 3352 5522 δύνανται
3385 5465 3544 5518 λῦσαι
3570 5463 3742 5533 αὐτὴν
3764 5504 3775 5517 .

2213 5557 2420 5629 μείζονι
2458 5561 2657 5631 συνόδῳ
2695 5561 3160 5632 προσελεύσονται.
3201 5559 3440 5622 Μείζονα
3471 5556 3527 5608 δὲ
3561 5554 3775 5607 σύνοδον

2207 5651 2355 5720 λέγει
2392 5652 2511 5713 τοὺς
2547 5653 2644 5720 τῆς
2678 5653 2992 5723 διοικήσεως
3024 5652 3150 5719 ὅλης
3183 5650 3534 5708 ἐπισκόπους.
3578 5647 3772 5713 Ἐπαρ-

2206 5743 2328 5812 χίαν
2366 5744 2463 5812 μὲν
2505 5745 2610 5814 γὰρ
2642 5746 2858 5813 νοητὲον
2888 5746 3045 5812 τυχὸν
3078 5743 3175 5814 τὴν
3217 5738 3698 5813 ἰκδριαειούπολιιν,
3743 5735 3773 5806 ἢ
