4108 6200
463 262 562 330 343

1045 397 1274 454 CANON
1320 400 1432 456 ΠΙ.

1713 283 1988 346 'I'HEOD.
2030 284 2263 348 BALSA
2273 290 2438 352 MON

3607 299 3712 371 3H

2749 413 2992 472 ΚΑΝΩΝ
3019 416 3092 472 Z’.

460 475 586 546 Eos,
609 483 701 553 qui
729 493 881 540 recta:
899 487 1024 555 fidei
1050 506 1104 543 se
1130 492 1444 563 adiungunt,
1467 505 1518 552 et
1533 504 1677 566 parti
1699 515 1903 569 eorum,
1939 521 1997 574 qu

2138 498 2283 568 Τοὺς
2312 504 2819 575 προστιθεμένους
2847 509 2925 578 τῇ
2946 510 3258 580 ὀρθοδοξίᾳ
3287 511 3385 569 και
3415 514 3491 584 τῇ
3514 519 3711 587 μερίδι

523 589 590 627 ea:
623 575 886 630 Iucreticis
918 590 1218 646 servantur,
1249 587 1552 656 recipimus,
1582 597 1869 651 secundum
1901 601 2031 654 sub-

406 687 408 691 ·
516 670 711 736 jectam
729 671 813 722 hic
830 677 1249 743 consequentiam
1270 687 1321 732 et
1337 687 1779 747 consuetudinem.
1802 691 2029 748 Arianos

522 763 732 829 quidem
757 773 804 815 et
837 762 1264 834 Macedonianos,
1289 781 1340 825 et
1369 769 1739 845 Sabbatianos,
1771 790 1821 835 et
1851 781 2030 840 Nova-

525 854 724 915 tianos.
763 855 854 922 qui
891 857 1088 922 seipsos
1125 871 1309 914 vocant
1355 861 1614 921 Cal/iuras
1652 879 1699 923 et
1728 869 1979 928 Sinistros
2007 891 2027 930 :

519 953 569 996 et
611 945 1124 1010 Quartadccimanos
1159 953 1267 1006 sire
1296 953 1594 1012 Tetraditas
1630 971 1677 1014 et
1703 962 2027 1029 Apollinari-

517 1047 649 1100 stas,
691 1039 987 1107 recipimus,
1023 1043 1211 1098 dantes
1240 1047 1450 1114 quidem
1485 1049 1707 1117 libellos,
1746 1066 1792 1108 et
1819 1072 2023 1113 omnem

519 1131 760 1184 hwresim
783 1136 1308 1206 anathematizantes,
1346 1158 1463 1212 qua:
1490 1161 1592 1199 non
1626 1149 1782 1202 sentit
1811 1161 1867 1203 ut
1897 1169 2023 1206 san-

527 1233 612 1274 cta
634 1221 733 1276 Dei
751 1225 1008 1281 catholica
1035 1239 1084 1282 et
1105 1231 1391 1294 apostolica
1414 1234 1651 1291 Ecclesia
1674 1254 1696 1293 .°
1720 1248 1770 1292 et
1791 1243 2022 1311 signatas

519 1319 626 1369 sire
656 1329 842 1371 unctos
874 1322 1105 1386 primum
1132 1335 1318 1378 sancto
1348 1325 1650 1395 chrismate,
1687 1342 1736 1385 et
1767 1332 2017 1401 frontem,

518 1418 567 1463 et
599 1410 802 1472 oculos.
829 1421 878 1464 et
909 1429 1085 1477 nares,
1113 1429 1158 1470 et
1188 1434 1267 1483 os,
1299 1429 1349 1473 et
1383 1438 1536 1477 aures
1565 1436 1657 1489 ;et
1686 1443 1772 1481 eos
1799 1429 2018 1499 signan-

513 1511 590 1554 tes
650 1501 910 1566 dicimus,
962 1503 1306 1576 Signarulum
1359 1511 1484 1564 doni
1542 1512 1778 1580 Spiritus
1824 1522 2015 1575 sancti.

509 1591 669 1661 Atqui
703 1593 1088 1666 Eunomianos,
1115 1601 1206 1669 qui
1235 1617 1340 1656 una
1385 1604 1710 1662 demersione
1741 1609 2016 1678 baptizan-

509 1695 617 1748 tur,
643 1694 693 1739 et
731 1685 1106 1752 Montanislas,
1135 1693 1228 1762 qui
1267 1694 1352 1747 hic
1392 1697 1638 1751 dicuntur
1666 1701 1922 1772 Phryges,
1964 1717 2011 1760 et

511 1773 869 1843 Sabellianos,
901 1783 993 1850 qui
1033 1784 1168 1837 idem
1199 1803 1310 1842 esse
1339 1787 1560 1844 Patrem
1591 1789 1638 1845 et
1678 1792 1880 1849 Filium
1915 1797 2015 1853 do-

509 1879 646 1930 cent,
676 1878 724 1921 et
757 1871 867 1924 alia
908 1875 1152 1943 quaedam
1191 1880 1484 1945 perniciosa
1521 1883 1726 1950 faciunt
1754 1904 1772 1941 :
1805 1898 1852 1942 et
1882 1890 2020 1946 alias

509 1975 686 2016 omnes
715 1965 934 2019 haereses
959 1969 1228 2037 (quoniam
1250 1974 1333 2028 hic
1362 1978 1514 2030 mulli
1540 1990 1680 2046 sunt,
1717 1991 1763 2034 et
1793 1988 2018 2039 maxime

505 2051 598 2119 qui
619 2067 683 2104 ea:
704 2052 1019 2111 Galatarum
1045 2063 1254 2130 regione
1274 2067 1607 2137 prodierunt)
1629 2072 1923 2140 quicunque
1951 2091 2016 2128 ea:

505 2145 586 2198 Iris
609 2155 762 2200 recta:
783 2148 906 2215 fidei
929 2152 1120 2205 ascribi
1138 2153 1336 2220 volunt,
1355 2167 1411 2210 ut
1434 2158 1477 2212 (ι’
1486 2176 1646 2216 necas
1666 2165 2013 2234 admittimus,

504 2243 554 2288 et
604 2237 777 2300 primo
805 2240 1012 2302 quidem
1060 2243 1146 2295 die
1175 2244 1315 2310 ipsos
1358 2247 1694 2306 Christianos
1733 2255 1958 2323 facimus
1993 2275 2017 2322 ;

502 2329 753 2394 secundo,
771 2333 1170 2388 catechumenos
1193 2349 1213 2387 :
1238 2338 1425 2393 deinde
1448 2345 1622 2406 tertio,
1649 2347 2014 2402 exorcizamus

503 2419 666 2486 ipsos,
693 2428 781 2472 ter-
795 2423 848 2474 in
875 2423 983 2493 97
1010 2426 1197 2494 faciem
1219 2445 1397 2483 eorum
1424 2441 1476 2485 et
1499 2450 1653 2488 aures
1677 2436 2010 2506 inm/flando.

504 2505 575 2560 Et
600 2509 678 2562 sic
699 2527 787 2564 eos
819 2514 874 2566 in
905 2515 1170 2585 religionis
1198 2519 1555 2587 fundamentis
1581 2505 1932 2592 instituimus,
1963 2542 2010 2584 et

502 2613 753 2656 curamus
793 2613 850 2657 ut
877 2607 970 2660 diu
1011 2609 1061 2661 in
1097 2608 1336 2667 Ecclesia
1377 2627 1665 2684 versentur,
1698 2628 1750 2672 et
1787 2621 2012 2676 audiant

505 2687 836 2761 Scriptura,
871 2708 922 2752 et
955 2707 1080 2754 tunc
1109 2703 1248 2771 ipsos
1280 2704 1634 2774 baptizamus.

566 2973 604 3034 ξι

497 3396 693 3458 ΒΑιε.
749 3401 996 3458 Praesens
1041 3418 1212 3459 canon
1261 3407 1542 3466 lurreticos
1590 3413 1654 3466 ad
1702 3413 2000 3471 Ecclesium

427 3493 745 3549 accedentes
779 3494 831 3548 in
867 3495 976 3550 duo
1006 3496 1219 3562 dividit,
1251 3507 1303 3552 et
1335 3499 1432 3554 hos
1460 3502 1676 3570 quidem
1709 3504 2003 3562 chrismate

426 3585 638 3654 inungi,
668 3600 884 3641 omnem
918 3588 1149 3654 primum
1178 3589 1420 3643 ltzcrcsim
1455 3594 2000 3662 anatliematizantes,

424 3685 477 3731 et
496 3677 718 3732 credere
743 3679 1077 3744 profitentes,
1105 3688 1164 3733 ut
1184 3691 1372 3736 sancta
1407 3680 1498 3736 Dei
1527 3686 1689 3738 sentit
1718 3685 1958 3743 Ecclesia
1982 3709 1997 3746 :

424 3767 549 3823 illos
579 3782 707 3823 vero
737 3769 979 3824 decernit
1007 3779 1152 3826 recte
1191 3772 1257 3826 de
1287 3773 1499 3840 integro
1529 3776 1899 3844 liaptizandos.
1929 3781 2002 3836 Ac

423 3872 520 3915 eos
551 3860 788 3929 quidem,
813 3861 900 3930 qui
938 3861 1054 3916 solo
1087 3861 1380 3919 chrismate
1409 3865 1592 3935 inungi
1620 3869 1837 3934 debent,
1871 3871 2002 3927 dicit

423 3963 547 4005 esse
583 3951 836 4018 Arianos,
882 3949 1319 4016 Macedonianos,
1356 3956 1770 4024 Apollinaristas
1809 3971 1863 4017 et
1893 3961 2002 4018 No-

422 4044 703 4111 vatianos,
720 4047 810 4113 qui
839 4048 1000 4100 etiam
1026 4045 1243 4101 Cathari
1274 4048 1550 4113 dicuntur,
1574 4066 1802 4120 quorum
1835 4056 2002 4111 lum-co

421 4149 512 4190 ses
556 4135 953 4192 declarat-imus
999 4138 1052 4190 in
1105 4139 1283 4207 primo
1318 4155 1528 4195 canone
1575 4145 1856 4208 pra-sentis
1909 4161 1999 4200 se-

420 4229 612 4284 cunda:
658 4230 871 4301 synodi.
913 4229 1198 4286 Novatiaui
1246 4242 1423 4287 autem
1477 4236 1728 4304 appellati
1774 4247 1903 4291 sunt
1946 4245 1999 4292 et

422 4318 774 4384 Sahbatiani,
815 4337 843 4375 a
895 4325 1126 4390 quodam
1185 4326 1500 4395 presbytero
1549 4327 1826 4392 Sabbutio,
1877 4329 1994 4396 qui,

2029 3079 2079 3147 C

2201 594 2322 649 τῶν
2351 595 2702 667 σωζομένων
2736 601 2856 656 ἀπὸ
2894 604 3206 672 αίρετικῶν
3236 607 3528 677 δεχόμεθα
3562 613 3712 668 κατὰ

2202 687 2318 755 τὴν
2337 691 2826 761 ὐποτεταγμένην
2845 694 3212 750 ἀκολουθίαν
3235 698 3334 752 καὶ
3356 701 3710 768 συνήθειαν.

2214 777 2556 849 Ἀρειανοὺς
2574 781 2693 849 μὲν
2718 784 2813 836 καὶ
2836 786 3321 854 Μακεδονιανοὺς
3357 792 3455 844 καὶ
3488 797 3708 848 Σαϐϐα-

2201 872 2466 941 τιανοὺς,
2525 875 2624 928 καὶ
2694 875 3114 946 Ναυατιανοὺς
3137 919 3152 944 ,
3207 882 3351 948 τοὺς
3414 885 3709 954 λέγοντας

2195 961 2452 1029 ἑαυτοὺς
2487 967 2797 1035 Καθαροὺς
2845 968 2946 1022 καὶ
2991 970 3369 1040 Ἀριστεροὺς
3407 975 3552 1045 (79),
3603 978 3702 1032 καὶ

2195 1051 2337 1120 τοὺς
2382 1058 3102 1128 Τεσσαρεσκαιδεκατίτας
3146 1061 3279 1130 ἦτοι
3333 1067 3708 1136 Τετραδίτας,

2201 1144 2302 1198 και
2354 1146 2886 1219 Ἀπολλιναριστὰς
2930 1152 3246 1222 δεχόμεθα,
3295 1155 3572 1225 διδόντας
3612 1163 3708 1214 λι-

2197 1233 2301 1288 σέλ
2314 1235 2474 1303 love,
2511 1239 2610 1292 καὶ
2641 1237 3180 1310 άναθεματίζοντας
3210 1243 3417 1300 πᾶσαν
3445 1249 3703 1316 αἵρεσιν,

2186 1329 2272 1399 μὴ
2305 1331 2656 1399 φρονοῦσαν
2686 1335 2767 1400 ὡς
2795 1335 3007 1403 φρονεῖ
3027 1334 3065 1404 ή
3097 1336 3236 1407 ἁγία
3273 1338 3381 1392 τοῦ
3424 1340 3572 1394 Θεοῦ
3601 1359 3706 1397 κα·

2199 1421 2410 1491 θολικὴ
2443 1423 2540 1478 καὶ
2584 1426 2959 1495 ἁποστολικὴ
2997 1429 3326 1498 Ἐκκλησία
3347 1450 3359 1464 ο
3388 1434 3484 1486 καὶ
3513 1451 3705 1504 σφρα-

2191 1513 2537 1584 τιζομένους
2588 1515 2722 1584 ἤτοι
2777 1516 3134 1587 χριομένους
3170 1515 3406 1590 πρῶτον
3426 1524 3506 1590 τῷ
3557 1524 3706 1597 ἁγίῳ

2180 1606 2350 1672 μύρῳ
2380 1605 2450 1658 τό
2479 1623 2544 1659 τε
2572 1607 2854 1674 μέτωπον
2888 1608 2988 1661 καὶ
3032 1609 3175 1676 τοὺς
3222 1612 3568 1682 ὀφθαλμοὺς
3598 1615 3702 1670 και

2186 1699 2294 1763 τὰς
2325 1697 2496 1763 ῥῖνας
2525 1699 2712 1754 καὶτὸ
2741 1701 2935 1768 στόμα
2965 1702 3061 1754 καὶ
3095 1701 3167 1756 τὰ
3195 1697 3315 1758 ὦτα
3333 1722 3347 1735 ·
3375 1707 3473 1759 καὶ
3504 1723 3702 1777 σφρα-

2191 1787 2454 1858 γίζοντες
2520 1791 2745 1858 αὐτοὺς
2811 1794 3069 1863 λέγομεν
3093 1811 3108 1825 °
3179 1799 3440 1866 Σφραγὶς
3478 1799 3702 1870 δωρεᾶς

2191 1881 2536 1952 Πνεύματος
2562 1883 2758 1950 ἁγίου.
2790 1886 3200 1954 Εὑνομιανοὺς
3221 1889 3426 1957 μέντοι
3452 1892 3594 1958 τοὺς
3614 1891 3703 1960 εις

2182 1973 2330 2039 μίαν
2383 1974 2721 2029 κατάδυσιν
2774 1976 3272 2046 βαπτιζομένους,
3327 1981 3428 2034 καὶ
3473 1984 3702 2036 Morta-

2187 2066 2402 2132 νιστὰς
2434 2067 2581 2133 τοὺς
2618 2068 2877 2123 ἐνταῦθα
2909 2067 3280 2138 λεγομένους
3311 2069 3565 2140 Φρύγας,
3599 2074 3699 2128 καὶ

2186 2157 2632 2224 Σαϐελλιανοὺς
2659 2157 2804 2224 τοὺς
2845 2158 3236 2226 υίοπατορίαν
3263 2157 3690 2229 διδάσκοντας,

2186 2242 2284 2295 καὶ
2327 2243 2500 2312 ἕτερά
2553 2261 2687 2298 τινα
2741 2246 2979 2315 χαλεπὰ
3026 2248 3391 2316 ποιοῦντας,
3442 2252 3539 2304 καὶ
3594 2251 3699 2320 τὰς

2183 2334 2382 2403 ἄλλας
2433 2335 2638 2404 πάσας
2684 2335 2943 2405 αίρέσεις
2985 2339 3219 2409 (ἐπειδὴ
3265 2343 3496 2397 πολλοί
3537 2346 3697 2398 εἰσιν

2185 2426 2466 2494 ἐνταῦθα,
2483 2428 2752 2496 μάλιστα
2800 2432 2858 2483 οἱ
2893 2430 3011 2484 ἀπὸ
3044 2431 3155 2499 τῆς
3185 2431 3476 2488 Γαλατῶν
3500 2434 3696 2504 χώρας

2183 2517 2534 2586 ὁρμώμενοι)
2557 2558 2571 2582 ,
2607 2520 2842 2586 πάντας
2869 2521 3012 2586 τοὺς
3041 2520 3145 2577 ὑπ’
3173 2522 3373 2577 αὐτῶν
3401 2527 3694 2593 θέλοντας

2179 2609 2610 2675 προστίθεσθαι
2655 2609 2730 2678 τῇ
2775 2612 3089 2680 ὀρθοδοξίᾳ
3129 2613 3209 2681 ὡς
3251 2614 3558 2685 Ἕλληνας
3596 2619 3694 2673 δε-

2179 2700 2439 2767 χόμεθα,
2473 2701 2570 2754 καὶ
2601 2699 2716 2769 τὴν
2741 2702 3244 2773 πρώτην“ἡμέραν
3275 2707 3562 2776 ποιοῦμεν
3584 2709 3691 2762 αὑ-

2178 2789 2322 2856 τοὺς
2356 2791 2756 2858 Χριστιανοὺς
2775 2834 2789 2858 ,
2825 2792 2944 2861 τὴν
2973 2793 3043 2848 δὲ
3080 2795 3370 2864 δευτέραν
3399 2813 3690 2869 κατηχου-

2175 2879 2424 2949 μένους,
2486 2876 2616 2939 εἷτα
2667 2879 2744 2949 τῇ
2791 2883 2960 2953 τρίτῃ
3003 2883 3386 2956 ἐξορκίζομεν
3436 2888 3692 2955 αὐτοὺς,

2169 2969 2321 3039 μετὰ
2351 2971 2456 3025 τοῦ
2483 2971 2766 3041 ἐμφυσᾷν
2799 2974 3000 3040 τρίτον
3022 2979 3110 3040 είς
3136 2977 3202 3030 τὸ
3236 2979 3566 3045 πρόσωπον
3589 2981 3693 3034 και

2179 3063 2269 3130 εις
2319 3061 2392 3116 τὰ
2434 3058 2573 3118 ὦτα.
2614 3062 2725 3120 Kal
2773 3063 2962 3132 οὕτως
3009 3069 3395 3138 κατηχοῦμεν
3439 3070 3689 3138 αὐτοὺς,

2181 3156 2281 3210 και
2342 3156 2634 3224 ποιοῦμεν
2674 3157 2971 3226 χρονίζειν
2997 3160 3086 3226 είς
3114 3160 3233 3228 τὴν
3292 3162 3691 3231 Ἐκκλησίαν,

2178 3246 2277 3301 καὶ
2315 3246 2648 3314 ἀκροᾶσθαι
2691 3248 2810 3302 τῶν
2835 3249 3118 3319 Γραςρῶν,
3149 3251 3248 3306 καὶ
3295 3255 3432 3309 τότε
3469 3251 3692 3321 αὐτοὺς

2169 3338 2552 3406 βαπτίζομεν.

2175 3430 2372 3486 ΒΔΔΣ.
2424 3431 2520 3494 Εἰς
2565 3431 2658 3484 δύο
2689 3429 2891 3503 διαιρεῖ
2934 3435 2962 3487 ὁ
3002 3432 3183 3488 κανὼν
3221 3435 3350 3498 τοὺς
3381 3437 3691 3505 αἱρετικους

2103 3525 2230 3588 τοῦς
2271 3526 2740 3595 προσερχομένους
2779 3529 2874 3597 τῇ
2905 3525 3200 3599 Ἐκκλησία
3224 3545 3238 3560 ο
3288 3530 3386 3583 καὶ
3422 3530 3546 3593 τοὺς
3589 3530 3720 3601 μέν,

2105 3629 2240 3686 φησι
2273 3615 2359 3669 διὰ
2395 3612 2566 3685 μύρου
2604 3611 2880 3685 χρῖεσοαι,
2919 3615 3420 3688 ἁναθεματζζοντας
3467 3619 3690 3689 πρῶτον

2104 3706 2286 3761 πᾶσαν
2339 3704 2575 3775 αἵρεσιν,
2637 3707 2733 3759 καὶ
2788 3703 3186 3775 ὁμολογοῦντας
3248 3709 3547 3776 πιστεύειν,
3609 3713 3686 3774 ὡς

2104 3799 2139 3868 ἡ
2165 3797 2297 3866 ἁγία
2321 3799 2415 3852 τοῦ
2445 3796 2580 3851 Θεοῦ
2621 3797 2918 3865 Ἐκκλησία
2946 3802 3138 3866 φρονεῖ
3160 3813 3175 3828 ⁸
3207 3799 3334 3862 τοὺς
3365 3801 3419 3852 δὲ
3446 3797 3685 3870 διορίζει

2101 3904 2190 3945 ται
2227 3889 2287 3955 ἐξ
2317 3889 2480 3962 ὀρθοῦ
2517 3889 2897 3960 βαπτίζεσθαι.
2924 3891 3035 3944 Καὶ
3066 3890 3192 3953 τοὺς
3224 3893 3320 3960 μὲν
3349 3892 3494 3963 μόνῳ
3523 3891 3686 3965 μύρῳ

2100 3984 2348 4054 χρίεσθαι
2382 3981 2692 4051 ὀφείλοντας
2737 3975 2891 4034 εἶπεν
2928 3976 3070 4035 εἶναι
3127 3982 3460 4052 ’Δρειανοὺς,
3489 3984 3684 4037 Μακε-

2099 4075 2393 4139 δονιανοὺς,
2458 4073 2959 4145 Ἀπολλιναριστὰς,
2996 4074 3091 4126 καὶ
3123 4074 3507 4138 Ναυατιανοὺς
3555 4075 3682 4139 τοὺς

2099 4168 2387 4236 Καθαροὺς
2415 4166 2767 4236 λεγομένους,
2792 4157 2869 4219 ὧν
2895 4165 2994 4227 τὰς
3023 4164 3267 4236 αἱρέσεις
3299 4164 3682 4235 παρεδηλώσα-

2103 4277 2206 4329 μεν
2235 4262 2293 4312 ὲν
2317 4257 2394 4328 τῷ
2422 4259 2624 4329 πρώτῳ
2653 4259 2836 4310 κανόνι
2860 4258 2955 4326 τῆς
2973 4256 3256 4327 παρούσης
3278 4256 3536 4327 δευτέρας
3555 4273 3681 4309 συν-

2099 4351 2245 4404 όδου.
2276 4352 2342 4405 Ol
2373 4351 2704 4404 Ναυατιανοὶ
2749 4348 2805 4402 δὲ
2848 4348 3152 4418 ἐκλήθησαν
3195 4348 3291 4401 καὶ
3327 4347 3683 4400 Σαϐϐατιανοὶ

422 4427 574 4466 more
600 4410 846 4472 Judaico.
872 4413 1110 4467 Sabbata
1130 4419 1398 4469 servabat.
1430 4416 1787 4471 Nominantur
1814 4430 1993 4474 autent

2105 4441 2212 4494 ἀπὸ
2246 4440 2621 4512 πρεσϐυτέρου
2667 4439 2812 4504 τινος
2841 4410 3165 4498 Σαϐἀατίου,
3212 4437 3352 4491 κατὰ
3377 4437 3502 4500 τοὺς
3549 4437 3683 4492 Ἰου-

422 4501 585 4558 iidem
616 4512 670 4556 et
712 4502 953 4565 Sinistri,
989 4513 1174 4571 utpote
1223 4519 1437 4558 Iinanum
1489 4506 1762 4560 sinistram
1791 4509 1994 4564 abhor-

419 4603 622 4659 rentes,
647 4605 696 4653 et
727 4603 780 4646 ut
806 4611 898 4665 per
922 4610 1041 4650 eam
1069 4596 1360 4665 quidquam
1387 4599 1653 4667 accipiant
1681 4599 1731 4653 in
1755 4601 1993 4658 animum

419 4700 530 4740 non
572 4685 913 4741 inducentes.
943 4687 1418 4753 Quartadccimani
1463 4698 1642 4744 autem
1666 4705 1772 4746 seu
1806 4691 1997 4744 Tetra-

416 4779 543 4834 ditaa
595 4779 870 4844 dicuntur,
928 4779 1018 4850 qui
1077 4779 1279 4833 Pascha
1334 4795 1438 4835 non
1483 4781 1534 4835 in
1587 4781 1676 4836 die
1717 4783 1995 4839 Dominico

414 4874 712 4937 celebrant,
767 4873 864 4929 sed
919 4873 1133 4940 quando
1185 4872 1587 4942 quartadecima
1637 4874 1761 4930 luna
1808 4876 1992 4944 fuerit,

414 4967 728 5038 quicunque
768 4967 815 5022 is
851 4967 916 5021 sit
950 4966 1104 5030 dies;
1153 4965 1296 5035 quod
1342 4976 1430 5021 est
1461 4964 1696 5020 Jttdaicm
1731 4971 1998 5038 supersti-

415 5061 578 5115 tionis
606 5061 840 5114 tuaxime
863 5060 1161 5129 pI'Opl'itIm.
1214 5057 1380 5111 iidem
1409 5069 1596 5114 autem
1616 5061 1780 5115 etiam
1806 5063 1998 5117 Tetra-

415 5155 538 5211 δίκε
561 5155 838 5219 dicuntur,
863 5152 1008 5222 quod
1031 5168 1153 5206 cum
1178 5151 1381 5206 Pascha
1407 5153 1701 5210 celebrant.
1728 5155 1992 5226 jejunium

421 5262 529 5300 non
581 5247 818 5313 solvunt,
871 5247 965 5303 sed
1011 5245 1260 5315 jejunant
1308 5246 1450 5300 sicut
1501 5255 1556 5301 et
1601 5263 1718 5313 nos,
1773 5261 1995 5318 quartas

417 5338 583 5394 ferias
631 5356 644 5392 :
688 5337 894 5394 iaciunt
937 5347 1116 5394 autem
1160 5338 1260 5393 hoc
1296 5339 1402 5392 ritu
1447 5337 1700 5397 Iudaico.
1739 5344 1776 5398 li
1821 5348 1989 5414 enim,

2101 4532 2282 4595 δαίους
2335 4531 2777 4596 σασδατίζοντος.
2833 4530 3138 4583 Καλοῦνται
3185 4528 3243 4581 δὲ
3275 4529 3323 4581 οἱ
3379 4529 3534 4583 αὐτοὶ
3587 4528 3685 4581 καὶ

2113 4626 2439 4695 ’Δριστερο“ι,
2481 4625 2557 4690 ὡς
2593 4624 2693 4694 τὴν
2725 4624 3019 4695 ἀριστερὰν
3054 4625 3211 4697 χεξρα
3252 4622 3679 4693 βδελυττόμενοι,

2100 4719 2193 4770 καὶ
2234 4718 2309 4788 μὴ
2341 4719 2656 4788 ἀνεχόμενοι
2690 4717 2757 4770 δι’
2795 4715 2963 4785 αὐτῆς
3001 4715 3061 4768 τὸ
3093 4715 3271 4768 ὁτιοῦν
3304 4713 3682 4783 ὑποδέχεσθαι.

2100 4809 2753 4881 Τεσσαρεσκαιδεκατῖται
2780 4808 2836 4861 δὲ
2862 4807 3107 4876 λέγονται
3134 4809 3302 4878 ἤγουν
3336 4805 3682 4875 Τετραδτται,

2099 4897 2295 4960 οἵτινες
2326 4896 2387 4949 τὸ
2417 4897 2608 4967 Πάσχα
2637 4896 2883 4950 τελοῦσιν
2923 4897 3022 4949 οὐκ
3052 4899 3110 4949 ὲν
3142 4898 3416 4966 κυριακῇ,
3449 4895 3564 4948 ἀλλ’
3592 4895 3683 4948 ὅτι

2099 4989 2720 5061 τεσσαρεσκαιδεκαταία
2776 4992 2809 5061 ἡ
2861 4989 3058 5060 σελήνη
3111 4988 3356 5058 γένηται,
3414 4988 3472 5039 ὲν
3616 4987 3685 5040 ἂν

2101 5083 2284 5153 ἡμέρᾳ
2331 5083 2491 5156 τύχῃ,
2529 5083 2666 5154 ὅπερ
2715 5083 2814 5153 τῆς
2855 5083 3152 5152 Ἰουδαϊκῆς
3200 5079 3497 5152 θρησκείας
3535 5081 3687 5132 ἐστὶν

2105 5175 2418 5229 ἱδιαίτατον.
2449 5176 2512 5228 Ol
2541 5175 2692 5229 αὐτοὶ
2722 5175 2910 5240 δὲκαὶ
2941 5173 3259 5240 Τετραδῖται
3286 5171 3566 5239 λέγονται,
3597 5170 3678 5222 ὅτι

2099 5268 2162 5321 τὸ
2197 5269 2386 5338 Πάσχα
2418 5267 2765 5339 ἑορτάζοντες
2790 5268 2851 5321 οὑ
2877 5266 3260 5328 καταλύουσιν,
3294 5262 3427 5317 ἀλλὰ
3458 5260 3680 5334 νηστεύ-

2098 5379 2251 5414 ουσιν
2275 5403 2290 5429 ,
2320 5361 2508 5433 ὥσπερ
2550 5363 2711 5432 ἡμεῖς
2739 5360 2835 5425 τὰς
2863 5359 3126 5429 τετράδας
3149 5372 3165 5391 ο
3193 5355 3406 5410 ποιοῦσι
3431 5355 3489 5408 δὲ
3522 5351 3680 5409 τοῦτο

1629 5464 1831 5525 (ὶυὶῐι.
1865 5468 2193 5549 Beveregii
2234 5479 2426 5535 notae.

487 5589 600 5665 (79)
615 5663 622 5665 _
637 5590 941 5665 καθαροὺς
954 5591 1075 5665 *καὶ
1097 5595 1468 5662 άριστερούς.
1507 5595 1812 5665 Legendum
1846 5596 1997 5651 haud.

415 5662 579 5735 tluliie
603 5661 857 5735 αριστους
888 5662 968 5735 vel
999 5663 1189 5715 saltem
1217 5661 1659 5735 καθαρώτέροῦς.
1711 5665 1851 5718 Sane
1880 5666 1990 5717 No-

415 5732 620 5790 τιιίεηί
653 5731 900 5803 nuspiam
944 5732 1197 5802 leguntur
1243 5751 1304 5793 se
1368 5731 1709 5809 ἀριστεροὺς
1741 5737 1988 5793 sinistros

2099 5607 2327 5656 vacasse
2359 5623 2372 5656 :
2408 5607 2501 5658 sed
2537 5606 2717 5673 potius
2747 5620 2804 5658 sc
2835 5604 3115 5671 ἀρεστους,
3145 5601 3383 5670 optimos
3429 5598 3685 5656 omnium

2100 5683 2152 5726 ct
2187 5675 2668 5741 prmstantissintos
2692 5691 2814 5731 esse
2840 5675 3194 5746 iactitarunt.
