4108 6200
367 279 482 342 ³45

1551 279 1632 348 IN
1654 282 1824 347 CAN.
1866 281 1976 346 Vl-l
2011 283 2227 350 CONC.
2261 279 2372 345 (ΖΡ.
2411 281 2490 345 II.

3522 285 3627 351 316

371 387 520 439 κατὰ
551 387 680 450 τοὺς
722 387 1030 455 Ἰουδαίους.
1077 381 1238 446 Οὗτοι
1269 392 1376 463 γάρ
1407 392 1544 463 μετὰ
1572 395 1634 446 τὸ
1675 395 1950 464 πασχάσαι

2057 396 2339 462 postquam
2375 391 2581 448 Pascha
2611 390 3034 460 celebraverint,
3096 401 3239 452 totos
3273 407 3476 468 septem
3507 400 3626 454 dies

370 480 468 530 ἰπὶ
511 478 661 540 ὅλαις
709 479 849 533 ἐπτά
892 482 1124 552 ἡμέραις
1167 485 1509 552 νηστεύουσι,
1559 487 1809 555 πικρίδας
1853 488 1946 539 καὶ

372 563 562 638 ἄζυμα
597 569 871 630 ἐσθίοντες
895 574 1033 626 κατά
1060 573 1158 643 τὴν
1181 573 1274 627 τοῦ
1305 576 1536 629 παλαιοῦ
1565 577 1730 647 νόμου
1762 576 1949 629 διάτα-

375 660 482 720 ξιν.
515 661 656 722 Τοὺς
694 661 751 713 δὲ
783 661 1244 728 ἀναϐαπτίζεσθαι
1278 667 1589 734 ὀφείλοντας
1620 664 1774 720 εἶπεν
1808 665 1947 721 εἶναι

375 749 764 818 Εύνομιανοῦς.
787 753 915 814 τοὺς
938 755 1015 814 εἰς
1037 755 1165 822 μίαν
1188 757 1477 810 κατάδυσιν
1501 757 1890 826 βαπτιζομένου
1907 776 1944 824 ·,

373 842 469 892 καὶ
499 841 898 906 Μοντανιστὰς,
937 845 1062 906 τοὺς
1091 844 1233 898 οὕτω
1268 847 1567 922 κληθέντας
1600 848 1707 901 ἀπὺ
1738 849 1946 902 Μοντα-

372 932 468 984 νοῦ
499 949 665 999 τινος,
698 934 1056 1004 Παράκλητον
1081 936 1271 989 ἑαυτὸν
1303 940 1820 1009 προσαγορεύοντος,
1854 941 1946 994 καὶ

369 1022 462 1075 διά
490 1023 584 1076 δύο
616 1023 836 1092 φαύλων
870 1029 1162 1094 γυναικῶν,
1188 1030 1287 1097 τῆς
1307 1045 1366 1082 τε
1396 1031 1693 1098 Πρισκίλας
1724 1031 1818 1085 καὶ
1849 1033 1948 1100 τῆς

369 1110 688 1182 Μαξιμίλας
711 1154 727 1179 ,
757 1116 1257 1188 ψευδοπροφητείας
1286 1122 1778 1189 ἀποφοισάζοντος·
1811 1124 1948 1192 πρὸς

368 1205 431 1258 δι
479 1206 576 1260 καὶ
608 1207 999 1269 Σαδελλιανοὺς
1030 1211 1157 1273 τοὺς
1195 1211 1365 1276 οὕτως
1412 1213 1809 1282 ὀνομασθέντας
1839 1215 1946 1268 ἀπό

369 1291 521 1360 τινος
573 1296 862 1351 Σαϐελλίου
914 1299 1163 1368 λέγοντος
1215 1305 1352 1372 μετά
1396 1305 1504 1358 τῶν
1552 1305 1726 1361 ἄλλων
1781 1307 1944 1360 αὐτοῦ

370 1383 776 1458 φλυαριῶνλτὺν
805 1388 967 1441 αὐτὸν
1005 1385 1142 1444 εἶναι
1180 1394 1427 1463 Πατέρα,
1463 1395 1554 1448 τὸν
1586 1396 1747 1450 αὑτὸν
1779 1398 1938 1461 Υίδν,

370 1473 467 1526 τὸν
498 1475 662 1529 αὑτὸν
692 1477 844 1545 ἆγιον
877 1478 1122 1550 Πνεῦμα,
1153 1482 1227 1544 ὠς
1257 1479 1396 1538 εἶναι
1425 1487 1484 1539 ἐν
1515 1489 1616 1558 μιᾷ
1651 1488 1946 1543 ὑποστάσει

370 1566 521 1633 τρεῖς
555 1566 852 1637 ὀνομασίας
873 1584 886 1598 ·
925 1571 998 1634 ὡς
1030 1574 1088 1624 ὲν
1121 1572 1393 1645 ἀνθρώπῳ
1425 1577 1613 1645 σῶμα,
1653 1578 1746 1631 καὶ
1770 1578 1947 1651 ψυχὴν

2044 482 2332 552 jejunant,
2369 485 2606 539 lactucas
2655 496 2894 555 agrestes
2937 495 2990 540 et
3035 503 3225 558 azyma
3262 492 3624 556 comedentes,

2046 573 2203 643 juxta
2256 575 2455 628 veteris
2507 575 2638 645 legis
2683 577 3145 631 constitutionem.
3199 577 3628 648 Rebaptizaudos

2049 675 2227 719 autem
2260 681 2381 721 esse
2412 666 2546 720 dixit
2579 666 2968 732 Eunomiauos,
3003 668 3094 737 qui
3142 684 3245 721 uua
3285 671 3628 729 demersioue

2049 756 2352 825 baptizant,
2390 768 2444 812 et
2488 757 2869 825 Montanistas,
2903 776 2931 814 a
2967 762 3196 828 quodam
3247 762 3500 818 Montano
3527 767 3628 831 ,sic

2049 849 2246 913 dictos,
2275 849 2366 915 qui
2412 865 2472 905 se
2515 848 2857 906 Paracletum
2887 852 3192 921 appellabat
3227 870 3242 908 :
3274 865 3326 908 et
3365 871 3463 925 per
3493 858 3627 912 duas

2049 940 2324 1007 improbas
2359 941 2629 1005 mulieres,
2655 939 2954 997 Priscillam
2979 955 3031 998 et
3059 944 3433 1009 Maximillam,
3466 949 3627 1004 falsas

2046 1033 2355 1100 prophetias
2380 1043 2434 1086 ut
2453 1033 2639 1088 thbi
2671 1036 2892 1090 numine
2919 1035 3130 1091 afﬂatus
3159 1039 3368 1094 edebat.
3397 1040 3629 1093 Praeter-

2046 1135 2109 1175 ea
2156 1131 2332 1176 autem
2389 1133 2442 1176 et
2488 1123 2854 1187 Sabellianos,
2906 1141 2934 1176 a
2984 1125 3219 1180 Sabellio
3259 1126 3492 1196 quodam
3546 1129 3628 1182 sic

2047 1212 2375 1279 nominatos,
2425 1216 2514 1282 qui
2555 1214 2716 1268 etiam
2757 1227 2876 1268 cum
2927 1216 3047 1270 aliis
3094 1218 3414 1285 quibusdam
3451 1219 3606 1286 nugis

2045 1302 2279 1369 dicebat,
2307 1306 2551 1360 eumdem
2579 1319 2698 1360 esse
2740 1305 2976 1371 Patrem,
3010 1303 3236 1369 Filium,
3276 1318 3329 1363 et
3367 1309 3623 1378 Spiritum

2049 1403 2296 1448 sanctqu
2325 1408 2340 1460 ;
2366 1405 2422 1447 ut
2452 1394 2561 1450 sint
2592 1396 2644 1448 in
2673 1411 2777 1449 una
2814 1411 3046 1464 persona
3083 1397 3184 1451 tria
3217 1399 3453 1459 nomina,
3485 1399 3629 1452 sicut

2048 1489 2102 1545 iu
2146 1485 2361 1539 homine
2399 1498 2620 1555 corpus,
2654 1497 2706 1541 et
2748 1490 2924 1541 anima
2963 1498 3014 1542 et
3047 1488 3272 1557 spiritus
3311 1508 3322 1543 :
3361 1489 3444 1543 vel
3481 1499 3536 1540 ut
3573 1490 3626 1541 in

2049 1576 2166 1630 sole
2195 1576 2387 1645 triplex
2414 1576 2676 1642 eﬂicacia,
2711 1578 2918 1632 scilicet
2952 1578 3406 1633 circumferentia:
3434 1581 3625 1648 tigura,
3701 1625 3704 1627 ,

369 1658 470 1710 καὶ
520 1657 760 1729 πνεῦμα,
807 1660 840 1730 ἢ
890 1660 966 1723 ὡς
1005 1664 1062 1714 ὲν
1107 1663 1241 1733 ἡλίῳ
1278 1668 1424 1735 τρεῖς
1463 1667 1743 1736 ἐνεργείας
1785 1668 1952 1738 ἤγουν

2058 1668 2138 1721 vis
2171 1668 2512 1722 illuminaudi
2551 1678 2605 1723 et
2635 1670 2718 1724 vis
2745 1670 3118 1725 calefaciendi.
3156 1672 3412 1725 Dicuntur
3445 1680 3624 1725 autem

369 1749 435 1799 τὸ
499 1749 595 1815 τῆς
658 1753 1015 1823 περιφερείας
1074 1755 1282 1824 σχῆμα,
1335 1756 1396 1808 τὸ
1453 1759 1802 1824 φωτιστικὸν,
1859 1759 1952 1812 καὶ

369 1834 434 1891 τὺ
491 1839 716 1895 θάλπον.
760 1843 1023 1911 Λέγονται
1076 1844 1135 1896 δὲ
1189 1846 1240 1898 οἱ
1295 1847 1658 1902 Μοντανισταὶ
1705 1849 1948 1919 Φρύγες,

369 1926 404 1999 ἢ
462 1929 526 1983 ἐκ
584 1949 728 1994 τινος
784 1934 1138 2005 αἱρεσιάρχου
1206 1937 1418 2007 Φρυγὸς
1469 1939 1502 2009 ἢ
1557 1939 1666 1992 ἀπὸ
1729 1940 1824 1992 τοῦ
1886 1940 1952 1993 ἐκ

368 2017 615 2090 Φρυγίας
653 2024 990 2095 ἀναφανῆναι
1028 2025 1256 2097 πρώτως
1292 2027 1390 2099 τὴν
1418 2029 1673 2098 τοιαύτην
1716 2031 1948 2101 αἵρεσιν.

365 2113 522 2184 Πρὸς
575 2115 786 2181 τούτοις
843 2117 1135 2173 καλοῦνται
1190 2121 1286 2174 καὶ⁵
1331 2122 1694 2186 Πεπουζιανοὶ
1741 2123 1848 2176 ἀπό
1872 2140 1953 2176 τι-

373 2221 468 2266 νος
525 2204 814 2271 Πεπούζας
866 2208 1212 2280 καλουμένης
1259 2210 1392 2279 παρ’
1440 2211 1621 2265 αὐτῶν
1674 2215 1814 2265 κατὰ
1853 2213 1952 2280 τὴν

383 2292 768 2368 Ἰερουσαλήμ.
833 2296 898 2351 Ol
945 2299 1000 2352 δὲ
1050 2300 1282 2354 τοιοῦτοι
1336 2301 1521 2354 λύουσι
1573 2302 1698 2364 τοὺς
1743 2302 1953 2372 γάμους

369 2386 452 2448 ὡς
503 2389 802 2457 μυσαροὺς,
853 2388 1203 2461 νηστεύουσιν
1244 2390 1527 2444 ἀλλόκοτον
1571 2392 1843 2463 νηστείαν,
1893 2391 1953 2444 τὸ

375 2476 572 2549 Πάσχα
618 2477 1051 2551 διαστρέφουσιν,
1099 2482 1177 2546 είς
1220 2482 1279 2535 ἓν
1317 2482 1610 2554 πρόσωπον
1648 2485 1745 2554 τὴν
1789 2484 1952 2552 ἁγίαν

372 2564 588 2637 τριάδα
625 2569 960 2640 συναιροῦσι,
995 2571 1088 2624 καὶ
1119 2571 1432 2640 συγχέουσι,
1464 2573 1559 2627 καὶ
1596 2569 1735 2644 αἷμα
1765 2574 1952 2638 παιδὸς

372 2661 911 2731 κατακεντουμένου,
961 2662 1174 2734 ἀλεύρῳ
1216 2664 1611 2737 συμφύροντες,
1654 2666 1750 2718 καλ⁹
1789 2665 1953 2735 ἀρτο-

375 2749 664 2813 ποιοίντες
688 2751 1109 2822 προσφέρουσιν.
1133 2755 1241 2807 Καὶ
1269 2752 1438 2807 ταῦτα
1470 2755 1568 2824 μὲν
1596 2752 1787 2818 οὕτως.
1826 2755 1952 2808 Ἐάν

374 2839 431 2892 δέ
458 2857 544 2903 τις
567 2839 843 2909 δρθόδοξος
866 2845 1236 2914 Μοντινιστὴς
1264 2845 1488 2915 γένηται
1518 2846 1550 2915 ἢ
1577 2845 1950 2912 Σαϐελλιανὸς,

376 2933 473 2984 καὶ
506 2932 790 3004 βάπτισμα
829 2935 1123 3005 αίρετικῶν
1147 2935 1364 3006 δέξηται
1396 2936 1429 3007 ἢ
1465 2938 1539 3007 μὴ
1569 2937 1807 3006 δέξηται,
1842 2933 1952 3007 ἆρα

2052 1757 2393 1812 Μοηιαηίειαξ
2446 1759 2722 1830 Phryges,
2776 1761 2856 1814 vel
2897 1775 2926 1813 a
2976 1760 3208 1829 quodam
3264 1762 3627 1816 bteresiarcba

2051 1845 2288 1917 Phryge,
2319 1848 2398 1901 vel
2434 1865 2496 1901 rx
2528 1865 2593 1903 eo
2624 1851 2763 1919 quod
2798 1853 3030 1918 primum
3061 1867 3091 1905 e
3123 1851 3354 1922 Phrygia
3387 1853 3500 1905 baac
3528 1852 3631 1904 ha:-

2055 1939 2192 1993 resis
2221 1950 2408 1994 exorta
2443 1941 2535 1996 sit.
2574 1941 2836 1996 Praeterea
2869 1953 3048 1997 autem
3085 1953 3347 1997 vocantur
3372 1953 3424 1996 et
3454 1943 3630 2012 Pepu-

2054 2030 2216 2095 ttiani,
2269 2047 2334 2085 ex
2394 2033 2633 2101 quadam
2689 2035 2908 2102 regione
2961 2034 3173 2104 Pepuza
3227 2035 3372 2089 dicta
3428 2035 3495 2088 ab
3550 2034 3631 2089 eis

2053 2117 2412 2177 Hierusalem.
2473 2122 2575 2188 Qui
2642 2133 2824 2176 autem
2885 2124 3018 2177 tales
3069 2133 3234 2188 sunt,
3295 2125 3508 2192 nuptias
3573 2132 3630 2177 ut

2055 2212 2432 2269 abltorrendas
2481 2214 2717 2278 solvunt,
2767 2214 3000 2269 alienum
3047 2216 3308 2284 jejunium
3360 2215 3630 2284 jejuuant,

2053 2301 2258 2356 Pascha
2309 2314 2646 2372 pervertunt,
2703 2314 2947 2359 sanctam
2991 2306 3313 2360 Trinitatem
3359 2307 3412 2360 in
3465 2319 3627 2358 unam

2054 2409 2340 2462 personam
2379 2397 2707 2450 contrahunt
2739 2405 2790 2448 et
2822 2395 3181 2459 confundunt,
3213 2406 3266 2449 et
3301 2395 3622 2464 sanguinem

2054 2488 2234 2556 pueri,
2263 2487 2356 2553 qui
2389 2496 2615 2555 punctus
2659 2485 2841 2550 fuerit,
2886 2485 3073 2540 fariuaa
3106 2487 3541 2551 commiscentes,
3575 2496 3631 2540 et

2053 2593 2219 2647 panes
2259 2579 2546 2641 facientes,
2597 2577 2851 2631 oll'erunt.
2902 2575 2967 2630 Et
2998 2577 3111 2632 haec
3160 2579 3374 2648 quidem
3430 2577 3523 2632 ita.
3571 2577 3628 2632 Si

2052 2671 2176 2740 quis
2205 2681 2384 2724 autem
2414 2669 2774 2732 orthodoxus,
2809 2667 3133 2723 Montanisla
3171 2669 3252 2724 vel
3290 2669 3631 2724 Sabellianus

2056 2766 2231 2818 factus
2281 2762 2374 2825 sit,
2425 2770 2480 2816 et
2527 2760 2900 2815 haereticorum
2942 2759 3264 2827 baptismum
3310 2758 3629 2825 susceperit,

2055 2869 2183 2909 num
2221 2855 2341 2908 talis
2375 2853 2670 2907 chrismate
2709 2853 3020 2919 inungetur,
3049 2858 3142 2904 aut
3181 2850 3628 2919 rebaptizabitur,

2055 2953 2113 2998 ut
2150 2925 2327 2998 caeteri
2362 2941 2730 2998 Montanistael
2761 2942 2951 3007 Quaere
2992 2940 3057 2994 de
3097 2939 3199 2994 hoc
3227 2941 3414 3008 primae
3441 2939 3630 3008 synodi

376 3027 404 3078 ὁ
447 3025 692 3088 τοιοῦτος
725 3026 880 3099 μύρῳ
908 3027 1280 3099 χρισθήσεται,
1313 3029 1346 3100 ἢ
1383 3028 1946 3100 ἀναϐαπτισθὴσεται,

2056 3047 2177 3086 can.
2205 3032 2272 3088 l9
2297 3043 2352 3085 et
2375 3038 2685 3086 sanctorum
2709 3029 3074 3099 apostolorum
3096 3041 3358 3083 canonem
3386 3030 3475 3084 8⁸1.
3495 3027 3629 3081 Nota

377 3115 455 3178 ὡς
491 3116 540 3168 οἱ
574 3115 732 3170 λοποὶ
759 3118 1156 3185 Μοντανισταί;
1189 3121 1348 3190 Ζήτει
1403 3123 1532 3191 περὶ
1560 3121 1750 3175 τούτου
1781 3121 1879 3192 τῆς
1905 3117 1952 3173 α’

382 3207 605 3262 συνόδου
629 3210 828 3263 κανόνα
866 3209 929 3262 ιθ’
971 3213 1065 3263 καὶ
1093 3213 1200 3265 τῶν
1226 3211 1396 3279 ἁγίων
1417 3213 1731 3266 ἀποστόλων
1755 3213 1956 3268 κανόνα

2054 3133 2232 3177 autem
2260 3137 2326 3177 ex
2359 3122 2606 3191 praesenti
2635 3134 2864 3186 canone,
2895 3118 3041 3190 quod
3069 3133 3258 3174 omnes
3285 3133 3389 3172 una
3417 3121 3630 3173 demer—

2055 3214 2210 3268 sioue
2241 3215 2504 3285 baptizati
2541 3213 2973 3282 rebaptizantur.

383 3297 493 3367 με’.
540 3301 856 3370 Σημείωσαι
887 3301 946 3356 δὲ
987 3302 1097 3356 ἀπὸ
1139 3303 1234 3357 τοῦ
1284 3304 1550 3375 παρόντος
1589 3305 1813 3370 κανόνος
1857 3305 1940 3358 ὅτι
1969 3301 2167 3370 πάντες
2221 3307 2274 3362 ol
2347 3306 2737 3379 βαπτιζόμενοι
2811 3306 2891 3370 είς
2933 3304 3064 3376 μίαν
3136 3303 3426 3358 κατάδυσιν
3468 3301 3633 3361 πάλιν

385 3388 763 3462 βαπτίζονται.

453 3488 696 3542 ΖΩΝΑΡ.
751 3490 940 3549 Ὅπως
987 3489 1092 3560 χρὴ
1135 3489 1385 3562 δέχεσθαι
1431 3492 1558 3555 τοὺς
1592 3492 1650 3559 ἐξ
1687 3491 1954 3562 αἱρέσεων

389 3582 865 3654 προσερχομένους
903 3585 968 3654 τῇ
1003 3582 1137 3653 ὀρθῇ
1171 3584 1386 3649 πίστει,
1417 3585 1445 3638 ὁ
1491 3581 1682 3656 παρὼν
1712 3584 1955 3637 διδάσκει

390 3675 591 3730 κανών.
634 3674 774 3737 Τοὺς
822 3673 921 3744 μὲν
958 3673 1050 3728 οὖν
1101 3674 1307 3728 τούτων
1338 3676 1438 3728 οὐκ
1489 3672 1956 3737 ἀνασαπτίζεσθαι

391 3763 776 3824 διατάττεται,
815 3761 949 3815 ἀλλά
977 3761 1253 3825 λιὸἐλλους
1292 3764 1670 3827 ἀπαιτεῖσθαι,
1707 3764 1958 3834 ἐγγραφα

392 3851 635 3924 δηλονότι
661 3853 757 3916 τάς
779 3853 935 3920 δόξας
955 3854 1131 3906 αὐτῶν
1155 3854 1619 3924 ἀναθεματίζοντα
1648 3855 1740 3908 καὶ
1769 3854 1956 3924 στηλι-

394 3945 625 3999 τεύοντα
659 3946 759 4013 τὴν
811 3944 1131 4009 κακοδοξίαν
1178 3946 1357 3999 αὐτῶν
1400 3949 1495 4000 καὶ
1534 3949 1713 4002 πᾶσαν
1744 3947 1958 4017 αἵρεσιν

2131 3483 2385 3542 ιοΝΑιι.
2425 3481 2796 3539 Redeuntibus
2819 3481 2888 3536 ad
2918 3487 3118 3552 rectam
3151 3479 3307 3534 [idem
3344 3477 3632 3533 haereticiso

2061 3592 2180 3647 quae
2215 3591 2336 3629 cum
2381 3577 2460 3630 eis
2492 3574 2684 3643 agendi
2729 3573 2869 3628 ratio
2915 3574 3144 3628 tenenda
3179 3570 3272 3634 sit,
3299 3570 3399 3624 hoc
3428 3583 3633 3624 canone

2057 3666 2452 3738 praescribitur.
2485 3664 2635 3720 Alios
2682 3664 2906 3727 etenim,
2958 3677 3063 3716 non
3108 3661 3300 3716 iterato
3345 3661 3632 3730 baptismo,

2059 3760 2154 3816 sed
2195 3757 2407 3814 libellos
2441 3757 2812 3812 tantummodo
2843 3754 3182 3818 exhibentes,
3218 3753 3320 3808 hoc
3352 3763 3455 3815 est,
3495 3750 3632 3805 scri-

2062 3859 2180 3921 ptos
2207 3863 2237 3903 a
2262 3864 2319 3904 se
2345 3847 2643 3910 codicillos,
2674 3847 2868 3914 quibus
2889 3844 3172 3916 opiniones
3201 3857 3325 3897 suas
3350 3841 3634 3902 damnent,

2057 3951 2110 3996 et
2132 3954 2372 3995 errorem
2402 3954 2560 3993 suum
2594 3936 2816 3991 infamia
2857 3942 3062 4000 notent,
3095 3942 3148 3986 et
3183 3931 3487 3986 universam
3527 3929 3634 3982 Iuc—

391 4038 697 4107 ἀναθέματι
727 4037 1118 4093 ὑποεάλλοντα.
1151 4039 1270 4091 Εἰσὶ
1290 4039 1344 4092 δὲ
1362 4033 1508 4093 οὗτοι
1547 4039 1838 4109 Ἀρειανοὶ,
1867 4039 1954 4093 καὶ

2067 4030 2231 4086 resim
2282 4036 2661 4090 exsecrentur,
2709 4025 2918 4079 admitti
2959 4024 3152 4094 placet.
3188 4020 3321 4076 Sunt
3359 4020 3409 4073 in
3436 4033 3499 4072 eo
3531 4034 3635 4071 nu-

395 4128 808 4194 Μακεδονιανοὶ,
837 4128 930 4181 καὶ
959 4129 1311 4196 Ναυατιανοὶ,
1342 4133 1390 4183 οί
1418 4130 1644 4193 ἑαυτοὺς
1673 4130 1954 4199 Καθαροὺς

2064 4134 2213 4174 mero
2251 4118 2460 4184 Ariani,
2499 4115 2974 4182 Macedoniamque
2998 4124 3053 4168 et
3076 4111 3381 4172 Novatiani,
3407 4111 3513 4171 illi,
3541 4109 3635 4177 qui

393 4222 752 4292 ὀνομάζοντες
771 4261 786 4285 ,
820 4217 895 4278 ὧν
923 4223 1020 4285 τὰς
1047 4221 1288 4293 αἱρέσεις
1316 4220 1802 4292 προδεδηλώκαμεν
1820 4259 1834 4285 ,
1866 4221 1954 4298 καὶ

2064 4224 2184 4266 sese
2213 4208 2479 4264 Catharos
2508 4206 2807 4269 nominaut,
2835 4217 3180 4274 quorumque
3219 4202 3450 4256 haereses
3472 4215 3635 4266 supra

395 4290 775 4380 Σαπατιανοὶ,
803 4306 877 4368 ὦν
903 4290 1142 4385 ἡγήσατο
1166 4290 1464 4376 Σαδὸἀτιός
1484 4290 1570 4376 τις
1591 4290 1954 4385 πρεσϐύτερος

2067 4298 2423 4354 indicavimus
2447 4313 2463 4354 :
2509 4305 2564 4352 et
2599 4294 2933 4361 Sabbatiani,
2960 4292 3162 4364 quibus
3187 4292 3402 4362 pratfuit
3430 4290 3637 4344 Sabba-

392 4407 491 4475 τῆς
531 4373 796 4477 αἱρέσεως
827 4373 1212 4462 τοῦηὶδίαυάτου
1241 4373 1491 4469 κάκεῖνος
1522 4373 1792 4475 ὧν,’ἔχων
1909 4373 1962 4460 τι
1987 4376 2041 4438 D
2070 4391 2175 4444 ιίυε
2208 4387 2423 4456 quidam
2457 4386 2742 4456 Ρτθεδῖιθτ
2767 4385 2814 4440 i5
2840 4398 3069 4477 quoque
3189 4382 3386 4477 lla‘vl'eSi
3421 4381 3634 4477 Νονθιξο

395 4503 493 4555 καὶ
524 4501 688 4554 πλέον
712 4501 951 4568 ἐκείνου,
982 4502 1076 4555 καὶ
1103 4501 1197 4555 τὸν
1223 4498 1544 4571 καθηγητὴν
1571 4498 1671 4567 τῆς
1702 4496 1966 4568 αἱρέσεως

396 4594 478 4654 είς
510 4591 710 4646 κακίαν
747 4592 935 4658 νικῶν,
974 4592 1068 4645 καὶ
1105 4593 1217 4654 τοῖς
1257 4590 1530 4654 Ἰουδαίοις
1567 4587 1964 4662 συνεορτάζων,

395 4683 492 4735 καὶ
517 4682 1199 4750 Τεσσαρεσκαιδεκατῖται,
1226 4681 1276 4734 οἳ
1307 4681 1368 4734 τὸ
1400 4683 1588 4750 Πάσχα
1619 4681 1966 4752 ἑορτάζουσιν

392 4777 495 4828 ούκ
517 4777 576 4828 ὲν
598 4777 875 4847 κυριακῇ.
905 4775 1020 4829 ἀλλ’
1046 4776 1133 4829 ὅτε
1154 4774 1774 4844 τεσσαρεσκαιδεκαταία
1805 4776 1839 4845 ἠ
1872 4791 1964 4827 σε-

394 4867 528 4938 λήνη
563 4869 789 4939 γένηται
813 4927 820 4936 ,
869 4871 928 4922 ὲν
954 4868 1040 4938 οἷα
1071 4868 1137 4922 ἂν
1164 4868 1345 4938 ἡμέρᾳ
1374 4867 1512 4938 τύχῃ
1550 4867 1754 4937 ταύτην
1781 4867 1963 4938 πλήρη

395 4961 696 5026 γενέσθαι*
760 4962 1076 5034 ἑορτάζουσι
1131 4961 1210 5027 δὲ,
1263 4961 1620 5032 νηστεύοντες
1675 4960 1820 5025 τότε,
1872 4960 1968 5013 καὶ

397 5049 830 5121 ἀγρυπνοῦντες,
846 5051 954 5104 ’καὶ
973 5049 1488 5121 Ἀπολλιναριασταί
1510 5067 1523 5081 ο
1546 5049 1644 5103 οὐκ
1668 5048 1968 5103 ἀναὸαπτί-

397 5139 587 5204 ζονται
632 5136 725 5194 οὖν
753 5137 926 5204 οὗτοι,
966 5143 1048 5194 ὅτι
1077 5142 1203 5212 περὶ
1235 5143 1292 5194 τὸ
1326 5141 1478 5210 ἅγιον
1513 5141 1796 5213 βάπτισμα
1845 5141 1967 5196 κατ’

397 5213 556 5283 οὐδὲν
579 5232 711 5300 ἡμῖν
733 5231 1106 5302 διαφέρονται,
1133 5231 1247 5286 ἀλλ’
1287 5233 1482 5303 ἐπίσης
1525 5235 1637 5296 τοῖς
1666 5233 1968 5304 ὁρθοδόξοις

401 5321 782 5389 βαπτίζονται.
826 5322 1342 5393 Ἀναθεματίζοντες
1375 5319 1468 5377 οὖν
1501 5323 1732 5388 ἕκαστος
1762 5324 1860 5394 τὴν
1889 5325 1967 5378 ol-

400 5412 558 5465 κείαν
590 5408 804 5480 αἵρεσιν
839 5413 1022 5476 ίδικῶς
1041 5453 1055 5476 ,
1092 5414 1187 5467 καὶ
1219 5416 1398 5467 πᾶσαν
1425 5415 1482 5468 δὲ
1508 5415 1704 5479 κοινῶς
1730 5417 1965 5487 αἵρεσιν,

400 5503 651 5572 χρίονται
694 5502 773 5573 τῷ
815 5503 956 5574 ἁγίῳ
1003 5503 1185 5574 μύρῳ,
1235 5507 1332 5560 καὶ
1381 5507 1448 5560 τὰ
1496 5505 1630 5560 ἄλλα
1688 5507 1967 5560 τελοῦνται

406 5592 551 5645 κατά
589 5593 681 5646 τὸν
703 5594 932 5648 κανόνα.
956 5598 1017 5650 Ol
1044 5597 1100 5650 δὲ
1128 5596 1451 5667 Εὖνομιανοὶ
1483 5600 1578 5652 καὶ
1605 5598 1960 5652 Σαϐελλιανοὶ

405 5676 482 5741 ὧν
513 5686 573 5742 al
602 5684 843 5757 αίρέσεις
873 5686 972 5760 ἤδη
991 5674 1126 5762 παρ’
1157 5691 1289 5763 ἡμῖν
1307 5689 1675 5762 ὲδηλώθησαν,
1705 5689 1798 5745 καὶ
1825 5691 1968 5746 Mou-

2067 4479 2160 4535 sed
2188 4479 2277 4548 qui
2325 4477 2523 4548 aliquid
2561 4487 2743 4531 tamen
2784 4476 2850 4530 ad
2884 4490 3001 4531 eam
3042 4474 3358 4536 addidisset,
3388 4483 3442 4527 et
3473 4473 3637 4542 tuaglo

2066 4581 2234 4627 strum
2259 4569 2520 4625 Novatum
2556 4568 2899 4637 improbitate
2933 4573 3271 4636 superasset,
3307 4563 3638 4633 festivosque

2067 4665 2180 4720 dies
2199 4677 2320 4718 cum
2345 4660 2545 4716 Judaeis
2569 4660 2670 4715 coli
2700 4659 2878 4714 vellet.
2897 4659 3029 4714 Cum
3054 4659 3136 4714 his
3161 4656 3637 4724 Quartadeeimaui

2066 4769 2282 4823 quoque
2314 4753 2404 4822 qui
2440 4751 2663 4805 Pascha:
2691 4749 2953 4805 solemnia
2987 4764 3092 4804 non
3122 4750 3207 4803 die
3236 4748 3515 4802 Dominica
3542 4746 3637 4802 sed

2068 4844 2276 4897 decima
2306 4852 2498 4912 quarta
2529 4842 2676 4905 luna,
2711 4855 3034 4911 quocunque
3069 4840 3284 4894 tandem
3311 4840 3396 4893 die
3426 4838 3637 4906 plenam

2067 4932 2212 4987 illam
2247 4933 2363 4986 fieri
2408 4930 2726 5000 contigerit,
2773 4929 2998 5001 jejuniis
3037 4941 3215 4982 autem
3262 4937 3316 4981 et
3361 4923 3640 4995 pervigilio

2069 5031 2279 5077 noctem
2312 5022 2570 5076 ducentes
2597 5020 2710 5090 98
2735 5021 3012 5075 celebrant
3038 5029 3092 5075 et
3117 5016 3536 5087 Apollinarist:e.
3556 5014 3639 5068 Ah

2069 5114 2154 5168 his
2181 5114 2344 5185 igitur
2378 5113 2712 5177 hominibus,
2748 5114 3004 5184 quoniam
3037 5113 3087 5167 in
3115 5127 3198 5174 ea,
3223 5124 3340 5178 quae
3370 5107 3437 5162 de
3469 5104 3636 5175 bapti-

2068 5223 2186 5264 smo
2214 5219 2316 5273 est,
2344 5209 2646 5279 disciplina,
2675 5207 2806 5263 nihil
2835 5224 2863 5262 a
2890 5208 3048 5263 nobis
3069 5207 3402 5274 discrepant,
3426 5203 3638 5259 eodem.

2067 5315 2171 5369 que
2212 5315 2456 5369 prorsus,
2501 5315 2610 5369 quo
2641 5299 2952 5364 orthodoxi,
2994 5299 3099 5352 ritu
3134 5296 3496 5365 baptizantur,
3543 5294 3638 5347 ba-

2069 5393 2324 5464 ptismum
2359 5402 2644 5463 propterea
2683 5392 2852 5461 repeti
2882 5407 2988 5445 nou
3029 5399 3260 5459 oportet.
3300 5389 3440 5442 Suos
3473 5385 3637 5456 igitur

2069 5483 2366 5552 sigillatim,
2411 5492 2464 5536 et
2512 5484 2648 5538 alios
2699 5483 2993 5553 generatim
3037 5499 3099 5536 ac
3138 5482 3388 5535 universe
3426 5490 3638 5531 errores

2069 5574 2341 5638 detestati,
2383 5590 2539 5630 sacro
2577 5573 2871 5629 chrismate
2905 5576 3254 5640 intinguntur,
3294 5570 3504 5638 aliaque
3546 5580 3638 5620 cao

2072 5680 2214 5723 noue
2255 5666 2566 5739 praescripta
2602 5674 2879 5735 peragunt.
2928 5663 3246 5720 Euuotniaui
3281 5675 3407 5716 vero
3451 5667 3503 5713 ct
3540 5655 3638 5710 Sa-
