4138 6210
300 363 414 428 353

1384 361 1464 422 IN
1493 338 1656 421 CAN.
1696 359 1786 418 IlI
1826 357 2038 423 certe.
2082 358 2344 420 senss.
2394 358 2505 421 IIl.

3452 362 3558 428 354

368 472 933 541 ἐπαλινδρόμησανν
980 470 1132 540 πρὸς
1188 472 1255 526 τὸ
1328 470 1443 539 τῆς
1496 470 1880 535 ἀποστασία(-

2062 480 2416 534 recurrernnl,
2450 470 2491 522 ii
2528 470 2764 537 omnino,
2811 477 2870 524 ut
2908 482 3105 526 sancta:
3143 470 3341 543 synodo
3390 473 3559 527 visunt

372 567 702 634 συνέδριον
730 583 744 597 °
792 566 1041 631 τούτους
1075 565 1273 629 πάντη
1303 566 1456 618 κατὰ
1492 564 1559 617 τὸ
1585 562 1777 627 δόξαν
1808 560 1885 630 τῇ

376 661 518 731 ἁγίᾳ
555 657 799 721 συνόδῳ
816 657 1179 723 ἀλλοτρίους
1211 653 1364 710 εἶναι
1404 654 1516 723 τῆς
1549 655 1884 722 ιερωσὺνης

380 752 479 805 καὶ
516 750 627 803 τοῦ
650 749 893 816 ,ϐαθμοῦ
923 749 1259 803 ἐκπίπτειν.

378 842 580 894 ΒΛΛΣ.
612 839 696 890 Τὰ
724 837 819 890 τοῦ
849 837 1116 906 παρόντος
1140 836 1185 907 β’
1203 834 1428 896 κανόνος
1458 830 1886 904 ήρμηνεύθησαν

303 938 365 990 ὲν
394 935 474 1004 τῷ
496 938 547 986 α’
574 929 785 994 κανόνι,
807 928 883 991 ὼς
912 929 981 982 τὰ
1012 926 1152 981 αὐτὰ
1182 924 1377 995 ἐκείνῳ
1401 922 1888 992 διαλαμὸἀνοντος.

305 1024 649 1097 Προστίθησι
703 1020 789 1075 se.
811 1015 967 1082 οὗτος
1014 1016 1438 1091 καθῃρημένους
1469 1013 1610 1069 εἶναι
1639 1015 1736 1067 καὶ
1761 1012 1888 1076 τοὺς

305 1116 742 1186 ὄπογράψειντας
774 1112 874 1182 μὲν
898 1113 957 1166 ὲν
983 1113 1049 1180 τῇ
1077 1109 1399 1180 καθαιρέσει
1431 1107 1528 1162 τοῦ
1552 1105 1881 1175 Νεστορίου,

306 1211 546 1279 ὕστερον
598 1208 656 1260 ὁὶ
720 1204 1118 1276 προστεθέντας
1169 1202 1247 1271 τῷ
1301 1201 1459 1271 μέρει
1504 1199 1599 1252 τοῦ
1640 1196 1886 1252 Ἰωάννου

316 1303 678 1373 Ἀντιοχείας.
716 1300 839 1354 Ὅτι
866 1298 922 1351 δὲ
947 1298 975 1349 ὀ
1005 1296 1186 1350 κανὼν
1222 1298 1279 1350 ἑν
1319 1294 1401 1364 τῷ
1427 1294 1575 1347 τέλει
1609 1293 1889 1364 μέμνηται

306 1394 727 1467 ἀλλοτριώσεως
778 1390 1083 1462 ἱερωσύνης
1127 1390 1223 1444 καὶ
1275 1389 1604 1451 ἐκπτώσεως
1652 1384 1885 1457 βαθμοῦ,

308 1491 433 1543 εἰπὲ
468 1485 911 1557 ἑκλαμϐἀνεσθαι
937 1484 1039 1554 τὴν
1073 1482 1174 1552 μὲν
1205 1481 1565 1551 ἀλλοτρίωσιν
1605 1479 1704 1549 τῆς
1730 1480 1891 1549 ἰερω-

309 1581 487 1648 σύνης
515 1580 595 1642 είς
646 1578 774 1639 τοὺς
827 1574 1185 1636 ἐπισκόπους,
1217 1575 1317 1642 τὴν
1370 1572 1427 1625 δὲ
1478 1571 1754 1624 ἔκπτωσιν
1791 1566 1886 1622 τοῦ

310 1670 532 1742 βαθμοῦ
584 1670 664 1732 εἰς
719 1666 814 1731 οὓς
871 1666 1077 1735 κυρίως
1132 1666 1181 1718 οί
1219 1664 1419 1734 βαθμοὶ
1470 1659 1887 1730 ὲξελήφθησαν·

2057 570 2156 627 est,
2191 564 2297 618 sint
2328 577 2361 615 α
2390 562 2683 617 sacerdotio
2713 561 2900 628 alieni,
2930 573 2977 617 et
2996 566 3165 633 gradu
3193 566 3463 621 excidant.

2060 832 2255 888 BALS.
2297 831 2395 889 Hie
2433 847 2604 888 canon
2637 834 2909 889 secundus
2947 838 3002 889 in
3030 837 3205 905 primo
3236 827 3455 894 canone.
3476 851 3561 897 est

1990 930 2288 993 expositus,
2316 934 2372 977 ιιι
2400 924 2490 994 qui
2522 925 2709 980 eadem
2734 939 2856 979 cum
2888 924 2980 980 illo
3009 935 3225 983 tractet.
3253 929 3352 983 Hic
3376 937 3555 982 autem

1988 1014 2256 1082 adiungit,
2287 1030 2384 1069 eos
2423 1017 2583 1068 etiam
2622 1028 2743 1071 esse
2789 1015 3080 1082 depositos,
3109 1019 3198 1086 qui
3240 1019 3291 1071 iu
3327 1017 3557 1073 Nestorii

1990 1109 2207 1177 quidem
2243 1109 2576 1177 depositione
2619 1109 3094 1180 subscripserunt,
3128 1111 3350 1167 Joannis
3364 1122 3555 1168 autem

1990 1196 2310 1252 Autiocbeui
2337 1198 2473 1266 parti
2500 1205 2681 1266 postea
2704 1210 3071 1257 accesserunt.
3091 1201 3355 1266 Quoniam
3379 1214 3559 1257 autem

2000 1302 2238 1357 praesens
2267 1304 2440 1344 canon
2470 1290 2523 1343 in
2553 1289 2655 1344 line
2685 1291 2929 1344 meminit
2954 1292 3293 1349 alienationis
3314 1308 3343 1346 a
3374 1308 3560 1349 sacer-

1990 1378 2159 1443 dolio,
2194 1388 2249 1433 et
2283 1393 2443 1434 casus
2471 1393 2501 1432 a
2547 1379 2738 1448 gradu,
2772 1380 2860 1435 dic
2897 1380 2970 1434 ita
3008 1381 3177 1450 accipi
3214 1392 3269 1435 ut
3298 1382 3562 1436 alieuetur

1989 1472 2205 1540 quidem
2234 1486 2265 1525 a
2287 1472 2592 1527 sacerdotio
2620 1473 2928 1544 episc0pus.
2956 1489 2985 1525 a
3014 1475 3181 1543 gradu
3206 1483 3384 1529 autem
3410 1476 3561 1529 exci-

1990 1561 2121 1618 dunt
2168 1562 2376 1623 clerici,
2409 1563 2461 1616 in
2492 1563 2690 1633 quibus
2720 1565 2935 1633 proprie
2979 1565 3181 1634 gradus
3222 1575 3507 1619 sumuntur
3541 1583 3558 1621 :

1991 1655 2064 1709 ita
2098 1663 2156 1709 ut
2182 1655 2361 1711 clerici
2398 1654 2616 1726 quidem
2656 1656 2721 1710 ad
2752 1666 2960 1725 partem
2999 1671 3182 1710 eorum
3217 1657 3309 1727 qui
3340 1656 3562 1711 defece-

310 1765 456 1817 ὧστε
486 1761 725 1822 καὶτοὺς
749 1756 1149 1829 προστεθέντος
1173 1756 1467 1825 κληρικοὺς
1491 1752 1569 1821 τῷ
1601 1752 1757 1823 μέρει
1779 1749 1888 1803 τῶν

1997 1754 2123 1800 runt
2162 1746 2644 1816 quomodocunque
2675 1747 3019 1810 accedentes,
3048 1746 3156 1801 sint
3193 1746 3442 1816 depositi.
3475 1746 3559 1801 lu-

310 1813 809 1917 ;rtoe‘satqadvsmv
855 1813 1209 1914 ὁπωσδήποτε
1260 1813 1686 1913 καθῃριλμένους
1726 1834 1886 1893 εἶναι.

2000 1836 2155 1890 terim
2188 1846 2369 1891 autem
2410 1813 2583 1894 canon
2618 1837 2828 1907 primus
2868 1837 3094 1906 loquens
3126 1837 3181 1892 in
3220 1813 3332 1893 line
3360 1839 3425 1893 de
3450 1837 3567 1906 epi-

309 1941 467 2003 Τέως
518 1939 574 1992 δὲ
627 1939 655 1990 ὁ
700 1934 747 1989 α’
795 1934 976 1989 κανὼν
1014 1934 1145 2004 περί
1173 1933 1491 1985 ἐπισκόπων
1521 1931 1696 1999 λέγων
1724 1931 1783 1983 ὲν
1812 1928 1891 1998 τῷ

310 2031 483 2091 τέλει,
516 2026 651 2096 φησι
679 2027 775 2080 καὶ
800 2025 900 2095 τὴν
927 2023 1236 2095 ἐπισκοπὴν
1269 2022 1501 2093 βαθμόν.

384 2120 639 2175 ΖΩΝΑΡ.
672 2117 780 2172 Τοῦ
840 2115 1173 2185 Ἀντιοχείας
1234 2113 1483 2168 Ἰωάννου
1536 2109 1632 2166 καί
1681 2109 1890 2164 Θεοδω-

314 2213 486 2283 ρήτου
533 2210 629 2263 καὶ
687 2208 833 2273 Ἴδα,
889 2207 966 2270 ὡς
998 2208 1237 2277 εἴρηται.
1289 2202 1725 2258 ἐναντιωθέντων
1775 2203 1889 2266 τοῖς

313 2304 504 2368 δόξασι
550 2300 630 2372 τῷ
676 2298 961 2371 ἀθροισμῷ
990 2298 1101 2351 τῶν
1144 2294 1431 2366 Πατέρων,
1457 2293 1602 2358 τινὲς
1639 2293 1735 2347 καὶ
1780 2292 1892 2346 τῶν

313 2397 496 2452 ἄλλων
553 2393 871 2447 ἐπισκόπων
918 2386 1345 2459 συνυπήχθησαν
1395 2385 1646 2451 ἐκείνοις,
1695 2383 1746 2437 οί
1792 2383 1892 2454 μὲν

313 2484 737 2553 ἀπολειφθέντες
763 2480 864 2552 τῆς
902 2477 1144 2541 συνόδου,
1173 2476 1222 2530 οἰ
1271 2474 1327 2528 δὲ
1371 2473 1894 2545 συμπαρουσιάσαν-

313 2595 429 2645 τες,
459 2577 557 2631 καὶ
586 2574 685 2645 τὴν
713 2573 814 2643 τῆς
842 2569 1217 2639 καθαιρέσεως
1249 2565 1345 2620 τοῦ
1386 2564 1682 2635 Νεστορίου
1713 2562 1893 2633 ψῆφον

314 2670 437 2730 ταῖς
482 2663 717 2726 οἰκείαις
766 2661 1118 2732 ύπογραφαῖς
1168 2654 1594 2727 βεϐαιώσαντες.
1620 2653 1758 2723 Περὶ
1783 2653 1892 2705 τῶν

313 2758 580 2814 τοιούτων
617 2755 711 2810 οῦν
740 2754 770 2807 ὁ
803 2751 997 2824 παρὼν
1039 2749 1402 2819 διαλαμϐάνει
1447 2745 1629 2802 κανὼν
1674 2743 1889 2799 δκπτὼ-

313 2870 439 2915 τους
494 2847 637 2903 εἶναι
676 2848 778 2918 τῆς
812 2843 1116 2915 ἱερωσύνης
1156 2841 1398 2904 ἐκείνους
1433 2837 1889 2908 διαταττόμενος·

314 2944 477 3002 τοῦτο
507 2942 638 3011 περὶ
662 2939 771 2993 τῶν
800 2936 1119 2991 ἐπισκόπων
1152 2932 1373 3002 νοητέον
1403 2948 1420 2965 ο
1471 2929 1533 2983 τὸ
1577 2928 1634 2983 δὲ
1672 2929 1769 2982 καί⁵
1795 2924 1892 2981 τοῦ

316 3034 530 3108 βαθμοῦ
590 3030 958 3091 ἐκπίπτοντας
1020 3026 1151 3097 περὶ
1205 3022 1486 3094 κληρικῶν
1540 3019 1844 3090 ὲκληπτέον
1871 3034 1887 3049 ’

316 3120 461 3182 οὗτοι
507 3123 618 3193 γὰρ
669 3121 774 3175 ὑπὸ
824 3115 1067 3189 βαθμούς
1114 3116 1280 3171 εἰσιν.
1334 3116 1396 3169 Οί
1439 3113 1542 3183 μὲν
1589 3112 1685 3167 οῦν
1725 3112 1894 3193 ἱερεῖς

321 3190 601 3289 μείζονύς-
633 3216 740 3266 εἰσι
781 3208 993 3281 βαθμοῦ
1043 3210 1162 3277 ἦτοι
1218 3206 1398 3274 ἀξίας,
1451 3207 1499 3258 οί
1549 3204 1607 3259 δὲ
1654 3190 1893 3289 διᾴκονοι

317 3310 571 3380 ἧττονος,
598 3305 692 3358 καὶ
726 3300 964 3368 καθεξῆς
996 3300 1046 3351 οἰ
1084 3297 1285 3351 λοιποί.

321 3401 550 3457 ΔΡΙΣΤ.
606 3396 715 3452 Καὶ
745 3395 913 3460 ὅστις
951 3390 1256 3459 Νεστορίῳ
1302 3389 1594 3458 σύμφρων
1622 3385 1724 3441 καί
1760 3387 1898 3456 ὀμό-

585 3505 751 3559 φρων
786 3488 1144 3550 ἐπίσκοπος,
1180 3480 1625 3549 ἁποκήρυκτος.

930 3578 1170 3635 ΚΑΝΩΝ
1199 3578 1305 3631 Γ’.’

323 3682 388 3735 ει
417 3677 488 3730 δέ
516 3665 680 3740 τινες
706 3672 827 3726 τῶν
860 3670 931 3724 ἐν
966 3668 1197 3735 ἑκάστῃ
1229 3668 1401 3721 πόλει
1431 3666 1470 3735 ἢ
1511 3664 1670 3733 χώρᾳ
1695 3667 1897 3730 κληρι-

396 3770 528 3824 κῶν
570 3766 690 3823 ὑπὸ
725 3764 1058 3829 Νεστορίου
1091 3758 1331 3812 καὶτῶν
1357 3757 1478 3811 σὺν
1514 3754 1675 3820 αύτῷ
1706 3755 1898 3808 ὄντων

389 3862 505 3928 τῆς
542 3857 874 3927 ιερωσύνης
903 3852 1302 3919 ἐκωλύθησαν
1320 3849 1419 3902 διὰ
1446 3848 1510 3902 τὸ
1543 3845 1730 3915 ὀρθῶς
1755 3862 1899 3914 sepo-

390 3954 547 4013 νεῖν.
567 3947 998 4014 ἐδικαιώσαμεν
1010 3942 1110 3997 καί
1125 3942 1373 4008 τούτους
1388 3941 1494 3995 τὸν
1505 3939 1661 4001 ἴδιον
1671 3939 1898 3993 ἀπολα·

398 4046 532 4101 ϐεῖν
561 4043 824 4110 βαθμόν.
855 4037 1079 4101 Κοινῶς
1110 4034 1179 4088 δὲ
1201 4032 1342 4100 τοὺς
1371 4030 1445 4099 τῇ
1474 4029 1770 4098 ὁρθοδόξῳ
1795 4028 1895 4082 καί

390 4131 782 4203 οίκουμενικῇ
803 4128 1044 4195 συνόδῳ
1059 4123 1558 4195 συμφρονοῦντας
1571 4118 1898 4187 κληρικοὺς

390 4226 724 4293 κελεύομεν
754 4220 881 4285 τοῖς
931 4214 1441 4281 ἀποστατήσασιν
1486 4210 1524 4278 ἢ
1568 4208 1896 4278 ἀφισταμέ-

390 4336 525 4381 νοις
571 4311 929 4373 ἐπισκόποις
971 4305 1105 4377 μηδ⁹
1140 4302 1297 4368 ὅλως
1348 4298 1703 4354 ὑποκεῖσθαι
1748 4296 1899 4351 κατὰ

388 4408 628 4480 μηδένα
651 4405 894 4473 τρόπον.

1996 1926 2197 1997 scopis,
2233 1928 2599 1999 episcopatum
2630 1944 2845 2000 quoque
2874 1930 3104 2000 gradum
3139 1929 3293 1985 dicit.

2068 2111 2321 2167 ZONAR.
2361 2111 2497 2167 Cum
2544 2112 2917 2167 Antiochenus
2963 2113 3275 2181 patriarcha
3320 2112 3562 2170 Joannes

1996 2213 2050 2260 et
2080 2204 2452 2260 Tlteodoretus
2480 2212 2535 2260 et
2562 2204 2696 2270 lbas,
2724 2214 3035 2258 sanctorum
3068 2204 3291 2281 Patrum
3320 2205 3564 2275 decreta,

1997 2305 2056 2349 ut
2085 2295 2343 2361 diximus,
2374 2295 2652 2351 inﬁrmare
2682 2296 2862 2351 conati
2895 2296 3144 2361 fuissent,
3181 2296 3318 2352 alios
3351 2312 3565 2367 quoque

1996 2385 2053 2442 in
2103 2400 2254 2442 suam
2300 2388 2623 2442 sententiam
2676 2386 2933 2456 prtesules
2981 2388 3289 2453 adduxere,
3335 2402 3565 2457 quorum

1998 2477 2166 2547 aliqui
2197 2492 2303 2532 non
2344 2487 2602 2553 venerant
2633 2476 2686 2532 iu
2718 2486 3047 2533 conventum
3080 2478 3293 2547 synodi,
3320 2477 3408 2531 alii
3442 2494 3565 2532 cum

1996 2569 2292 2623 adfuissent
2333 2568 2497 2623 etiam
2548 2567 2782 2623 Nestorii
2831 2568 3222 2636 depositionem
3270 2568 3385 2624 suis
3432 2569 3568 2624 sub-

1997 2659 2383 2730 scriptionibus
2413 2658 2820 2717 conﬁrmarant.
2852 2659 2998 2725 Quos
3027 2660 3242 2729 quidem
3278 2671 3563 2730 propterea

2006 2764 2207 2814 canon,
2260 2750 2404 2806 sacri
2456 2751 2695 2804 muneris
2740 2751 3032 2819 dignitate,
3070 2750 3395 2819 .Spuliandos
3443 2766 3566 2807 esse

2000 2838 2265 2911 decernit,
2291 2842 2434 2913 quod
2461 2842 2528 2898 de
2550 2842 2820 2911 episc0pis
2849 2842 3249 2911 intelligendum
3281 2851 3364 2896 est
3393 2859 3407 2895 :
3436 2841 3567 2898 illud

2000 2945 2201 2999 autem,
2234 2933 2403 3001 gradu
2432 2918 2687 2987 excidere
2713 2932 2780 2987 de
2812 2933 3027 2987 clericis
3055 2932 3429 2999 accipiendum
3464 2950 3481 2988 :
3511 2932 3566 2986 bi

2000 3024 2143 3078 enim
2190 3026 2289 3079 sub
2329 3024 2590 3093 gradibus
2634 3023 3006 3077 continentur.
3057 3022 3378 3077 Sacerdotes
3420 3022 3566 3076 enim

2000 3117 2260 3185 majorem
2307 3117 2531 3186 gradum
2582 3115 2697 3170 sive
2739 3114 3081 3182 dignitatem,
3134 3113 3342 3170 diaconi
3385 3123 3565 3171 autent

1999 3209 2285 3275 minorem,
2316 3216 2370 3262 et
2392 3208 2470 3262 sic
2497 3206 2752 3277 deinceps
2784 3205 2979 3275 reliqui
3015 3204 3284 3260 obtinent.

1993 3383 2221 3444 ARIST.
2264 3384 2331 3440 Et
2355 3384 2648 3456 quicunque
2675 3383 2942 3450 episcopus
2970 3380 3216 3436 Nestorio
3249 3380 3564 3449 assentitur,

2450 3478 2704 3547 fovetque,
2733 3472 3075 3528 abdicnndus.

2487 3568 2640 3636 101
2677 3552 2905 3621 CANON
2931 3565 3014 3621 ιιι.

1992 3658 2053 3716 Si
2078 3659 2168 3731 qui
2210 3666 2383 3713 autem
2424 3658 2478 3711 in
2513 3674 2821 3727 unaquaque
2854 3658 2998 3721 urbe,
3038 3659 3120 3710 vel
3161 3658 3364 3726 regione
3396 3653 3569 3708 clerici

2063 3751 2159 3806 sub
2193 3749 2442 3804 Nestorio
2492 3758 2541 3803 et
2582 3751 2648 3803 iis
2687 3750 2774 3817 qui
2803 3764 2918 3801 cum
2960 3750 3092 3815 ipso,
3127 3745 3416 3799 sacerdotio
3446 3752 3568 3797 sunt

2064 3842 2355 3903 interdicti,
2394 3857 2453 3895 eo
2498 3840 2638 3910 quod
2684 3849 2823 3893 recte
2872 3839 3123 3901 sentiant,
3176 3847 3229 3888 ιιι
3282 3836 3322 3889 ii
3369 3850 3570 3904 quoque

2065 3935 2332 4003 proprium
2381 3933 2604 4002 gradum
2660 3929 2933 3995 recipiant,
2976 3927 3180 3997 justum
3240 3926 3567 3978 censuimus.

2066 4027 2426 4083 Communiter
2446 4037 2621 4080 autem
2648 4024 2905 4086 omnibus,
2938 4025 3028 4090 qui
3057 4037 3171 4074 cum
3200 4021 3488 4076 orthodoxa
3520 4026 3569 4070 et

2067 4118 2561 4189 universalisynodo
2589 4116 2937 4177 consentiunt,
2962 4114 3160 4167 clericis
3184 4112 3451 4179 jubemus,
3482 4109 3569 4173 iis,

2067 4213 2157 4283 qui
2181 4211 2503 4266 desciverunt
2536 4208 2613 4262 vel
2643 4206 2940 4263 desciscunt
2969 4241 2984 4267 ,
3020 4202 3277 4271 episcopis
3310 4199 3452 4252 nullo
3477 4214 3568 4267 pe-

2062 4305 2203 4359 nitus
2244 4302 2396 4355 modo
2435 4299 2649 4366 subjici.
3258 4290 3263 4293 ⁷

392 4469 595 4555 ξιᾸΛΣ.
630 4469 752 4550 Tti
808 4492 1032 4547 εἰκότων
1075 4485 1144 4560 ἦν
1180 4504 1336 4550 τινας
1387 4484 1689 4556 κληρικοῦς
1737 4481 1893 4553 ὀρθο-

2017 4477 2023 4483 '
2071 4476 2266 4539 BALS.
2297 4477 2393 4532 Est
2420 4473 2718 4530 verisimile
2742 4472 2949 4543 aliquos
2982 4474 3206 4527 clericos
3235 4469 3563 4524 ortbodosos

322 4595 509 4661 δόξους
566 4589 641 4660 μὴ
693 4586 963 4658 φρονῆσαι
1011 4581 1080 4634 τὰ
1124 4578 1220 4632 τοῦ
1270 4576 1570 4646 Νεστορίου
1619 4573 1759 4646 me
1787 4571 1898 4625 τῶν

324 4682 837 4757 σνμφρονησὰντων
891 4674 1043 4745 αύτῷ
1077 4671 1422 4736 επισκόπων,
1450 4669 1547 4753 καὶ
1600 4668 1690 4720 διὰ
1738 4666 1898 4720 τοῦτο

323 4777 725 4847 ἀφορισθῆναι.
763 4768 1233 4837 ’Δποκαθίστησιν
1264 4759 1357 4817 οὖν
1402 4762 1430 4814 ὁ
1463 4760 1646 4815 κανὼν
1674 4759 1899 4822 τούτους

325 4873 404 4933 εἰς
431 4869 563 4930 τοὺς
591 4865 827 4926 οἰκείους
862 4862 1124 4933 βαθμοὺς,
1159 4856 1528 4929 προτεπάγων
1579 4853 1656 4923 μὴ
1706 4852 1900 4922 μόνους

324 4960 530 5021 αὐτοὺς
588 4956 733 5027 ἔχειν
783 4954 911 5015 τοὺς
970 4950 1174 5011 οἰκείας
1223 4946 1549 5016 ἐπιτιμίας,
1608 4945 1744 4998 ἀλλά
1802 4943 1901 4997 καὶ

325 5050 544 5109 πάντας
592 5045 719 5107 τοὺς
766 5042 1067 5112 κληρικοὺς
1111 5037 1220 5090 τῶν
1262 5034 1523 5089 τοιούτων
1578 5031 1900 5087 ἐπισκόπων

328 5141 456 5211 μηδ’
509 5138 651 5199 ὅλως
690 5130 1019 5188 ὑποκεῖσθαι
1065 5129 1250 5190 αὐτοῖς
1306 5127 1383 5189 ὥς
1432 5124 1899 5194 ἀποστατήσασιν.

393 5230 644 5285 ΖΩΝΑΡ.
683 5224 1043 5297 ΙΙατριάρχης
1071 5222 1170 5286 ὣν,
1212 5220 1289 5285 ὡς
1316 5220 1555 5290 εἴρηται,
1603 5217 1901 5269 Κωνσταν-

326 5319 699 5380 τινουπόλεως
726 5319 753 5371 ὁ
780 5315 1097 5385 Νεστόριος,
1127 5311 1373 5384 ἀφώρισέ
1410 5325 1564 5371 τινας
1599 5305 1901 5377 κληρικοὺς

332 5416 407 5485 μὴ
442 5407 893 5481 συμφρονοῦντας
928 5404 1098 5477 αὐτῷ.
1157 5403 1267 5458 Καὶ
1291 5402 1350 5455 ιν
1380 5400 1567 5463 ἄλλαις
1595 5398 1651 5451 δὲ
1680 5396 1901 5449 πόλεσιν

327 5510 374 5560 οἰ
402 5499 799 5575 ὁμοδοξοῦντες
835 5498 1030 5568 ἰκτίνῳ
1067 5494 1361 5549 ἐπίσκοποι
1404 5491 1464 5544 τδ
1492 5489 1626 5542 αὐτὸ
1660 5485 1901 5554 πεποιή-

329 5615 484 5652 κασι.
521 5594 667 5656 Τοὺς
694 5590 789 5645 οῦν
813 5591 915 5655 τῆς
948 5586 1254 5655 ἱερωσύνης
1298 5579 1667 5643 κωλυθέντας,
1708 5576 1785 5640 ὡς
1826 5576 1901 5647 μὴ

329 5685 743 5756 συντιθεμένοις
788 5685 855 5753 τῇ
897 5679 993 5733 τοῦ
1032 5675 1333 5747 Νεστορίου
1379 5671 1473 5726 καὶ
1520 5668 1628 5723 τῶν
1660 5667 1901 5739 ὁμοφρὸο

328 5802 435 5841 νων
492 5777 648 5850 αὐτῷ
680 5773 987 5846 κακοδοξίᾳ,
1016 5773 1050 5845 ἡ
1083 5771 1213 5843 ἁγία
1248 5768 1467 5828 σύνοδος
1507 5763 1596 5820 διὰ
1626 5760 1721 5815 τοῦ
1757 5777 1900 5832 παρο

2002 4586 2107 4626 non
2135 4570 2374 4627 sensisse
2402 4568 2564 4632 idem,
2593 4565 2736 4635 quod
2776 4562 3056 4619 Nestorius
3097 4570 3151 4617 et
3192 4560 3281 4629 qui
3318 4560 3390 4613 illi
3434 4573 3565 4614 cou-

1999 4659 2300 4715 sentiebant
2331 4654 2588 4724 episcopi,
2611 4663 2660 4708 et
2685 4660 2963 4724 pr0pterea
3000 4651 3163 4704 fuisse
3190 4646 3562 4704 excommuni-

1999 4742 2170 4805 catos.
2210 4747 2305 4803 llic
2333 4761 2461 4816 ergo
2486 4759 2656 4801 canon
2683 4758 2776 4800 eos
2804 4742 3039 4797 restituit
3072 4741 3125 4794 iu
3167 4740 3415 4810 proprios
3438 4753 3530 4807 gra
3548 4765 3565 4776 -

2001 4844 2100 4897 dus
2119 4882 2134 4906 ,
2168 4837 2405 4895 inferens
2430 4845 2711 4906 praeterea,
2742 4848 2834 4889 eos
2864 4819 2991 4895 non:
3005 4831 3175 4889 solum
3212 4829 3410 4884 habere
3437 4841 3566 4883 suos

2001 4933 2234 4987 honores
2262 4944 2327 4984 ac
2355 4926 2676 4998 dignitates,
2721 4924 2817 4980 sed
2854 4937 3043 4979 omnes
3067 4921 3252 4976 talium
3283 4920 3567 4990 episcopn~

2003 5046 2123 5085 rum
2151 5027 2374 5086 clericos
2415 5024 2497 5082 eis
2531 5035 2869 5093 nequaquam
2914 5017 3129 5090 subjici,
3169 5024 3225 5071 ut
3254 5015 3345 5086 qui
3390 5012 3567 5068 desci-

2000 5122 2197 5177 verint.

2074 5208 2327 5267 ZONAR.
2363 5207 2496 5262 Cum
2527 5204 2957 5275 patriarcharum
2998 5196 3298 5259 Nestorius,
3324 5205 3383 5248 ut
3422 5193 3567 5248 disi-

2004 5320 2143 5368 tuus,
2175 5296 2637 5367 Constantinopoli
2676 5301 2905 5365 gereret,
2938 5288 3160 5347 clericos
3196 5287 3458 5358 quosdam
3499 5287 3569 5353 ab

2004 5398 2124 5468 ipso
2158 5392 2540 5450 dissentientes
2579 5383 3088 5442 excommunicavit.
3118 5378 3262 5433 Idem
3292 5387 3469 5433 autem
3510 5385 3567 5432 ct.

2004 5491 2057 5544 lu
2109 5487 2231 5541 aliis
2278 5482 2502 5538 urbibus
2544 5495 2575 5534 a
2616 5476 2951 5532 Nestoriante
2998 5470 3247 5526 factionis
3296 5469 3566 5539 episcopis

2006 5577 2328 5633 factitatum.
2384 5570 2492 5625 Eos
2547 5570 2727 5636 itaque
2785 5563 2876 5633 qui
2933 5577 2962 5616 a
3008 5560 3312 5617 sacerdotio
3362 5557 3566 5626 depulsi

2004 5676 2129 5725 sunt
2160 5680 2225 5722 eo
2266 5663 2407 5736 quod
2446 5659 2599 5715 mala:
2647 5656 2899 5721 Nestorii,
2926 5655 3084 5729 eique
3116 5650 3563 5709 consentientium

2005 5757 2267 5831 Opinioni,
2293 5766 2573 5813 assensum
2607 5765 2710 5807 non
2746 5748 3067 5820 prtebcrcnl,
3101 5760 3198 5816 per
3230 5743 3372 5799 buuc
3396 5754 3565 5796 cauo-
