4138 6210
575 302 683 369 35⁸)

1815 310 2094 372 ΤΙΙΕΟΙ).
2128 313 2218 370 BA
2230 311 2530 373 LSAMON

3709 327 3810 390 3‘0

643 424 758 475 dent
789 422 1018 494 episeOpi
1039 421 1118 477 vel
1159 422 1359 487 clerici,
1391 441 1421 476 a
1450 426 1660 492 proprio
1700 429 1869 494 gradu
1904 430 2112 479 omnino

2315 434 2455 503 ἁγία
2485 433 2753 498 σύνοδος
2783 434 3022 503 ὥρισεν,
3055 441 3106 493 ει
3125 440 3241 507 μὲν
3269 441 3592 498 ἐπίσκοποι
3622 442 3743 498 εἶεν
3775 451 3812 516 ἢ

639 513 897 577 excidere,
932 513 976 566 si
1014 521 1187 566 autent
1220 515 1363 577 laici,
1401 518 1876 570 excommunicatos
1909 533 2140 570 manere.

647 773 838 830 BALS.
863 776 1044 829 Canon
1076 776 1253 830 clarus
1275 788 1358 831 est
1383 795 1397 832 :
1430 780 1612 833 statuit
1645 781 1786 833 enim
1810 796 1920 842 eos,
1944 781 2033 849 qui
2067 781 2144 835 la-

517 906 519 908 .
567 863 842 918 bel'actant
894 882 1011 933 qtae
1046 867 1239 935 Ephesi
1272 882 1390 922 aeta
1424 881 1571 930 sunt,
1614 870 1655 922 si
1691 871 1909 937 quidem
1951 872 2134 925 clerici

566 953 674 1003 sint
721 952 915 1019 deponi
947 970 961 1007 :
996 953 1079 1005 sin
1114 969 1242 1006 vero
1287 954 1426 1015 laici,
1461 959 1961 1012 exconnuunicatos
1994 974 2132 1016 esse.

569 1042 843 1106 Septimus
893 1053 1071 1095 autem
1135 1059 1309 1098 canon
1367 1045 1500 1099 dicit
1577 1049 1918 1101 anathemate
1973 1049 2140 1104 laicos

567 1129 862 1192 feriendus,
902 1131 991 1196 qui
1021 1143 1208 1186 contra
1257 1149 1319 1187 ac
1352 1135 1628 1188 decretum
1660 1146 1738 1189 est
1770 1138 2030 1192 sentiunt.
2074 1139 2141 1193 Et

569 1232 638 1270 ne
668 1219 1061 1271 eoutrariaesse
1121 1221 1420 1275 existimes.
1453 1221 1642 1292 Magna
1674 1235 1756 1280 est
1795 1227 1940 1280 enim
1983 1227 2138 1284 dill'e-

566 1308 764 1372 rentia,
795 1327 860 1362 an
894 1310 1013 1381 quis
1055 1311 1390 1377 adversetur,
1419 1329 1483 1367 an
1512 1316 1578 1370 de
1608 1332 1665 1372 re
1699 1317 1877 1387 aliqua
1911 1320 2136 1376 dubitet.

564 1397 630 1451 Et
662 1410 967 1464 propterea,
1016 1401 1106 1468 qui
1153 1401 1220 1455 de
1271 1403 1359 1465 iis,
1389 1420 1508 1472 qua:
1553 1406 1663 1471 jam
1717 1409 1942 1475 pulchre
1974 1419 2136 1465 antea

563 1486 879 1539 conﬁrmata
927 1497 1072 1551 sunt,
1127 1489 1356 1555 dubitat,
1398 1496 1960 1550 excommunicabitnr
1992 1499 2138 1567 :~qnl

560 1585 740 1629 autem
801 1578 1141 1644 adversatur,
1179 1589 1236 1632 ut
1281 1585 1552 1636 contraria
1601 1584 1864 1650 sentiens,
1907 1590 2137 1643 anathe—

563 1677 705 1719 male
734 1667 976 1722 ferietur.

635 1757 887 1814 ZONAR.
915 1760 1264 1830 Superiorutn
1290 1780 1554 1822 canonum
1576 1768 1829 1834 decretis,
1854 1771 1920 1824 de
1949 1771 2014 1825 iis
2037 1786 2133 1840 pe-

562 1846 854 1912 culiariter,
911 1853 998 1918 qui
1049 1855 1308 1921 apostatis
1355 1866 1407 1908 et
1453 1859 1662 1926 synodo
1719 1861 2136 1916 adversantibus

563 1939 945 2001 consentiant,
982 1943 1178 2009 quique
1211 1943 1540 2000 Nestorianae
1590 1949 1856 2003 haereseos
1885 1950 2134 2017 dogmata

556 2029 789 2096 amplexi
821 2030 1053 2098 fuerant,
1081 2037 1427 2090 constitutum
1462 2057 1476 2091 :
1514 2040 1601 2094 hic
1633 2056 1757 2094 vero
1785 2057 1974 2097 omnes
1997 2083 2014 2110 ,
2041 2045 2134 2113 qui

558 2118 794 2187 aliquam
849 2125 968 2190 ejus
1016 2135 1219 2182 sancta:
1260 2130 1446 2196 synodi
1497 2133 1938 2188 constitutionem
2001 2151 2136 2190 con-

555 2209 754 2263 vellere
799 2222 891 2264 aut
931 2212 1206 2269 inﬁrmare
1235 2219 1411 2274 conati
1457 2218 1677 2286 fuerint,
1729 2225 2050 2292 generatim,
2081 2238 2134 2282 et

557 2300 811 2354 universe
857 2303 1203 2359 condemnat.
1232 2307 1309 2364 Ac
1366 2309 1416 2362 in
1453 2312 1815 2366 sacerdotium
1854 2325 2132 2384 cooptatos

558 2389 778 2457 quidem
816 2391 1032 2460 deponi,
1087 2394 1255 2449 laicos
1309 2411 1435 2451 vero
1492 2402 1871 2456 communione
1925 2406 2128 2460 moveri

547 2478 702 2548 jubet
734 2483 989 2552 synodus.
1024 2485 1197 2551 Atque
1223 2488 1334 2542 haec
1357 2488 1576 2556 quidem
1609 2488 1801 2561 Ephesi
1823 2503 1964 2550 acta.
1991 2495 2124 2550 Cum

552 2581 683 2621 vero
707 2567 848 2624 inter
869 2585 926 2624 se
955 2570 1280 2629 factionibus
1305 2575 1461 2630 divisi
1489 2580 1745 2645 praesules
1772 2580 2122 2650 dissiderent,

550 2659 829 2714 universos
891 2661 1181 2731 imperator
1224 2665 1755 2737 Constantinpolitn
1813 2674 2122 2739 advocavit,

549 2753 1020 2818 pacemque,o_tnui
1061 2762 1204 2806 motn
1243 2754 1549 2810 animorum
1606 2759 1812 2822 sedato,
1856 2761 1998 2816 inter
2029 2778 2124 2818 eos

548 2839 890 2905 conciliavit;
939 2850 993 2894 et
1027 2840 1400 2899 Theodoretns
1429 2847 1604 2914 capita
1637 2846 1745 2912 illa,
1798 2849 1954 2925 103
2007 2867 2126 2922 quae

549 2930 911 2985 contentioais
930 2933 1108 2986 studio
1130 2942 1287 2986 antea
1315 2936 1625 3003 scripserat,
1659 2939 1872 3004 penitus
1906 2939 2120 3006 ahjecit,

549 3019 908 3089 omnibusque
941 3021 1128 3090 synodi
1166 3023 1396 3078 decretis
1426 3041 1699 3091 assensus,
1738 3028 1967 3084 Nestorii
1996 3047 2124 3100 quo-

2314 525 2609 590 κληρικοὶ,
2666 527 2774 578 τοῦ
2819 531 3041 582 οἰκείου
3085 532 3400 599 παντελῶς
3442 536 3810 594 ἀποπίπτειν

2310 616 2586 684 βαθμοῦ·
2635 620 2688 671 ει
2733 617 2803 672 δὲ
2861 623 3082 687 λατκοι,
3144 624 3588 694 ἀκοινωνήτους
3627 633 3810 700 ὑπάρ-

2314 725 2464 775 χειν.

2313 801 2438 854 ΒΑΛ
2451 802 2506 856 Σ,
2541 802 2725 872 Σαφής
2756 808 2904 858 ἐστιν
2933 809 2960 859 6
2986 807 3190 864 κανὼν.
3219 814 3522 882 Διορίζεται
3555 817 3664 887 γὰρ
3684 821 3810 880 τοὺς

2244 895 2727 962 περαταλεύοντας
2751 899 2817 951 τὰ
2842 902 2898 952 ὲν
2927 903 2992 970 τῇ
3026 902 3236 972 Ἐφέσῳ
3263 911 3650 977 πεπραγμένα,
3682 913 3806 980 κλη-
3841 932 3848 936 ·

2246 987 2432 1053 ρικοὺς
2475 988 2576 1054 μὲν
2603 988 2760 1053 ὄντας
2790 992 3188 1062 καθαιρεῖσθαι,
3225 997 3449 1063 λαῖκοὺς
3478 1001 3536 1054 δὲ
3585 1005 3809 1059 ἀκοινω-

2242 1083 2434 1146 νήτους
2468 1075 2632 1138 εἶναι.
2673 1082 2733 1134 '0
2755 1083 2811 1135 δὲ
2844 1081 2888 1145 ζ’
2933 1087 3114 1138 κανὼν
3139 1089 3642 1158 ἀναθεματίζεσθαι
3663 1096 3809 1160 λέγει
3842 1079 3848 1084 ’

2240 1169 2365 1230 τοὺς
2393 1169 2612 1234 λαῖκοὺς
2641 1174 2768 1235 τοὺς
2808 1175 3026 1227 ἐναντία
3070 1178 3404 1247 φρονοῦντας
3442 1183 3520 1253 τῷ
3549 1186 3808 1255 δόγματι.

2242 1259 2353 1313 Καὶ
2388 1261 2461 1330 μὴ
2489 1264 2785 1335 ἐναντιωθῇ
2830 1283 2933 1320 σοι.
2969 1268 3124 1322 Ἐστι
3167 1270 3276 1339 γὰρ
3324 1274 3533 1344 μεγάλη
3575 1276 3809 1346 διαφορὸ

2241 1351 2336 1404 τοῦ
2365 1355 2738 1409 ἐναντιοῦσθαι
2765 1360 2858 1411 καὶ
2885 1357 2980 1411 τοῦ
3006 1361 3373 1430 ἀμφιδάλλειν
3406 1366 3527 1418 τινὰ
3559 1370 3686 1437 περί
3728 1386 3806 1422 τι-

2241 1460 2329 1505 νος
2377 1446 2723 1514 πράγματος.
2761 1450 2872 1502 Καὶ
2917 1451 3006 1504 διὰ
3044 1452 3202 1506 τοῦτο
3233 1456 3262 1506 6
3308 1456 3409 1523 μὲν
3449 1458 3806 1526 ἀμφιϐάλλων

2242 1539 2372 1604 περὶ
2409 1537 2519 1588 τῶν
2562 1537 2663 1607 ἤδη
2705 1538 2887 1602 καλῶς
2931 1544 3395 1612 προκυρωθέντων
3444 1548 3803 1621 ἀφορισθήσε-

2237 1643 2329 1680 ται
2354 1642 2368 1656 °
2395 1630 2425 1681 6
2464 1629 2520 1682 δὲ
2567 1632 2984 1702 ἐναντιούμενος
3032 1636 3266 1700 τούτοις,
3306 1638 3382 1702 ὡς
3414 1641 3803 1714 ὲναντιόφρων,

2240 1719 2825 1792 ἀναθεματισθήσεται.

2167 1778 2206 1833 Β
2310 1778 2550 1866 ΖΩΙᾸΙΑΡ.
2582 1778 2645 1866 0i
2670 1815 2768 1883 μὲν
2794 1816 3056 1888 ἀνώτεροι
3080 1821 3304 1883 κανόνες
3332 1822 3518 1886 ίδικῶς
3546 1825 3673 1894 περὶ
3693 1829 3804 1878 τῶν

2237 1903 2732 1970 ὁμοφρονησάντων
2777 1907 2890 1969 τοῖς
2961 1909 3371 1981 ἀποστατήσασι
3420 1914 3511 1966 καὶ
3551 1917 3797 1970 ἐναντιω-

2236 1992 2375 2046 θεῖσι
2401 1997 2464 2065 τῇ
2495 1997 2717 2066 συνόδῳ,
2751 2001 2843 2051 καὶ
2872 1999 2938 2053 τὰ
2979 2000 3275 2072 Νεστορεου
3310 2006 3672 2076 πρεσϐεύουσι
3697 2010 3799 2063 διε-

2233 2087 2498 2150 τάξαντοο
2535 2083 2691 2154 οὗτος
2747 2093 2804 2144 δὲ
2850 2093 2878 2144 ὁ
2913 2096 3104 2163 παρὼν
3159 2097 3355 2160 κοινῶς
3413 2100 3620 2164 πάντας
3672 2103 3798 2163 τοὺς

2235 2179 2563 2250 ἀνατρέπειν
2596 2200 2646 2235 τι
2697 2185 2804 2236 τῶν
2836 2185 3104 2251 δοξάντων
3144 2192 3208 2258 τῇ
3245 2190 3382 2261 ἁγίᾳ
3431 2193 3634 2262 συνόδῳ
3679 2195 3793 2248 ἐπι-

2233 2270 2551 2340 χειροῦντας
2583 2274 2962 2340 καταδικάζει.
3013 2279 3125 2332 Καὶ
3168 2281 3296 2343 τοὺς
3327 2281 3428 2350 μὲν
3467 2283 3798 2353 ίερωμένοις

2234 2364 2469 2416 ποιεῖται
2498 2365 2602 2417 ὑπὸ
2634 2366 2972 2436 καθαίρεσιν.
3010 2371 3118 2434 toi;
3165 2371 3221 2424 δέ
3258 2371 3469 2438 λαῖκοϊς
3498 2376 3795 2448 ἀκοινωνηει

2234 2454 2353 2507 σίαν
2379 2457 2597 2524 ἐπάγει.
2623 2459 2804 2513 Ταῦτα
2829 2463 2927 2530 μὲν
2957 2462 3048 2517 οὖν
3067 2466 3126 2518 ὲν
3162 2465 3376 2538 Ἐφέσῳ
3398 2468 3756 2542 ἐπράχθησαν
3779 2487 3799 2506 ε

2231 2547 2352 2600 ἐπεὶ
2385 2548 2440 2600 δὲ
2499 2549 2621 2604 κατ’
2656 2550 2900 2623 ἀλλήλων
2939 2558 2990 2610 οι
3051 2559 3331 2630 ἀρχιερεῖς
3379 2562 3648 2633 ἐγένοντο,
3702 2569 3797 2620 καὶ

2233 2640 2442 2707 σχίσμα
2491 2637 2560 2713 ἦν
2587 2643 2717 2715 παρ’
2751 2647 2960 2711 αὐτοῖς,
2989 2651 3016 2702 6
3047 2649 3304 2719 βασιλεὺς
3333 2656 3538 2722 πάντας
3574 2659 3656 2722 εις
3697 2659 3796 2730 τὴν

2231 2728 2477 2798 βασιλίδα
2518 2733 2627 2788 τῶν
2682 2737 2896 2792 πόλεων
2952 2744 3380 2810 μετεκαλέσατο,
3438 2749 3534 2802 καὶ
3586 2728 3790 2804 συνεδί-

2229 2823 2381 2889 Gates,
2418 2826 2512 2878 sui.
2569 2827 2857 2897 ειρήνευσε
2887 2847 2904 2864 ο
2953 2832 3047 2886 καὶ
3095 2836 3123 2886 6
3162 2833 3510 2908 Θεοδὼρητος
3566 2840 3634 2891 τὰ
3665 2842 3795 2909 παρ’

2227 2913 2392 2968 αὐτοῦ
2453 2918 2735 2985 γραφέντα
2776 2921 3050 2989 κεφάλαια
3096 2923 3163 2976 δι’
3211 2926 3328 2995 ἔριν
3369 2928 3630 2981 κατέθετο
3667 2947 3792 2998 συγ-

2225 3005 2558 3075 γράψασθαι,
2595 3011 2687 3062 καὶ
2710 3012 3010 3068 ἀπεϐάλετε)
3030 3015 3224 3082 ταῦτα,
3240 3017 3460 3082 καὶτοῖς
3476 3019 3792 3090 ψηφισθεῖεν

549 3120 657 3174 que
683 3106 1084 3163 danmationetn
1106 3125 1229 3164 cum
1249 3112 1459 3167 caneris
1484 3117 1816 3183 approbavit.
1842 3119 1974 3174 Cum
1994 3137 2121 3176 vero

2230 3099 2378 3170 παρὰ
2410 3101 2511 3170 τῆς
2541 3105 2759 3158 συνόδου
2793 3107 3061 3173 συνέθετο,
3107 3113 3202 3164 καὶ
3238 3113 3305 3183 τῇ
3344 3111 3440 3165 τοῦ
3495 3115 3794 3186 Νεστορίου

549 3199 852 3267 symbolum
900 3201 1197 3270 impietatis
1251 3203 1464 3271 plenum
1522 3222 1552 3259 a
1611 3206 1861 3264 Nestorio
1909 3227 2125 3282 compo-

548 3291 739 3353 situm,
773 3291 1086 3361 synodoque
1115 3292 1353 3348 oblatum
1390 3295 1603 3362 luisset,
1637 3311 1689 3352 et
1722 3299 1881 3354 simul
1913 3317 2034 3358 cum
2057 3316 2124 3359 eo

549 3376 854 3448 symbolum
915 3394 1155 3448 quoque,
1187 3381 1331 3450 quod
1390 3387 1614 3441 trecenti
1651 3388 1837 3444 decem
1887 3403 1941 3445 et
2000 3403 2122 3448 octo

545 3469 722 3521 sancti
769 3467 956 3524 Patres
994 3472 1044 3524 in
1078 3472 1246 3538 prima
1278 3477 1484 3544 synodo
1516 3481 2004 3550 promnlgavcrant,
2038 3500 2123 3540 re-

543 3559 766 3613 citatum
799 3569 960 3626 esset,
986 3578 1220 3631 sequens
1251 3564 1338 3620 hic
1369 3583 1542 3622 canon
1569 3572 1742 3625 editus
1765 3585 1870 3628 est.

539 3748 766 3806 ARIST.
807 3751 998 3809 Laicus
1017 3757 1106 3823 qui
1125 3759 1322 3827 synodo
1345 3763 1562 3830 resistit,
1586 3769 2114 3838 excontmunicatur;
2177 3814 2186 3822 .

934 3849 1154 3904 clericus
1188 3869 1303 3906 vero
1342 3867 1389 3907 et
1419 3857 1722 3913 abdicatur.

599 3935 700 4001 Qui
722 3953 806 4001 ea,
833 3955 949 4006 qua:
976 3942 1026 3994 in
1059 3946 1262 4011 synodo
1283 3946 1547 4014 Ephesiua
1569 3961 1689 4005 acta
1721 3962 1864 4016 sunt,
1899 3956 2108 4010 exami-

540 4038 631 4082 nat
665 4040 717 4083 et
745 4030 1050 4096 labefactat,
1079 4036 1123 4089 si
1149 4039 1364 4106 quidem
1391 4042 1678 4112 episcopus
1710 4046 1779 4099 sit
1813 4058 1906 4102 aut
1949 4049 2112 4106 cleri—

535 4136 654 4186 cus,
685 4125 853 4188 gradu
892 4140 992 4178 suo
1018 4130 1242 4185 onmiuo
1271 4133 1508 4200 excidat,
1541 4137 1623 4191 sin
1674 4148 1853 4194 autem
1917 4141 2106 4207 laicus,

535 4217 1062 4272 oxcounnuuicetur.

1121 4309 1346 4366 CANON
1421 4314 1531 4368 \‘ll.

2229 3191 2572 3262 καθαιρέσει,
2611 3196 2864 3261 κάκεῖνος
2909 3200 3004 3250 καὶ
3034 3202 3082 3252 οί
3137 3201 3316 3257 λοιποὶ
3349 3205 3752 3276 συνευδόκησαν
3775 3224 3791 3239 ·

2228 3283 2500 3352 συμϐόλου
2531 3285 2586 3337 δὲ
2614 3287 2910 3350 δυσσεϐοῦς
2938 3290 3257 3356 ἐκτεθέντος
3282 3295 3436 3364 παρὰ
3459 3295 3552 3349 τοῦ
3591 3299 3789 3356 Νεστο-

2227 3374 2365 3444 ρίου,
2398 3377 2489 3428 καὶ
2524 3377 2968 3446 ἀναγνωσθέντος
3027 3384 3239 3442 ἐκείνου
3284 3403 3341 3438 τε
3392 3389 3485 3441 καὶ
3515 3390 3606 3443 τοῦ
3643 3393 3790 3460 παρὰ

2222 3465 2331 3518 τῶν
2377 3468 2706 3536 τριακοσίων
2753 3470 2885 3523 δέκα
2941 3473 3034 3528 uati.
3089 3475 3235 3530 ὀκτὼ
3301 3478 3473 3543 ἁγίων
3527 3482 3790 3552 Πατέρων

2219 3557 2327 3608 τῶν
2376 3560 2433 3610 ὲν
2461 3562 2526 3630 τῇ
2575 3561 2769 3637 πρώτῃ
2817 3565 3018 3637 συνόδῳ
3062 3566 3380 3641 ὲξεφωνήθη
3425 3575 3452 3626 6
3483 3575 3663 3627 κανὼν
3701 3573 3782 3630 οὗ·

2217 3666 2332 3713 τος.

2229 3725 2466 3799 vietzr.
2504 3745 2915 3816 Ἀκοινώνητος
2958 3753 2991 3804 δ
3027 3753 3241 3820 laude
3283 3758 3316 3809 δ
3353 3756 3786 3829 ἀντοφθαλμῶν

2286 3834 2360 3905 τῇ
2398 3837 2642 3901 συνόδῳ
2662 3855 2675 3870 ·
2713 3842 2746 3893 ό
2779 3843 3061 3909 κληδιιιιιὸς
3094 3844 3180 3897 ἔτι
3213 3845 3310 3899 καὶ
3341 3848 3784 3916 ἀποκήρυκτος.

2294 3924 2356 3977 ὐ
2399 3927 2469 3979 τὰ
2516 3930 2665 3999 παρά
2709 3931 2806 4000 τῆς
2853 3935 2911 3984 ὲν
2953 3933 3162 4005 Ἐφέσῳ
3208 3938 3425 3992 συνόδου
3470 3941 3783 4010 πραχθέντα

2211 4017 2539 4090 ἀνακρίνων,
2577 4021 2609 4090 ἢ
2645 4022 2779 4086 ὅλως
2816 4027 3231 4094 παρασαλεύων.
3270 4031 3318 4086 εἰ
3357 4033 3454 4098 μὲν
3488 4033 3781 4100 ἐπίσκοπος

2210 4113 2358 4165 ἐστιν
2389 4113 2420 4184 ἦ
2457 4114 2735 4185 κληρικὸς.
2767 4118 2862 4171 τοῦ
2894 4121 3094 4173 οἰκείου
3132 4122 3342 4192 βαθμοῦ
3379 4129 3654 4194 παντελῶς
3681 4133 3779 4185 ἐκο

2212 4206 2457 4259 πιπτέτω
2478 4223 2494 4238 ο
2528 4210 2575 4260 εἰ
2608 4209 2666 4262 δὲ
2695 4209 2899 4276 λαῖκὸς,
2932 4213 3072 4268 ἔστω
3105 4217 3488 4288 ἀκοινώνητος.

2817 4306 3053 4360 ΚΑΝΩΝ
3087 4307 3160 4365 Ζ’.

533 4387 634 4441 llis
667 4391 833 4453 lectis,
868 4395 1089 4450 decrevit
1116 4412 1298 4453 sancta
1324 4409 1578 4470 synodus,
1643 4424 1743 4460 non
1778 4411 1933 4465 licere
1986 4415 2100 4468 cui-

2230 4392 2444 4445 Γούτων
2467 4393 2995 4464 ἀναγνωσθέντων,
3021 4400 3241 4468 ὥρισεν
3264 4405 3303 4472 ἠ
3332 4408 3471 4475 ἁγία
3497 4411 3779 4480 σύνοδος,

600 4497 756 4547 quant
784 4483 945 4536 aliam
979 4488 1135 4553 [idem
1163 4492 1376 4557 afferre.
1421 4495 1498 4546 rel
1539 4498 1788 4563 scribere,
1837 4503 1915 4555 vel
1959 4521 2102 4558 com-

599 4586 809 4637 ponere,
840 4592 994 4643 quam
1026 4595 1144 4647 qua:
1169 4598 1201 4634 a
1228 4587 1422 4637 sanctis
1452 4585 1724 4653 Patrilms,
1767 4595 1856 4660 qui
1908 4595 2100 4652 Nicone

600 4669 898 4734 congregati
924 4681 1044 4722 sunt
1077 4673 1131 4724 in
1157 4685 1338 4727 sancto
1363 4677 1592 4744 Spiritu,
1621 4683 1836 4749 deﬁnita
1867 4697 1966 4741 est.
1995 4690 2100 4752 Qui

599 4769 772 4807 autem
791 4758 954 4812 altam
981 4764 1172 4817 audent
1194 4767 1351 4832 [idem
1371 4784 1693 4835 componere,
1711 4775 1790 4828 uel
1811 4779 2095 4847 adducere,

599 4847 674 4898 vel
704 4849 890 4917 offerre
920 4853 984 4903 iis
1010 4855 1100 4918 qui
1130 4872 1183 4906 se
1215 4859 1282 4908 ad
1313 4860 1546 4913 veritatis
1578 4864 1892 4930 agnitionem
1920 4869 2097 4922 colunt

597 4954 912 5006 convertere,
949 4945 1027 4997 rel
1054 4962 1117 4998 ex
1143 4949 1458 5016 gentilitate,
1493 4952 1568 5005 t-cl
1589 4969 1652 5006 ea:
1684 4955 1984 5023 Judaismo,
2019 4962 2096 5016 rel

597 5046 662 5084 ex
689 5049 993 5099 quacunque
1041 5049 1224 5103 secta;
1258 5055 1367 5106 eos,
1400 5043 1446 5096 si
1478 5045 1581 5095 sint
1611 5047 1817 5114 quidem
1843 5051 2091 5116 episcopi,

597 5125 676 5176 vel
697 5125 896 5188 clerici,
915 5129 977 5179 ab
1001 5129 1299 5198 episcopatu
1320 5149 1430 5186 esse
1453 5136 1650 5190 alienos
1682 5140 1967 5207 episcopos,
1993 5154 2039 5196 et
2060 5161 2093 5198 ιι

597 5217 735 5269 clero
765 5221 1015 5284 clericos;
1047 5224 1090 5274 si
1123 5235 1297 5279 autem
1321 5227 1422 5278 sint
1455 5229 1598 5291 laici,
1629 5231 2088 5290 auat/tentatisari.

602 5304 796 5358 Eodem
843 5322 1013 5362 autem
1049 5317 1201 5365 modo
1249 5316 1294 5366 si
1325 5317 1630 5383 deprehensi
1664 5320 1858 5387 fuerint
1897 5324 2085 5390 aliqui,

593 5396 698 5448 sire
721 5398 967 5466 episcopi,
1002 5404 1104 5455 sive
1143 5405 1340 5470 clerici,
1371 5410 1469 5459 sive
1498 5407 1642 5474 laici,
1673 5410 1746 5461 uel
1777 5412 1985 5474 sentire,
2015 5417 2088 5467 rel

593 5489 776 5541 docere
795 5505 854 5542 ea
880 5507 994 5558 qua:
1025 5506 1142 5548 sunt
1167 5495 1220 5548 in
1251 5497 1417 5550 allata
1449 5516 1480 5550 a
1512 5499 1752 5554 Cliarisio
1787 5504 2085 5574 presbytero

595 5581 920 5646 expositione
954 5584 1014 5634 de
1062 5584 1299 5639 humanae
1325 5600 1527 5641 natura:
1553 5594 1879 5658 susceptione
1906 5593 2084 5661 unige-

597 5669 694 5724 uiti
722 5669 852 5724 Filii
893 5671 1006 5738 Dei,
1042 5675 1136 5732 ‘ire
1163 5679 1411 5732 scelerata
1459 5691 1509 5735 et
1553 5699 1794 5751 perversa
1846 5681 2084 5738 Nestorii

2273 4482 2482 4550 ἑτέραν
2507 4486 2716 4541 πίστιν
2741 4488 2948 4555 μηδενὶ
2977 4491 3200 4557 ἐξεῖναι
3227 4499 3562 4566 προφέρειν,
3590 4503 3778 4570 ἤγουν

2271 4570 2644 4644 compligati
2672 4579 2708 4647 ἢ
2766 4582 3109 4642 συντιθέναι
3128 4625 3143 4649 ,
3191 4591 3352 4656 παρὰ
3382 4591 3496 4656 τὴν
3524 4597 3778 4659 ὁρισθεῖ-

2271 4679 2393 4718 σαν
2430 4668 2588 4738 παρὰ
2627 4669 2746 4724 τῶν
2777 4673 2962 4741 ἁγίων
2999 4677 3274 4745 Πατέρων
3307 4682 3424 4734 τῶν
3457 4684 3527 4736 ἐν
3562 4685 3634 4753 τῇ
3678 4690 3777 4742 Νι·

2269 4756 2462 4810 καέων
2485 4761 2910 4827 συναχθέντων
2933 4767 3106 4821 πόλει
3135 4768 3258 4822 σὺν
3282 4771 3427 4840 ἁγίῳ
3458 4777 3773 4844 Πνεύματι.
3815 4849 3818 4852 ῳ

2273 4845 2423 4912 Τοὺς
2454 4847 2521 4899 δὲ
2569 4851 2911 4920 τολμῶντας
2943 4855 2981 4923 ἢ
3017 4860 3357 4915 συντιθέναι
3395 4867 3604 4918 πίστιν
3649 4868 3776 4922 ἐτέ-

2260 4959 2398 5008 ραν,
2438 4944 2629 5013 ἤγουν
2664 4951 3039 5018 προκομίζειν
3075 4954 3113 5022 ἢ
3156 4957 3478 5025 προφέρειν
3515 4961 3639 5026 τοῖς
3682 4961 3776 5016 θέ-

2263 5037 2486 5090 λουσιν
2504 5038 2886 5109 ἐπιστρέφειν
2904 5047 2990 5110 εις
3012 5044 3338 5114 ἐπίγνωσιν
3361 5050 3470 5117 τῆς
3493 5053 3774 5121 ἀληθείας

2264 5124 2302 5191 ἢ
2335 5125 2402 5189 ἐξ
2439 5125 2852 5198 Ἑλληνισμοῦ
2882 5133 2919 5200 ἢ
2950 5133 3018 5198 ἐξ
3058 5136 3456 5207 ἰουδαῑσμοῦ,
3487 5140 3675 5209 ἤγουν
3702 5144 3774 5208 ἐξ

2261 5219 2544 5285 αἱρέσεως
2574 5223 2938 5291 οἱασδήποτε
2954 5242 2968 5255 '
2994 5228 3264 5295 τούτους,
3291 5234 3340 5284 ει
3361 5231 3479 5298 μὲν
3502 5231 3623 5287 εἷεν
3643 5236 3770 5288 ἐπί-

2259 5324 2476 5362 σκοποι
2505 5310 2543 5380 ἣ
2571 5315 2862 5381 κληρικοὶ,
2889 5318 3250 5386 ἀλλοτρίους
3274 5319 3451 5388 εἶναι,
3479 5325 3617 5390 τοὺς
3640 5325 3771 5378 ἐπι-

2257 5399 2532 5465 σκόπους
2572 5401 2682 5470 τῆς
2727 5405 3066 5474 ἐπισκοπῆς
3112 5411 3207 5463 καὶ
3259 5413 3401 5479 τοὺς
3445 5414 3773 5485 κληρικοὺς

2257 5484 2365 5538 τοῦ
2388 5488 2646 5556 κλῆρον’
2671 5494 2723 5544 εί
2746 5493 2814 5546 δὲ
2834 5499 3027 5550 λαῑιιοὶ
3054 5495 3198 5565 εἷεν,
3222 5484 3770 5573 ἀναθεματίζεσθαιτ

2255 5575 2417 5629 Κατὰ
2460 5580 2565 5632 τὸν
2599 5581 2739 5636 ισον
2772 5585 2840 5639 δὲ
2875 5590 3115 5657 τρόπον,
3152 5595 3204 5645 εὶ
3237 5596 3563 5664 φωραθεῖεν
3611 5615 3774 5668 τινες

2255 5671 2377 5726 εἴτε
2413 5673 2737 5732 ἐπίσκοποι
2773 5681 2892 5735 εἴτε
2934 5686 3204 5755 κληρικοὶ
3247 5688 3281 5756 ἣ
3323 5689 3685 5759 φρονοῦντες
3725 5691 3769 5760 ἣ
