4138 6210
563 394 666 460 361

1810 389 2082 455 THEOD.
2121 390 2212 451 BA
2224 389 2520 452 LSAMON

3676 379 3776 442 308

562 510 979 581 metropolitano
1004 506 1166 577 hujus
1214 504 1437 561 canonis
1487 502 1815 573 exemplaria
1866 504 1933 559 ad
1984 519 2114 572 pro-

2222 506 2334 573 ρεῖς
2376 502 2758 573 ἀναφαίνηται.
2799 500 3134 570 Ἐξεχὼρησε
3178 497 3236 551 δέ
3281 496 3373 549 καὶ
3416 495 3633 565 ἐκάστῳ
3674 492 3778 545 τῶν

561 608 733 673 priam
763 603 1112 657 securitatem
1139 599 1387 666 accipere
1417 614 1433 652 :
1472 606 1527 651 et
1557 594 1762 649 nullam
1789 593 1945 648 aliam
1975 595 2116 650 scri-

558 706 706 766 ptam
757 691 1191 746 constitutionem
1243 689 1360 743 sive
1416 686 1748 755 imperialem
1796 687 2117 757 jussionem,

562 787 686 839 huic
716 782 909 837 canoni
940 787 1353 847 repugnantem,
1377 776 1445 830 ab
1467 776 1646 845 aliquo
1668 776 1883 830 allatam
1916 776 2115 832 valere.

558 873 699 941 Lege
722 881 774 925 et
789 870 1093 926 secundum
1110 885 1227 921 can.
1258 867 1667 937 secundasyn.,
1687 867 1755 920 28
1776 882 1897 920 can.
1914 877 2120 936 quartae

557 979 676 1034 syu.
706 960 776 1015 59
829 976 951 1015 can.
1004 970 1171 1014 sex-ta:
1211 974 1360 1030 syn.,
1403 968 1459 1013 et
1503 974 1623 1027 qua:
1665 958 1719 1012 in
1774 973 1868 1011 eos
1917 957 2117 1027 scripta

556 1063 703 1116 sunt,
742 1061 798 1106 et
850 1052 991 1105 scies
1018 1051 1283 1118 quomodo
1317 1049 1582 1109 Ecclesia.
1622 1064 1743 1119 quae
1782 1045 1965 1103 Bonae
1992 1050 2119 1103 sul)-

559 1156 733 1208 erant,
798 1144 994 1197 throno
1036 1140 1533 1209 Constantinopolis
1574 1138 1831 1210 subjectae
1890 1137 2115 1205 fuerint,

556 1233 797 1305 exceptis
820 1232 1109 1301 aliquibus.

625 1409 876 1466 ZONAR.
897 1408 1058 1479 Cypri
1077 1408 1362 1477 episcopos
1380 1406 1597 1459 creandi
1620 1405 1738 1473 ejus
1765 1406 2115 1461 Antiocheam

554 1505 653 1559 sihi
709 1502 960 1557 Ecclesiae
993 1501 1260 1555 antistites
1316 1498 1642 1564 vindicabat,
1690 1497 1825 1553 forte
1862 1500 2004 1568 quod
2064 1500 2115 1554 in

556 1596 872 1651 Antiocheni
925 1595 1076 1647 ducis
1138 1591 1340 1645 ditione
1401 1606 1465 1645 ea
1516 1591 1688 1645 insula
1728 1592 1918 1659 priscis
1980 1601 2116 1645 tem-

556 1690 778 1759 poribus
809 1686 1031 1741 fuisset:
1084 1698 1203 1736 nam
1236 1699 1265 1735 a
1292 1682 1427 1735 duce
1472 1682 1806 1736 Antiocheno
1836 1680 2117 1750 prefectns

559 1783 669 1837 illic
696 1780 1029 1835 mittebatur.
1068 1777 1203 1846 Ejus
1250 1775 1328 1828 rei
1354 1774 1631 1840 querelam
1669 1774 1852 1844 Cyprii
1898 1775 2115 1843 quidam

2222 593 2633 665 μητροπολιτῶν
2662 593 2985 647 ἐκλαθέσθαι
3014 590 3085 644 τὰ
3115 592 3204 644 ἶσα
3232 587 3325 641 τοῦ
3355 587 3594 641 τοιούτου
3623 588 3780 640 κανό-

2218 703 2306 748 νος
2338 688 2416 748 είς
2448 686 2655 738 οἰκείαν
2687 684 3016 749 ἀσφάλειαν,
3048 685 3140 735 καὶ
3174 680 3309 750 μηδέ
3343 681 3562 749 κρατεῖν
3592 678 3779 748 ἕτερον

2218 774 2496 844 ἔγγραφον
2523 774 2727 839 τύπον,
2760 773 2926 843 ἤγουν
2959 770 3235 841 βασιλικὸν
3266 770 3593 839 πρόσταγμα
3628 770 3784 821 ἐναν-

2217 866 2499 935 τιούμενον
2528 864 2607 935 τῷ
2637 865 2816 918 κανόνι
2847 863 3018 933 τούτῳ
3037 903 3055 929 ,
3090 863 3243 932 παρά
3269 877 3413 922 τινος
3443 860 3773 929 προκομιζόσ

2221 972 2404 1025 μενον.
2435 955 2550 1009 Καὶ
2581 954 2854 1024 ἀνάγνωθι
2895 956 2987 1008 τὸν
3022 955 3066 1025 β’
3090 954 3291 1007 κανόνα
3322 953 3419 1020 τῆς
3456 949 3500 1021 β’
3525 950 3742 1003 συνόδου
3763 989 3779 1013 ,

2216 1047 2309 1099 τὸν
2344 1052 2430 1117 κη’
2466 1046 2563 1117 τῆς
2596 1047 2638 1099 δ’
2663 1047 2875 1099 συνόδου
2899 1090 2911 1108 ,
2946 1047 3037 1099 τὸν
3067 1044 3143 1099 λθ¹
3190 1045 3287 1114 τῆς
3323 1041 3377 1107 ς’
3402 1043 3618 1097 συνόδου
3640 1084 3654 1106 ,
3688 1042 3783 1096 καὶ

2216 1137 2285 1188 τὰ
2311 1140 2367 1189 ἐν
2390 1136 2571 1199 αὐτοῖς
2590 1154 2605 1168 ·
2634 1138 2723 1190 καὶ
2755 1137 2943 1207 μάθοις
2971 1137 3084 1200 πῶς
3109 1135 3447 1205 ύπετέθησαν
3471 1136 3527 1186 αἱ
3555 1134 3659 1186 ὑπὸ
3684 1134 3785 1203 τὴν

2230 1227 2859 1297 ῬωμανίανἛκκλησίαι
2882 1228 3009 1281 ἄνευ
3032 1227 3190 1282 τινῶν
3213 1226 3291 1296 τῷ
3316 1225 3483 1296 θρόνῳ
3508 1225 3604 1295 τῆς
3632 1226 3786 1278 Κων-

2219 1336 2496 1373 σταντινου
2504 1320 2730 1383 πόλεως.

2287 1413 2531 1467 ΖΩΝΛΡ.
2569 1412 2629 1466 '0
2662 1415 2760 1483 τῆς
2796 1412 3107 1483 Ἀντιοχέων
3146 1410 3466 1481 Ἐκκλησίας
3498 1408 3783 1481 ἀρχιερεὺς

2218 1502 2305 1570 ὑφ’
2327 1504 2516 1555 ἐαυτὸν
2545 1498 2691 1556 εἷλκε
2717 1504 2816 1567 τὰς
2844 1502 2950 1557 τῶν
2980 1500 3238 1571 Κυπρίων
3270 1500 3578 1553 ἐπισκόπων
3607 1516 3783 1569 χειρο-

2215 1578 2415 1659 τονίας,
2454 1596 2529 1658 ὡς
2569 1596 2709 1666 τάχα
2748 1595 2845 1663 τῆς
2891 1595 3114 1662 Κύπρου
3154 1592 3213 1646 τὸ
3258 1593 3481 1644 παλαιδν
3524 1589 3783 1655 τελούσές

2218 1686 2323 1739 ύπδ
2371 1687 2463 1739 τὸν
2507 1686 2673 1740 δοῦκα
2717 1688 3063 1757 Ἀντιοχείας.
3111 1685 3267 1754 Παρὰ
3309 1684 3418 1756 γὰρ
3455 1681 3546 1736 τοῦ
3594 1682 3779 1745 δουκδς

2228 1780 2553 1849 Ἀντιοχείας
2605 1780 2891 1833 ἐστέλλετο.
2934 1781 3051 1832 ἐκεῖ
3106 1778 3425 1847 στρατηγός.
3479 1775 3577 1828 Διά
3628 1772 3783 1829 τοῦτο

558 1874 796 1943 episcopi
829 1873 895 1924 ad
922 1872 1187 1940 synodum
1229 1867 1489 1932 detulere,
1544 1881 1717 1935 neque
1772 1868 1823 1920 id
1880 1882 2114 1936 unquatu

2222 1870 2521 1940 προσῆλθόν
2550 1888 2691 1934 τινες
2718 1871 2827 1924 τῶν
2856 1870 3114 1941 Κυπρίων
3146 1868 3455 1922 ἐπισκόπων
3482 1869 3547 1938 τῇ
3583 1866 3780 1933 συνόδῳ

557 1964 896 2017 Antiocheno
947 1956 1266 2029 patriarcha:
1298 1954 1441 2023 juris
1486 1953 1675 2021 fuisse,
1730 1967 1788 2008 ut
1820 1956 1888 2009 ab
1916 1970 1980 2009 eo
2013 1955 2119 2025 Cy-

559 2058 798 2125 priarum
835 2053 1048 2107 urbium
1099 2050 1335 2119 episcopi
1391 2050 1793 2110 ordinarentur,
1837 2057 1947 2099 tum
1998 2048 2119 2101 viva

557 2147 1052 2218 ipsimetoratioue
1098 2153 1209 2196 tum
1246 2142 1463 2210 scriptis
1508 2141 1561 2195 in
1616 2156 1734 2194 eam
1797 2140 2117 2195 sententiam

558 2238 841 2300 codicillis,
874 2237 1125 2290 docuere.
1172 2231 1559 2301 Episcoporum
1611 2232 1791 2303 itaque
1843 2247 2119 2302 processu,

557 2333 675 2387 sive
720 2328 1107 2399 supplicatione
1157 2328 1451 2396 approbata
1505 2327 1692 2379 statuit
1740 2326 1979 2395 synodus
2017 2324 2121 2394 Cy-

560 2422 801 2492 priorum
845 2418 1148 2488 episcopos,
1200 2417 1491 2472 secundum
1540 2427 1852 2469 sanctorum
1899 2412 2118 2467 Patrum

560 2528 795 2569 canones
818 2520 873 2565 et
897 2510 1172 2577 antiquam
1204 2506 1673 2569 consuetudinent,
1710 2506 1909 2558 illaesos
1950 2515 2004 2559 et
2034 2504 2123 2558 in-

561 2608 783 2659 demnes
813 2600 949 2656 fore.
987 2598 1118 2651 Nam
1143 2610 1379 2651 canones
1403 2597 1641 2665 quidem,
1674 2604 1724 2647 et
1756 2594 2119 2663 apostolorum

564 2693 871 2763 trigesimus
907 2688 1149 2758 quintus,
1192 2694 1246 2741 et
1274 2686 1623 2740 Antiochena:
1672 2688 1859 2756 synodi
1909 2686 2119 2751 tertius,

565 2800 632 2838 ne
662 2784 712 2836 in
744 2781 935 2834 alienis
964 2776 1255 2848 provinciis
1285 2775 1387 2828 sibi
1411 2788 1517 2827 non
1534 2774 1793 2843 subjectis
1822 2772 2123 2827 ordinatio-

568 2888 663 2929 nes
709 2870 885 2926 lacere
913 2867 1150 2938 episcOpi
1203 2867 1458 2929 audeant,
1501 2878 1678 2927 secus,
1734 2865 1944 2918 irritum
2002 2878 2124 2918 esse

563 2965 706 3035 quod
746 2962 994 3047 fecerint.
1037 2959 1181 3028 ipsos
1211 2973 1338 3011 vero
1368 2956 1563 3025 deponi
1602 2954 1794 3023 jubent
1831 2972 1845 3010 :
1880 2969 2122 3010 (lacunae-

562 3058 702 3110 nicte
740 3043 1088 3120 verokprimae
1115 3045 1306 3114 synodi
1357 3052 1544 3100 sextus
1569 3053 1623 3097 et
1655 3043 1940 3112 septimus,
1979 3043 2114 3097 anti-

2218 1964 2409 2038 ταύτῃ,
2438 1963 2683 2032 λέγοντες
2705 1963 2864 2017 τοῦτο
2887 1963 3036 2027 αὐτὸ,
3065 1964 3160 2016 καὶ
3185 1961 3252 2013 δι’
3272 1960 3560 2029 ἐγγράφων
3585 1958 3785 2028 ἀναφέ-

2221 2072 2402 2127 ροντες
2451 2056 2533 2108 ὅτι
2576 2054 2675 2108 ούκ
2721 2052 2779 2118 ἐξ
2826 2053 2980 2117 ἔθους
3025 2052 3253 2107 παλαιοῦ
3306 2052 3510 2105 δίκαιον
3553 2049 3703 2121 ἔσχεν
3749 2050 3779 2103 ό

2230 2145 2559 2216 Ἀντιοχείας
2601 2146 2923 2216 χειροτονεῖν
2964 2143 3088 2207 τοὺς
3130 2142 3456 2204 ἐπισκόπους
3499 2141 3773 2210 Κυπρίων.

2230 2235 2565 2307 Ἐψηφίσατο
2604 2231 2696 2288 οὖν
2735 2236 2768 2305 ή
2810 2233 3044 2297 σύνοδος,
3082 2231 3180 2301 τὴν
3227 2231 3487 2300 πρόσοδον
3528 2232 3643 2300 ⁴ἤτοι.
3682 2229 3777 2294 τὴν

2220 2328 2572 2399 προσέλευσιν
2603 2325 2867 2395 δεξαμένη
2902 2324 3008 2376 τῶν
3046 2322 3378 2386 ἐπισκόπων,
3413 2321 3473 2373 τὸ
3512 2318 3782 2389 ἀνεπηρέ-

2221 2436 2384 2473 αστον
2410 2418 2504 2471 καὶ
2532 2418 2787 2471 ἁὸίαστον
2816 2416 2957 2487 ἔχειν
2986 2416 3109 2477 τοὺς
3134 2413 3242 2467 τῶν
3274 2412 3535 2483 Κυπρίων
3562 2411 3783 2462 ἐπισκό-

2221 2528 2378 2574 πους,
2422 2512 2560 2563 κατὰ
2596 2511 2720 2573 τοὺς
2768 2508 2997 2569 κανόνας
3034 2507 3141 2560 τῶν
3179 2506 3346 2574 ἁγίων
3387 2503 3647 2572 Πατέρων
3690 2499 3786 2554 καὶ

2220 2602 2318 2674 τὴν
2350 2602 2583 2671 ἀρχαίαν
2615 2601 2922 2671 συνήθειαν.
2960 2600 3016 2651 ’0
3047 2600 3155 2666 γὰρ
3186 2597 3497 2667 τριακοστὸς
3534 2596 3787 2662 πέμπτος

2222 2689 2403 2745 κανὼν
2444 2690 2554 2743 τῶν
2596 2690 2769 2758 ἁγίων
2805 2691 3124 2743 ἀποστόλων
3166 2691 3257 2741 καὶ
3296 2690 3323 2741 ό
3365 2689 3545 2757 τρίτος
3582 2686 3681 2755 τῆς
3725 2685 3784 2736 ἐν

2234 2783 2538 2853 Ἀντιοχείᾳ
2574 2768 2791 2834 σῖινόδου
2830 2783 2905 2852 μὴ
2932 2781 3138 2852 τολμᾷν
3166 2781 3293 2841 τοὺς
3325 2779 3652 2840 ἐπισκόπους
3686 2793 3781 2829 κε-

2220 2874 2438 2928 λεύουσι
2472 2874 2738 2928 ποιεῖσθαι
2776 2872 3104 2943 χειροτονίας
3138 2876 3218 2935 είς
3248 2871 3346 2935 τὰς
3382 2870 3455 2941 μὴ
3492 2867 3789 2935 ὑποκειμέ-

2224 2986 2321 3032 νας
2351 2967 2534 3030 αύτοῖς
2563 2965 2863 3037 ἐπαρχίας*
2895 2967 2943 3017 εί
2977 2965 3031 3018 δέ
3068 2966 3144 3034 μὴ
3164 3004 3179 3029 ,
3212 2964 3392 3032 ἄκυρα
3427 2963 3524 3032 μὲν
3550 2962 3619 3014 τὰ
3652 2957 3784 3031 παρ’

2224 3058 2449 3113 ἐκείνων
2488 3058 2798 3127 πραχθέντα
2841 3052 3003 3119 εἶναι,
3044 3055 3240 3119 αὐτοὺς
3281 3055 3336 3108 δὲ
3379 3052 3780 3124 καθαιρεῖσθαι.

564 3161 701 3215 quas
721 3140 1169 3202 consoctudines,
1215 3138 1290 3191 ab
1342 3136 1475 3205 ipsis
1518 3150 1731 3204 quoque
1769 3135 2121 3189 ecclesiarum

2226 3150 2335 3204 Καὶ
2360 3151 2388 3203 ό
2417 3150 2573 3213 ἕκτος
2600 3150 2656 3203 δέ
2687 3148 2863 3203 κανὼν
2890 3147 2983 3202 καὶ
3017 3148 3045 3200 ό
3079 3148 3302 3218 ἕϐδομος
3329 3146 3425 3218 τῆς
3456 3146 3677 3216 πρώτης
3708 3145 3784 3196 ol—

564 3235 908 3309 przesullhus,
961 3228 1268 3285 servandas
1302 3244 1422 3283 esse
1450 3228 1712 3281 decernit.
1744 3226 1981 3293 Quorum
2033 3244 2121 3281 ca-

2226 3203 2570 3313 κουμενικῆς
2592 3242 2809 3294 συνόδου
2845 3243 2913 3294 τά
2950 3242 3153 3310 ἀρχαῖα
3187 3203 3422 3309 έθη⁷
3455 3203 3564 3301 τοῖς
3600 3203 3782 3307 ἀρχιε-

564 3344 757 3385 nonetu
803 3324 1045 3393 vestigiis
1078 3320 1263 3374 Patres
1296 3321 1382 3373 hic
1411 3332 1625 3387 quoque
1667 3318 1941 3373 reverendi
1990 3318 2125 3371 insi-

564 3426 791 3487 stentes,
819 3427 878 3472 ut
906 3432 934 3469 a
961 3414 1173 3484 Cypriis
1199 3412 1468 3481 episcopis
1495 3410 1611 3481 ejus
1633 3411 1821 3467 insulae
1855 3412 2125 3466 antistites

562 3512 900 3575 ordinentur,
924 3507 1170 3574 idemque
1190 3506 1317 3559 locis
1343 3505 1593 3558 omnibus
1618 3504 1836 3558 omnino
1858 3513 2120 3570 servetur,

564 3620 669 3663 neu
702 3600 1033 3675 provinciam
1063 3598 1324 3665 aliquam,
1349 3611 1472 3666 qua:
1504 3610 1610 3650 non
1644 3595 1746 3650 sibi
1770 3604 1825 3650 et
1848 3595 2123 3664 antiquio-
2176 3610 2177 3617 η

566 3699 716 3751 ribus
754 3694 1021 3763 episcopis
1044 3690 1285 3758 subjecta
1324 3688 1433 3755 jam
1472 3688 1594 3742 inde
1621 3687 1688 3741 ab
1724 3686 1879 3740 initio
1938 3686 2121 3752 fuerit,

564 3789 821 3845 invadere
853 3787 1107 3855 episcOpo
1148 3783 1327 3847 liceat,
1360 3782 1669 3835 decrevere.
1712 3778 1865 3845 Quod
1907 3780 1954 3835 si
1999 3795 2124 3849 pro.

567 3882 799 3937 vinciam
823 3894 930 3931 nott
954 3891 1065 3932 sum
1086 3874 1310 3929 ditionis
1344 3874 1611 3943 quispiam
1641 3870 2003 3941 usurpaverit,
2037 3872 2119 3937 iis,

566 3974 838 4043 inquiunt,
862 3971 1060 4040 quibus
1085 3966 1267 4021 invitis
1295 3976 1380 4018 est
1414 3965 1615 4029 ablata,
1647 3972 1806 4032 atque
1843 3973 2121 4033 usurpata,

566 4065 816 4121 restituat
847 4078 861 4115 :
892 4077 959 4115 ne
978 4060 1060 4113 vel
1081 4072 1146 4112 ex
1168 4072 1253 4121 eo,
1278 4055 1507 4123 scilicet,
1537 4055 1833 4108 auctoritas
1857 4068 2123 4107 canonum

564 4158 932 4228 infringatur,
982 4151 1065 4207 vel
1117 4150 1257 4207 sacri
1316 4146 1555 4203 muneris
1605 4147 1836 4202 obeundi
1884 4146 2123 4201 studium

563 4250 841 4307 ambitioni
873 4254 1248 4318 praetexentes,
1267 4246 1332 4297 ad
1363 4244 1575 4297 inanem
1603 4252 1828 4297 terrena:
1847 4242 2125 4311 poteStatis

566 4344 958 4415 ampliﬁcandae
1010 4339 1358 4407 cupiditatem
1418 4337 1686 4390 antistites
1752 4334 2121 4388 delabantur:

556 4450 769 4503 uosque
794 4432 1039 4502 proinde,
1073 4430 1348 4483 dominatu
1379 4442 1589 4488 eorum,
1622 4425 1817 4493 quibus
1844 4425 1990 4477 nulla
2036 4423 2127 4493 jn-

2226 3333 2379 3405 ρεῦσι
2409 3334 2628 3403 κρατεῖν
2652 3330 3039 3383 διατάττονται.
3066 3322 3161 3392 Οἷς
3186 3329 3248 3399 δὴ
3280 3328 3498 3382 κανόσιν
3524 3328 3777 3396 ἑπόμενοι

2224 3428 2316 3477 καὶ
2356 3423 2404 3475 οἱ
2443 3421 2543 3490 τῆς
2580 3420 2799 3473 συνόδου
2838 3422 3038 3489 ταύτης
3076 3418 3264 3471 σεπτοὶ
3304 3416 3541 3487 Πατὲρες
3578 3415 3781 3487 ὥρισαν

2223 3514 2319 3567 καὶ
2351 3514 2477 3576 τοὺς
2502 3512 2761 3581 Κυπρίων
2792 3510 3119 3571 ἐπισκόπους
3150 3509 3214 3562 δι’
3246 3507 3452 3560 ἑαυτῶν
3480 3507 3575 3571 τὰς
3609 3524 3782 3578 χειρο-

2223 3606 2403 3668 τονίας
2452 3603 2562 3657 τῶν
2610 3603 2668 3655 ἐν
2715 3604 2781 3672 τῇ
2832 3602 2979 3672 νήσῳ
3024 3601 3197 3673 ταύτῃ
3246 3599 3560 3653 ἐπισκόπων
3591 3601 3777 3661 ποιεῖν,

2221 3696 2381 3750 τοῦτο
2410 3696 2467 3749 δέ
2494 3693 2746 3764 ’γίνεσθαι
2784 3695 2885 3767 καῖ
2908 3693 3222 3761 ἁπανταχοῦ
3243 3732 3258 3756 ,
3291 3693 3385 3745 καὶ
3422 3694 3494 3761 μή
3526 3708 3647 3745 τινα
3671 3691 3779 3743 τῶν

2224 3790 2534 3843 ἐπισκόπων
2570 3787 2983 3859 σφετερίζεσθαι
3024 3785 3291 3856 ἐπαρχίαν
3330 3784 3406 3855 μὴ
3448 3782 3607 3837 οὖσαν
3644 3783 3783 3836 ἄκω-

2224 3881 2347 3947 θεν,
2376 3884 2540 3952 ἧγουν
2570 3881 2801 3935 ἔκπαλαι
2832 3881 2927 3933 καὶ
2955 3879 3224 3951 ἀρχῆθεν,
3254 3879 3346 3932 ὑπ’
3372 3880 3525 3932 αὐτὸν
3556 3879 3647 3931 καὶ
3673 3878 3779 3929 ὑπὸ

2223 3973 2348 4034 τοὺς
2390 3970 2495 4039 πρὸ
2539 3970 2722 4025 αὑτοῦ.
2762 3971 2823 4022 Ei
2867 3970 2923 4022 δέ
2968 3969 3061 4023 καί
3099 3987 3203 4033 τις,
3246 3968 3429 4038 φασὶν,
3468 3968 3777 4038 ᾠκειώσατο

2223 4062 2489 4133 ἐπαρχίαν
2521 4062 2597 4133 μὴ
2625 4061 2933 4131 ἀνήκουσαν
2963 4058 3131 4129 αύτῷ,
3166 4060 3408 4113 ἀποδότω
3435 4059 3638 4128 ταύτην
3668 4061 3777 4118 τοῖς

2226 4152 2491 4223 βιασθεῖσι
2519 4155 2610 4207 καὶ
2637 4146 3010 4225 ἀφαιρεθεῖσιν
3045 4151 3214 4223 αὐτήν
3236 4167 3252 4183 ·
3288 4152 3371 4204 ἶνα
3403 4152 3478 4222 μὴ
3509 4150 3784 4219 παρασαί-

2224 4260 2426 4299 νωνται
2457 4246 2506 4297 οί
2536 4246 2778 4308 κανόνες,
2807 4245 2901 4297 καὶ
2931 4242 3179 4313 ἀφορμὴν
3206 4243 3419 4312 ἔχοντες
3443 4244 3539 4311 τὴν
3569 4242 3784 4310 ἱερουρς

2222 4338 2368 4406 γίαν,
2394 4340 2487 4390 καὶ
2512 4336 2714 4406 ταύτην
2738 4330 2848 4389 οἷόν
2875 4353 2925 4389 τι
2954 4336 3325 4405 προκάλυμμα
3352 4333 3781 4403 προσαλλόμενοι

2223 4431 2491 4498 κοσμικῆς
2534 4427 2780 4492 ἐξουσίας
2820 4426 3122 4491 κενοδοξίαν
3162 4427 3667 4494 παρεισερχομένην
3702 4426 3782 4486 είς

564 4540 648 4582 sta
673 4523 981 4591 imperandi
1030 4533 1191 4573 causa
1227 4528 1308 4573 est
1340 4515 1605 4586 Oppressi.
1650 4514 1914 4568 libertatis
1945 4515 2121 4583 jactu-

2225 4519 2449 4581 ἑαυτοὺς
2488 4519 2680 4588 ἔχωσιν
2720 4519 2768 4573 oi
2808 4519 3113 4589 ἀρχιερεῖς,
3152 4520 3245 4570 καί⁵
3289 4516 3626 4586 δουλούμενοι
3668 4519 3782 4573 τοῖς

552 4633 682 4675 .ram
716 4614 996 4676 iaciamus,
1032 4625 1193 4680 quam
1236 4608 1391 4663 nobis
1442 4606 1704 4660 Dominus
1751 4605 1975 4677 largitus
2017 4615 2120 4669 est,

561 4722 661 4765 suo
690 4705 859 4777 ipsius
886 4702 1149 4772 sanguine
1177 4713 1273 4770 pro
1310 4699 1585 4753 hominum
1630 4698 1880 4752 libertate
1929 4695 2119 4750 ell‘uso.

553 4797 920 4867 Quamobrem
967 4808 1062 4846 sua
1096 4791 1290 4860 cuique
1314 4790 1606 4859 provincia:
1632 4789 1776 4857 jura,
1816 4798 2003 4844 sancta
2032 4803 2123 4859 sy-

564 4892 757 4956 nodus,
805 4889 942 4941 facta
973 4887 1136 4938 etiam
1175 4880 1606 4951 metropolitanis
1635 4880 1795 4951 hujus
1843 4880 2003 4934 edicti
2029 4880 2124 4933 de-

563 4980 841 5043 scribendi
876 4986 1159 5049 potestate,
1188 4989 1251 5030 ex
1272 4976 1492 5043 antiqua
1516 4972 1903 5029 consuetudine
1918 4971 2122 5027 servari

558 5080 712 5150 jubet
738 5092 754 5142 ;
794 5083 848 5129 et
870 5073 914 5127 si
943 5081 1119 5142 typus,
1152 5068 1346 5136 inquit,
1375 5066 1457 5120 vel
1484 5064 1746 5133 scriptum
1773 5062 1985 5132 aliquod
2008 5061 2121 5129 jam

563 5169 795 5225 decretis
848 5162 1119 5221 contraria
1163 5158 1469 5231 exprimens
1514 5166 1576 5212 et
1615 5156 1949 5212 constituens
1994 5171 2121 5226 pro-

551 5255 788 5323 teratur,
822 5254 1036 5309 irritum
1066 5251 1159 5307 sit.
1200 5258 1205 5265 '

562 5432 794 5493 ARIST.
824 5432 1107 5489 Servantur
1132 5448 1234 5486 sua
1272 5432 1456 5501 cuique
1496 5432 1781 5497 provincia:
1803 5435 1954 5501 jura,
1980 5448 2121 5502 pura

554 5557 560 5563 ο
635 5544 696 5581 ac
726 5525 997 5580 inviolata.
1054 5527 1155 5592 Qui
1207 5542 1323 5579 vero
1368 5526 1687 5580 contrariam
1718 5525 1858 5580 hisce
1882 5525 2120 5595 formam

633 5618 936 5699 introducit,
960 5616 1127 5685 futilis
1153 5628 1250 5673 est.

628 5709 954 5778 Quicunque
1010 5706 1253 5777 episcOpi
1315 5710 1545 5765 alienam
1608 5710 1944 5782 provinciam
2008 5726 2119 5768 sua:

550 5800 814 5861 ootestati
840 5801 891 5858 vi
930 5799 1280 5871 subjecerint,
1322 5818 1442 5872 qua:
1470 5803 1598 5859 olim
1628 5814 1682 5860 et
1720 5806 1788 5859 ah
1821 5804 1976 5861 initio
2010 5804 2111 5861 sub

2229 4613 2303 4684 μὴ
2335 4612 2515 4683 ἔχουσι
2547 4612 2754 4665 δίκαιον
2786 4611 3171 4683 ἁφαιρεθῶμεν
3203 4611 3301 4681 τὴν
3337 4608 3683 4679 ἐλευθερίαν,
3717 4609 3784 4679 ἣν

2223 4709 2251 4759 ὁ
2284 4706 2486 4776 Κύριος
2520 4707 2652 4777 ἡμῖν
2684 4706 3014 4776 ἐδωρήσατο,
3050 4705 3109 4758 τὸ
3143 4705 3341 4756 οἰκεῖον
3372 4701 3611 4766 κενώσας
3648 4696 3778 4769 αἷμα

2225 4795 2364 4867 ὑπὲρ
2410 4797 2509 4867 τῆς
2554 4798 2662 4849 τῶν
2712 4796 3014 4866 ἀνθρώπων
3060 4794 3391 4865 ἐλευθερίας.
3444 4794 3535 4845 Διὸ
3582 4794 3780 4861 ἑκάστῃ

2222 4886 2459 4959 ἐπαρχίᾳ
2490 4887 2559 4941 τὰ
2589 4888 2764 4941 οίκεῖα
2792 4886 2975 4940 δίκαια
3010 4885 3148 4939 κατὰ
3181 4886 3241 4938 τὸ
3273 4885 3501 4939 παλαιὸν
3533 4882 3653 4947 ἐθος
3686 4901 3785 4949 ou-

2222 4977 2509 5033 λάττεσθαι
2537 4979 2576 5051 ἡ
2616 4979 2747 5046 ἁγία
2788 4978 3003 5041 σύνοδος
3042 4977 3365 5047 ἐψηφίσατο,
3405 4975 3501 5029 καὶ
3535 4978 3646 5038 τοῖς
3684 4990 3789 5043 μη-

2221 5069 2563 5140 τροπολίταις
2584 5068 2769 5124 ἄδειαν
2792 5067 2957 5121 ἔδωκε
2979 5070 3046 5120 τὰ
3068 5068 3415 5137 ἐψηφισμένα
3438 5065 3785 5129 ἐκλαόίσθαι,

2224 5163 2326 5216 κᾶν
2356 5162 2524 5225 τύπος
2544 5202 2560 5226 ,
2593 5164 2786 5231 φησιν,
2819 5161 2991 5231 ἠγουν
3023 5160 3293 5231 ἐγγραφόν
3324 5175 3412 5223 τι,
3443 5155 3783 5229 προκομισθῇ

2222 5253 2426 5307 τυποῦν
2473 5254 2568 5307 καὶ
2613 5252 2794 5323 όρίζον
2840 5253 2975 5307 ἄλλα
3022 5253 3171 5322 παρὰ
3218 5250 3290 5305 τὰ
3344 5250 3439 5305 νῦν
3484 5248 3784 5320 ὡρισμένα,

2224 5346 2426 5414 ἄκυρος
2452 5345 2629 5399 ἔσται.

2221 5441 2439 5495 ΔΡΙΣΤ.
2484 5442 2774 5509 Τηρείσθω
2816 5442 2888 5496 τὰ
2936 5439 3164 5509 ἑκάστῃ
3197 5440 3450 5510 ἐπαρχίᾳ
3484 5440 3791 5509 προσόντα

2291 5533 2493 5587 δίκαια
2530 5533 2775 5603 καθαρὰ,
2794 5535 3069 5589 ἀϐιάστα.
3107 5534 3171 5586 ὐ
3206 5533 3275 5586 δὲ
3308 5536 3499 5587 τύπον
3531 5532 3792 5587 ἀντικεί-

2290 5639 2480 5693 μενον
2507 5625 2739 5691 τούτοις
2774 5624 3031 5693 είσάγων
3059 5624 3377 5692 ἀνόνητος.

2290 5715 2445 5769 Ὅσοι
2484 5716 2593 5769 τῶν
2633 5719 2947 5771 ἐπισκόπων
2991 5717 3083 5788 βίᾳ.
3126 5718 3232 5771 ύπὺ
3270 5718 3370 5787 τὴν
3412 5714 3591 5772 αὐτῶν
3627 5714 3790 5784 χεῖρα

2219 5806 2485 5879 ἐπαρχίαν
2518 5808 2712 5879 ἑτέραν
2746 5811 3087 5881 ἐποιήσαντο,
3123 5812 3221 5866 ούκ
3260 5806 3426 5867 οὖσαν
3456 5806 3659 5865 ἄνωθεν
3689 5805 3789 5860 καὶ
