  <div class='ocr_page' id='page_1' title='image "/cluster/home/n/w/nwhite01/storage/ocr_20150623/137/hvd.32044073502536/207.png"; bbox 0 0 4138 6210; ppageno 0'>
   <div class='ocr_carea' id='block_1_1' title="bbox 532 354 636 421">
    <p class='ocr_par' dir='ltr' id='par_1_1' title="bbox 532 354 636 421">
     <span class='ocr_line' id='line_1_1' title="bbox 532 354 636 421; baseline 0.019 -2"><span class='ocrx_word' id='word_1_1' title='bbox 532 354 636 421; x_wconf 77' lang='grc'><strong><em>371</em></strong></span> 
     </span>
    </p>
   </div>
   <div class='ocr_carea' id='block_1_2' title="bbox 1786 357 2494 421">
    <p class='ocr_par' dir='ltr' id='par_1_2' title="bbox 1786 357 2494 421">
     <span class='ocr_line' id='line_1_2' title="bbox 1786 357 2494 421; baseline 0.004 -5"><span class='ocrx_word' id='word_1_2' title='bbox 1786 357 2057 421; x_wconf 78' lang='grc' dir='ltr'><strong><em>ΤΗΕΟΙ).</em></strong></span> <span class='ocrx_word' id='word_1_3' title='bbox 2098 357 2494 419; x_wconf 80' lang='lat' dir='ltr'><strong><em>BALSAMON</em></strong></span> 
     </span>
    </p>
   </div>
   <div class='ocr_carea' id='block_1_3' title="bbox 3636 349 3753 411">
    <p class='ocr_par' dir='ltr' id='par_1_3' title="bbox 3636 349 3753 411">
     <span class='ocr_line' id='line_1_3' title="bbox 3636 349 3753 411; baseline 0 0"><span class='ocrx_word' id='word_1_4' title='bbox 3636 349 3753 411; x_wconf 72' lang='lat'><strong><em>3’72</em></strong></span> 
     </span>
    </p>
   </div>
   <div class='ocr_carea' id='block_1_4' title="bbox 600 464 2146 544">
    <p class='ocr_par' dir='ltr' id='par_1_4' title="bbox 600 468 2146 544">
     <span class='ocr_line' id='line_1_4' title="bbox 600 468 2146 544; baseline -0.001 -19"><span class='ocrx_word' id='word_1_5' title='bbox 600 472 954 544; x_wconf 65' lang='lat' dir='ltr'><strong><em>praedictoque</em></strong></span> <span class='ocrx_word' id='word_1_6' title='bbox 981 488 1075 540; x_wconf 85' lang='lat' dir='ltr'><strong><em>pro</em></strong></span> <span class='ocrx_word' id='word_1_7' title='bbox 1101 471 1320 524; x_wconf 83' lang='lat' dir='ltr'><strong><em>crimine</em></strong></span> <span class='ocrx_word' id='word_1_8' title='bbox 1337 470 1513 541; x_wconf 83' lang='lat' dir='ltr'><strong><em>potius</em></strong></span> <span class='ocrx_word' id='word_1_9' title='bbox 1541 468 1879 537; x_wconf 75' lang='lat' dir='ltr'><strong><em>[uisseipsam</em></strong></span> <span class='ocrx_word' id='word_1_10' title='bbox 1904 485 2090 524; x_wconf 86' lang='lat' dir='ltr'><strong><em>reunn-</em></strong></span> <span class='ocrx_word' id='word_1_11' title='bbox 2121 477 2146 531; x_wconf 73' lang='grc' dir='ltr'><strong><em>Α</em></strong></span> 
     </span>
    </p>
   </div>
   <div class='ocr_carea' id='block_1_5' title="bbox 2248 464 3754 544">
    <p class='ocr_par' dir='ltr' id='par_1_5' title="bbox 2258 464 3754 540">
     <span class='ocr_line' id='line_1_5' title="bbox 2258 464 3754 540; baseline -0.005 -10"><span class='ocrx_word' id='word_1_12' title='bbox 2258 474 2497 531; x_wconf 79' lang='grc' dir='ltr'><em>σάντων</em></span> <span class='ocrx_word' id='word_1_13' title='bbox 2523 472 2708 527; x_wconf 85' lang='grc' dir='ltr'><em>αὐτοῦ</em></span> <span class='ocrx_word' id='word_1_14' title='bbox 2742 474 2848 540; x_wconf 85' lang='grc' dir='ltr'><em>τῆς</em></span> <span class='ocrx_word' id='word_1_15' title='bbox 2883 471 3235 539; x_wconf 61' lang='grc' dir='ltr'><em>ὑπολήψεως</em></span> <span class='ocrx_word' id='word_1_16' title='bbox 3261 485 3275 499; x_wconf 90' lang='grc'><strong>·</strong></span> <span class='ocrx_word' id='word_1_17' title='bbox 3310 466 3408 523; x_wconf 68' lang='grc' dir='ltr'><em>καὶ</em></span> <span class='ocrx_word' id='word_1_18' title='bbox 3437 464 3514 536; x_wconf 80' lang='grc' dir='ltr'><em>δὴ</em></span> <span class='ocrx_word' id='word_1_19' title='bbox 3547 466 3754 536; x_wconf 67' lang='grc' dir='ltr'><em>ἐμάθος-</em></span> 
     </span>
    </p>
   </div>
   <div class='ocr_carea' id='block_1_6' title="bbox 484 558 2094 635">
    <p class='ocr_par' dir='ltr' id='par_1_6' title="bbox 484 558 2094 635">
     <span class='ocr_line' id='line_1_6' title="bbox 484 558 2094 635; baseline -0.007 -15"><span class='ocrx_word' id='word_1_20' title='bbox 604 566 898 619; x_wconf 83' lang='lat' dir='ltr'><strong><em>tiationem.</em></strong></span> <span class='ocrx_word' id='word_1_21' title='bbox 942 560 1092 616; x_wconf 85' lang='lat' dir='ltr'><strong><em>Unde</em></strong></span> <span class='ocrx_word' id='word_1_22' title='bbox 1122 577 1213 614; x_wconf 90' lang='lat' dir='ltr'><strong><em>nec</em></strong></span> <span class='ocrx_word' id='word_1_23' title='bbox 1243 561 1307 613; x_wconf 87' lang='lat' dir='ltr'><strong><em>de</em></strong></span> <span class='ocrx_word' id='word_1_24' title='bbox 1350 569 1519 613; x_wconf 82' lang='lat' dir='ltr'><strong><em>uestra</em></strong></span> <span class='ocrx_word' id='word_1_25' title='bbox 1570 560 1764 627; x_wconf 87' lang='lat' dir='ltr'><strong><em>pietate</em></strong></span> <span class='ocrx_word' id='word_1_26' title='bbox 1802 558 2094 627; x_wconf 82' lang='lat' dir='ltr'><strong><em>querimur,</em></strong></span> 
     </span>
    </p>
   </div>
   <div class='ocr_carea' id='block_1_7' title="bbox 604 633 2095 723">
    <p class='ocr_par' dir='ltr' id='par_1_7' title="bbox 604 633 2095 723">
     <span class='ocr_line' id='line_1_7' title="bbox 604 633 2095 723; baseline -0.007 -15"><span class='ocrx_word' id='word_1_27' title='bbox 604 673 721 723; x_wconf 67' lang='lat' dir='ltr'><strong><em>qua</em></strong></span> <span class='ocrx_word' id='word_1_28' title='bbox 745 657 801 707; x_wconf 87' lang='lat' dir='ltr'><strong><em>in</em></strong></span> <span class='ocrx_word' id='word_1_29' title='bbox 831 653 946 721; x_wconf 72' lang='lat' dir='ltr'><strong><em>ejus</em></strong></span> <span class='ocrx_word' id='word_1_30' title='bbox 973 652 1164 711; x_wconf 86' lang='lat' dir='ltr'><strong><em>locum,</em></strong></span> <span class='ocrx_word' id='word_1_31' title='bbox 1194 660 1249 704; x_wconf 90' lang='lat' dir='ltr'><strong><em>ut</em></strong></span> <span class='ocrx_word' id='word_1_32' title='bbox 1291 666 1390 718; x_wconf 85' lang='lat' dir='ltr'><strong><em>par</em></strong></span> <span class='ocrx_word' id='word_1_33' title='bbox 1428 650 1554 718; x_wconf 78' lang='lat' dir='ltr'><strong><em>fuit,</em></strong></span> <span class='ocrx_word' id='word_1_34' title='bbox 1588 633 1903 716; x_wconf 22' lang='lat' dir='ltr'><strong><em>pra&#39;dictum‘</em></strong></span> <span class='ocrx_word' id='word_1_35' title='bbox 1932 645 2095 700; x_wconf 83' lang='lat' dir='ltr'><strong><em>Theo-</em></strong></span> 
     </span>
    </p>
   </div>
   <div class='ocr_carea' id='block_1_8' title="bbox 604 740 2094 812">
    <p class='ocr_par' dir='ltr' id='par_1_8' title="bbox 604 740 2094 812">
     <span class='ocr_line' id='line_1_8' title="bbox 604 740 2094 812; baseline -0.007 -10"><span class='ocrx_word' id='word_1_36' title='bbox 604 750 789 802; x_wconf 85' lang='lat' dir='ltr'><strong><em>dorum</em></strong></span> <span class='ocrx_word' id='word_1_37' title='bbox 809 745 1070 799; x_wconf 75' lang='lat' dir='ltr'><strong><em>ordinavit</em></strong></span> <span class='ocrx_word' id='word_1_38' title='bbox 1104 745 1419 812; x_wconf 85' lang='lat' dir='ltr'><strong><em>episcopum.</em></strong></span> <span class='ocrx_word' id='word_1_39' title='bbox 1455 742 1558 797; x_wconf 86' lang='lat' dir='ltr'><strong><em>Sed</em></strong></span> <span class='ocrx_word' id='word_1_40' title='bbox 1586 742 1829 808; x_wconf 81' lang='lat' dir='ltr'><strong><em>quoniam</em></strong></span> <span class='ocrx_word' id='word_1_41' title='bbox 1862 740 1970 794; x_wconf 85' lang='lat' dir='ltr'><strong><em>viro</em></strong></span> <span class='ocrx_word' id='word_1_42' title='bbox 1989 754 2094 791; x_wconf 88' lang='lat' dir='ltr'><strong><em>non</em></strong></span> 
     </span>
    </p>
   </div>
   <div class='ocr_carea' id='block_1_9' title="bbox 607 837 2095 893">
    <p class='ocr_par' dir='ltr' id='par_1_9' title="bbox 607 837 2095 893">
     <span class='ocr_line' id='line_1_9' title="bbox 607 837 2095 893; baseline -0.01 0"><span class='ocrx_word' id='word_1_43' title='bbox 607 841 764 893; x_wconf 87' lang='lat' dir='ltr'><strong><em>nimis</em></strong></span> <span class='ocrx_word' id='word_1_44' title='bbox 811 837 1131 891; x_wconf 74' lang='lat' dir='ltr'><strong><em>vehementer</em></strong></span> <span class='ocrx_word' id='word_1_45' title='bbox 1191 849 1492 889; x_wconf 72' lang='lat' dir='ltr'><strong><em>succensere</em></strong></span> <span class='ocrx_word' id='word_1_46' title='bbox 1546 842 1622 886; x_wconf 88' lang='lat' dir='ltr'><strong><em>est</em></strong></span> <span class='ocrx_word' id='word_1_47' title='bbox 1673 842 2095 891; x_wconf 72' lang='lat' dir='ltr'><strong><em>consentaneum,</em></strong></span> 
     </span>
    </p>
   </div>
   <div class='ocr_carea' id='block_1_10' title="bbox 608 920 2097 1001">
    <p class='ocr_par' dir='ltr' id='par_1_10' title="bbox 608 920 2097 1001">
     <span class='ocr_line' id='line_1_10' title="bbox 608 920 2097 1001; baseline -0.007 -19"><span class='ocrx_word' id='word_1_48' title='bbox 608 931 745 1001; x_wconf 84' lang='lat' dir='ltr'><strong><em>quod</em></strong></span> <span class='ocrx_word' id='word_1_49' title='bbox 777 930 844 983; x_wconf 91' lang='lat' dir='ltr'><strong><em>sit</em></strong></span> <span class='ocrx_word' id='word_1_50' title='bbox 880 928 1203 995; x_wconf 84' lang='lat' dir='ltr'><strong><em>negotiarum</em></strong></span> <span class='ocrx_word' id='word_1_51' title='bbox 1240 936 1290 980; x_wconf 92' lang='lat' dir='ltr'><strong><em>et</em></strong></span> <span class='ocrx_word' id='word_1_52' title='bbox 1330 926 1567 979; x_wconf 88' lang='lat' dir='ltr'><strong><em>laborum</em></strong></span> <span class='ocrx_word' id='word_1_53' title='bbox 1620 923 1930 993; x_wconf 82' lang='lat' dir='ltr'><strong><em>fugitantior</em></strong></span> <span class='ocrx_word' id='word_1_54' title='bbox 1959 937 1976 975; x_wconf 90' lang='lat'><strong><em>:</em></strong></span> <span class='ocrx_word' id='word_1_55' title='bbox 2006 920 2097 974; x_wconf 86' lang='lat' dir='ltr'><strong><em>sed</em></strong></span> 
     </span>
    </p>
   </div>
   <div class='ocr_carea' id='block_1_11' title="bbox 610 1014 2096 1089">
    <p class='ocr_par' dir='ltr' id='par_1_11' title="bbox 610 1014 2096 1089">
     <span class='ocr_line' id='line_1_11' title="bbox 610 1014 2096 1089; baseline -0.008 -13"><span class='ocrx_word' id='word_1_56' title='bbox 610 1022 747 1077; x_wconf 88' lang='lat' dir='ltr'><strong><em>senis</em></strong></span> <span class='ocrx_word' id='word_1_57' title='bbox 776 1022 952 1088; x_wconf 86' lang='lat' dir='ltr'><strong><em>potius</em></strong></span> <span class='ocrx_word' id='word_1_58' title='bbox 982 1021 1216 1074; x_wconf 68' lang='lat' dir='ltr'><strong><em>misereri</em></strong></span> <span class='ocrx_word' id='word_1_59' title='bbox 1253 1026 1473 1089; x_wconf 76' lang='lat' dir='ltr'><strong><em>oportet.</em></strong></span> <span class='ocrx_word' id='word_1_60' title='bbox 1505 1018 1593 1087; x_wconf 90' lang='lat' dir='ltr'><strong><em>qui</em></strong></span> <span class='ocrx_word' id='word_1_61' title='bbox 1625 1025 1777 1069; x_wconf 70' lang='lat' dir='ltr'><strong><em>extra</em></strong></span> <span class='ocrx_word' id='word_1_62' title='bbox 1813 1014 2096 1072; x_wconf 82' lang='lat' dir='ltr'><strong><em>civitatem.</em></strong></span> 
     </span>
    </p>
   </div>
   <div class='ocr_carea' id='block_1_12' title="bbox 608 1106 2099 1184">
    <p class='ocr_par' dir='ltr' id='par_1_12' title="bbox 608 1106 2099 1184">
     <span class='ocr_line' id='line_1_12' title="bbox 608 1106 2099 1184; baseline -0.009 -16"><span class='ocrx_word' id='word_1_63' title='bbox 608 1130 724 1184; x_wconf 65' lang='lat' dir='ltr'><strong><em>qua</em></strong></span> <span class='ocrx_word' id='word_1_64' title='bbox 757 1129 873 1183; x_wconf 77' lang='lat' dir='ltr'><strong><em>eum</em></strong></span> <span class='ocrx_word' id='word_1_65' title='bbox 906 1113 1049 1175; x_wconf 80' lang='lat' dir='ltr'><strong><em>tulit,</em></strong></span> <span class='ocrx_word' id='word_1_66' title='bbox 1074 1123 1122 1165; x_wconf 87' lang='lat' dir='ltr'><strong><em>et</em></strong></span> <span class='ocrx_word' id='word_1_67' title='bbox 1169 1111 1369 1180; x_wconf 84' lang='lat' dir='ltr'><strong><em>patrios</em></strong></span> <span class='ocrx_word' id='word_1_68' title='bbox 1404 1110 1538 1163; x_wconf 72' lang='lat' dir='ltr'><strong><em>ritus</em></strong></span> <span class='ocrx_word' id='word_1_69' title='bbox 1572 1108 1790 1177; x_wconf 66' lang='lat' dir='ltr'><strong><em>uittaque</em></strong></span> <span class='ocrx_word' id='word_1_70' title='bbox 1836 1106 2099 1165; x_wconf 88' lang='lat' dir='ltr'><strong><em>instituta,</em></strong></span> 
     </span>
    </p>
   </div>
   <div class='ocr_carea' id='block_1_13' title="bbox 607 1198 2099 1273">
    <p class='ocr_par' dir='ltr' id='par_1_13' title="bbox 607 1198 2099 1273">
     <span class='ocr_line' id='line_1_13' title="bbox 607 1198 2099 1273; baseline -0.007 -16"><span class='ocrx_word' id='word_1_71' title='bbox 607 1217 714 1257; x_wconf 86' lang='lat' dir='ltr'><strong><em>tam</em></strong></span> <span class='ocrx_word' id='word_1_72' title='bbox 745 1204 899 1273; x_wconf 84' lang='lat' dir='ltr'><strong><em>longo</em></strong></span> <span class='ocrx_word' id='word_1_73' title='bbox 945 1213 1173 1271; x_wconf 88' lang='lat' dir='ltr'><strong><em>tempore</em></strong></span> <span class='ocrx_word' id='word_1_74' title='bbox 1208 1202 1387 1267; x_wconf 80' lang='lat' dir='ltr'><strong><em>fuerit,</em></strong></span> <span class='ocrx_word' id='word_1_75' title='bbox 1449 1216 1654 1269; x_wconf 81' lang='lat' dir='ltr'><strong><em>cequum</em></strong></span> <span class='ocrx_word' id='word_1_76' title='bbox 1710 1198 2001 1252; x_wconf 71' lang='lat' dir='ltr'><strong><em>censuimus</em></strong></span> <span class='ocrx_word' id='word_1_77' title='bbox 2053 1205 2099 1248; x_wconf 88' lang='lat' dir='ltr'><strong><em>et</em></strong></span> 
     </span>
    </p>
   </div>
   <div class='ocr_carea' id='block_1_14' title="bbox 608 1291 2102 1360">
    <p class='ocr_par' dir='ltr' id='par_1_14' title="bbox 608 1291 2102 1360">
     <span class='ocr_line' id='line_1_14' title="bbox 608 1291 2102 1360; baseline -0.005 -11"><span class='ocrx_word' id='word_1_78' title='bbox 608 1296 914 1357; x_wconf 84' lang='lat' dir='ltr'><strong><em>statuimus,</em></strong></span> <span class='ocrx_word' id='word_1_79' title='bbox 946 1304 1004 1348; x_wconf 90' lang='lat' dir='ltr'><strong><em>ut</em></strong></span> <span class='ocrx_word' id='word_1_80' title='bbox 1027 1297 1137 1348; x_wconf 81' lang='lat' dir='ltr'><strong><em>sine</em></strong></span> <span class='ocrx_word' id='word_1_81' title='bbox 1165 1295 1307 1347; x_wconf 90' lang='lat' dir='ltr'><strong><em>omni</em></strong></span> <span class='ocrx_word' id='word_1_82' title='bbox 1329 1294 1743 1347; x_wconf 87' lang='lat' dir='ltr'><strong><em>contradictione</em></strong></span> <span class='ocrx_word' id='word_1_83' title='bbox 1773 1291 2102 1360; x_wconf 85' lang='lat' dir='ltr'><strong><em>episcopatus</em></strong></span> 
     </span>
    </p>
   </div>
   <div class='ocr_carea' id='block_1_15' title="bbox 609 1382 2102 1456">
    <p class='ocr_par' dir='ltr' id='par_1_15' title="bbox 609 1382 2102 1456">
     <span class='ocr_line' id='line_1_15' title="bbox 609 1382 2102 1456; baseline -0.007 -15"><span class='ocrx_word' id='word_1_84' title='bbox 609 1404 793 1441; x_wconf 82' lang='lat' dir='ltr'><strong><em>nomen</em></strong></span> <span class='ocrx_word' id='word_1_85' title='bbox 820 1386 977 1456; x_wconf 79' lang='lat'><strong><em>107</em></strong></span> <span class='ocrx_word' id='word_1_86' title='bbox 1007 1384 1213 1448; x_wconf 80' lang='lat' dir='ltr'><strong><em>habeat,</em></strong></span> <span class='ocrx_word' id='word_1_87' title='bbox 1238 1394 1287 1438; x_wconf 89' lang='lat' dir='ltr'><strong><em>et</em></strong></span> <span class='ocrx_word' id='word_1_88' title='bbox 1306 1387 1549 1438; x_wconf 83' lang='lat' dir='ltr'><strong><em>honorem</em></strong></span> <span class='ocrx_word' id='word_1_89' title='bbox 1573 1394 1620 1438; x_wconf 92' lang='lat' dir='ltr'><strong><em>et</em></strong></span> <span class='ocrx_word' id='word_1_90' title='bbox 1649 1382 2062 1436; x_wconf 82' lang='lat' dir='ltr'><strong><em>communionem</em></strong></span> <span class='ocrx_word' id='word_1_91' title='bbox 2084 1395 2102 1431; x_wconf 91' lang='lat'><strong><em>:</em></strong></span> 
     </span>
    </p>
   </div>
   <div class='ocr_carea' id='block_1_16' title="bbox 611 1470 2102 1545">
    <p class='ocr_par' dir='ltr' id='par_1_16' title="bbox 611 1470 2102 1545">
     <span class='ocr_line' id='line_1_16' title="bbox 611 1470 2102 1545; baseline -0.007 -11"><span class='ocrx_word' id='word_1_92' title='bbox 611 1482 684 1534; x_wconf 87' lang='lat' dir='ltr'><strong><em>ita</em></strong></span> <span class='ocrx_word' id='word_1_93' title='bbox 716 1488 909 1540; x_wconf 84' lang='lat' dir='ltr'><strong><em>tamen,</em></strong></span> <span class='ocrx_word' id='word_1_94' title='bbox 941 1486 999 1530; x_wconf 85' lang='lat' dir='ltr'><strong><em>ut</em></strong></span> <span class='ocrx_word' id='word_1_95' title='bbox 1029 1492 1191 1545; x_wconf 88' lang='lat' dir='ltr'><strong><em>neque</em></strong></span> <span class='ocrx_word' id='word_1_96' title='bbox 1223 1478 1332 1543; x_wconf 87' lang='lat' dir='ltr'><strong><em>ipse</em></strong></span> <span class='ocrx_word' id='word_1_97' title='bbox 1367 1475 1593 1537; x_wconf 88' lang='lat' dir='ltr'><strong><em>ordinet,</em></strong></span> <span class='ocrx_word' id='word_1_98' title='bbox 1638 1489 1801 1543; x_wconf 87' lang='lat' dir='ltr'><strong><em>neque</em></strong></span> <span class='ocrx_word' id='word_1_99' title='bbox 1854 1470 2102 1526; x_wconf 77' lang='lat' dir='ltr'><strong><em>ecclesias</em></strong></span> 
     </span>
    </p>
   </div>
   <div class='ocr_carea' id='block_1_17' title="bbox 611 1562 2105 1641">
    <p class='ocr_par' dir='ltr' id='par_1_17' title="bbox 611 1562 2105 1641">
     <span class='ocr_line' id='line_1_17' title="bbox 611 1562 2105 1641; baseline -0.008 -15"><span class='ocrx_word' id='word_1_100' title='bbox 611 1588 872 1641; x_wconf 88' lang='lat' dir='ltr'><strong><em>occupans</em></strong></span> <span class='ocrx_word' id='word_1_101' title='bbox 897 1569 1113 1639; x_wconf 89' lang='lat' dir='ltr'><strong><em>propria</em></strong></span> <span class='ocrx_word' id='word_1_102' title='bbox 1141 1570 1450 1621; x_wconf 87' lang='lat' dir='ltr'><strong><em>auctoritate</em></strong></span> <span class='ocrx_word' id='word_1_103' title='bbox 1493 1583 1648 1621; x_wconf 89' lang='lat' dir='ltr'><strong><em>sacra</em></strong></span> <span class='ocrx_word' id='word_1_104' title='bbox 1676 1566 1862 1629; x_wconf 85' lang='lat' dir='ltr'><strong><em>obeat;</em></strong></span> <span class='ocrx_word' id='word_1_105' title='bbox 1904 1564 2003 1617; x_wconf 86' lang='lat' dir='ltr'><strong><em>nisi</em></strong></span> <span class='ocrx_word' id='word_1_106' title='bbox 2030 1562 2105 1616; x_wconf 81' lang='lat' dir='ltr'><strong><em>vel</em></strong></span> 
     </span>
    </p>
   </div>
   <div class='ocr_carea' id='block_1_18' title="bbox 614 1655 2103 1734">
    <p class='ocr_par' dir='ltr' id='par_1_18' title="bbox 614 1655 2103 1734">
     <span class='ocr_line' id='line_1_18' title="bbox 614 1655 2103 1734; baseline -0.008 -17"><span class='ocrx_word' id='word_1_107' title='bbox 614 1666 793 1734; x_wconf 80' lang='lat' dir='ltr'><strong><em>utique</em></strong></span> <span class='ocrx_word' id='word_1_108' title='bbox 822 1669 1141 1727; x_wconf 84' lang='lat' dir='ltr'><strong><em>assumptus,</em></strong></span> <span class='ocrx_word' id='word_1_109' title='bbox 1171 1660 1276 1714; x_wconf 73' lang='lat' dir='ltr'><strong><em>sive</em></strong></span> <span class='ocrx_word' id='word_1_110' title='bbox 1306 1661 1484 1724; x_wconf 88' lang='lat' dir='ltr'><strong><em>etiam,</em></strong></span> <span class='ocrx_word' id='word_1_111' title='bbox 1528 1660 1574 1711; x_wconf 89' lang='lat' dir='ltr'><strong><em>si</em></strong></span> <span class='ocrx_word' id='word_1_112' title='bbox 1601 1657 1845 1722; x_wconf 79' lang='lat' dir='ltr'><strong><em>evenerit,</em></strong></span> <span class='ocrx_word' id='word_1_113' title='bbox 1884 1655 2103 1723; x_wconf 81' lang='lat' dir='ltr'><strong><em>permis—</em></strong></span> 
     </span>
    </p>
   </div>
   <div class='ocr_carea' id='block_1_19' title="bbox 618 1749 2108 1824">
    <p class='ocr_par' dir='ltr' id='par_1_19' title="bbox 618 1749 2108 1824">
     <span class='ocr_line' id='line_1_19' title="bbox 618 1749 2108 1824; baseline -0.007 -14"><span class='ocrx_word' id='word_1_114' title='bbox 618 1773 702 1811; x_wconf 74' lang='lat' dir='ltr'><strong><em>sus</em></strong></span> <span class='ocrx_word' id='word_1_115' title='bbox 733 1774 762 1808; x_wconf 91' lang='lat' dir='ltr'><strong><em>a</em></strong></span> <span class='ocrx_word' id='word_1_116' title='bbox 787 1755 951 1824; x_wconf 78' lang='lat' dir='ltr'><strong><em>fratre</em></strong></span> <span class='ocrx_word' id='word_1_117' title='bbox 978 1765 1024 1808; x_wconf 86' lang='lat' dir='ltr'><strong><em>et</em></strong></span> <span class='ocrx_word' id='word_1_118' title='bbox 1059 1754 1376 1821; x_wconf 85' lang='lat' dir='ltr'><strong><em>coepiscopo,</em></strong></span> <span class='ocrx_word' id='word_1_119' title='bbox 1410 1752 1690 1807; x_wconf 83' lang='lat' dir='ltr'><strong><em>secundum</em></strong></span> <span class='ocrx_word' id='word_1_120' title='bbox 1720 1749 2108 1818; x_wconf 88' lang='lat' dir='ltr'><strong><em>dispositionem</em></strong></span> 
     </span>
    </p>
   </div>
   <div class='ocr_carea' id='block_1_20' title="bbox 616 1822 2183 1915">
    <p class='ocr_par' dir='ltr' id='par_1_20' title="bbox 616 1822 2183 1915">
     <span class='ocr_line' id='line_1_20' title="bbox 616 1822 2183 1915; baseline -0.006 -15"><span class='ocrx_word' id='word_1_121' title='bbox 616 1861 663 1901; x_wconf 83' lang='lat' dir='ltr'><strong><em>et</em></strong></span> <span class='ocrx_word' id='word_1_122' title='bbox 689 1847 1041 1910; x_wconf 81' lang='lat' dir='ltr'><strong><em>dilectionem,</em></strong></span> <span class='ocrx_word' id='word_1_123' title='bbox 1070 1860 1187 1915; x_wconf 74' lang='lat' dir='ltr'><strong><em>qua:</em></strong></span> <span class='ocrx_word' id='word_1_124' title='bbox 1213 1855 1286 1898; x_wconf 84' lang='lat' dir='ltr'><strong><em>est</em></strong></span> <span class='ocrx_word' id='word_1_125' title='bbox 1314 1845 1368 1897; x_wconf 89' lang='lat' dir='ltr'><strong><em>iu</em></strong></span> <span class='ocrx_word' id='word_1_126' title='bbox 1400 1844 1634 1898; x_wconf 84' lang='lat' dir='ltr'><strong><em>Christo.</em></strong></span> <span class='ocrx_word' id='word_1_127' title='bbox 1679 1839 1737 1895; x_wconf 88' lang='lat' dir='ltr'><strong><em>Si</em></strong></span> <span class='ocrx_word' id='word_1_128' title='bbox 1777 1840 1903 1909; x_wconf 85' lang='lat' dir='ltr'><strong><em>quid</em></strong></span> <span class='ocrx_word' id='word_1_129' title='bbox 1936 1850 2109 1893; x_wconf 89' lang='lat' dir='ltr'><strong><em>autem</em></strong></span> <span class='ocrx_word' id='word_1_130' title='bbox 2140 1822 2183 1877; x_wconf 67' lang='grc' dir='ltr'><strong>Β</strong></span> 
     </span>
    </p>
   </div>
   <div class='ocr_carea' id='block_1_21' title="bbox 562 1933 2106 2011">
    <p class='ocr_par' dir='ltr' id='par_1_21' title="bbox 562 1933 2106 2011">
     <span class='ocr_line' id='line_1_21' title="bbox 562 1933 2106 2011; baseline -0.008 -15"><span class='ocrx_word' id='word_1_131' title='bbox 562 1938 565 1939; x_wconf 19' lang='grc' dir='ltr'><em>ν</em></span> <span class='ocrx_word' id='word_1_132' title='bbox 622 1942 888 2011; x_wconf 71' lang='lat' dir='ltr'><strong><em>benignius</em></strong></span> <span class='ocrx_word' id='word_1_133' title='bbox 917 1941 963 1993; x_wconf 88' lang='lat' dir='ltr'><strong><em>ei</em></strong></span> <span class='ocrx_word' id='word_1_134' title='bbox 986 1938 1349 1993; x_wconf 84' lang='lat' dir='ltr'><strong><em>consulueritis</em></strong></span> <span class='ocrx_word' id='word_1_135' title='bbox 1376 1937 1451 1990; x_wconf 82' lang='lat' dir='ltr'><strong><em>vel</em></strong></span> <span class='ocrx_word' id='word_1_136' title='bbox 1481 1953 1616 1989; x_wconf 89' lang='lat' dir='ltr'><strong><em>nunc</em></strong></span> <span class='ocrx_word' id='word_1_137' title='bbox 1646 1936 1719 1988; x_wconf 80' lang='lat' dir='ltr'><strong><em>uel</em></strong></span> <span class='ocrx_word' id='word_1_138' title='bbox 1743 1933 1796 1987; x_wconf 89' lang='lat' dir='ltr'><strong><em>iu</em></strong></span> <span class='ocrx_word' id='word_1_139' title='bbox 1823 1940 2106 1999; x_wconf 73' lang='lat' dir='ltr'><strong><em>pastorum,</em></strong></span> 
     </span>
    </p>
   </div>
   <div class='ocr_carea' id='block_1_22' title="bbox 620 2030 1641 2103">
    <p class='ocr_par' dir='ltr' id='par_1_22' title="bbox 620 2030 1641 2103">
     <span class='ocr_line' id='line_1_22' title="bbox 620 2030 1641 2103; baseline -0.006 -16"><span class='ocrx_word' id='word_1_140' title='bbox 620 2035 674 2087; x_wconf 88' lang='lat' dir='ltr'><strong><em>id</em></strong></span> <span class='ocrx_word' id='word_1_141' title='bbox 702 2048 905 2103; x_wconf 82' lang='lat' dir='ltr'><strong><em>quoque</em></strong></span> <span class='ocrx_word' id='word_1_142' title='bbox 924 2030 1150 2103; x_wconf 85' lang='lat' dir='ltr'><strong><em>placebit</em></strong></span> <span class='ocrx_word' id='word_1_143' title='bbox 1184 2041 1383 2085; x_wconf 83' lang='lat' dir='ltr'><strong><em>sanctte</em></strong></span> <span class='ocrx_word' id='word_1_144' title='bbox 1419 2030 1641 2081; x_wconf 83' lang='lat' dir='ltr'><strong><em>sunodo.</em></strong></span> 
     </span>
    </p>
   </div>
   <div class='ocr_carea' id='block_1_23' title="bbox 624 2504 2119 2582">
    <p class='ocr_par' dir='ltr' id='par_1_23' title="bbox 624 2504 2119 2582">
     <span class='ocr_line' id='line_1_23' title="bbox 624 2504 2119 2582; baseline -0.009 -12"><span class='ocrx_word' id='word_1_145' title='bbox 624 2512 818 2571; x_wconf 71' lang='lat' dir='ltr'><strong>BALS.</strong></span> <span class='ocrx_word' id='word_1_146' title='bbox 853 2509 1166 2582; x_wconf 76' lang='lat' dir='ltr'><strong><em>Pamphylia</em></strong></span> <span class='ocrx_word' id='word_1_147' title='bbox 1193 2518 1277 2563; x_wconf 89' lang='lat' dir='ltr'><strong><em>est</em></strong></span> <span class='ocrx_word' id='word_1_148' title='bbox 1304 2507 1529 2562; x_wconf 66' lang='lat' dir='ltr'><strong><em>Attaliaa&#39;</em></strong></span> <span class='ocrx_word' id='word_1_149' title='bbox 1559 2504 1856 2576; x_wconf 88' lang='lat' dir='ltr'><strong><em>provincia.</em></strong></span> <span class='ocrx_word' id='word_1_150' title='bbox 1906 2504 2119 2567; x_wconf 84' lang='lat' dir='ltr'><strong><em>thno-</em></strong></span> 
     </span>
    </p>
   </div>
   <div class='ocr_carea' id='block_1_24' title="bbox 554 2592 2120 2676">
    <p class='ocr_par' dir='ltr' id='par_1_24' title="bbox 554 2592 2120 2676">
     <span class='ocr_line' id='line_1_24' title="bbox 554 2592 2120 2676; baseline -0.013 -13"><span class='ocrx_word' id='word_1_151' title='bbox 554 2608 698 2663; x_wconf 86' lang='lat' dir='ltr'><strong><em>niam</em></strong></span> <span class='ocrx_word' id='word_1_152' title='bbox 721 2604 938 2676; x_wconf 88' lang='lat' dir='ltr'><strong><em>quidam</em></strong></span> <span class='ocrx_word' id='word_1_153' title='bbox 966 2600 1298 2664; x_wconf 78' lang='lat' dir='ltr'><strong><em>Eustathius,</em></strong></span> <span class='ocrx_word' id='word_1_154' title='bbox 1320 2599 1412 2669; x_wconf 88' lang='lat' dir='ltr'><strong><em>qui</em></strong></span> <span class='ocrx_word' id='word_1_155' title='bbox 1443 2598 1497 2652; x_wconf 89' lang='lat' dir='ltr'><strong><em>in</em></strong></span> <span class='ocrx_word' id='word_1_156' title='bbox 1521 2611 1583 2652; x_wconf 87' lang='lat' dir='ltr'><strong><em>ea</em></strong></span> <span class='ocrx_word' id='word_1_157' title='bbox 1614 2595 1899 2663; x_wconf 87' lang='lat' dir='ltr'><strong><em>episcopus</em></strong></span> <span class='ocrx_word' id='word_1_158' title='bbox 1922 2592 2120 2655; x_wconf 81' lang='lat' dir='ltr'><strong><em>fuerat,</em></strong></span> 
     </span>
    </p>
   </div>
   <div class='ocr_carea' id='block_1_25' title="bbox 555 2682 2121 2771">
    <p class='ocr_par' dir='ltr' id='par_1_25' title="bbox 555 2682 2121 2771">
     <span class='ocr_line' id='line_1_25' title="bbox 555 2682 2121 2771; baseline -0.012 -16"><span class='ocrx_word' id='word_1_159' title='bbox 555 2697 884 2771; x_wconf 85' lang='lat' dir='ltr'><strong><em>episcopatui</em></strong></span> <span class='ocrx_word' id='word_1_160' title='bbox 935 2694 1149 2763; x_wconf 80' lang='lat' dir='ltr'><strong><em>scriptis</em></strong></span> <span class='ocrx_word' id='word_1_161' title='bbox 1201 2689 1529 2746; x_wconf 78' lang='lat' dir='ltr'><strong><em>renuntiavit</em></strong></span> <span class='ocrx_word' id='word_1_162' title='bbox 1586 2696 1805 2758; x_wconf 88' lang='lat' dir='ltr'><strong><em>propter</em></strong></span> <span class='ocrx_word' id='word_1_163' title='bbox 1865 2682 2121 2753; x_wconf 87' lang='lat' dir='ltr'><strong><em>quasdam</em></strong></span> 
     </span>
    </p>
   </div>
   <div class='ocr_carea' id='block_1_26' title="bbox 557 2780 2128 2850">
    <p class='ocr_par' dir='ltr' id='par_1_26' title="bbox 557 2780 2128 2850">
     <span class='ocr_line' id='line_1_26' title="bbox 557 2780 2128 2850; baseline -0.013 -5"><span class='ocrx_word' id='word_1_164' title='bbox 557 2791 871 2845; x_wconf 71' lang='lat' dir='ltr'><strong><em>vexationes</em></strong></span> <span class='ocrx_word' id='word_1_165' title='bbox 904 2801 968 2841; x_wconf 90' lang='lat' dir='ltr'><strong><em>ac</em></strong></span> <span class='ocrx_word' id='word_1_166' title='bbox 999 2784 1257 2839; x_wconf 89' lang='lat' dir='ltr'><strong><em>molestos</em></strong></span> <span class='ocrx_word' id='word_1_167' title='bbox 1293 2780 1628 2850; x_wconf 84' lang='lat' dir='ltr'><strong><em>negotiorum</em></strong></span> <span class='ocrx_word' id='word_1_168' title='bbox 1677 2790 1870 2836; x_wconf 85' lang='lat' dir='ltr'><strong><em>casus,</em></strong></span> <span class='ocrx_word' id='word_1_169' title='bbox 1914 2787 2128 2827; x_wconf 87' lang='lat' dir='ltr'><strong><em>rursus-</em></strong></span> 
     </span>
    </p>
   </div>
   <div class='ocr_carea' id='block_1_27' title="bbox 556 2863 2128 2955">
    <p class='ocr_par' dir='ltr' id='par_1_27' title="bbox 556 2863 2128 2955">
     <span class='ocr_line' id='line_1_27' title="bbox 556 2863 2128 2955; baseline -0.015 -17"><span class='ocrx_word' id='word_1_170' title='bbox 556 2898 667 2955; x_wconf 90' lang='lat' dir='ltr'><strong><em>que</em></strong></span> <span class='ocrx_word' id='word_1_171' title='bbox 698 2879 953 2951; x_wconf 82' lang='lat' dir='ltr'><strong><em>lacrymis</em></strong></span> <span class='ocrx_word' id='word_1_172' title='bbox 995 2874 1338 2945; x_wconf 83' lang='lat' dir='ltr'><strong><em>supplicavit,</em></strong></span> <span class='ocrx_word' id='word_1_173' title='bbox 1387 2882 1443 2925; x_wconf 89' lang='lat' dir='ltr'><strong><em>ut</em></strong></span> <span class='ocrx_word' id='word_1_174' title='bbox 1489 2870 1657 2924; x_wconf 89' lang='lat' dir='ltr'><strong><em>solum</em></strong></span> <span class='ocrx_word' id='word_1_175' title='bbox 1688 2865 1924 2945; x_wconf 87' lang='lat' dir='ltr'><strong><em>episcopi</em></strong></span> <span class='ocrx_word' id='word_1_176' title='bbox 1956 2863 2128 2918; x_wconf 81' lang='lat' dir='ltr'><strong><em>hono-</em></strong></span> 
     </span>
    </p>
   </div>
   <div class='ocr_carea' id='block_1_28' title="bbox 559 2955 2130 3029">
    <p class='ocr_par' dir='ltr' id='par_1_28' title="bbox 559 2955 2130 3029">
     <span class='ocr_line' id='line_1_28' title="bbox 559 2955 2130 3029; baseline -0.014 -1"><span class='ocrx_word' id='word_1_177' title='bbox 559 2988 673 3029; x_wconf 84' lang='lat' dir='ltr'><strong><em>rem</em></strong></span> <span class='ocrx_word' id='word_1_178' title='bbox 698 2981 753 3025; x_wconf 89' lang='lat' dir='ltr'><strong><em>et</em></strong></span> <span class='ocrx_word' id='word_1_179' title='bbox 795 2982 988 3024; x_wconf 84' lang='lat' dir='ltr'><strong><em>nomen</em></strong></span> <span class='ocrx_word' id='word_1_180' title='bbox 1018 2966 1263 3027; x_wconf 85' lang='lat' dir='ltr'><strong><em>haberet,</em></strong></span> <span class='ocrx_word' id='word_1_181' title='bbox 1297 2969 1516 3017; x_wconf 80' lang='lat' dir='ltr'><strong><em>exorata</em></strong></span> <span class='ocrx_word' id='word_1_182' title='bbox 1546 2970 1628 3014; x_wconf 89' lang='lat' dir='ltr'><strong><em>est</em></strong></span> <span class='ocrx_word' id='word_1_183' title='bbox 1651 2966 1836 3012; x_wconf 83' lang='lat' dir='ltr'><strong><em>sancta</em></strong></span> <span class='ocrx_word' id='word_1_184' title='bbox 1872 2955 2130 3027; x_wconf 85' lang='lat' dir='ltr'><strong><em>synodus,</em></strong></span> 
     </span>
    </p>
   </div>
   <div class='ocr_carea' id='block_1_29' title="bbox 559 3046 2131 3134">
    <p class='ocr_par' dir='ltr' id='par_1_29' title="bbox 559 3046 2131 3134">
     <span class='ocr_line' id='line_1_29' title="bbox 559 3046 2131 3134; baseline -0.013 -17"><span class='ocrx_word' id='word_1_185' title='bbox 559 3074 615 3117; x_wconf 81' lang='lat' dir='ltr'><strong><em>et</em></strong></span> <span class='ocrx_word' id='word_1_186' title='bbox 636 3078 731 3134; x_wconf 89' lang='lat' dir='ltr'><strong><em>per</em></strong></span> <span class='ocrx_word' id='word_1_187' title='bbox 748 3069 1065 3131; x_wconf 64' lang='lat' dir='ltr'><strong><em>praesentem</em></strong></span> <span class='ocrx_word' id='word_1_188' title='bbox 1102 3054 1380 3126; x_wconf 71' lang='lat' dir='ltr'><strong><em>epistolam</em></strong></span> <span class='ocrx_word' id='word_1_189' title='bbox 1404 3054 1470 3107; x_wconf 91' lang='lat' dir='ltr'><strong><em>ad</em></strong></span> <span class='ocrx_word' id='word_1_190' title='bbox 1489 3052 1773 3122; x_wconf 84' lang='lat' dir='ltr'><strong><em>synodum,</em></strong></span> <span class='ocrx_word' id='word_1_191' title='bbox 1799 3063 1916 3118; x_wconf 64' lang='lat' dir='ltr'><strong><em>qua:</em></strong></span> <span class='ocrx_word' id='word_1_192' title='bbox 1936 3055 2052 3101; x_wconf 87' lang='lat' dir='ltr'><strong><em>erat</em></strong></span> <span class='ocrx_word' id='word_1_193' title='bbox 2079 3046 2131 3097; x_wconf 91' lang='lat' dir='ltr'><strong><em>in</em></strong></span> 
     </span>
    </p>
   </div>
   <div class='ocr_carea' id='block_1_30' title="bbox 561 3137 2136 3220">
    <p class='ocr_par' dir='ltr' id='par_1_30' title="bbox 561 3137 2136 3220">
     <span class='ocr_line' id='line_1_30' title="bbox 561 3137 2136 3220; baseline -0.013 -13"><span class='ocrx_word' id='word_1_194' title='bbox 561 3149 898 3220; x_wconf 85' lang='lat' dir='ltr'><strong><em>Pamphylia,</em></strong></span> <span class='ocrx_word' id='word_1_195' title='bbox 935 3146 1152 3201; x_wconf 88' lang='lat' dir='ltr'><strong><em>missam</em></strong></span> <span class='ocrx_word' id='word_1_196' title='bbox 1176 3138 1754 3199; x_wconf 79' lang='lat' dir='ltr'><strong><em>statuitmisericordla</em></strong></span> <span class='ocrx_word' id='word_1_197' title='bbox 1777 3137 1992 3205; x_wconf 75' lang='lat' dir='ltr'><strong><em>dignum</em></strong></span> <span class='ocrx_word' id='word_1_198' title='bbox 2018 3147 2136 3188; x_wconf 74' lang='lat' dir='ltr'><strong><em>esse</em></strong></span> 
     </span>
    </p>
   </div>
   <div class='ocr_carea' id='block_1_31' title="bbox 566 3224 2129 3303">
    <p class='ocr_par' dir='ltr' id='par_1_31' title="bbox 566 3224 2129 3303">
     <span class='ocr_line' id='line_1_31' title="bbox 566 3224 2129 3303; baseline -0.014 -5"><span class='ocrx_word' id='word_1_199' title='bbox 566 3256 751 3299; x_wconf 87' lang='lat' dir='ltr'><strong><em>senem</em></strong></span> <span class='ocrx_word' id='word_1_200' title='bbox 790 3250 843 3295; x_wconf 89' lang='lat' dir='ltr'><strong><em>et</em></strong></span> <span class='ocrx_word' id='word_1_201' title='bbox 889 3234 1234 3291; x_wconf 85' lang='lat' dir='ltr'><strong><em>Theodorum</em></strong></span> <span class='ocrx_word' id='word_1_202' title='bbox 1291 3233 1529 3303; x_wconf 83' lang='lat' dir='ltr'><strong><em>quidem,</em></strong></span> <span class='ocrx_word' id='word_1_203' title='bbox 1584 3232 1672 3300; x_wconf 89' lang='lat' dir='ltr'><strong><em>qui</em></strong></span> <span class='ocrx_word' id='word_1_204' title='bbox 1713 3229 1763 3282; x_wconf 90' lang='lat' dir='ltr'><strong><em>in</em></strong></span> <span class='ocrx_word' id='word_1_205' title='bbox 1820 3224 2129 3296; x_wconf 84' lang='lat' dir='ltr'><strong><em>Pamphylia</em></strong></span> 
     </span>
    </p>
   </div>
   <div class='ocr_carea' id='block_1_32' title="bbox 566 3321 2134 3396">
    <p class='ocr_par' dir='ltr' id='par_1_32' title="bbox 566 3321 2134 3396">
     <span class='ocr_line' id='line_1_32' title="bbox 566 3321 2134 3396; baseline -0.015 -7"><span class='ocrx_word' id='word_1_206' title='bbox 566 3336 770 3391; x_wconf 84' lang='lat' dir='ltr'><strong><em>electus</em></strong></span> <span class='ocrx_word' id='word_1_207' title='bbox 793 3342 905 3395; x_wconf 91' lang='lat' dir='ltr'><strong><em>est,</em></strong></span> <span class='ocrx_word' id='word_1_208' title='bbox 938 3346 1125 3384; x_wconf 82' lang='lat' dir='ltr'><strong><em>rursus</em></strong></span> <span class='ocrx_word' id='word_1_209' title='bbox 1148 3342 1267 3382; x_wconf 90' lang='lat' dir='ltr'><strong><em>esse</em></strong></span> <span class='ocrx_word' id='word_1_210' title='bbox 1288 3325 1597 3396; x_wconf 82' lang='lat' dir='ltr'><strong><em>episcopum</em></strong></span> <span class='ocrx_word' id='word_1_211' title='bbox 1626 3343 1639 3377; x_wconf 91' lang='lat'><strong><em>:</em></strong></span> <span class='ocrx_word' id='word_1_212' title='bbox 1671 3321 2004 3375; x_wconf 87' lang='lat' dir='ltr'><strong><em>Enstathinm</em></strong></span> <span class='ocrx_word' id='word_1_213' title='bbox 2037 3333 2134 3370; x_wconf 85' lang='lat' dir='ltr'><strong><em>an-</em></strong></span> 
     </span>
    </p>
   </div>
   <div class='ocr_carea' id='block_1_33' title="bbox 569 3406 2136 3490">
    <p class='ocr_par' dir='ltr' id='par_1_33' title="bbox 569 3406 2136 3490">
     <span class='ocr_line' id='line_1_33' title="bbox 569 3406 2136 3490; baseline -0.015 -10"><span class='ocrx_word' id='word_1_214' title='bbox 569 3435 700 3490; x_wconf 88' lang='lat' dir='ltr'><strong><em>tem,</em></strong></span> <span class='ocrx_word' id='word_1_215' title='bbox 732 3430 793 3478; x_wconf 90' lang='lat' dir='ltr'><strong><em>ut</em></strong></span> <span class='ocrx_word' id='word_1_216' title='bbox 843 3421 935 3489; x_wconf 86' lang='lat' dir='ltr'><strong><em>qui</em></strong></span> <span class='ocrx_word' id='word_1_217' title='bbox 1004 3433 1109 3472; x_wconf 89' lang='lat' dir='ltr'><strong><em>non</em></strong></span> <span class='ocrx_word' id='word_1_218' title='bbox 1136 3424 1279 3471; x_wconf 88' lang='lat' dir='ltr'><strong><em>esset</em></strong></span> <span class='ocrx_word' id='word_1_219' title='bbox 1327 3414 1634 3482; x_wconf 84' lang='lat' dir='ltr'><strong><em>depositus,</em></strong></span> <span class='ocrx_word' id='word_1_220' title='bbox 1670 3410 1785 3473; x_wconf 86' lang='lat' dir='ltr'><strong><em>sed,</em></strong></span> <span class='ocrx_word' id='word_1_221' title='bbox 1820 3417 1878 3462; x_wconf 91' lang='lat' dir='ltr'><strong><em>nt</em></strong></span> <span class='ocrx_word' id='word_1_222' title='bbox 1927 3406 2136 3477; x_wconf 78' lang='lat' dir='ltr'><strong><em>negotia</em></strong></span> 
     </span>
    </p>
   </div>
   <div class='ocr_carea' id='block_1_34' title="bbox 568 3496 2138 3583">
    <p class='ocr_par' dir='ltr' id='par_1_34' title="bbox 568 3496 2138 3583">
     <span class='ocr_line' id='line_1_34' title="bbox 568 3496 2138 3583; baseline -0.014 -12"><span class='ocrx_word' id='word_1_223' title='bbox 568 3516 891 3583; x_wconf 88' lang='lat' dir='ltr'><strong><em>laboresque</em></strong></span> <span class='ocrx_word' id='word_1_224' title='bbox 940 3510 1178 3580; x_wconf 77' lang='lat' dir='ltr'><strong><em>fugeret,</em></strong></span> <span class='ocrx_word' id='word_1_225' title='bbox 1210 3506 1591 3569; x_wconf 85' lang='lat' dir='ltr'><strong><em>renuntiasset,</em></strong></span> <span class='ocrx_word' id='word_1_226' title='bbox 1622 3517 1693 3556; x_wconf 80' lang='lat' dir='ltr'><strong><em>ex</em></strong></span> <span class='ocrx_word' id='word_1_227' title='bbox 1718 3496 2138 3570; x_wconf 82' lang='lat' dir='ltr'><strong><em>dispensationis</em></strong></span> 
     </span>
    </p>
   </div>
   <div class='ocr_carea' id='block_1_35' title="bbox 569 3590 2141 3672">
    <p class='ocr_par' dir='ltr' id='par_1_35' title="bbox 569 3590 2141 3672">
     <span class='ocr_line' id='line_1_35' title="bbox 569 3590 2141 3672; baseline -0.013 -11"><span class='ocrx_word' id='word_1_228' title='bbox 569 3606 800 3669; x_wconf 83' lang='lat' dir='ltr'><strong><em>ratione,</em></strong></span> <span class='ocrx_word' id='word_1_229' title='bbox 834 3614 1065 3672; x_wconf 61' lang='lat' dir='ltr'><strong><em>erqua:</em></strong></span> <span class='ocrx_word' id='word_1_230' title='bbox 1115 3598 1306 3668; x_wconf 87' lang='lat' dir='ltr'><strong><em>petivit</em></strong></span> <span class='ocrx_word' id='word_1_231' title='bbox 1345 3596 1567 3658; x_wconf 83' lang='lat' dir='ltr'><strong><em>habere,</em></strong></span> <span class='ocrx_word' id='word_1_232' title='bbox 1620 3607 1813 3647; x_wconf 88' lang='lat' dir='ltr'><strong><em>nomen</em></strong></span> <span class='ocrx_word' id='word_1_233' title='bbox 1847 3590 2051 3644; x_wconf 84' lang='lat' dir='ltr'><strong><em>scilicet</em></strong></span> <span class='ocrx_word' id='word_1_234' title='bbox 2088 3596 2141 3641; x_wconf 90' lang='lat' dir='ltr'><strong><em>et</em></strong></span> 
     </span>
    </p>
   </div>
   <div class='ocr_carea' id='block_1_36' title="bbox 572 3680 2139 3763">
    <p class='ocr_par' dir='ltr' id='par_1_36' title="bbox 572 3680 2139 3763">
     <span class='ocr_line' id='line_1_36' title="bbox 572 3680 2139 3763; baseline -0.013 -9"><span class='ocrx_word' id='word_1_235' title='bbox 572 3700 834 3754; x_wconf 79' lang='lat' dir='ltr'><strong><em>honorem</em></strong></span> <span class='ocrx_word' id='word_1_236' title='bbox 881 3692 1119 3763; x_wconf 82' lang='lat' dir='ltr'><strong><em>episcopi</em></strong></span> <span class='ocrx_word' id='word_1_237' title='bbox 1170 3698 1226 3745; x_wconf 89' lang='lat' dir='ltr'><strong><em>et</em></strong></span> <span class='ocrx_word' id='word_1_238' title='bbox 1256 3687 1717 3749; x_wconf 82' lang='lat' dir='ltr'><strong><em>communionem,</em></strong></span> <span class='ocrx_word' id='word_1_239' title='bbox 1766 3681 1816 3736; x_wconf 91' lang='lat' dir='ltr'><strong><em>id</em></strong></span> <span class='ocrx_word' id='word_1_240' title='bbox 1867 3689 1949 3736; x_wconf 88' lang='lat' dir='ltr'><strong><em>est</em></strong></span> <span class='ocrx_word' id='word_1_241' title='bbox 1998 3680 2139 3734; x_wconf 83' lang='lat' dir='ltr'><strong><em>intra</em></strong></span> 
     </span>
    </p>
   </div>
   <div class='ocr_carea' id='block_1_37' title="bbox 571 3773 2140 3854">
    <p class='ocr_par' dir='ltr' id='par_1_37' title="bbox 571 3773 2140 3854">
     <span class='ocr_line' id='line_1_37' title="bbox 571 3773 2140 3854; baseline -0.013 -11"><span class='ocrx_word' id='word_1_242' title='bbox 571 3788 742 3844; x_wconf 84' lang='lat' dir='ltr'><strong><em>altare</em></strong></span> <span class='ocrx_word' id='word_1_243' title='bbox 788 3782 1133 3854; x_wconf 80' lang='lat' dir='ltr'><strong><em>participare,</em></strong></span> <span class='ocrx_word' id='word_1_244' title='bbox 1173 3779 1307 3835; x_wconf 88' lang='lat' dir='ltr'><strong><em>nihil</em></strong></span> <span class='ocrx_word' id='word_1_245' title='bbox 1336 3787 1513 3832; x_wconf 90' lang='lat' dir='ltr'><strong><em>tamen</em></strong></span> <span class='ocrx_word' id='word_1_246' title='bbox 1543 3773 1847 3845; x_wconf 84' lang='lat' dir='ltr'><strong><em>episcopale</em></strong></span> <span class='ocrx_word' id='word_1_247' title='bbox 1867 3784 2140 3834; x_wconf 83' lang='lat' dir='ltr'><strong><em>exercere,</em></strong></span> 
     </span>
    </p>
   </div>
   <div class='ocr_carea' id='block_1_38' title="bbox 574 3862 2145 3947">
    <p class='ocr_par' dir='ltr' id='par_1_38' title="bbox 574 3862 2145 3947">
     <span class='ocr_line' id='line_1_38' title="bbox 574 3862 2145 3947; baseline -0.012 -12"><span class='ocrx_word' id='word_1_248' title='bbox 574 3878 679 3936; x_wconf 85' lang='lat' dir='ltr'><strong><em>nisi</em></strong></span> <span class='ocrx_word' id='word_1_249' title='bbox 708 3893 774 3933; x_wconf 76' lang='lat' dir='ltr'><strong><em>ex</em></strong></span> <span class='ocrx_word' id='word_1_250' title='bbox 805 3874 1043 3947; x_wconf 79' lang='lat' dir='ltr'><strong><em>regionis</em></strong></span> <span class='ocrx_word' id='word_1_251' title='bbox 1064 3873 1316 3943; x_wconf 89' lang='lat' dir='ltr'><strong><em>episcopo</em></strong></span> <span class='ocrx_word' id='word_1_252' title='bbox 1345 3870 1396 3924; x_wconf 90' lang='lat' dir='ltr'><strong><em>id</em></strong></span> <span class='ocrx_word' id='word_1_253' title='bbox 1427 3869 1474 3923; x_wconf 90' lang='lat' dir='ltr'><strong><em>ei</em></strong></span> <span class='ocrx_word' id='word_1_254' title='bbox 1506 3868 1823 3938; x_wconf 86' lang='lat' dir='ltr'><strong><em>permissum</em></strong></span> <span class='ocrx_word' id='word_1_255' title='bbox 1854 3864 1942 3918; x_wconf 87' lang='lat' dir='ltr'><strong><em>sit.</em></strong></span> <span class='ocrx_word' id='word_1_256' title='bbox 1962 3862 2145 3933; x_wconf 86' lang='lat' dir='ltr'><strong><em>Neque</em></strong></span> 
     </span>
    </p>
   </div>
   <div class='ocr_carea' id='block_1_39' title="bbox 572 3958 2179 4045">
    <p class='ocr_par' dir='ltr' id='par_1_39' title="bbox 572 3958 2179 4045">
     <span class='ocr_line' id='line_1_39' title="bbox 572 3958 2179 4045; baseline -0.015 -16"><span class='ocrx_word' id='word_1_257' title='bbox 572 3973 717 4029; x_wconf 87' lang='lat' dir='ltr'><strong><em>enim</em></strong></span> <span class='ocrx_word' id='word_1_258' title='bbox 750 3985 963 4045; x_wconf 67' lang='lat' dir='ltr'><strong><em>aequum</em></strong></span> <span class='ocrx_word' id='word_1_259' title='bbox 996 3981 1120 4023; x_wconf 86' lang='lat' dir='ltr'><strong><em>esse</em></strong></span> <span class='ocrx_word' id='word_1_260' title='bbox 1150 3963 1399 4028; x_wconf 86' lang='lat' dir='ltr'><strong><em>censuit&#39;,</em></strong></span> <span class='ocrx_word' id='word_1_261' title='bbox 1434 3971 1492 4014; x_wconf 92' lang='lat' dir='ltr'><strong><em>nt</em></strong></span> <span class='ocrx_word' id='word_1_262' title='bbox 1513 3961 1629 4014; x_wconf 80' lang='lat' dir='ltr'><strong><em>viro</em></strong></span> <span class='ocrx_word' id='word_1_263' title='bbox 1662 3958 1901 4029; x_wconf 80' lang='lat' dir='ltr'><strong><em>graviter</em></strong></span> <span class='ocrx_word' id='word_1_264' title='bbox 1923 3968 2145 4010; x_wconf 82' lang='lat' dir='ltr'><strong><em>succen-</em></strong></span> <span class='ocrx_word' id='word_1_265' title='bbox 2172 3984 2179 3991; x_wconf 61' lang='grc' dir='ltr'>ς</span> 
     </span>
    </p>
   </div>
   <div class='ocr_carea' id='block_1_40' title="bbox 575 4047 2147 4132">
    <p class='ocr_par' dir='ltr' id='par_1_40' title="bbox 575 4047 2147 4132">
     <span class='ocr_line' id='line_1_40' title="bbox 575 4047 2147 4132; baseline -0.015 -13"><span class='ocrx_word' id='word_1_266' title='bbox 575 4072 810 4122; x_wconf 86' lang='lat' dir='ltr'><strong><em>seretur.</em></strong></span> <span class='ocrx_word' id='word_1_267' title='bbox 835 4059 977 4132; x_wconf 90' lang='lat' dir='ltr'><strong><em>quod</em></strong></span> <span class='ocrx_word' id='word_1_268' title='bbox 1014 4065 1159 4114; x_wconf 82' lang='lat' dir='ltr'><strong><em>esset</em></strong></span> <span class='ocrx_word' id='word_1_269' title='bbox 1180 4054 1513 4125; x_wconf 81' lang='lat' dir='ltr'><strong><em>negotiorum</em></strong></span> <span class='ocrx_word' id='word_1_270' title='bbox 1538 4051 1889 4118; x_wconf 87' lang='lat' dir='ltr'><strong><em>laborumque</em></strong></span> <span class='ocrx_word' id='word_1_271' title='bbox 1917 4047 2147 4117; x_wconf 77' lang='lat' dir='ltr'><strong><em>fugitan-</em></strong></span> 
     </span>
    </p>
   </div>
   <div class='ocr_carea' id='block_1_41' title="bbox 576 4137 2147 4225">
    <p class='ocr_par' dir='ltr' id='par_1_41' title="bbox 576 4137 2147 4225">
     <span class='ocr_line' id='line_1_41' title="bbox 576 4137 2147 4225; baseline -0.015 -12"><span class='ocrx_word' id='word_1_272' title='bbox 576 4161 703 4223; x_wconf 86' lang='lat' dir='ltr'><strong><em>tinr,</em></strong></span> <span class='ocrx_word' id='word_1_273' title='bbox 737 4154 819 4209; x_wconf 85' lang='lat' dir='ltr'><strong><em>vel</em></strong></span> <span class='ocrx_word' id='word_1_274' title='bbox 836 4152 979 4225; x_wconf 89' lang='lat' dir='ltr'><strong><em>quod</em></strong></span> <span class='ocrx_word' id='word_1_275' title='bbox 997 4151 1063 4204; x_wconf 89' lang='lat' dir='ltr'><strong><em>ad</em></strong></span> <span class='ocrx_word' id='word_1_276' title='bbox 1085 4163 1146 4203; x_wconf 87' lang='lat' dir='ltr'><strong><em>ea</em></strong></span> <span class='ocrx_word' id='word_1_277' title='bbox 1175 4144 1408 4215; x_wconf 85' lang='lat' dir='ltr'><strong><em>gerenda</em></strong></span> <span class='ocrx_word' id='word_1_278' title='bbox 1435 4150 1581 4199; x_wconf 88' lang='lat' dir='ltr'><strong><em>esset</em></strong></span> <span class='ocrx_word' id='word_1_279' title='bbox 1613 4142 1849 4212; x_wconf 84' lang='lat' dir='ltr'><strong><em>ineptus.</em></strong></span> <span class='ocrx_word' id='word_1_280' title='bbox 1872 4139 2007 4192; x_wconf 88' lang='lat' dir='ltr'><strong><em>Cum</em></strong></span> <span class='ocrx_word' id='word_1_281' title='bbox 2033 4137 2147 4191; x_wconf 64' lang='lat' dir='ltr'><strong><em>haec</em></strong></span> 
     </span>
    </p>
   </div>
   <div class='ocr_carea' id='block_1_42' title="bbox 575 4230 2149 4314">
    <p class='ocr_par' dir='ltr' id='par_1_42' title="bbox 575 4230 2149 4314">
     <span class='ocr_line' id='line_1_42' title="bbox 575 4230 2149 4314; baseline -0.013 -12"><span class='ocrx_word' id='word_1_282' title='bbox 575 4253 779 4303; x_wconf 77' lang='lat' dir='ltr'><strong><em>tractet</em></strong></span> <span class='ocrx_word' id='word_1_283' title='bbox 796 4241 1041 4314; x_wconf 88' lang='lat' dir='ltr'><strong><em>epistola,</em></strong></span> <span class='ocrx_word' id='word_1_284' title='bbox 1060 4235 1499 4306; x_wconf 58' lang='lat' dir='ltr'><strong><em>dicuntlnonnulli</em></strong></span> <span class='ocrx_word' id='word_1_285' title='bbox 1518 4250 1583 4289; x_wconf 78' lang='lat' dir='ltr'><strong><em>ex</em></strong></span> <span class='ocrx_word' id='word_1_286' title='bbox 1605 4249 1665 4287; x_wconf 88' lang='lat' dir='ltr'><strong><em>ea</em></strong></span> <span class='ocrx_word' id='word_1_287' title='bbox 1687 4230 2149 4302; x_wconf 67' lang='lat' dir='ltr'><strong><em>essrlantistitibns</em></strong></span> 
     </span>
    </p>
   </div>
   <div class='ocr_carea' id='block_1_43' title="bbox 580 4323 2147 4408">
    <p class='ocr_par' dir='ltr' id='par_1_43' title="bbox 580 4323 2147 4408">
     <span class='ocr_line' id='line_1_43' title="bbox 580 4323 2147 4408; baseline -0.015 -14"><span class='ocrx_word' id='word_1_288' title='bbox 580 4339 926 4408; x_wconf 87' lang='lat' dir='ltr'><strong><em>permissum,</em></strong></span> <span class='ocrx_word' id='word_1_289' title='bbox 955 4344 1011 4387; x_wconf 91' lang='lat' dir='ltr'><strong><em>ut</em></strong></span> <span class='ocrx_word' id='word_1_290' title='bbox 1039 4331 1392 4386; x_wconf 83' lang='lat' dir='ltr'><strong><em>ecclesiarum</em></strong></span> <span class='ocrx_word' id='word_1_291' title='bbox 1432 4326 1649 4395; x_wconf 84' lang='lat' dir='ltr'><strong><em>quidem</em></strong></span> <span class='ocrx_word' id='word_1_292' title='bbox 1703 4323 1910 4378; x_wconf 84' lang='lat' dir='ltr'><strong><em>thronis</em></strong></span> <span class='ocrx_word' id='word_1_293' title='bbox 1944 4336 2147 4374; x_wconf 82' lang='lat' dir='ltr'><strong><em>renun-</em></strong></span> 
     </span>
    </p>
   </div>
   <div class='ocr_carea' id='block_1_44' title="bbox 579 4410 2147 4490">
    <p class='ocr_par' dir='ltr' id='par_1_44' title="bbox 579 4410 2147 4490">
     <span class='ocr_line' id='line_1_44' title="bbox 579 4410 2147 4490; baseline -0.013 -6"><span class='ocrx_word' id='word_1_294' title='bbox 579 4431 736 4490; x_wconf 86' lang='lat' dir='ltr'><strong><em>tient.</em></strong></span> <span class='ocrx_word' id='word_1_295' title='bbox 767 4437 822 4480; x_wconf 88' lang='lat' dir='ltr'><strong><em>et</em></strong></span> <span class='ocrx_word' id='word_1_296' title='bbox 855 4436 1031 4480; x_wconf 83' lang='lat' dir='ltr'><strong><em>tamen</em></strong></span> <span class='ocrx_word' id='word_1_297' title='bbox 1065 4423 1367 4480; x_wconf 87' lang='lat' dir='ltr'><strong><em>antistitum</em></strong></span> <span class='ocrx_word' id='word_1_298' title='bbox 1405 4417 1721 4488; x_wconf 87' lang='lat' dir='ltr'><strong><em>dignitatem</em></strong></span> <span class='ocrx_word' id='word_1_299' title='bbox 1755 4414 2053 4468; x_wconf 84' lang='lat' dir='ltr'><strong><em>obtineant.</em></strong></span> <span class='ocrx_word' id='word_1_300' title='bbox 2089 4410 2147 4465; x_wconf 89' lang='lat' dir='ltr'><strong><em>Si</em></strong></span> 
     </span>
    </p>
   </div>
   <div class='ocr_carea' id='block_1_45' title="bbox 2255 562 3755 638">
    <p class='ocr_par' dir='ltr' id='par_1_45' title="bbox 2255 562 3755 638">
     <span class='ocr_line' id='line_1_45' title="bbox 2255 562 3755 638; baseline -0.006 -16"><span class='ocrx_word' id='word_1_301' title='bbox 2255 586 2371 638; x_wconf 79' lang='grc' dir='ltr'><strong><em>μεν</em></strong></span> <span class='ocrx_word' id='word_1_302' title='bbox 2407 565 2740 636; x_wconf 82' lang='grc' dir='ltr'><em>πεπρᾶχθαι</em></span> <span class='ocrx_word' id='word_1_303' title='bbox 2777 566 2893 635; x_wconf 85' lang='grc' dir='ltr'><em>μὲν</em></span> <span class='ocrx_word' id='word_1_304' title='bbox 2933 564 3202 620; x_wconf 82' lang='grc' dir='ltr'><em>τοιοῦτον</em></span> <span class='ocrx_word' id='word_1_305' title='bbox 3241 562 3439 627; x_wconf 78' lang='grc' dir='ltr'><em>οὐδὲν,</em></span> <span class='ocrx_word' id='word_1_306' title='bbox 3479 563 3755 631; x_wconf 83' lang='grc' dir='ltr'><em>γενέσθαι</em></span> 
     </span>
    </p>
   </div>
   <div class='ocr_carea' id='block_1_46' title="bbox 2263 651 3757 731">
    <p class='ocr_par' dir='ltr' id='par_1_46' title="bbox 2263 651 3757 731">
     <span class='ocr_line' id='line_1_46' title="bbox 2263 651 3757 731; baseline -0.009 -15"><span class='ocrx_word' id='word_1_307' title='bbox 2263 662 2331 716; x_wconf 81' lang='grc' dir='ltr'><em>δὲ</em></span> <span class='ocrx_word' id='word_1_308' title='bbox 2356 661 2594 731; x_wconf 64' lang='grc' dir='ltr'><em>μᾶλλον</em></span> <span class='ocrx_word' id='word_1_309' title='bbox 2620 659 2699 723; x_wconf 86' lang='grc' dir='ltr'><em>τῷ</em></span> <span class='ocrx_word' id='word_1_310' title='bbox 2724 657 3190 728; x_wconf 81' lang='grc' dir='ltr'><em>μνημονευθέντι</em></span> <span class='ocrx_word' id='word_1_311' title='bbox 3220 656 3349 709; x_wconf 78' lang='grc' dir='ltr'><em>ἀντὶ</em></span> <span class='ocrx_word' id='word_1_312' title='bbox 3385 651 3757 724; x_wconf 70' lang='grc' dir='ltr'><em>ἐγκλήματος</em></span> 
     </span>
    </p>
   </div>
   <div class='ocr_carea' id='block_1_47' title="bbox 2264 746 3759 823">
    <p class='ocr_par' dir='ltr' id='par_1_47' title="bbox 2264 746 3759 823">
     <span class='ocr_line' id='line_1_47' title="bbox 2264 746 3759 823; baseline -0.008 -13"><span class='ocrx_word' id='word_1_313' title='bbox 2264 757 2380 823; x_wconf 76' lang='grc' dir='ltr'><em>τὴν</em></span> <span class='ocrx_word' id='word_1_314' title='bbox 2406 756 2766 821; x_wconf 79' lang='grc' dir='ltr'><strong><em>παραίτησιν</em></strong></span> <span class='ocrx_word' id='word_1_315' title='bbox 2789 768 2803 783; x_wconf 67' lang='grc' dir='ltr'><strong>υ</strong></span> <span class='ocrx_word' id='word_1_316' title='bbox 2834 752 2968 814; x_wconf 78' lang='grc' dir='ltr'><em>ὅθεν</em></span> <span class='ocrx_word' id='word_1_317' title='bbox 2999 749 3140 803; x_wconf 81' lang='grc' dir='ltr'><em>οὐδὲ</em></span> <span class='ocrx_word' id='word_1_318' title='bbox 3168 749 3240 815; x_wconf 80' lang='grc' dir='ltr'><em>τῇ</em></span> <span class='ocrx_word' id='word_1_319' title='bbox 3271 746 3524 815; x_wconf 68' lang='grc' dir='ltr'><em>ὑμετέρᾳ</em></span> <span class='ocrx_word' id='word_1_320' title='bbox 3555 748 3759 799; x_wconf 83' lang='grc' dir='ltr'><em>θεοσε-</em></span> 
     </span>
    </p>
   </div>
   <div class='ocr_carea' id='block_1_48' title="bbox 2266 830 3760 917">
    <p class='ocr_par' dir='ltr' id='par_1_48' title="bbox 2266 830 3760 917">
     <span class='ocr_line' id='line_1_48' title="bbox 2266 830 3760 917; baseline -0.008 -14"><span class='ocrx_word' id='word_1_321' title='bbox 2266 851 2391 916; x_wconf 78' lang='grc' dir='ltr'><em>ΰείᾳ</em></span> <span class='ocrx_word' id='word_1_322' title='bbox 2422 847 2804 917; x_wconf 76' lang='grc' dir='ltr'><strong><em>ἐμεμψάμεθα</em></strong></span> <span class='ocrx_word' id='word_1_323' title='bbox 2823 887 2836 910; x_wconf 88' lang='grc'><strong><em>,</em></strong></span> <span class='ocrx_word' id='word_1_324' title='bbox 2876 830 3349 913; x_wconf 83' lang='grc' dir='ltr'><em>χειροτονησάσῃ</em></span> <span class='ocrx_word' id='word_1_325' title='bbox 3383 840 3637 904; x_wconf 83' lang='grc' dir='ltr'><em>δεόντως</em></span> <span class='ocrx_word' id='word_1_326' title='bbox 3671 840 3760 904; x_wconf 81' lang='grc' dir='ltr'><strong><em>είς</em></strong></span> 
     </span>
    </p>
   </div>
   <div class='ocr_carea' id='block_1_49' title="bbox 2266 932 3760 1005">
    <p class='ocr_par' dir='ltr' id='par_1_49' title="bbox 2266 932 3760 1005">
     <span class='ocr_line' id='line_1_49' title="bbox 2266 932 3760 1005; baseline -0.008 -10"><span class='ocrx_word' id='word_1_327' title='bbox 2266 943 2374 995; x_wconf 84' lang='grc' dir='ltr'><strong><em>τὸν</em></strong></span> <span class='ocrx_word' id='word_1_328' title='bbox 2403 939 2590 994; x_wconf 86' lang='grc' dir='ltr'><em>αὐτοῦ</em></span> <span class='ocrx_word' id='word_1_329' title='bbox 2621 938 2807 991; x_wconf 82' lang='grc' dir='ltr'><em>τόπον</em></span> <span class='ocrx_word' id='word_1_330' title='bbox 2838 937 2944 990; x_wconf 83' lang='grc' dir='ltr'><em>τὸν</em></span> <span class='ocrx_word' id='word_1_331' title='bbox 2982 933 3473 1005; x_wconf 53' lang='grc' dir='ltr'><em>μωμονευθέντα</em></span> <span class='ocrx_word' id='word_1_332' title='bbox 3514 932 3760 984; x_wconf 65' lang='lat' dir='ltr'><strong><em>inimco-</em></strong></span> 
     </span>
    </p>
   </div>
   <div class='ocr_carea' id='block_1_50' title="bbox 2267 1025 3760 1102">
    <p class='ocr_par' dir='ltr' id='par_1_50' title="bbox 2267 1025 3760 1102">
     <span class='ocr_line' id='line_1_50' title="bbox 2267 1025 3760 1102; baseline -0.009 -14"><span class='ocrx_word' id='word_1_333' title='bbox 2267 1049 2385 1088; x_wconf 88' lang='grc' dir='ltr'><strong><em>πον</em></strong></span> <span class='ocrx_word' id='word_1_334' title='bbox 2410 1025 2413 1029; x_wconf 28' lang='grc'>⁴</span> <span class='ocrx_word' id='word_1_335' title='bbox 2435 1036 2752 1102; x_wconf 67' lang='grc' dir='ltr'><em>Θεόδωρονι</em></span> <span class='ocrx_word' id='word_1_336' title='bbox 2793 1031 3031 1097; x_wconf 78' lang='grc' dir='ltr'><strong><em>Ἐπειδὴ</em></strong></span> <span class='ocrx_word' id='word_1_337' title='bbox 3085 1028 3153 1081; x_wconf 82' lang='grc' dir='ltr'><em>δὲ</em></span> <span class='ocrx_word' id='word_1_338' title='bbox 3201 1026 3276 1095; x_wconf 81' lang='grc' dir='ltr'><em>τῇ</em></span> <span class='ocrx_word' id='word_1_339' title='bbox 3324 1025 3760 1095; x_wconf 76' lang='grc' dir='ltr'><em>ἀπραγμοσύνῃ</em></span> 
     </span>
    </p>
   </div>
   <div class='ocr_carea' id='block_1_51' title="bbox 2269 1120 3760 1194">
    <p class='ocr_par' dir='ltr' id='par_1_51' title="bbox 2269 1120 3760 1194">
     <span class='ocr_line' id='line_1_51' title="bbox 2269 1120 3760 1194; baseline -0.007 -13"><span class='ocrx_word' id='word_1_340' title='bbox 2269 1128 2375 1181; x_wconf 88' lang='grc' dir='ltr'><em>τοῦ</em></span> <span class='ocrx_word' id='word_1_341' title='bbox 2404 1126 2625 1194; x_wconf 82' lang='grc' dir='ltr'><em>ἀνδρὸς</em></span> <span class='ocrx_word' id='word_1_342' title='bbox 2652 1129 2724 1180; x_wconf 87' lang='grc' dir='ltr'><em>οὐ</em></span> <span class='ocrx_word' id='word_1_343' title='bbox 2752 1125 2985 1193; x_wconf 68' lang='grc' dir='ltr'><em>σφόδρα</em></span> <span class='ocrx_word' id='word_1_344' title='bbox 3014 1120 3378 1192; x_wconf 65' lang='grc' dir='ltr'><em>φιλονεικεῖν</em></span> <span class='ocrx_word' id='word_1_345' title='bbox 3402 1120 3760 1177; x_wconf 79' lang='grc' dir='ltr'><em>ἀκόλουθον.</em></span> 
     </span>
    </p>
   </div>
   <div class='ocr_carea' id='block_1_52' title="bbox 2269 1208 3760 1287">
    <p class='ocr_par' dir='ltr' id='par_1_52' title="bbox 2269 1208 3760 1287">
     <span class='ocr_line' id='line_1_52' title="bbox 2269 1208 3760 1287; baseline -0.01 -15"><span class='ocrx_word' id='word_1_346' title='bbox 2269 1218 2391 1271; x_wconf 75' lang='grc' dir='ltr'><em>ἔδει</em></span> <span class='ocrx_word' id='word_1_347' title='bbox 2429 1217 2497 1271; x_wconf 81' lang='grc' dir='ltr'><em>δὲ</em></span> <span class='ocrx_word' id='word_1_348' title='bbox 2535 1218 2774 1287; x_wconf 73' lang='grc' dir='ltr'><em>μᾶλλον</em></span> <span class='ocrx_word' id='word_1_349' title='bbox 2814 1213 3060 1281; x_wconf 74' lang='grc' dir='ltr'><em>ἐλεῆσαι</em></span> <span class='ocrx_word' id='word_1_350' title='bbox 3092 1211 3463 1279; x_wconf 78' lang='grc' dir='ltr'><em>πρεσϐύτην,</em></span> <span class='ocrx_word' id='word_1_351' title='bbox 3506 1208 3619 1269; x_wconf 79' lang='grc' dir='ltr'><em>ἔξω</em></span> <span class='ocrx_word' id='word_1_352' title='bbox 3663 1209 3760 1258; x_wconf 75' lang='grc' dir='ltr'><em>καὶ</em></span> 
     </span>
    </p>
   </div>
   <div class='ocr_carea' id='block_1_53' title="bbox 2274 1301 3766 1377">
    <p class='ocr_par' dir='ltr' id='par_1_53' title="bbox 2274 1301 3766 1377">
     <span class='ocr_line' id='line_1_53' title="bbox 2274 1301 3766 1377; baseline -0.007 -13"><span class='ocrx_word' id='word_1_353' title='bbox 2274 1314 2505 1376; x_wconf 72' lang='grc' dir='ltr'><em>πόλεως</em></span> <span class='ocrx_word' id='word_1_354' title='bbox 2550 1308 2660 1376; x_wconf 84' lang='grc' dir='ltr'><em>τῆς</em></span> <span class='ocrx_word' id='word_1_355' title='bbox 2704 1309 3071 1377; x_wconf 79' lang='grc' dir='ltr'><strong><em>ἐνεγκούσης</em></strong></span> <span class='ocrx_word' id='word_1_356' title='bbox 3114 1304 3299 1360; x_wconf 85' lang='grc' dir='ltr'><em>αὑτὸν</em></span> <span class='ocrx_word' id='word_1_357' title='bbox 3342 1302 3440 1357; x_wconf 80' lang='grc' dir='ltr'><em>καὶ</em></span> <span class='ocrx_word' id='word_1_358' title='bbox 3485 1301 3766 1370; x_wconf 82' lang='grc' dir='ltr'><strong><em>πατρῴων</em></strong></span> 
     </span>
    </p>
   </div>
   <div class='ocr_carea' id='block_1_54' title="bbox 2272 1397 3769 1471">
    <p class='ocr_par' dir='ltr' id='par_1_54' title="bbox 2272 1397 3769 1471">
     <span class='ocr_line' id='line_1_54' title="bbox 2272 1397 3769 1471; baseline -0.005 -14"><span class='ocrx_word' id='word_1_359' title='bbox 2272 1403 2737 1471; x_wconf 80' lang='grc' dir='ltr'><strong><em>ἐνδιαιτημάτων</em></strong></span> <span class='ocrx_word' id='word_1_360' title='bbox 2762 1402 2832 1455; x_wconf 79' lang='grc' dir='ltr'><strong><em>ἐν</em></strong></span> <span class='ocrx_word' id='word_1_361' title='bbox 2855 1399 3104 1470; x_wconf 81' lang='grc' dir='ltr'><strong><em>μακροῖς</em></strong></span> <span class='ocrx_word' id='word_1_362' title='bbox 3132 1398 3284 1452; x_wconf 79' lang='grc' dir='ltr'><em>οὕτω</em></span> <span class='ocrx_word' id='word_1_363' title='bbox 3316 1398 3601 1466; x_wconf 77' lang='grc' dir='ltr'><strong><em>γεγονότα</em></strong></span> <span class='ocrx_word' id='word_1_364' title='bbox 3630 1397 3769 1461; x_wconf 81' lang='grc' dir='ltr'><em>χρό-</em></span> 
     </span>
    </p>
   </div>
   <div class='ocr_carea' id='block_1_55' title="bbox 2273 1487 3769 1563">
    <p class='ocr_par' dir='ltr' id='par_1_55' title="bbox 2273 1487 3769 1563">
     <span class='ocr_line' id='line_1_55' title="bbox 2273 1487 3769 1563; baseline -0.007 -12"><span class='ocrx_word' id='word_1_365' title='bbox 2273 1516 2432 1563; x_wconf 83' lang='grc' dir='ltr'><em>νοις,</em></span> <span class='ocrx_word' id='word_1_366' title='bbox 2469 1496 2897 1563; x_wconf 80' lang='grc' dir='ltr'><em>ὲδικαιώσαμεν</em></span> <span class='ocrx_word' id='word_1_367' title='bbox 2929 1493 3025 1546; x_wconf 82' lang='grc' dir='ltr'><em>καὶ</em></span> <span class='ocrx_word' id='word_1_368' title='bbox 3059 1492 3360 1560; x_wconf 81' lang='grc' dir='ltr'><em>ὠρίσαμεν</em></span> <span class='ocrx_word' id='word_1_369' title='bbox 3391 1489 3531 1558; x_wconf 83' lang='grc' dir='ltr'><em>δίχα</em></span> <span class='ocrx_word' id='word_1_370' title='bbox 3563 1487 3769 1553; x_wconf 83' lang='grc' dir='ltr'><em>πάσης</em></span> 
     </span>
    </p>
   </div>
   <div class='ocr_carea' id='block_1_56' title="bbox 2274 1580 3770 1659">
    <p class='ocr_par' dir='ltr' id='par_1_56' title="bbox 2274 1580 3770 1659">
     <span class='ocr_line' id='line_1_56' title="bbox 2274 1580 3770 1659; baseline -0.009 -14"><span class='ocrx_word' id='word_1_371' title='bbox 2274 1590 2621 1659; x_wconf 71' lang='grc' dir='ltr'><em>ἀντιλογίας</em></span> <span class='ocrx_word' id='word_1_372' title='bbox 2654 1588 2819 1655; x_wconf 76' lang='grc' dir='ltr'><em>ἔχειν</em></span> <span class='ocrx_word' id='word_1_373' title='bbox 2848 1586 3050 1650; x_wconf 71' lang='grc' dir='ltr'><em>αὑτὸν,</em></span> <span class='ocrx_word' id='word_1_374' title='bbox 3088 1586 3156 1637; x_wconf 86' lang='grc' dir='ltr'><strong><em>τό</em></strong></span> <span class='ocrx_word' id='word_1_375' title='bbox 3190 1600 3254 1636; x_wconf 87' lang='grc' dir='ltr'><strong><em>τε</em></strong></span> <span class='ocrx_word' id='word_1_376' title='bbox 3285 1581 3393 1649; x_wconf 84' lang='grc' dir='ltr'><em>τῆς</em></span> <span class='ocrx_word' id='word_1_377' title='bbox 3430 1580 3770 1646; x_wconf 82' lang='grc' dir='ltr'><em>ἐπισκοπῆς</em></span> 
     </span>
    </p>
   </div>
   <div class='ocr_carea' id='block_1_57' title="bbox 2276 1666 3774 1750">
    <p class='ocr_par' dir='ltr' id='par_1_57' title="bbox 2276 1666 3774 1750">
     <span class='ocr_line' id='line_1_57' title="bbox 2276 1666 3774 1750; baseline -0.007 -15"><span class='ocrx_word' id='word_1_378' title='bbox 2276 1682 2463 1750; x_wconf 80' lang='grc' dir='ltr'><em>ὄνομα</em></span> <span class='ocrx_word' id='word_1_379' title='bbox 2509 1680 2607 1734; x_wconf 77' lang='grc' dir='ltr'><em>καὶ</em></span> <span class='ocrx_word' id='word_1_380' title='bbox 2650 1666 2763 1747; x_wconf 71' lang='grc' dir='ltr'><em>τὴν</em></span> <span class='ocrx_word' id='word_1_381' title='bbox 2806 1679 3010 1748; x_wconf 78' lang='grc' dir='ltr'><em>τιμὴν,</em></span> <span class='ocrx_word' id='word_1_382' title='bbox 3061 1676 3161 1731; x_wconf 81' lang='grc' dir='ltr'><em>καὶ</em></span> <span class='ocrx_word' id='word_1_383' title='bbox 3198 1676 3572 1730; x_wconf 56' lang='grc' dir='ltr'><em>,κοινωνίανο</em></span> <span class='ocrx_word' id='word_1_384' title='bbox 3620 1673 3774 1727; x_wconf 83' lang='grc' dir='ltr'><em>οὕτω</em></span> 
     </span>
    </p>
   </div>
   <div class='ocr_carea' id='block_1_58' title="bbox 2275 1767 3774 1845">
    <p class='ocr_par' dir='ltr' id='par_1_58' title="bbox 2275 1767 3774 1845">
     <span class='ocr_line' id='line_1_58' title="bbox 2275 1767 3774 1845; baseline -0.006 -16"><span class='ocrx_word' id='word_1_385' title='bbox 2275 1779 2499 1845; x_wconf 79' lang='grc' dir='ltr'><em>μέντοι,</em></span> <span class='ocrx_word' id='word_1_386' title='bbox 2536 1774 2691 1828; x_wconf 81' lang='grc' dir='ltr'><em>ὥστε</em></span> <span class='ocrx_word' id='word_1_387' title='bbox 2719 1774 2804 1843; x_wconf 81' lang='grc' dir='ltr'><em>μὴ</em></span> <span class='ocrx_word' id='word_1_388' title='bbox 2842 1771 3203 1840; x_wconf 81' lang='grc' dir='ltr'><strong><em>χειροτονεῖν</em></strong></span> <span class='ocrx_word' id='word_1_389' title='bbox 3227 1771 3432 1833; x_wconf 84' lang='grc' dir='ltr'><em>αὑτὸν,</em></span> <span class='ocrx_word' id='word_1_390' title='bbox 3467 1770 3619 1837; x_wconf 78' lang='grc' dir='ltr'><em>μήτε</em></span> <span class='ocrx_word' id='word_1_391' title='bbox 3647 1767 3774 1837; x_wconf 75' lang='grc' dir='ltr'><em>μὴν</em></span> 
     </span>
    </p>
   </div>
   <div class='ocr_carea' id='block_1_59' title="bbox 2276 1862 3775 1935">
    <p class='ocr_par' dir='ltr' id='par_1_59' title="bbox 2276 1862 3775 1935">
     <span class='ocr_line' id='line_1_59' title="bbox 2276 1862 3775 1935; baseline -0.007 -11"><span class='ocrx_word' id='word_1_392' title='bbox 2276 1870 2610 1935; x_wconf 76' lang='grc' dir='ltr'><em>ἐκκλησίαν</em></span> <span class='ocrx_word' id='word_1_393' title='bbox 2629 1868 3038 1921; x_wconf 64' lang='grc' dir='ltr'><em>καταλαϐόντα</em></span> <span class='ocrx_word' id='word_1_394' title='bbox 3063 1862 3386 1932; x_wconf 77' lang='grc' dir='ltr'><strong><em>ἱερουργεῖν</em></strong></span> <span class='ocrx_word' id='word_1_395' title='bbox 3404 1862 3474 1925; x_wconf 79' lang='grc' dir='ltr'><strong><em>ἐξ</em></strong></span> <span class='ocrx_word' id='word_1_396' title='bbox 3497 1863 3650 1927; x_wconf 83' lang='grc' dir='ltr'><em>ιδίας</em></span> <span class='ocrx_word' id='word_1_397' title='bbox 3671 1864 3775 1914; x_wconf 77' lang='grc' dir='ltr'><strong><em>αὐ-</em></strong></span> 
     </span>
    </p>
   </div>
   <div class='ocr_carea' id='block_1_60' title="bbox 2280 1954 3768 2026">
    <p class='ocr_par' dir='ltr' id='par_1_60' title="bbox 2280 1954 3768 2026">
     <span class='ocr_line' id='line_1_60' title="bbox 2280 1954 3768 2026; baseline -0.008 -8"><span class='ocrx_word' id='word_1_398' title='bbox 2280 1962 2513 2025; x_wconf 84' lang='grc' dir='ltr'><em>θεντίας</em></span> <span class='ocrx_word' id='word_1_399' title='bbox 2541 1974 2553 1988; x_wconf 85' lang='grc'><strong>·</strong></span> <span class='ocrx_word' id='word_1_400' title='bbox 2585 1960 2724 2014; x_wconf 76' lang='grc' dir='ltr'><em>ἀλλ’</em></span> <span class='ocrx_word' id='word_1_401' title='bbox 2754 1960 2807 2012; x_wconf 82' lang='grc' dir='ltr'><strong><em>εί</em></strong></span> <span class='ocrx_word' id='word_1_402' title='bbox 2854 1958 2969 2026; x_wconf 80' lang='grc' dir='ltr'><strong><em>ἄρα</em></strong></span> <span class='ocrx_word' id='word_1_403' title='bbox 3015 1954 3768 2023; x_wconf 72' lang='grc' dir='ltr'><em>συμπαραλαμϐανόμενον,</em></span> 
     </span>
    </p>
   </div>
   <div class='ocr_carea' id='block_1_61' title="bbox 2280 2045 3770 2119">
    <p class='ocr_par' dir='ltr' id='par_1_61' title="bbox 2280 2045 3770 2119">
     <span class='ocr_line' id='line_1_61' title="bbox 2280 2045 3770 2119; baseline -0.005 -12"><span class='ocrx_word' id='word_1_404' title='bbox 2280 2054 2483 2108; x_wconf 81' lang='grc' dir='ltr'><em>εἵτουν</em></span> <span class='ocrx_word' id='word_1_405' title='bbox 2505 2050 2993 2119; x_wconf 78' lang='grc' dir='ltr'><em>ἐπιτρεπόμενον,</em></span> <span class='ocrx_word' id='word_1_406' title='bbox 3022 2050 3076 2101; x_wconf 82' lang='grc' dir='ltr'><strong><em>εί</em></strong></span> <span class='ocrx_word' id='word_1_407' title='bbox 3100 2049 3291 2115; x_wconf 83' lang='grc' dir='ltr'><em>τύχοι,</em></span> <span class='ocrx_word' id='word_1_408' title='bbox 3320 2047 3480 2114; x_wconf 85' lang='grc' dir='ltr'><em>παρὰ</em></span> <span class='ocrx_word' id='word_1_409' title='bbox 3509 2045 3770 2114; x_wconf 68' lang='grc' dir='ltr'><em>ἀδελφοῦ</em></span> 
     </span>
    </p>
   </div>
   <div class='ocr_carea' id='block_1_62' title="bbox 2282 2138 3771 2207">
    <p class='ocr_par' dir='ltr' id='par_1_62' title="bbox 2282 2138 3771 2207">
     <span class='ocr_line' id='line_1_62' title="bbox 2282 2138 3771 2207; baseline -0.006 -9"><span class='ocrx_word' id='word_1_410' title='bbox 2282 2144 2381 2198; x_wconf 79' lang='grc' dir='ltr'><strong><em>καί</em></strong></span> <span class='ocrx_word' id='word_1_411' title='bbox 2408 2144 2895 2203; x_wconf 79' lang='grc' dir='ltr'><em>συνεπισκόπου,</em></span> <span class='ocrx_word' id='word_1_412' title='bbox 2929 2143 3076 2196; x_wconf 79' lang='grc' dir='ltr'><em>κατὰ</em></span> <span class='ocrx_word' id='word_1_413' title='bbox 3107 2139 3379 2194; x_wconf 79' lang='grc' dir='ltr'><em>διάθεσιν</em></span> <span class='ocrx_word' id='word_1_414' title='bbox 3408 2139 3505 2193; x_wconf 76' lang='grc' dir='ltr'><strong><em>καί</em></strong></span> <span class='ocrx_word' id='word_1_415' title='bbox 3535 2138 3771 2207; x_wconf 78' lang='grc' dir='ltr'><em>ἀγάπην</em></span> 
     </span>
    </p>
   </div>
   <div class='ocr_carea' id='block_1_63' title="bbox 2283 2230 3775 2301">
    <p class='ocr_par' dir='ltr' id='par_1_63' title="bbox 2283 2230 3775 2301">
     <span class='ocr_line' id='line_1_63' title="bbox 2283 2230 3775 2301; baseline -0.004 -14"><span class='ocrx_word' id='word_1_416' title='bbox 2283 2233 2398 2301; x_wconf 83' lang='grc' dir='ltr'><em>τὴν</em></span> <span class='ocrx_word' id='word_1_417' title='bbox 2423 2234 2492 2287; x_wconf 85' lang='grc' dir='ltr'><em>ἐν</em></span> <span class='ocrx_word' id='word_1_418' title='bbox 2519 2231 2768 2300; x_wconf 79' lang='grc' dir='ltr'><em>Χριστῷ.</em></span> <span class='ocrx_word' id='word_1_419' title='bbox 2796 2235 2863 2287; x_wconf 83' lang='lat' dir='ltr'><strong><em>Et</em></strong></span> <span class='ocrx_word' id='word_1_420' title='bbox 2892 2230 2958 2285; x_wconf 82' lang='grc' dir='ltr'><em>δέ</em></span> <span class='ocrx_word' id='word_1_421' title='bbox 2986 2250 3038 2285; x_wconf 83' lang='grc' dir='ltr'><strong><em>τι</em></strong></span> <span class='ocrx_word' id='word_1_422' title='bbox 3065 2232 3495 2299; x_wconf 75' lang='grc' dir='ltr'><em>βουλεύσησθε</em></span> <span class='ocrx_word' id='word_1_423' title='bbox 3527 2231 3775 2298; x_wconf 83' lang='grc' dir='ltr'><em>χρηστό-</em></span> 
     </span>
    </p>
   </div>
   <div class='ocr_carea' id='block_1_64' title="bbox 2286 2319 3777 2391">
    <p class='ocr_par' dir='ltr' id='par_1_64' title="bbox 2286 2319 3777 2391">
     <span class='ocr_line' id='line_1_64' title="bbox 2286 2319 3777 2391; baseline -0.005 -13"><span class='ocrx_word' id='word_1_424' title='bbox 2286 2340 2458 2391; x_wconf 87' lang='grc' dir='ltr'><em>τερον</em></span> <span class='ocrx_word' id='word_1_425' title='bbox 2497 2323 2589 2375; x_wconf 80' lang='grc' dir='ltr'><strong><em>ἐπ’</em></strong></span> <span class='ocrx_word' id='word_1_426' title='bbox 2613 2322 2772 2386; x_wconf 81' lang='grc' dir='ltr'><em>αὐτῷ</em></span> <span class='ocrx_word' id='word_1_427' title='bbox 2810 2324 2847 2389; x_wconf 77' lang='grc' dir='ltr'>ἢ</span> <span class='ocrx_word' id='word_1_428' title='bbox 2889 2325 3006 2377; x_wconf 88' lang='grc' dir='ltr'><em>νῦν</em></span> <span class='ocrx_word' id='word_1_429' title='bbox 3050 2323 3086 2389; x_wconf 81' lang='grc' dir='ltr'><strong>ἢ</strong></span> <span class='ocrx_word' id='word_1_430' title='bbox 3132 2326 3220 2388; x_wconf 78' lang='grc' dir='ltr'><strong><em>είς</em></strong></span> <span class='ocrx_word' id='word_1_431' title='bbox 3262 2322 3329 2375; x_wconf 86' lang='grc' dir='ltr'><em>τὸ</em></span> <span class='ocrx_word' id='word_1_432' title='bbox 3368 2324 3519 2391; x_wconf 82' lang='grc' dir='ltr'><em>μετὰ</em></span> <span class='ocrx_word' id='word_1_433' title='bbox 3563 2319 3777 2382; x_wconf 82' lang='grc' dir='ltr'><em>ταῦτα,</em></span> 
     </span>
    </p>
   </div>
   <div class='ocr_carea' id='block_1_65' title="bbox 2289 2414 3376 2482">
    <p class='ocr_par' dir='ltr' id='par_1_65' title="bbox 2289 2414 3376 2482">
     <span class='ocr_line' id='line_1_65' title="bbox 2289 2414 3376 2482; baseline -0.003 -12"><span class='ocrx_word' id='word_1_434' title='bbox 2289 2414 2491 2482; x_wconf 83' lang='grc' dir='ltr'><em>ἁρέσει</em></span> <span class='ocrx_word' id='word_1_435' title='bbox 2522 2414 2619 2468; x_wconf 78' lang='grc' dir='ltr'><em>καὶ</em></span> <span class='ocrx_word' id='word_1_436' title='bbox 2649 2414 2821 2469; x_wconf 87' lang='grc' dir='ltr'><em>τοῦτο</em></span> <span class='ocrx_word' id='word_1_437' title='bbox 2848 2414 2922 2481; x_wconf 76' lang='grc' dir='ltr'><em>τῇ</em></span> <span class='ocrx_word' id='word_1_438' title='bbox 2950 2415 3085 2482; x_wconf 77' lang='grc' dir='ltr'><em>άγίςι</em></span> <span class='ocrx_word' id='word_1_439' title='bbox 3115 2414 3376 2479; x_wconf 83' lang='grc' dir='ltr'><strong><em>συνόδῳ.</em></strong></span> 
     </span>
    </p>
   </div>
   <div class='ocr_carea' id='block_1_66' title="bbox 2290 2506 3784 2578">
    <p class='ocr_par' dir='ltr' id='par_1_66' title="bbox 2290 2506 3784 2578">
     <span class='ocr_line' id='line_1_66' title="bbox 2290 2506 3784 2578; baseline -0.002 -15"><span class='ocrx_word' id='word_1_440' title='bbox 2290 2508 2485 2563; x_wconf 77' lang='grc' dir='ltr'><strong>ΒΑΛΣ.</strong></span> <span class='ocrx_word' id='word_1_441' title='bbox 2521 2508 2816 2577; x_wconf 79' lang='grc' dir='ltr'><strong><em>Παμφυλία</em></strong></span> <span class='ocrx_word' id='word_1_442' title='bbox 2848 2508 2997 2561; x_wconf 78' lang='grc' dir='ltr'><em>ἐστὶν</em></span> <span class='ocrx_word' id='word_1_443' title='bbox 3039 2510 3070 2578; x_wconf 80' lang='grc' dir='ltr'><strong>ἡ</strong></span> <span class='ocrx_word' id='word_1_444' title='bbox 3108 2507 3206 2571; x_wconf 81' lang='grc' dir='ltr'><em>τῆς</em></span> <span class='ocrx_word' id='word_1_445' title='bbox 3248 2506 3559 2570; x_wconf 83' lang='grc' dir='ltr'><em>Ἀτταλείας</em></span> <span class='ocrx_word' id='word_1_446' title='bbox 3608 2509 3784 2577; x_wconf 78' lang='grc' dir='ltr'><em>ἐπαρ-</em></span> 
     </span>
    </p>
   </div>
   <div class='ocr_carea' id='block_1_67' title="bbox 2224 2596 3782 2673">
    <p class='ocr_par' dir='ltr' id='par_1_67' title="bbox 2224 2596 3782 2673">
     <span class='ocr_line' id='line_1_67' title="bbox 2224 2596 3782 2673; baseline -0.003 -20"><span class='ocrx_word' id='word_1_447' title='bbox 2224 2601 2334 2673; x_wconf 84' lang='grc' dir='ltr'><em>χία.</em></span> <span class='ocrx_word' id='word_1_448' title='bbox 2370 2602 2482 2655; x_wconf 74' lang='grc' dir='ltr'><strong><em>Καὶ</em></strong></span> <span class='ocrx_word' id='word_1_449' title='bbox 2507 2602 2631 2655; x_wconf 73' lang='grc' dir='ltr'><em>ἐπεὶ</em></span> <span class='ocrx_word' id='word_1_450' title='bbox 2649 2598 2945 2661; x_wconf 84' lang='grc' dir='ltr'><em>Εὐστάθιός</em></span> <span class='ocrx_word' id='word_1_451' title='bbox 2975 2615 3078 2661; x_wconf 88' lang='grc' dir='ltr'><em>τις,</em></span> <span class='ocrx_word' id='word_1_452' title='bbox 3103 2597 3507 2659; x_wconf 79' lang='grc' dir='ltr'><em>ἐπισκοπεύσας</em></span> <span class='ocrx_word' id='word_1_453' title='bbox 3532 2598 3589 2649; x_wconf 81' lang='grc' dir='ltr'><strong><em>ἐν</em></strong></span> <span class='ocrx_word' id='word_1_454' title='bbox 3614 2596 3782 2665; x_wconf 81' lang='grc' dir='ltr'><em>αὐτῇ,</em></span> 
     </span>
    </p>
   </div>
   <div class='ocr_carea' id='block_1_68' title="bbox 2226 2690 3785 2767">
    <p class='ocr_par' dir='ltr' id='par_1_68' title="bbox 2226 2690 3785 2767">
     <span class='ocr_line' id='line_1_68' title="bbox 2226 2690 3785 2767; baseline -0.004 -18"><span class='ocrx_word' id='word_1_455' title='bbox 2226 2696 2584 2767; x_wconf 81' lang='grc' dir='ltr'><em>παρῃτήσατο</em></span> <span class='ocrx_word' id='word_1_456' title='bbox 2633 2690 2929 2763; x_wconf 73' lang='grc' dir='ltr'><strong><em>ἐγγράφως</em></strong></span> <span class='ocrx_word' id='word_1_457' title='bbox 2980 2691 3079 2762; x_wconf 77' lang='grc' dir='ltr'><em>τὴν</em></span> <span class='ocrx_word' id='word_1_458' title='bbox 3130 2691 3435 2760; x_wconf 75' lang='grc' dir='ltr'><em>ἐπισκοπὴν</em></span> <span class='ocrx_word' id='word_1_459' title='bbox 3493 2690 3582 2743; x_wconf 78' lang='grc' dir='ltr'><em>διά</em></span> <span class='ocrx_word' id='word_1_460' title='bbox 3629 2707 3785 2753; x_wconf 88' lang='grc' dir='ltr'><em>τινας</em></span> 
     </span>
    </p>
   </div>
   <div class='ocr_carea' id='block_1_69' title="bbox 2227 2780 3786 2860">
    <p class='ocr_par' dir='ltr' id='par_1_69' title="bbox 2227 2780 3786 2860">
     <span class='ocr_line' id='line_1_69' title="bbox 2227 2780 3786 2860; baseline -0.004 -18"><span class='ocrx_word' id='word_1_461' title='bbox 2227 2788 2481 2860; x_wconf 82' lang='grc' dir='ltr'><strong><em>ὀχλήσεις</em></strong></span> <span class='ocrx_word' id='word_1_462' title='bbox 2514 2787 2608 2840; x_wconf 72' lang='grc' dir='ltr'><em>καὶ</em></span> <span class='ocrx_word' id='word_1_463' title='bbox 2663 2785 3015 2855; x_wconf 81' lang='grc' dir='ltr'><em>περιστάσεις</em></span> <span class='ocrx_word' id='word_1_464' title='bbox 3069 2782 3481 2853; x_wconf 75' lang='grc' dir='ltr'><em>πραγματικὰς,</em></span> <span class='ocrx_word' id='word_1_465' title='bbox 3535 2780 3700 2835; x_wconf 81' lang='grc' dir='ltr'><em>πάλιν</em></span> <span class='ocrx_word' id='word_1_466' title='bbox 3728 2780 3786 2835; x_wconf 78' lang='grc' dir='ltr'><em>δὲ</em></span> 
     </span>
    </p>
   </div>
   <div class='ocr_carea' id='block_1_70' title="bbox 2233 2872 3790 2952">
    <p class='ocr_par' dir='ltr' id='par_1_70' title="bbox 2233 2872 3790 2952">
     <span class='ocr_line' id='line_1_70' title="bbox 2233 2872 3790 2952; baseline -0.008 -15"><span class='ocrx_word' id='word_1_467' title='bbox 2233 2882 2643 2952; x_wconf 84' lang='grc' dir='ltr'><em>παρεκλήτευσε</em></span> <span class='ocrx_word' id='word_1_468' title='bbox 2670 2878 2806 2948; x_wconf 81' lang='grc' dir='ltr'><em>μετὰ</em></span> <span class='ocrx_word' id='word_1_469' title='bbox 2842 2876 3119 2946; x_wconf 81' lang='grc' dir='ltr'><em>δακρύων,</em></span> <span class='ocrx_word' id='word_1_470' title='bbox 3161 2875 3331 2942; x_wconf 77' lang='grc' dir='ltr'><em>μόνην</em></span> <span class='ocrx_word' id='word_1_471' title='bbox 3365 2872 3535 2941; x_wconf 79' lang='grc' dir='ltr'><em>τιμὴν</em></span> <span class='ocrx_word' id='word_1_472' title='bbox 3564 2873 3790 2926; x_wconf 76' lang='grc' dir='ltr'><em>ἐπισκό-</em></span> 
     </span>
    </p>
   </div>
   <div class='ocr_carea' id='block_1_71' title="bbox 2235 2965 3786 3043">
    <p class='ocr_par' dir='ltr' id='par_1_71' title="bbox 2235 2965 3786 3043">
     <span class='ocr_line' id='line_1_71' title="bbox 2235 2965 3786 3043; baseline -0.009 -13"><span class='ocrx_word' id='word_1_473' title='bbox 2235 2994 2337 3031; x_wconf 84' lang='grc' dir='ltr'><strong><em>που</em></strong></span> <span class='ocrx_word' id='word_1_474' title='bbox 2389 2975 2484 3028; x_wconf 75' lang='grc' dir='ltr'><em>καὶ</em></span> <span class='ocrx_word' id='word_1_475' title='bbox 2516 2973 2707 3043; x_wconf 83' lang='grc' dir='ltr'><em>κλῆσιν</em></span> <span class='ocrx_word' id='word_1_476' title='bbox 2735 2972 2899 3040; x_wconf 74' lang='grc' dir='ltr'><em>ἔχειν,</em></span> <span class='ocrx_word' id='word_1_477' title='bbox 2928 2970 3252 3037; x_wconf 85' lang='grc' dir='ltr'><em>ἐδυσωπήθη</em></span> <span class='ocrx_word' id='word_1_478' title='bbox 3286 2970 3321 3036; x_wconf 81' lang='grc' dir='ltr'><strong>ἡ</strong></span> <span class='ocrx_word' id='word_1_479' title='bbox 3353 2967 3483 3035; x_wconf 81' lang='grc' dir='ltr'><em>ἁγία</em></span> <span class='ocrx_word' id='word_1_480' title='bbox 3531 2965 3747 3028; x_wconf 80' lang='grc' dir='ltr'><em>σύνοδος</em></span> <span class='ocrx_word' id='word_1_481' title='bbox 3769 2981 3786 2997; x_wconf 75' lang='grc' dir='ltr'><strong>ο</strong></span> 
     </span>
    </p>
   </div>
   <div class='ocr_carea' id='block_1_72' title="bbox 2237 3057 3792 3139">
    <p class='ocr_par' dir='ltr' id='par_1_72' title="bbox 2237 3057 3792 3139">
     <span class='ocr_line' id='line_1_72' title="bbox 2237 3057 3792 3139; baseline -0.012 -13"><span class='ocrx_word' id='word_1_482' title='bbox 2237 3068 2524 3139; x_wconf 62' lang='grc' dir='ltr'><em>καὶιῖιρισε</em></span> <span class='ocrx_word' id='word_1_483' title='bbox 2555 3066 2643 3121; x_wconf 78' lang='grc' dir='ltr'><em>διὰ</em></span> <span class='ocrx_word' id='word_1_484' title='bbox 2669 3065 2766 3135; x_wconf 80' lang='grc' dir='ltr'><em>τῆς</em></span> <span class='ocrx_word' id='word_1_485' title='bbox 2789 3062 3077 3134; x_wconf 76' lang='grc' dir='ltr'><em>παρούσης</em></span> <span class='ocrx_word' id='word_1_486' title='bbox 3118 3059 3410 3127; x_wconf 71' lang='grc' dir='ltr'><em>ἐπιστολῆς</em></span> <span class='ocrx_word' id='word_1_487' title='bbox 3445 3058 3581 3128; x_wconf 72' lang='grc' dir='ltr'><em>πρὸς</em></span> <span class='ocrx_word' id='word_1_488' title='bbox 3603 3057 3700 3124; x_wconf 73' lang='grc' dir='ltr'><em>τὴν</em></span> <span class='ocrx_word' id='word_1_489' title='bbox 3732 3058 3792 3109; x_wconf 85' lang='grc' dir='ltr'><strong><em>ἐν</em></strong></span> 
     </span>
    </p>
   </div>
   <div class='ocr_carea' id='block_1_73' title="bbox 2239 3150 3792 3231">
    <p class='ocr_par' dir='ltr' id='par_1_73' title="bbox 2239 3150 3792 3231">
     <span class='ocr_line' id='line_1_73' title="bbox 2239 3150 3792 3231; baseline -0.012 -12"><span class='ocrx_word' id='word_1_490' title='bbox 2239 3163 2538 3231; x_wconf 79' lang='grc' dir='ltr'><strong><em>Παμφυλίᾳ</em></strong></span> <span class='ocrx_word' id='word_1_491' title='bbox 2567 3158 2783 3213; x_wconf 84' lang='grc' dir='ltr'><em>σύνοδον</em></span> <span class='ocrx_word' id='word_1_492' title='bbox 2812 3154 3214 3221; x_wconf 71' lang='grc' dir='ltr'><em>ἀποσταλείσης</em></span> <span class='ocrx_word' id='word_1_493' title='bbox 3259 3153 3447 3214; x_wconf 81' lang='grc' dir='ltr'><em>ἐλέους</em></span> <span class='ocrx_word' id='word_1_494' title='bbox 3497 3150 3792 3220; x_wconf 82' lang='grc' dir='ltr'><em>ἀξιωθῆναι</em></span> 
     </span>
    </p>
   </div>
   <div class='ocr_carea' id='block_1_74' title="bbox 2235 3243 3795 3322">
    <p class='ocr_par' dir='ltr' id='par_1_74' title="bbox 2235 3243 3795 3322">
     <span class='ocr_line' id='line_1_74' title="bbox 2235 3243 3795 3322; baseline -0.012 -12"><span class='ocrx_word' id='word_1_495' title='bbox 2235 3255 2328 3311; x_wconf 85' lang='grc' dir='ltr'><strong><em>τδν</em></strong></span> <span class='ocrx_word' id='word_1_496' title='bbox 2358 3255 2617 3322; x_wconf 80' lang='grc' dir='ltr'><em>γέροντα’</em></span> <span class='ocrx_word' id='word_1_497' title='bbox 2657 3250 2751 3303; x_wconf 75' lang='grc' dir='ltr'><em>καὶ</em></span> <span class='ocrx_word' id='word_1_498' title='bbox 2793 3248 2884 3299; x_wconf 80' lang='grc' dir='ltr'><em>τὸν</em></span> <span class='ocrx_word' id='word_1_499' title='bbox 2917 3247 3015 3315; x_wconf 86' lang='grc' dir='ltr'><em>μὲν</em></span> <span class='ocrx_word' id='word_1_500' title='bbox 3060 3245 3119 3297; x_wconf 79' lang='grc' dir='ltr'><em>ἑν</em></span> <span class='ocrx_word' id='word_1_501' title='bbox 3160 3243 3459 3312; x_wconf 71' lang='grc' dir='ltr'><em>Παμφυλίᾳ</em></span> <span class='ocrx_word' id='word_1_502' title='bbox 3489 3256 3795 3310; x_wconf 85' lang='grc' dir='ltr'><em>χειροτονη-</em></span> 
     </span>
    </p>
   </div>
   <div class='ocr_carea' id='block_1_75' title="bbox 2236 3329 3795 3407">
    <p class='ocr_par' dir='ltr' id='par_1_75' title="bbox 2236 3329 3795 3407">
     <span class='ocr_line' id='line_1_75' title="bbox 2236 3329 3795 3407; baseline -0.012 -6"><span class='ocrx_word' id='word_1_503' title='bbox 2236 3348 2395 3403; x_wconf 69' lang='grc' dir='ltr'><em>θέντα</em></span> <span class='ocrx_word' id='word_1_504' title='bbox 2441 3344 2739 3396; x_wconf 74' lang='grc' dir='ltr'><em>ἐπίσκοπον</em></span> <span class='ocrx_word' id='word_1_505' title='bbox 2814 3339 3089 3407; x_wconf 79' lang='grc' dir='ltr'><em>Θεόδωρον</em></span> <span class='ocrx_word' id='word_1_506' title='bbox 3159 3334 3321 3389; x_wconf 82' lang='grc' dir='ltr'><em>πάλιν</em></span> <span class='ocrx_word' id='word_1_507' title='bbox 3380 3329 3520 3386; x_wconf 75' lang='grc' dir='ltr'><em>εἶναι</em></span> <span class='ocrx_word' id='word_1_508' title='bbox 3577 3330 3795 3384; x_wconf 79' lang='grc' dir='ltr'><em>ἐπίσκο-</em></span> 
     </span>
    </p>
   </div>
   <div class='ocr_carea' id='block_1_76' title="bbox 2238 3421 3793 3502">
    <p class='ocr_par' dir='ltr' id='par_1_76' title="bbox 2238 3421 3793 3502">
     <span class='ocr_line' id='line_1_76' title="bbox 2238 3421 3793 3502; baseline -0.012 -9"><span class='ocrx_word' id='word_1_509' title='bbox 2238 3456 2364 3502; x_wconf 86' lang='grc' dir='ltr'><em>πον,</em></span> <span class='ocrx_word' id='word_1_510' title='bbox 2396 3437 2485 3491; x_wconf 69' lang='grc' dir='ltr'><em>τὸν</em></span> <span class='ocrx_word' id='word_1_511' title='bbox 2520 3435 2575 3488; x_wconf 82' lang='grc' dir='ltr'><strong><em>δέ</em></strong></span> <span class='ocrx_word' id='word_1_512' title='bbox 2619 3433 2935 3494; x_wconf 83' lang='grc' dir='ltr'><em>Εὑστάθιον,</em></span> <span class='ocrx_word' id='word_1_513' title='bbox 2971 3430 3047 3495; x_wconf 86' lang='grc' dir='ltr'><em>ὡς</em></span> <span class='ocrx_word' id='word_1_514' title='bbox 3084 3430 3156 3499; x_wconf 77' lang='grc' dir='ltr'><em>μὴ</em></span> <span class='ocrx_word' id='word_1_515' title='bbox 3211 3426 3627 3495; x_wconf 74' lang='grc' dir='ltr'><em>καθαιρεθέντα,</em></span> <span class='ocrx_word' id='word_1_516' title='bbox 3656 3421 3793 3475; x_wconf 86' lang='grc' dir='ltr'><strong><em>ἀλλά</em></strong></span> 
     </span>
    </p>
   </div>
   <div class='ocr_carea' id='block_1_77' title="bbox 2239 3514 3796 3596">
    <p class='ocr_par' dir='ltr' id='par_1_77' title="bbox 2239 3514 3796 3596">
     <span class='ocr_line' id='line_1_77' title="bbox 2239 3514 3796 3596; baseline -0.011 -14"><span class='ocrx_word' id='word_1_517' title='bbox 2239 3529 2327 3582; x_wconf 85' lang='grc' dir='ltr'><em>διὰ</em></span> <span class='ocrx_word' id='word_1_518' title='bbox 2358 3523 2792 3596; x_wconf 77' lang='grc' dir='ltr'><em>ἀπραγμοσύνην</em></span> <span class='ocrx_word' id='word_1_519' title='bbox 2832 3521 3331 3591; x_wconf 82' lang='grc' dir='ltr'><em>παραιτησάμενον,</em></span> <span class='ocrx_word' id='word_1_520' title='bbox 3382 3516 3528 3587; x_wconf 76' lang='grc' dir='ltr'><em>ἔχειν</em></span> <span class='ocrx_word' id='word_1_521' title='bbox 3572 3514 3693 3568; x_wconf 81' lang='grc' dir='ltr'><em>κατ’</em></span> <span class='ocrx_word' id='word_1_522' title='bbox 3722 3516 3796 3565; x_wconf 78' lang='lat' dir='ltr'><strong><em>oi-</em></strong></span> 
     </span>
    </p>
   </div>
   <div class='ocr_carea' id='block_1_78' title="bbox 2239 3607 3797 3691">
    <p class='ocr_par' dir='ltr' id='par_1_78' title="bbox 2239 3607 3797 3691">
     <span class='ocr_line' id='line_1_78' title="bbox 2239 3607 3797 3691; baseline -0.013 -14"><span class='ocrx_word' id='word_1_523' title='bbox 2239 3620 2502 3691; x_wconf 85' lang='grc' dir='ltr'><em>κονομίας</em></span> <span class='ocrx_word' id='word_1_524' title='bbox 2535 3618 2694 3686; x_wconf 87' lang='grc' dir='ltr'><em>λόγον</em></span> <span class='ocrx_word' id='word_1_525' title='bbox 2727 3615 2763 3669; x_wconf 76' lang='grc' dir='ltr'><em>ἃ.</em></span> <span class='ocrx_word' id='word_1_526' title='bbox 2784 3615 3066 3685; x_wconf 79' lang='grc' dir='ltr'><em>ἐζήτησεν,</em></span> <span class='ocrx_word' id='word_1_527' title='bbox 3100 3611 3270 3681; x_wconf 69' lang='grc' dir='ltr'><em>ἤγουν</em></span> <span class='ocrx_word' id='word_1_528' title='bbox 3295 3610 3469 3679; x_wconf 76' lang='grc' dir='ltr'><em>ὄνομα</em></span> <span class='ocrx_word' id='word_1_529' title='bbox 3510 3607 3605 3661; x_wconf 76' lang='grc' dir='ltr'><em>καὶ</em></span> <span class='ocrx_word' id='word_1_530' title='bbox 3631 3607 3797 3675; x_wconf 78' lang='grc' dir='ltr'><em>τιμὴν</em></span> 
     </span>
    </p>
   </div>
   <div class='ocr_carea' id='block_1_79' title="bbox 2241 3696 3801 3774">
    <p class='ocr_par' dir='ltr' id='par_1_79' title="bbox 2241 3696 3801 3774">
     <span class='ocr_line' id='line_1_79' title="bbox 2241 3696 3801 3774; baseline -0.013 -8"><span class='ocrx_word' id='word_1_531' title='bbox 2241 3711 2565 3774; x_wconf 86' lang='grc' dir='ltr'><em>ἐπισκόπου,</em></span> <span class='ocrx_word' id='word_1_532' title='bbox 2626 3708 2721 3762; x_wconf 75' lang='grc' dir='ltr'><em>καὶ</em></span> <span class='ocrx_word' id='word_1_533' title='bbox 2777 3702 3087 3765; x_wconf 78' lang='grc' dir='ltr'><em>κοινωνίαν,</em></span> <span class='ocrx_word' id='word_1_534' title='bbox 3140 3702 3311 3772; x_wconf 72' lang='grc' dir='ltr'><em>ἤγουν</em></span> <span class='ocrx_word' id='word_1_535' title='bbox 3361 3696 3801 3767; x_wconf 76' lang='grc' dir='ltr'><em>μεταλαμϐάνειν</em></span> 
     </span>
    </p>
   </div>
   <div class='ocr_carea' id='block_1_80' title="bbox 2243 3789 3800 3868">
    <p class='ocr_par' dir='ltr' id='par_1_80' title="bbox 2243 3789 3800 3868">
     <span class='ocr_line' id='line_1_80' title="bbox 2243 3789 3800 3868; baseline -0.013 -10"><span class='ocrx_word' id='word_1_536' title='bbox 2243 3804 2393 3867; x_wconf 74' lang='grc' dir='ltr'><em>ἐντὸς</em></span> <span class='ocrx_word' id='word_1_537' title='bbox 2418 3800 2512 3855; x_wconf 81' lang='grc' dir='ltr'><em>τοῦ</em></span> <span class='ocrx_word' id='word_1_538' title='bbox 2535 3797 2925 3868; x_wconf 81' lang='grc' dir='ltr'><em>θυσιαστηρίου</em></span> <span class='ocrx_word' id='word_1_539' title='bbox 2944 3811 2958 3826; x_wconf 70' lang='grc' dir='ltr'><strong><em>ο</em></strong></span> <span class='ocrx_word' id='word_1_540' title='bbox 2992 3794 3155 3864; x_wconf 82' lang='grc' dir='ltr'><em>μηδὲν</em></span> <span class='ocrx_word' id='word_1_541' title='bbox 3188 3792 3245 3846; x_wconf 75' lang='grc' dir='ltr'><em>δέ</em></span> <span class='ocrx_word' id='word_1_542' title='bbox 3270 3808 3325 3844; x_wconf 90' lang='grc' dir='ltr'><strong><em>τι</em></strong></span> <span class='ocrx_word' id='word_1_543' title='bbox 3364 3791 3608 3860; x_wconf 77' lang='grc' dir='ltr'><em>ἐνεργεῖν</em></span> <span class='ocrx_word' id='word_1_544' title='bbox 3682 3789 3800 3839; x_wconf 79' lang='grc' dir='ltr'><em>ἐπι·</em></span> 
     </span>
    </p>
   </div>
   <div class='ocr_carea' id='block_1_81' title="bbox 2245 3879 3798 3963">
    <p class='ocr_par' dir='ltr' id='par_1_81' title="bbox 2245 3879 3798 3963">
     <span class='ocr_line' id='line_1_81' title="bbox 2245 3879 3798 3963; baseline -0.014 -12"><span class='ocrx_word' id='word_1_545' title='bbox 2245 3894 2502 3953; x_wconf 78' lang='grc' dir='ltr'><em>σκοπικδν</em></span> <span class='ocrx_word' id='word_1_546' title='bbox 2518 3892 2660 3963; x_wconf 79' lang='grc' dir='ltr'><em>εἰμὴ</em></span> <span class='ocrx_word' id='word_1_547' title='bbox 2685 3890 2824 3945; x_wconf 84' lang='grc' dir='ltr'><em>κατὰ</em></span> <span class='ocrx_word' id='word_1_548' title='bbox 2849 3888 3066 3958; x_wconf 67' lang='grc' dir='ltr'><em>θέλησιν</em></span> <span class='ocrx_word' id='word_1_549' title='bbox 3091 3885 3181 3939; x_wconf 87' lang='grc' dir='ltr'><em>τοῦ</em></span> <span class='ocrx_word' id='word_1_550' title='bbox 3213 3883 3481 3953; x_wconf 80' lang='grc' dir='ltr'><em>ἐγχωρίου</em></span> <span class='ocrx_word' id='word_1_551' title='bbox 3504 3879 3798 3935; x_wconf 77' lang='grc' dir='ltr'><em>ἐπισκόπου</em></span> 
     </span>
    </p>
   </div>
   <div class='ocr_carea' id='block_1_82' title="bbox 2246 3973 3802 4057">
    <p class='ocr_par' dir='ltr' id='par_1_82' title="bbox 2246 3973 3802 4057">
     <span class='ocr_line' id='line_1_82' title="bbox 2246 3973 3802 4057; baseline -0.016 -14"><span class='ocrx_word' id='word_1_552' title='bbox 2246 3988 2545 4057; x_wconf 74' lang='grc' dir='ltr'><em>ἐπιτραπῇ.</em></span> <span class='ocrx_word' id='word_1_553' title='bbox 2578 3982 2712 4039; x_wconf 77' lang='grc' dir='ltr'><strong>Οὐδὲ</strong></span> <span class='ocrx_word' id='word_1_554' title='bbox 2735 3981 2841 4051; x_wconf 81' lang='grc' dir='ltr'><em>γὰρ</em></span> <span class='ocrx_word' id='word_1_555' title='bbox 2873 3980 3056 4049; x_wconf 76' lang='grc' dir='ltr'><em>ἔκρινε</em></span> <span class='ocrx_word' id='word_1_556' title='bbox 3086 3977 3297 4032; x_wconf 84' lang='grc' dir='ltr'><em>δίκαιον</em></span> <span class='ocrx_word' id='word_1_557' title='bbox 3320 3973 3650 4043; x_wconf 82' lang='grc' dir='ltr'><em>φιλονεικεῖν</em></span> <span class='ocrx_word' id='word_1_558' title='bbox 3679 3986 3802 4021; x_wconf 88' lang='grc' dir='ltr'><em>τινα</em></span> 
     </span>
    </p>
   </div>
   <div class='ocr_carea' id='block_1_83' title="bbox 2245 4064 3807 4152">
    <p class='ocr_par' dir='ltr' id='par_1_83' title="bbox 2245 4064 3807 4152">
     <span class='ocr_line' id='line_1_83' title="bbox 2245 4064 3807 4152; baseline -0.013 -16"><span class='ocrx_word' id='word_1_559' title='bbox 2245 4085 2312 4152; x_wconf 83' lang='grc' dir='ltr'><em>τῇ</em></span> <span class='ocrx_word' id='word_1_560' title='bbox 2340 4078 2744 4150; x_wconf 78' lang='grc' dir='ltr'><em>ἀπραγμοσύνῃ</em></span> <span class='ocrx_word' id='word_1_561' title='bbox 2768 4074 2863 4127; x_wconf 79' lang='grc' dir='ltr'><em>τοῦ</em></span> <span class='ocrx_word' id='word_1_562' title='bbox 2887 4072 3102 4144; x_wconf 78' lang='grc' dir='ltr'><em>ἀνδρὸς,</em></span> <span class='ocrx_word' id='word_1_563' title='bbox 3132 4071 3252 4141; x_wconf 68' lang='grc' dir='ltr'><em>ἢτοι</em></span> <span class='ocrx_word' id='word_1_564' title='bbox 3281 4071 3347 4139; x_wconf 85' lang='grc' dir='ltr'><em>τῇ</em></span> <span class='ocrx_word' id='word_1_565' title='bbox 3381 4067 3510 4137; x_wconf 70' lang='grc' dir='ltr'><em>περὶ</em></span> <span class='ocrx_word' id='word_1_566' title='bbox 3548 4066 3618 4118; x_wconf 83' lang='grc' dir='ltr'><em>τὰ</em></span> <span class='ocrx_word' id='word_1_567' title='bbox 3667 4064 3807 4134; x_wconf 77' lang='grc' dir='ltr'><em>πρά-</em></span> 
     </span>
    </p>
   </div>
   <div class='ocr_carea' id='block_1_84' title="bbox 2248 4155 3810 4239">
    <p class='ocr_par' dir='ltr' id='par_1_84' title="bbox 2248 4155 3810 4239">
     <span class='ocr_line' id='line_1_84' title="bbox 2248 4155 3810 4239; baseline -0.011 -14"><span class='ocrx_word' id='word_1_568' title='bbox 2248 4186 2439 4239; x_wconf 86' lang='grc' dir='ltr'><em>γματα</em></span> <span class='ocrx_word' id='word_1_569' title='bbox 2462 4166 2931 4236; x_wconf 75' lang='grc' dir='ltr'><em>ἁνεπιτηδειότητι</em></span> <span class='ocrx_word' id='word_1_570' title='bbox 2969 4160 3154 4216; x_wconf 78' lang='grc' dir='ltr'><em>αὐτοῦ.</em></span> <span class='ocrx_word' id='word_1_571' title='bbox 3192 4160 3381 4215; x_wconf 81' lang='grc' dir='ltr'><em>Ταῦτα</em></span> <span class='ocrx_word' id='word_1_572' title='bbox 3398 4160 3495 4228; x_wconf 79' lang='grc' dir='ltr'><em>τῆς</em></span> <span class='ocrx_word' id='word_1_573' title='bbox 3519 4155 3810 4224; x_wconf 72' lang='grc' dir='ltr'><em>ἐπιστολῆς</em></span> 
     </span>
    </p>
   </div>
   <div class='ocr_carea' id='block_1_85' title="bbox 2246 4246 3815 4329">
    <p class='ocr_par' dir='ltr' id='par_1_85' title="bbox 2246 4246 3815 4329">
     <span class='ocr_line' id='line_1_85' title="bbox 2246 4246 3815 4329; baseline -0.011 -15"><span class='ocrx_word' id='word_1_574' title='bbox 2246 4256 2744 4329; x_wconf 75' lang='grc' dir='ltr'><em>διαλαμϐανούσης,</em></span> <span class='ocrx_word' id='word_1_575' title='bbox 2775 4253 2996 4324; x_wconf 79' lang='grc' dir='ltr'><em>λέγουσι</em></span> <span class='ocrx_word' id='word_1_576' title='bbox 3049 4270 3198 4315; x_wconf 87' lang='grc' dir='ltr'><em>τινες</em></span> <span class='ocrx_word' id='word_1_577' title='bbox 3250 4249 3530 4319; x_wconf 60' lang='grc' dir='ltr'><em>ἐνδοθῑψαι</em></span> <span class='ocrx_word' id='word_1_578' title='bbox 3560 4249 3674 4308; x_wconf 85' lang='grc' dir='ltr'><em>τοῖς</em></span> <span class='ocrx_word' id='word_1_579' title='bbox 3717 4246 3815 4312; x_wconf 87' lang='grc' dir='ltr'><strong><em>ἀρ-</em></strong></span> 
     </span>
    </p>
   </div>
   <div class='ocr_carea' id='block_1_86' title="bbox 2249 4335 3813 4424">
    <p class='ocr_par' dir='ltr' id='par_1_86' title="bbox 2249 4335 3813 4424">
     <span class='ocr_line' id='line_1_86' title="bbox 2249 4335 3813 4424; baseline -0.012 -18"><span class='ocrx_word' id='word_1_580' title='bbox 2249 4352 2495 4424; x_wconf 83' lang='grc' dir='ltr'><em>χιερεῦσι</em></span> <span class='ocrx_word' id='word_1_581' title='bbox 2524 4350 2631 4403; x_wconf 77' lang='grc' dir='ltr'><strong><em>ἀπὸ</em></strong></span> <span class='ocrx_word' id='word_1_582' title='bbox 2655 4347 2859 4418; x_wconf 79' lang='grc' dir='ltr'><em>ταύτης</em></span> <span class='ocrx_word' id='word_1_583' title='bbox 2890 4342 3274 4414; x_wconf 83' lang='grc' dir='ltr'><em>παραιτεῖσθαι</em></span> <span class='ocrx_word' id='word_1_584' title='bbox 3301 4344 3423 4404; x_wconf 76' lang='grc' dir='ltr'><em>τοὺς</em></span> <span class='ocrx_word' id='word_1_585' title='bbox 3449 4339 3672 4409; x_wconf 73' lang='grc' dir='ltr'><em>θρόνους</em></span> <span class='ocrx_word' id='word_1_586' title='bbox 3699 4335 3813 4389; x_wconf 81' lang='grc' dir='ltr'><em>τῶν</em></span> 
     </span>
    </p>
   </div>
   <div class='ocr_carea' id='block_1_87' title="bbox 2250 4429 3815 4513">
    <p class='ocr_par' dir='ltr' id='par_1_87' title="bbox 2250 4429 3815 4513">
     <span class='ocr_line' id='line_1_87' title="bbox 2250 4429 3815 4513; baseline -0.01 -18"><span class='ocrx_word' id='word_1_587' title='bbox 2250 4442 2574 4513; x_wconf 75' lang='grc' dir='ltr'><em>ἐκκλησιῶν,</em></span> <span class='ocrx_word' id='word_1_588' title='bbox 2600 4439 2696 4493; x_wconf 73' lang='grc' dir='ltr'><em>καὶ</em></span> <span class='ocrx_word' id='word_1_589' title='bbox 2730 4437 2829 4510; x_wconf 85' lang='grc' dir='ltr'><em>τὴν</em></span> <span class='ocrx_word' id='word_1_590' title='bbox 2858 4436 3274 4508; x_wconf 76' lang='grc' dir='ltr'><em>ἀρχιερωσύνην</em></span> <span class='ocrx_word' id='word_1_591' title='bbox 3322 4432 3717 4502; x_wconf 82' lang='grc' dir='ltr'><em>παρακρατεῖν,</em></span> <span class='ocrx_word' id='word_1_592' title='bbox 3749 4429 3815 4479; x_wconf 82' lang='grc' dir='ltr'><strong>Εἰ</strong></span> 
     </span>
    </p>
   </div>
   <div class='ocr_carea' id='block_1_88' title="bbox 582 4501 2146 4607">
    <p class='ocr_par' dir='ltr' id='par_1_88' title="bbox 582 4501 2146 4584">
     <span class='ocr_line' id='line_1_88' title="bbox 582 4501 2146 4584; baseline -0.013 -11"><span class='ocrx_word' id='word_1_593' title='bbox 582 4520 750 4582; x_wconf 87' lang='lat' dir='ltr'><strong><em>enim,</em></strong></span> <span class='ocrx_word' id='word_1_594' title='bbox 783 4517 1058 4584; x_wconf 88' lang='lat' dir='ltr'><strong><em>inquiunt,</em></strong></span> <span class='ocrx_word' id='word_1_595' title='bbox 1076 4514 1177 4566; x_wconf 91' lang='lat' dir='ltr'><strong><em>hoc</em></strong></span> <span class='ocrx_word' id='word_1_596' title='bbox 1203 4511 1314 4566; x_wconf 81' lang='lat' dir='ltr'><strong><em>ﬁeri</em></strong></span> <span class='ocrx_word' id='word_1_597' title='bbox 1342 4523 1448 4562; x_wconf 89' lang='lat' dir='ltr'><strong><em>non</em></strong></span> <span class='ocrx_word' id='word_1_598' title='bbox 1476 4516 1676 4577; x_wconf 88' lang='lat' dir='ltr'><strong><em>posset,</em></strong></span> <span class='ocrx_word' id='word_1_599' title='bbox 1694 4504 1929 4573; x_wconf 86' lang='lat' dir='ltr'><strong><em>synodus</em></strong></span> <span class='ocrx_word' id='word_1_600' title='bbox 1960 4501 2146 4556; x_wconf 85' lang='lat' dir='ltr'><strong><em>Eusta-</em></strong></span> 
     </span>
    </p>
   </div>
   <div class='ocr_carea' id='block_1_89' title="bbox 2248 4501 3817 4607">
    <p class='ocr_par' dir='ltr' id='par_1_89' title="bbox 2258 4501 3817 4607">
     <span class='ocr_line' id='line_1_89' title="bbox 2258 4501 3817 4607; baseline -0.012 -18"><span class='ocrx_word' id='word_1_601' title='bbox 2258 4535 2331 4607; x_wconf 82' lang='grc' dir='ltr'><em>μὴ</em></span> <span class='ocrx_word' id='word_1_602' title='bbox 2359 4501 2468 4605; x_wconf 61' lang='grc' dir='ltr'><strong><em>γαρ</em></strong></span> <span class='ocrx_word' id='word_1_603' title='bbox 2514 4501 2672 4587; x_wconf 81' lang='grc' dir='ltr'><em>τοῦτο</em></span> <span class='ocrx_word' id='word_1_604' title='bbox 2696 4501 2797 4602; x_wconf 45' lang='grc' dir='ltr'><em>ἦν..</em></span> <span class='ocrx_word' id='word_1_605' title='bbox 2819 4501 2977 4599; x_wconf 53' lang='grc' dir='ltr'><em>φασί,</em></span> <span class='ocrx_word' id='word_1_606' title='bbox 3006 4501 3255 4589; x_wconf 75' lang='grc' dir='ltr'><em>δυνατὸν,</em></span> <span class='ocrx_word' id='word_1_607' title='bbox 3285 4526 3386 4578; x_wconf 82' lang='grc' dir='ltr'><em>οὐκ</em></span> <span class='ocrx_word' id='word_1_608' title='bbox 3406 4501 3481 4577; x_wconf 4' lang='grc' dir='ltr'><em>δᾶν</em></span> <span class='ocrx_word' id='word_1_609' title='bbox 3526 4524 3561 4591; x_wconf 84' lang='grc' dir='ltr'>ἠ</span> <span class='ocrx_word' id='word_1_610' title='bbox 3597 4520 3817 4581; x_wconf 78' lang='grc' dir='ltr'><em>σύνοδος</em></span> 
     </span>
    </p>
   </div>
   <div class='ocr_carea' id='block_1_90' title="bbox 581 4596 2148 4677">
    <p class='ocr_par' dir='ltr' id='par_1_90' title="bbox 581 4596 2148 4677">
     <span class='ocr_line' id='line_1_90' title="bbox 581 4596 2148 4677; baseline -0.013 -11"><span class='ocrx_word' id='word_1_611' title='bbox 581 4612 699 4666; x_wconf 91' lang='lat' dir='ltr'><strong><em>tbio</em></strong></span> <span class='ocrx_word' id='word_1_612' title='bbox 727 4624 833 4664; x_wconf 90' lang='lat' dir='ltr'><strong><em>non</em></strong></span> <span class='ocrx_word' id='word_1_613' title='bbox 862 4606 1213 4677; x_wconf 80' lang='lat' dir='ltr'><strong><em>permisisset,</em></strong></span> <span class='ocrx_word' id='word_1_614' title='bbox 1243 4612 1300 4656; x_wconf 89' lang='lat' dir='ltr'><strong><em>nt</em></strong></span> <span class='ocrx_word' id='word_1_615' title='bbox 1320 4600 1555 4672; x_wconf 86' lang='lat' dir='ltr'><strong><em>episcopi</em></strong></span> <span class='ocrx_word' id='word_1_616' title='bbox 1592 4613 1782 4651; x_wconf 83' lang='lat' dir='ltr'><strong><em>nomen</em></strong></span> <span class='ocrx_word' id='word_1_617' title='bbox 1816 4605 1869 4649; x_wconf 88' lang='lat' dir='ltr'><strong><em>et</em></strong></span> <span class='ocrx_word' id='word_1_618' title='bbox 1892 4596 2148 4649; x_wconf 84' lang='lat' dir='ltr'><strong><em>honorem</em></strong></span> 
     </span>
    </p>
   </div>
   <div class='ocr_carea' id='block_1_91' title="bbox 584 4688 2156 4765">
    <p class='ocr_par' dir='ltr' id='par_1_91' title="bbox 584 4688 2156 4765">
     <span class='ocr_line' id='line_1_91' title="bbox 584 4688 2156 4765; baseline -0.011 -9"><span class='ocrx_word' id='word_1_619' title='bbox 584 4702 827 4764; x_wconf 67' lang='lat' dir='ltr'><strong><em>haberet,</em></strong></span> <span class='ocrx_word' id='word_1_620' title='bbox 844 4708 899 4754; x_wconf 90' lang='lat' dir='ltr'><strong><em>et</em></strong></span> <span class='ocrx_word' id='word_1_621' title='bbox 919 4714 1043 4753; x_wconf 88' lang='lat' dir='ltr'><strong><em>eum</em></strong></span> <span class='ocrx_word' id='word_1_622' title='bbox 1065 4695 1301 4765; x_wconf 88' lang='lat' dir='ltr'><strong><em>episcopi</em></strong></span> <span class='ocrx_word' id='word_1_623' title='bbox 1329 4693 1560 4763; x_wconf 79' lang='lat' dir='ltr'><strong><em>regionis</em></strong></span> <span class='ocrx_word' id='word_1_624' title='bbox 1578 4691 1850 4745; x_wconf 80' lang='lat' dir='ltr'><strong><em>voluntate</em></strong></span> <span class='ocrx_word' id='word_1_625' title='bbox 1870 4703 2022 4745; x_wconf 87' lang='lat' dir='ltr'><strong><em>sacra</em></strong></span> <span class='ocrx_word' id='word_1_626' title='bbox 2041 4688 2156 4741; x_wconf 82' lang='lat' dir='ltr'><strong><em>obi-</em></strong></span> 
     </span>
    </p>
   </div>
   <div class='ocr_carea' id='block_1_92' title="bbox 586 4776 2156 4849">
    <p class='ocr_par' dir='ltr' id='par_1_92' title="bbox 586 4776 2156 4849">
     <span class='ocr_line' id='line_1_92' title="bbox 586 4776 2156 4849; baseline -0.013 0"><span class='ocrx_word' id='word_1_627' title='bbox 586 4803 689 4849; x_wconf 82' lang='lat' dir='ltr'><strong><em>ret.</em></strong></span> <span class='ocrx_word' id='word_1_628' title='bbox 731 4790 848 4846; x_wconf 79' lang='lat' dir='ltr'><strong><em>Non</em></strong></span> <span class='ocrx_word' id='word_1_629' title='bbox 879 4799 961 4843; x_wconf 86' lang='lat' dir='ltr'><strong><em>est</em></strong></span> <span class='ocrx_word' id='word_1_630' title='bbox 992 4798 1173 4841; x_wconf 88' lang='lat' dir='ltr'><strong><em>autem</em></strong></span> <span class='ocrx_word' id='word_1_631' title='bbox 1219 4788 1342 4848; x_wconf 88' lang='lat' dir='ltr'><strong><em>hoc,</em></strong></span> <span class='ocrx_word' id='word_1_632' title='bbox 1372 4795 1429 4837; x_wconf 93' lang='lat' dir='ltr'><strong><em>nt</em></strong></span> <span class='ocrx_word' id='word_1_633' title='bbox 1461 4781 1731 4844; x_wconf 77' lang='lat' dir='ltr'><strong><em>existimo,</em></strong></span> <span class='ocrx_word' id='word_1_634' title='bbox 1766 4794 1970 4833; x_wconf 79' lang='lat' dir='ltr'><strong><em>verum.</em></strong></span> <span class='ocrx_word' id='word_1_635' title='bbox 2002 4776 2156 4842; x_wconf 85' lang='lat' dir='ltr'><strong><em>Quod</em></strong></span> 
     </span>
    </p>
   </div>
   <div class='ocr_carea' id='block_1_93' title="bbox 585 4868 2159 4940">
    <p class='ocr_par' dir='ltr' id='par_1_93' title="bbox 585 4868 2159 4940">
     <span class='ocr_line' id='line_1_93' title="bbox 585 4868 2159 4940; baseline -0.011 -1"><span class='ocrx_word' id='word_1_636' title='bbox 585 4886 731 4939; x_wconf 77' lang='lat' dir='ltr'><strong><em>cutim</em></strong></span> <span class='ocrx_word' id='word_1_637' title='bbox 765 4899 793 4935; x_wconf 88' lang='lat' dir='ltr'><strong><em>a</em></strong></span> <span class='ocrx_word' id='word_1_638' title='bbox 820 4881 1068 4935; x_wconf 86' lang='lat' dir='ltr'><strong><em>Patribns</em></strong></span> <span class='ocrx_word' id='word_1_639' title='bbox 1098 4876 1377 4933; x_wconf 82' lang='lat' dir='ltr'><strong><em>deﬁnitum</em></strong></span> <span class='ocrx_word' id='word_1_640' title='bbox 1412 4882 1522 4938; x_wconf 88' lang='lat' dir='ltr'><strong><em>est,</em></strong></span> <span class='ocrx_word' id='word_1_641' title='bbox 1548 4889 1613 4928; x_wconf 80' lang='lat' dir='ltr'><strong><em>ex</em></strong></span> <span class='ocrx_word' id='word_1_642' title='bbox 1638 4868 2053 4940; x_wconf 82' lang='lat' dir='ltr'><strong><em>dispensationis</em></strong></span> <span class='ocrx_word' id='word_1_643' title='bbox 2072 4883 2159 4922; x_wconf 82' lang='lat' dir='ltr'><strong><em>ra-</em></strong></span> 
     </span>
    </p>
   </div>
   <div class='ocr_carea' id='block_1_94' title="bbox 586 4963 2161 5037">
    <p class='ocr_par' dir='ltr' id='par_1_94' title="bbox 586 4963 2161 5037">
     <span class='ocr_line' id='line_1_94' title="bbox 586 4963 2161 5037; baseline -0.013 -3"><span class='ocrx_word' id='word_1_644' title='bbox 586 4981 730 5034; x_wconf 87' lang='lat' dir='ltr'><strong><em>tione</em></strong></span> <span class='ocrx_word' id='word_1_645' title='bbox 750 4974 1028 5030; x_wconf 79' lang='lat' dir='ltr'><strong><em>deﬁnitnm</em></strong></span> <span class='ocrx_word' id='word_1_646' title='bbox 1058 4980 1177 5026; x_wconf 84' lang='lat' dir='ltr'><strong><em>est:</em></strong></span> <span class='ocrx_word' id='word_1_647' title='bbox 1208 4980 1263 5024; x_wconf 89' lang='lat' dir='ltr'><strong><em>et</em></strong></span> <span class='ocrx_word' id='word_1_648' title='bbox 1293 4986 1396 5022; x_wconf 90' lang='lat' dir='ltr'><strong><em>non</em></strong></span> <span class='ocrx_word' id='word_1_649' title='bbox 1420 4975 1629 5037; x_wconf 89' lang='lat' dir='ltr'><strong><em>oportet</em></strong></span> <span class='ocrx_word' id='word_1_650' title='bbox 1653 4963 1796 5035; x_wconf 89' lang='lat' dir='ltr'><strong><em>quod</em></strong></span> <span class='ocrx_word' id='word_1_651' title='bbox 1818 4979 1913 5031; x_wconf 86' lang='lat' dir='ltr'><strong><em>per</em></strong></span> <span class='ocrx_word' id='word_1_652' title='bbox 1940 4963 2161 5032; x_wconf 87' lang='lat' dir='ltr'><strong><em>dispen-</em></strong></span> 
     </span>
    </p>
   </div>
   <div class='ocr_carea' id='block_1_95' title="bbox 588 5053 2155 5135">
    <p class='ocr_par' dir='ltr' id='par_1_95' title="bbox 588 5053 2155 5135">
     <span class='ocr_line' id='line_1_95' title="bbox 588 5053 2155 5135; baseline -0.012 -9"><span class='ocrx_word' id='word_1_653' title='bbox 588 5070 859 5127; x_wconf 80' lang='lat' dir='ltr'><strong><em>sationem</em></strong></span> <span class='ocrx_word' id='word_1_654' title='bbox 913 5075 1133 5135; x_wconf 88' lang='lat' dir='ltr'><strong><em>propter</em></strong></span> <span class='ocrx_word' id='word_1_655' title='bbox 1164 5060 1365 5130; x_wconf 89' lang='lat' dir='ltr'><strong><em>aliqnid</em></strong></span> <span class='ocrx_word' id='word_1_656' title='bbox 1398 5058 1530 5113; x_wconf 90' lang='lat' dir='ltr'><strong><em>utile</em></strong></span> <span class='ocrx_word' id='word_1_657' title='bbox 1561 5056 1918 5111; x_wconf 88' lang='lat' dir='ltr'><strong><em>introductum</em></strong></span> <span class='ocrx_word' id='word_1_658' title='bbox 1946 5063 2027 5106; x_wconf 86' lang='lat' dir='ltr'><strong><em>est</em></strong></span> <span class='ocrx_word' id='word_1_659' title='bbox 2047 5094 2061 5112; x_wconf 88' lang='lat'><strong><em>.</em></strong></span> <span class='ocrx_word' id='word_1_660' title='bbox 2089 5053 2155 5107; x_wconf 90' lang='lat' dir='ltr'><strong><em>ad</em></strong></span> 
     </span>
    </p>
   </div>
   <div class='ocr_carea' id='block_1_96' title="bbox 588 5146 2158 5231">
    <p class='ocr_par' dir='ltr' id='par_1_96' title="bbox 588 5146 2158 5231">
     <span class='ocr_line' id='line_1_96' title="bbox 588 5146 2158 5231; baseline -0.012 -13"><span class='ocrx_word' id='word_1_661' title='bbox 588 5159 892 5231; x_wconf 71' lang='lat' dir='ltr'><strong><em>exemplum</em></strong></span> <span class='ocrx_word' id='word_1_662' title='bbox 914 5155 1077 5219; x_wconf 85' lang='lat' dir='ltr'><strong><em>trahi,</em></strong></span> <span class='ocrx_word' id='word_1_663' title='bbox 1101 5165 1154 5209; x_wconf 88' lang='lat' dir='ltr'><strong><em>et</em></strong></span> <span class='ocrx_word' id='word_1_664' title='bbox 1180 5165 1430 5222; x_wconf 88' lang='lat' dir='ltr'><strong><em>tanquam</em></strong></span> <span class='ocrx_word' id='word_1_665' title='bbox 1456 5165 1716 5204; x_wconf 86' lang='lat' dir='ltr'><strong><em>canonem</em></strong></span> <span class='ocrx_word' id='word_1_666' title='bbox 1741 5149 1992 5216; x_wconf 87' lang='lat' dir='ltr'><strong><em>deinceps</em></strong></span> <span class='ocrx_word' id='word_1_667' title='bbox 2017 5146 2158 5199; x_wconf 84' lang='lat' dir='ltr'><strong><em>vale-</em></strong></span> 
     </span>
    </p>
   </div>
   <div class='ocr_carea' id='block_1_97' title="bbox 573 5237 2158 5311">
    <p class='ocr_par' dir='ltr' id='par_1_97' title="bbox 573 5237 2158 5311">
     <span class='ocr_line' id='line_1_97' title="bbox 573 5237 2158 5311; baseline -0.011 -3"><span class='ocrx_word' id='word_1_668' title='bbox 573 5254 652 5307; x_wconf 74' lang='grc' dir='ltr'><strong><em>’ῐο</em></strong></span> <span class='ocrx_word' id='word_1_669' title='bbox 683 5270 699 5307; x_wconf 91' lang='lat'>:</span> <span class='ocrx_word' id='word_1_670' title='bbox 750 5261 805 5307; x_wconf 90' lang='lat' dir='ltr'><strong><em>et</em></strong></span> <span class='ocrx_word' id='word_1_671' title='bbox 836 5249 1072 5306; x_wconf 80' lang='lat' dir='ltr'><strong><em>maxime</em></strong></span> <span class='ocrx_word' id='word_1_672' title='bbox 1098 5261 1218 5300; x_wconf 90' lang='lat' dir='ltr'><strong><em>cum</em></strong></span> <span class='ocrx_word' id='word_1_673' title='bbox 1259 5244 1480 5311; x_wconf 88' lang='lat' dir='ltr'><strong><em>epistola</em></strong></span> <span class='ocrx_word' id='word_1_674' title='bbox 1516 5257 1619 5294; x_wconf 91' lang='lat' dir='ltr'><strong><em>non</em></strong></span> <span class='ocrx_word' id='word_1_675' title='bbox 1650 5240 1791 5294; x_wconf 84' lang='lat' dir='ltr'><strong><em>dicat</em></strong></span> <span class='ocrx_word' id='word_1_676' title='bbox 1822 5237 2158 5293; x_wconf 84' lang='lat' dir='ltr'><strong><em>Eustathium</em></strong></span> 
     </span>
    </p>
   </div>
   <div class='ocr_carea' id='block_1_98' title="bbox 593 5328 2163 5413">
    <p class='ocr_par' dir='ltr' id='par_1_98' title="bbox 593 5328 2163 5413">
     <span class='ocr_line' id='line_1_98' title="bbox 593 5328 2163 5413; baseline -0.013 -14"><span class='ocrx_word' id='word_1_677' title='bbox 593 5342 940 5413; x_wconf 85' lang='lat' dir='ltr'><strong><em>episcopatus</em></strong></span> <span class='ocrx_word' id='word_1_678' title='bbox 979 5334 1436 5394; x_wconf 88' lang='lat' dir='ltr'><strong><em>administrationi</em></strong></span> <span class='ocrx_word' id='word_1_679' title='bbox 1475 5331 1831 5393; x_wconf 82' lang='lat' dir='ltr'><strong><em>renuntiasse,</em></strong></span> <span class='ocrx_word' id='word_1_680' title='bbox 1879 5328 2163 5398; x_wconf 74' lang='lat' dir='ltr'><strong><em>episcopa-</em></strong></span> 
     </span>
    </p>
   </div>
   <div class='ocr_carea' id='block_1_99' title="bbox 595 5417 2159 5503">
    <p class='ocr_par' dir='ltr' id='par_1_99' title="bbox 595 5417 2159 5503">
     <span class='ocr_line' id='line_1_99' title="bbox 595 5417 2159 5503; baseline -0.013 -13"><span class='ocrx_word' id='word_1_681' title='bbox 595 5434 903 5490; x_wconf 83' lang='lat' dir='ltr'><strong><em>lem&#39;autem</em></strong></span> <span class='ocrx_word' id='word_1_682' title='bbox 923 5432 1237 5503; x_wconf 84' lang='lat' dir='ltr'><strong><em>dignitatem</em></strong></span> <span class='ocrx_word' id='word_1_683' title='bbox 1264 5425 1520 5481; x_wconf 86' lang='lat' dir='ltr'><strong><em>tenuisse.</em></strong></span> <span class='ocrx_word' id='word_1_684' title='bbox 1548 5421 1755 5491; x_wconf 85' lang='lat' dir='ltr'><strong><em>(Neque</em></strong></span> <span class='ocrx_word' id='word_1_685' title='bbox 1783 5422 1925 5473; x_wconf 85' lang='lat' dir='ltr'><strong><em>enim</em></strong></span> <span class='ocrx_word' id='word_1_686' title='bbox 1957 5417 2159 5485; x_wconf 86' lang='lat' dir='ltr'><strong><em>suppli-</em></strong></span> 
     </span>
    </p>
   </div>
   <div class='ocr_carea' id='block_1_100' title="bbox 595 5510 2164 5589">
    <p class='ocr_par' dir='ltr' id='par_1_100' title="bbox 595 5510 2164 5589">
     <span class='ocr_line' id='line_1_100' title="bbox 595 5510 2164 5589; baseline -0.011 -9"><span class='ocrx_word' id='word_1_687' title='bbox 595 5533 772 5579; x_wconf 88' lang='lat' dir='ltr'><strong><em>casset</em></strong></span> <span class='ocrx_word' id='word_1_688' title='bbox 791 5534 848 5576; x_wconf 92' lang='lat' dir='ltr'><strong><em>ut</em></strong></span> <span class='ocrx_word' id='word_1_689' title='bbox 872 5523 925 5576; x_wconf 91' lang='lat' dir='ltr'><strong><em>id</em></strong></span> <span class='ocrx_word' id='word_1_690' title='bbox 949 5523 1171 5575; x_wconf 81' lang='lat' dir='ltr'><strong><em>haberet</em></strong></span> <span class='ocrx_word' id='word_1_691' title='bbox 1198 5520 1338 5589; x_wconf 87' lang='lat' dir='ltr'><strong><em>quod</em></strong></span> <span class='ocrx_word' id='word_1_692' title='bbox 1363 5513 1639 5579; x_wconf 87' lang='lat' dir='ltr'><strong><em>habebat.)</em></strong></span> <span class='ocrx_word' id='word_1_693' title='bbox 1667 5512 1770 5567; x_wconf 85' lang='lat' dir='ltr'><strong><em>Sed</em></strong></span> <span class='ocrx_word' id='word_1_694' title='bbox 1795 5511 1970 5581; x_wconf 89' lang='lat' dir='ltr'><strong><em>potius</em></strong></span> <span class='ocrx_word' id='word_1_695' title='bbox 1994 5510 2164 5563; x_wconf 88' lang='lat' dir='ltr'><strong><em>disse-</em></strong></span> 
     </span>
    </p>
   </div>
   <div class='ocr_carea' id='block_1_101' title="bbox 596 5600 2161 5679">
    <p class='ocr_par' dir='ltr' id='par_1_101' title="bbox 596 5600 2161 5679">
     <span class='ocr_line' id='line_1_101' title="bbox 596 5600 2161 5679; baseline -0.011 -9"><span class='ocrx_word' id='word_1_696' title='bbox 596 5616 691 5675; x_wconf 75' lang='lat' dir='ltr'><strong><em>rit.</em></strong></span> <span class='ocrx_word' id='word_1_697' title='bbox 716 5630 838 5669; x_wconf 87' lang='lat' dir='ltr'><strong><em>eum</em></strong></span> <span class='ocrx_word' id='word_1_698' title='bbox 868 5613 1203 5667; x_wconf 81' lang='lat' dir='ltr'><strong><em>renuntiasse</em></strong></span> <span class='ocrx_word' id='word_1_699' title='bbox 1219 5606 1566 5679; x_wconf 81' lang='lat' dir='ltr'><strong><em>episcopatui.</em></strong></span> <span class='ocrx_word' id='word_1_700' title='bbox 1605 5605 1668 5658; x_wconf 83' lang='lat' dir='ltr'><strong><em>Et</em></strong></span> <span class='ocrx_word' id='word_1_701' title='bbox 1691 5619 1811 5657; x_wconf 90' lang='lat' dir='ltr'><strong><em>cum</em></strong></span> <span class='ocrx_word' id='word_1_702' title='bbox 1841 5600 2034 5654; x_wconf 82' lang='lat' dir='ltr'><strong><em>Patres</em></strong></span> <span class='ocrx_word' id='word_1_703' title='bbox 2055 5615 2161 5653; x_wconf 89' lang='lat' dir='ltr'><strong><em>non</em></strong></span> 
     </span>
    </p>
   </div>
   <div class='ocr_carea' id='block_1_102' title="bbox 599 5692 2165 5770">
    <p class='ocr_par' dir='ltr' id='par_1_102' title="bbox 599 5692 2165 5770">
     <span class='ocr_line' id='line_1_102' title="bbox 599 5692 2165 5770; baseline -0.011 -8"><span class='ocrx_word' id='word_1_704' title='bbox 599 5704 925 5768; x_wconf 81' lang='lat' dir='ltr'><strong><em>deﬁnierint,</em></strong></span> <span class='ocrx_word' id='word_1_705' title='bbox 952 5711 1011 5755; x_wconf 90' lang='lat' dir='ltr'><strong><em>ut</em></strong></span> <span class='ocrx_word' id='word_1_706' title='bbox 1041 5701 1117 5763; x_wconf 87' lang='lat' dir='ltr'><strong><em>id.</em></strong></span> <span class='ocrx_word' id='word_1_707' title='bbox 1140 5700 1281 5770; x_wconf 89' lang='lat' dir='ltr'><strong><em>quod</em></strong></span> <span class='ocrx_word' id='word_1_708' title='bbox 1311 5698 1591 5753; x_wconf 85' lang='lat' dir='ltr'><strong><em>Enstathio</em></strong></span> <span class='ocrx_word' id='word_1_709' title='bbox 1626 5705 1847 5765; x_wconf 85' lang='lat' dir='ltr'><strong><em>propter</em></strong></span> <span class='ocrx_word' id='word_1_710' title='bbox 1880 5692 2165 5746; x_wconf 74' lang='lat' dir='ltr'><strong><em>commise-</em></strong></span> 
     </span>
    </p>
   </div>
   <div class='ocr_carea' id='block_1_103' title="bbox 601 5784 2160 5859">
    <p class='ocr_par' dir='ltr' id='par_1_103' title="bbox 601 5784 2160 5859">
     <span class='ocr_line' id='line_1_103' title="bbox 601 5784 2160 5859; baseline -0.012 -4"><span class='ocrx_word' id='word_1_711' title='bbox 601 5798 865 5856; x_wconf 72' lang='lat' dir='ltr'><strong><em>rationem</em></strong></span> <span class='ocrx_word' id='word_1_712' title='bbox 896 5795 1097 5850; x_wconf 80' lang='lat' dir='ltr'><strong><em>factum</em></strong></span> <span class='ocrx_word' id='word_1_713' title='bbox 1133 5802 1235 5856; x_wconf 87' lang='lat' dir='ltr'><strong><em>est,</em></strong></span> <span class='ocrx_word' id='word_1_714' title='bbox 1270 5790 1523 5859; x_wconf 84' lang='lat' dir='ltr'><strong><em>deinceps</em></strong></span> <span class='ocrx_word' id='word_1_715' title='bbox 1551 5800 1765 5857; x_wconf 86' lang='lat' dir='ltr'><strong><em>quoque</em></strong></span> <span class='ocrx_word' id='word_1_716' title='bbox 1804 5786 1907 5842; x_wconf 78' lang='lat' dir='ltr'><strong><em>vim</em></strong></span> <span class='ocrx_word' id='word_1_717' title='bbox 1944 5784 2160 5852; x_wconf 84' lang='lat' dir='ltr'><strong><em>habeat,</em></strong></span> 
     </span>
    </p>
   </div>
   <div class='ocr_carea' id='block_1_104' title="bbox 2255 4613 3813 4699">
    <p class='ocr_par' dir='ltr' id='par_1_104' title="bbox 2255 4613 3813 4699">
     <span class='ocr_line' id='line_1_104' title="bbox 2255 4613 3813 4699; baseline -0.013 -17"><span class='ocrx_word' id='word_1_718' title='bbox 2255 4629 2332 4699; x_wconf 85' lang='grc' dir='ltr'><em>τῷ</em></span> <span class='ocrx_word' id='word_1_719' title='bbox 2361 4625 2645 4696; x_wconf 82' lang='grc' dir='ltr'><em>Εὑσταθίῳ</em></span> <span class='ocrx_word' id='word_1_720' title='bbox 2671 4622 3069 4695; x_wconf 82' lang='grc' dir='ltr'><em>παρεχώρησεν</em></span> <span class='ocrx_word' id='word_1_721' title='bbox 3114 4622 3285 4691; x_wconf 73' lang='grc' dir='ltr'><em>δνομα</em></span> <span class='ocrx_word' id='word_1_722' title='bbox 3336 4620 3482 4689; x_wconf 75' lang='grc' dir='ltr'><em>ἔχειν</em></span> <span class='ocrx_word' id='word_1_723' title='bbox 3509 4613 3813 4668; x_wconf 67' lang='grc' dir='ltr'><em>ἐπισκόπου</em></span> 
     </span>
    </p>
   </div>
   <div class='ocr_carea' id='block_1_105' title="bbox 2256 4704 3813 4787">
    <p class='ocr_par' dir='ltr' id='par_1_105' title="bbox 2256 4704 3813 4787">
     <span class='ocr_line' id='line_1_105' title="bbox 2256 4704 3813 4787; baseline -0.013 -14"><span class='ocrx_word' id='word_1_724' title='bbox 2256 4719 2351 4774; x_wconf 80' lang='grc' dir='ltr'><em>καὶ</em></span> <span class='ocrx_word' id='word_1_725' title='bbox 2377 4715 2568 4787; x_wconf 82' lang='grc' dir='ltr'><em>τιμὴν,</em></span> <span class='ocrx_word' id='word_1_726' title='bbox 2621 4716 2715 4769; x_wconf 70' lang='grc' dir='ltr'><em>καὶ</em></span> <span class='ocrx_word' id='word_1_727' title='bbox 2748 4713 2887 4785; x_wconf 77' lang='grc' dir='ltr'><em>μετὰ</em></span> <span class='ocrx_word' id='word_1_728' title='bbox 2918 4713 3194 4782; x_wconf 79' lang='grc' dir='ltr'><em>θελήσεως</em></span> <span class='ocrx_word' id='word_1_729' title='bbox 3242 4709 3337 4763; x_wconf 75' lang='grc' dir='ltr'><em>τοῦ</em></span> <span class='ocrx_word' id='word_1_730' title='bbox 3370 4706 3641 4778; x_wconf 76' lang='grc' dir='ltr'><em>ἐγχωρίου</em></span> <span class='ocrx_word' id='word_1_731' title='bbox 3693 4704 3813 4754; x_wconf 78' lang='grc' dir='ltr'><em>ὲπιο</em></span> 
     </span>
    </p>
   </div>
   <div class='ocr_carea' id='block_1_106' title="bbox 2258 4796 3811 4880">
    <p class='ocr_par' dir='ltr' id='par_1_106' title="bbox 2258 4796 3811 4880">
     <span class='ocr_line' id='line_1_106' title="bbox 2258 4796 3811 4880; baseline -0.015 -14"><span class='ocrx_word' id='word_1_732' title='bbox 2258 4814 2463 4866; x_wconf 67' lang='lat' dir='ltr'><strong><em>exornet)</em></strong></span> <span class='ocrx_word' id='word_1_733' title='bbox 2514 4809 2839 4880; x_wconf 75' lang='grc' dir='ltr'><em>ἱερουργεῖν.</em></span> <span class='ocrx_word' id='word_1_734' title='bbox 2868 4806 2985 4858; x_wconf 73' lang='grc' dir='ltr'><strong><em>Οὔκ</em></strong></span> <span class='ocrx_word' id='word_1_735' title='bbox 3044 4803 3159 4855; x_wconf 74' lang='grc' dir='ltr'><em>ἐστι</em></span> <span class='ocrx_word' id='word_1_736' title='bbox 3183 4802 3239 4855; x_wconf 82' lang='grc' dir='ltr'><em>δὲ</em></span> <span class='ocrx_word' id='word_1_737' title='bbox 3277 4799 3458 4863; x_wconf 78' lang='grc' dir='ltr'><em>τοῦτο,</em></span> <span class='ocrx_word' id='word_1_738' title='bbox 3500 4797 3575 4859; x_wconf 72' lang='grc' dir='ltr'><em>ὡς</em></span> <span class='ocrx_word' id='word_1_739' title='bbox 3613 4796 3811 4862; x_wconf 73' lang='grc' dir='ltr'><em>οἴομαι,</em></span> 
     </span>
    </p>
   </div>
   <div class='ocr_carea' id='block_1_107' title="bbox 2257 4883 3816 4974">
    <p class='ocr_par' dir='ltr' id='par_1_107' title="bbox 2257 4883 3816 4974">
     <span class='ocr_line' id='line_1_107' title="bbox 2257 4883 3816 4974; baseline -0.014 -16"><span class='ocrx_word' id='word_1_740' title='bbox 2257 4903 2478 4974; x_wconf 80' lang='grc' dir='ltr'><em>ἀληθές.</em></span> <span class='ocrx_word' id='word_1_741' title='bbox 2511 4903 2585 4954; x_wconf 83' lang='grc' dir='ltr'><strong><em>Τὸ</em></strong></span> <span class='ocrx_word' id='word_1_742' title='bbox 2612 4902 2721 4970; x_wconf 79' lang='grc' dir='ltr'><em>γὰρ</em></span> <span class='ocrx_word' id='word_1_743' title='bbox 2777 4898 2880 4951; x_wconf 66' lang='grc' dir='ltr'><em>ὑπο</em></span> <span class='ocrx_word' id='word_1_744' title='bbox 2926 4896 3034 4949; x_wconf 81' lang='grc' dir='ltr'><em>τῶν</em></span> <span class='ocrx_word' id='word_1_745' title='bbox 3086 4895 3350 4964; x_wconf 83' lang='grc' dir='ltr'><em>Πατέρων</em></span> <span class='ocrx_word' id='word_1_746' title='bbox 3390 4887 3662 4959; x_wconf 69' lang='grc' dir='ltr'><em>διοριςθὲν</em></span> <span class='ocrx_word' id='word_1_747' title='bbox 3700 4883 3816 4939; x_wconf 82' lang='grc' dir='ltr'><em>κατ’</em></span> 
     </span>
    </p>
   </div>
   <div class='ocr_carea' id='block_1_108' title="bbox 2259 4977 3823 5063">
    <p class='ocr_par' dir='ltr' id='par_1_108' title="bbox 2259 4977 3823 5063">
     <span class='ocr_line' id='line_1_108' title="bbox 2259 4977 3823 5063; baseline -0.013 -15"><span class='ocrx_word' id='word_1_748' title='bbox 2259 4993 2572 5063; x_wconf 85' lang='grc' dir='ltr'><em>οἰκονομίας</em></span> <span class='ocrx_word' id='word_1_749' title='bbox 2600 4992 2758 5058; x_wconf 89' lang='grc' dir='ltr'><em>λόγον</em></span> <span class='ocrx_word' id='word_1_750' title='bbox 2802 4988 3013 5059; x_wconf 80' lang='grc' dir='ltr'><em>ὡρίσθη</em></span> <span class='ocrx_word' id='word_1_751' title='bbox 3032 5003 3047 5018; x_wconf 90' lang='grc'><strong>·</strong></span> <span class='ocrx_word' id='word_1_752' title='bbox 3101 4986 3194 5039; x_wconf 79' lang='grc' dir='ltr'><em>καὶ</em></span> <span class='ocrx_word' id='word_1_753' title='bbox 3219 4984 3280 5037; x_wconf 79' lang='grc' dir='ltr'><strong><em>ού</em></strong></span> <span class='ocrx_word' id='word_1_754' title='bbox 3308 4982 3413 5053; x_wconf 80' lang='grc' dir='ltr'><strong><em>χρὴ</em></strong></span> <span class='ocrx_word' id='word_1_755' title='bbox 3440 4981 3503 5035; x_wconf 80' lang='grc' dir='ltr'><em>τὸ</em></span> <span class='ocrx_word' id='word_1_756' title='bbox 3529 4978 3651 5031; x_wconf 85' lang='grc' dir='ltr'><em>κατ’</em></span> <span class='ocrx_word' id='word_1_757' title='bbox 3681 4977 3823 5029; x_wconf 71' lang='lat' dir='ltr'><strong><em>olito-</em></strong></span> 
     </span>
    </p>
   </div>
   <div class='ocr_carea' id='block_1_109' title="bbox 2259 5066 3823 5154">
    <p class='ocr_par' dir='ltr' id='par_1_109' title="bbox 2259 5066 3823 5154">
     <span class='ocr_line' id='line_1_109' title="bbox 2259 5066 3823 5154; baseline -0.013 -16"><span class='ocrx_word' id='word_1_758' title='bbox 2259 5084 2453 5154; x_wconf 88' lang='grc' dir='ltr'><em>νομίαν</em></span> <span class='ocrx_word' id='word_1_759' title='bbox 2494 5083 2584 5135; x_wconf 79' lang='grc' dir='ltr'><em>διά</em></span> <span class='ocrx_word' id='word_1_760' title='bbox 2631 5066 2980 5151; x_wconf 57' lang='grc' dir='ltr'><em>τιγρήσιμον</em></span> <span class='ocrx_word' id='word_1_761' title='bbox 3032 5074 3340 5143; x_wconf 76' lang='grc' dir='ltr'><em>εἰσενεχθὲν</em></span> <span class='ocrx_word' id='word_1_762' title='bbox 3388 5074 3469 5134; x_wconf 76' lang='grc' dir='ltr'><em>εἰς</em></span> <span class='ocrx_word' id='word_1_763' title='bbox 3518 5070 3823 5135; x_wconf 74' lang='grc' dir='ltr'><em>ὑπόδειγμα</em></span> 
     </span>
    </p>
   </div>
   <div class='ocr_carea' id='block_1_110' title="bbox 2259 5158 3827 5237">
    <p class='ocr_par' dir='ltr' id='par_1_110' title="bbox 2259 5158 3827 5237">
     <span class='ocr_line' id='line_1_110' title="bbox 2259 5158 3827 5237; baseline -0.014 -6"><span class='ocrx_word' id='word_1_764' title='bbox 2259 5175 2537 5237; x_wconf 72' lang='grc' dir='ltr'><em>ἕλκεσθαι,</em></span> <span class='ocrx_word' id='word_1_765' title='bbox 2591 5172 2689 5227; x_wconf 72' lang='grc' dir='ltr'><em>καὶ</em></span> <span class='ocrx_word' id='word_1_766' title='bbox 2720 5174 2794 5234; x_wconf 83' lang='grc' dir='ltr'><em>ὡς</em></span> <span class='ocrx_word' id='word_1_767' title='bbox 2828 5172 3031 5225; x_wconf 84' lang='grc' dir='ltr'><em>κανόνα</em></span> <span class='ocrx_word' id='word_1_768' title='bbox 3064 5169 3288 5236; x_wconf 80' lang='grc' dir='ltr'><em>κρατεῖν</em></span> <span class='ocrx_word' id='word_1_769' title='bbox 3317 5167 3397 5228; x_wconf 83' lang='grc' dir='ltr'><em>εἰς</em></span> <span class='ocrx_word' id='word_1_770' title='bbox 3452 5163 3513 5216; x_wconf 78' lang='grc' dir='ltr'><em>τὸ</em></span> <span class='ocrx_word' id='word_1_771' title='bbox 3542 5161 3666 5227; x_wconf 77' lang='grc' dir='ltr'>ἑξῆς</span> <span class='ocrx_word' id='word_1_772' title='bbox 3687 5175 3700 5188; x_wconf 92' lang='grc'>·</span> <span class='ocrx_word' id='word_1_773' title='bbox 3734 5158 3827 5211; x_wconf 82' lang='grc' dir='ltr'><strong><em>ἄλ-</em></strong></span> 
     </span>
    </p>
   </div>
   <div class='ocr_carea' id='block_1_111' title="bbox 2259 5252 3824 5332">
    <p class='ocr_par' dir='ltr' id='par_1_111' title="bbox 2259 5252 3824 5332">
     <span class='ocr_line' id='line_1_111' title="bbox 2259 5252 3824 5332; baseline -0.014 -12"><span class='ocrx_word' id='word_1_774' title='bbox 2259 5269 2365 5329; x_wconf 81' lang='grc' dir='ltr'><strong><em>λως</em></strong></span> <span class='ocrx_word' id='word_1_775' title='bbox 2393 5283 2453 5318; x_wconf 88' lang='grc' dir='ltr'><strong><em>τε</em></strong></span> <span class='ocrx_word' id='word_1_776' title='bbox 2479 5265 2578 5332; x_wconf 82' lang='grc' dir='ltr'><em>τῆς</em></span> <span class='ocrx_word' id='word_1_777' title='bbox 2606 5263 2900 5331; x_wconf 77' lang='grc' dir='ltr'><em>ἐπιστολῆς</em></span> <span class='ocrx_word' id='word_1_778' title='bbox 2944 5261 3019 5331; x_wconf 81' lang='grc' dir='ltr'><em>μὴ</em></span> <span class='ocrx_word' id='word_1_779' title='bbox 3049 5258 3318 5327; x_wconf 76' lang='grc' dir='ltr'><em>λεγούσης</em></span> <span class='ocrx_word' id='word_1_780' title='bbox 3347 5256 3449 5325; x_wconf 83' lang='grc' dir='ltr'><em>τὴν</em></span> <span class='ocrx_word' id='word_1_781' title='bbox 3489 5253 3586 5324; x_wconf 81' lang='grc' dir='ltr'><em>μὲν</em></span> <span class='ocrx_word' id='word_1_782' title='bbox 3614 5252 3824 5303; x_wconf 75' lang='grc' dir='ltr'><em>οἰκονο-</em></span> 
     </span>
    </p>
   </div>
   <div class='ocr_carea' id='block_1_112' title="bbox 2265 5342 3828 5431">
    <p class='ocr_par' dir='ltr' id='par_1_112' title="bbox 2265 5342 3828 5431">
     <span class='ocr_line' id='line_1_112' title="bbox 2265 5342 3828 5431; baseline -0.015 -18"><span class='ocrx_word' id='word_1_783' title='bbox 2265 5360 2395 5431; x_wconf 86' lang='grc' dir='ltr'><em>μίαν</em></span> <span class='ocrx_word' id='word_1_784' title='bbox 2419 5359 2518 5428; x_wconf 73' lang='grc' dir='ltr'><em>τῆς</em></span> <span class='ocrx_word' id='word_1_785' title='bbox 2549 5356 2858 5424; x_wconf 76' lang='grc' dir='ltr'><em>ἐπισκοπῆς</em></span> <span class='ocrx_word' id='word_1_786' title='bbox 2886 5349 3338 5423; x_wconf 81' lang='grc' dir='ltr'><em>παραιτήσασθαι</em></span> <span class='ocrx_word' id='word_1_787' title='bbox 3370 5348 3463 5401; x_wconf 85' lang='grc' dir='ltr'><em>τὸν</em></span> <span class='ocrx_word' id='word_1_788' title='bbox 3507 5342 3828 5400; x_wconf 81' lang='grc' dir='ltr'><em>Εὐστὰθιον,</em></span> 
     </span>
    </p>
   </div>
   <div class='ocr_carea' id='block_1_113' title="bbox 2264 5437 3831 5522">
    <p class='ocr_par' dir='ltr' id='par_1_113' title="bbox 2264 5437 3831 5522">
     <span class='ocr_line' id='line_1_113' title="bbox 2264 5437 3831 5522; baseline -0.014 -15"><span class='ocrx_word' id='word_1_789' title='bbox 2264 5450 2644 5522; x_wconf 79' lang='grc' dir='ltr'><em>ὑποκρατῆσαι</em></span> <span class='ocrx_word' id='word_1_790' title='bbox 2678 5449 2733 5502; x_wconf 69' lang='grc' dir='ltr'><strong><em>δέ</em></strong></span> <span class='ocrx_word' id='word_1_791' title='bbox 2751 5447 2849 5517; x_wconf 85' lang='grc' dir='ltr'><em>τὴν</em></span> <span class='ocrx_word' id='word_1_792' title='bbox 2884 5443 3183 5515; x_wconf 85' lang='grc' dir='ltr'><em>ἱερωσύνην</em></span> <span class='ocrx_word' id='word_1_793' title='bbox 3220 5437 3277 5512; x_wconf 75' lang='grc' dir='ltr'><strong><em>(ἦ</em></strong></span> <span class='ocrx_word' id='word_1_794' title='bbox 3303 5442 3410 5510; x_wconf 79' lang='grc' dir='ltr'><em>γὰρ</em></span> <span class='ocrx_word' id='word_1_795' title='bbox 3440 5439 3507 5493; x_wconf 85' lang='grc' dir='ltr'><em>ἂν</em></span> <span class='ocrx_word' id='word_1_796' title='bbox 3535 5437 3657 5490; x_wconf 77' lang='grc' dir='ltr'><em>οὐδὲ</em></span> <span class='ocrx_word' id='word_1_797' title='bbox 3692 5448 3831 5503; x_wconf 81' lang='grc' dir='ltr'><em>παρ-</em></span> 
     </span>
    </p>
   </div>
   <div class='ocr_carea' id='block_1_114' title="bbox 2261 5525 3837 5614">
    <p class='ocr_par' dir='ltr' id='par_1_114' title="bbox 2261 5525 3837 5614">
     <span class='ocr_line' id='line_1_114' title="bbox 2261 5525 3837 5614; baseline -0.014 -16"><span class='ocrx_word' id='word_1_798' title='bbox 2261 5547 2555 5614; x_wconf 84' lang='grc' dir='ltr'><em>εκλήτευσε</em></span> <span class='ocrx_word' id='word_1_799' title='bbox 2608 5540 2796 5593; x_wconf 74' lang='grc' dir='ltr'><em>λαϐεῖν</em></span> <span class='ocrx_word' id='word_1_800' title='bbox 2842 5539 2978 5606; x_wconf 84' lang='grc' dir='ltr'><em>ὅπερ</em></span> <span class='ocrx_word' id='word_1_801' title='bbox 3027 5532 3217 5605; x_wconf 79' lang='grc' dir='ltr'><em>εἶχεν),</em></span> <span class='ocrx_word' id='word_1_802' title='bbox 3283 5533 3419 5587; x_wconf 83' lang='grc' dir='ltr'><em>ἀλλὰ</em></span> <span class='ocrx_word' id='word_1_803' title='bbox 3470 5528 3673 5600; x_wconf 78' lang='grc' dir='ltr'><em>μᾶλλον</em></span> <span class='ocrx_word' id='word_1_804' title='bbox 3721 5525 3837 5578; x_wconf 87' lang='grc' dir='ltr'><em>δια-</em></span> 
     </span>
    </p>
   </div>
   <div class='ocr_carea' id='block_1_115' title="bbox 2263 5618 3834 5707">
    <p class='ocr_par' dir='ltr' id='par_1_115' title="bbox 2263 5618 3834 5707">
     <span class='ocr_line' id='line_1_115' title="bbox 2263 5618 3834 5707; baseline -0.014 -16"><span class='ocrx_word' id='word_1_805' title='bbox 2263 5635 2653 5707; x_wconf 78' lang='grc' dir='ltr'><em>λαμύανούσης</em></span> <span class='ocrx_word' id='word_1_806' title='bbox 2680 5628 3129 5703; x_wconf 81' lang='grc' dir='ltr'><em>παραιτήσασθαι</em></span> <span class='ocrx_word' id='word_1_807' title='bbox 3158 5626 3324 5680; x_wconf 75' lang='grc' dir='ltr'><em>αὐτὸν</em></span> <span class='ocrx_word' id='word_1_808' title='bbox 3351 5625 3452 5693; x_wconf 75' lang='grc' dir='ltr'><em>τὴν</em></span> <span class='ocrx_word' id='word_1_809' title='bbox 3494 5618 3834 5685; x_wconf 77' lang='grc' dir='ltr'><em>ἐπισκοπὴν.</em></span> 
     </span>
    </p>
   </div>
   <div class='ocr_carea' id='block_1_116' title="bbox 2268 5711 3843 5796">
    <p class='ocr_par' dir='ltr' id='par_1_116' title="bbox 2268 5711 3843 5796">
     <span class='ocr_line' id='line_1_116' title="bbox 2268 5711 3843 5796; baseline -0.013 -13"><span class='ocrx_word' id='word_1_810' title='bbox 2268 5731 2379 5783; x_wconf 79' lang='grc' dir='ltr'><strong><em>Καὶ</em></strong></span> <span class='ocrx_word' id='word_1_811' title='bbox 2404 5730 2512 5782; x_wconf 84' lang='grc' dir='ltr'><em>τῶν</em></span> <span class='ocrx_word' id='word_1_812' title='bbox 2540 5726 2803 5796; x_wconf 86' lang='grc' dir='ltr'><em>Πατέρων</em></span> <span class='ocrx_word' id='word_1_813' title='bbox 2832 5726 2907 5794; x_wconf 79' lang='grc' dir='ltr'><em>μὴ</em></span> <span class='ocrx_word' id='word_1_814' title='bbox 2931 5720 3330 5791; x_wconf 83' lang='grc' dir='ltr'><em>διορισαμένων</em></span> <span class='ocrx_word' id='word_1_815' title='bbox 3351 5720 3411 5769; x_wconf 81' lang='grc' dir='ltr'><em>τὸ</em></span> <span class='ocrx_word' id='word_1_816' title='bbox 3444 5713 3588 5768; x_wconf 74' lang='grc' dir='ltr'><em>κατὰ</em></span> <span class='ocrx_word' id='word_1_817' title='bbox 3613 5711 3843 5781; x_wconf 50' lang='lat' dir='ltr'><strong><em>cupitu-</em></strong></span> 
     </span>
    </p>
   </div>
   <div class='ocr_carea' id='block_1_117' title="bbox 2271 5804 3829 5888">
    <p class='ocr_par' dir='ltr' id='par_1_117' title="bbox 2271 5804 3829 5888">
     <span class='ocr_line' id='line_1_117' title="bbox 2271 5804 3829 5888; baseline -0.015 -9"><span class='ocrx_word' id='word_1_818' title='bbox 2271 5827 2422 5879; x_wconf 82' lang='grc' dir='ltr'><em>θειαν</em></span> <span class='ocrx_word' id='word_1_819' title='bbox 2486 5824 2578 5876; x_wconf 68' lang='grc' dir='ltr'><em>ἐπὶ</em></span> <span class='ocrx_word' id='word_1_820' title='bbox 2638 5821 2715 5887; x_wconf 82' lang='grc' dir='ltr'><em>τῷ</em></span> <span class='ocrx_word' id='word_1_821' title='bbox 2766 5817 3054 5888; x_wconf 74' lang='grc' dir='ltr'><em>Εὐσταθῐῳ</em></span> <span class='ocrx_word' id='word_1_822' title='bbox 3109 5814 3406 5885; x_wconf 74' lang='grc' dir='ltr'><em>γενόμενον</em></span> <span class='ocrx_word' id='word_1_823' title='bbox 3458 5806 3681 5879; x_wconf 70' lang='grc' dir='ltr'><em>κρατεῖν</em></span> <span class='ocrx_word' id='word_1_824' title='bbox 3728 5804 3829 5857; x_wconf 75' lang='grc' dir='ltr'><em>καὶ</em></span> 
     </span>
    </p>
   </div>
  </div>
