4138 6210
382 290 515 403 373

1548 359 1623 418 IN
1651 361 1813 425 CAN.
1848 362 1983 421 VIII
2023 364 2227 428 CONC.
2270 366 2537 432 EPHES.

3520 381 3630 454 374'

385 457 617 527 ἐφεξῆς.
656 458 823 512 πόθεν
871 457 1015 518 οὗτοι
1067 465 1341 535 διαιροῦσι
1393 468 1461 523 τὰ
1513 471 1816 543 ἀδιαίρετα,
1864 492 1918 529 κε

2019 494 2035 539 t
2061 496 2291 547 quanam
2324 484 2530 537 ratione
2547 484 2793 540 dividunt
2819 489 2905 544 isti
2932 506 3050 557 qum
3068 492 3177 549 non
3209 494 3403 552 debent
3433 498 3631 561 dividi,

384 551 745 621 νομοθετοῦσι
796 554 866 606 τὰ
903 556 976 627 μὴ
1008 562 1073 628 τῇ
1108 560 1367 633 ἐπιστολῇ
1415 564 1813 635 περιεχόμενα;
1846 571 1956 624 Καὶ

383 644 596 714 ταύτην
624 645 677 697 δὲ
707 645 807 714 τὴν
830 648 1144 716 οἰκονομίαν
1174 654 1376 723 νομίζω
1401 654 1473 725 μὴ
1498 660 1957 732 ἀπεριμερίμνως

383 737 670 806 γενέσθαι.
698 738 820 793 Τῶν
853 740 962 810 γὰρ
1005 745 1246 798 κανόνων
1291 749 1385 801 καὶ
1429 751 1529 819 τῆς
1563 752 1699 823 πρὸς
1747 756 1956 825 Δόμνον

379 831 682 899 ἐπιπολῆς
708 833 803 885 τοῦ
839 835 997 901 ἁγίου
1029 839 1301 907 Κυρίλλου
1335 843 1725 914 διοριζομένων
1777 850 1956 904 λιϐέλ-

376 923 414 975 λ
446 940 513 985 υς
553 928 936 992 παραιτήσεως
979 929 1053 998 μὴ
1091 933 1391 1001 προσάγειν
1425 938 1577 1000 τινας
1610 938 1717 992 τῶν
1760 941 1954 1009 ἱερέων

374 1017 469 1084 (El
500 1018 630 1087 γὰρ,
666 1019 852 1087 φησιν,
882 1022 1022 1075 είσὶν
1051 1024 1189 1089 ἄξιοι
1245 1030 1342 1081 τοῦ
1394 1029 1752 1103 λειτουργεῖν,
1782 1037 1952 1091 ἔστω-

374 1124 485 1158 σαν
520 1108 578 1159 ἐν
613 1108 792 1178 τούτῳ
814 1124 828 1139 ·
863 1112 911 1162 εξ
940 1111 995 1163 δὲ
1027 1113 1259 1180 ἀνάξιοι,
1306 1117 1380 1185 μὴ
1415 1120 1522 1173 ἀπὸ
1563 1125 1952 1195 παραιτήσεως

374 1200 671 1267 ἐξίτωσαν,
698 1205 1135 1273 κατεγνωσμένοι
1184 1207 1241 1260 δὲ
1273 1211 1473 1277 μᾶλλον
1498 1213 1589 1267 ἐπὶ
1616 1215 1949 1287 πράγμασι),

374 1293 503 1354 πῶς
535 1296 598 1347 ἄν
628 1314 713 1356 τις
739 1297 871 1367 εἴπῃ
898 1297 995 1367 τὴν
1031 1298 1088 1353 ἐν
1131 1300 1344 1375 Ἐφέσῳ
1391 1307 1631 1373 σύνοδον,
1678 1313 1774 1365 καὶ
1807 1313 1946 1381 μᾶλ-

371 1388 472 1440 λον
498 1389 591 1442 τὸν
622 1394 1021 1460 προϊστάμενον
1051 1394 1257 1465 ταύτης
1287 1399 1460 1467 μέγαν
1486 1402 1751 1471 Κύριλλον
1784 1404 1950 1459 ὑπεν-

368 1481 576 1542 αντίως
626 1484 804 1551 ἐαυτῷ
864 1489 957 1540 καὶ
1005 1493 1141 1552 τοῖς.
1179 1492 1385 1555 λοιποῖς
1418 1495 1668 1566 Πατράσι
1707 1497 1948 1566 διορίσα-

369 1573 503 1626 σθαι
530 1593 544 1634 ;
577 1576 738 1642 Ἀλλ’,
769 1579 844 1639 ὡς
871 1580 1046 1643 ἔοικε,
1085 1583 1186 1651 τῆς
1216 1588 1595 1652 παραιτήσεως
1620 1589 1712 1643 τοῦ
1741 1589 1949 1645 Εὐσταο

366 1665 492 1718 θίου
526 1667 600 1738 μὴ
631 1671 795 1741 οὔσης
826 1672 1072 1741 βεϐαίας,
1105 1677 1237 1730 ἀλλὰ
1258 1682 1718 1751 κατασειομένης,
1746 1683 1802 1735 ἒν
1834 1702 1944 1737 τισι

361 1758 669 1812 κατένευσε
701 1762 848 1815 κατὰ
869 1750 1027 1830 λόγον
1057 1769 1371 1837 οἰκονομίας
1404 1773 1436 1838 ἠ
1464 1770 1595 1838 ἁγία
1618 1773 1839 1837 σύνοδος
1859 1775 1941 1830 είς

358 1851 399 1903 ἃ
427 1850 746 1918 διωρίσατο.
779 1856 902 1911 Ὅτι
944 1859 1001 1912 δὲ
1033 1862 1258 1932 τοιαύτη
1291 1859 1359 1933 ἦν
1405 1867 1436 1934 ὴ
1472 1866 1807 1935 παραίτησις
1838 1866 1933 1920 τοῦ

357 1941 699 2005 Εὐσταθίου,
744 1948 1076 2017 παρίσταται
1113 1954 1207 2005 καὶ
1236 1954 1336 2006 ἀπ’
1368 1956 1536 2025 αὐτῆς
1563 1956 1665 2024 τῆς
1710 1958 1933 2009 ἐπιστο-

355 2034 483 2103 λῆς,
524 2035 789 2107 λεγούσης
835 2040 911 2104 ὡς
967 2043 1065 2095 οὐκ
1119 2045 1278 2111 ἴσμεν
1341 2046 1488 2109 ὅπως
1546 2049 1933 2117 παραιτήσεως

354 2131 742 2199 προκεκόμικε
797 2132 1002 2201 βιϐλίον
1044 2138 1071 2189 ὁ
1112 2138 1427 2200 Εὑστάθιος,
1461 2142 1556 2193 καὶ
1610 2137 1721 2195 οἷον
1793 2143 1936 2208 ξενι-

354 2216 601 2288 ζομένης
633 2222 726 2274 ἐπὶ
752 2225 815 2293 τῇ
851 2223 1057 2293 ταύτης
1105 2228 1418 2299 ,παραδοχῇ.
1481 2230 1545 2282 El
1579 2230 1689 2301 γὰρ
1715 2230 1774 2284 οὐ
1802 2249 1933 2285 κατ-

351 2311 570 2364 εσείετο
615 2313 718 2365 ὑπό
743 2332 889 2380 τινος
922 2317 1085 2387 αὕτη,
1146 2319 1267 2372 οὐδὲ
1319 2318 1379 2373 τὸ
1410 2320 1775 2391 ὀνομάζεσθαι
1810 2324 1931 2377 ἐπί-

322 2391 588 2466 ’σκοπον,
638 2405 732 2457 καὶ
787 2407 1094 2477 ἱερουργεῖν
1137 2410 1204 2462 ἂν
1258 2411 1414 2479 ἐδόθη
1472 2411 1641 2488 αὐτῷ,
1671 2415 1835 2468 Ὥστε
1864 2417 1927 2470 τὸ

347 2491 443 2545 διὰ
478 2495 577 2561 τῆς
610 2497 898 2566 παρούσης
946 2500 1237 2569 ἐπιστολῆς
1266 2503 1622 2571 οἰκονομηθέν
1677 2502 1775 2557 οὐκ
1811 2505 1925 2558 ἐστι

348 2585 671 2643 καθολικόν.
704 2588 969 2655 Δηλοῦται
1016 2592 1073 2644 δὲ
1123 2592 1281 2646 τοῦτο
1342 2596 1435 2646 καὶ
1462 2596 1525 2647 ἐκ
1572 2595 1667 2649 τοῦ
1714 2597 1923 2667 γράψαι

348 2679 483 2739 τοὺς
517 2680 793 2750 Πατέρας,
827 2682 925 2745 ὡς,
977 2685 1136 2755 εἴπερ
1170 2686 1318 2755 παρὰ
1364 2687 1473 2740 τῶν
1519 2689 1800 2761 ἐγχωρίων
1830 2695 1924 2747 καὶ

344 2769 548 2836 ἔτερόν
612 2789 664 2823 τι
714 2774 1080 2845 χρηστότερον
1128 2777 1351 2843 γένηται
1394 2780 1472 2841 εἰς
1518 2780 1610 2833 τὸν
1668 2781 1919 2851 γέροντα,

344 2862 587 2929 ἀρέσκει
638 2864 797 2917 τοῦὈ
832 2868 896 2934 τῇ
945 2867 1168 2935 συνόδῳ.
1212 2871 1332 2921 Ἔτι
1374 2871 1495 2923 είπέ
1558 2873 1654 2936 ὡς,
1710 2876 1808 2937 τῆς
1862 2878 1920 2928 ἐν

342 2955 656 3025 Χαλκηδόνι
699 2956 917 3009 συνόδου
980 2958 1354 3031 διοριζομένης
1409 2964 1615 3032 μηδένα
1657 2967 1919 3022 ἀπολελυ-

345 3047 531 3115 μένως
592 3048 1057 3118 χειροτονεῖσθαι,
1118 3053 1144 3104 ὁ
1187 3052 1575 3125 ύποκρατήσας
1622 3057 1920 3125 ἐπίσκοπος

346 3138 524 3207 μόνην
552 3137 655 3206 τῆν
695 3137 1019 3211 ἱερωσύνην,
1062 3139 1138 3202 ὥς
1168 3143 1309 3204 τινές
1341 3161 1496 3212 φασι,
1528 3146 1696 3200 ποίων
1728 3147 1917 3220 ἱερέων

344 3231 616 3302 ἱεράρχης
645 3231 1105 3302 όνομασθήσεται,
1142 3235 1175 3299 ἢ
1206 3236 1360 3300 τίνας
1389 3238 1589 3304 διδάξει
1613 3258 1627 3303 ;
1668 3244 1837 3297 ποίων
1860 3243 1916 3297 δὲ

340 3318 441 3369 καὶ
466 3317 901 3381 ἐπισκοπεύσει;
933 3321 1156 3385 Πάντως
1186 3324 1308 3377 οὐδέ
1339 3343 1521 3381 τινων.
1554 3329 1645 3382 Διὸ
1692 3332 1813 3384 οὐδὲ
1858 3337 1916 3386 ἐν

339 3402 576 3477 δυνάμει
609 3409 743 3481 μόνῃ
778 3412 809 3479 ή
851 3413 1121 3484 ἱερωσύνη
1186 3417 1721 3487 ύποκρατηθήσεται.
1752 3426 1912 3492 Ζήτει

340 3499 555 3552 καὶτὸν
589 3500 814 3555 δέκατον
842 3504 1043 3557 κανόνα
1075 3507 1168 3559 τοῦ
1217 3510 1372 3576 ἁγίου
1416 3512 1623 3583 Πέτρου
1657 3518 1911 3586 ἀρχιεπι-

339 3593 550 3645 σκόπου
564 3634 570 3639 .
589 3594 1021 3664 Ἀλεξανδρείας.

409 3685 664 3739 ΖΩΝΑΡ.
712 3684 771 3738 Ὀ
805 3687 1124 3754 Εὑστάθιος,
1163 3685 1223 3745 οὗ
1271 3694 1546 3766 μέμνηται
1586 3699 1618 3767 ή
1654 3702 1908 3772 ἐπιστολὴ

336 3777 504 3847 αὕτη,
538 3776 833 3840 ἐπίσκοπος
884 3774 952 3848 ἦν
986 3780 1083 3846 τῆς
1129 3784 1473 3851 Παμφυλίας.
1505 3787 1798 3858 Παμφυλία
1849 3796 1908 3849 δέ

332 3870 488 3923 ἐστιν
516 3869 550 3936 ἡ
581 3868 677 3934 τῆς
695 3870 1008 3934 Ἀτταλείας
1044 3874 1298 3942 ἐπαρχία.
1318 3875 1373 3927 ’0
1389 3878 1519 3941 γοῦν
1537 3881 1721 3948 ῥηθεὶς
1747 3882 1905 3952 ἀνὴρ,

332 3963 725 4032 περιστάσεσιν
754 3964 1152 4029 ἐμπεπτωκὼς,
1170 3969 1260 4021 καὶ
1291 3970 1674 4039 ἀπαγορεύσας
1699 3974 1787 4026 διὰ
1818 3993 1907 4044 μι-

331 4050 642 4121 κροψυχίαν
664 4054 757 4106 καὶ
776 4052 1226 4127 ἀπραγμοσύνην,
1244 4059 1537 4130 ἐγγράφως
1554 4066 1906 4135 παρῃτήσατο

330 4142 429 4212 τὴν
458 4145 783 4215 ἐπισκοπὴν.
810 4147 984 4199 Κάκεῖ
1005 4149 1103 4217 μὲν
1143 4150 1297 4211 ἄλλος
1315 4157 1723 4227 κεχειροτόνητο
1743 4173 1756 4186 ’
1797 4161 1824 4212 ό
1849 4161 1904 4214 δὲ

328 4234 636 4296 Εὐστάθιος
664 4236 866 4290 κλαίων
905 4240 1179 4309 προσῆλθε
1210 4245 1275 4312 τῇ
1322 4244 1442 4314 ἱερᾷ
1474 4245 1647 4321 ταύτῃ
1680 4250 1901 4317 συνόδῳ,

326 4328 388 4379 ού
419 4328 520 4397 τὴν
547 4327 723 4393 πόλιν,
758 4330 819 4381 οὐ
850 4328 945 4400 τὴν
973 4332 1268 4400 ἐκκλησίαν
1292 4336 1756 4408 ἀνακαλούμενος,
1790 4343 1902 4395 οὐδ’

321 4418 699 4489 ἀμφισϐητῶν
738 4421 867 4485 περὶ
898 4422 1079 4474 αὐτῶν
1106 4424 1182 4492 τῷ
1219 4426 1339 4495 μετ’
1373 4427 1537 4480 αὐτὸν
1582 4449 1898 4504 χειροτονη-

2062 579 2115 623 et
2176 580 2428 637 tanquam
2480 571 2621 641 leges
2661 576 2907 631 sanciunt
2942 593 3002 632 ea
3052 598 3174 650 qua?
3222 584 3451 654 epistola
3509 604 3616 643 non

2060 661 2607 726 comprehenduntur.
2630 662 2794 718 Porro
2811 676 2863 719 et
2882 668 3018 722 hanc
3034 669 3484 739 dispensationem
3505 681 3627 732 exis

2058 752 2216 805 stimo
2269 768 2374 806 non
2419 754 2814 811 inconsiderate
2867 760 3059 816 factam
3097 778 3237 820 esse.
3285 765 3419 820 Cum
3474 771 3619 824 enim

2057 857 2312 908 canones,
2341 852 2394 899 et
2423 834 2593 900 saucii
2622 846 2800 915 Cyrilli
2827 851 2894 905 ad
2928 851 3189 908 Domuum
3217 858 3466 925 epismla,
3520 862 3620 916 de-

2056 935 2312 1000 cernant',
2345 950 2415 989 ne
2447 937 2537 991 ulli
2576 940 2883 996 sacerdotes
2909 946 3363 1002 renuntiationnm
3409 950 3619 1007 libellos

2051 1024 2274 1083 aderant
2323 1029 2403 1101 (Si
2471 1032 2638 1100 enim,
2688 1035 2879 1105 inquit,
2912 1052 3064 1091 sacra
3112 1040 3410 1095 ministeria
3466 1044 3625 1099 obire

2050 1117 2194 1187 digni
2229 1129 2374 1188 sunt,
2418 1123 2480 1177 in
2525 1138 2590 1179 eo
2640 1137 3031 1194 permaneant:
3062 1130 3143 1184 sin
3177 1138 3352 1186 autem
3387 1134 3615 1201 indigni,

2049 1221 2118 1261 ne
2146 1223 2243 1277 per
2286 1212 2738 1267 renuntiationem
2787 1224 3018 1281 exeant,
3069 1220 3164 1273 sed
3194 1220 3412 1287 putius,
3454 1221 3615 1276 rebus

2048 1298 2179 1364 ipsis
2194 1302 2586 1367 condemnati),
2616 1307 2886 1373 quomodo
2908 1308 3106 1362 dixerit
3132 1310 3398 1378 quispiam
3430 1310 3617 1378 Ephe-‘

2047 1393 2221 1444 sinam
2268 1396 2553 1461 synodum.
2599 1407 2652 1450 et
2676 1414 2796 1451 eum
2833 1400 3013 1467 potius
3036 1400 3125 1465 qni
3162 1400 3210 1454 ei
3242 1412 3471 1469 praeerat
3497 1418 3609 1456 ma-

2045 1498 2206 1551 gnum
2237 1484 2493 1555 Cyrillum
2529 1489 2653 1553 sibi,
2703 1500 2757 1543 et
2799 1491 3021 1560 reliquis
3053 1492 3304 1548 Patribns
3333 1497 3611 1549 contraria

2045 1573 2325 1628 statuisse?
2348 1574 2473 1641 Sed,
2498 1587 2557 1632 ut
2577 1589 2659 1633 est
2685 1581 2976 1642 versimile,
2996 1597 3115 1636 cum
3137 1582 3398 1639 Eustatbii
3418 1600 3615 1640 renun-

2044 1662 2197 1715 tiatio
2232 1664 2383 1716 ﬁrma
2414 1680 2519 1719 non
2547 1677 2709 1732 esset,
2732 1669 2827 1722 sed
2861 1669 2913 1722 in
2932 1670 3253 1737 quibusdam
3286 1672 3512 1739 labaret,
3544 1688 3612 1728 ex

2043 1756 2467 1826 dispensationis
2522 1762 2733 1816 ratione
2790 1765 2982 1816 annuit
3019 1776 3206 1819 sancta
3260 1767 3501 1836 synodus
3542 1766 3611 1819 ad

1971 1828 2014 1882 Β
2043 1864 2102 1901 ea
2128 1864 2247 1918 qum
2266 1850 2486 1906 deﬁniit.
2512 1852 2665 1918 Quod
2690 1867 2869 1909 autem
2890 1865 3036 1911 esset
3057 1828 3320 1926 ejusmodi
3346 1857 3612 1911 Eustathii

2040 1943 2388 2005 renuntiatio,
2437 1959 2502 1998 ex
2534 1946 2646 2014 ipsa
2688 1948 2861 2021 etiam
2890 1948 3121 2016 epistola
3176 1959 3460 2017 apparent,
3490 1964 3613 2018 qua

2039 2035 2169 2089 dicit
2200 2054 2215 2090 τ
2247 2036 2437 2093 Nescio
2469 2043 2744 2109 quomodo
2763 2046 3436 2101 renuntiationislihellum
3466 2056 3609 2101 attu-

2038 2126 2101 2179 lit
2133 2126 2478 2188 Eustathius:
2515 2132 2654 2187 etob
2689 2133 2804 2200 ejus
2834 2138 3203 2204 receptionem
3234 2137 3399 2191 veluti
3431 2138 3483 2191 in
3511 2137 3609 2191 ad-

2036 2219 2380 2277 mirationem
2414 2224 2726 2281 adducitur.
2773 2227 2829 2281 Si
2863 2228 2973 2294 ipsa
3006 2230 3149 2283 enim
3179 2229 3245 2283 ab
3274 2231 3454 2299 aliquo
3494 2244 3603 2284 non

2034 2313 2472 2383 labefactaretur,
2523 2331 2622 2372 nec
2674 2328 2731 2370 ut
2783 2321 3072 2390 episcopus
3122 2323 3517 2382 nomina-retur,
3550 2329 3604 2376 et

2037 2418 2095 2462 ut
2130 2409 2270 2463 sacri
2323 2410 2568 2463 muneris
2615 2410 2817 2481 aliquid
2852 2402 3048 2475 ubiret,
3081 2413 3128 2468 ei
3169 2413 3601 2483 permitteretur.

2032 2502 2185 2567 Quod
2222 2502 2396 2566 itaque
2424 2515 2520 2569 per
2548 2502 2687 2557 hanc
2725 2505 3011 2571 epistolam
3052 2506 3387 2560 meonomice
3419 2505 3601 2575 provib

2031 2610 2153 2649 sum
2208 2603 2329 2659 est,
2386 2609 2493 2647 non
2548 2604 2631 2648 est
2675 2597 3001 2653 univerSale.
3057 2597 3167 2651 Hoc
3220 2609 3403 2653 autem
3433 2600 3597 2653 etiam

2029 2704 2091 2742 ex
2118 2704 2182 2743 eo
2212 2670 2538 2755 declaratur,
2580 2691 2720 2757 quod
2751 2688 2941 2745 Patres
2972 2691 3336 2759 scripserunt;
3380 2692 3599 2761 quodsi

2028 2794 2055 2831 a
2110 2780 2384 2848 religionis
2423 2780 2690 2849 episcOpis
2738 2781 3021 2852 benignius
3055 2782 3255 2851 aliquid
3310 2783 3362 2837 in
3413 2797 3597 2839 senem

2028 2873 2141 2931 ﬁat.
2182 2873 2231 2927 id
2260 2889 2473 2943 quoque
2501 2877 2677 2943 placet
2703 2875 2931 2946 synodo.
2964 2875 3226 2931 Praeterea
3252 2890 3374 2929 eum
3430 2874 3595 2929 Chal-

2024 2964 2346 3020 cedonensis
2399 2968 2635 3037 synodus
2683 2968 2881 3021 nullum
2942 2968 3184 3023 absolute
3238 2967 3598 3021 ordinandum

2024 3070 2144 3109 esse
2176 3056 2468 3121 decernat,
2510 3059 2598 3126 qni
2642 3058 2814 3113 solum
2843 3057 3258 3125 sacerdotalem,
3297 3065 3358 3112 ut
3381 3057 3594 3120 dicunt,

2024 3146 2335 3213 dignitatem
2366 3148 2625 3203 obtinebit
2676 3150 2989 3217 episcopus;
3041 3162 3396 3216 quorumnam
3434 3146 3596 3217 108

2020 3237 2359 3291 sacerdotum
2387 3239 2609 3293 antistes
2632 3254 2751 3297 esse
2778 3240 3009 3308 dicetur,
3032 3241 3115 3294 vel
3140 3230 3404 3307 quosnam
3430 3241 3592 3293 doce-

2018 3328 2128 3383 hit?
2161 3340 2213 3384 et
2251 3346 2606 3398 quorumnam
2650 3334 2937 3402 episcOpns
2981 3334 3129 3389 erit?
3149 3333 3426 3387 Nullorutn
3466 3347 3591 3386 om-

2016 3420 2163 3473 nino.
2200 3420 2376 3485 Quare
2421 3436 2519 3474 nec
2561 3432 2822 3489 potestate
2851 3422 3068 3490 quidem
3096 3422 3209 3478 sola
3242 3420 3592 3478 sacerdotalis

2014 3512 2247 3579 dignitas
2294 3513 2647 3568 ohtinehitnr.
2682 3511 2876 3580 Quane
2922 3514 3085 3569 etiam
3122 3514 3375 3569 decimun
3421 3526 3589 3569 cano-

2013 3617 2133 3655 nem
2165 3605 2333 3657 sancti
2372 3604 2512 3659 Petri
2550 3606 2898 3661 Alexandrini
2932 3607 3191 3677 episcopi.

2071 3713 2326 3775 ZONAR.
2342 3716 2673 3783 Eustathius,
2693 3719 2759 3773 de
2776 3736 2883 3790 quo
2902 3720 2953 3773 in
2974 3722 3196 3790 epistola
3212 3735 3408 3785 sermo,
3427 3720 3587 3775 Pam-

2010 3806 2214 3876 phyliae
2239 3809 2526 3878 episcopus
2555 3809 2681 3866 fuit.
2703 3812 3051 3882 Phamphylia
3072 3822 3250 3866 autem
3274 3823 3354 3867 est
3370 3814 3583 3868 Attalis!

2010 3898 2348 3965 provinciaA‘
2361 3901 2402 3952 ir
2424 3903 2605 3971 itaque
2620 3904 2907 3969 praedictus
2922 3919 2985 3958 cn
2997 3922 3042 3956 m
3059 3904 3109 3956 in
3129 3902 3422 3958 dilliciliora
3444 3914 3581 3957 tem-

2007 4002 2137 4055 pora
2158 3989 2457 4055 incidisset,
2482 4009 2589 4062 prae
2608 3994 3048 4060 pusillanimitate
3068 4005 3115 4049 et
3144 3996 3472 4063 negotiorum
3498 3994 3577 4047 fn-

2006 4095 2068 4148 ga
2094 4079 2312 4133 moleste
2329 4084 2528 4145 lereus,
2547 4085 2875 4152 episcopatui
2900 4084 3117 4153 scriptis
3136 4084 3479 4138 renuntiavit.
3500 4084 3577 4138 Ac

2004 4171 2140 4224 alius
2164 4171 2376 4239 quidem
2405 4172 2510 4227 illic
2534 4175 2735 4229 electus
2763 4184 2862 4228 est.
2896 4174 3210 4228 Eustathius
3239 4176 3367 4227 vero
3394 4173 3577 4227 multis

2002 4277 2125 4315 cum
2148 4264 2399 4333 lacrymis
2431 4266 2483 4319 in
2508 4277 2749 4321 sanctam
2772 4266 2908 4321 hanc
2926 4267 3188 4337 synodum
3208 4274 3389 4336 postea
3406 4266 3569 4330 venit,

2000 4370 2109 4419 non
2134 4355 2404 4409 civitatem
2426 4357 2549 4422 sibi,
2578 4373 2686 4411 non
2721 4357 3010 4412 Ecclesiam
3052 4358 3352 4420 vindicans.
3383 4368 3474 4413 aut
3506 4374 3569 4411 ea

2002 4459 2111 4513 quo
2143 4447 2319 4499 minus
2353 4461 2378 4499 ιι
2405 4463 2721 4503 successore
2756 4450 3082 4504 haberentur
3119 4466 3377 4505 recusans
3423 4469 3437 4505 :
3473 4450 3568 4505 sed

324 4511 500 4575 θέντι,
536 4510 707 4580 ὄνομα
750 4512 806 4565 δὲ
846 4514 941 4567 καὶ
973 4515 1137 4587 τιμὴν
1164 4519 1331 4572 αίτῶν
1358 4523 1685 4587 ἐπισκόπου,
1720 4527 1902 4582 καλεῖ-

2019 4550 2200 4589 nomen
2236 4544 2439 4591 tamum
2462 4540 2698 4608 episcopi
2728 4552 2781 4594 et
2812 4541 3066 4594 honorem
3087 4549 3292 4611 petens,
3317 4542 3567 4595 nimirum

323 4603 460 4654 σθαι
489 4603 694 4673 δηλαδὴ
754 4605 924 4659 θέλων
958 4608 1281 4674 ἐπίσκοπος,
1316 4614 1410 4666 καὶ
1461 4617 1627 4687 τιμὴν
1665 4617 1810 4689 ἔχειν
1836 4622 1896 4675 ἐν

319 4692 625 4763 καθέδραις
647 4697 739 4748 καὶ
763 4695 1026 4762 τοιούτοις
1051 4700 1233 4764 ἄλλοις
1254 4704 1537 4776 ἑπισκόπῳ
1592 4712 1896 4779 προσήκου⁶

319 4801 431 4838 σιν.
467 4785 639 4853 Φησὶν
666 4786 757 4865 οξν
784 4790 814 4858 ή
853 4790 972 4858 ἱερά
1003 4791 1216 4858 σύνοδος
1247 4796 1328 4848 ὅτι
1362 4798 1792 4871 Συνηλγήσαμεν
1814 4802 1894 4875 τῷ

316 4875 635 4950 πρεσϐύτῃ,
667 4882 761 4931 καὶ
782 4881 964 4933 κοινὸν
988 4885 1313 4954 ἡγησάμεθα
1347 4889 1408 4941 τὸ
1434 4891 1600 4944 αὑτοῦ
1627 4893 1885 4964 δάκρυον,

310 4969 415 5021 καὶ
469 4970 822 5041 ἐζητήσαμεν
861 4973 1054 5043 μαθεῖν
1098 4980 1145 5030 εἰ
1193 4981 1493 5047 κανονικῶς
1528 4984 1806 5058 καθῃρέθη
1860 4990 1888 5042 ό

307 5062 633 5130 ἄνθρωπος,
667 5064 828 5116 τινῶν
868 5064 997 5131 ἴσως
1042 5075 1539 5143 κατηγορησάντων
1584 5079 1751 5133 αὑτοῦ
1798 5083 1889 5136 ἐπ’

309 5156 547 5216 ἀτόποις
598 5155 762 5207 τισίν.
810 5150 963 5212 Ἐπεὶ
1017 5160 1073 5213 δὲ
1130 5163 1296 5230 μηδὲν
1324 5166 1568 5221 τοιοῦτον
1609 5172 1885 5247 ἐπάὐτῷ

309 5245 605 5311 γεγονέναι
664 5248 961 5317 ἐμάθομεν,
1014 5257 1454 5325 παραιτήσασθαι
1504 5262 1560 5314 δὲ
1594 5262 1757 5318 αὐτὸν

310 5337 647 5405 ἐπισκοπὴν,
681 5342 774 5393 καὶ
802 5342 889 5395 διὰ
921 5344 1078 5404 τοῦτο
1109 5346 1283 5415 αὐτῆς
1312 5350 1567 5404 ἐκπεσεῖν
1602 5355 1671 5407 δι’
1699 5358 1881 5428 ἀπρα-

310 5428 624 5498 γμοσύνην,
658 5431 762 5484 οὐκ
817 5432 1116 5489 ἀκόλουθον
1148 5437 1515 5510 ἐλογισάμεθα
1555 5446 1881 5513 φιλονεικεῖν

309 5520 372 5588 τῇ
432 5521 847 5595 ἀπραγμοσύνῃ
906 5526 999 5578 τοῦ
1056 5528 1265 5598 ἀνδρὸς,
1328 5532 1447 5601 ἤτοι
1504 5539 1567 5605 τῇ
1624 5540 1752 5605 περὶ
1812 5544 1886 5596 τὰι

312 5610 626 5681 πράγματα
660 5614 1130 5688 ἀνεπιτηδειότητι
1156 5637 1169 5651 ο
1202 5621 1311 5674 δεῖν
1366 5624 1424 5677 δὲ
1480 5628 1681 5697 μᾶλλον
1727 5632 1878 5703 ἐκρί-

315 5715 478 5769 ναμεν
526 5702 757 5771 ἐλεῆσαι
784 5706 875 5757 τὸν
907 5712 1132 5777 γηραιὸν
1160 5714 1249 5764 ἐπὶ
1281 5714 1492 5783 χρόνοις
1520 5702 1875 5793 πο).λοίς“τῆς

320 5793 567 5862 πατρξδος
604 5793 794 5861 αὐτοῦ,
842 5798 934 5850 καὶ
988 5800 1254 5871 πατρῴων
1304 5804 1735 5879 ἐνδιαιτημάτων
1778 5814 1870 5866 ὲκ-

1998 4623 2234 4692 episcopi
2293 4628 2508 4683 nomine
2568 4629 2841 4684 bonestari
2879 4671 2894 4695 ,
2970 4632 3439 4700 episcopalemqtte
3508 4634 3562 4685 in

1996 4732 2255 4772 consessu
2286 4719 2487 4782 locum,
2520 4735 2586 4774 ac
2638 4722 2681 4775 si
2739 4737 2857 4791 qua:
2900 4722 3002 4776 alia
3057 4734 3179 4776 sunt
3236 4724 3561 4790 huiusmodi.

1995 4809 2238 4866 obtinere
2268 4812 2471 4866 volens.
2525 4812 2682 4868 Senis
2736 4815 2907 4870 vicem
2960 4815 3119 4884 igitur
3151 4817 3561 4879 condoluimus,

1995 4900 2169 4969 inquit
2199 4916 2385 4958 sancta
2415 4905 2684 4974 synodus,
2705 4921 3127 4975 communesque
3153 4906 3266 4974 ejus
3299 4908 3561 4978 lacrymas

1992 4994 2439 5059 existimavimus,
2464 5008 2517 5050 et
2546 4998 2753 5053 discere
2769 5000 2943 5072 conati
2962 5014 3165 5062 sumus,
3194 5016 3321 5053 num
3354 4999 3559 5067 aliquo-

1989 5100 2106 5138 rum
2134 5086 2453 5156 ﬂagitiorum
2496 5093 2774 5146 convictus
2802 5093 2963 5146 homo
2987 5096 3246 5147 canonice
3284 5093 3555 5160 depositus

1989 5177 2198 5231 luisset.
2243 5178 2372 5233 Cum
2404 5196 2531 5235 vero
2571 5183 2701 5237 nihil
2730 5184 2833 5237 tale
2862 5184 3061 5238 factum
3108 5199 3225 5236 esse
3251 5185 3551 5252 comperis—

1985 5282 2186 5329 semus.
2215 5272 2308 5325 sed
2339 5271 2506 5339 illum,
2532 5275 2671 5328 haud
2692 5290 2821 5329 sane
2840 5276 2997 5330 rebus
3020 5276 3268 5344 gerendis
3292 5276 3545 5339 habilem,

1985 5359 2317 5430 episcOpatn,
2346 5378 2451 5432 quo
2479 5378 2537 5418 se
2576 5366 2799 5435 ipsemet
2822 5368 3196 5432 abdicaverat,
3230 5369 3499 5423 excidisse
3525 5387 3541 5423 :

1984 5468 2082 5506 nos
2112 5454 2398 5518 hominem,
2418 5459 2557 5524 quod
2581 5472 2609 5509 a
2639 5458 2864 5525 negotiis
2887 5459 3221 5523 abhorreret,
3252 5462 3362 5515 sive
3389 5465 3550 5517 rebus

1982 5546 2231 5612 gerendis
2276 5547 2451 5601 minus
2507 5549 2730 5603 idoneus
2791 5548 3006 5615 fuerit,
3058 5550 3344 5623 objurgare
3404 5554 3544 5609 haud

1980 5633 2263 5690 honestum
2287 5652 2405 5691 esse
2442 5640 2894 5706 existimavimus,
2920 5644 3011 5697 sed
3044 5645 3223 5713 potius
3273 5657 3545 5700 senectute

1978 5728 2244 5790 conlecto.
2293 5740 2344 5784 et
2389 5734 2563 5801 putria
2621 5736 2816 5790 multos
2858 5735 2970 5801 jam
3030 5754 3200 5794 annos
3243 5756 3305 5793 ac
3350 5741 3540 5810 patriis

1978 5818 2199 5873 sedibus
2231 5821 2440 5887 orbato,
2478 5825 2864 5882 misericordiae
2891 5826 3090 5897 aliquid
3120 5829 3537 5899 impartiendum
