4138 6210
506 339 615 402 375

1754 339 2025 400 TllEOD.
2072 339 2466 399 BALSAMON

3649 323 3767 393 376‘

503 466 630 509 esse
677 452 1063 523 indicavimus.
1109 449 1297 519 Itaque
1350 460 1406 503 et
1452 448 1694 518 episcopi
1749 462 1965 509 nomen,
2015 457 2067 501 et

2171 449 2517 502 πεπτωκότα.
2546 447 2662 499 Καὶ
2697 444 3013 514 ὁρίσαμεν,
3045 438 3143 495 καὶ
3175 437 3392 493 δίκαιον
3418 433 3749 505 ἡγησάμεθα

504 543 846 612 dignitatem,
859 541 1401 608 communionemque
1420 538 1487 593 ab
1500 552 1565 593 eo
1583 538 1801 593 retineri
1820 536 2062 591 decrevi-

505 648 650 695 mus.
706 644 763 688 et
798 634 1003 701 justum
1038 630 1368 686 censuimus.
1417 627 1493 682 ita
1528 630 1757 690 scilicet,
1799 639 1855 681 ut
1884 627 1933 681 ei
1978 640 2064 681 se-

504 724 737 779 cretiora
779 722 943 793 adyta
994 721 1220 786 intrare,
1265 719 1445 788 ibique
1486 717 1909 780 communicare,
1956 731 2061 769 non

506 823 686 869 tamen
708 822 805 867 aut
830 812 931 881 ipsi
947 826 1101 868 sacra
1126 812 1325 875 facere,
1348 820 1441 864 aut
1463 808 1741 863 orcﬁnibus
1759 807 2061 877 quempiam

505 905 770 975 ίιιιίειιίη
813 905 897 961 fas
926 906 1023 969 sit,
1052 903 1155 959 nisi
1188 904 1269 958 vel
1291 903 1574 972 episcopus
1606 900 1772 969 aliqui
1798 912 1921 953 eum
1958 898 2059 951 sibi

503 998 711 1052 socium
742 997 796 1052 in
818 996 997 1077 sacris
1014 994 1332 1066 peragendis
1363 992 1445 1047 vel
1468 992 1771 1048 ordinando
1789 990 2059 1051 asciverit,

504 1089 591 1144 vel
622 1089 695 1144 ah
721 1089 839 1157 ipso
873 1087 1107 1157 regionis
1133 1088 1290 1141 istius
1310 1085 1561 1156 episcopo
1583 1084 1687 1138 tale
1706 1081 1979 1152 quippiam
2008 1080 2060 1134 ei

506 1178 769 1252 faceresit
796 1183 1137 1249 permissum.
1169 1179 1345 1247 Atque
1372 1177 1487 1231 haec
1514 1177 1727 1245 quidem
1747 1188 1867 1236 nos,
1893 1172 2064 1241 inquit

506 1270 770 1341 synodus,
792 1267 998 1323 homini
1022 1266 1364 1321 indulsimus.
1401 1264 1552 1331 Quod
1592 1265 1637 1318 si
1660 1262 1941 1331 benignius
1963 1260 2063 1313 ali-

505 1362 659 1431 quid,
689 1361 770 1416 vel
802 1374 968 1426 nunc,
1008 1359 1091 1413 vel
1126 1358 1180 1414 in
1208 1367 1507 1428 posterum,
1554 1356 1627 1409 illi
1657 1352 2059 1413 consulueritis,

506 1454 561 1508 id
589 1461 699 1518 est,
727 1454 772 1507 si
794 1452 915 1521 plus
938 1452 1139 1520 aliquid
1169 1451 1310 1521 juris
1331 1449 1413 1505 vel
1437 1447 1698 1519 privilegii
1729 1446 1805 1500 illi
1830 1458 2061 1516 conces-

506 1545 710 1609 seritis,
733 1543 891 1599 nobis
936 1552 1211 1613 acceptum
1244 1545 1370 1598 erit.
1401 1541 1478 1596 Ex
1510 1540 1611 1595 hac
1641 1538 1833 1609 synodi
1857 1536 2062 1590 consti-

507 1637 715 1692 tutione
759 1635 1017 1704 colligunt
1045 1633 1285 1703 quidam,
1314 1633 1476 1686 licere
1505 1631 1774 1699 episcoliis
1803 1628 2063 1684 ecclesias

504 1744 655 1793 uas,
670 1728 933 1797 dignitate
954 1725 1241 1795 episcopali
1264 1724 1610 1779 nihilominus
1637 1730 1865 1786 retenta,
1882 1722 2064 1775 dimit-

2168 540 2315 610 ἐχειν
2344 539 2509 593 αύτδν
2532 537 2596 590 τὸ
2620 537 2801 605 δνομα
2840 536 2945 605 τῆς
2971 533 3287 601 ἐπισκοπῆς
3312 530 3411 582 καὶ
3431 526 3534 597 τὴν
3560 527 3749 597 τιμὴν.

2168 634 2262 684 καὶ
2288 631 2388 701 τὴν
2411 629 2723 692 κοινωνίαν,
2755 628 2822 682 τὸ
2842 626 2999 689 ἐντὸς
3026 625 3123 678 τοῦ
3159 621 3557 690 θυσιαστηρίου
3587 619 3751 701 εἰσιέ-

2166 740 2254 773 ναι
2284 696 2509 789 δῇω,
2539 722 2639 771 καὶ
2667 716 3146 787 μεταλαμϐάνειν,
3178 713 3321 783 μήτε
3351 710 3408 767 δὲ
3446 696 3752 780 ίερουργεῗν

2165 815 2352 879 αύτδν,
2409 814 2551 883 μήτε
2601 813 2959 881 χειροτονεῖν,
3012 809 3063 861 εἰ
3119 807 3195 877 μὴ
3248 803 3749 875 συμπαραληφθείη

2166 904 2299 974 παρ’
2372 904 2565 972 ἐτέρου
2628 903 2985 963 ἐπισκόπου,
3040 899 3186 951 ὥστε
3251 894 3749 964 συλλειτουργῆσαι

2165 994 2358 1063 ἐκείνῳ
2378 994 2413 1064 ἢ
2444 994 2963 1063 σλγχειροτονῆται,
2999 993 3034 1063 ἢ
3064 986 3402 1058 ἐπιτραπείη
3429 985 3673 1039 τοιοῦτόν
3693 1003 3746 1037 τι

2167 1086 2392 1155 ποιῆσαι
2434 1088 2584 1154 παρά
2618 1085 2715 1139 τού
2748 1087 2853 1156 τῆς
2900 1083 3118 1152 ἐνορίας
3153 1080 3378 1147 ἐκείνης
3420 1079 3746 1134 ἐπισκόπου.

2167 1179 2281 1231 Καὶ
2307 1178 2469 1247 ἡμεῖς
2504 1178 2605 1245 μέν
2634 1177 2839 1240 ταῦτα,
2870 1176 3040 1245 φησὶν
3081 1174 3117 1244 ἠ
3156 1170 3403 1233 σύνοδος,
3429 1168 3746 1240 δεδώκαμεν

2165 1269 2315 1337 αύτῷ
2337 1285 2355 1298 ο
2381 1270 2429 1320 εί
2458 1270 2517 1321 δέ
2554 1286 2609 1322 τι
2649 1268 3017 1338 βουλεύσεσθε
3047 1265 3424 1337 χρηστότερον
3459 1263 3620 1332 ὑμεῖς
3656 1261 3746 1316 ἐπ’

2164 1361 2353 1423 αὐτοῦ,
2386 1361 2422 1431 ἢ
2448 1361 2544 1413 νῦν
2572 1362 2607 1429 ἢ
2645 1361 2791 1429 μετά
2820 1361 3024 1423 ταῦτα,
3068 1360 3243 1429 ἤγουν
3277 1359 3327 1411 εί
3357 1357 3455 1411 καὶ
3484 1356 3649 1411 πλέον
3689 1374 3743 1411 τι

2164 1455 2503 1524 παράσχοιτε
2550 1454 2707 1523 αὐτῷ
2736 1455 2949 1506 δίκαιον
2985 1454 3020 1524 ῆ
3067 1451 3401 1521 προνόμιον.
3448 1452 3544 1504 καὶ
3581 1450 3743 1504 τοῦτο

2166 1545 2396 1616 ἀρεστόν
2419 1548 2552 1615 ἡμῖν
2595 1545 2765 1610 δόξει.
2816 1546 2914 1599 Ἐκ
2942 1546 3155 1615 ταύτης
3205 1544 3496 1613 ωνοόικῆς
3546 1544 3747 1597 οίκονο·

2168 1638 2300 1707 μίας
2325 1638 2528 1689 οἴονταί
2557 1655 2706 1697 τινες
2752 1637 3065 1691 ἐνδεδύσθαι
3090 1638 3208 1699 τοίς
3238 1635 3566 1699 ἐπισκόποις
3594 1653 3776 1707 παροι

2165 1725 2429 1781 σιτεῖσθαι
2475 1727 2577 1789 τάς
2640 1726 2942 1794 ἐκκλησίας
2974 1725 3183 1792 αὐτῶν,
3233 1725 3335 1795 τὴν
3363 1725 3424 1778 δὲ
3470 1724 3747 1795 ἀρχιερω-

507 1831 645 1875 tere.
682 1819 790 1874 Sed
827 1833 927 1888 ego
958 1816 1291 1872 contrarium
1329 1817 1504 1886 potius
1553 1815 1680 1869 hinc
1724 1824 1854 1883 puto
1902 1812 2065 1877 eﬁci,

2171 1819 2341 1886 σύνην
2386 1820 2786 1887 παρακρατείν.
2829 1814 3003 1883 Οἶμαι
3057 1816 3117 1871 δέ
3165 1816 3487 1870 τούναντίον
3539 1816 3744 1886 μᾶλλον

504 1912 650 1982 quod
687 1911 815 1965 olim
842 1908 935 1980 qui
966 1908 1364 1978 episcopalibus
1410 1906 1789 1960 renuntiarunt
1813 1904 2066 1958 omnibus

507 2020 628 2073 qua:
658 2012 983 2071 acceperunt
1010 1999 1199 2070 privati
1233 2008 1379 2061 sunt,
1418 2006 1471 2051 et
1509 2012 1684 2066 neque
1720 1999 1810 2066 jus
1849 1998 2066 2065 aliquod

507 2092 812 2163 episcopale
862 2101 981 2161 post
1028 2090 1479 2146 renuntiationem
1526 2090 1831 2143 retinebant
1894 2104 2068 2155 neque

507 2185 743 2253 episcopi
776 2182 1203 2253 appellabantur.
1240 2179 1297 2235 Si
1336 2182 1505 2244 enim,
1537 2180 1847 2249 episcopatu
1879 2195 2067 2248 qnam-

510 2279 593 2334 vis
629 2277 895 2347 deposito,
921 2275 1096 2330 adhuc
1135 2274 1458 2344 episcopalis
1504 2274 1627 2342 jura
1677 2274 1899 2345 retineri
1950 2289 2068 2328 mos

508 2382 650 2437 erat,
687 2386 786 2425 cur
808 2369 1021 2423 tandem
1056 2368 1357 2435 lacrymans
1409 2365 1724 2420 Eustathius
1749 2366 2063 2420 iusanctam

507 2463 771 2535 synodum
796 2462 967 2522 venit,
1007 2460 1216 2527 sibique
1243 2459 1482 2527 episcopi
1509 2460 1765 2512 honorem
1791 2474 1853 2511 ac
1871 2472 2066 2512 nomen

510 2555 761 2626 precibus
794 2553 1041 2609 obtinere
1076 2552 1389 2607 contendit?
1410 2561 1464 2607 et
1492 2551 1560 2606 de
1588 2566 1649 2605 ea
1679 2565 1739 2604 re
1761 2550 1971 2604 litteras
2002 2550 2067 2601 ad

513 2651 842 2722 Pamphyliae
866 2649 1127 2721 synodum
1170 2648 1374 2703 dandas
1405 2647 1673 2717 Ephesina
1694 2648 1805 2701 haec
1835 2647 2070 2718 synodus

514 2746 766 2809 censuit?
809 2743 997 2801 Potius
1043 2744 1206 2812 igitur
1241 2742 1541 2796 antistitum
1578 2742 1815 2795 numeris
1854 2740 2069 2809 episco-

515 2839 653 2907 palis
683 2835 1129 2892 detrectationem
1178 2849 1277 2888 nec
1308 2833 1425 2888 sine
1452 2831 1606 2902 culpa
1642 2845 1783 2894 esse,
1820 2844 1920 2887 nec
1943 2839 2071 2883 tunc

510 2929 699 2994 fuisse,
741 2942 807 2983 ev
844 2928 945 2983 hac
973 2925 1196 2995 epistola
1234 2932 1492 2995 apparet.
1524 2937 1644 2992 qua
1674 2922 1838 2985 dicit;
1878 2935 1997 2975 cum
2038 2934 2069 2972 a

509 3022 744 3092 negotiis
789 3019 1135 3074 vehementer
1188 3016 1487 3070 abhorrens
1533 3029 1644 3084 pne
1690 3013 1836 3067 curis
1890 3011 2072 3065 animo

2166 1908 2417 1962 ἐντεῦθεν
2441 1908 2998 1977 καταλαμϐάνεσθαι,
3047 1909 3133 1962 ὅτι
3190 1908 3368 1962 πάλαι
3400 1909 3451 1961 οἱ
3477 1907 3577 1971 τάς
3612 1909 3740 1960 ἐπι-

2168 2004 2375 2065 σκοπάς
2406 2002 2861 2070 παραιτούμενοι.
2906 2002 2965 2053 εἴ
2994 2019 3055 2054 τε
3087 2000 3165 2065 ὡς
3216 2002 3471 2071 ἐδέχοντο
3518 1999 3737 2055 πάντων

2167 2097 2491 2161 ἐξέπιπτον,
2519 2095 2615 2145 καὶ
2642 2092 2771 2145 οὔτε
2818 2093 3216 2164 ἀρχιερατικῶν
3243 2110 3301 2145 τι
3347 2092 3555 2145 δίκαιον
3595 2093 3735 2161 μετά

2164 2190 2263 2257 τὴν
2295 2187 2625 2257 παραίτησιν
2658 2180 2831 2253 εἶχον.
2866 2184 2994 2237 οὕτε
3019 2185 3317 2238 ἐπίσκοποι
3352 2184 3699 2254 ὠνομάζοντο
3719 2199 3734 2213 ·

2167 2282 2216 2332 εἰ
2246 2279 2355 2348 γαρ
2379 2274 2448 2347 ἦν
2479 2277 2653 2339 ἔθνος,
2675 2276 2817 2329 ὥστε
2862 2276 2957 2329 τὸν
2997 2277 3491 2345 παραιτησάμενον
3549 2276 3706 2347 ἀρχιε
3727 2303 3740 2315 -

2169 2372 2367 2444 ρατικά
2402 2370 2589 2424 δίκαια
2627 2371 2794 2439 ἔχειν,
2836 2369 2890 2422 τί
2924 2370 3129 2438 δήποτε
3165 2370 3194 2423 ό
3228 2369 3537 2431 Εύστάθιος
3596 2369 3738 2438 μετά

2165 2466 2415 2534 δακρύων
2448 2462 2675 2533 προσῄει
2696 2465 2762 2532 τῇ
2794 2462 2917 2533 ἱερᾷ
2940 2463 3165 2532 συνόδῳ,
3206 2462 3303 2514 καὶ
3333 2463 3520 2533 ᾐτεῖτο
3551 2461 3744 2514 καλεῖ-

2176 2558 2303 2609 σθαι
2329 2556 2653 2617 ἐπίσκοπος,
2692 2553 2790 2605 καὶ
2822 2554 3127 2606 ἐπισκόπου
3164 2554 3313 2623 ἐχειν
3336 2553 3541 2622 τιμήνς
3575 2550 3677 2605 καὶ
3706 2552 3740 2622 ἠ

2169 2649 2387 2710 σύνοδος
2433 2648 2641 2717 ἔγραφε
2680 2648 2809 2716 περὶ
2862 2647 3055 2700 τούτου
3092 2649 3155 2717 τῇ
3200 2647 3346 2699 κατά
3401 2644 3742 2715 Παμφυλίαν

2171 2744 2411 2811 cavdam;
2448 2742 2647 2810 μᾶλλον
2684 2742 2783 2810 μὲν
2815 2736 2911 2793 οὖν
2942 2739 3053 2793 ἀπὺ
3080 2740 3181 2805 τῆς
3208 2739 3505 2808 ἐπιστολῆς
3530 2737 3741 2807 ταύτης

2168 2839 2266 2891 καὶ
2286 2836 2346 2889 τὸ
2374 2836 2510 2899 ὅλως
2541 2832 2928 2905 παραιτεῖσθαι
2983 2832 3115 2897 τοὺς
3144 2833 3429 2902 ἀρχιερεῖς
3473 2830 3575 2893 τὰς
3618 2829 3741 2882 ἐπι-

2170 2929 2381 2990 σκοπάς
2410 2927 2511 2979 ούκ
2535 2924 2870 2992 ἀνέγκλητον
2914 2921 3168 2990 φαίνεται
3206 2918 3374 2984 εἶναι,
3412 2920 3537 2973 οὐδὲ
3590 2920 3741 2987 γίνε-

2172 3020 2295 3073 σθαι
2322 3019 2464 3082 τότε,
2498 3015 2772 3087 λεγούσης
2802 3013 2879 3077 ὡς
2906 3013 3226 3083 ἀπειρηκὼς
3258 3012 3400 3084 πρὸς
3432 3014 3531 3074 τὰς
3576 3028 3743 3082 φρον-

510 3114 860 3174 concidisset,
924 3108 1360 3171 renuntiationis,
1428 3108 1697 3162 nescimus
1773 3102 2064 3172 quomodo,

2171 3113 2321 3175 τίδας
2354 3113 2421 3165 ἐκ
2460 3109 2662 3179 πολλῆς
2691 3105 3146 3177 ἀπραγμοσύνης,
3190 3106 3601 3177 παραιτήσεως.
3636 3103 3739 3158 οὐκ

512 3204 750 3260 libellum
775 3200 989 3257 obtulit.
1014 3198 1308 3270 Oportebat
1336 3197 1478 3253 enim
1499 3198 1667 3269 :eum,
1691 3204 1747 3249 ut
1773 3194 1858 3250 cui
1884 3208 2069 3249 sacer-

510 3295 709 3351 dotalis
747 3308 876 3350 cura
925 3291 1093 3349 semel
1128 3290 1377 3346 mandata
1426 3296 1532 3355 est,
1559 3287 1609 3343 ei
1648 3302 1769 3342 cum
1805 3282 2070 3355 spirituali

512 3390 708 3445 robore
735 3388 1005 3449 insistere,
1044 3394 1101 3441 et
1123 3383 1339 3439 labores
1360 3381 1525 3437 veluti
1566 3380 1767 3445 subire,
1804 3388 1861 3432 et
1904 3376 2071 3431 sude-

511 3495 649 3544 rem,
712 3480 801 3535 eui
854 3492 1066 3534 merces
1105 3477 1382 3549 proposita
1422 3483 1546 3539 est,
1594 3473 1844 3527 lubenter
1898 3468 2072 3524 susci-

511 3586 658 3640 pere.

581 3659 698 3714 Non
763 3657 932 3714 fuisse
990 3657 1155 3725 igitur
1220 3654 1430 3724 antiqui
1498 3652 1667 3708 moris
1718 3650 2070 3708 ecclesiarum

512 3749 959 3815 renuutiationes,
990 3747 1185 3801 exinde
1217 3747 1350 3801 satis
1386 3752 1614 3810 constat,
1662 3742 1806 3813 quod
1835 3738 2073 3813 synodus

510 3842 725 3909 scribit,
792 3841 936 3910 quod
998 3840 1273 3896 nescimus
1324 3835 1597 3907 quomodo
1658 3832 2075 3889 renuntiationis

510 3930 749 3986 libellum
778 3929 991 3987 obtulit.
1034 3927 1430 3983 Admirantium
1482 3940 1714 3992 namque
1756 3922 1883 3978 lacti
1917 3922 2073 3975 novi-

511 4032 677 4079 tatem
723 4032 779 4078 et
834 4020 1193 4076 dubitantium
1221 4026 1340 4074 erat
1389 4017 1588 4081 dicere,
1623 4014 1765 4085 quod
1801 4015 2076 4070 nescimus

508 4117 781 4189 quomodo
811 4116 862 4173 id
883 4117 1089 4171 factum
1124 4112 1245 4168 l'uit.
1273 4112 1329 4167 Si
1370 4127 1497 4167 vero
1517 4126 1604 4167 res
1626 4111 1819 4166 usitata
1846 4108 2036 4163 fuisset
2055 4148 2071 4171 ,

509 4213 577 4266 dc
627 4226 689 4264 ea
720 4225 825 4265 non
868 4208 1228 4263 dubitaretur.
1280 4205 1410 4272 Quae
1450 4218 1578 4259 vero
1617 4202 1909 4270 subjiciunt
1939 4198 2073 4271 [cui

508 4315 742 4370 namque
768 4300 933 4355 semel
964 4295 1282 4369 episcopalis
1307 4311 1434 4351 cura
1458 4294 1779 4349 demandata
1810 4293 1999 4347 fuisset
2022 4291 2071 4344 ei

510 4392 762 4446 insistere
788 4390 933 4443 illum
962 4383 1223 4457 oportuit]
1259 4394 1314 4438 et
1334 4400 1452 4454 qua:
1482 4376 1799 4452 sequuntur,
1841 4399 1925 4448 ea,
1955 4382 2074 4434 nul-

2172 3208 2330 3276 ταμεν
2381 3207 2550 3268 ὅπως,
2605 3201 2971 3272 προσεκόμισε
3026 3198 3253 3269 βιϐλίον.
3305 3198 3455 3251 Ἔδει
3507 3197 3620 3267 γὰρ
3660 3195 3738 3260 ὡς

2171 3297 2322 3362 ἅπαξ
2370 3292 2855 3366 ἐγκεχειρισμένον
2908 3292 3193 3361 ἱερατικὴν
3236 3289 3499 3360 φροντίδα
3530 3288 3741 3357 ταύτης

2170 3388 2389 3459 ἔχεσθαι
2452 3386 2572 3456 μετ’
2643 3383 2946 3453 εύρωστίας
3004 3380 3419 3451 πνευματικῆς,
3471 3380 3566 3432 καὶ
3625 3372 3741 3459 οἷον

2170 3478 2603 3534 ἀνταποδύεσθαι
2640 3478 2754 3538 τοῖς
2797 3474 3006 3538 πόνοις,
3039 3474 3136 3527 καὶ
3173 3473 3380 3542 ἱδρῶτα
3414 3471 3509 3524 τὸν
3567 3470 3739 3539 ἔμμιο

2173 3572 2300 3625 σθον
2328 3570 2571 3623 ἐθελοντὶ
2615 3568 2932 3637 ὑπομένειν.
2960 3567 3090 3619 Ὀτι
3122 3566 3220 3636 μὲν
3248 3561 3345 3619 οὖν
3380 3564 3481 3617 οὐκ
3516 3561 3636 3625 ἔθος
3668 3555 3737 3632 ἦν

2174 3664 2544 3734 παραιτήσεις
2588 3660 2901 3729 ἐκκλησιῶν
2941 3657 3194 3728 γίνεσθαι
3227 3657 3372 3721 τότε,
3410 3654 3737 3726 ἐμφαίνεται

2170 3757 2282 3813 ἀπὸ
2317 3755 2411 3809 τοῦ
2440 3754 2647 3825 γράψαι
2696 3752 2797 3824 τὴν
2830 3752 3045 3807 σύνοδον
3102 3751 3179 3814 ὡς
3224 3750 3325 3802 ούκ
3377 3750 3539 3818 ίσμεν
3588 3748 3739 3809 ὅπως

2172 3848 2553 3919 παραιτήσεως
2579 3844 2947 3916 προσεκόμισε
2983 3839 3588 3913 βιϐλίονΞενιζομένων
3628 3839 3736 3907 γάρ

2174 3938 2269 3993 ἐπὶ
2287 3940 2354 4009 τῇ
2384 3937 2583 4007 πράξει
2614 3938 2711 3991 καὶ
2736 3936 3094 4006 ἀπορούντων
3132 3936 3198 4007 ἦν
3226 3934 3287 3989 τὸ
3316 3935 3499 4001 λέγειν
3531 3931 3604 3994 ὡς
3634 3930 3735 3983 οὐκ

2178 4032 2333 4099 ῐσμεν
2374 4030 2523 4092 ὅπως
2562 4029 2782 4096 ἐγένετο
2811 4030 2955 4084 τότε.
2989 4028 3053 4082 Ei
3097 4028 3155 4082 δὲ
3204 4024 3452 4097 συνήθως
3498 4024 3736 4091 ἐγένετο.

2173 4125 2274 4177 οὐκ
2322 4122 2389 4176 ἂν
2418 4122 2697 4191 ἠπορεῖτο.
2742 4121 2817 4173 Τὸ
2862 4119 2920 4173 δὲ
2984 4118 3299 4189 ἐπιφέρεινο
3335 4116 3445 4169 ἔδει
3501 4116 3613 4184 γὰρ
3664 4112 3743 4170 ὡς

2174 4212 2324 4278 ἅπαξ
2366 4212 2845 4284 ἐγκεχειρισμένον
2898 4211 3179 4283 ἱερατικὴν
3231 4205 3487 4280 φροντίδα
3515 4204 3744 4275 ἔχεσθαι

2173 4307 2400 4375 ταύτης.
2428 4305 2523 4359 καὶ
2556 4305 2624 4357 τὰ
2664 4303 2791 4373 ἑξῆς
2817 4303 3034 4357 δίδωσιν
3067 4304 3291 4361 ἐννοεῖν.
3322 4301 3401 4352 ὅτι
3438 4297 3501 4350 τὸ
3532 4296 3743 4365 παραί-

2174 4398 2390 4452 τεῖσθαι
2423 4400 2523 4460 τάς
2560 4396 2843 4467 ἱερατικὰς
2873 4395 3161 4467 φροντίδας
3190 4396 3290 4447 οὐκ
3330 4391 3746 4461 ἐπιτετραμμέ-

510 4485 619 4541 lam
646 4482 908 4553 ejusmodi
932 4477 1287 4534 sacerdotalis
1305 4475 1485 4530 oneris
1516 4476 1814 4546 deponendi
1842 4475 2069 4534 faculta-

2178 4506 2303 4551 νον,
2370 4489 2488 4542 ἀλλ’
2536 4487 3019 4557 ύποτετραμμένον
3078 4487 3284 4556 μᾶλλόν
3342 4485 3459 4537 ἐστι
3506 4482 3604 4536 καὶ
3648 4483 3745 4536 ὑπ’

512 4586 621 4630 tem
648 4572 840 4640 luisse,
874 4571 1003 4642 quin
1042 4569 1091 4624 id
1136 4568 1315 4636 potius
1340 4569 1574 4622 maxime
1604 4570 1828 4623 vetitum
1861 4580 1915 4624 et
1964 4571 2075 4625 cri-

510 4665 781 4722 minosum
817 4663 1018 4726 luisse,
1059 4661 1191 4717 satis
1218 4671 1403 4731 aperte
1432 4660 1833 4718 demonstrant.
1867 4659 2073 4716 Etenim

510 4757 555 4825 si
587 4755 677 4825 qui
711 4770 854 4809 ntmc
885 4753 1115 4822 primum
1161 4752 1228 4804 ad
1263 4751 1551 4823 pastoralis
1581 4766 1725 4808 curm
1755 4752 2076 4807 sollicitudi-

510 4862 635 4904 nem
663 4856 944 4911 vocantur,
978 4843 1079 4899 nisi
1105 4842 1323 4898 decreto
1367 4852 1591 4911 pareant
1616 4843 1912 4899 secundum
1948 4859 2078 4914 apo-

508 4935 771 4995 stolorum
821 4933 981 5005 109
1028 4932 1359 4999 trigesimum
1392 4942 1623 4999 sextum,
1651 4943 1704 4988 et
1726 4934 2075 4991 Antiochena:

511 5029 704 5103 synodi
738 5016 1007 5083 decimum
1040 5025 1327 5095 septimum
1376 5039 1662 5090 cauonem,
1712 5029 1884 5097 quoad
1916 5044 2076 5084 recu-

512 5124 666 5179 sandi
698 5122 859 5178 linem
885 5120 1148 5183 lacerent,
1176 5129 1561 5191 segregentur;
1594 5121 1867 5189 quomodo
1892 5121 1950 5187 ii,
1981 5110 2071 5192 qui

511 5214 852 5270 ordinantur.
881 5220 935 5267 et
964 5209 1140 5281 populi
1167 5226 1352 5265 curam
1388 5222 1766 5281 susceperunt,
1795 5213 1846 5269 ei
1880 5230 2075 5271 renun-

512 5307 729 5365 tiantes.
766 5315 821 5360 et
848 5304 1086 5361 oblatum
1136 5304 1236 5359 sibi
1268 5303 1448 5359 divina
1498 5305 1671 5376 gratia
1712 5308 2070 5363 ministerium

511 5395 875 5467 repudiantes.
904 5396 1064 5451 facile
1092 5395 1468 5451 admittentur.
1491 5406 1545 5450 et
1566 5412 1673 5451 non
1715 5413 1869 5467 poena
1895 5402 2075 5468 pntius

512 5486 846 5552 afﬁcientur,
878 5488 972 5542 sed
1017 5495 1073 5543 et
1102 5486 1404 5557 prmmium,
1460 5487 1700 5559 episcopi
1729 5489 1937 5543 scilicet
1976 5504 2076 5545 no-

512 5594 635 5636 men
665 5587 720 5633 et
754 5577 1034 5644 honorem,
1078 5578 1390 5634 habebunt?
1422 5578 1553 5634 Nam
1585 5594 1645 5634 ea
1682 5580 1895 5649 quidem
1941 5595 2077 5650 pra:-

511 5672 604 5727 tuii
633 5670 752 5728 loco
776 5670 1001 5733 homini,
1024 5673 1112 5741 qui
1137 5689 1165 5725 a
1192 5676 1455 5744 ραι·ωείε),
1497 5673 1548 5727 in
1584 5687 1747 5743 quam
1772 5670 2076 5728 destinatus

516 5766 713 5828 fuerat,
768 5778 872 5819 non
928 5776 1027 5818 suo
1062 5763 1209 5830 vitio,
1245 5766 1337 5821 scd
1386 5766 1665 5836 impotenti
1717 5764 2075 5822 multitudinis

2179 4580 2437 4635 αἰτίασιν.
2492 4579 2554 4633 El
2587 4578 2709 4649 ,γὰρ
2754 4581 2804 4633 οἱ
2848 4580 2972 4651 ἀρτι
3032 4578 3267 4649 πρώτως
3303 4576 3629 4643 καλούμενοι
3666 4577 3748 4639 εἰς

2177 4671 2545 4741 ποιμαντικὴν
2570 4669 2918 4740 λειτουργίαν
2954 4667 3106 4731 λαοῦ,
3145 4668 3195 4719 εί
3230 4667 3306 4738 μὴ
3329 4665 3608 4719 πείθοιντο
3631 4666 3743 4727 τοῖς

2176 4761 2568 4831 ψηφιζομένοις
2599 4761 2817 4824 αὐτοὺς,
2866 4758 3245 4828 ἀφωρισμένοι
3290 4757 3420 4819 εἰσὶ,
3468 4759 3610 4810 κατά
3653 4756 3740 4807 τὸν

2175 4853 2267 4917 λς’
2320 4853 2523 4908 κανόνα
2553 4854 2661 4907 τῶν
2693 4852 2867 4922 ἁγίων
2913 4853 3231 4906 ἀποστόλων
3263 4852 3368 4916 ἓως
3397 4851 3465 4906 ἂν
3512 4848 3739 4905 καταόέο

2179 4944 2402 5010 ξωνται,
2432 4946 2525 4998 καὶ
2573 4944 2716 4998 κατὰ
2758 4943 2851 4997 τδν
2897 4943 2961 5008 ιζ’
3011 4943 3112 5007 τῆς
3151 4946 3209 4997 ἐν
3250 4942 3558 5015 Ἀντιοχείᾳ
3592 4941 3745 4994 συνό-

2178 5039 2293 5099 δου.
2328 5040 2445 5104 πῶς
2475 5040 2525 5093 oi
2559 5042 3039 5111 χειροτονηθέντες
3069 5043 3161 5095 καὶ
3194 5040 3292 5112 τὴν
3323 5040 3420 5094 τού
3453 5038 3585 5093 λαοῦ
3612 5054 3747 5108 προ-

2181 5131 2406 5183 στασίαν
2465 5129 2895 5201 καταδεξάμενοι
2949 5133 3323 5203 ἀπραγμόνως
3397 5130 3747 5203 δεχθήσονται

2178 5226 2631 5295 παραιτούμενοι,
2668 5226 2767 5278 καὶ
2802 5226 2865 5278 τὸ
2896 5202 3242 5297 ἐγχειρισθέν
3280 5226 3467 5287 αὐτοῖς
3497 5222 3603 5277 ὑπὸ
3641 5202 3757 5289 τῆς

2178 5313 2328 5377 θείας
2352 5316 2573 5387 χάριτος
2606 5315 2981 5387 λειτούργημα
3011 5310 3463 5387 ἀπαναινόμενοι,
3493 5316 3594 5369 οὐκ
3623 5315 3741 5367 ἐπι-

2178 5407 2580 5477 τιμηθήσονται
2618 5407 2841 5477 μᾶλλον,
2867 5407 3001 5462 ἀλλά
3030 5408 3125 5460 καὶ
3150 5409 3319 5479 γέρας
3344 5408 3529 5474 ἐξουσι
3554 5406 3615 5461 τὸ
3646 5425 3747 5461 κα-

2178 5500 2389 5553 λεῖσθαι
2417 5500 2735 5565 ἐπίσκοποι,
2771 5500 2869 5553 καὶ
2897 5499 3189 5570 τυγχάνειν
3221 5501 3390 5570 τιμῆς
3425 5501 3745 5571 ἀρχιερατι-

2178 5594 2320 5662 κῆςς
2353 5594 2491 5665 ὅπερ
2543 5595 2577 5666 ἡ
2628 5595 2687 5647 ἐν
2714 5592 3022 5663 Ἀντιοχείᾳ
3057 5591 3273 5654 σύνοδος
3326 5591 3403 5654 ὼς
3455 5590 3747 5661 πρεσϐεῖον

2177 5683 2441 5753 ἀπένειμε
2482 5682 2561 5754 τῷ
2592 5683 3031 5754 χειροτονηθέντι
3063 5685 3144 5747 εἰς
3175 5682 3492 5753 παροικίαν,
3534 5682 3627 5731 καὶ
3664 5678 3745 5750 μὴ

2178 5772 2422 5843 δεχθέντι
2454 5774 2607 5845 παρὰ
2654 5774 2749 5827 τού
2805 5774 2985 5827 ἐκεῖσε
3015 5773 3147 5828 λαοῦ
3194 5773 3255 5826 οὐ
3293 5770 3418 5844 παρ’
3448 5763 3628 5824 αἰτίαν
3660 5770 3741 5823 ol-
