4138 6210
404 302 515 368 317
1462 260 1465 271 ’
1563 299 1645 361 1N
1684 296 1853 360 (IAN.
1892 291 2047 358 vm
2082 289 2295 357 conc.
2321 290 2593 355 EPHES.
3555 276 3667 344 378

406 421 590 486 κείαν,
623 418 762 476 ἀλ·λά
793 419 949 493 παρὰ
976 420 1074 493 τὴν
1099 438 1195 477 του
1226 418 1360 476 λαοῦ
1390 418 1617 487 ἀταξίαν
1649 420 1746 473 καὶ
1781 425 2020 485 κακοηο.

2118 412 2398 483 lepravatze
2424 406 2650 466 licentia
2681 403 3082 471 excluderetur,
3118 411 3177 461 ut
3203 401 3444 475 ejusdem
3471 404 3661 472 synodi

410 512 595 577 θειαν,
615 513 692 575 ὠς
724 514 753 566 ὀ
782 514 1258 577 ὀκτωκαιδέκατος
1299 515 1471 585 αὐτῆς
1498 513 1746 585 περιέχει
1775 508 1978 564 κανών.

2121 505 2297 559 ecimo
2320 513 2515 558 octavo
2547 512 2757 557 canone
2786 498 2969 553 videre
2993 507 3099 561 est,
3133 495 3468 552 Antiochena
3499 507 3663 561 syno~

415 608 530 662 Καὶ
562 608 595 676 ἡ
623 607 815 679 γραφὴ
850 607 907 661 δέ
948 608 1049 679 τῆς
1083 608 1347 678 ρηθείσης
1394 583 1682 675 ἐπιστολῆς
1711 604 1984 658 δείκνυσιν

2123 613 2184 653 us
2236 597 2502 653 attribuit.
2564 592 2871 660 Quinetiam
2922 591 2991 646 oh
3034 590 3333 645 demissum
3383 583 3661 640 Eustatbii

415 700 494 764 ὡς
526 677 814 772 οἰκονομία
857 700 921 755 τδ
952 677 1064 756 πᾶν
1103 697 1173 773 ἦν
1200 701 1288 756 διὰ
1341 701 1440 771 τὴν
1472 698 1842 773 μικροψυχίαν
1889 695 1984 750 τοῦ

2123 692 2323 746 nimum
2356 697 2411 744 et
2436 687 2623 743 dolore
2662 686 2961 743 confectum
2998 679 3460 752 dispensationem
3518 677 3663 731 illam

417 770 726 846 Εὐσταθίου
748 795 843 847 καὶ
877 795 941 847 τὸ
965 795 1065 864 τῆς
1094 770 1273 863 λύπης
1301 770 1551 864 σφοδρόν.
1576 770 1853 862 γῐιεριέχει
1877 788 1986 858 γὰρ

2118 783 2310 839 ιιιιηίηο
2347 795 2660 836 concessam
2713 779 2876 833 luisse
2925 776 3208 845 ipsiusmet
3240 770 3484 841 epistolae
3532 782 3668 824 con-

415 884 518 950 ὡς,
552 885 749 953 ἐπειδὴ
769 860 1047 957 προσῆλθε
1080 860 1309 951 κλαίων,
1476 860 1707 951 ἐξαιτῶν
1738 866 1858 936 τόδε
1892 878 1989 933 κα)⁵

2118 888 2270 934 extus
2302 876 2558 933 ostendit.
2593 873 2682 928 Sic
2731 872 2878 927 enim
2912 869 3110 924 habet:
3146 864 3448 939 [Quoniam
3482 860 3665 916 multis

416 979 563 1037 τάδε.
594 977 1020 1050 συνηλοίησαμεν
1059 979 1299 1042 ἅπαντες
1321 981 1399 1050 τῷ
1420 976 1724 1049 πρεσϐύτῃ,
1754 973 1850 1029 καὶ
1871 989 1989 1028 κοι-

417 1072 513 1125 νὸν
544 1070 918 1141 ἐλογισάμεθα
939 1070 999 1124 τὺ
1023 1071 1191 1131 αὐτοῦ
1221 1072 1480 1142 δάκρυον.
1509 1071 1619 1123 Καὶ
1653 1070 1795 1138 μετά
1818 1084 1941 1121 τινα
1968 1080 1987 1097 ⁸

430 1162 597 1217 Ἐπεὶ
628 1164 686 1218 δέ
719 1165 788 1235 τῇ
842 1163 1251 1237 ἀπραγμοσύνῃ
1295 1164 1391 1218 τοῦ
1437 1162 1630 1235 ἀνδρὸς
1664 1162 1728 1215 οὐ
1785 1160 1993 1231 σφόδρα

423 1258 763 1327 φιλονεικεῖν
792 1257 1114 1324 ἀκόλουθον,
1143 1257 1252 1312 ἔδει
1284 1257 1343 1311 δέ
1371 1256 1576 1328 μᾶλλον
1606 1254 1829 1326 ἐλεῆσαι
1860 1270 1995 1325 πρε-

426 1350 657 1421 σϐύτην,
715 1351 811 1404 καὶ
861 1349 931 1404 τά
978 1350 1130 1421 ἐξῆς.
1166 1350 1262 1405 Ἐκ
1296 1350 1501 1405 τούτων
1543 1346 1636 1402 οὖν
1669 1345 1997 1418 ἐμφαίνεται

424 1447 514 1501 δτι
544 1447 612 1501 τὰ
649 1446 867 1519 δάκρυα
922 1447 1020 1501 καὶ
1058 1447 1120 1501 τὸ
1178 1446 1314 1518 βαθὺ
1354 1445 1534 1517 γῆρας
1579 1441 1997 1513 δυσωπηθέντες

424 1541 525 1595 τοῦ
550 1540 745 1611 ἀνδρὸς
774 1540 1011 1604 ἐκείνου,
1043 1540 1141 1594 καὶ
1181 1541 1255 1610 μή
1280 1557 1334 1592 τι
1364 1538 1513 1607 αύτῷ
1542 1535 1788 1607 συμὸαίη
1839 1534 2000 1589 εὐλα-

428 1632 692 1701 ϐηθέντες
717 1632 785 1685 ἐκ
817 1633 917 1702 τῆς
966 1632 1210 1701 ἀμέτρου
1240 1630 1439 1702 λύπης.
1488 1628 1850 1700 ᾤκονόμησαν
1899 1627 2001 1680 ὅσα

427 1728 528 1780 καὶ
562 1724 946 1816 ᾠκονόμησαν.
980 1724 1094 1779 ἀλλ’
1125 1725 1223 1795 οὐχ
1240 1724 1316 1787 ὼς
1345 1720 1643 1783 τυποῦντες
1671 1718 1867 1781 ταῦτα,
1906 1717 2002 1771 καὶ
2028 1755 2077 1816 Β

426 1816 576 1872 οὕτω
606 1815 877 1883 γίνεσθαι,
905 1816 997 1868 καὶ
1024 1815 1105 1878 εἰς
1132 1815 1192 1868 τὸ
1222 1814 1348 1882 ἐξῆς
1376 1808 2003 1882 διαταττόμενοι.“ῌδει-
2028 1808 2059 1876 ί

432 1928 537 1964 σαν
567 1909 680 1979 γὰρ
711 1908 840 1971 τοὺς
872 1907 1103 1973 κανόνας
1137 1907 1378 1970 πάντως,
1409 1908 1505 1960 καὶ⁵
1533 1905 1633 1959 οὐκ
1685 1904 1753 1958 ἂν
1783 1900 2004 1956 ἐναντία

430 2005 549 2066 τοῖς
584 2000 969 2063 ἀποστολικοῖς
1004 1998 1195 2053 κανόσι
1225 1999 1321 2051 καὶ
1366 1998 1480 2060 τοῖς
1531 1995 1641 2049 τῶν
1683 1992 1790 2064 πρὸ
1826 1990 2005 2044 αὐτῶν

432 2096 611 2164 άγίων
646 2092 904 2163 Πατέρων
926 2088 1126 2163 ὥριζον
1151 2090 1516 2160 διατάγμασι,
1548 2089 1647 2142 καὶ
1698 2090 2003 2157 παραιτεῖ-

438 2187 567 2241 σθαι
624 2188 739 2247 τοῖς
803 2183 1153 2255 βουλομένοις
1213 2182 1501 2247 ἐνεδίδουν,
1556 2182 1653 2234 καὶ
1692 2176 2007 2248 προνομίων

435 2276 849 2351 ἀρχιερατικῶν
881 2274 1199 2340 ἀπολαύειν,
1231 2274 1322 2326 καὶ
1336 2274 1489 2341 μετὰ
1526 2271 1627 2340 τὴν
1654 2268 2006 2341 παραίτησιν.

438 2377 568 2440 Πῶς
602 2376 713 2444 γὰρ
742 2372 969 2446 ἔμελλον
997 2372 1157 2427 τοῦτο
1198 2369 1423 2439 ποιῆσαι
1456 2369 1505 2421 οί
1557 2365 1882 2437 φρονοῦντες
1927 2364 2009 2417 ὅτι

436 2472 535 2525 τδν
562 2470 712 2537 ἅπαξ
757 2464 1240 2537 ἐγκεχειρισμένον
1290 2460 1579 2531 ἱερατικὴν
1615 2458 1875 2531 φροντίδα
1905 2455 2010 2527 χρὴ

440 2563 654 2634 ταύτης
677 2560 919 2632 (χεσθαι
954 2557 1074 2629 μετ’
1123 2554 1429 2626 εύρωστίας
1482 2551 1890 2623 πνευματικῆς,
1915 2550 2011 2603 καὶ

444 2658 550 2712 ὅσα
582 2658 864 2726 ἐπήγαγον
903 2652 1137 2723 ἐφεξῆςς
1183 2650 1308 2703 Ὀτι
1338 2647 1397 2701 δέ
1421 2647 1481 2700 τὸ
1510 2645 1733 2715 σύμπαν
1765 2645 1877 2706 τοῖς
1914 2641 2013 2695 δά·

439 2766 609 2821 κρυσι
645 2747 740 2802 τοῦ
772 2745 1079 2815 πρεσϐύτου
1112 2742 1323 2797 ἐκείνου
1354 2738 1827 2799 κατακλασθέντες
1849 2733 1999 2788 ἐποί-

438 2859 608 2916 ησαν,
643 2840 905 2911 δηλοῦται
932 2839 1027 2891 καὶ
1062 2839 1125 2889 ἐκ
1152 2834 1366 2888 πολλῶν
1414 2831 1588 2885 ἄλλων
1622 2829 1883 2901 ῥημάτων
1916 2827 2016 2895 τῆς

443 2938 742 3007 ἐπιστολῆς
777 2936 872 2990 καὶ
898 2937 962 2988 ἐκ
990 2929 1084 2988 τοῦ
1124 2929 1333 3003 γράψαι
1359 2944 1376 2962 ο
1410 2928 1472 2980 El
1502 2926 1560 2979 δέ
1581 2943 1635 2979 τι
1662 2922 2016 2995 βουλεύσεσθε

442 3032 815 3106 χρηστότερον
863 3028 953 3082 ἐπ’
994 3024 1168 3096 αὐτῷ,
1218 3021 1409 3095 ἁρέσει
1442 3021 1537 3074 καὶ
1577 3016 1736 3072 τοῦτο
1765 3018 1832 3087 τῇ
1884 3014 2017 3085 ἁγίᾳ

446 3126 675 3199 συνόδῳ.

446 3194 722 3291 inquiunt,
776 3214 958 3270 mitius
1014 3210 1218 3282 aliquid
1262 3208 1330 3264 de
1375 3207 1477 3263 hoc
1523 3204 1743 3261 homine
1794 3200 2111 3267 statueritis,
2160 3194 2215 3251 id

445 3312 693 3369 habebit.

520 3402 790 3459 Τοσοῦτον
838 3402 948 3471 γάρ
983 3408 1076 3452 τον
1121 3395 1292 3467 ἄνδρα
1351 3392 1591 3465 ἠλέησαν
1636 3392 1747 3454 τοῖς
1797 3387 2014 3442 ἐκείνου

447 3495 799 3566 καμφθέντες
830 3491 1061 3558 δάκρυσι
1123 3486 1219 3541 καὶ
1256 3486 1321 3556 τῇ
1357 3483 1635 3554 συμφορᾷ,
1662 3480 1738 3545 ὡς
1766 3478 1861 3534 καὶ⁸
1889 3477 2015 3541 τοὺς

448 3588 647 3649 ἄλλους
672 3583 1013 3653 παραθήγειν
1046 3582 1126 3642 είς
1156 3578 1304 3631 ἔλεον
1357 3577 1592 3638 ἐκείνου,
1646 3576 1739 3627 καὶ
1771 3586 2018 3642 παρακα-

448 3682 567 3734 λεῖν
601 3678 684 3741 είς
716 3672 1078 3745 συμπάθειαν.
1103 3669 1165 3723 Εἰ
1193 3667 1249 3722 δέ
1275 3668 1351 3731 ὡς
1376 3667 1580 3720 κανόνα
1611 3664 1710 3735 τὴν
1736 3660 2017 3729 συνοθικὴν

451 3771 662 3841 ταύτην
690 3765 981 3833 ἐπιστολὴν
1008 3762 1275 3833 δέχονται,
1323 3761 1420 3814 καὶ
1459 3759 1555 3829 οὐχ
1591 3757 1666 3821 ὡς
1704 3753 2018 3825 οἰκονομίαν

454 3862 543 3918 ἐπ’
602 3860 796 3929 ἐκείνῳ
847 3854 1147 3925 γενομένην
1202 3850 1279 3922 τῷ
1342 3851 1655 3921 Εὖσταθίῳ,
1697 3847 1750 3901 τί
1812 3847 1885 3917 μὴ
1934 3844 2029 3898 καὶ

456 3956 572 4017 τοῖς
599 3944 1108 4023 παραιτησαμένοις
1140 3942 1237 4006 τὰς
1270 3939 1480 3995 ἑαυτῶν
1508 3936 1801 4009 ἐκκλησίας
1822 3932 2028 4003 καὶζτὴν

456 4039 871 4116 ἀρχιερωσύνην
907 4034 1076 4106 αὐτὴν
1108 4036 1188 4097 εἰς
1233 4031 1387 4096 αὖθις
1427 4029 1679 4101 προσίασι
1712 4025 1805 4081 καὶ
1855 4038 2029 4093 προσ-

459 4137 708 4192 κλαίουσι
756 4130 991 4185 διδόασιν
1031 4126 1204 4197 ὄνομά
1251 4141 1310 4177 τε
1356 4121 1662 4190 ἐπισκοπῆς
1704 4118 1799 4171 καὶ
1844 4116 2031 4184 ἀρχιε-

466 4227 667 4304 ρατικὰ
692 4225 874 4278 δίκαια
900 4221 994 4276 καὶ
1015 4219 1201 4289 τιμήν.
1253 4217 1485 4278 Ἐκεῖνος
1508 4214 1616 4283 γάρ
1641 4211 1859 4266 ἅπαντα
1889 4205 2026 4260 καθ-

461 4320 610 4385 άπαξ
662 4311 1139 4387 παραιτησάμενος
1169 4309 1443 4378 φαίνεται,
1474 4305 1570 4360 καὶ⁵
1613 4304 1832 4358 πάντων
1857 4300 2023 4353 ἐκπει

466 4383 834 4472 πτωκὼςξέκ
866 4403 971 4458 τοῦ·
1010 4404 1192 4471 λέγειν
1214 4400 1342 4464 τοὺς
1381 4401 1479 4470 τῆς
1507 4397 1726 4451 συνόδου
1755 4395 1836 4449 ὅτι
1874 4383 2029 4465 Ἐξῃὲ

2090 986 2215 1026 cum
2270 968 2523 1041 lacrymls
2556 966 2607 1020 in
2653 963 2916 1036 synodum
2959 961 3129 1023 venit,
3178 959 3282 1014 hoc
3324 965 3489 1024 atque
3536 953 3665 1007 illud

2097 1062 2400 1136 postulans,
2427 1058 2719 1121 doluimus,
2746 1056 3017 1124 inquiunt,
3049 1053 3193 1107 senis
3209 1051 3403 1111 vicem.
3427 1062 3670 1103 commn-

2094 1134 2296 1221 nesque
2318 1152 2458 1206 illius
2479 1149 2743 1220 lacrymas
2764 1141 3062 1213 duximus.]
3084 1141 3148 1196 Et
3171 1140 3329 1211 paulo
3356 1147 3477 1210 post
3497 1155 3509 1192 :
3535 1134 3668 1208 [Sed

2096 1244 2350 1314 quoniam
2384 1242 2501 1295 viro
2538 1253 2647 1293 non
2687 1237 2847 1292 nimis
2876 1247 3201 1289 succensere
3241 1238 3665 1286 consentaneum
3724 1260 3726 1263 τ

2096 1346 2178 1392 est
2212 1335 2353 1405 quod
2404 1334 2474 1390 sit
2524 1332 2859 1400 negotiorum
2910 1325 3250 1398 fugitantior,
3281 1324 3374 1377 sed
3403 1321 3550 1378 senis
3579 1335 3674 1390 po-

2101 1428 2206 1484 tius
2227 1426 2470 1482 misereri
2503 1432 2737 1493 oportet,
2766 1432 2820 1477 et
2845 1435 2966 1490 qua:
2988 1427 3310 1488 sequuntur.
3330 1415 3350 1486 ]
3371 1414 3578 1481 Quibus
3604 1426 3672 1466 ex

2100 1521 2281 1576 verbis
2311 1527 2554 1589 apparet,
2586 1516 2890 1572 reverentia
2923 1516 3154 1583 quadam
3200 1508 3466 1563 Eustathii
3496 1506 3674 1576 lacry-

2102 1627 2336 1677 marum,
2360 1622 2412 1666 et
2444 1625 2579 1681 pene
2604 1609 2715 1678 jam
2764 1606 3111 1678 praecipitatae
3154 1599 3449 1658 senectutis
3510 1596 3678 1651 addu-

2104 1719 2243 1773 ctos,
2271 1722 2334 1762 ac
2363 1721 2431 1761 ne
2480 1703 2609 1775 quid
2659 1700 2864 1757 homini
2918 1715 2981 1755 ex
3020 1697 3190 1753 nimio
3235 1693 3423 1749 dolore
3460 1688 3677 1759 gravius

2106 1800 2376 1855 accideret
2406 1796 2625 1860 veritos,
2663 1809 2726 1848 ea
2764 1792 2952 1847 Patres
2981 1790 3047 1844 de
3083 1787 3228 1841 illius
3261 1779 3558 1838 honoribus
3582 1777 3679 1830 de-

2106 1891 2367 1954 crevisse,
2398 1904 2506 1942 non
2536 1897 2593 1940 ut
2626 1884 2928 1953 exemplum
2959 1881 3011 1934 in
3053 1895 3117 1935 eo
3145 1876 3363 1932 homine
3382 1871 3677 1929 constitue-

2106 1992 2247 2047 rent,
2289 1988 2382 2033 ant
2414 1979 2585 2048 legem
2641 1975 2871 2047 posteris
2924 1971 3357 2043 prmscriberent.
3388 1962 3499 2019 Nec
3533 1961 3678 2017 enim

2108 2073 2185 2128 illi
2221 2060 2532 2126 sanctiones
2561 2067 2853 2122 canonicas
2893 2062 3234 2133 ignorabant,
3273 2064 3368 2111 aut
3400 2052 3674 2109 contraria

2110 2161 2475 2233 apostolorum
2528 2158 2853 2224 Patrumque
2916 2155 3152 2222 priorum
3202 2142 3681 2203 constitutionibus

2110 2256 2326 2312 decreta
2352 2253 2570 2307 sancire
2597 2265 2747 2303 mens
2780 2256 2899 2302 erat
2928 2263 2942 2301 :
2979 2259 3153 2310 neque
3179 2241 3521 2310 episcOpatus
3547 2234 3683 2301 abji-

2111 2354 2314 2417 ciendi,
2339 2366 2511 2420 eoque
2543 2348 2705 2403 etiam
2742 2344 2968 2399 dimisso
2998 2341 3375 2410 episcoporum
3406 2346 3680 2403 praeroga-

2115 2425 2506 2516 tivisjiruendi,
2548 2440 2768 2496 cuilibet
2827 2433 3030 2490 homini
3089 2430 3394 2484 facultatem
3429 2436 3552 2477 esse
3594 2435 3711 2471 κιο-ν

2113 2510 2350 2596 luerunt.
2398 2535 2516 2601 Quo
2560 2542 2716 2602 pacto
2742 2539 2971 2596 namque
3010 2524 3061 2577 id
3085 2520 3223 2576 velle
3241 2522 3561 2586 potuissent,
3588 2510 3680 2581 qui

2114 2630 2424 2700 impositum
2463 2600 2787 2694 episcopalis
2818 2631 2962 2673 cura:
2990 2627 3130 2670 onus
3176 2605 3472 2679 spiritualis
3515 2600 3683 2657 animi

2115 2694 2371 2779 ﬁrmitate
2393 2714 2774 2772 sustinendum
2811 2723 2954 2773 esse,
2987 2714 3041 2761 et
3092 2718 3211 2774 quae
3240 2701 3498 2765 deinceps
3532 2694 3686 2749 addi-

2117 2816 2266 2876 dere,
2302 2820 2615 2882 persnasum
2673 2799 2973 2857 haberent?
3004 2795 3178 2851 Porro
3224 2791 3371 2848 senis
3429 2783 3685 2856 Iacrymis

2116 2909 2348 2968 innexos
2397 2907 2463 2959 ad
2518 2897 2950 2956 misericordiam
3001 2892 3191 2946 Patres
3244 2887 3525 2941 decretum
3579 2880 3687 2933 hoc

2118 3004 2378 3066 edidisse,
2414 3012 2533 3053 cum
2568 3010 2633 3048 ex
2671 2992 2790 3046 aliis
2821 2987 3001 3042 multis
3044 2980 3287 3054 epistola:
3330 2977 3528 3041 verbis,
3573 2983 3684 3026 tum

2044 3101 2090 3162 ο
2120 3116 2183 3156 ex
2219 3099 2323 3159 bis,
2356 3107 2473 3164 qua:
2503 3096 2822 3160 sequuntur,
2854 3081 3010 3135 facile
3030 3086 3289 3147 apparet:
3321 3071 3471 3140 Quod
3502 3069 3545 3123 si
3570 3080 3686 3129 vos,

2263 3190 2703 3263 quoquesancta
2755 3175 2991 3249 synodus
3042 3181 3253 3243 gratum
3299 3172 3687 3236 acceptumque

2208 3377 2372 3432 tanta
2412 3371 2556 3427 enim
2588 3367 2810 3421 Patrum
2836 3354 3205 3423 animos,ejns
3238 3349 3471 3406 hominis
3505 3347 3689 3416 lacry-

2124 3468 2228 3524 mis
2252 3476 2305 3522 et
2353 3460 2667 3518 calamitate
2706 3452 2996 3510 emollitos.
3046 3443 3321 3501 miseratio
3359 3449 3596 3510 ceperat,
3629 3446 3691 3490 nt

2122 3560 2257 3616 alios
2279 3567 2496 3627 quoque
2525 3550 2593 3605 ad
2630 3541 3056 3602 misericordiam
3098 3538 3169 3592 illi
3198 3536 3531 3589 tribuendam
3560 3529 3692 3598 ipsi-

2125 3658 2237 3707 met
2259 3649 2572 3707 incitarent,
2593 3651 2648 3698 et
2675 3639 2740 3695 ad
2775 3636 2891 3704 ejus
2916 3630 3440 3688 commiserationem
3490 3636 3690 3691 provo-

2122 3749 2333 3799 carent.
2363 3736 2517 3806 Quod
2541 3737 2584 3791 si
2614 3734 2754 3789 hanc
2784 3727 2977 3800 synod.
3008 3725 3178 3793 Epist.
3208 3717 3433 3774 canonis
3452 3717 3552 3769 vim
3591 3715 3689 3768 ha-

2124 3836 2275 3901 bere,
2314 3842 2502 3889 etnon
2528 3829 2579 3882 in
2609 3840 2671 3880 ea
2709 3824 2874 3879 solius
2915 3815 3179 3874 Eustathii
3225 3826 3445 3869 causam
3476 3809 3557 3877 agi
3598 3822 3696 3875 pn-

2126 3938 2277 3995 tant;
2328 3922 2513 3995 quidni
2556 3920 2622 3976 iis
2670 3920 2858 3980 etiam,
2910 3911 3001 3983 qui
3059 3907 3412 3964 ecclesiarum
3474 3913 3694 3957 suarum

2126 4035 2336 4083 curam,
2362 4027 2415 4081 et
2447 4010 2738 4069 sacerdotii
2766 4021 2983 4079 quoque
3011 3997 3335 4073 episcopalis
3377 3995 3693 4065 dignitatem

2129 4112 2518 4181 deposuerunt,
2544 4104 2590 4161 si
2624 4112 2807 4173 postea
2837 4100 3030 4153 iterum
3067 4091 3324 4147 accedant
3351 4096 3405 4141 et
3428 4086 3695 4154 lacrymas

2132 4204 2378 4265 fundant,
2409 4196 2642 4269 episcopi
2673 4206 2866 4248 nomen
2919 4202 2981 4241 ac
3017 4181 3344 4254 episcopalia
3376 4178 3496 4248 jura
3528 4175 3699 4229 hono—

2136 4304 2358 4362 remque
2390 4284 2612 4343 concedi
2640 4287 2831 4352 putant
2859 4273 3149 4346 oportere?
3182 4271 3338 4326 lllum
3377 4279 3610 4334 namque
3637 4278 3698 4319 se

2135 4387 2390 4442 omnibus
2421 4398 2530 4437 uno
2558 4389 2796 4449 tempore
2823 4373 3129 4431 abdicasse,
3162 4365 3517 4431 omnibusque
3537 4357 3699 4414 simul

463 4504 669 4574 τοῦμεν
679 4450 912 4572 ³μαθεῖν,
937 4499 984 4550 εί
1003 4450 1568 4565 καθαίρεσιννέννομον
1586 4450 2020 4559 ὑπομεμένηκεῦ,

2136 4478 2418 4544 excidisse,
2448 4472 2634 4548 synodi
2663 4470 2824 4523 verba
2873 4465 2958 4520 illa
3000 4462 3263 4517 indicant.
3315 4450 3697 4521 Quaasivitutts,

2138 4575 2146 4577 ‘
2271 4572 2283 4577 ‘
2537 4566 2549 4577 ·
2820 4555 3138 4577 ι--ηε-ε--..
3166 4547 3425 4577 ...ιηιιηιηα
3475 4545 3674 4577 tum...

465 4600 637 4671 ἤγουν
691 4592 782 4646 ἐπί
812 4608 920 4645 τισι
969 4588 1077 4642 τῶν
1121 4576 1337 4641 ἀτόπων
1391 4582 1767 4654 ἐληλεγμένων
1792 4597 1807 4612 ο
1848 4581 1941 4632 καὶ
1965 4577 2029 4648 δὴ

462 4667 745 4757 ἐμάθομεν
777 4680 1017 4735 τοιοῦτον
1076 4677 1174 4748 μὲν
1206 4675 1360 4729 οὐδὲν
1392 4672 1740 4743 πεπρᾶχθαι,
1776 4667 2031 4738 γενέσθαι

464 4780 528 4834 δὲ
560 4775 763 4847 μᾶλλον
792 4772 870 4841 τῷ
919 4769 1202 4837 Εὑσταθίῳ
1235 4767 1357 4821 ἀντὶ
1385 4765 1726 4836 ἐγκλήματος
1755 4762 1853 4833 τὴν
1897 4777 2037 4829 παρ-

464 4870 709 4931 αίτησιν.
766 4866 980 4935 Ὠσπερ
1007 4859 1102 4916 οὖν
1142 4863 1191 4915 εί
1225 4860 1309 4913 ἐπ’
1333 4859 1519 4927 ἀτόπῳ
1545 4856 1653 4909 τινί⁵
1679 4854 1840 4917 ἑάλω,
1863 4851 2036 4915 οὕτως

462 4960 537 5034 ἦν
563 4961 823 5017 ἁπάντων
848 4957 957 5010 τῶν
985 4956 1085 5025 τῆς
1126 4952 1437 5021 ἐπισκοπῆς
1481 4949 1706 5004 δικαίων
1744 4949 2035 5001 ἐκπεπτω-

471 5054 588 5118 κὼς
623 5055 687 5107 ἐκ
736 5051 836 5121 τῆς
887 5048 1295 5119 παραιτήσεως,
1347 5044 1440 5097 καὶ
1494 5038 1839 5113 καθῃρῆσθαι
1897 5036 2033 5106 αὐτῇ

466 5148 672 5203 δοκεῖν.
700 5143 842 5198 Ἀλλ’
886 5141 1035 5212 ὅμως
1075 5140 1109 5209 ἡ
1158 5137 1373 5200 σύνοδος
1404 5137 1515 5197 τοῖς
1546 5132 1752 5187 ἐκείνου
1778 5129 2038 5201 δάκρυσιν

467 5238 883 5310 ἐπικαμφθεῖσα
913 5233 1238 5307 ἐψηφίσατο,
1286 5230 1388 5284 ὃσα
1429 5230 1496 5299 τῇ
1541 5224 1795 5293 ἐπιστολῇ
1849 5218 2037 5291 περιέ-

469 5350 683 5408 χονται.
712 5331 838 5394 Τοῖς
860 5328 992 5399 γοῦν
1035 5326 1109 5391 ὡς
1134 5326 1335 5381 κανόνα
1382 5324 1478 5378 καὶ
1518 5321 1687 5375 τύπον
1727 5317 2038 5389 δεχομένοις

471 5425 646 5494 αὐτὴν
673 5421 796 5476 οὐδὲ
825 5420 951 5482 τοὺς
984 5408 1511 5489 παραιτησομένους
1532 5409 1632 5480 τήν
1663 5423 1723 5460 τε
1755 5405 1866 5459 τῶν
1895 5419 2038 5471 πρα-

474 5517 707 5587 γμάτων
767 5509 1050 5579 διοίκησιν,
1115 5508 1209 5571 καὶ
1268 5504 1366 5575 τὴν
1411 5497 1819 5572 ἀρχιερωσύνην
1871 5494 2040 5564 αὐτὴν

470 5605 860 5677 διαιρουμένας
886 5599 1007 5653 κατ’
1039 5598 1281 5660 ἐκείνους
1306 5594 1483 5658 αὖθις,
1514 5588 1832 5662 προσίεσθαι
1856 5586 2042 5640 καινόν

469 5716 525 5752 τι
568 5676 731 5762 δόξει,
764 5692 861 5746 καὶ
906 5688 1247 5761 ψηφίζεσθαι
1302 5682 1452 5753 σφίσι
1497 5680 1694 5751 κλῆσιν
1740 5676 2039 5730 ἐπισκόπου

474 5761 793 5854 ξεσουργίαν
842 5798 901 5837 τε
948 5780 1044 5836 καὶ
1089 5778 1277 5850 τιμήν.
1327 5775 1439 5831 Ούκ
1489 5771 1759 5841 εὐστόχως
1798 5761 1893 5821 οὖν
1943 5764 2042 5837 τῆς

2134 4572 2415 4643 inquiunt,
2444 4545 2511 4622 an
2537 4563 2771 4634 legitima
2807 4555 3139 4628 depositione
3166 4547 3447 4609 multatus,
3475 4545 3576 4598 hoc
3594 4551 3698 4605 est,

2134 4635 2479 4728 an-alicujus
2522 4653 2705 4725 ﬂagitii
2738 4651 3020 4706 convictus
3053 4643 3194 4697 foret
3224 4635 3569 4698 Eustathius;
3600 4644 3700 4686 nec

2135 4755 2240 4810 tale
2261 4752 2555 4823 quidquam
2577 4745 2865 4801 didicimus
2913 4736 3229 4807 contigisse,
3263 4731 3356 4786 sed
3391 4731 3561 4800 ipsam
3603 4739 3700 4794 po-

2138 4848 2242 4902 tius
2276 4820 2727 4900 renuntiationem
2753 4834 2829 4890 illi
2860 4847 2955 4904 pro
2986 4828 3214 4886 crimine
3241 4823 3442 4879 fuisse:
3482 4820 3574 4890 qui
3615 4828 3697 4871 ta-

2138 4954 2258 4995 men
2287 4951 2354 4992 eo
2379 4933 2618 4998 nomine,
2641 4927 2793 4998 quasi
2827 4922 3097 4979 manifesti
3129 4917 3355 4974 sceleris
3382 4929 3509 4994 reus
3540 4922 3689 4967 tene-

2137 5040 2309 5095 retur,
2344 5029 2417 5084 ita
2445 5024 2591 5080 omni
2625 5018 2912 5092 episcopali
2938 5018 3058 5087 jure
3085 5030 3148 5068 ex
3168 5008 3565 5066 renuntiatione
3597 5020 3695 5074 pe-

2139 5094 2301 5176 nitus
2334 5117 2631 5177 exciderat,
2657 5122 2715 5165 ut
2763 5103 3118 5178 depositionis
3144 5113 3326 5155 veram
3367 5094 3597 5164 speciem
3631 5108 3696 5147 ea

2138 5209 2537 5269 animadversio
2581 5222 2689 5278 pm
2715 5220 2773 5260 se
2818 5201 2960 5257 ferre
3008 5196 3229 5251 omnino
3270 5190 3699 5253 existimaretur,
3758 5246 3765 5259 ν

2141 5305 2241 5361 nisi
2276 5304 2517 5374 synodus
2543 5307 2878 5369 quaecunque
2923 5292 3023 5345 bac
3048 5285 3272 5356 epistola
3323 5281 3698 5344 continentur,

2140 5372 2382 5467 ejusdem
2407 5397 2675 5447 commota
2722 5382 2977 5455 lacrymis
3002 5379 3348 5435 decrevisset.
3385 5372 3556 5440 Quam
3584 5372 3704 5438 qui-

2140 5490 2261 5546 dem
2284 5486 2384 5558 qui
2416 5482 2643 5540 canonis
2686 5489 2739 5535 et
2771 5472 3001 5541 exempli
3049 5469 3156 5525 vim
3184 5467 3432 5523 obtinere
3472 5472 3702 5519 conten~

2142 5555 2511 5645 dunt,inirum
2534 5577 2601 5631 iis
2630 5588 2734 5629 non
2755 5567 3044 5629 videbitur,
3092 5570 3187 5617 aut
3219 5573 3437 5624 novum,
3490 5571 3584 5611 eos
3606 5555 3697 5627 qui

2141 5688 2202 5730 se
2271 5671 2605 5740 negotiorum
2667 5655 3119 5719 administrationi
3194 5650 3591 5713 subtraxerint,
3646 5655 3699 5700 et

2145 5764 2341 5822 summi
2372 5757 2663 5820 sacerdotii
2709 5752 2974 5827 dignitate
3019 5749 3160 5820 (quo:
3204 5746 3311 5801 duo
3349 5758 3413 5799 ex
3471 5742 3698 5799 istorum
