4138 6210
448 276 575 332 331’

1631 269 1711 329 ΙΝ
1735 268 1897 329 CAN.
1952 270 1982 329 Ι
2019 270 2206 334 CONC
2258 274 2621 336 CHALCED.

3569 266 3677 333 32':

521 382 767 452 «ἀφελῶς
799 384 1206 455 παρῃτήσατο,
1260 385 1550 453 Θεόδωρος
1606 385 1742 441 ἀντὶ
1800 387 2003 440 τούτου.

2186 391 2278 458 git.
2304 390 2607 446 Theodorus
2663 394 2713 445 in
2768 393 2881 462 ejus
2927 394 3097 445 locum
3129 390 3409 445 ordinatus
3444 397 3541 441 est.
3581 387 3677 440 itl'e

528 479 1021 557 zazstpotdrntat.
1079 478 1145 532 ὀ
1172 477 1262 544 δὲ,
1298 480 1523 532 κλαίων
1554 479 1653 532 καὶ
1689 477 2008 542 δυσωπῶν,

527 571 641 637 τὴν
669 569 852 638 τιμὴν
875 572 1045 647 ᾳίτεῖ.
1087 572 1150 625 '0
1171 571 1298 625 ἀντ’
1321 571 1555 626 ἐκείνου
1582 569 2013 640 χειροτονήσας

521 664 879 729 ἀνεύθυνος,
909 665 1066 732 ἔχων
1100 663 1338 731 δηλαδὴ
1369 663 1483 731 τὴν
1532 664 1765 718 ἐκείνου
1806 665 2014 732 παραί-

522 770 702 817 τησιν
728 755 857 808 ἀντ’
883 755 1277 824 ἐγκλήματος.

534 845 593 898 '0
622 845 922 908 ἐπίσκοπος
977 839 1130 908 οὗτος
1178 845 1493 908 Εὐστάθιος,
1550 846 1858 917 ἀπράγμων
1913 845 2009 913 ὢν,

450 937 548 990 καὶ
598 936 675 1006 μὴ
715 937 1009 1005 δυνάμενος
1036 936 1144 990 τῶν
1174 938 1272 1007 τῆς
1317 938 1641 1007 Ἐκκλησίας
1671 940 2011 1010 πραγμάτων

449 1030 797 1099 ἀντέχεσθαι,
835 1029 931 1083 καὶ
971 1029 1105 1098 πρὸς
1140 1031 1237 1094 τὰς
1276 1030 1645 1100 ἐπερχομένας
1672 1032 1817 1102 αὐτῴ
1852 1050 2013 1101 φρον-

449 1120 600 1183 τίδας
627 1120 1009 1184 ἀνθίστασθαι,
1040 1122 1135 1175 καὶ⁵
1165 1122 1548 1192 διακρούεσθαι
1594 1122 1795 1185 ταύτας
1819 1136 1835 1154 ⁶
1871 1140 2012 1195 παρ-

460 1215 705 1283 ῃτήσατο
754 1214 852 1284 τὴν
879 1213 988 1266 τῶν
1020 1213 1366 1282 πραγμάτων
1396 1215 1662 1284 διοίκησιν
1686 1231 1700 1244 ο
1739 1216 1836 1269 καὶ
1867 1217 2010 1285 ἐχει-

451 1303 718 1375 ροτονήθη
747 1303 862 1356 ἀντ’
881 1303 1043 1357 αὑτοῦ
1074 1286 1283 1375 ἔτεροςξ
1305 1300 1436 1359 Εἶτα
1455 1309 1520 1375 τῇ
1552 1307 1611 1358 ἐν
1649 1306 1858 1375 Ἐφέσῳ
1885 1324 2010 1360 συν-

446 1397 555 1467 όδῳ
602 1395 902 1466 προσῆλθε,
962 1395 1031 1451 αὖ
1061 1396 1161 1467 τὴν
1191 1397 1493 1468 ἐπισκοπὴν
1548 1398 2008 1469 ἀνακαλούμενος.

446 1488 511 1540 Et
545 1487 651 1559 γάρ
676 1487 743 1541 ἂν
770 1487 892 1541 ούδέ
931 1488 1285 1558 εἰσηκούσθη,
1338 1488 1482 1555 ἅπαξ
1510 1489 1713 1557 ταύτην
1740 1507 2011 1561 παραιτη-

446 1583 703 1647 σάμενος,
726 1580 819 1633 καὶ
834 1581 946 1634 ἀντ’
970 1580 1134 1634 αὑτοῦ
1152 1582 1234 1635 ἐτέ
1242 1597 1336 1653 ρον
1356 1581 1839 1652 χειροτονηθέντος·
1872 1584 2011 1636 ἀλλὰ

443 1672 548 1743 τὴν
581 1673 943 1743 ἐπισκοπικὴν
963 1672 1129 1744 τιμὴν
1155 1672 1334 1743 ζητῶν
1381 1674 1541 1744 ἔχειν,
1572 1673 1667 1728 καὶ
1697 1675 1794 1745 τὴν
1814 1692 2010 1727 κοινω-

444 1763 569 1816 νίαν
589 1780 603 1794 ο
634 1764 729 1816 καὶ
762 1763 1052 1834 ἐδικαιώθη
1099 1765 1184 1816 ἐπ’
1216 1764 1352 1835 αὐτῇ
1384 1764 1551 1835 χωρὶς
1580 1766 1762 1836 πάσης
1792 1765 2003 1818 άντιλου

442 1856 596 1923 γίας,
644 1854 784 1907 ὥστε
815 1856 1109 1908 ἐπίσκοπον
1160 1856 1322 1909 αὑτὸν
1354 1854 1736 1925 ὀνομάζεσθαι,
1778 1856 1874 1909 καὶ
1905 1857 2005 1927 τῆς

442 1945 615 2015 τιμῆς
643 1947 865 2015 καὶτῆς
920 1945 1186 2017 καθέδρας
1236 1946 1508 2017 μετέχειν,
1547 1948 1641 2001 καὶ
1700 1948 2005 2019 ἱερουργεῖν

442 2039 548 2091 οὐκ
578 2038 637 2104 ἐξ
669 2038 801 2101 ἰδίας
824 2037 1139 2101 αὐθεντίας·
1164 2039 1279 2092 ἀλλ’
1307 2041 1469 2094 ὁπότε
1499 2040 1630 2110 παρ’
1653 2040 1890 2109 ἀδελφοῦ
1913 2040 2006 2094 καὶ

428 2133 854 2185 ’συνεπισκόπου
888 2132 1164 2201 ἐπιτραπῇ
1218 2132 1357 2185 κατὰ
1386 2132 1626 2185 διάθεσιν
1659 2132 1754 2184 καὶ
1785 2131 2006 2201 ἀγάπην

440 2221 546 2290 τὴν
566 2224 624 2275 ἐν
639 2222 880 2292 Χριστῷ.
911 2223 1067 2276 Κατὰ
1098 2224 1354 2294 συμπαθῆ
1387 2223 1442 2277 δὲ
1474 2222 1631 2291 λόγον
1657 2225 1705 2275 οἱ
1752 2222 1851 2292 τῆς
1884 2240 2008 2275 συν-

443 2314 573 2366 ὁδου
623 2312 829 2383 ταύτης
896 2315 1137 2384 Πατέρες
1188 2314 1444 2367 ὑπέθεντο
1479 2316 1545 2385 τῇ
1597 2315 1655 2367 ἐν
1721 2314 2012 2384 Παμφυλίᾳ

442 2404 671 2475 συνόδῳ,
702 2408 783 2468 είς
805 2406 873 2476 ἢν
899 2406 1071 2459 ἐτέλει
1098 2407 1190 2460 καὶ
1218 2408 1246 2460 ὁ
1290 2406 1604 2471 Εὐστάθιος,
1637 2407 2005 2477 χρηστότερόν

438 2509 499 2546 τι
528 2497 655 2565 περὶ
689 2494 855 2549 αὑτοῦ
890 2494 1283 2564 βουλεύσασθαι
1312 2497 1345 2567 ἢ
1371 2496 1468 2550 νῦν
1492 2497 1525 2567 ἢ
1568 2497 1867 2566 μετέπειτα
1887 2513 1902 2528 ο
1939 2497 2001 2550 τὸ

439 2586 498 2640 δε
525 2582 594 2656 ἦν
624 2587 656 2657 ἦ
688 2590 767 2651 εἰς
794 2588 1093 2659 ἐκκλησίαν
1126 2589 1489 2660 σχολάζουσαν
1513 2589 1995 2661 προχειρίσασθαι,

440 2679 475 2749 ἢ
510 2678 685 2743 ἄλλως
717 2680 1133 2752 χειραγωγῆσαι
1155 2682 1339 2735 αὐτόν.

2148 520 2149 523 η
2183 499 2305 537 vero
2330 470 2590 555 lacrymas
2619 486 2892 553 e/fundens
2919 495 2963 536 et
2988 483 3188 553 pudore
3216 482 3479 561 confusus
3516 479 3678 532 hono-

2181 592 2288 629 rem
2341 579 2545 644 repetit.
2607 577 2712 641 Qui
2781 577 2945 629 alium
3004 575 3149 630 illius
3212 575 3325 627 loco
3378 573 3671 633 ordinavit,

2179 670 2351 723 insors
2401 678 2497 734 est,
2528 685 2644 723 cum
2679 670 3110 723 detrectationem
3156 668 3270 736 ejus
3319 681 3412 733 pro
3460 662 3681 716 crimine

2181 760 2385 814 habeat.

2183 851 2493 905 Eustathius
2516 850 2602 905 hic
2630 852 2913 921 episcopus
2929 866 3048 904 cum
3080 849 3253 903 litium
3285 856 3399 900 erat
3442 846 3675 911 fugitans

2112 950 2164 997 et
2206 941 2459 998 Ecclesiae
2498 943 2708 1013 negotia
2746 944 3012 997 sustinere
3039 957 3148 996 non
3182 940 3373 1009 potuit.
3405 954 3501 992 nec
3530 938 3685 991 curis

2110 1049 2228 1088 eum
2260 1035 2636 1089 invadentibus
2664 1036 2916 1090 resistere
2967 1050 3066 1088 nec
3112 1048 3207 1087 eas
3261 1031 3548 1097 depellere.
3582 1044 3677 1082 ne-

2112 1126 2375 1194 gotiorum
2410 1127 2865 1181 administrationi
2899 1126 3249 1189 renuntiavit,
3279 1134 3333 1177 et
3390 1122 3505 1189 ejus
3557 1121 3674 1173 loco

2111 1216 2251 1271 alius
2274 1219 2550 1272 ordinatus
2586 1218 2708 1272 fuit.
2750 1217 2942 1272 Postea
2995 1217 3062 1270 ad
3093 1215 3419 1283 Ephesinam
3442 1214 3674 1267 accessit

2111 1309 2390 1378 synodum,
2415 1311 2783 1377 episcopatum
2822 1325 3011 1363 rursus
3036 1316 3302 1377 repetens.
3348 1306 3410 1358 Et
3432 1304 3677 1371 quamvis

2112 1415 2218 1454 non
2258 1401 2542 1456 exauditus
2598 1400 2722 1466 fuit,
2759 1415 2883 1456 cum
2920 1399 3083 1454 semel
3107 1413 3231 1452 eum
3264 1394 3586 1459 abdicasset,
3620 1402 3679 1447 et

2111 1492 2248 1545 alius
2268 1490 2385 1559 ejus
2435 1492 2555 1546 loco
2603 1491 2795 1546 fuisset
2824 1491 3138 1547 ordinatus:
3182 1488 3545 1559 episcopalem
3591 1496 3674 1538 ta-

2111 1595 2232 1635 men
2270 1581 2525 1635 honorem
2553 1581 2751 1635 habere
2781 1580 3099 1649 quaeritans,
3130 1589 3186 1632 et
3213 1577 3672 1637 communionem,

2108 1680 2162 1727 et
2187 1671 2304 1727 sine
2324 1672 2468 1725 omni
2525 1672 2956 1729 contradictione
2997 1671 3048 1724 in
3085 1684 3146 1724 ea
3175 1668 3525 1723 conﬁrmatus
3552 1666 3673 1727 fuit.

2114 1773 2172 1817 ut
2224 1762 2339 1831 ipse
2367 1763 2741 1818 nominaretur
2794 1764 3100 1833 episcopus,
3152 1772 3207 1815 et
3237 1760 3460 1814 honoris
3494 1759 3678 1812 cathe-

2118 1857 2339 1925 draeque
2380 1856 2649 1925 particeps
2675 1866 2841 1920 esset,
2869 1866 2925 1909 et
2946 1870 3101 1909 sacra
3146 1863 3449 1925 perageret,
3479 1868 3582 1904 non
3611 1865 3675 1903 ex

2114 1949 2330 2018 propria
2403 1950 2745 2012 auctoritate,
2799 1949 2894 2003 sed
2932 1948 3148 2016 quando
3203 1947 3500 2000 secundum
3541 1942 3678 1995 alle-

2113 2039 2342 2093 ctionem
2382 2041 2509 2093 etin
2552 2040 2772 2094 Christo
2796 2039 3116 2094 charitatem
3159 2054 3187 2092 a
3221 2038 3389 2090 fratre
3411 2045 3463 2089 et
3491 2034 3674 2101 coepi-

2114 2146 2278 2199 scopo
2349 2131 2775 2201 permitteretur.
2834 2130 3166 2203 Sympathize
3231 2138 3407 2182 autem
3465 2125 3676 2179 ratione

2115 2220 2260 2274 ducti
2307 2220 2495 2275 Patres
2550 2219 2775 2289 hujusce
2823 2221 3038 2291 synodi,
3075 2220 3282 2291 synodo
3322 2214 3673 2286 Pamphylia},

2116 2309 2170 2363 in
2192 2325 2299 2379 qua
2333 2326 2486 2366 sacra
2519 2310 2813 2366 celebravit
2861 2310 3201 2372 Eustathius,
3247 2314 3669 2377 proposuerunt,

2116 2401 2401 2474 benignius
2438 2404 2640 2474 aliquid
2687 2407 2754 2459 de
2818 2419 2883 2459 eo
2934 2413 3195 2465 statuere,
3235 2411 3323 2454 aut
3375 2413 3522 2453 nunc
3582 2407 3679 2448 aut

2116 2503 2326 2568 postea;
2373 2497 2474 2552 hoc
2504 2506 2683 2550 autem
2703 2506 2845 2558 erat,
2879 2506 2938 2550 ut
2971 2495 3052 2548 vel
3092 2494 3145 2547 in
3179 2502 3457 2546 vacantem
3492 2489 3672 2544 eccle-

2107 2592 2242 2649 siam
2273 2586 2643 2661 designarent,
2678 2590 2764 2644 vel
2792 2588 3097 2642 alitereum
3131 2600 3289 2641 manu
3320 2585 3599 2638 ducerent.

1698 3076 2215 3163 ΚΑΝΟΝΕΣ
2301 3078 2375 3161 Λ

733 3259 867 3313 ΤΗΣ
896 3260 1095 3315 ΔΓΙΛΣ
1121 3260 1484 3316 ΤΕΤΑΡΤΗΣ
1520 3263 1641 3317 ΚΑΙ
1693 3262 2230 3319 ΟΙΚΟΥΜΕΝΙΚΗΣ
2276 3263 2593 3316 ΣΥΝΟΔΟΥ
2640 3261 2775 3315 ΤΗΣ
2827 3259 2913 3313 ΕΝ
2942 3257 3362 3314 ΧΑΛΚΗΔΟΝΙ.

2005 3447 2077 3465 -α

1525 3613 2158 3708 CANONES
2284 3615 2581 3704 XXX

868 3842 1172 3903 suam
1210 3844 1303 3903 ET
1330 3826 1811 3904 (ECUMENICzE
1840 3841 2003 3914 QUA?

2106 3841 2165 3900 1E
2227 3842 2503 3903 SYNODI
2543 3843 3235 3912 CHAI.CEDONENSIS.

510 4147 751 4202 ΖΩΝΛΡ.
799 4146 894 4200 καὶ
923 4147 1119 4200 ΒΑΛΣ.
1163 4142 1229 4199 Ἥ
1259 4146 1389 4215 ἁγία
1416 4146 1647 4219 τετάρτη
1681 4149 1775 4203 καὶ
1813 4148 1997 4201 οἰκου-

2172 4150 2323 4219 ιιι
2354 4148 2605 4204 ZONAR.
2648 4159 2702 4205 et
2744 4148 2935 4205 BALS.
2984 4150 3179 4206 Sancta
3224 4160 3278 4205 et
3329 4153 3664 4209 mcumeuica

441 4240 639 4311 μενικὴ
671 4238 884 4301 σύνοδος
910 4239 1131 4307 γέγονεν
1152 4239 1209 4290 ἐν
1233 4239 1347 4301 τοῖς
1366 4239 1578 4309 χρόνοις
1600 4240 1697 4313 τῆς
1730 4241 2002 4311 βασιλείας

437 4330 761 4403 Μαρκιανοῦ
820 4329 1119 4394 ἑξακοσίων
1170 4331 1467 4401 τριάκοντα
1529 4334 1698 4402 ἁγίων
1740 4333 2001 4403 Πατέρων

439 4422 942 4492 συναθροισθέντων
970 4423 1029 4475 ἐν
1059 4421 1363 4493 Χαλκηδόνι
1404 4424 1544 4478 κατὰ
1576 4427 1869 4495 Διοσκόρου
1896 4426 1999 4496 τῆς

439 4515 798 4583 περιωνύμου
830 4513 1263 4584 προστατοῦντος
1305 4514 1711 4587 Ἀλεξανδρείας
1758 4521 1851 4571 καὶ
1899 4519 2001 4571 Εὐ-

436 4609 635 4679 τυχοῦς
665 4605 1090 4677 ἀρχιμανδριτου
1122 4606 1767 4672 Κωνσταντινουπόλεως,
1816 4606 1865 4660 οἳ
1909 4608 1997 4661 τὸν

437 4701 647 4769 Κύριον
699 4698 859 4770 ἡμῶν
905 4697 1111 4767 Ἰησοῦν
1160 4697 1400 4767 Χριστὸν
1455 4697 1740 4768 ὁμοούσιον
1790 4701 1889 4771 μὲν
1920 4700 1999 4772 τῷ

437 4792 614 4864 Πατρὶ
641 4790 973 4861 ὡμολόγουν,
1003 4791 1129 4862 περὶ
1159 4788 1216 4842 δὲ
1244 4791 1344 4860 τὴν
1364 4788 1773 4860 ἐνανθρώπησιν
1803 4791 1996 4845 ἐϐλασ-

436 4885 677 4954 φήμουν,
732 4882 827 4934 καὶ
875 4880 1167 4950 φεύγοντες
1190 4882 1291 4950 τὴν
1334 4881 1426 4935 τοῦ
1459 4881 1754 4953 Νεστορίω
1784 4882 1994 4955 διαίρε-

437 4995 546 5041 σιν,
579 4976 673 5029 δύο
704 4962 854 5038 υἱοὺς
882 4973 1215 5039 εἰσάγοντος,
1268 4973 1351 5036 εἰς
1399 4974 1525 5029 ἄλλο
1561 4974 1736 5030 κακὸν
1772 4977 1836 5029 ἐκ
1879 4976 1995 5029 δια-

435 5073 641 5141 μέτρου
666 5069 980 5122 ἐνέπιπτον.
1012 5067 1125 5129 Τὰς
1152 5068 1260 5137 γὰρ
1279 5065 1373 5119 δύο
1399 5068 1592 5136 φύσεις
1617 5071 1715 5138 τῆς
1743 5067 1996 5138 θεότητος

434 5163 534 5215 καὶ
574 5162 671 5227 τῆς
718 5157 1138 5231 ἀνθρωπότητος
1167 5158 1307 5226 μετὰ
1327 5156 1425 5228 τὴν
1461 5157 1657 5211 ένωσιν
1688 5158 1999 5229 συγκραθῆ-

432 5274 545 5317 vat,
576 5255 671 5308 καὶ
700 5255 779 5315 είς
811 5254 938 5322 μίαν
960 5247 1387 5318 ἀποτελεσθῆναι
1422 5250 1583 5317 φύσιν
1635 5251 1846 5312 ἀσεϐῶς
1884 5251 1998 5303 ἐδο-

429 5345 727 5415 γμάτιζον,
756 5345 832 5407 ὡς
860 5343 955 5396 καὶ
975 5344 1040 5411 τῇ
1067 5340 1281 5409 θεότητι
1301 5340 1702 5409 προσαρμόζειν
1731 5342 1798 5394 τὰ
1829 5343 1995 5412 πάθη.

442 5438 611 5492 Ἀλλὰ
662 5437 755 5490 καὶ
783 5436 879 5507 τὴν
910 5435 1089 5505 σάρκα
1132 5433 1229 5501 οὐχ
1262 5430 1545 5500 ὁμοούτιον
1597 5434 1730 5502 ἡμῖν
1778 5435 1999 5505 ἀνειλη-

2102 4251 2289 4309 quarta
2337 4242 2572 4311 synodus
2609 4240 2884 4296 Marciano
2904 4242 3210 4311 imperante
3239 4242 3501 4298 celebrata
3543 4245 3667 4313 fuit,

2101 4331 2373 4386 sexcentis
2418 4330 2632 4401 triginta
2665 4330 2916 4386 Patribus
2950 4332 3206 4385 adversus
3242 4331 3572 4397 Dioscorum,
3610 4334 3663 4388 in

2099 4423 2456 4477 Alexandrina
2505 4421 2702 4493 inclyta
2736 4421 2867 4477 urbe
2893 4404 3230 4492 prazfecium,
3279 4432 3332 4476 et
3358 4423 3670 4479 Constanti-

2102 4513 2355 4583 nopoleos
2398 4496 2879 4567 archimandritam
2916 4515 3031 4581 (seu
3062 4515 3296 4569 cmnohii
3329 4515 3664 4586 praefectum)

2096 4602 2465 4675 Eutychetem,
2488 4605 2723 4669 coactis;
2765 4605 2854 4673 qui
2895 4606 3171 4660 Christum
3196 4607 3478 4661 Dominum
3510 4607 3663 4664 Patri

2098 4696 2609 4751 consubstantialem
2662 4712 2787 4750 cum
2815 4695 3141 4763 faterentur,
3175 4698 3241 4753 de
3276 4697 3670 4757 Incarnationis

2097 4799 2273 4842 tamen
2328 4787 2583 4860 mysterio
2638 4787 2844 4843 nefarie
2874 4788 3253 4858 loquebantur,
3295 4792 3529 4859 dumque
3558 4792 3666 4846 Ne-

2095 4879 2247 4935 sturii
2274 4879 2543 4935 Christum
2574 4880 2911 4945 dissecantis,
2974 4881 3218 4949 duosque
3280 4880 3419 4935 ﬁlios
3463 4882 3664 4935 consti-

2096 4972 2295 5026 tuentis
2343 4984 2582 5026 errorem
2619 4952 2911 5037 declinant,
2950 4972 3001 5026 iu
3040 4972 3183 5025 aliud
3220 4972 3419 5025 malum
3454 4972 3663 5026 huicex

2097 5066 2308 5119 diverso
2352 5064 2656 5134 appositum
2711 5076 2835 5119 sunt
2866 5065 3094 5135 delapsi.
3142 5064 3432 5131 Utramque
3458 5064 3663 5119 scilicet

2095 5155 2189 5212 Dei
2212 5166 2454 5211 naturam
2488 5167 2540 5211 et
2564 5157 2812 5222 hominis,
2837 5168 3116 5226 postquam
3142 5157 3243 5209 sibi
3299 5157 3523 5210 invicem
3564 5173 3661 5212 ρο·

2098 5248 2291 5319 pulataa
2323 5259 2484 5315 atque
2530 5263 2784 5303 connexa:
2807 5248 3046 5311 fuerunt,
3080 5248 3151 5300 ita
3210 5248 3494 5314 permistas
3520 5263 3661 5317 esse,

2098 5348 2260 5409 atque
2282 5339 2422 5394 inter
2443 5353 2500 5394 se
2524 5340 2734 5409 penitus
2773 5342 2824 5394 in
2856 5355 3013 5392 unam
3078 5348 3326 5392 naturam
3384 5340 3655 5396 coaluisse

2100 5430 2262 5499 impie
2301 5421 2719 5495 asserebant,'ut
2766 5430 3098 5484 divinitatem
3143 5444 3357 5497 quoque
3417 5429 3660 5484 aﬂ‘ectio-

437 5530 599 5602 φέναι
649 5529 742 5593 τὸν
777 5528 984 5598 Κύριον
1032 5525 1239 5593 ἔλεγον,
1272 5521 1391 5575 οὐδὲ
1422 5524 1486 5576 ἐκ
1514 5521 1621 5576 τῶν
1663 5525 2003 5593 παρθενικῶν

2106 5524 2266 5578 nibus
2328 5534 2381 5577 et
2447 5522 2939 5592 perturbationibus
2990 5519 3276 5574 obnoxiam
3324 5520 3659 5575 constituere

431 5624 689 5691 αἱμάτων
720 5621 1128 5689 συμπαγείσαν,
1155 5616 1290 5670 ἀλλὰ
1340 5616 1434 5669 καὶ
1464 5616 1719 5687 ἀρρήτως
1757 5632 1875 5680 πως
1906 5620 2000 5673 καὶ

2106 5614 2325 5670 minime
2351 5624 2688 5669 vererentur.
2736 5614 2943 5683 Corpus
2973 5630 3209 5684 quoque,
3260 5628 3363 5671 non
3420 5610 3657 5679 ejusdem

437 5716 731 5788 θειοτέρως
758 5712 1136 5783 σεσαρκῶσθιι
1158 5710 1322 5767 αὐτὸν
1348 5708 1681 5764 ἀνέπλαττον
1706 5722 1723 5741 ’
1749 5710 1839 5763 καὶ
1864 5708 1997 5764 ἄλλα

2106 5724 2226 5766 cum
2253 5707 2499 5763 humanis
2547 5707 2866 5776 corporibus
2914 5716 3147 5772 naturai,
3172 5720 3270 5763 nec
3299 5720 3367 5761 ex
3402 5703 3663 5775 virgineis
