4138 6210
443 256 551 320 3R3
1692 262 1969 324 THEOD.
2000 264 2009 323 l

2076 263 2395 324 tISAIlON
3547 260 3649 324 384

441 382 762 432 concretum
825 371 1176 443 sanguinibus
1216 370 1516 441 suscepisse
1571 369 1997 434 Dominum,sed

2096 372 2154 425 δι
2202 373 2525 441 ἑφλυάρουν,
2581 370 2674 432 οὓς
2732 370 2970 433 καθεῖλε,
3026 368 3121 423 καὶ
3181 369 3573 441 ἀνεθεμάτισεν
3614 375 3646 443 ἡ

446 464 811 535 ἱιιειρΙίεαὶιὶΙί
854 464 1084 533 quadam
1112 473 1165 518 et
1194 446 1458 518 diviniore
1489 478 1711 532 prorsus
1767 463 1995 527 ratione,

2097 462 2227 528 ἁγία
2258 461 2475 522 σύνοδος
2502 461 2668 530 αὕτη,
2694 463 2901 514 τέλειον
2931 460 3062 513 Θεδν
3081 462 3175 515 καὶ
3202 463 3404 516 τέλειον
3437 463 3650 532 ἄνθρω-

446 557 785 611 incarnatqu
809 556 957 609 illum
1006 570 1127 610 esse
1160 555 1535 623 somniabant';
1579 556 1790 624 aliaque
1821 555 2002 610 debla-

2096 569 2199 605 πον
2228 552 2319 606 τὸν
2354 553 2559 623 Κύριον
2587 552 2744 622 ἡμῶν
2783 551 2993 621 Ἰησοῦν
3018 554 3249 621 Χριστὸν
3273 554 3646 621 δογματίσασα

448 652 693 705 terabant
730 648 1063 717 huiusmodi,
1117 649 1508 719 proindequea
1560 657 1746 704 sancta
1796 648 2002 719 synodo

2096 643 2155 695 ὲν
2181 643 2275 696 δύο
2304 643 2531 710 φύσεσιν
2558 644 2879 713 ἀδιαιρέτως
2901 646 2995 698 καὶ
3029 644 3368 716 ἁσυγχύτως.
3402 644 3651 709 Ἐξὲθετο

446 741 674 810 depositi
731 750 893 809 atque
932 740 1273 795 anathemate
1320 738 1561 810 percussi
1589 748 1759 793 sunt:
1812 736 1998 792 eadem

2094 733 2152 787 δὶ
2178 732 2276 787 καὶ
2316 735 2547 798 κανόνας
2577 735 2706 799 τοὺς
2738 736 3230 807 ὑποτεταγμένους.

446 832 681 904 synodus
717 833 901 896 Deum,
936 831 1316 899 hominemque
1379 829 1681 901 perlectum
1706 829 1759 882 in
1790 828 1995 881 duabus
2024 823 2268 879 indivisis
2324 826 2778 898 impermistisque
2806 830 3021 884 naturis
3059 829 3331 885 Christum
3372 829 3649 885 Dominum

444 940 564 980 esse
606 923 871 979 deﬁnivit.
928 924 993 979 Et
1026 938 1149 978 vero
1170 923 1440 989 subjectos
1483 936 1701 993 quoque
1750 930 1987 976 canones
2011 913 2200 970 edidit.

1067 1013 1296 1071 CANON
1333 1014 1373 1068 l.

445 1109 549 1176 Qui
586 1127 618 1163 a
656 1109 851 1163 sanctis
880 1106 1127 1161 Patribus
1164 1110 1220 1161 in
1244 1124 1549 1175 unaquaque
1579 1107 1777 1178 synodo
1802 1107 2002 1160 hucus-

515 1220 613 1272 que
676 1201 901 1268 expositi
958 1210 1113 1261 sunt,
1172 1201 1439 1253 observari
1509 1216 1734 1255 canones
1793 1215 1998 1269 a'quum

515 1294 830 1347 censuimus.

517 1385 713 1440 BALS.
762 1384 1117 1439 Ἐδικαεωσαν
1161 1385 1236 1453 (id
1266 1389 1370 1454 est)
1419 1385 1626 1455 justum
1671 1392 2000 1440 censuerunt

447 1474 658 1541 Patres,
684 1486 741 1529 ut
786 1476 933 1544 quia
972 1476 1177 1529 sanctis
1215 1476 1489 1541 Patribus,
1529 1476 1618 1545 qui
1650 1490 1742 1529 eos
1772 1490 2000 1544 praeces-

450 1576 661 1631 serunt,
694 1572 820 1620 ante
855 1576 1099 1636 quartam
1126 1566 1386 1637 synodum
1422 1567 1549 1621 editi
1572 1576 1699 1621 sunt
1738 1581 1998 1632 canones,

2694 1009 2946 1077 [KANQN
2970 1018 3049 1066 A'.

2107 1100 2252 1166 Τοὺς
2297 1102 2455 1168 παρὰ
2510 1102 2625 1155 τῶν
2663 1103 2847 1172 ἁγίων
2895 1104 3165 1170 Πατέρων
3216 1109 3346 1159 καθ’
3386 1107 3657 1174 ἑκάστην

2171 1194 2438 1247 σύνοδον
2478 1194 2615 1262 ἄχρι
2664 1196 2770 1249 τοῦ
2830 1196 2945 1247 νῦν
2994 1197 3339 1263 ἐκτεθέντος
3395 1204 3649 1267 κανόνας

2171 1286 2412 1349 κρατεῖν
2440 1286 2891 1356 ἐόικαιώσαμεν.

2172 1377 2370 1432 ΒΑΛΣ.
2416 1378 2772 1432 Ἐδικαίωσαν
2800 1380 2851 1431 οἱ
2891 1380 3131 1449 Πατέρες
3174 1382 3293 1436 ἀντὶ
3319 1381 3415 1436 τοῦ
3443 1384 3653 1438 δίκαιον

2101 1465 2242 1522 εἶναι
2292 1471 2532 1539 ἔκριναν,
2582 1473 2804 1539 κρατεῖν
2856 1472 2983 1533 τοὺς
3039 1472 3143 1543 πρὸ
3189 1473 3288 1543 τῆς
3340 1474 3383 1526 δ’
3437 1476 3652 1530 συνόδου

2104 1561 2428 1623 ὲκτεθέντας
2481 1561 2711 1624 κανόνας
2764 1562 2869 1614 ὑπὸ
2928 1564 3037 1615 τῶν
3096 1567 3200 1632 πρὸ
3263 1565 3440 1637 αὐτῶν
3484 1568 3654 1635 ἁγίων

446 1659 827 1720 observentur,
859 1670 913 1713 et
954 1659 1097 1715 vires
1135 1675 1261 1715 suas
1290 1660 1586 1715 obtineant.
1617 1659 1725 1715 Nec
1778 1660 2000 1726 dixeris,

2076 1640 2079 1675 ί
2105 1652 2388 1720 Πατέρων.
2425 1652 2533 1704 Καὶ
2561 1653 2635 1722 μὴ
2662 1652 2845 1727 εἴπῃς,
2874 1655 2995 1717 Πῶς
3020 1657 3120 1709 οὐκ
3142 1628 3390 1728 έμνήσῦή
3418 1661 3446 1712 ό
3476 1628 3654 1715 κανὼν

450 1752 721 1819 quomodo
801 1766 903 1804 non
968 1752 1214 1805 meminit
1267 1767 1437 1806 canon
1494 1751 1903 1821 provincialium
1953 1760 2007 1806 et

2105 1744 2348 1799 τοπικῶν
2389 1746 2620 1799 συνόδων
2660 1747 2753 1800 καὶ
2778 1749 3205 1816 οἰκουμενικῶν;
3247 1750 3378 1801 Ἀπὸ
3416 1750 3522 1822 γὰρ
3554 1752 3648 1805 τοῦ

452 1842 907 1896 ωειιιιιοιιὶεπιιηι
960 1843 1291 1914 synodorum
1315 1843 1338 1896 l
1364 1860 1429 1897 ex
1458 1858 1520 1899 eo
1548 1844 1689 1898 enim
1714 1845 1855 1913 quod
1880 1859 2008 1899 con-

453 1936 751 1995 ﬁrmentur,
812 1938 900 2004 qui
956 1952 983 1990 a
1034 1938 1234 1993 sanctis
1273 1938 1524 1992 Patribus
1584 1939 1635 1992 in
1687 1952 2008 2007 unaquaque

452 2026 661 2095 synodo
691 2028 756 2080 ad
785 2027 835 2080 id
867 2044 1035 2094 usque
1054 2039 1263 2099 tempus
1280 2030 1560 2098 compositi
1599 2038 1725 2084 sunt
1750 2044 2005 2095 canones,

453 2118 692 2171 omnium
776 2120 1101 2187 synodorum
1170 2124 1384 2177 decreta
1459 2122 1609 2177 lirma
1685 2137 1750 2178 ac
1797 2122 2009 2178 stabilia

458 2208 776 2266 redduntur.

528 2304 781 2361 ZONAR.
826 2307 1008 2373 Multa,
1043 2310 1163 2364 lldei
1205 2312 1542 2381 dogmatibus
1574 2312 1930 2375 stabiliendis,
1959 2321 2016 2366 et

458 2397 840 2452 ecclesiastica!
901 2401 1218 2469 disciplinae,
1275 2405 1622 2474 moribusque
1683 2408 2010 2470 sanciendis,

460 2486 804 2547 mcumen'ci,
871 2490 1338 2564 provincialesque
1400 2503 1523 2545 ante
1580 2505 1816 2548 sanctam
1877 2500 2015 2553 banc

460 2579 720 2647 synodum
752 2581 1003 2637 celebrati
1042 2594 1364 2652 conventus,
1411 2580 1767 2657 promulgatis
1793 2592 2017 2644 canoni-

463 2670 563 2725 lnts
609 2673 918 2729 decrevere.
975 2675 1045 2729 Ea
1104 2676 1266 2746 igitur
1320 2680 1499 2732 omnia
1557 2682 1772 2735 decreta
1828 2681 2015 2739 Patres

463 2763 634 2817 sancti
669 2764 718 2817 in
758 2766 858 2819 bac
888 2768 1093 2836 synodo
1114 2770 1420 2839 congregati
1474 2770 1576 2824 boc
1628 2786 1835 2826 canone
1884 2787 2017 2826 con-

465 2854 767 2922 ﬁrmarunt,
793 2866 845 2911 et
892 2858 1139 2913 obtinere
1176 2860 1509 2928 judicarunt,
1546 2861 1647 2917 hoc
1677 2873 1784 2929 est,
1809 2861 2013 2931 justum

462 2957 774 3012 senserunt,
822 2957 875 3003 et
893 2950 1292 3008 existimarunt.

570 3126 798 3181 ARIST.
842 3127 1081 3183 Canones
1110 3130 1364 3197 cujusque
1392 3134 1577 3202 synodi
1612 3147 1915 3190 sanctorum

948 3218 1168 3275 Patrum
1202 3226 1549 3277 observentur.

978 3314 1020 3382 ι
1034 3315 1134 3384 12
1173 3315 1402 3369 ι;ΑΝοΝ
1446 3316 1508 3370 ιι.

472 3401 534 3457 Si
574 3403 689 3471 quis
709 3405 979 3472 episcopus
1008 3419 1217 3473 propter
1250 3410 1498 3475 pecunias
1524 3411 1905 3467 ordinationem
1945 3414 2022 3483 fe-

539 3498 689 3560 cerit,
761 3506 808 3549 et
860 3515 963 3551 non
1010 3499 1241 3552 venalem
1299 3502 1524 3568 gratiam
1570 3504 1625 3555 in
1680 3506 2022 3559 venditionem

539 3588 836 3653 deduxerit,
892 3599 941 3643 et
974 3603 1184 3660 propter
1230 3594 1475 3656 pecunias
1533 3597 1853 3651 ordinaverit
1912 3601 2023 3665 epi-

540 3694 772 3745 smpum,
808 3680 885 3733 vel
917 3683 1363 3751 chorepiscopum,
1410 3691 1487 3739 vel
1516 3688 1893 3757 presbyterum,
1947 3691 2026 3745 vel

540 3771 766 3840 aliquem
826 3790 1004 3828 eorum
1046 3776 1135 3846 qui
1171 3778 1227 3830 in
1253 3778 1389 3831 clero
1443 3791 1890 3845 annumerantur,
1948 3784 2026 3837 vel

541 3873 753 3930 propter
774 3868 1023 3934 pecunias
1054 3871 1360 3934 promoverit
1388 3887 1706 3925 meonomum
1739 3874 1815 3927 vel
1842 3876 2024 3943 defen-

544 3975 711 4012 sorem
741 3961 819 4014 vel
838 3965 1268 4027 paramonarium
1307 3965 1416 4033 (seu
1444 3969 1749 4022 monasterii
1795 3969 2026 4024 admini—

2107 1837 2416 1906 κυρωθῆναι
2474 1839 2601 1899 τοὺς
2649 1840 2800 1907 παρὰ
2848 1840 2957 1892 τῶν
3004 1841 3174 1907 ἁγίων
3225 1842 3473 1912 Πατέρων
3524 1844 3648 1897 καθ’

2108 1934 2345 2002 ἑκάστην
2373 1933 2589 1986 σύνοδον
2621 1934 2781 2004 μέχρι
2814 1935 2905 1987 τοῦ
2937 1938 3057 1989 τότε
3083 1939 3273 2008 καιροῦ
3303 1941 3645 1999 συντεθέντας

2110 2024 2343 2087 κανόνας
2370 2026 2713 2095 στηρίζονται
2762 2031 2953 2080 πασῶν
2972 2031 3081 2082 τῶν
3112 2031 3339 2089 συνόδων
3367 2032 3431 2085 τὰ
3459 2033 3647 2087 Beasti.-

2112 2134 2312 2187 σματα.

2183 2298 2425 2353 ΖΩΝΔΡ.
2476 2299 2584 2352 Καὶ
2614 2300 2666 2351 αἱ
2696 2302 3066 2368 οἰκουμενικαὶ
3108 2304 3309 2359 σύνοδοι
3342 2306 3435 2360 καὶ
3471 2310 3524 2361 αἱ
3574 2326 3659 2361 τοο

2115 2390 2274 2442 πικαὶ
2302 2392 2358 2442 αἱ
2396 2390 2501 2459 πρὸ
2542 2392 2745 2461 ταύτης
2795 2395 2891 2462 τῆς
2924 2396 3082 2463 ἁγίας
3127 2397 3341 2451 συνόδου
3374 2399 3660 2465 γενόμεναι

2116 2482 2343 2543 κανόνας
2375 2481 2637 2547 ἐξέθεντο,
2668 2486 2794 2548 τοὺς
2812 2486 2910 2553 μὲν
2936 2490 3017 2550 εἰς
3046 2488 3328 2557 δογμάτων
3354 2493 3662 2545 συντελοῦν-

2118 2590 2217 2634 τας
2270 2574 2573 2645 ἀκρίϐειαν,
2640 2576 2766 2640 τοὺς
2794 2577 2853 2630 δὲ
2912 2580 2991 2641 εἰς
3030 2582 3487 2654 ἐκκλησιαστικὴν
3529 2587 3661 2652 ἀφο-

2120 2667 2329 2736 ρῶντας
2349 2668 2703 2733 κατάστασιν,
2734 2672 2946 2735 καὶτὰς
2976 2676 3267 2743 ἐκκλησίας
3288 2677 3659 2746 ῥυθμίζοντας.

2118 2760 2396 2822 Ἀπαντας
2427 2757 2520 2815 οὖν
2549 2761 2791 2826 ἐκείνους
2831 2767 2877 2817 οἱ
2910 2768 2966 2818 ἐν
2999 2768 3165 2837 ταύτῃ
3200 2771 3262 2837 τῇ
3303 2770 3502 2837 συνόδῳ
3540 2788 3665 2823 συν-

2118 2852 2496 2922 αθροισθέντες
2557 2855 2701 2922 ἅγιοι
2757 2859 2996 2927 Πατέρες
3042 2859 3396 2928 ἐπεκύρωσαν
3430 2862 3516 2914 διὰ
3571 2861 3664 2914 τοῦ

2042 2984 2089 3045 c
2123 2941 2386 3012 παρόντος
2414 2943 2653 3008 κανόνος,
2681 2945 2768 2999 καὶ
2805 2950 3025 3015 κρατεῖν
3048 2948 3391 3013 ἐδικαίωσαν,
3424 2952 3542 3005 ἀντὶ
3568 2952 3664 3004 τοῦ

2122 3032 2331 3087 δίκαιον
2360 3034 2583 3107 ἔκριναν
2608 3038 2701 3089 καὶ
2730 3040 3023 3108 ἡγήσαντο.

2122 3125 2344 3181 ΔΡΙΣΤ.
2379 3128 2444 3180 οι
2470 3126 2585 3181 τῶν
2610 3128 2793 3197 ἁγίων
2819 3131 3094 3199 Πατέρων
3118 3132 3382 3204 ἑκάστης
3401 3138 3665 3193 συνόδου

2548 3221 2796 3288 κανόνες
2822 3226 3241 3290 κρατείτωσιιν.

2725 3313 2960 3366 ΚᾹΝΩΝ
2990 3315 3066 3370 B'.

2124 3425 2198 3478 El
2226 3443 2311 3490 τις
2327 3426 2654 3494 ἐπίσκοπος
2684 3431 2781 3484 ἐπὶ
2807 3432 3068 3501 χρήμασι
3106 3440 3476 3504 χειροτονίαι·
3503 3439 3669 3506 ποιή-

2191 3533 2382 3583 σαιτο,
2422 3521 2517 3573 καὶ
2556 3524 2642 3588 εἰς
2675 3523 2898 3589 πρᾶσιν
2924 3531 3237 3596 καταγάγοι
3271 3531 3384 3597 τὴν
3407 3534 3672 3600 ἄπρατον

2191 3612 2386 3682 χάριν.
2413 3615 2508 3668 και
2544 3625 2949 3684 χειροτονῆσαι
2992 3621 3089 3675 ἐπὶ
3135 3623 3393 3692 χρήμασι
3424 3627 3669 3681 ἐπίσκο·

2194 3718 2329 3765 πον,
2361 3704 2398 3771 ἢ
2421 3707 2889 3773 χωρεπίσκοπον,
2913 3708 2950 3775 ἣ
2973 3713 3391 3778 πρεσϐύτερον,
3418 3713 3453 3779 ἢ
3477 3713 3672 3768 διάκο-

2194 3810 2305 3847 νον
2327 3836 2341 3859 ,
2378 3796 2415 3864 ἢ
2455 3795 2659 3863 ἕτερον
2690 3814 2822 3851 τινα
2851 3798 2969 3852 τῶν
2987 3802 3056 3852 ἐν
3087 3801 3286 3867 κλήρῳ
3320 3808 3669 3872 κατηριθμη-

2195 3884 2411 3953 μένων,
2442 3888 2480 3956 ἢ
2528 3887 2920 3955 προϐάλλωτο
2949 3889 3049 3943 ἐπὶ
3099 3892 3400 3960 χρήμασιν
3442 3896 3671 3948 οἰκονό-

2196 3996 2335 4046 μον,
2367 3981 2404 4049 ἣ
2432 3980 2697 4046 ἔκδικον,
2737 3983 2774 4051 ἢ
2815 3984 3253 4053 παραμονὰριον
3285 3987 3416 4057 (88),
3449 3987 3486 4055 ἣ
3519 3987 3673 4054 ὅλως

1708 4084 1898 4149 Guill.
1930 4088 2241 4171 Beveregii
2273 4109 2457 4162 notte.

549 4183 659 4251 (88)
710 4187 787 4240 ’Ἡ
813 4185 1281 4253 παραιιονάριον.
1316 4184 1441 4239 lizvc
1479 4202 1579 4239 vox
1620 4202 1741 4239 raro
1769 4188 2027 4243 occurrit.

480 4255 646 4330 Vetus
662 4254 1081 4330 _in_terpres_boe
1107 4257 1230 4330 loco
1257 4255 1440 4330 vertit,
1460 4256 1787 4330 patiar-ium.
1827 4257 2025 4330 Diony-

482 4328 594 4379 sius
662 4324 897 4391 Exiguus
953 4325 1395 4387 Mansionarium,
1453 4325 1789 4380 Justinianus
1848 4324 2026 4382 autem

487 4395 902 4449 l’aramonarios
944 4399 1086 4449 inter
1113 4409 1289 4447 rerum
1336 4394 1827 4448 ecclesiasticarum
1862 4396 2030 4449 admi-

487 4465 809 4518 nistratores
838 4472 1107 4528 recenset,
1128 4462 1335 4528 dicens,
1364 4462 1468 4516 Deo
1499 4463 1749 4515 amabiles
1782 4464 2025 4531 episcopi,

486 4534 533 4587 si
552 4532 756 4600 quidem
784 4532 989 4601 aliquos
1024 4534 1213 4586 diserte
1242 4534 1318 4597 lii,
1356 4534 1445 4600 qui
1474 4532 1792 4597 defecerunt,
1821 4548 2025 4599 praepo-

488 4601 686 4657 suerint
715 4602 861 4656 rebus
886 4602 1067 4669 (veluti
1108 4603 1457 4667 xenodochos,
1484 4602 1904 4672 ptorhotrophos,
1932 4617 2028 4656 aut

490 4686 815 4731 nosocomos,
850 4682 940 4725 aut
976 4672 1443 4741 orphanotrophos,
1478 4681 1568 4725 aut
1593 4682 2028 4741 ’gerontocomos,

488 4730 907 4812 paramonarios,
924 4751 1017 4795 aut
1037 4730 1350 4807 'cecanomo's,
1375 4730 1777 4807 autsimpliciter
1793 4730 2032 4808 dicendo,

490 4813 694 4877 piarum
730 4814 995 4882 actionum
1033 4812 1505 4880 administratores)
1540 4813 1655 4865 illos
1688 4814 1893 4880 quidem
1918 4829 2036 4882 per-

493 4882 701 4936 mittant
737 4881 924 4936 habere
973 4882 1500 4937 administrationem.
1535 4882 1571 4937 l.
1606 4898 1747 4941 XLVI.
1779 4893 1918 4941 sect.
1976 4883 2031 4939 5.

491 4969 544 5009 c.
587 4951 953 5024 De_episcopis
973 4960 1026 5007 et
1061 4952 1293 5024 clericis.
1330 4952 1408 5006 Ad
1438 4967 1596 5019 quem
1629 4953 1799 5024 locum
1839 4953 2038 5024 Diony-

495 5024 609 5094 sius
654 5020 1014 5078 Gothofredus
1076 5022 1368 5084 observat,
1422 5022 1860 5094 uapapovaplou;
1920 5020 2038 5078 esse

499 5092 724 5153 villicos,
764 5096 877 5147 sive
930 5102 1147 5149 actores
1194 5096 1619 5162 possessionum,
1643 5092 1913 5147 ex‘eorum
1946 5109 2037 5163 ge-

501 5176 631 5215 nere
654 5164 740 5222 uni
778 5179 865 5218 res
909 5163 1310 5219 ecclesiasticas
1345 5163 1744 5225 administrant,
1793 5165 2040 5230 quamvis

501 5231 635 5285 alias
674 5232 726 5302 lii
772 5234 1053 5289 videantur
1113 5233 1391 5302 appellari,
1451 5233 1742 5293 satellites,
1798 5235 2040 5295 asseclae.

504 5300 808 5373 buccellarji
844 5320 857 5356 :
889 5314 970 5360 est
998 5300 1369 5358 enim‘Nicetze
1403 5304 1714 5373 παραμονὴ,
1748 5303 2044 5373 πελεκυφό-

507 5386 598 5439 ρος
643 5369 933 5440 βάρϐαρος.
990 5375 1210 5429 Villicus
1259 5382 1437 5426 autem
1486 5369 1617 5425 'olim
1671 5369 1781 5442 agri
1834 5369 2043 5427 colendi

505 5454 670 5511 causa
710 5442 1048 5511 constitutus
1082 5454 1187 5506 est,
1247 5452 1405 5511 atque
1462 5442 1759 5511 appellatus
1812 5458 1840 5496 a
1899 5443 2043 5505 villa,

506 5510 647 5573 quod
675 5508 744 5563 ab
794 5525 859 5564 eo
887 5510 938 5564 iu
992 5527 1109 5566 eam
1155 5508 1546 5567 convellantur
1575 5511 1799 5573 fructus,
1825 5522 1879 5567 et
1926 5526 2049 5567 eve-

511 5577 708 5632 bantnr
741 5594 860 5633 cum
893 5594 1122 5634 veneunt
1153 5600 1167 5633 :
1200 5596 1256 5635 ut
1305 5591 1532 5638 testatur
1574 5580 1744 5637 Varro
1775 5582 1841 5635 de
1871 5598 1927 5634 re
1956 5596 2046 5633 rn-

510 5646 650 5700 stica
679 5648 714 5720 l.
742 5666 781 5714 I,
822 5664 867 5720 ο,
903 5650 958 5703 2.
1004 5649 1238 5720 Isidorus
1264 5661 1442 5706 autem
1492 5653 1593 5716 ait,
1624 5652 1788 5720 quod,
1826 5649 2049 5705 Villirus

512 5718 721 5786 pmprie
777 5716 911 5793 villtc
940 5718 1261 5790 gubernator
1297 5730 1396 5789 est,
1426 5723 1561 5777 unde
1596 5716 1707 5777 et'a
1748 5721 1871 5779 villa
1907 5721 2040 5776 villi-

2133 4214 2224 4252 cus
2257 4218 2438 4255 nomen
2465 4204 2683 4264 accepit.
2719 4202 2987 4256 Interdum
3016 4215 3187 4257 autem
3215 4204 3415 4257 villicus
3450 4220 3549 4255 non
3572 4220 3667 4267 gu-

2135 4269 2483 4341 bernationem
2536 4273 2710 4335 villae,
2767 4274 2857 4326 sed
2909 4273 3347 4341 dispensationem
3421 4277 3671 4327 universa:

2060 4366 2104 4421 Β
2131 4336 2338 4407 domus,
2397 4341 2570 4395 Tullio
2598 4343 2894 4421 interprete,
2932 4336 3229 4421 significat;
3288 4346 3424 4421 quod
3451 4353 3523 4396 est
3554 4346 3673 4398 uni-

2129 4423 2392 4481 versarum
2468 4413 2846 4481 possessionum
2906 4424 2956 4466 et
3017 4413 3259 4466 villarum
3322 4413 3671 4479 dispensator.

2132 4477 2324 4534 lsidori
2365 4477 2594 4549 Ety'mol.
2620 4480 2660 4551 l.
2695 4498 2769 4537 Ix.
2803 4497 2854 4537 c.
2881 4482 2932 4538 4.
2986 4481 3051 4537 Et
3094 4483 3193 4536 hoc
3238 4477 3455 4551 quidem
3512 4498 3672 4537 sensu

2127 4564 2228 4619 vox
2286 4550 2569 4619 οἰκονόμος
2618 4549 2750 4604 Luc.
2798 4568 2909 4615 va,
2974 4553 3022 4605 l.
3079 4569 3106 4603 ιι
3164 4549 3326 4604 veleri
3382 4550 3671 4607 Bibliorum
3762 4554 3769 4563 “

2130 4618 2421 4693 interprete
2453 4618 2557 4693 non
2590 4621 2767 4688 inepte
2804 4623 3042 4676 redditur
3082 4621 3326 4685 Villicus,
3358 4622 3451 4693 ubi
3476 4637 3503 4675 ιι
3543 4624 3675 4693 Syro

2131 4690 2356 4743 vertitur
2397 4692 2645 4761 magister
2677 4693 2884 4753 domus,
2937 4693 3001 4745 ab
3029 4696 3204 4745 Arabe
3255 4690 3672 4758 administrator,

2168 4769 2460 4832 rocurator.
2496 4760 2562 4813 Et
2592 4762 2671 4816 sic
2694 4762 2906 4832 quidem
2927 4762 3325 4832 παραμονάριοι
3353 4763 3531 4832 hocin
3557 4764 3671 4818 loco

2168 4776 2460 4816 rocurator.
2496 4776 2562 4813 bl
2592 4778 2671 4816 suc
2694 4776 2906 4829 quidem
2927 4776 3325 4832 παραμοναριοι
3353 4776 3454 4815 hoc
3480 4779 3531 4817 In
3557 4776 3671 4818 loco

2129 4776 2440 4895 Ettjusmodi
2508 4832 2673 4885 fuisse
2727 4831 2891 4884 villici
2953 4833 3220 4894 videntur,
3276 4832 3365 4900 qui
3421 4830 3671 4887 nimirunt

2135 4901 2505 4971 possessiones
2529 4911 2584 4955 et
2614 4902 2888 4967 pecunias,
2922 4904 3191 4971 praecipue
3217 4903 3281 4954 ad
3326 4904 3672 4964 tuonasteria,

2139 4971 2306 5041 μονὰς
2331 4970 2497 5041 dicta,
2524 4971 2854 5040 pertinentes
2878 4970 3346 5033 administrarunt,
3377 4982 3430 5023 et
3461 4974 3676 5039 dispen-

2138 5039 2349 5096 Sarunt.
2406 5039 3093 5112 Sed'DionysiusExiguus
3124 5042 3212 5095 hic
3260 5042 3676 5112 mansionarium

2138 5111 2324 5174 vertit,
2354 5120 2412 5162 ut
2444 5121 2567 5164 ante
2605 5110 2763 5165 etiam
2798 5110 3138 5167 observatum
3168 5120 3271 5164 est.
3314 5110 3465 5175 Quod
3500 5122 3675 5165 tamen

2141 5197 2245 5235 non
2289 5179 2686 5251 intelligendum
2718 5189 2800 5234 est
2831 5185 2897 5235 de
2936 5184 3182 5236 versione
3212 5183 3346 5251 ejus,
3380 5182 3431 5251 in
3487 5181 3677 5234 Biblio-

2144 5251 2296 5304 theca
2341 5248 2486 5305 Juris
2514 5248 2772 5305 Canonici
2803 5252 3022 5315 veteris,
3052 5265 3118 5305 ex
3150 5267 3250 5304 ms.
3302 5250 3676 5317 Christopbori

2142 5318 2353 5390 .lrustelli
2387 5320 2551 5383 edita,
2577 5320 2769 5390 quippe
2801 5321 2980 5390 inqua
3014 5320 3154 5375 nulla
3202 5320 3392 5374 Latina
3432 5335 3531 5374 vox
3561 5321 3678 5375 loco

2144 5389 2343 5461 Cra-cie
2364 5391 2795 5461 ruapupovdptov
2835 5389 3071 5445 occurrit
3104 5409 3117 5444 :
3161 5392 3251 5444 sed
3279 5390 3344 5461 de
3375 5390 3497 5443 aliis
3527 5391 3677 5445 istius

2145 5460 2404 5513 versionis
2431 5452 2753 5515 editionib'us
2778 5460 2831 5515 in
2874 5463 3031 5515 tomis
3062 5452 3423 5515 Coucilioium
3465 5469 3516 5512 et
3548 5461 3673 5513 alibi

2148 5530 2441 5601 impressis,
2474 5530 2563 5601 ubi
2589 5530 3444 5601 παραμονάριοννηιαςιεὶοηατὶιιιη
3481 5531 3674 5596 vertit;

2151 5600 2414 5669 quomodo
2463 5600 2625 5655 etiam
2673 5599 2753 5653 ἰιι
2807 5599 3071 5654 nonnullis
3115 5600 3301 5654 lsidori
3366 5599 3673 5669 Mercatoris

2152 5667 2427 5726 codicibus
2470 5670 2750 5725 redditur:
2781 5671 2832 5724 in
2864 5669 2984 5724 aliis
3010 5670 3122 5738 ipsa
3151 5684 3253 5723 vox
3285 5670 3468 5725 Graeca
3505 5667 3670 5721 Para-

2154 5742 2416 5797 monarius
2460 5744 2735 5800 retinetur.
2762 5739 3147 5797 Mansiouarius
3177 5750 3351 5799 autem
3409 5754 3547 5798 unus
3570 5739 3669 5796 luit
