4138 6210
440 328 554 392 385

1557 323 1638 384 IN
1676 320 1842 383 CAN.
1863 320 1922 381 II
1946 316 2155 384 CONC.
2179 317 2539 381 CHALCED.

3551 320 3653 381 386

512 444 647 498 τινὰ
669 442 778 497 τοῦ
806 444 1085 510 κανόνος,
1127 440 1202 495 δι’
1228 438 1711 509 αἰσχροκέρδειαν
1731 455 1745 468 ο
1775 440 1808 491 ὀ
1834 435 2007 490 τοῦτο

2181 436 2393 504 atrum),
2464 451 2538 487 vet
2591 433 2802 488 omnino
2840 434 3067 503 aliquem
3133 450 3198 487 ea:
3236 449 3435 487 canone
3489 438 3656 502 turpis

514 536 903 605 ἐπιχειρήσας
951 532 1252 605 ἐλεγχθεὶς
1290 530 1681 585 κινδυνευέτω
1711 527 1845 596 περὶ
1896 526 2006 580 τόν

518 632 741 684 οἰκεῖον
762 631 999 698 ,ϐαθμόν
1023 644 1037 660 ·
1068 627 1164 681 καὶ
1202 628 1235 680 ό
1263 612 1782 693 χειροτονούμενος
1814 619 2006 688 μηδὲν

522 723 592 775 ἐκ
616 720 725 788 τῆς
750 721 874 774 κατ’
905 720 1197 788 ἐμπορίαν
1223 716 1565 785 ὠφελείσθω
1584 714 1949 782 χειροτονίας
1964 711 2003 779 ἢ

517 811 825 882 προϐολῆς
844 827 858 840 '
893 811 1030 866 ἀλλ’
1058 812 1211 865 ἔστω
1260 807 1574 874 ἀλλότριος
1619 803 1729 872 τῆς
1761 804 1935 868 ἀξίας
1964 801 2003 869 ἢ

513 907 625 960 τοῦ
645 905 1081 975 φροντίσματος
1105 897 1288 969 οὗπερ
1331 899 1426 952 ἐπὶ
1449 896 1749 967 χρήμασιν
1767 895 2003 963 ἔτυχεν.

426 1042 429 1045 λ
511 1001 583 1053 Et
603 997 671 1052 δέ
702 1014 793 1063 τις
831 996 929 1050 καὶ
955 994 1286 1063 μεσιτεύων
1312 988 1474 1060 φανῇ
1526 988 1649 1053 τοῖς
1678 988 1864 1053 οὕτως
1913 989 2005 1041 al-

412 1091 423 1100 ’
512 1088 732 1158 σχροῐς
762 1086 861 1140 καὶ
890 1086 1186 1155 ἀθεμίτοις
1215 1083 1546 1151 λήμμασιν,
1579 1079 1677 1133 καὶ
1723 1073 1921 1144 οὗτος,
1954 1079 2005 1130 εί

411 1170 426 1252 ξ
508 1179 631 1249 μέν
656 1175 943 1245 κληρικὸς
963 1174 1081 1241 εἴη.
1123 1173 1230 1226 τοῦ
1276 1173 1499 1226 οἰκείου
1531 1167 1861 1222 ἐκπιπτέτω
1883 1168 2001 1231 βα-

412 1265 419 1275 ¹
515 1268 668 1338 θμοῦ
693 1284 710 1301 ·
762 1270 814 1321 ει
845 1266 913 1319 δὲ
940 1267 1150 1332 lateor;
1179 1265 1216 1333 ἢ
1252 1261 1540 1333 μονάζὶυν,
1601 1257 2007 1329 ἀναθεματιζέ-

515 1365 660 1415 σθω.

516 1453 712 1507 ΒΛΛΣ.
762 1451 820 1504 '0
878 1447 959 1503 κδ’
1003 1448 1184 1503 κανὼν
1218 1451 1325 1503 τῶν
1358 1451 1528 1519 ἁγίων
1565 1451 1877 1505 ἀποστόλων
1910 1447 2005 1500 καὶ

450 1546 481 1597 ό
512 1543 583 1608 λ’,
620 1544 714 1596 καὶ
746 1543 947 1612 ἕτεροι,
980 1542 1230 1611 μεγάλως
1260 1542 1557 1613 τιμωροῦσι
1600 1542 1723 1602 τοὺς
1760 1541 1845 1593 διὰ
1874 1556 2005 1610 χρη-

444 1638 635 1709 μάτων
663 1634 1099 1705 χειροτονοὼτάς
1137 1650 1195 1687 τε
1242 1635 1334 1686 καὶ
1387 1633 1906 1706 χειροτονουμένους.
1947 1631 2005 1683 ’0

441 1729 504 1784 δὲ
535 1728 724 1799 παρὼν
766 1726 944 1780 κανὼν
986 1726 1277 1795 διορίζεται
1321 1726 1394 1795 μὴ
1435 1729 1596 1795 μόνον
1629 1723 2002 1788 τούτουςκαθ-

2171 534 2400 595 quiestus
2427 527 2603 595 gratia
2625 542 2645 580 :
2674 526 2762 595 qui
2803 528 2898 580 hoc
2929 536 3156 580 tentasse
3180 527 3443 580 conuictus
3476 526 3657 595 fuerit,

2174 620 2238 672 de
2260 621 2469 685 proprio
2502 620 2673 687 gradu
2714 618 2768 671 in
2799 620 3087 687 periculurn
3118 620 3288 672 veniat
3314 634 3333 673 :
3367 630 3414 672 et
3459 622 3547 689 qui
3583 632 3657 674 est

2176 713 2472 775 ordinatus,
2500 727 2564 764 ea:
2599 711 2926 764 ordinatione
2954 711 3032 765 vel
3076 713 3397 780 promotione
3434 728 3549 780 qua:
3577 714 3662 766 in-

2173 810 2287 856 star
2315 810 2659 855 mercatorum
2691 803 3038 867 uenundatur,
3093 800 3223 854 nihil
3262 801 3515 868 juvetur:
3570 805 3660 857 sed

2174 893 2293 946 sita
2329 892 2580 962 dignitate
2630 890 2703 944 vel
2735 891 3025 953 curatione.
3057 907 3214 960 quam
3260 893 3489 959 pecuniis
3535 893 3661 945 ade-

2174 993 2293 1051 ptus
2320 997 2418 1048 est,
2449 983 2673 1038 alienus.
2708 980 2766 1037 Si
2804 984 2919 1053 quis
2957 992 3132 1037 autem
3165 985 3293 1037 adeo
3333 985 3574 1052 turpibus
3609 994 3659 1038 et

2176 1068 2397 1137 nefariis
2425 1070 2587 1124 lucris
2612 1071 2922 1124 intercessor
2945 1072 3273 1138 apparuerit,
3316 1074 3402 1125 hic
3439 1089 3660 1142 quoque,

2174 1160 2222 1213 si
2242 1161 2309 1212 sit
2338 1161 2543 1229 quidem
2568 1160 2809 1223 clericus,
2839 1164 3049 1230 proprio
3080 1164 3249 1232 gradu
3287 1164 3499 1217 excidat
3530 1179 3549 1216 :
3580 1164 3661 1218 sin

2175 1269 2294 1306 vero
2324 1254 2493 1305 laicus
2526 1255 2594 1306 sit
2624 1255 2701 1308 uel
2759 1261 3061 1319 monachus,
3097 1257 3595 1310 anatltentatizetar.

2178 1429 2372 1485 BALS.
2408 1429 2707 1486 Vicesimus
2748 1445 2922 1485 nonus
2958 1446 3130 1487 canon
3185 1442 3491 1486 sanctorum
3535 1447 3665 1498 apo-

2107 1522 2366 1578 stolorum
2394 1531 2449 1576 et
2479 1522 2785 1578 tricesimus
2810 1532 2864 1575 et
2890 1521 3005 1587 alii,
3034 1538 3127 1578 eos
3178 1525 3333 1577 valde
3356 1525 3582 1593 puniunt
3609 1534 3665 1578 et

2109 1615 2199 1681 qui
2223 1613 2497 1680 ordinant,
2532 1623 2585 1667 et
2631 1615 2722 1682 qui
2761 1625 2979 1684 propter
3028 1618 3285 1685 pecunias
3324 1617 3661 1670 ordinantur.

2111 1705 2208 1759 Hic.
2235 1720 2363 1759 vero
2390 1719 2630 1774 praesens
2674 1720 2847 1760 canon
2882 1706 3146 1769 decernit,
3190 1722 3297 1759 non
3343 1705 3515 1761 solum
3567 1720 3665 1761 eos

442 1794 719 1894 αιρεῖσϐαι
749 1861 765 1886 ,
819 1818 953 1873 ἁλλὰ
1000 1794 1097 1872 καὶ
1155 1823 1281 1881 τοὺς
1324 1794 1477 1873 οὕτω
1529 1816 1922 1888 σφραγίζοντας
1966 1814 1999 1886 ἦ

2109 1795 2489 1865 deponendos,
2527 1796 2619 1850 sed
2670 1809 2764 1849 eos
2814 1797 2976 1851 etiam
3031 1796 3120 1865 qui
3168 1798 3537 1851 characterem
3587 1797 3667 1851 sic

443 1911 940 1984 σφραγιζομένους,
975 1912 1111 1981 πρὶς
1145 1910 1202 1964 δὲ
1230 1911 1325 1964 καὶ⁸
1356 1910 1481 1975 τοὺς
1517 1910 1658 1963 οὕτω
1696 1908 1999 1981 προϐαλλο-

448 2006 666 2074 μένους,
696 2003 730 2072 ἢ
759 2000 1327 2072 προϐληθησομένους.
1357 2002 1539 2072 υίμὲν
1560 2001 1667 2076 γὰρ
1691 2001 1999 2064 ἐπίσκοποι,

441 2098 494 2149 oi
526 2095 959 2166 χωρεπὶσκοποι,
991 2095 1039 2147 οἱ
1064 2093 1443 2165 πρεσόύτεροι,
1473 2095 1521 2147 οἱ
1551 2094 1804 2157 διάκονοι,
1836 2094 1931 2147 καὶ
1952 2094 2001 2146 ol

444 2190 793 2245 ὑποδιὰκονοι
808 2186 1255 2259 χειροτονοῦνται·
1274 2186 1323 2239 οἱ
1336 2184 1558 2255 ψάλται,
1576 2185 1626 2239 οἱ
1637 2185 2003 2253 ἀναγνῶσται,

443 2284 495 2335 οι
520 2282 777 2350 ἄρχοντες
810 2280 903 2348 καὶ
926 2278 1100 2349 ἕτεροι
1125 2278 1532 2349 σφραγίζονταιο
1559 2279 1607 2330 οἱ
1630 2276 1687 2330 δὲ
1707 2277 2003 2347 οἰκονόμοι,

442 2374 497 2425 οἱ
535 2369 942 2441 χαρτουλάριοι,
978 2370 1028 2422 οἱ
1065 2368 1485 2438 παραμονὰριοι,
1517 2368 1611 2420 καὶ
1644 2366 1847 2437 ἕτεροι,
1876 2384 2002 2437 προ-

447 2463 760 2517 ϐάλλονται.
794 2463 903 2516 Καὶ
936 2460 1092 2513 τοῦτο
1117 2458 1451 2527 παρίσταται
1485 2459 1593 2511 ἀπο
1618 2457 1712 2511 τοῦ
1741 2458 2006 2527 παρόντος

445 2555 692 2617 κανόνος,
718 2552 965 2620 λέγοντος
991 2568 1006 2583 ο
1036 2550 1215 2615 Μηδὲν
1238 2552 1301 2603 ἐκ
1321 2548 1421 2617 τῆς
1443 2547 1561 2602 κατ’
1579 2548 1845 2619 ἐμπορίαν
1866 2546 2010 2617 ὠφε-

444 2644 665 2699 λεῖσθαι
716 2645 1049 2714 χειροτονίας
1091 2643 1124 2712 ἢ
1166 2641 1458 2712 προϐολῆς.
1513 2640 1603 2712 Τῷ
1635 2642 1743 2711 γὰρ
1780 2640 2008 2711 ὀνόματι

445 2739 549 2806 τῆς
580 2735 913 2806 χειροτονίας
940 2734 1037 2787 καὶ
1088 2734 1121 2803 ἡ
1154 2732 1391 2803 σφραγὶς
1430 2732 1769 2803 περιέχεται,
1803 2732 1877 2795 ὼς
1918 2730 2010 2784 διὰ

447 2828 637 2900 χειρὸς
666 2826 949 2897 γινομένη,
981 2826 1043 2879 οὐ
1078 2827 1183 2895 μὴν
1216 2828 1311 2878 καὶ
1348 2825 1382 2896 ἡ
1423 2823 1686 2896 προσολή.
1719 2823 1870 2895 Αὕτη
1896 2824 2010 2895 γὰρ

448 2919 547 2971 καὶ
572 2917 696 2985 δίχα
722 2916 1020 2986 σφραγῖδος
1056 2916 1310 2969 τελεῖται.
1359 2914 1741 2983 Ἀναφαίνεται
1769 2913 1826 2967 δὲ
1854 2912 2012 2968 τοῦτο

448 3010 549 3063 καὶ
568 3013 632 3062 ὲκ
650 3007 745 3060 τοῦ
772 3009 945 3061 εἰπεῖν
984 3009 1073 3061 τὸν
1104 3007 1304 3061 κανόνα
1328 3022 1345 3038 ο
1390 3006 1531 3059 Ἀλλ’
1560 3008 1702 3061 ἔστω
1729 3006 2011 3076 ἀλλότριος

445 3102 551 3170 τῆς
631 3100 786 3166 ἀξίας
843 3100 876 3169 ἢ
930 3099 1023 3153 τοῦ
1070 3099 1464 3170 φροντίσματος
1503 3093 1564 3153 οὗ
1610 3098 1701 3151 ἐπὶ
1735 3099 2010 3170 χρήμασιν

446 3194 666 3261 ἔτυχεν.
706 3192 780 3244 Οὐ
822 3192 1014 3260 μόνους
1052 3190 1107 3243 δὲ
1135 3189 1353 3252 τούτους
1384 3190 1623 3254 κολάζει,
1659 3189 1732 3253 ὡς
1769 3190 2006 3261 εἴρηται,

446 3283 588 3336 ἀλλὰ
614 3283 709 3335 καὶ
736 3284 862 3344 τοὺς
895 3282 1240 3352 μεσάσαντας
1270 3281 1532 3352 μοναχοὺς
1556 3282 1590 3352 ἢ
1620 3280 1837 3344 λαῑκοὺς
1852 3281 2010 3346 ὄντας

447 3374 867 3451 ἀναθεματίζει.
902 3373 1214 3444 Σημείωσαι
1250 3373 1312 3428 τὸ
1348 3392 1441 3428 του
1473 3375 1888 3446 παραμοναρίου
1917 3375 2010 3426 καὶ

446 3471 546 3525 τοῦ
574 3470 884 3539 οἰκονόμου.
926 3470 1061 3539 Περὶ
1092 3469 1149 3523 δὲ
1176 3471 1597 3542 χωρεπισκόπου
1635 3468 1791 3542 ζήτει
1815 3469 1915 3541 τῆς
1953 3472 2010 3525 ὲν

445 3565 856 3635 Νεοκαισαρείᾳ
881 3563 1099 3616 συνόδου
1126 3564 1324 3619 κανόνα
1358 3569 1449 3634 ιγ’.

523 3837 770 3891 ΖΩΝΑΡ.
809 3835 918 3888 Καὶ
943 3832 1052 3886 τῶν
1084 3831 1254 3900 ἁγίων
1283 3830 1612 3896 ἀποστόλων,
1644 3830 1737 3884 καὶ
1778 3827 2009 3882 συνόδων

446 3932 627 3985 ἄλλων
662 3927 882 3989 κανόνες
916 3926 1023 3979 εἰσὶ
1048 3924 1291 3993 διάφοροι
1314 3925 1441 3991 περὶ
1472 3921 1566 3974 τοῦ
1595 3921 1667 3990 μὴ
1693 3919 2009 3990 χειροτονεῖ-

449 4023 578 4076 σθαί
605 4038 754 4083 τινας
776 4022 868 4073 ἐπὶ
889 4018 1033 4071 δόσει
1057 4016 1517 4088 χρημάτων,μήτε
1547 4013 1651 4082 μὴν
1667 4013 1752 4064 διὰ
1774 4026 2011 4079 προστα-

446 4119 574 4178 σίας
594 4111 925 4184 ἀρχοντικῆς
946 4127 961 4141 '
987 4114 1015 4164 ὁ
1044 4111 1101 4164 δὲ
1126 4108 1315 4179 παρὼν
1357 4104 1536 4161 κανὼν
1568 4098 1721 4167 οὗτος
1748 4101 2011 4155 πλατύτε-

446 4228 546 4281 ρον
577 4209 647 4260 τὰ
676 4206 803 4276 περὶ
822 4204 1012 4257 τούτου
1034 4202 1395 4265 διατάττεται,
1425 4199 1520 4251 καὶ
1556 4194 1859 4266 ἀπαριθμεῖ
1884 4191 2008 4256 τοὺς

446 4299 978 4375 χειροτονουμένους,
1002 4296 1097 4349 καὶ
1122 4293 1245 4356 τοὺς
1302 4289 1788 4362 προσαλλομένους.
1819 4287 1882 4341 Οἱ
1911 4284 2009 4356 μὲν

447 4397 562 4463 γὰρ
584 4385 1015 4461 χειροτονοῦνται
1055 4383 1128 4447 ὡς
1171 4384 1480 4445 ἐπίσκοποι,
1511 4387 1602 4433 καὶ
1624 4375 2008 4449 πρεσϐύτεροι,

2103 1889 2370 1951 tribuunt,
2401 1902 2599 1957 eosque
2630 1890 2825 1959 quibus
2845 1890 3041 1942 datur:
3079 1898 3335 1957 praeterea
3389 1899 3567 1942 autem
3611 1894 3671 1944 et

2101 1993 2195 2034 eos
2224 1979 2314 2049 qui
2357 1979 2435 2033 sic
2471 1988 2806 2048 promovent,
2849 1978 2928 2033 vel
2977 1980 3141 2034 etiam
3188 1980 3665 2047 promovebuntur.

2102 2068 2350 2137 Episcopi
2404 2068 2571 2133 enim,
2623 2067 3023 2137 cborepiscopi,
3055 2067 3378 2137 presbyteri,
3424 2066 3661 2129 diaconi.

2104 2159 2424 2216 subdiaconi
2473 2159 2826 2225 ordinantur;
2863 2169 3141 2224 cantores,
3185 2158 3441 2225 lectores,
3475 2159 3663 2228 praesi-

2106 2254 2270 2305 deset
2296 2249 2411 2314 alii,
2460 2249 2780 2304 charactere
2830 2248 3220 2319 designantur:
3254 2252 3520 2304 (economi
3566 2265 3667 2304 au-

2107 2326 2235 2407 tem,
2260 2341 2589 2408 chartularii,
2641 2341 3000 2411 paramonarii
3051 2345 3166 2411 (seu
3218 2342 3664 2397 monasteriorum

2105 2434 2431 2503 administri)
2482 2443 2537 2489 et
2593 2434 2685 2488 alii
2739 2443 3149 2504 promoventur.
3184 2433 3252 2487 Et
3290 2434 3390 2489 hoc
3435 2450 3497 2489 ex
3533 2450 3668 2504 prae-

2104 2525 2246 2581 senti
2276 2540 2484 2581 canone
2503 2536 2744 2597 apparet,
2772 2527 2861 2596 qui
2913 2527 3079 2581 dicit:
3119 2526 3194 2581 Ex
3219 2528 3555 2580 ordinatione
3586 2528 3668 2581 vel

2106 2618 2473 2688 promotione,
2504 2632 2622 2687 qua:
2674 2618 2847 2672 instar
2873 2629 3237 2673 mercatorum
3299 2621 3661 2686 venundatur,

2108 2710 2247 2764 nihil
2293 2708 2531 2780 juvetur.
2596 2707 2969 2765 Ordinationis
3028 2710 3174 2764 enim
3235 2712 3452 2764 nomine
3502 2713 3666 2764 etiam

2108 2801 2441 2859 characteris
2473 2802 2759 2870 impressio
2791 2802 3271 2870 comprehenditur
3331 2813 3387 2855 ut
3426 2818 3523 2872 per
3553 2819 3669 2856 ma-

2111 2910 2239 2951 num
2292 2895 2471 2950 facta:
2500 2893 2596 2951 sed
2634 2908 2739 2948 non
2798 2891 2985 2947 itidem
3038 2894 3325 2962 promotio.
3370 2891 3488 2963 Ipsa
3524 2896 3666 2949 enim

2111 2988 2272 3044 etiam
2300 2987 2418 3043 sine
2448 2985 2779 3042 characteris
2832 2983 3053 3040 datlone
3104 2986 3399 3054 perﬁcitur.
3435 2985 3672 3054 Apparet

2116 3090 2293 3137 autem
2325 3080 2427 3134 hoc
2467 3079 2631 3135 etiam
2658 3094 2725 3134 ex
2748 3092 2813 3130 eo
2840 3078 2982 3149 quod
3033 3078 3163 3132 dicit
3191 3093 3361 3131 canon
3393 3094 3406 3131 :
3443 3078 3548 3131 Sed
3601 3078 3673 3132 sit

2116 3171 2325 3225 alienus
2358 3186 2386 3223 a
2423 3168 2687 3238 dignitate
2742 3170 2826 3224 vel
2890 3168 3195 3233 curatione,
3223 3184 3382 3236 quam
3428 3170 3670 3237 pecuniis

2114 3271 2391 3318 assecutus
2415 3270 2516 3316 est.
2552 3259 2666 3314 Non
2722 3260 2819 3315 hos
2862 3270 3040 3314 autem
3084 3262 3228 3315 solos
3290 3260 3458 3330 punit,
3495 3270 3552 3314 ut
3583 3261 3669 3315 di-

2115 3365 2259 3409 ctum
2285 3363 2401 3418 est;
2427 3351 2520 3405 sed
2546 3366 2637 3406 eos
2660 3354 2840 3413 etiam,
2870 3349 2956 3418 qui
2995 3352 3385 3403 intercessores
3442 3350 3660 3411 iuerint,

2114 3444 2159 3500 si
2221 3443 2333 3500 sint
2394 3442 2512 3497 laici
2562 3441 2645 3495 vel
2702 3439 2989 3507 monachi,
3029 3440 3472 3494 anathematizat.
3533 3438 3669 3493 Nota

2113 3537 2256 3609 quod
2277 3534 2473 3591 dicitur
2498 3535 2563 3588 de
2593 3533 2972 3603 paramonario
3002 3541 3055 3586 et
3083 3546 3387 3587 (ecunomo.
3437 3530 3510 3585 De
3539 3531 3673 3585 chod

2114 3627 2408 3699 repiscopis
2458 3634 2638 3678 autem
2673 3631 2855 3694 quare
2886 3621 3097 3694 synodi,
3155 3621 3404 3692 qute‘fuit
3451 3620 3671 3676 Neocae-

2110 3735 2314 3786 saretc,
2344 3733 2467 3774 can.
2497 3716 2561 3771 15

2195 3831 2454 3888 ZONAR.
2488 3828 2739 3884 Pluribus
2764 3828 2885 3883 aliis
2921 3825 3287 3897 apostolorum
3319 3826 3673 3897 synodorum-

2112 3940 2219 3997 que
2263 3923 2515 3988 decretis,
2579 3921 2753 3991 pretio
2784 3921 3080 3988 redempta,
3117 3928 3211 3971 aut
3243 3917 3547 3987 principum
3592 3915 3662 3969 vi-

2115 4034 2297 4074 rorum
2326 4016 2645 4070 auctoritate
2678 4020 2889 4068 extorta
2919 4013 3168 4066 ordinum
3214 4008 3434 4063 collatio
3486 4007 3665 4075 prohi-

2114 4111 2289 4165 betur.
2346 4108 2489 4162 ldem
2535 4109 2635 4161 hoc
2687 4118 2914 4167 canone,
2958 4102 3131 4155 fusius
3177 4111 3352 4153 tamen
3403 4098 3669 4167 explicata

2115 4198 2529 4261 constitutione,
2558 4195 2889 4251 decernitur.
2927 4193 2985 4247 In
3009 4207 3074 4247 eo
3106 4190 3398 4259 siquidem,
3425 4199 3479 4243 et
3529 4187 3667 4258 qui-

2114 4293 2215 4347 bus
2276 4289 2494 4345 ordines
2550 4284 2823 4349 conferri,
2884 4293 2939 4340 et
2995 4283 3301 4353 quicunque
3367 4280 3669 4351 promoveri

2117 4393 2364 4457 possunt,
2417 4388 2824 4437 enumerantur.
2861 4377 2993 4433 Nam
3055 4377 3146 4432 alii
3198 4376 3440 4446 quidem,
3480 4375 3671 4444 quoin

446 4485 544 4537 καὶ
569 4482 802 4536 διάκονοι
824 4477 917 4531 καὶ
947 4475 1287 4529 ὐποδιάκονοι
1308 4490 1323 4504 ·
1342 4473 1391 4526 οἱ
1412 4472 1466 4525 δὲ
1496 4470 1884 4542 σφραγίζονται
1915 4469 2007 4538 μό-

2121 4491 2346 4536 numero
2401 4476 2661 4546 episcopi,
2697 4469 3018 4542 presbyteri,
3064 4468 3271 4524 diaconi
3302 4476 3356 4522 et
3410 4466 3670 4537 bypodiao

453 4593 567 4639 νος,
628 4574 746 4638 (καὶ
772 4569 930 4623 τοῦτο
957 4568 1011 4620 δὲ
1043 4565 1383 4637 χειροθεσίας
1412 4564 1605 4633 ἐστὶν),
1656 4562 1750 4646 ὡς.
1765 4560 2010 4628 ἀναγνῶ-

452 4683 578 4720 σται
597 4666 695 4719 καὶ
712 4663 938 4732 ψάλται,
958 4659 1055 4713 καὶ
1084 4659 1135 4711 οἱ
1156 4657 1366 4719 τούτοις
1382 4655 1558 4725 ὅμοιοι
1575 4670 1589 4685 ο
1622 4654 1671 4706 οἱ
1695 4654 1750 4705 δὲ
1776 4651 2014 4723 προϐάλ-

450 4758 654 4822 λονται,
687 4756 763 4817 ὡς
788 4754 1063 4821 οἰκονόμοι
1096 4750 1189 4803 καὶ
1217 4748 1421 4801 ἔκδικοι
1451 4747 1541 4799 καὶ
1588 4745 2012 4815 παραμονὰριοι.

452 4851 669 4911 Πάντας
705 4843 798 4900 οὖν
838 4844 1061 4907 τούτους
1100 4841 1432 4913 ἀπαγορεύει
1464 4842 1491 4892 ὁ
1525 4837 1705 4893 κανὼν
1729 4830 1881 4903 οὗτος
1920 4839 2015 4891 ἐπὶ

444 4941 597 4992 δόσ-ι
624 4939 921 5010 χρημάτων
950 4937 1212 5006 γίνεσθαι,
1250 4936 1343 4987 καὶ
1370 4933 1497 4997 τοὺς
1514 4931 1611 5003 τὴν
1637 4930 1883 5001 ἄπρατον
1910 4930 2013 5009 χά·

2116 4572 2238 4627 coni
2268 4579 2413 4635 sttnt,
2446 4566 2803 4623 ordinantur:
2833 4561 3092 4627 nonnulli,
3123 4569 3179 4614 ut
3202 4560 3451 4625 lectores,
3484 4569 3666 4613 canto-

2118 4678 2203 4719 res
2230 4676 2294 4715 ac
2317 4656 2621 4729 huiusmodi
2648 4654 2737 4709 alii
2764 4654 2927 4724 (quod
2956 4656 3130 4721 ipsum
3155 4666 3261 4705 non
3280 4650 3397 4705 sine
3419 4665 3667 4703 manuum

2118 4749 2459 4820 impositione
2502 4745 2812 4816 contingit),
2846 4744 2962 4799 solo
3019 4742 3337 4797 charactere
3366 4739 3669 4810 signantur,

2119 4841 2209 4895 alii
2233 4842 2469 4903 demum,
2503 4848 2561 4891 ut
2592 4836 2882 4901 mconomi,
2909 4834 3240 4898 detensores,
3273 4832 3669 4903 paramonarii-

2121 4945 2229 5003 que
2263 4928 2854 5003 (seumonasteriormn
2899 4922 3227 4990 administri)
3266 4930 3669 4991 promoventur.

1676 5067 1867 5129 Guill.
1899 5066 2221 5147 Beveregii
2256 5077 2440 5129 notua.

447 5228 516 5267 ex
552 5204 877 5263 oﬂicialibus
907 5201 1091 5272 regiis,
1114 5199 1202 5254 cui
1243 5198 1509 5263 incubuit,
1541 5196 1848 5272 mansiones
1873 5193 2008 5264 regi,

444 5281 537 5337 vel
603 5276 805 5331 homini
860 5270 1029 5344 regio,
1061 5272 1142 5326 vel
1176 5272 1347 5344 cuivis
1378 5283 1503 5337 rege
1531 5270 1719 5333 misso,
1745 5281 1849 5319 una
1882 5280 2012 5319 cum

446 5350 652 5406 viatico
683 5363 780 5415 pro
810 5341 1052 5416 persona:
1071 5341 1657 5416 dignitatepraaparare
1679 5352 1827 5416 ;_quo
1850 5350 2011 5416 sensu

450 5404 780 5476 “inclita-rus
810 5404 911 5470 hac
953 5427 1082 5467 voce
1101 5404 1251 5487 saepe
1278 5404 1660 5487 uti-turIEpist.
1688 5404 1749 5486 ξ),
1766 5420 1886 5473 cap.
1924 5404 2011 5468 l6,

446 5493 547 5546 25.
575 5491 749 5543 Aliter
781 5497 1069 5554 usurpatur
1100 5484 1212 5536 haec
1252 5496 1351 5554 vox
1383 5484 1777 5554 mansionarius
1800 5490 1897 5544 pro
1920 5490 2004 5554 eo,

448 5561 610 5627 cujus
632 5569 750 5612 erat
781 5547 1057 5623 lampadas
1082 5554 1133 5605 in
1159 5552 1354 5627 templo
1380 5547 1695 5627 accettdere,
1726 5554 1790 5627 _et
1807 5547 2011 5627 exstin-

446 5614 618 5701 guere
655 5646 668 5682 :
711 5634 768 5679 ut
808 5614 1020 5680 constat
1063 5637 1130 5701 ex
1191 5614 1430 5691 Gregorii
1486 5614 2002 5701 Diale-9.13.025:

448 5684 537 5756 Ξι)
573 5704 677 5751 hoc
713 5711 875 5749 sensu
905 5706 1053 5748 vetus
1085 5684 1346 5759 interprets
1374 5706 1477 5743 non
1530 5688 1753 5741 nmltutn
1782 5684 2002 5746 abludit,

451 5773 543 5827 ubi
576 5767 873 5824 Ostiarium
922 5764 1096 5833 vertit.
1147 5764 1255 5818 Sed
1303 5770 1493 5815 neuter
1530 5760 2000 5813 hortttttttettsuum

2128 5190 2381 5262 praetenti
2410 5188 2541 5262 loco
2585 5186 2828 5262 quadrat.
2881 5181 3014 5237 Nam
3073 5175 3483 5262 παραμονάριος
3512 5176 3668 5262 omni

2120 5251 2304 5333 procul
2335 5259 2497 5315 dubio
2532 5251 2765 5333 aliquem
2816 5268 2995 5333 rerum
3038 5251 3530 5333 ecclesiasticarum
3558 5251 3667 5333 .ad-

2120 5316 2540 5401 ministratorem
2566 5316 2866 5401 Asigniilcat.
2909 5324 3062 5401 Quod
3098 5322 3260 5401 etiam
3306 5316 3670 5401 esupralan-

2119 5403 2246 5456 dato
2292 5398 2580 5454 Justiniani
2631 5391 2747 5451 loco
2797 5393 3011 5463 egregie
3041 5391 3396 5463 coutittualur
3434 5404 3448 5440 :
3490 5398 3671 5463 utpote

2115 5472 2171 5526 in
2205 5485 2311 5541 quo
2357 5469 2732 5541 paramonarii
2771 5457 3328 5541 inier'xenodocbos,
3362 5457 3672 5541 ptocbotro-

2098 5528 2271 5611 phus,
2305 5528 2634 5611 mbouomos,
2665 5531 3044 5611 aliosquequi
3093 5544 3280 5611 o‘tunes
3325 5528 3671 5611 adtttiiiistra-

2114 5598 2315 5666 iiouein
2346 5610 2582 5678 aliquam
2616 5598 3086 5678 sibi'counuissam
3123 5598 3460 5678 habuerunt,
3484 5611 3671 5651 recen-

2113 5683 2203 5735 siti
2258 5688 2384 5735 sunt
2417 5668 2451 5732 ε’
2481 5676 2933 5754 quemadmodum
2995 5672 3155 5725 etiam
3210 5670 3260 5722 in
3312 5668 3418 5754 huc
3463 5682 3674 5729 canone

2109 5751 2506 5819 deicusorihys,
2538 5757 2592 5803 et
2621 5748 2916 5803 meouomis
2942 5748 3397 5799 connumerautur
