4138 6210
467 282 572 346 38'!

1716 276 1995 340 THEOD.
2036 277 2127 337 BA
2136 276 2437 337 LSAMON

3584 271 3687 335 388

470 396 549 451 με
574 408 740 465 quem
768 391 927 463 igitur
949 404 1011 446 es
1042 389 1131 444 bis
1152 391 1402 445 omnibus
1448 390 1697 446 mercede
1718 390 2032 460 interposita

2143 405 2222 457 ριν
2244 387 2340 440 τοῦ
2366 388 2525 455 ἁγίου
2559 386 2903 457 ηνεύματος,
2925 386 3025 456 τὴν
3055 383 3323 456 ἀτίμητον
3365 380 3567 454 δηλαδὴ
3595 388 3692 453 τὴν

467 488 645 547 creari
676 487 856 548 liceat,
886 486 987 537 hoc
1029 496 1235 537 canone
1284 482 1661 548 constitutum,
1691 484 1890 552 quique
1918 497 2028 536 non

468 581 710 637 venalem
767 576 996 645 Spiritus
1050 575 1223 629 sancti
1284 576 1537 643 gratiam,
1599 574 2025 629 inaestimabilem

469 672 738 732 Videlicet,
770 666 1060 721 venditioni
1092 682 1194 720 non
1241 665 1533 734 subiectam
1558 666 1628 720 ob
1679 664 2029 735 superexcel-

471 766 667 819 lentem
713 770 768 815 et
828 758 1304 828 incomparabilem
1354 759 1471 828 ejus
1502 769 1752 812 naturam
1786 760 2023 813 vendere

471 856 597 922 (hoc
625 853 768 907 enim
821 860 906 904 est
962 849 1013 902 in
1070 849 1431 902 venditionem
1502 849 1791 909 deducere)
1841 850 2030 918 depre-

476 943 629 1000 hensi
659 942 879 1005 fuerint,
913 940 965 992 in
999 938 1306 1006 periculum
1355 937 1425 993 de
1452 953 1551 992 suo
1600 943 1768 1009 gradu
1818 942 2026 1006 venire,

470 1039 570 1091 hoc
616 1046 718 1100 est,
746 1049 811 1088 eo
840 1031 1045 1086 moveri
1089 1045 1155 1086 ac
1176 1032 1371 1100 deponi
1402 1031 1685 1100 iubentur.
1712 1034 1887 1099 Atque
1916 1032 2029 1086 haue

466 1128 681 1199 quidem
736 1128 790 1182 in
817 1142 932 1191 eos,
958 1126 1076 1196 qui,
1120 1126 1201 1179 vel
1230 1125 1513 1179 ordinibus
1555 1126 1915 1191 conferendis,
1946 1126 2026 1179 vel

467 1224 626 1277 alicui
663 1222 728 1276 ad
756 1235 820 1275 ea
870 1234 1115 1283 munera,
1162 1234 1281 1287 quae
1319 1219 1373 1272 in
1400 1232 1609 1273 canone
1652 1232 2027 1283 recensentur,

464 1318 732 1385 eligendo,
784 1331 847 1369 ac
907 1317 1128 1369 omnino
1180 1313 1565 1369 ecclesiasticae
1611 1317 1817 1370 militia!
1850 1317 2026 1371 ascri-

468 1407 665 1472 bendo,
697 1405 1085 1459 mercenariam
1134 1418 1352 1472 operam
1388 1403 1652 1467 locavere,
1698 1415 2026 1460 statuuntur.

466 1501 567 1566 Qui
596 1513 725 1553 vero
753 1500 969 1552 eosdem
995 1496 1213 1552 ordines
1236 1497 1671 1565 promotionesve
1700 1508 1825 1552 sunt
1853 1514 2031 1553 emer-

465 1594 593 1657 cati,
648 1591 781 1645 nihil
838 1606 931 1645 eos
996 1605 1060 1643 ex
1099 1588 1202 1644 hac
1257 1604 1535 1644 sacrorum
1594 1591 2029 1656 nundinatione,

463 1681 792 1748 sordidaque
840 1678 1209 1749 negotiatione
1259 1678 1436 1745 iuvari
1485 1681 1757 1734 decretum
1817 1688 1920 1734 est.
1971 1680 2027 1734 Si

2136 481 2338 551 πράσει
2374 479 2449 549 μὴ
2477 479 2910 541 ὑποπίπτουσιν,
2959 479 3046 530 διὰ
3087 478 3148 529 τὸ
3189 475 3470 545 ὑπερφυὲς
3521 473 3691 544 αὐτῆς

2136 574 2230 626 καί
2254 572 2561 643 ύπέρτιμον
2588 570 2899 634 πωλοῦντας
2936 568 3114 639 (τοῦτο
3135 568 3243 639 γὰρ
3271 568 3334 621 τὸ
3371 569 3451 630 εἰς
3484 568 3691 637 πρᾶσιν

2136 667 2416 735 κατάγειν)
2456 665 2841 733 ἐλεγχομένους
2890 661 3220 715 κινδυνεύειν
3274 659 3520 723 θεσπίζει
3568 658 3698 726 περὶ

2140 761 2232 813 τὸν
2265 761 2464 811 οἰκεῖον
2497 757 2726 827 βαθμθιν,
2754 756 2877 810 ἀντὶ
2916 753 3009 808 τοῦ
3040 753 3324 805 ἐκπίπτειν
3350 753 3539 802 τούτου
3556 749 3697 811 καθ-

2136 851 2515 922 αιρουμένους.
2557 848 2742 901 Ταῦτα
2774 849 2875 917 μὲν
2943 846 3038 899 οὖν
3077 842 3334 911 περὶτῶν
3363 841 3423 893 ὲν
3450 842 3697 911 χρήμασι

2137 944 2612 1016 χειροτονούντων,
2669 942 2703 1011 ἦ
2735 943 2831 994 καὶ
2874 935 3333 1007 προϐαλλομένων
3384 930 3523 995 ὅλως
3572 932 3696 985 τινὰ

2136 1038 2244 1090 τῶν
2272 1036 2367 1089 τοῦ
2396 1034 2622 1098 κανόνος
2642 1034 2763 1102 ἦτοι
2793 1030 2888 1083 τοῦ
2915 1024 3368 1098 ἐκκλησιαστικοῦ
3396 1026 3693 1094 τάγματος.

2138 1131 2279 1191 Τοὺς
2302 1129 2362 1182 δὲ
2399 1125 2911 1199 χειροτονουμένους
2966 1123 3061 1175 ἐπὶ
3111 1122 3256 1174 δόσει
3310 1119 3609 1190 χρημάτων
3660 1118 3695 1188 ἢ

2138 1221 2609 1291 προϐαλλομένους
2645 1221 2718 1287 μὴ
2748 1216 3080 1285 ὠςελεῖσθαι
3134 1216 3199 1268 ὲκ
3228 1213 3329 1282 τῆς
3361 1211 3481 1266 κατ’
3529 1212 3699 1279 εμπο-

2139 1312 2261 1383 ρίαν
2314 1312 2672 1382 χειροτονίας,
2710 1311 2877 1379 ᾕγουν
2905 1306 3044 1360 κατὰ
3079 1304 3464 1377 πραγματείαν
3487 1307 3699 1375 αἰσχρο-

2139 1404 2390 1475 κερδείας
2436 1404 2799 1458 διατάττεται.
2835 1402 2899 1455 Ei
2959 1401 3067 1470 γὰρ
3096 1399 3223 1461 τοὺς
3276 1401 3335 1450 ὲν
3380 1398 3461 1467 τῷ
3509 1397 3700 1467 κλήρῳ

2140 1497 2596 1564 κατειλεγμένους
2624 1495 2675 1547 οἱ
2711 1494 2844 1564 ἰεροὶ
2897 1494 3123 1556 κανόνες
3176 1490 3482 1547 κωλύουσιν
3535 1487 3701 1547 ἁλλοο

2138 1589 2303 1659 τρίων
2335 1588 2632 1658 κτημάτων
2685 1585 2935 1653 γίνεσθαι
2989 1585 3286 1656 μισθωτὰς,
3318 1586 3413 1637 καὶ
3456 1581 3702 1653 κοσμικὲ

2140 1683 2441 1754 πράγματα
2470 1680 2802 1751 ,ἐργολαϐεῖν
2854 1679 2920 1732 δι’
2943 1677 3390 1748 αἰσχροκέρδειαν
3427 1675 3569 1729 κατὰ
3606 1674 3702 1729 τὸν

465 1786 702 1835 namque
727 1771 1076 1825 ecclesiastici
1130 1770 1338 1825 ordinis
1364 1771 1609 1825 homines
1636 1773 2029 1826 mercenariam

2143 1774 2341 1846 ἑφεξῆς
2399 1774 2604 1838 κανόνα
2636 1774 2733 1826 καὶ
2779 1773 2921 1826 κατὰ
2952 1772 3045 1824 τὸν
3091 1767 3196 1836 ις’.
3248 1769 3445 1823 κανόνα
3492 1768 3594 1838 τῆς
3639 1772 3701 1821 ἐν

470 1880 695 1933 operam
746 1864 1238 1934 quomodocunque
1289 1864 1443 1918 alteri
1490 1864 1687 1929 locare,
1742 1864 2035 1934 profanare

467 1958 683 2027 negotia
713 1957 851 2025 turpi
888 1957 1037 2011 lucro
1088 1956 1359 2010 inhiantes
1396 1966 1631 2011 tractare
1680 1958 1854 2011 sacris
1895 1970 2034 2011 con-

468 2048 843 2104 stitutionibus
865 2049 1085 2103 vetitum
1114 2060 1218 2115 est,
1261 2050 1418 2121 113
1444 2061 1501 2103 ut
1526 2067 1591 2104 ex
1620 2052 2033 2120 proximo,etex

468 2141 913 2210 Cartltaginensis
950 2141 1145 2211 synodi
1193 2144 1402 2196 decimo
1439 2152 1593 2197 sexto
1630 2157 1836 2197 canone
1879 2142 2035 2199 facile

470 2243 716 2303 apparet,
745 2246 857 2302 quo
913 2243 1255 2303 susceptores
1280 2248 1421 2297 esse,
1475 2243 1569 2286 ant
1621 2246 2030 2304 procuratores,

468 2326 555 2381 vel
581 2342 643 2379 ex
678 2325 815 2393 tttrpi
870 2326 1068 2395 aliqua,
1126 2336 1219 2380 aut
1275 2326 1488 2396 indigna
1537 2327 1898 2396 negotiatione
1933 2327 2033 2381 sibi

468 2419 668 2473 victum
711 2432 959 2489 quaerere
1012 2420 1272 2489 episcopi,
1337 2421 1636 2491 presbyteri
1678 2431 1769 2474 aut
1820 2420 2035 2474 diaconi

470 2512 841 2581 prohibentur,
866 2520 919 2566 et
941 2526 1004 2566 ex
1041 2514 1215 2583 magni
1246 2514 1484 2581 Apostoli
1520 2524 1774 2582 praeterea
1805 2512 1983 2567 verbis
2017 2527 2033 2566 :

470 2596 652 2665 Nemo,
684 2603 876 2670 inquit,
908 2603 1142 2656 militans
1178 2605 1411 2668 implicat
1446 2620 1499 2657 se
1549 2604 1767 2673 negotiis
1804 2592 2037 2658 saecula?

475 2698 641 2762 ribus,
679 2708 734 2751 ut
795 2698 843 2751 ei
898 2698 1103 2766 placeat
1148 2686 1327 2766 "qui
1382 2695 1583 2751 milites
1620 2694 1834 2763 delegit,
1866 2710 1929 2749 ac
1968 2711 2035 2750 ex

480 2788 612 2857 ipsis
669 2805 881 2860 quoque
939 2790 1115 2857 legum
1169 2788 1403 2843 civilium
1459 2789 1827 2845 sanctionibus
1858 2798 2039 2858 aperte

477 2881 793 2950 colligitur;
867 2880 1036 2934 multo
1102 2880 1280 2935 minus
1348 2895 1523 2934 rerum
1585 2881 1773 2935 talium
1832 2896 2038 2935 merca-

479 2981 656 3024 turam
704 2985 977 3035 exercere,
1033 2982 1374 3040 emptamque
1424 2972 1594 3025 sancti
1646 2972 1878 3040 Spiritus
1910 2980 2035 3041 graé

477 3066 605 3118 tiam
660 3063 953 3131 possidere,
1028 3077 1123 3130 per
1174 3062 1393 3115 easdem
1447 3063 1858 3117 constitutiones
1920 3063 2037 3118 cui-

476 3169 637 3224 quam
669 3154 829 3207 licere
861 3152 1275 3207 existitnandum
1305 3162 1407 3207 est.
1441 3152 1801 3220 Quamobrem
1826 3166 1879 3209 et
1907 3155 2038 3211 istos

479 3246 768 3299 movendos
825 3258 944 3299 esse
993 3245 1274 3314 dignitate,
1303 3245 1386 3299 vel
1440 3244 1638 3314 gradu.
1698 3245 1843 3300 ldem
1882 3257 1935 3300 et
1971 3249 2038 3303 de

479 3337 743 3407 promotis
772 3335 1012 3391 decernit
1043 3337 1130 3391 hic
1180 3352 1419 3407 praesens
1445 3353 1617 3392 canon
1652 3356 1667 3392 :
1721 3348 1777 3393 et
1800 3354 1915 3404 eos,
1943 3339 2037 3411 qui

478 3429 877 3484 intercessores
907 3440 1031 3482 sunt
1062 3429 1115 3482 in
1146 3429 1449 3484 istiusmodi
1489 3431 1720 3501 negotiis
1749 3448 2040 3502 operamve

476 3532 635 3571 suam
666 3519 720 3571 in
754 3519 837 3572 his
868 3519 1116 3572 ordinum
1170 3521 1640 3589 promotionumve
1691 3522 2041 3577 nundinatio-

474 3611 640 3665 nibns
673 3612 1089 3674 commodarint,
1122 3612 1167 3665 si
1203 3612 1384 3667 clerici
1428 3614 1558 3679 sint,
1590 3613 1804 3683 deponi,
1827 3615 1868 3669 si
1892 3614 2039 3681 laici,

472 3712 574 3756 aut
608 3703 877 3765 monachi,
904 3705 1249 3759 anathemate
1280 3705 1437 3773 plecti
1464 3705 1636 3773 iubet.
1684 3707 1754 3759 At
1782 3706 2040 3763 vicesimo

472 3809 626 3847 .nono
685 3795 1045 3862 apostolorum
1097 3810 1325 3862 canone,
1379 3798 1470 3866 qui
1530 3798 1748 3853 ordines
1783 3800 2051 3853 emercati

472 3887 704 3951 aluerint,
726 3897 779 3941 et
831 3888 1167 3957 depositione
1202 3889 1443 3954 muuari,
1474 3898 1553 3951 et,
1587 3890 2041 3959 quemadmodum

472 3977 687 4031 Simoni
715 3978 785 4032 illi
829 3978 985 4050 Mago
1028 3979 1229 4033 factum
1265 3988 1371 4046 est,
1411 3983 1786 4036 communione
1815 3984 2041 4051 _moveri

491 4068 896 4137 praecipiuntur.
932 4072 1060 4137 Quae
1080 4072 1297 4141 quidem
1348 4073 1656 4127 communio
1697 4088 1803 4128 non
1833 4073 1901 4129 de
1930 4074 2042 4127 sola
2078 4108 2079 4111 η

472 4177 761 4217 sacrorum
790 4164 1166 4233 mysteriorum
1199 4165 1561 4233 perceptione,
1600 4166 1696 4220 sed
1736 4168 1802 4220 de
1836 4166 2043 4221 illorum

472 4270 696 4323 quoque
725 4258 1115 4310 consuetudine
1164 4270 1214 4310 et
1274 4272 1566 4327 congressu
1623 4275 1744 4330 cum
1800 4260 2044 4316 fidelibus

485 4347 653 4415 accipi
700 4349 878 4401 debet.
930 4350 1118 4402 Simon
1145 4350 1285 4403 enim
1312 4366 1432 4403 cum
1478 4352 1658 4406 oblata
1701 4355 1923 4421 pecunia
1951 4370 2045 4424 pro

478 4452 549 4489 ea
612 4437 711 4490 sibi
754 4439 992 4492 vicissim
1042 4439 1211 4493 sancti
1269 4439 1505 4508 Spiritus
1545 4443 1773 4510 gratiam
1821 4444 2045 4513 rependi

2141 1867 2475 1938 Καρθαγένῃ
2504 1866 2745 1931 συνόδου,
2778 1865 3031 1934 λέγοντος
3062 1863 3139 1934 μὴ
3164 1864 3273 1918 δεῖν
3304 1862 3623 1927 ἐπίσκοπον,
3660 1860 3694 1931 ἢ

2142 1960 2535 2031 πρεσϐύτερον,
2586 1959 2620 2031 ἢ
2673 1959 2918 2013 διάκονον
2964 1957 3307 2027 ὲκλήπτορας
3359 1953 3601 2023 γίνεσθαι
3656 1952 3691 2021 ἢ

2138 2054 2624 2125 προκουράτωρας,
2687 2052 2822 2124 μηδὲ
2872 2051 2936 2105 ἐκ
2964 2066 3108 2113 τινος
3140 2046 3370 2119 αἰσχροῦ
3431 2046 3465 2116 ἢ
3498 2046 3695 2116 ἀτίμου

2143 2149 2469 2218 πράγματος
2491 2147 2696 2217 τροφὴν
2732 2144 3073 2216 πορίζεσθαι,
3107 2143 3203 2196 καὶ
3232 2141 3375 2195 κατὰ
3403 2139 3492 2193 τδν
3525 2138 3697 2210 μιγαν

2141 2237 2472 2293 Ἀπόστολον
2500 2239 2811 2307 φάσκοντα·
2858 2235 3061 2301 Οὐδεὶς
3097 2233 3571 2303 στρατευόμενος
3596 2231 3697 2298 ἀμ’

2141 2330 2422 2386 πλέκεται
2466 2330 2597 2395 ταῖς
2645 2327 2751 2385 τοῦ
2794 2330 2940 2394 ,βίον
2987 2330 3431 2398 πραγματείαις,
3469 2324 3571 2376 ἵνα
3617 2320 3700 2387 τῷ

2140 2423 2692 2493 στρατολογήσαντι
2714 2424 2927 2492 ἀρέσῃ,
2952 2422 3047 2475 καὶ
3077 2420 3219 2475 κατὰ
3235 2419 3359 2482 τοὺς
3391 2416 3701 2478 πολιτικοὺς

2140 2519 2377 2589 νόμους*
2410 2517 2593 2587 πολλῷ
2620 2516 2818 2588 μᾶλλον
2846 2516 2921 2588 μὴ
2950 2518 3019 2570 τὰ
3048 2514 3269 2569 τοιαῦτα
3298 2511 3697 2583 ἐμπορεύεσθαι

2142 2609 2554 2681 ἀπαγορεύουσί
2586 2627 2760 2671 τινας,
2795 2610 2890 2663 καὶ
2938 2606 3095 2661 ὢνιον
3123 2606 3353 2660 κτᾶσθαι
3395 2603 3494 2673 τὴν
3536 2601 3697 2673 χάριν

2140 2701 2235 2755 τοῦ
2267 2703 2421 2771 ἁγίου
2452 2702 2785 2772 Πνεύματος.
2814 2702 2907 2753 Διὸ
2948 2699 3231 2762 κάκείνους
3282 2697 3571 2750 ἐκπίπτειν
3596 2694 3698 2763 τῆς

2142 2794 2301 2860 ἀξίας
2330 2794 2448 2864 ἦτοι
2497 2793 2592 2846 τοῦ
2646 2792 2877 2862 βαθμοῦ.
2906 2791 3077 2845 Τοῦτο
3114 2792 3206 2842 ἐπὶ
3243 2787 3351 2842 τῶν
3393 2784 3698 2857 προϐαλλο-

2145 2887 2323 2956 μένων
2351 2886 2379 2938 ὁ
2410 2884 2601 2957 παρὼν
2623 2884 2803 2939 κανὼν
2831 2884 3192 2945 διατάττεται,
3220 2882 3317 2936 καὶ
3348 2882 3473 2942 τοὺς
3501 2879 3698 2950 μέσους

2140 2976 2197 3030 δὲ
2216 2975 2533 3045 γινομένους
2553 2976 2610 3027 ἐν
2630 2977 2740 3037 τοῖς
2763 2972 3045 3035 τοιούτοις,
3072 2974 3162 3024 καὶ
3190 2968 3424 3039 σπουδὴν
3447 2965 3695 3033 εἰςάγονο

2142 3085 2241 3132 τας
2314 3068 2454 3121 ὥστε
2517 3069 2667 3129 τινας
2698 3068 2790 3118 ἐπὶ
2838 3066 3085 3139 χρήμασι
3142 3060 3608 3134 χειροτονηθῆναι,
3660 3054 3696 3126 ἢ
3792 3052 3797 3058 ’

2142 3161 2510 3233 προϐληθῆναι
2536 3176 2551 3190 '
2598 3160 2882 3222 κάκείνους
2913 3158 3206 3229 κληρικοῦς
3242 3155 3342 3225 μὲν
3371 3155 3529 3216 ὂντας
3562 3149 3696 3205 καθ·

2142 3254 2414 3324 αιρείσθαι
2483 3252 2717 3315 κελεύει,
2752 3250 2973 3315 λαῖκοὺς
3008 3252 3063 3304 δὲ
3097 3252 3128 3319 ἢ
3176 3247 3525 3319 μονάζοντας,
3566 3244 3697 3297 ἀνα-

2144 3344 2555 3414 θεματίζεσθαι.
2597 3343 2654 3398 '0
2695 3344 2750 3397 δὲ
2784 3344 2892 3396 τῶν
2925 3343 3095 3410 ἁγίων
3149 3338 3461 3393 ἀποστόλων
3513 3332 3693 3390 κανὼν

2143 3438 2248 3499 κθν,
2277 3437 2371 3491 καὶ
2396 3436 2777 3507 καθαιρεῖσθαι
2800 3435 3012 3489 κελεύει
3046 3436 3171 3494 τοὺς
3198 3434 3289 3484 ἐπὶ
3314 3430 3562 3500 χρήμασι
3581 3442 3695 3496 χει-

2148 3527 2586 3599 ροτονουμένους,
2644 3525 2869 3596 καὶτῆς
2900 3522 3187 3585 κοινωνίας
3243 3520 3571 3581 ἐκπίπτειν,
3624 3514 3699 3577 ὼς

2148 3620 2332 3689 Σίμων
2378 3619 2408 3671 ὁ
2462 3619 2654 3688 μάγος.
2687 3617 2985 3670 Κοινωνίαν
3019 3615 3076 3667 δὲ
3127 3612 3344 3681 νοητέον
3379 3608 3608 3663 ἐνταῦθα
3636 3606 3698 3660 ού

2146 3713 2245 3783 τὴν
2275 3712 2385 3767 τῶν
2417 3712 2774 3781 ἀγιασμάτων
2796 3707 3117 3780 μετάληψιν,
3145 3704 3280 3758 ἀλλὰ
3309 3703 3405 3756 καὶ
3434 3701 3527 3771 τὴν
3560 3698 3697 3769 μετὰ

2146 3804 2255 3857 τῶν
2287 3803 2494 3857 πιστῶν
2532 3802 2749 3867 σύναξίν
2770 3819 2829 3854 τε
2860 3801 2954 3855 καὶ
2974 3799 3253 3853 σύστασιν.
3289 3796 3347 3848 ’0
3376 3791 3478 3863 γὰρ
3516 3791 3694 3859 Σίμων

2150 3897 2254 3950 ὑπὸ
2279 3898 2372 3949 τοῦ
2406 3896 2612 3966 Πέτρου
2650 3895 2748 3965 τῆς
2777 3893 2888 3946 τῶν
2936 3892 3144 3944 πιστῶν
3187 3887 3485 3959 ὁμηγύριος
3523 3881 3699 3935 τέλεον

2144 3988 2405 4058 λὲξεκόπη,
2420 3989 2675 4058 χρήματα
2703 3984 3058 4057 προσαγαγὼν
3078 3982 3225 4049 αύτῴ
3242 3982 3335 4035 καὶ
3357 3980 3585 4047 αἰτήσας
3615 3975 3700 4029 6o-

2150 4079 2310 4151 θῆναι
2333 4080 2480 4150 αὐτῷ
2498 4080 2616 4133 ἀντὶ
2646 4079 2852 4132 τούτων
2892 4081 2989 4148 τὴν
3022 4078 3182 4148 χάριν
3213 4074 3309 4128 τοῦ
3347 4073 3505 4141 ἁγίου
3530 4066 3701 4123 Ilvati-

2153 4187 2343 4239 ματος.
2371 4170 2445 4223 Ού
2481 4171 2641 4239 μόνον
2670 4170 2726 4223 δὲ
2752 4170 2876 4231 τοὺς
2905 4167 3409 4238 χειροτονήσαντας,
3434 4162 3469 4233 ἢ
3522 4175 3705 4231 χειρο-

2149 4260 2476 4331 τονηθέντας
2508 4262 2599 4312 ἐπὶ
2626 4262 2870 4331 χρήμασι
2899 4258 3117 4322 κολάζει
3149 4260 3177 4310 ὁ
3209 4254 3408 4322 κανὼν,
3438 4253 3571 4307 ἀλλὰ
3611 4251 3707 4303 καὶ

2149 4356 2270 4415 τοὺς
2301 4355 2754 4427 ἐπιχειρήσαντας
2783 4351 2882 4405 κᾶν
2905 4351 3012 4422 πρὸ
3038 4349 3132 4403 τοῦ
3166 4352 3245 4413 εἰς
3267 4350 3431 4419 ἔργον
3460 4346 3517 4399 τὸ
3540 4344 3708 4400 κακὸν

2158 4445 2529 4517 ὴλέγχθησαν.

482 4531 832 4602 postulasset,
889 4548 954 4585 ex
1006 4534 1255 4587 universo
1312 4524 1547 4590 fidelium
1629 4548 1773 4591 cmtu
1827 4554 1856 4593 a
1928 4539 2089 4596 Petro
2144 4542 2532 4606 exterminatus
2586 4542 2707 4598 fuit.
2766 4541 2946 4612 Reque
3004 4555 3134 4596 vero
3190 4554 3283 4594 eos
3335 4544 3536 4591 tantum
3616 4538 3707 4602 qui

485 4633 705 4692 propter
731 4624 983 4691 pecunias
1008 4624 1323 4679 ordinarunt
1357 4634 1451 4680 aut
1488 4628 1718 4683 ordinati
1762 4642 1911 4698 sunt,
1942 4634 2034 4687 sed
2066 4642 2119 4688 et
2147 4633 2456 4702 quicunque
2514 4635 2724 4687 facinus
2781 4636 3186 4699 attentaverint,
3234 4630 3339 4686 etsi
3412 4630 3709 4701 deprehen-

485 4715 568 4768 sis
626 4714 763 4767 hand
818 4718 1165 4783 processerit,
1228 4719 1416 4773 iisdem
1480 4722 1827 4778 nihilominus
1879 4726 2054 4794 poenis
2085 4740 2256 4781 canon
2291 4726 2553 4780 obnoxios
2586 4742 2705 4781 esse
2735 4726 3002 4781 decernit.

482 4804 714 4862 ,ARlST.
744 4808 844 4871 Qui
869 4808 1013 4869 emit,
1055 4819 1101 4860 et
1135 4812 1306 4862 vendit
1358 4814 1739 4868 ordinationem
1767 4833 1927 4887 usque
1972 4818 2040 4871 ad

550 4901 982 4967 prosmanarinm
1008 4940 1023 4963 ,
1061 4901 1223 4955 ,τίν-σα
1277 4904 1471 4971 gradus
1513 4908 1853 4973 periclitetur.
1905 4909 2045 4974 Quin

592 5016 643 5046 ⁴⁸
678 5016 720 5067 ΙΙ
753 5015 894 5070 Tim.
937 5033 994 5081 It,
1029 5016 1063 5070 4

2147 4817 2361 4872 ΑἰἸΣΤ.
2411 4817 2473 4871 '0
2502 4819 2910 4888 ἐξωνούμενος
2941 4819 3039 4873 καὶ
3069 4821 3103 4874 ό
3131 4821 3496 4888 πιπράσκων
3520 4839 3707 4891 χειροο

2224 4914 2432 4965 τον-ίαν
2449 4911 2616 4982 μέχρι
2649 4912 2748 4964 καὶ
2777 4912 3222 4980 προσιιονιιρίου
3250 4913 3382 4983 (89),
3410 4916 3541 4982 περὶ
3572 4914 3710 4980 τοὺς

1740 5115 1924 5178 Guill.
1973 5118 2289 5195 Beveregii
2327 5127 2514 5182 noue.

569 5212 684 5293 (89).
715 5214 896 5281 Μέχρι
944 5214 1560 5297 κιιίιπροσμοιέαρζοιζι
1618 5218 1739 5297 lltec
1770 5224 2039 5297 pnesentig

2157 5224 2293 5297 rium
2325 5234 2452 5294 (non
2494 5224 2842 5293 defensorem,
2882 5236 2940 5279 ut
2972 5225 3228 5281 Justellus
3283 5228 3470 5297 vertit)
3509 5229 3622 5296 ubi,
3650 5238 3709 5283 ut

485 5283 719 5335 eanonis
766 5297 1000 5348 epttmne
1061 5287 1110 5340 in
1157 5286 1368 5340 .luslelli
1404 5283 1918 5345 Bibliotheca-tam
1951 5292 2052 5345 sub

492 5352 673 5422 Alexii
735 5352 963 5405 Aristeni
996 5372 1154 5422 quant
1189 5358 1457 5410 Simeonis
1506 5357 1787 5422 logotheta:
1838 5364 2058 5415 nomine

500 5420 673 5499 edita,
699 5422 866 5473 multo
893 5420 1051 5478 aliter
1076 5427 1286 5499 lrgilttl‘.
1328 5426 1438 5499 Sic,
1529 5420 1917 5499 ἐξωνούμενος,
1965 5431 2062 5485 καὶ

502 5493 843 5570 parpar:th
862 5495 1225 5570 χειροτονίαν,
1251 5498 1533 5570 περὶντοὺς
1569 5493 1809 5570 βαθμοὺς
1849 5503 2061 5554 ἐπικίν-

486 5556 684 5640 δυνοι·
734 5561 763 5611 ὁ
800 5556 1099 5640 δὲῗνόίαος,Δ
1149 5556 1251 5629 ἓως
1282 5556 1420 5640 ,Δάαι
1456 5556 1901 5640 παρἀμὸναρ-ίου.
1961 5571 2063 5636 Qui

492 5634 678 5710 venit,
716 5640 764 5682 et
804 5634 890 5697 qui
934 5635 1118 5710 ‘vendt’t
1195 5634 1632 5703 ordinationem;
1668 5634 1810 5693 circa
1864 5634 2060 5710 gradus

490 5700 821 5765 periclitatur
849 5719 866 5753 :
924 5702 1008 5755 (ea:
1032 5712 1205 5759 autem
1236 5711 1399 5758 etiam
1442 5700 1609 5777 usque
1635 5712 1702 5763 ad
1733 5700 2051 5778 parainoua-

2160 5296 2340 5368 videre
2365 5306 2468 5360 est,
2499 5312 2601 5368 vos
2631 5297 3037 5367 παραμονάριος
3070 5303 3353 5361 retinetur,
3386 5296 3484 5368 pro
3519 5316 3624 5365 qua
3663 5317 3714 5354 Ill

2158 5365 2358 5437 nostris
2380 5366 2656 5437 codicibus
2700 5365 3104 5437 προσμονάριος
3135 5365 3503 5424 substituitur.
3538 5370 3604 5422 Et
3635 5373 3717 5425 sic

2159 5435 2376 5509 quidem
2409 5437 2524 5506 ipse
2550 5435 2839 5509 Balsamon
2873 5440 2933 5509 in
2957 5435 3230 5509 nonnullis
3259 5440 3451 5509 legisse
3484 5441 3714 5493 videtur.

2161 5504 2255 5558 Ille
2282 5504 2440 5559 enim
2476 5509 2528 5561 in
2566 5507 2843 5575 responsis
2873 5508 2939 5560 ad
2971 5507 3134 5561 Marci
3162 5504 3507 5574 Alexandrini
3544 5510 3710 5563 inter-

2163 5576 2492 5649 rogationem
2526 5576 2620 5649 es,
2671 5583 2814 5630 hunc
2846 5591 3107 5649 canonem
3154 5580 3353 5649 citatis,
3400 5579 3718 5649 προσμονά-

2163 5644 2432 5730 ριονηιοεο
2454 5646 2550 5727 τοῦ
2566 5647 2995 5730 ’παραμοναρίου
3028 5648 3171 5730 ponit
3193 5648 3431 5730 Joannes
3449 5644 3718 5704 Meursius

2166 5730 2218 5767 Ill
2250 5715 2526 5770 Glossario
2560 5720 2636 5786 (et
2661 5715 2726 5771 ex
2752 5733 2817 5770 eo
2854 5715 3279 5788 Christophorus
3310 5721 3363 5774 in
3394 5729 3719 5793 praesentem
