4138 6210
493 346 597 412 391

1742 330 2022 392 ΤΗΕοοι
2067 328 2157 386 BA
2167 323 2464 387 LSAMON

3606 303 3708 366 302

493 466 797 536 episcopos,
827 459 1055 516 clericos
1090 464 1145 510 et
1167 450 1847 519 monacnos,impuberum
1887 458 2046 516 posse

2168 441 2310 511 ζήτει
2340 442 2434 492 καὶ
2485 436 2584 506 τῆς
2641 436 2701 488 ἐν
2734 429 3064 506 Καρθαγὲνη
3100 426 3317 482 συνόδου
3349 422 3554 478 κανόνα
3613 431 3710 494 ις’,

493 554 694 609 tutelas
735 551 1042 619 suscipere,
1095 546 1139 600 si
1172 543 1390 614 quidem
1413 558 1479 597 ex
1532 542 1742 612 legibus
1770 549 2050 601 vocentur,

494 657 549 700 et
582 660 758 699 rerum
782 640 1272 696 ecclesiasticarum
1322 651 1531 699 curam,
1578 647 1632 688 et
1683 635 2049 701 orphanorum

494 755 707 809 quoque
763 735 1114 800 curationes,
1163 732 1250 790 vel
1308 733 1624 791 viduarum,
1688 729 1772 782 vel
1826 728 2050 781 aliarum

494 843 868 899 personarum.
894 827 1088 894 quibus
1121 824 1284 878 aliter
1312 837 1420 876 non
1478 821 1820 891 providetur,
1875 817 2052 872 eccle-

496 922 720 976 siastico
749 918 950 972 auxilio
970 917 1231 986 indigent,
1269 916 1534 984 siquidem
1568 913 1617 966 id
1666 913 1745 967 eis
1768 913 2050 982 episcopus

495 1013 804 1082 permittat:
833 1007 1124 1063 Justiniani
1144 1019 1321 1062 autem
1353 1006 1452 1060 123
1471 1005 1711 1069 Novella,
1739 1019 1856 1074 quae
1880 1004 2052 1071 posita

494 1115 579 1160 est
606 1107 659 1158 in
693 1105 833 1159 libro
863 1119 946 1166 ιιι,
974 1103 1057 1156 tit.
1104 1103 1280 1172 primo
1328 1115 1446 1167 t-ap.
1494 1099 1562 1150 12
1613 1098 1787 1151 dixit:
1817 1095 2053 1161 Religio-

495 1198 743 1255 sissimos
765 1197 1047 1264 episcopos
1082 1205 1134 1249 et
1189 1194 1482 1246 monachos
1507 1190 1650 1244 nullo
1673 1189 1830 1243 modo
1850 1198 2054 1242 tutores

496 1291 582 1345 vel
614 1301 895 1344 curatores
943 1289 1316 1358 cujuscunque
1355 1298 1601 1354 persona:
1635 1283 1749 1336 lieri
1801 1280 2056 1335 concedi-

498 1395 653 1435 mus:
689 1379 1033 1448 presbyteros
1055 1386 1231 1430 autem
1274 1386 1330 1429 et
1379 1373 1654 1438 diaconos,
1719 1369 2057 1441 cognationis

493 1473 634 1541 jure,
685 1486 856 1540 eoque
881 1471 1017 1536 solo,
1058 1469 1122 1522 ad
1159 1468 1356 1522 tutelas
1375 1465 1460 1519 vel
1485 1479 1645 1518 curas
1679 1473 1926 1525 vocatos,
1952 1461 2058 1515 tale

500 1563 855 1616 ministerium
909 1560 1185 1628 suscipere
1213 1557 1598 1612 concedimus:
1657 1554 1855 1606 dixerit
1903 1553 2094 1623 quisa

499 1642 638 1722 pia'm
669 1671 773 1708 non
834 1655 1030 1707 debere
1065 1650 1368 1721 episc0pos,
1423 1659 1475 1702 et
1529 1649 1822 1702 monachos
1869 1644 2058 1713 quovis

500 1745 661 1800 modo
711 1745 821 1797 ﬁeri
853 1753 1056 1796 tutores
1090 1741 1176 1794 vel
1206 1750 1505 1800 curatores,
1542 1749 1601 1790 ut
1633 1736 1721 1804 qui
1775 1749 1804 1788 a
1835 1732 2052 1786 Novella

498 1838 605 1891 sint
654 1835 933 1905 prohibiti.
987 1833 1113 1886 Mihi
1166 1841 1346 1886 autem
1395 1829 1608 1883 videtur
1655 1826 1871 1880 Novella
1917 1826 2058 1879 edita

499 1942 623 1982 esse
698 1927 764 1980 ad
831 1923 1232 1994 impediendum
1313 1931 1521 1976 tantum
1611 1918 1894 1987 episcopos
1974 1916 2061 1970 vel

504 2021 904 2081 monachos,ne
939 2019 1045 2071 sint
1071 2031 1167 2070 sua
1201 2025 1391 2084 sponte
1416 2022 1623 2066 tutores
1649 2013 1731 2065 vel
1761 2022 2060 2073 curatores,

500 2110 606 2164 nisi
644 2109 857 2178 quando
896 2108 1106 2162 scilicet
1161 2104 1368 2174 legibus
1417 2106 1483 2157 ad
1541 2103 1591 2157 id
1649 2111 1933 2157 vocantur.
1999 2100 2057 2155 Si

496 2203 645 2257 enim
705 2201 1000 2272 episcopali
1054 2198 1409 2270 permissione
1451 2211 1663 2250 omnem
1720 2194 2063 2249 administra-

499 2294 703 2350 tionem
773 2292 1095 2362 suscipiant,
1152 2301 1209 2344 ut
1263 2290 1366 2343 hoc
1428 2301 1636 2343 canone
1701 2297 1758 2340 et
1813 2285 2064 2354 sequenti

496 2385 849 2446 continetur,
909 2385 987 2437 eis
1067 2382 1270 2435 nullum
1343 2380 1710 2449 prmjudicium
1776 2378 2060 2431 ail'eretur.

500 2475 813 2544 Presbyteri
857 2475 1097 2544 quidem,
1129 2473 1341 2528 diaconi
1370 2484 1424 2526 ct
1471 2473 1722 2537 lectores,
1750 2481 1806 2522 ut
1835 2469 1952 2522 vult
1980 2469 2068 2522 hic

507 2582 748 2638 pra'sens
783 2582 952 2620 canon
988 2576 1042 2621 et
1100 2563 1341 2627 Novella,
1386 2565 1551 2618 etiam
1605 2564 1722 2617 sine
1773 2560 2067 2630 episcopali

507 2663 884 2733 permissione,
925 2661 1288 2730 orphanorum
1316 2668 1516 2710 tutores
1542 2665 1592 2709 et
1618 2661 1894 2708 curatores
1917 2652 2068 2718 lium,

508 2757 723 2825 quando
751 2755 816 2808 ad
849 2754 950 2808 hoc
980 2769 1010 2808 a
1045 2753 1160 2822 lege
1183 2759 1468 2805 vocantur.
1499 2746 1652 2824 Scias
1696 2759 1874 2800 autem
1925 2742 2070 2814 quod

520 2857 726 2902 tutores
774 2845 994 2915 quidem
1056 2843 1254 2899 dant'ur
1311 2841 1686 2911 impuberibus
1741 2838 1995 2894 masculis
2039 2853 2069 2892 a

509 2940 684 3009 primo
723 2953 890 3007 usque
913 2938 976 2993 ad
1009 2938 1074 2991 M
1099 2943 1386 2998 annum,et
1410 2932 2071 3004 ipsum.quemadmodum

511 3029 726 3084 feminis
759 3044 974 3097 quoque
1001 3043 1176 3096 usque
1211 3028 1277 3080 ad
1334 3027 1402 3079 i2
1447 3033 1500 3079 et
1530 3025 1741 3094 ipsum:
1791 3034 2073 3078 curatores

2157 533 2251 584 καὶ
2288 531 2386 598 τῆς
2411 526 2455 594 ζ’
2505 526 2722 581 συνόδου
2759 526 2958 579 κανόνα
2988 529 3039 577 ι’.
3082 520 3233 574 Ἐπεὶ
3271 519 3326 572 δὲ
3353 520 3380 570 ὀ
3409 516 3506 587 μὲν
3536 515 3713 568 κανὼν

2154 621 2449 692 διορίζεται
2507 621 2630 681 τοὺς
2662 619 3015 690 ἐπισκόπους,
3054 610 3348 683 κληρικούς
3380 627 3438 663 τε
3491 608 3587 662 καὶ
3618 624 3714 679 μο-

2153 716 2349 784 ναχοὺς
2379 711 2663 781 ἀφηλίκων
2704 707 3010 779 ἐπιτροπὰς
3049 701 3431 774 ἀναδέχεσθαι,
3464 699 3624 768 εἰπερ
3651 703 3716 753 ἐκ

2154 808 2333 876 νόμων
2378 805 2650 867 καλοῖντο,
2696 803 2791 855 καὶ
2838 794 3311 868 ὲκκλησιαστικῶν
3371 792 3717 865 πραγμάτων

2156 899 2463 968 φροντίδας,
2516 896 2610 949 καὶ
2651 893 2986 965 προστασίας
3042 888 3320 961 ὀρφανῶν,
3356 886 3389 958 ἢ
3422 887 3629 957 χηρῶν,
3680 886 3714 955 ἢ

2155 991 2332 1054 ἄλλως
2387 988 2740 1059 ἀπρονοήτων
2773 983 3102 1057 προσώπων,
3138 979 3232 1034 καὶ
3265 979 3362 1050 τῆς
3417 977 3709 1048 ἐκκλησια-

2156 1085 2348 1154 στικῆς
2380 1082 2652 1153 δεομένων
2679 1079 2956 1151 βοηθείας,
2987 1076 3146 1144 εἴπερ
3194 1073 3346 1145 παρὰ
3374 1072 3467 1127 τοῦ
3494 1071 3718 1126 ἐπισκό-

2157 1196 2259 1233 που
2291 1177 2686 1247 ὲπιτρέποιντο.
2730 1175 2797 1227 Ἠ
2835 1173 2891 1225 δὲ
2925 1176 3043 1241 ρκγ¹
3073 1166 3500 1227 ’1ουστινιάνειος
3525 1164 3718 1233 Νεαρὰ

2156 1275 2190 1342 ἡ
2227 1271 2453 1340 κειμένη
2481 1271 2536 1320 ἐν
2564 1267 2753 1337 βιὸλίῳ
2775 1265 2965 1336 τρίτῳ,
2997 1262 3159 1332 τίτλῳ
3189 1267 3257 1322 α’,
3285 1275 3409 1327 κεφ.
3438 1256 3527 1328 ιβ’,
3553 1257 3716 1326 φησί·

2156 1361 2296 1425 Τοὺς
2340 1360 2396 1414 δὲ
2447 1357 2898 1428 θεοφιλεστάτους
2944 1353 3275 1414 ἐπισκόπους
3309 1351 3404 1402 καὶ
3451 1349 3718 1419 μοναχοῦς

2155 1456 2219 1507 ἐκ
2252 1453 2472 1524 μηδενὸς
2501 1451 2704 1522 τρόπου
2732 1446 3059 1518 ἐπιτρόπους
3088 1443 3122 1514 ἢ
3166 1442 3526 1510 κουράτωρας
3578 1441 3721 1492 οίου-

2155 1547 2364 1616 δήτινος
2412 1541 2705 1614 προσώπου
2748 1538 2996 1610 γίνεσθαι
3040 1532 3432 1605 συγχωροῦμεν
3459 1549 3472 1562 ·
3508 1532 3633 1594 τοὺς
3664 1529 3720 1583 δέ

2158 1637 2563 1709 πρεσϐυτέρους
2602 1637 2693 1687 καὶ
2748 1632 3031 1691 διακόνους
3083 1627 3160 1699 τῷ
3192 1626 3387 1694 δικαίῳ
3444 1625 3541 1677 καὶ
3576 1623 3722 1691 μόνῳ

2157 1730 2257 1800 τῆς
2285 1729 2628 1797 συγγενείας,
2669 1727 2748 1788 είς
2780 1723 3084 1794 ἐπιτροπὰς
3120 1722 3152 1790 ἢ
3183 1717 3596 1789 κουρατωρείας
3623 1731 3726 1767 κα-

2159 1820 2606 1891 λουμένους,τὴν
2663 1816 2920 1885 τοιαύτην
2968 1811 3312 1880 λειτουργίαν
3364 1807 3718 1878 ὑποδέχεσθαι

2162 1913 2549 1987 συγχωροῦμεν
2567 1930 2583 1947 ο
2613 1913 2742 1984 εἴπῃ
2766 1928 2848 1974 τις
2880 1910 2954 1980 μὴ
2979 1907 3216 1976 ὀφείλειν
3236 1905 3362 1967 τοὺς
3389 1902 3718 1964 ξπισκόπους

2161 2011 2257 2065 καὶ
2283 2011 2412 2072 τοὺς
2447 2006 2714 2077 μοναχοὺς
2765 2004 2823 2068 ἐξ
2852 2001 3179 2071 οίουδήτινος
3230 1998 3435 2066 τρόπου
3471 1993 3716 2064 γίνεσθαι

2168 2100 2550 2173 ἐπιτρόπουςῆ
2579 2096 2964 2183 ’κουράτωρας,
2999 2095 3074 2156 ὡς
3105 2092 3210 2144 ὑπὸ
3243 2091 3342 2160 τῆς
3374 2089 3587 2161 Νεαρᾶς
3609 2105 3718 2141 κω-

2164 2195 2444 2254 λυθέντας.
2490 2181 2644 2259 Ἐμοὶ
2691 2188 2747 2241 δὲ
2786 2187 2935 2239 δοκεῖ
2971 2185 3068 2256 τὴν
3098 2183 3314 2253 Νεαρὰν
3344 2181 3721 2251 ἐκφωνηθῆναι

2165 2291 2243 2350 είς
2270 2285 2428 2356 μόνον
2449 2284 2508 2336 τὺ
2537 2278 2925 2352 ἐμποδίζεσθαι
2955 2277 3081 2340 τοὺς
3105 2275 3443 2336 ἐπισκόπους
3476 2273 3570 2326 καὶ
3597 2272 3724 2334 τοὺς

2171 2377 2438 2450 μοναχοὺς
2501 2372 2746 2441 γίνεσθαι
2787 2369 3000 2424 οῐκοθεν
3061 2368 3389 2437 ἐπιτρόπους
3435 2366 3468 2435 ἢ
3528 2365 3722 2434 κουρά·

2167 2485 2380 2541 τωρας·
2415 2467 2447 2538 ἢ
2482 2467 2614 2519 ὅταν
2645 2464 2749 2518 ὑπὸ
2786 2462 2897 2516 τῶν
2930 2463 3108 2532 νόμων
3136 2461 3213 2524 είς
3240 2460 3396 2512 τοῦτο
3427 2458 3726 2512 καλῶνται.

2170 2562 2328 2616 Κατὰ
2361 2560 2467 2627 γὰρ
2503 2555 2872 2623 ἐπισκοπικὴν
2907 2552 3210 2622 ἐπιτροπὴν
3251 2551 3432 2604 πᾶσαν
3460 2549 3727 2619 διοίκησιν

2169 2649 2575 2718 ἀναδεχόμενοι,
2631 2644 2775 2698 κατὰ
2808 2644 2905 2714 τὴν
2955 2642 3251 2713 περίληψιν
3307 2639 3401 2694 τοῦ
3459 2641 3727 2707 παρόντος

2170 2741 2390 2801 κανόνος
2437 2737 2530 2789 καὶ
2560 2735 2650 2788 τοῦ
2686 2732 2801 2804 μετ’
2839 2731 3022 2796 αὐτὸν,
3066 2731 3126 2782 οὑ
3163 2728 3727 2801 προκριματισθήσον-

2169 2850 2278 2886 ται.
2351 2831 2413 2883 Οἱ
2453 2828 2634 2900 μέντοι
2665 2823 3046 2897 πρεσὸύτεροι,
3075 2822 3332 2885 διάκονοι,
3357 2822 3451 2874 καὶ
3483 2818 3729 2888 ἀναγνῶ-

2174 2943 2297 2979 σται
2348 2923 2488 2976 κατὰ
2527 2920 2617 2973 τὸν
2659 2917 2907 2988 παρόντα
2951 2916 3154 2968 κανόνα
3201 2916 3293 2969 κα)⁵
3346 2913 3446 2984 τὴν
3485 2912 3727 2981 Νεαρὰν,

2173 3017 2343 3089 χωρὶς
2394 3011 2757 3078 ἐπισκοπικῆς
2817 3007 3122 3080 ἐπιτροπῆς
3183 3005 3422 3074 γίνονται
3480 3003 3729 3077 ὀρφανῶν

511 3136 640 3175 vero
694 3121 1018 3184 minoribus,
1071 3133 1238 3185 usque
1295 3118 1360 3170 ad
1411 3116 1480 3170 25
1537 3132 1734 3170 annum
1791 3115 2064 3184 inclusive,

2174 3109 2457 3180 ἐπίτροποι
2483 3106 2576 3159 καὶ
2607 3102 2974 3173 κουράτωρες,
3002 3100 3090 3153 ὅτε
3134 3099 3237 3152 ὑπὸ
3264 3097 3356 3151 τοῦ
3388 3098 3550 3166 νόμον
3594 3097 3730 3166 πρὸς

511 3212 624 3265 sive
668 3211 892 3264 masculi
939 3210 1068 3273 sint,
1119 3211 1233 3263 sive
1297 3209 1531 3262 femine.
1590 3209 1680 3262 Eis
1734 3218 1912 3262 autem
1961 3223 2077 3262 om-

517 3303 676 3358 nibus
728 3318 813 3357 rcs
871 3302 1271 3356 ecclesiasticas
1312 3315 1567 3356 exercere
1635 3301 1942 3355 indistincte
1996 3300 2080 3354 vi-

513 3411 634 3449 sum
683 3404 795 3460 est;
844 3393 1089 3463 quamvis
1149 3409 1383 3464 prtcsens
1427 3408 1599 3447 canon
1644 3394 1785 3447 dicat
1821 3393 1920 3447 hoc
1954 3407 2076 3447 cum

516 3488 804 3556 episcopali
861 3489 1216 3556 pcrmissione
1275 3486 1412 3541 fieri.
1474 3485 1567 3539 Dic
1623 3501 1750 3556 ergo
1822 3488 1873 3541 in
1934 3503 2079 3541 sum-

517 3595 657 3633 mam
729 3580 1096 3645 contraheus,
1155 3579 1464 3648 quicunque
1519 3579 1572 3632 in
1634 3594 1842 3634 canone
1898 3582 2075 3635 conti-

519 3683 732 3738 nentur,
767 3672 1055 3743 episcopali
1086 3674 1299 3742 quidem
1327 3672 1706 3742 pertnissione,
1737 3687 1840 3726 non
1899 3673 2069 3727 solum

521 3765 899 3818 ecclesiastica
956 3766 1194 3834 negotia,
1255 3766 1346 3819 sed
1402 3774 1454 3818 et
1489 3764 1668 3819 civilia
1705 3765 1839 3818 citra
1904 3765 2068 3818 ullum

518 3853 886 3922 praajudicium
931 3855 1304 3909 exercebuut:
1360 3867 1617 3923 prmterea
1670 3870 1847 3910 autem
1905 3857 2070 3911 etiam

517 3961 732 3998 omnem
762 3946 982 4000 tutelam
1016 3955 1068 3999 et
1091 3960 1298 4001 curam.
1333 3945 1386 3999 Si
1419 3945 1538 3999 talis
1573 3954 1749 3999 autem
1771 3962 1873 4000 non
1911 3946 2078 4002 inter-

520 4035 674 4086 cedat
739 4033 1017 4102 permissio
1058 4071 1072 4096 ,
1131 4033 1365 4102 episcopi
1418 4032 1630 4102 quidem
1702 4042 1758 4086 et
1825 4035 2076 4088 monachi

521 4140 620 4178 nec
658 4126 903 4189 tutelam,
932 4141 1030 4181 nec
1074 4141 1258 4180 curam
1324 4135 1534 4194 gerent,
1570 4139 1636 4179 ne
1671 4141 1812 4180 nunc
1859 4126 2075 4194 quidem

521 4219 738 4285 quando
799 4220 914 4287 lege
969 4219 1036 4272 ad
1089 4218 1192 4273 hoc
1240 4227 1523 4272 vocantur.
1584 4215 1781 4273 Clerici
1849 4225 2071 4285 autem,

2169 3202 2328 3256 τοῦτο
2363 3197 2673 3253 καλοῦνται.
2737 3192 2973 3246 Γίνωσκε
3017 3191 3070 3243 δὲ
3094 3191 3175 3243 ὅτι
3209 3177 3492 3261 ἐπίτροποι
3528 3189 3626 3260 μὲν
3652 3189 3733 3242 δίο

2171 3295 2350 3348 δονται
2386 3289 2496 3358 (91)
2533 3291 2644 3351 τοῖς
2699 3284 2916 3356 ἀνήϐοις
2970 3283 3192 3353 ἄρρεσιν
3224 3281 3330 3333 ὰπὸ
3379 3279 3470 3333 τοῦ
3512 3278 3732 3350 πρώτου

2180 3381 2432 3439 ἐνιαυτοῦ
2472 3381 2636 3452 μέχρι
2667 3377 2760 3432 τοῦ
2795 3377 2879 3443 ιδ’,
2917 3376 3009 3430 καὶ
3043 3373 3238 3427 αὐτοῦ·
3263 3372 3451 3444 ὥσπερ
3485 3373 3580 3426 καὶ
3613 3374 3732 3435 ταῖς

2175 3480 2415 3551 θηλείαις
2449 3478 2610 3547 μέχρι
2639 3473 2734 3527 τοῦ
2791 3471 2879 3543 ιβ’,
2913 3471 3007 3526 καὶ
3047 3469 3215 3526 αὑτοῦ
3242 3487 3256 3502 ·
3296 3470 3643 3539 κουράτωρες
3674 3467 3731 3520 δὲ

2176 3574 2287 3634 τοῖς
2336 3567 2557 3639 ἀφήλιξι
2591 3568 2752 3638 μέχρι
2800 3563 2893 3618 τοῦ
2932 3570 3009 3618 κε’
3048 3562 3262 3634 χρόνου,
3292 3565 3384 3615 καὶ
3417 3561 3601 3627 αὑτοῦ,
3633 3559 3732 3613 κᾶν

2181 3667 2409 3738 ἄρρενες
2442 3657 2600 3726 ὦσιν,
2628 3660 2734 3714 κᾶν
2765 3659 3004 3728 θήλειαιο
3040 3659 3282 3728 ἐνεργεῖν
3302 3655 3356 3709 δὲ
3387 3655 3594 3719 πάντας
3613 3655 3734 3707 τούο

2178 3775 2273 3811 του
2333 3758 2629 3827 πράγματα
2679 3751 3104 3822 ἐκκλησιαστικὰ
3159 3749 3538 3813 ἁδιαστίκτως,
3585 3748 3732 3801 δέδο-

2181 3869 2328 3915 κται,
2379 3850 2480 3904 κᾶν
2524 3853 2551 3903 ὁ
2581 3847 2771 3918 παρὼν
2823 3847 3002 3900 κανὼν
3060 3862 3194 3915 φησι
3248 3844 3386 3914 μετὰ
3434 3842 3729 3911 ἐπιτροπῆς

2181 3944 2336 3998 τοῦτο
2360 3942 2604 4012 γίνεσθαι
2624 3958 2638 3973 ο
2674 3942 2812 3994 ὥστε
2845 3936 3163 4006 συναγαγὼν
3192 3937 3314 3989 εἰπὲ
3345 3937 3425 3988 ὃτι
3460 3935 3652 3994 πάντες
3677 3932 3728 3984 oi

2183 4035 2262 4105 τῷ
2319 4037 2503 4088 κανόνι
2549 4033 2924 4104 περιεχόμενοι
2963 4033 3082 4084 κατ’
3116 4029 3418 4099 ἐπιτροπὴν
3445 4031 3732 4080 ὲπισκοπι-

2184 4129 2286 4199 κὴν
2337 4129 2396 4182 οὐ
2436 4127 2596 4198 μόνον
2627 4125 3056 4196 ἐκκλησιαστικὰ
3088 4124 3415 4194 πράγματα,
3460 4121 3597 4174 ἀλλὰ
3639 4120 3734 4174 καὶ⁸

2182 4221 2433 4275 πολιτικὰ
2456 4220 2843 4293 ἐνεργήσουσιν
2868 4216 3366 4290 ἀποκριματίστως.
3394 4215 3534 4286 Πρὸς
3554 4213 3608 4266 δὲ
3640 4214 3732 4265 καὶ

1736 4374 1924 4436 Guill.
1958 4375 2281 4453 Bcveregii
2315 4383 2503 4438 nota).

598 4505 706 4573 (91)
749 4501 1692 4575 ‘Errltpon’muitudidortataiimc
1729 4512 1936 4575 tutores
1973 4504 2064 4558 im-

2179 4514 2410 4575 potentes
2449 4520 2558 4559 esse
2603 4505 2905 4575 credantur,
2944 4501 3076 4557 ibid.
3107 4501 3316 4568 Quibus
3360 4500 3537 4575 modis
3571 4502 3737 4575 tutela

525 4575 966 4645 puberibusdari
1021 4573 1273 4626 masculis
1305 4587 1474 4645 usque
1500 4574 1564 4624 ad
1594 4588 1683 4645 an.
1735 4574 1800 4627 14
1838 4574 2071 4645 feminis

529 4642 702 4713 usque
727 4645 790 4694 ad
825 4644 908 4705 l2,
934 4647 1295 4713 eticnratores
1326 4643 1573 4713 utrisque
1596 4642 1660 4696 ad
1695 4659 1784 4697 an.
1828 4643 1918 4698 25.
1956 4644 2072 4697 Bal-

531 4711 718 4769 smnon
744 4727 810 4766 ex
844 4714 958 4780 lege
990 4711 1131 4764 civili
1173 4713 1500 4779 pronuntiat.
1532 4711 1762 4768 Tutores
1791 4718 1932 4769 enim
1965 4715 2074 4769 dati

533 4795 656 4839 sunt
709 4783 1114 4849 impuberibus,
1166 4783 1325 4850 idque
1379 4797 1444 4835 ex
1499 4782 1619 4848 jure
1672 4785 1950 4849 naturali;
2018 4795 2079 4839 ut

531 4858 784 4908 observat
825 4851 1179 4917 JnStinianus,
1241 4854 1444 4916 dicens,
1491 4851 1788 4921 Impuberes
1817 4864 1994 4907 autem
2021 4856 2078 4908 in

529 4929 695 4978 tutela
727 4939 856 4986 esse,
888 4923 1121 4975 naturali
1161 4921 1285 4990 jure
1314 4928 1614 4994 conveniens
1659 4934 1734 4977 est
1768 4941 1786 4979 :
1820 4934 1875 4977 ut
1917 4926 1963 4977 is
1992 4926 2080 4994 qui

528 4997 772 5064 perfectis
814 4994 987 5046 a'tatis
1016 5009 1117 5045 non
1174 4994 1266 5051 sit.
1296 4993 1552 5064 “alterius
1615 4996 1779 5046 tutela
1841 4993 2072 5063 regatur.

532 5063 658 5120 Cum
690 5080 810 5132 ergo
838 5065 1154 5131 pupillorum
1181 5063 1600 5132 pupillarumque
1637 5077 1898 5118 curatores
1925 5081 2080 5134 nego-

533 5139 605 5189 tia
642 5146 848 5204 gerant,
876 5143 988 5201 post
1035 5134 1356 5199 pubertatent
1388 5137 1562 5187 tutela:
1587 5134 1793 5204 judicio
1825 5137 2077 5187 rationem

532 5206 776 5267 reddunt,
839 5214 971 5258 sect.
1033 5205 1086 5266 ti,
1134 5215 1187 5256 et
1242 5204 1417 5257 lnstit.
1483 5207 1548 5258 de
1603 5204 1834 5258 Atiliano
1883 5214 2076 5258 tutore.

535 5275 799 5328 Puhertas
829 5285 1010 5326 autem
1045 5274 1298 5328 masculis
1327 5288 1417 5328 an.
1452 5276 1538 5339 14,
1566 5275 1780 5329 feminis
1811 5290 1952 5329 anno
1988 5275 2074 5339 i2,

537 5346 762 5408 incipit;
805 5360 865 5396 ac
895 5358 1175 5412 pr0pterea
1208 5345 1278 5398 illi
1320 5345 1621 5413 impuberes
1653 5360 1774 5398 esse
1805 5347 2076 5408 desinunt,

537 5413 695 5478 idque
729 5429 791 5464 ex
848 5415 1085 5480 ejusdem
1141 5415 1494 5476 institutione.
1537 5417 1787 5477 dicentis,
1844 5413 1912 5468 Et
1968 5415 2084 5468 ideo

536 5493 718 5534 nostra
772 5492 949 5554 sancta
977 5485 1344 5537 constitutione
1371 5485 1720 5552 promulgata,
1759 5486 2082 5554 pubertatem

531 5555 590 5630 in
617 5552 864 5630 masculis
890 5565 1000 5619 post
1023 5556 1273 5630 decimum
1293 5567 1536 5630 quartum
1554 5552 2080 5624 annumcontpletum

535 5624 676 5672 illico
750 5622 957 5693 initium
997 5625 1249 5693 accipere
1308 5622 1682 5693 disposuimus.
1742 5622 2078 5693 Antiquitatis

535 5706 773 5742 normam
803 5692 856 5744 in
883 5691 1088 5757 {emittis
1118 5692 1243 5744 bene
1276 5691 1500 5760 positam
1518 5696 1571 5747 in
1595 5712 1688 5747 suo
1719 5691 1898 5747 ordine
1923 5695 2078 5746 relin-

529 5769 774 5827 quentes,
828 5771 886 5814 sit
943 5769 1058 5817 post
1101 5762 1373 5818 duodecim
1418 5781 1580 5818 annos
1632 5766 1930 5828 completos,
1977 5763 2071 5817 viri

2185 4572 2388 4630 linitur.
2420 4576 2486 4630 Et
2522 4575 2644 4630 hinc
2683 4577 2734 4628 in
2766 4572 3053 4628 Pandectis
3086 4574 3305 4634 dicitur.
3341 4572 3432 4626 sed
3476 4574 3521 4625 si
3563 4573 3740 4638 puella

2183 4645 2548 4699 duodecimum
2586 4661 2783 4698 annum
2828 4643 3137 4710 impleverit,
3182 4651 3327 4696 tutor
3355 4643 3547 4696 desinit
3601 4658 3737 4695 esse.

2183 4716 2221 4770 Ι.
2254 4732 2377 4781 χιιι,
2414 4725 2546 4770 sect.
2583 4715 2638 4781 2,
2671 4714 2729 4772 Π.
2751 4715 2819 4768 de
2843 4715 3110 4769 tutoribus
3135 4725 3190 4768 et
3211 4713 3556 4767 curatoribus
3576 4712 3734 4764 datis.

2186 4784 2311 4856 [fast
2356 4787 2690 4856 pubertatem
2754 4785 3018 4853 inceptam
3074 4798 3243 4856 usque
3268 4786 3358 4856 λιιι
3410 4781 3732 4856 anunm25.

2184 4852 2474 4910 Curatdres
2503 4855 2611 4908 dati
2642 4865 2766 4909 sunt
2800 4852 3013 4924 utrique
3053 4852 3226 4908 sexui.
3259 4852 3486 4924 Masculi
3515 4853 3726 4917 quidem

2185 4926 2420 4992 puberes,
2446 4934 2491 4976 et
2514 4926 2721 4992 femina:
2753 4925 2848 4979 viri
2881 4935 3113 4992 potentes
3155 4940 3313 4992 usque
3342 4923 3410 4976 ad
3435 4924 3734 4975 vicesimum

2180 4996 2421 5063 quintum
2457 5011 2655 5048 annum
2707 4993 3059 5062 completum,
3107 5002 3375 5047 curatores
3421 4995 3733 5060 accipiunt:

2181 5067 2303 5134 quia
2358 5065 2473 5118 licet
2517 5067 2734 5131 puberes
2792 5065 2920 5126 sint.
2952 5068 3122 5118 adhuc
3171 5075 3341 5116 tamen
3388 5063 3505 5133 ejus
3561 5063 3739 5134 (etatis

2182 5131 2324 5200 sunt,
2367 5146 2420 5188 ut
2469 5151 2566 5187 sua
2601 5135 2806 5204 negotia
2854 5137 3120 5188 tueri.non
3159 5134 3380 5202 possint.
3411 5131 3606 5204 ’lnstit.
3666 5131 3740 5184 De

2179 5206 2530 5258 curatoribus.
2592 5203 2895 5268 l'andectae,
2943 5205 3168 5274 Apparet
3226 5203 3519 5257 minoribus
3583 5204 3739 5274 annis

2182 5277 2383 5345 viginti-
2414 5275 2641 5343 quinque
2691 5291 2808 5328 eum
2836 5271 3268 5345 opent'polliceri,
3315 5290 3436 5326 nam
3491 5286 3604 5345 post
3641 5271 3737 5323 hoc

2185 5341 2383 5411 tempus
2426 5341 2682 5409 compleri
2737 5344 2935 5398 virilem
2986 5345 3206 5412 vigorem
3240 5353 3470 5398 constat.
3523 5341 3589 5394 Et
3620 5345 3737 5396 ideo

2183 5415 2238 5466 in
2270 5415 2403 5468 hanc
2454 5430 2611 5473 usque
2641 5423 2848 5468 wtatem
2888 5413 3240 5466 adolescentes
3303 5426 3611 5467 curatorem
3640 5428 3738 5462 au-

2180 5486 2308 5537 xilio
2347 5497 2619 5554 reguntur,
2666 5501 2755 5538 nec
2802 5493 2920 5536 ante
2954 5485 3029 5535 rei
3078 5499 3188 5537 sua:
3241 5483 3629 5554 administratio
3669 5483 3738 5534 iis

2178 5550 2434 5607 committi
2467 5555 2687 5619 debebit,
2707 5556 2937 5624 quamvis
2961 5555 3083 5608 bene
3107 5569 3212 5606 rem
3229 5570 3381 5608 suam
3413 5550 3733 5624 gerentibus.

2179 5624 2216 5678 l.
2252 5640 2297 5706 ι..
2331 5636 2466 5680 sect.
2495 5626 2530 5678 2
2560 5637 2613 5681 et
2656 5621 2792 5691 5,112
2821 5625 2888 5680 de
2923 5625 3224 5680 minoribus
3259 5621 3445 5695 viginti
3493 5621 3732 5692 quinque

2175 5711 2352 5751 annis.
