4138 6210
531 337 637 398 3'35
1784 337 2059 398 THEOD.
2106 335 2514 396 BALSAMON

3663 341 3764 403 396

532 464 654 506 tur:
702 465 765 507 ac
792 450 975 505 tutela:
997 450 1214 521 quidem
1252 451 1472 505 nomine
1504 450 1843 519 impuberum
1904 467 2090 506 curam

2208 452 2244 502 »ἱ
2269 454 2366 523 τὴν
2399 450 2498 519 μὲν
2528 449 2668 520 ἥϐην
2699 450 3160 520 ὑπεραναδιὶντες,
3191 452 3387 522 ἥττους
3420 453 3477 505 δὲ
3536 453 3642 505 τῶν
3676 454 3763 508 κε’

530 544 769 616 synodus
814 545 1028 607 innuit,
1077 543 1167 613 (iis
1213 557 1407 612 nempe
1463 552 1672 596 tutores
1714 544 2083 611 assignantur)

532 637 673 704 quod
702 647 882 689 autem
932 637 1202 688 minorum
1237 635 1569 688 mentionem
1614 632 1828 695 fecerit,
1877 645 2095 689 curato-

537 734 610 784 ris
639 729 1139 784 munusindicavit.
1168 727 1308 782 Sunt
1353 743 1586 797 namque
1630 728 1961 797 impuberes,
2002 729 2092 794 qni

532 822 688 875 annis
723 821 790 873 Ην
831 821 1067 874 minores
1092 832 1221 873 sunt
1248 836 1261 872 :
1294 820 1532 872 minores
1566 834 1714 880 vero,
1743 820 1833 887 qui
1868 820 2097 886 puberes

530 930 654 967 cum
687 912 822 977 sint,
851 928 1053 967 annum
1114 920 1293 966 tamen
1335 914 1512 964 aetatis
1559 910 1631 964 25
1678 912 1916 964 nonduin
1970 911 2097 962 atti-

535 1020 681 1073 gere,
716 1006 908 1073 quibus
939 1004 1154 1070 quidem
1183 1012 1463 1056 curatores
1485 1002 1598 1054 dari
1624 1002 1822 1054 solent.
1851 999 1955 1052 Sed
1986 1001 2099 1052 haec

539 1112 676 1165 ipsa,
706 1094 903 1164 inquit,
942 1094 1139 1147 tutoris
1168 1093 1504 1146 curatorisve
1530 1094 1710 1143 omnia
1744 1100 1853 1143 tum
1882 1092 2097 1143 deumm

540 1188 794 1252 subeant,
824 1202 946 1241 cum
985 1200 1049 1239 ea
1079 1186 1289 1255 legibus
1322 1185 1601 1253 suscipere
1658 1186 1964 1236 necessario
2002 1198 2098 1236 co-

537 1290 760 1346 guntur,
809 1293 913 1332 non
973 1292 1037 1331 ea
1091 1278 1194 1333 sibi
1251 1276 1392 1329 ultro
1456 1278 1553 1345 ipsi
1598 1278 1891 1345 deposcant
1939 1286 2099 1343 atque

537 1381 812 1442 appetant.
846 1368 915 1422 Et
949 1385 1070 1424 cum
1094 1371 1378 1442 episc0pus
1409 1370 1580 1432 urbis,
1622 1371 1672 1421 in
1736 1384 1839 1437 qua
1908 1385 2095 1421 sacer-

546 1470 700 1518 dotes
738 1464 789 1516 in
821 1461 1026 1516 clerum
1051 1461 1288 1530 cooptati
1315 1469 1461 1522 sunt,
1498 1471 1550 1514 et
1589 1460 1739 1527 juxta
1793 1476 1952 1527 quam
1985 1474 2100 1513 mo—

544 1556 699 1610 uachi
726 1555 1034 1609 inhabitant
1059 1555 1204 1623 (nam
1235 1564 1289 1606 et
1328 1553 1623 1607 monachos
1655 1554 1917 1622 cujusque
1950 1554 2098 1607 urbis

540 1648 806 1718 episcopis
843 1647 1115 1717 subjectos
1160 1661 1281 1699 esse
1327 1646 1523 1699 debere
1569 1647 1811 1715 proxime
1851 1649 2096 1715 sequenti

540 1755 748 1793 ratione
776 1738 1131 1793 constitutum
1164 1736 1447 1805 reperias),
1471 1738 1805 1804 negotiorum
1841 1736 2099 1789 ecclesia-

2198 545 2481 605 ἐνιαυτῶν.
2509 536 2584 596 ὧν
2629 544 3005 613 προΐστανται⁴
3034 545 3083 596 oi
3121 546 3492 615 κουρατωρες,
3525 548 3620 599 καὶ
3646 550 3759 600 τότε

2199 637 2524 707 καλούμενοι
2556 639 2618 687 ἐκ
2649 636 2743 688 τοῦ
2779 638 2945 704 νόμου
2979 638 3057 696 εἰς
3095 638 3394 708 ἐπιτροπὴν
3424 638 3456 707 ἢ
3485 655 3767 709 κουρατω-

2204 730 2376 798 ρείαν,
2403 730 2795 796 ἀπαραιτήτως
2835 728 3137 779 ύπεισιέναι
3163 730 3366 789 ταύτας
3406 728 3617 780 κελεύει
3638 731 3769 781 τούς

2199 838 2347 883 τους,
2379 822 2440 872 οὐ
2469 820 2574 887 μὴν
2607 820 2833 882 ἑαυτοὺς
2861 820 3208 889 ἐπιῤῥίπτειν
3238 820 3518 883 τοιαύταις
3557 820 3765 890 διοική-

2201 930 2341 967 σεσι.
2374 914 2486 966 Καὶ
2524 915 2612 966 ὅτε
2647 913 2703 965 δὲ
2731 915 2761 964 ό
2808 916 2907 981 τῆς
2941 912 3148 973 πόλεως
3178 910 3472 975 ἐπίσκοπος
3524 915 3583 964 ὲν
3675 930 3771 964 κε-

2200 1008 2512 1076 κλήρωνται
2535 1009 2582 1058 oi
2636 1006 2951 1074 ίερωμένοι,
2992 1005 3024 1074 ἦ
3062 1004 3417 1075 παροικοῦσιν
3448 1005 3498 1057 οἱ
3545 1009 3772 1076 μοναχοὶ

2201 1100 2464 1168 (καὶτοὺς
2487 1102 2753 1169 μοναχους
2772 1098 2880 1168 γὰρ
2904 1098 2981 1167 τῷ
3002 1099 3234 1166 ἑκάστης
3260 1098 3467 1160 πόλεως
3485 1100 3771 1171 ὲπισκόπῳ

2200 1190 2522 1243 ὑποκεῖσθαι
2548 1193 2574 1242 ὁ
2607 1195 2743 1259 μετὰ
2769 1190 2956 1242 τοῦτον
2993 1189 3240 1252 θεσπίζει
3274 1189 3479 1259 κανὼν)
3510 1193 3770 1261 πραγμά-

2199 1302 2308 1336 των
2344 1282 2811 1352 ἐκκλησιαστικῶν
2862 1282 3121 1351 ἀναθήσει
3148 1281 3426 1349 φροντίδα,
3463 1285 3555 1336 καὶ
3597 1283 3770 1354 ὀρφα-

2201 1374 2307 1426 νῶν
2366 1376 2459 1427 καὶ
2497 1374 2680 1443 χηρῶν
2735 1376 3109 1445 ἀπρονοήτων.
3156 1374 3314 1427 Οὕτω
3360 1376 3469 1446 γὰρ
3500 1377 3603 1429 κάν
3651 1380 3770 1438 ταῖς

2201 1466 2471 1536 Ιῖράξεσιν
2500 1466 2780 1535 ἱστόρηται
2809 1466 2886 1535 τῷ
2909 1466 3036 1536 θείῳ
3061 1470 3246 1538 Λουκᾷ
3283 1470 3408 1531 τοὺς
3435 1468 3771 1530 ἀποστόλους

2200 1558 2425 1626 ποιῆσαι
2457 1544 2977 1626 προχειρισαμένους
2999 1559 3123 1622 τοὺς
3174 1559 3311 1611 ἑπτὰ
3345 1558 3644 1621 διακόνους,
3683 1560 3769 1611 ἵνα

2202 1648 2279 1718 μὴ
2318 1651 2380 1700 ἐν
2411 1650 2477 1717 τῇ
2522 1649 2770 1719 διακονίᾳ
2796 1652 2862 1718 τῇ
2898 1649 3243 1719 καθημερινῇ
3297 1650 3768 1721 παραθεωρῷνται

2201 1742 2257 1795 ai
2286 1740 2476 1811 χῆραι.
2518 1743 2588 1793 Ἢ
2631 1743 2940 1811 προσώπων
2994 1743 3281 1813 ἐπιτρέψει
3312 1745 3632 1814 ἀντέχεσθαι
3676 1745 3766 1799 διὰ

538 1834 797 1887 sticoruni
840 1831 1298 1900 procurationem,
1354 1828 1748 1897 pupillorumve
1782 1837 1878 1880 aut
1918 1827 2104 1881 \‘idtIa-

2208 1835 2293 1886 τὸν
2324 1834 2485 1903 φόϐον
2524 1832 2621 1887 τοῦ
2656 1836 2883 1904 Κυρίου,
2914 1836 2974 1888 ού
3004 1836 3090 1890 διὰ
3121 1836 3331 1906 κέρδος,
3363 1837 3424 1888 οὐ
3453 1836 3540 1889 διὰ
3573 1838 3755 1900 δόξαν,

542 1940 684 1988 rum,
737 1924 935 1994 quibus
987 1938 1091 1975 non
1168 1921 1503 1991 providetur,
1560 1934 1746 1973 curam
1824 1935 2102 1974 commen-

538 2018 768 2072 daverit.
843 2016 934 2070 Sic
981 2016 1203 2077 etenim,
1268 2015 1318 2068 iu
1377 2014 1529 2067 Actis
1613 2028 1828 2082 quoque
1881 2023 2103 2067 sanctus

544 2109 715 2163 Lucas
784 2110 988 2161 factum
1079 2107 1246 2160 fuisse
1315 2107 1383 2159 ab
1478 2105 1738 2175 apostolis
1820 2114 2102 2168 menmiat,

539 2201 630 2268 qui
667 2210 870 2267 septem
898 2200 1154 2252 diaconos
1195 2198 1494 2267 elegerunt,
1519 2212 1586 2250 ne
1615 2198 1666 2249 in
1703 2195 2004 2249 ministerio
2028 2197 2105 2247 vi-

547 2293 740 2346 delicet
767 2291 1084 2360 quotidiano
1106 2290 1279 2343 viduae
1311 2297 1695 2358 spernerentur
1721 2289 1791 2341 δ’.
1820 2286 2104 2343 Certorum

542 2398 759 2454 quoque
810 2382 1087 2436 hominum
1136 2381 1513 2450 patrocinium,
1568 2379 1660 2449 qui
1725 2395 1843 2435 sese
1875 2380 2108 2436 maxime

547 2474 729 2527 auxilii
750 2471 1102 2527 ecclesiastici
1120 2470 1424 2538 indigentes
1447 2471 1762 2534 obtulerint,
1782 2472 2109 2525 ecclesiasti-

544 2569 625 2622 cis
658 2568 808 2632 viris,
835 2567 924 2636 qui
954 2569 1006 2620 in
1035 2579 1098 2619 eo
1138 2578 1245 2619 non
1276 2578 1371 2633 spe
1400 2563 1558 2630 lucri,
1584 2576 1678 2617 aut
1717 2564 1895 2617 inanis
1924 2564 2107 2633 gloriae

545 2661 864 2731 cupiditate,
905 2658 999 2713 sed
1025 2656 1139 2713 sola
1186 2670 1315 2727 erga
1345 2656 1510 2709 Deum
1564 2657 1765 2725 pietate
1812 2651 2104 2719 ducantur,

542 2754 733 2807 eodem
755 2753 1007 2819 episcopo
1034 2746 1398 2819 permittente,
1434 2746 1693 2815 amplecti
1730 2747 1908 2800 lii-eat.
1938 2745 2104 2802 Tales

548 2849 689 2905 sunt,
709 2842 801 2905 qui
830 2840 1180 2910 dynastarum
1211 2827 1507 2907 metm-per
1525 2852 1662 2906 quos
1682 2837 1878 2907 injuste
1912 2853 2112 2891 vexan-

548 2953 655 3003 tur,
680 2941 747 2991 ad
789 2936 1088 2990 Ecclesiam
1129 2932 1484 3005 confugiunt;
1518 2934 1702 3002 quive,
1736 2933 1861 2987 licet
1906 2933 2109 3002 aliquid

552 3034 687 3086 forte
746 3028 1090 3090 oﬂ'enderint,
1141 3025 1417 3096 suppetias
1466 3027 1569 3079 sibi
1636 3025 1989 3080 nihilominus
2043 3025 2111 3079 ab

551 3122 792 3178 Ecclesia
854 3119 978 3173 ferri
1024 3119 1323 3188 postulant,
1360 3119 1520 3181 tales,
1580 3126 1634 3172 et
1685 3122 1777 3186 qui
1815 3118 2013 3183 injuste
2054 3118 2109 3171 in

2203 1926 2313 1977 τῶν
2367 1927 2603 1995 μάλιστα
2649 1927 3117 1996 ὲκκλησιαστικῆς
3168 1929 3435 1996 δεομένων
3488 1928 3759 1997 βοηθείας,

2202 2009 2305 2066 οἷοί
2335 2017 2473 2067 εἰσιν
2502 2016 2551 2067 οί
2587 2018 2654 2086 τῇ
2709 2017 2841 2085 ἁγίᾳ
2864 2016 3162 2086 Ἐκκλησία
3198 2016 3652 2087 προσφεύγοντες,
3677 2018 3759 2069 δε-

2202 2106 2377 2169 διότες
2421 2106 2689 2169 δυνάστας
2740 2107 2830 2175 ὑφ’
2864 2101 2937 2159 ὧν
2976 2107 3310 2169 ἀδικοῦνται,
3361 2107 3395 2177 ἢ
3438 2112 3760 2169 πταίσαντες

2206 2200 2357 2263 ἴσως,
2412 2201 2505 2252 καὶ
2543 2201 2641 2268 τὴν
2703 2200 2802 2268 τῆς
2836 2200 3165 2267 Ἐκκλησίας
3222 2200 3514 2270 ζητοῦντες
3545 2201 3766 2251 ὲπικουυ

2208 2292 2356 2364 ρίαν,
2384 2294 2479 2345 καὶ
2503 2294 2552 2345 οἱ
2578 2292 2778 2354 ἀδίκως
2800 2292 2878 2353 είς
2908 2291 3152 2344 δουλείαν
3171 2292 3477 2359 ἑλκόμενοι,
3501 2291 3595 2343 καὶ
3621 2291 3770 2344 ἄλλοι

2204 2382 2460 2447 τοιοῦτοι,
2501 2383 2567 2434 δι’
2604 2381 2698 2445 οὓς
2735 2383 2941 2436 ἔκδικοι
2976 2384 3242 2451 γίνονται.
3308 2384 3446 2446 Τοὺς
3479 2384 3537 2436 δὲ
3592 2399 3773 2453 παρα-

2208 2476 2489 2536 ϐαίνοντας
2520 2474 2588 2526 τὰ
2610 2474 2890 2545 ὡρισμένα
2918 2473 3092 2526 ταῦτα
3121 2474 3418 2545 ἐπιτιμίοις
3452 2477 3771 2529 ὑποκεῖσθαι

2207 2564 2440 2619 κελεύει.
2472 2565 2553 2617 Τὰ
2575 2565 2631 2616 δὲ
2663 2564 2771 2616 τῶν
2797 2564 3089 2633 ἐπιτιμίων
3118 2565 3177 2616 οὐ
3208 2567 3601 2634 προστέθεικεν
3634 2566 3768 2619 sicin.

2208 2659 2275 2711 Τί
2298 2658 2532 2729 δήποτε;
2565 2657 2688 2709 Ὅτι
2709 2659 2758 2710 οἱ
2787 2661 2914 2727 περὶ
2943 2659 3146 2711 τούτων
3178 2658 3286 2710 τῶν
3305 2658 3516 2711 σεπτῶν
3544 2659 3775 2713 ἁποστόι

2206 2751 2318 2806 λων
2354 2752 2597 2813 κανόνες,
2631 2753 2657 2803 ὁ
2700 2753 2798 2821 μὲν
2826 2751 2984 2813 ἕκτος
3025 2752 3120 2803 καὶ
3149 2751 3177 2801 ὀ
3208 2748 3319 2818 ny’,
3348 2751 3475 2811 τοὺς
3504 2750 3775 2820 κοσμικὰς

2209 2845 2499 2914 φροντίδας
2529 2844 3035 2914 ἀναλαμϐάνοντας,
3068 2843 3101 2912 ἢ
3138 2842 3449 2913 Ῥωμαϊκὴν
3482 2844 3655 2913 ἀρχὴν
3682 2844 3774 2895 καὶ

2210 2937 2475 3006 διοίκησιν
2515 2938 2799 3006 ἱερατικὴν
2839 2934 2995 2999 ἀξίαν
3027 2937 3268 3005 μετιέναι
3314 2937 3777 3005 ἐπιχειρήσαντας

2211 3028 2596 3097 καθαιρεῖσθαι
2629 3028 2986 3099 προστάττει·
3018 3030 3046 3081 ὁ
3070 3028 3127 3080 δὲ
3176 3033 3268 3078 πα¹
3312 3028 3420 3078 τῶν
3466 3027 3646 3078 αὐτῶν
3674 3008 3803 3079 κ--’

2211 3123 2381 3176 νόνων
2444 3122 2518 3193 μὴ
2566 3124 2815 3174 καθιέναι
2869 3121 3067 3183 αὐτοὺς
3133 3120 3257 3182 τοὺς
3322 3120 3652 3189 ἱερωμένους
3698 3122 3780 3182 εἰς

551 3214 863 3269 servitutem
910 3210 1246 3277 rediguntur,
1299 3210 1593 3278 ceterique
1638 3207 1962 3275 lmjusmodi,
1992 3211 2106 3276 qui-

2212 3184 2481 3282 δημοσία-ν
2507 3184 2687 3280 δρίζει
2726 3211 3017 3280 διοίκησιν,
3049 3211 3143 3263 καὶ
3170 3184 3423 3278 ἐπιφέρει
3450 3184 3469 3236 ’⁷
3496 3208 3567 3260 Ἦ
3597 3208 3783 3259 πειθέ-

554 3313 650 3365 bus
684 3308 1034 3364 sublevandis
1091 3304 1415 3360 defensores
1456 3303 1629 3356 creari
1657 3312 1974 3355 consuetum
2006 3311 2109 3355 est.

553 3404 610 3457 Si
641 3406 763 3471 quis
796 3412 977 3455 autem
1009 3407 1201 3454 contra
1233 3399 1391 3463 hujus
1432 3394 1635 3449 decreti
1691 3393 2113 3448 constitutiones

551 3496 826 3564 quidpiam
884 3492 1185 3554 admiserit,
1249 3488 1428 3558 pinnis
1476 3486 1754 3540 hominem
1815 3486 2110 3540 obnoxium

552 3600 677 3636 esse
704 3584 971 3639 decernit.
1008 3580 1297 3635 l’cenarum
1356 3588 1533 3631 tamen
1579 3577 1797 3629 nomina
1835 3576 1979 3628 nulla
2040 3576 2116 3629 si—

555 3669 776 3740 gillatim
800 3668 1075 3738 adjuncta.
1100 3666 1240 3734 Quid
1274 3667 1380 3721 ita?
1410 3664 1788 3737 Quiagcilicet
1829 3666 2116 3734 apostolici

557 3767 655 3817 hac
689 3764 754 3816 de
783 3775 841 3815 re
866 3761 1187 3830 promulgati
1217 3774 1456 3816 canones
1505 3759 1539 3813 6
1582 3770 1637 3813 et
1662 3758 1731 3811 85
1770 3759 1863 3827 qui
1902 3772 1963 3813 se
2020 3774 2117 3813 nec

555 3856 715 3926 gotiis
768 3856 1116 3911 saecularibus
1180 3853 1583 3924 implicaverint
1656 3863 1751 3907 aut
1813 3856 2113 3907 liomanum

558 3950 928 4021 magistratum
960 3947 1120 4003 simul
1144 3961 1266 4001 cum
1284 3943 1606 4001 sacerdotali
1643 3945 2117 3999 administratione

557 4042 815 4098 invadere
865 4041 1206 4103 attentarint,
1274 4037 1615 4108 depositione
1665 4040 1883 4091 multari
1921 4038 2112 4107 jubet:

554 4138 616 4192 8|
674 4151 802 4191 vero
819 4134 1132 4189 eorumdem
1182 4144 1476 4192 canonum,
1502 4141 1787 4200 postquam
1815 4145 1844 4181 a
1878 4144 2119 4197 quacun-

556 4244 659 4298 que
689 4229 911 4296 publica:
967 4223 1451 4279 administrationis
1490 4224 1875 4289 procuratione
1937 4222 2112 4273 sacris

560 4323 801 4375 initiatos
828 4319 1071 4372 homines
1092 4314 1368 4368 abstinere
1403 4312 1588 4382 jussit,
1619 4321 1673 4364 et
1706 4312 2002 4380 subjungit,
2026 4325 2121 4365 aut

560 4414 661 4467 hoc
693 4413 877 4480 igitur,
908 4426 1011 4463 non
1057 4409 1236 4461 lacere
1290 4406 1389 4459 sibi
1426 4404 1741 4473 persuaderi
1776 4406 1984 4465 sinant,
2027 4417 2122 4459 aut

2216 3302 2430 3357 σθωσαν
2449 3300 2543 3357 οὖν
2572 3304 2727 3356 τοῦτο
2753 3305 2828 3374 μὴ
2859 3306 3052 3368 ποιεῖν,
3084 3304 3116 3373 ἦ
3154 3300 3645 3371 καθαιρείσθωσαν.
3692 3302 3780 3362 Ὠς

2213 3392 2307 3450 οὖν
2362 3398 2463 3468 ήδη
2500 3397 2606 3450 τῶν
2659 3396 2954 3467 ἐπιτιμίων
3004 3396 3208 3450 τούτων
3244 3396 3572 3468 ὁρισθέντων
3628 3396 3782 3463 παρὰ

2214 3489 2324 3543 τῶν
2355 3491 2526 3557 ἁγίων
2552 3490 2885 3551 ἀποστόλων,
2918 3492 2952 3559 ἡ
2975 3489 3190 3551 σύνοδος
3219 3489 3356 3558 αὕτη
3385 3486 3779 3557 παρεσιὼπησε

2216 3582 2411 3645 ταῦτα,
2447 3583 2582 3651 ὅπερ
2612 3585 2706 3634 καὶ
2733 3583 2767 3651 ἡ
2797 3583 2854 3633 ἐν
2886 3580 3213 3651 Καρθαγένῃ
3240 3580 3505 3650 πεποίηκε
3536 3578 3776 3637 σύνοδος.

2217 3675 2462 3744 Κάκείνη
2496 3682 2627 3743 γαρ,
2666 3677 2723 3725 ἐν
2755 3670 2831 3737 ις’
2890 3674 3074 3726 κενόνι
3109 3676 3238 3741 περὶ
3285 3672 3477 3724 τούτου
3518 3670 3779 3738 θεσμοπ-

2217 3770 2451 3838 τήσασα,
2477 3770 2576 3820 οὐκ
2603 3769 2883 3836 ἐπήγαγεν
2910 3766 3187 3834 ἐπιτίμιον
3221 3766 3308 3816 διὰ
3332 3764 3427 3834 τὴν
3449 3763 3618 3831 αὐτὴν
3646 3763 3778 3813 πάν-

2217 3878 2325 3924 τως
2362 3860 2558 3913 αἰτίαν.
2614 3858 2777 3911 Ἀλλὰ
2817 3858 2989 3911 ταῦτα
3016 3861 3111 3910 καὶ
3139 3857 3248 3909 τῶν
3280 3858 3580 3926 εἰρημένων
3608 3855 3775 3904 χανό-

2220 3970 2326 4006 νων
2364 3953 2795 4017 διαταξαμένων,
2831 3955 2893 4003 τὸ
2942 3952 3113 4003 κακὸν
3166 3949 3539 4020 ἀθεράπευτον
3571 3947 3774 4015 ἔμεινε.

2220 4044 2312 4095 Δ.ὸ
2352 4042 2446 4095 καὶ
2474 4045 2507 4112 ἡ
2532 4042 2665 4111 ’ἐκτη
2694 4042 2908 4104 σύνοδος
2944 4042 3001 4093 ὲν
3035 4037 3102 4091 ια’
3151 4040 3336 4092 κανόνι
3364 4040 3432 4090 τὰ
3455 4037 3594 4089 αὐτὰ
3620 4036 3779 4087 πάλιν

2222 4135 2587 4189 ἅνενεώσατο’
2623 4134 2718 4187 καὶ
2743 4134 2850 4185 οὐδ’
2886 4130 3057 4194 οὕτως
3083 4132 3223 4192 ἴασις
3266 4131 3363 4200 τῆς
3395 4131 3547 4183 νόσου
3578 4128 3783 4195 ταύτης

2222 4229 2457 4296 ἐγένετο.
2521 4229 2631 4280 Καὶ
2666 4231 2825 4297 μέχρι
2855 4227 2962 4293 γὰρ
2998 4225 3090 4277 νῦν
3118 4226 3329 4292 γίνεται
3373 4223 3435 4275 τὸ
3457 4222 3647 4286 κακὸν,
3684 4238 3779 4272 και

2222 4320 2393 4380 οὐδεὶς
2424 4321 2452 4370 ὁ
2485 4319 2807 4370 ἀνακόπτων
2836 4317 2990 4377 αὐτὸ,
3038 4316 3097 4367 οὐ
3130 4314 3499 4383 πατριάρχης,
3532 4314 3593 4362 οὐ
3626 4313 3785 4381 βασι-

2222 4411 2368 4474 λεὺς,
2400 4411 2501 4462 οὐκ
2552 4410 2872 4471 ἐπίσκοπος.
2910 4396 3403 4478 Παραθεωροῦντα“ι
3434 4412 3563 4475 γονν
3598 4407 3648 4458 οἱ
3694 4421 3786 4457 τοο

562 4508 918 4571 deponantur.
959 4499 1252 4555 Poenarum
1300 4497 1468 4566 igitur
1523 4508 1670 4549 certa
1724 4496 2106 4563 designatione,

2228 4503 2407 4556 σοῦτοι
2428 4504 2687 4565 κανόνες,
2714 4504 2808 4554 καὶ
2833 4505 2948 4564 τοῖς
2978 4500 3121 4554 οὕτω
3146 4500 3553 4571 καθῃρημένοις
3588 4501 3652 4549 ἐκ
3677 4497 3785 4549 τῶν

564 4596 760 4664 quippe
803 4609 923 4663 quae
993 4594 1103 4662 jam
1172 4599 1333 4645 antea
1379 4596 1745 4658 apostomrum
1797 4590 2121 4645 auctoritate

566 4690 796 4738 detinui-ae
824 4681 1042 4736 fuerunt
1100 4692 1287 4737 sancta
1314 4670 1569 4752 synodus,
1602 4682 1704 4734 boc
1740 4681 1857 4735 loco
1873 4681 1973 4735 sibi
2020 4699 2114 4737 su-

566 4778 953 4843 persedendum
1005 4788 1126 4826 esse
1176 4774 1382 4827 statuit.
1424 4770 1575 4837 Quod
1626 4773 1770 4826 idem
1828 4770 2272 4843 Carthaginiensis
2299 4790 2517 4843 quoque
2539 4776 2775 4843 synodus
2806 4776 3014 4826 tenuit:

2227 4596 2467 4648 κανόνων
2522 4592 2994 4660 συλλειτουργοῦσι
3070 4591 3162 4643 καὶ
3215 4587 3696 4657 ,συγκοινυινοῦσιν
3738 4588 3785 4637 οἱ

2222 4686 2562 4754 πατριάρχαι
2587 4685 2678 4735 καὶ
2709 4684 2758 4734 οἱ
2788 4683 3094 4735 ἐπίσκοποι.

3092 4772 3294 4825 etenim
3402 4769 3488 4822 illa
3579 4783 3783 4821 canone

570 4874 634 4926 lli
655 4874 872 4924 decreto
905 4868 1010 4922 hac
1039 4866 1108 4921 de
1144 4881 1201 4921 re
1231 4866 1399 4930 edito,
1450 4864 1694 4919 eamdem
1718 4882 1938 4935 prorsus
1961 4870 2225 4922 rationem
2293 4881 2503 4933 secuta,
2569 4867 2769 4921 nullam
2839 4880 3054 4935 ptBtiatll
3122 4867 3391 4933 apposuit.
3440 4864 3637 4918 Verum
3686 4871 3781 4913 ista

566 4971 687 5022 licet
712 4959 1573 5020 canonicisconstitutionibusita
1597 4958 1822 5012 definita
1850 4957 2104 5023 fuissent,
2162 4959 2297 5012 nihil
2359 4971 2537 5013 tamen
2582 4961 2627 5013 is
2688 4959 2907 5013 tuorbus
2950 4957 3199 5012 videlicet
3287 4957 3617 5019 remittebat,
3696 4970 3788 5007 ea-

565 5064 796 5131 demque
830 5055 1059 5127 proinde
1090 5054 1311 5109 decreta
1342 5060 1496 5106 sexta
1536 5052 1773 5120 synodus
1817 5049 1879 5103 11
1913 5065 2121 5105 canone
2182 5056 2487 5106 renovanda
2521 5052 2756 5104 censuit.
2787 5048 2972 5119 Neque
3003 5060 3177 5103 tamen
3207 5049 3403 5107 idcirco
3450 5049 3589 5102 facta
3647 5048 3788 5100 malo

566 5160 690 5212 huic
741 5153 1030 5217 medicina,
1080 5148 1221 5219 quod
1243 5147 1495 5201 omnibus
1532 5146 1667 5200 locis
1693 5160 1836 5199 llilllc
1889 5162 2105 5216 quoque
2140 5160 2441 5216 grassatur,
2476 5157 2528 5200 et
2558 5161 2715 5200 nemo
2746 5147 3063 5200 coercendae
3097 5143 3223 5197 huic
3278 5142 3444 5211 pesti,
3527 5158 3633 5195 non
3692 5158 3785 5208 pa-

567 5255 822 5317 triarcha,
861 5266 967 5304 nou
1018 5250 1332 5316 imperator,
1384 5261 1489 5300 non
1542 5245 1832 5314 episcopus
1916 5247 2153 5297 aniinum
2234 5245 2487 5296 intendit.
2520 5242 2800 5311 Despectui
2828 5243 3014 5309 itaque
3040 5240 3150 5307 jam
3192 5237 3468 5291 habentur
3503 5235 3792 5290 tamnmlti
3846 5296 3847 5299 η

640 5437 682 5466 δ’
711 5436 836 5487 Act.
864 5448 940 5495 νι,
970 5434 1023 5487 5.

1768 5514 1959 5577 Guill.
1994 5515 2315 5611 Beve‘regii
2344 5524 2533 5578 natm.

569 5662 818 5715 minores.
875 5655 1177 5725 [inpuberes
1230 5654 1374 5725 enim
1424 5649 1644 5704 masculi
1687 5657 2013 5725 munusque
2042 5643 2110 5697 ad

564 5713 761 5783 annum
778 5713 1212 5792 ilbcouipletum,
1237 5723 1449 5776 femina:
1480 5736 1649 5785 usque
1671 5715 1849 5792 ad
1881 5713 2113 5792 Minores

569 5811 745 5857 autent
797 5787 1049 5854 dicuntur
1103 5794 1347 5864 puberes,
1386 5792 1473 5859 qui
1521 5787 1816 5842 annum?!)
1879 5788 2115 5839 nondum

2218 5645 2655 5715 compleverunt.
2724 5642 2847 5698 Istis
2896 5649 3138 5707 tutores,
3190 5639 3274 5695 his
3345 5649 3623 5696 curatores
3680 5632 3792 5687 dati

2222 5730 2370 5769 Sﬂill.
