4138 6210
473 281 577 343 399

540 410 743 459 calum,
767 412 829 450 ne
848 411 1033 449 nomen
1072 392 1164 445 Dei
1196 388 1575 455 blasphematur
1602 403 1618 440 :
1661 387 1889 441 civitatis
1942 401 2039 440 αα-
2068 398 2112 448 Α

544 506 643 546 tem
676 493 966 558 episeopum
1008 495 1203 554 oportet
1225 501 1339 538 eam
1362 500 1517 552 quam
1537 498 1632 548 par
1654 492 1728 533 est
1783 491 2042 533 monaste-

543 602 741 638 norum
783 597 963 635 curam
992 594 1188 647 gerere;

554 863 743 918 BALS.
795 863 929 916 Nota
984 860 1224 929 permitti
1280 858 1574 927 episcopis,
1638 866 1696 908 ut
1761 856 2044 909 monachis

482 960 720 1010 civilium
753 955 1093 1024 negotiorum
1124 953 1654 1005 administrationem
1708 951 2041 1003 concedant:

470 1050 629 1120 quod
655 1050 697 1103 si
730 1046 1002 1118 episcOpis
1065 1046 1167 1098 hoc
1204 1044 1466 1097 indultum
1514 1051 1621 1106 est,
1658 1041 1824 1093 mult‘o
1878 1041 2046 1108 magis

486 1142 903 1209 imperatoribus
940 1138 1291 1208 permittitur.
1350 1136 1458 1188 Eos
1490 1137 1579 1201 qui
1644 1149 1793 1201 pure,
1837 1133 1937 1186 hoc
1965 1142 2047 1185 est

485 1250 612 1288 vere
643 1244 825 1286 etnon
860 1231 1107 1283 simulate
1131 1237 1257 1281 sunt
1306 1225 1581 1287 monachi,
1643 1222 1897 1276 honorari
1959 1226 2049 1276 de-

488 1324 614 1376 bere
659 1322 789 1375 dicit
819 1335 1033 1373 canon:
1070 1333 1165 1372 eos
1195 1331 1324 1371 vero
1376 1316 1465 1384 qui
1500 1313 1799 1368 monachali
1851 1313 2047 1365 amictu

491 1425 741 1482 tanquam
774 1421 1030 1480 pratextu
1065 1418 1310 1471 utuntur,
1345 1418 1395 1460 el
1433 1407 1679 1460 ltOtnines
1751 1405 2045 1473 decipiunt,

490 1504 859 1574 reprimendas
884 1512 939 1556 et
969 1502 1023 1556 in
1056 1516 1165 1555 sua:
1207 1509 1443 1552 tonsurae
1485 1497 1663 1551 locmn
1696 1495 2047 1549 remittendos

489 1609 608 1648 esse
631 1594 802 1645 visum
836 1602 935 1653 est,
991 1600 1051 1644 ut
1078 1590 1167 1656 qui
1197 1602 1327 1643 cum
1353 1586 1613 1641 ecclesias
1668 1596 1778 1638 tum
1838 1584 2047 1649 negotia

491 1686 671 1741 civilia
696 1685 1035 1753 perturbent.
1095 1680 1198 1734 Per
1242 1680 1474 1733 medium
1531 1678 1673 1731 enim
1710 1680 1884 1730 lorum
1930 1693 2051 1745 pro-

492 1778 821 1847 gredientes,
857 1786 911 1826 et
947 1789 1003 1828 se
1031 1772 1385 1827 saecularibus
1437 1769 1669 1838 negotiis
1726 1768 2051 1837 ingerentes,
2087 1744 2128 1795 Β

495 1868 721 1922 fortasse
766 1865 925 1919 etiam
974 1865 1253 1927 docentes,
1304 1862 1643 1931 perturbant,
1679 1858 1782 1913 hoc
1819 1866 1903 1911 est
1949 1859 2053 1910 huc

496 1976 653 2015 mana
678 1967 733 2013 et
763 1958 937 2012 divina
970 1955 1217 2009 dividunt
1250 1968 1311 2005 ac
1332 1952 1688 2014 confundunt,
1718 1965 1816 2003 nec
1846 1948 2052 2011 sinunt,

494 2063 545 2105 ut
586 2068 647 2105 ea
699 2066 761 2103 ex
813 2050 1025 2116 propria
1069 2061 1164 2099 sua
1198 2053 1384 2097 natura
1436 2051 1832 2097 exerceantur:
1887 2055 2055 2093 sazcu-

497 2146 630 2198 Iaria
659 2141 866 2196 scilicet
894 2137 1103 2206 negotia
1126 2151 1155 2189 a
1193 2135 1375 2188 laicis:
1435 2132 1750 2187 monachica
1807 2139 2057 2184 autemet

489 2232 855 2290 ecclesiastica
914 2230 1064 2283 abiis
1095 2230 1181 2297 qui
1217 2236 1341 2281 Stllll
1369 2224 1476 2277 Deo
1509 2223 1761 2277 dedicati.
1793 2222 2054 2288 Quoitiam

501 2337 703 2391 autem,
764 2323 958 2391 inquit,
1018 2321 1178 2373 iidem
1241 2328 1458 2387 propter
1496 2315 1843 2369 ambitionem
1893 2314 2056 2366 etiam

498 2417 826 2483 monasteria
860 2417 923 2467 de
952 2415 1158 2479 integro
1213 2415 1452 2464 excitare
1501 2419 1790 2469 conantur,
1823 2422 1887 2458 ne
1949 2408 2060 2474 epi-

494 2523 656 2576 scopo
684 2507 1068 2576 subjiciuntur,
1098 2503 1379 2557 deliuitum
1404 2512 1490 2554 est
1516 2502 1719 2554 nemini
1766 2500 1929 2553 livere
1977 2499 2058 2552 vel

494 2598 877 2655 monasterium
948 2597 1029 2650 vel
1058 2594 1354 2647 oratorium
1408 2604 1604 2661 praeter
1635 2593 1879 2661 episcopi
1909 2606 2058 2644 meu-

498 2709 603 2747 tem
642 2708 809 2761 usque
839 2689 1115 2744 excitare:
1147 2666 1343 2755 subjici
1396 2695 1573 2739 autem
1627 2684 1921 2738 monachos
1946 2699 2062 2737 om-

496 2801 599 2839 nes
622 2784 852 2854 regionis
874 2782 1150 2850 episcopo,
1179 2788 1234 2833 et
1273 2779 1491 2832 fortiter
1521 2792 1872 2846 perseverare
1899 2776 1950 2828 in
1989 2792 2052 2829 ea

498 2877 777 2930 mansione
803 2876 853 2928 in
872 2888 976 2943 qua
1003 2872 1140 2927 tonsi
1166 2881 1313 2925 sunt.
1341 2870 1540 2937 Adjicit
1567 2878 1746 2923 autem
1774 2883 1868 2923 eos
1898 2870 2061 2920 etiam

498 2983 677 3024 rerum
714 2965 1204 3022 ecclesiasticarum
1260 2963 1663 3017 communionis
1729 2971 1779 3013 et
1828 2958 2064 3013 admini-

1727 269 2002 333 THEOD.
2044 266 2441 331 BALSAMON

3628 251 3737 312 4θο

2210 402 2340 437 του.
2378 382 2487 435 Τὸν
2525 378 2596 431 δὲ
2632 375 3093 444 παραϐαίνοντα
3150 370 3371 424 τοῦτον
3408 367 3583 437 ἡμῶν
3632 372 3743 421 τὸν·

2214 477 2359 543 ὅρον
2385 474 2692 540 ώρίσαμεν
2729 467 3147 533 ἀκοινώνητον
3185 463 3372 521 εἶναι,
3402 463 3506 514 ἵνα
3529 460 3618 529 μὴ
3668 466 3739 513 τὸ

2214 568 2401 634 ὄνομα
2449 562 2558 616 τοῦ
2620 560 2777 615 Θεοῦ
2838 552 3283 625 βλασφημῆται
3317 569 3331 582 °
3371 554 3480 605 τὸν
3525 553 3743 621 μέντοι

2211 661 2548 713 ἐπίσκοπον
2568 654 2684 722 τῆς
2708 654 2946 716 πόλεως
2975 649 3092 719 χρὴ
3130 648 3250 714 τὴν
3278 645 3557 699 δέουσαν
3591 652 3745 715 πρό-

2216 768 2390 805 νοιαν
2417 749 2722 804 ποιεῖσθαι
2750 746 2872 800 τῶν
2896 744 3354 814 μοναστηρίων.

2217 846 2415 898 ΒΑΛΣ.
2457 843 2779 913 Σημείωσαι
2814 842 2899 892 ὅτι
2933 841 3146 906 ἐφεῖται
3184 838 3300 897 τοῖς
3320 833 3649 894 ἐπισκόποις
3676 830 3742 883 τὸ

2147 939 2466 1007 ἐπιτρέπειν
2503 938 2763 1005 μοναχοῖς
2803 934 3077 999 διοίκησιν
3111 928 3421 981 πολιτικῶν
3471 926 3742 996 πραγμά-

2146 1047 2254 1083 των
2280 1045 2297 1064 ο
2324 1030 2419 1083 καὶ
2452 1029 2548 1081 ἐὰν
2571 1030 2687 1091 τοῖς
2715 1027 3044 1084 ἐπισκόποις
3074 1023 3239 1075 τοῦτο
3271 1018 3522 1087 ἐνεδόθη,
3555 1016 3743 1086 πολλῷ

2150 1122 2317 1174 πλέον
2340 1122 2454 1183 τοῖς
2488 1119 2806 1189 βασιλεῦσιν
2834 1117 3250 1187 ἐγκεχώρηται.
3284 1113 3427 1174 Τοὺς
3453 1108 3741 1177 καθαρῶς,

2149 1213 2429 1267 τουτέστιν
2489 1211 2708 1280 ἀληθῶς
2743 1210 2838 1263 καὶ
2870 1209 2945 1278 μὴ
2973 1207 3093 1260 καθ’
3117 1205 3437 1273 ὑπόκρισιν,
3475 1202 3746 1271 μονάζον-

2150 1323 2249 1367 τας
2303 1303 2566 1373 τιμᾶσθαί
2603 1321 2770 1373 φησιν
2802 1305 2829 1355 ὁ
2858 1300 3040 1354 κανών
3061 1313 3076 1327 ·
3107 1299 3239 1361 τοὺς
3267 1298 3326 1349 δὲ
3352 1295 3433 1364 τῷ
3460 1295 3745 1363 μοναχικῷ

2154 1397 2396 1467 σχήματι
2426 1394 2808 1465 κεχρημένους
2856 1393 2931 1455 ὼς
2986 1392 3044 1443 ὲν
3068 1390 3456 1460 προσχήματι,
3483 1390 3581 1439 καὶ
3606 1388 3747 1438 πλα-

2152 1489 2361 1551 νῶντας
2404 1488 2535 1550 τοὺς
2599 1485 2947 1555 ἀνθρώπους,
2987 1480 3463 1553 σωφρονίζεσθαι,
3524 1479 3622 1532 καὶ
3665 1479 3749 1540 εἰς

2151 1582 2254 1645 τὰς
2284 1582 2627 1651 ἀποκάρσεις
2654 1579 2836 1632 αὐτῶν
2870 1577 3197 1647 πέμπεσθαι
3228 1574 3510 1639 δέδοκται,
3542 1573 3621 1636 ὡς
3651 1589 3747 1624 τα-

2157 1677 2452 1747 ράττοντας
2485 1676 2588 1736 τάς
2611 1692 2671 1726 τε
2701 1672 3001 1742 ἐκκλησίας
3033 1673 3131 1724 καὶ
3172 1670 3246 1723 τὰ
3305 1668 3568 1721 πολιτικὰ
3608 1668 3751 1737 πρά-

2155 1788 2363 1841 γματα.
2400 1769 2693 1837 Προῖόντες
2743 1768 2853 1837 γὰρ
2900 1766 2989 1819 διὰ
3028 1767 3202 1835 μέσης
3223 1764 3323 1833 τῆς
3360 1765 3585 1835 ἀγορᾶς,
3651 1760 3748 1814 καὶ

2158 1863 2639 1933 παρεμϐάλλοντες
2672 1860 2898 1921 ἑαυτοὺς
2928 1859 3223 1928 κοσμικοῖς
3256 1855 3572 1923 πράγμασι,
3609 1854 3747 1915 ἴσως

2157 1955 2212 2008 δέ
2240 1954 2333 2006 καὶ
2360 1952 2735 2012 διδάσκοντες,
2768 1950 3129 2019 ταράττουσι,
3164 1946 3423 1999 τουτέστι
3450 1942 3741 2013 μερίζουσι

2159 2047 2253 2099 καὶ
2287 2045 2574 2113 συγχέουσι
2612 2043 2681 2096 τά
2702 2044 2821 2095 θεῖα
2847 2042 2942 2092 καὶ
2965 2041 3035 2092 τὰ
3065 2039 3415 2110 ἀνθρώπινα,
3446 2038 3520 2107 μὴ
3546 2036 3745 2099 ἐῶντες

2158 2140 2331 2193 ταῦτα
2361 2140 2504 2191 κατᾶ
2537 2138 2635 2207 τὴν
2685 2137 2896 2189 οἰκείαν
2948 2134 3114 2203 φύσιν
3169 2132 3546 2202 ἐνεργεῖσθαι,
3580 2131 3749 2201 ἠγουν

2160 2233 2229 2283 τὰ
2258 2230 2355 2299 μὲν
2376 2227 2744 2299 πραγοματικὰ
2770 2227 2877 2278 ὑπὸ
2903 2226 3013 2279 τῶν
3040 2226 3270 2290 λαῖκῶν,
3297 2225 3369 2276 τὰ
3392 2224 3449 2276 δέ
3481 2222 3757 2293 μοναχικὰ

2163 2322 2257 2375 καὶ
2284 2319 2719 2388 ἐκκλησιαστικα
2751 2319 2857 2371 ὑπὸ
2887 2318 2999 2371 τῶν
3027 2317 3478 2386 ἁνατεθειμένων
3508 2315 3588 2386 τῷ
3614 2315 3754 2385 Θεῷ.

2175 2417 2327 2467 Ἐπεὶ
2357 2415 2433 2475 δὲ,
2496 2415 2684 2483 φησιν,
2716 2416 2764 2465 οἱ
2798 2414 2955 2466 αὐτοὶ
2986 2412 3074 2465 διὰ
3125 2411 3426 2482 φιλαρχίαν
3454 2410 3552 2464 καὶ
3590 2428 3759 2479 μονα-

2166 2510 2366 2577 στήρια
2405 2505 2704 2575 πειρῶνται
2767 2508 2829 2557 ἐκ
2861 2506 3055 2573 καινῆς
3096 2506 3385 2573 ἀνεγεῖραι
3440 2504 3528 2572 ἐφ’
3576 2496 3620 2571 ᾧ
3677 2504 3754 2571 μὴ

2165 2599 2488 2653 ὑποκεῖσθαι
2548 2598 2624 2667 τῷ
2678 2598 2989 2667 ἐπισκόπῳ,
3053 2596 3269 2665 ὡρίσθη
3323 2596 3400 2666 μὴ
3450 2596 3601 2666 ἔχειν
3661 2594 3753 2647 ἐπ’

2167 2693 2349 2755 ἁδείας
2383 2692 2504 2744 τινα
2534 2692 2879 2763 ὁπουδήποτε
2919 2692 3299 2761 μοναστήριον
3373 2688 3687 2761 ἀνεγείρειν
3719 2689 3753 2758 ἢ

2167 2786 2461 2855 εὐκτήριον
2491 2785 2645 2854 παρὰ
2672 2786 2903 2855 γνώμην
2931 2784 3029 2837 τοῦ
3058 2786 3393 2848 ἐπισκόπου,
3420 2781 3754 2837 ὑποκεῖσθαι

2168 2876 2225 2928 δὲ
2253 2876 2461 2936 πάντας
2487 2876 2612 2937 τοὺς
2646 2874 2915 2945 μοναχοὺς
2943 2874 3022 2944 τῷ
3050 2874 3195 2927 κατὰ
3221 2874 3412 2945 χώραν
3444 2874 3756 2942 ἐπισκόπῳ.

2170 2967 2265 3020 καὶ
2294 2970 2730 3037 προσκαρτερεῖν
2764 2971 2823 3019 ὲν
2932 2968 3297 3037 ἀπεκάρησαν
3332 2969 3491 3037 μονῇ.
3524 2966 3758 3036 Προστί-

496 3062 774 3116 strationis
809 3074 911 3113 non
962 3072 1082 3113 esse
1134 3056 1454 3128 participes,
1509 3068 1607 3108 nec
1655 3055 1819 3106 etiam
1875 3067 2061 3106 earum

2175 3056 2296 3124 θησι
2331 3057 2386 3109 δὲ
2411 3052 2555 3109 εἶναι
2581 3058 2806 3120 τούτους
2838 3059 2934 3111 καὶ
2965 3057 3309 3127 ἀμεθέκτους
3330 3058 3431 3125 τῆς
3464 3057 3760 3111 κοινωνίας

498 3170 617 3222 qua:
646 3152 710 3204 ad
741 3151 901 3204 vitam
947 3150 1247 3220 pertinent,
1284 3162 1379 3199 seu
1429 3144 1695 3209 civilium,
1760 3142 1863 3194 nisi
1927 3142 2068 3195 forte

502 3245 737 3301 civitatis
783 3244 1070 3314 episc0pus
1122 3242 1200 3296 eis
1245 3251 1465 3310 pr0pter
1494 3254 1647 3291 usum
1703 3235 2067 3289 necessarium

503 3343 602 3394 hoc
631 3337 961 3409 permiserit.
995 3336 1196 3390 Servos
1250 3344 1431 3386 autem
1479 3342 1671 3401 praeter
1718 3328 2064 3382 dominorum

500 3432 830 3483 voluntatem
862 3441 970 3480 non
1009 3439 1131 3480 esse
1155 3423 1457 3478 toudendos
1514 3423 1790 3473 decretum
1824 3426 1936 3470 est:
1989 3416 2069 3469 vel

499 3538 620 3577 cum
649 3532 819 3585 certe,
845 3518 938 3588 qui
968 3519 1069 3572 hoc
1091 3517 1369 3570 decretum
1391 3512 1804 3578 transgreditur,
1833 3525 1952 3564 esse
1980 3525 2071 3563 ex-

506 3611 987 3667 communicatum.
1012 3606 1131 3661 Jam
1161 3621 1286 3659 vero
1306 3605 1462 3673 117
1488 3603 1730 3657 civitatis
1758 3604 2069 3669 episcopum

503 3714 737 3775 Oportet,
764 3704 959 3772 inquit,
989 3699 1444 3752 monasteriorum
1483 3709 1674 3749 curam
1700 3706 1909 3763 gerere.
1934 3691 2105 3755 Nota,

504 3811 632 3866 ergo
661 3797 801 3865 quod
836 3791 1087 3847 monachi
1124 3789 1233 3844 illic
1280 3800 1627 3858 perseverare
1648 3795 1702 3838 et
1757 3798 2075 3852 permanere

506 3890 719 3951 debent,
757 3885 843 3939 ubi
872 3882 1077 3937 saeculo
1116 3879 1506 3933 renuntiarunt
1541 3890 1635 3928 seu
1658 3875 1797 3927 tonsi
1826 3872 2069 3927 fuerunt:

506 3990 558 4033 et
602 3978 747 4048 quod
777 3993 841 4031 ex
871 3974 1226 4045 permissioue
1275 3969 1517 4039 episcopi
1574 3974 1800 4035 possunt
1825 3964 2074 4017 monachi

508 4086 613 4125 non
642 4069 813 4123 solum
848 4066 1223 4121 ecclesiastica
1285 4063 1496 4130 negotia
1546 4058 1949 4121 administrare,
1984 4058 2078 4109 sed

508 4182 569 4218 ea
599 4165 761 4218 etiam
791 4177 910 4224 qua:
940 4162 1005 4212 ad
1042 4160 1206 4211 vitam
1241 4154 1540 4225 pertinent,
1608 4152 1712 4205 hoc
1742 4162 1827 4204 est
1873 4151 2075 4202 cinlia.

513 4258 569 4311 Si
603 4268 779 4309 autem
813 4258 912 4308 hoc
950 4262 1129 4321 potest
1159 4249 1340 4303 facere
1390 4245 1717 4316 episcOpalis
1768 4244 2079 4313 permissio,

514 4355 563 4404 id
614 4348 782 4402 multo
831 4347 1001 4409 magis
1065 4342 1228 4395 faciet
1273 4350 1513 4408 potestas
1566 4337 1906 4406 imperialis,
1963 4352 2083 4404 quae

2174 3152 2270 3203 καὶ
2301 3150 2626 3217 διοικήσεως
2674 3150 2786 3201 τῶν
2814 3150 3291 3220 ἐκκλησιαστικῶν
3324 3152 3693 3220 πραγμάτοιν,
3724 3150 3758 3220 ἢ

2172 3242 2279 3294 τῶν
2312 3241 2606 3310 βιωτικῶν.
2644 3242 2763 3310 ἢτοι
2809 3243 3126 3306 πολιτικῶν,
3156 3244 3203 3296 εί
3231 3244 3305 3312 μή
3331 3261 3449 3306 πως
3477 3245 3506 3295 ό
3534 3246 3634 3312 τῆς
3666 3243 3766 3294 πόο

2174 3334 2307 3396 λεώς
2327 3333 2621 3395 ἐπίσκοπος
2633 3334 2721 3387 διὰ
2739 3334 2927 3404 χρείαν
2944 3336 3245 3402 ἀναγκαίαν
3271 3336 3556 3405 ἐπιτρέψει
3580 3336 3760 3390 τοῦτο.

2175 3426 2311 3490 Τοὺς
2328 3426 2543 3488 δούλους
2557 3427 2612 3479 δὲ
2626 3444 2701 3478 πα
2710 3427 2775 3496 ρὰ
2788 3427 3012 3498 γνώμην
3032 3429 3140 3480 τῶν
3153 3430 3433 3482 δεσποτῶν
3454 3429 3527 3499 μὴ
3540 3431 3712 3483 ἀποκε
3722 3428 3765 3479 ί-

2179 3520 2537 3587 ρεινῶρισται
2560 3520 2592 3590 ἢ
2618 3518 2723 3589 μὴν
2758 3520 2850 3572 τὸν
2886 3522 3295 3590 παραϐαίνοντα
3334 3523 3531 3586 ταῦτα,
3572 3521 3762 3574 τοῦτον

2174 3612 2263 3662 τὸν
2294 3612 2442 3679 ὅρον,
2464 3609 2823 3680 ἀκοινώνητον
2837 3605 2994 3665 εἶναι.
3020 3611 3122 3662 Τὸν
3139 3612 3324 3681 μέντοι
3341 3613 3640 3665 ἐπίσκοπον
3660 3611 3764 3678 τῆς

2177 3704 2387 3763 πόλεως
2436 3700 2565 3771 χρὴ,
2619 3704 2774 3769 φησὶ,
2827 3702 3176 3771 προνοεῖσθαι
3206 3704 3316 3756 τῶν
3354 3704 3759 3774 μοναστηρίων.

2181 3794 2496 3865 Σημείωσαι
2524 3790 2616 3846 οὖν
2646 3795 2728 3847 ὅτι
2758 3794 2940 3846 ἐκεῖσε
2976 3798 3025 3847 οἱ
3064 3797 3292 3865 μοναχοὶ
3324 3797 3760 3865 προσκαρτερεῖν

2180 3890 2272 3939 καὶ
2312 3886 2569 3954 μονάζειν
2600 3884 2933 3952 ὀφείλουσιν,
2980 3885 3111 3938 ἔνθα
3141 3886 3205 3956 δὴ
3237 3887 3334 3939 καὶ
3394 3886 3757 3951 άπετὰξαντο,

2181 3981 2348 4049 ἤγουν
2393 3978 2797 4046 ἁπεκάρησαν·
2856 3977 2953 4030 καὶ
3007 3979 3089 4030 ὅτι
3142 3980 3264 4030 κατ’
3313 3978 3617 4048 ἐπιτροπὴν
3669 3979 3765 4031 τοῦ

2183 4068 2484 4122 ἐπισκόπου
2519 4066 2776 4121 δύνανται
2832 4069 3058 4137 μοναχοὶ
3093 4068 3318 4122 διοικεῖν
3368 4068 3430 4121 οὐ
3482 4069 3642 4138 μόνον
3676 4070 3771 4120 ὲκ·

2185 4162 2551 4232 κλησιαστικᾶι
2583 4164 2906 4231 πράγματα,
2939 4162 3076 4214 ἀλλὰ
3105 4163 3200 4215 καὶ
3232 4157 3488 4233 βιωτικὰ,
3517 4164 3770 4215 τουτέστι

2186 4255 2463 4305 πολιτικά.
2499 4254 2559 4306 Εἰ
2587 4252 2639 4305 δὲ
2666 4254 2892 4306 δύναται
2931 4253 3091 4306 τοῦτο
3127 4258 3302 4307 ποιεῖν
3354 4256 3385 4325 ὴ
3432 4255 3770 4324 ἐπισκοπικὴ

2188 4344 2479 4414 επιτροπὴ,
2516 4345 2698 4416 πολλῷ
2725 4346 2890 4398 πλέον
2930 4349 3146 4417 ποιήσει
3175 4349 3209 4417 ἡ
3238 4347 3494 4417 βασιλικὴ
3548 4347 3771 4411 ἐξουσία

513 4447 673 4496 etiam
710 4440 997 4508 episcopos
1019 4442 1316 4503 promovet.
1359 4429 1649 4499 PrOpterea
1682 4430 1849 4493 enim,
1893 4438 1949 4479 ut
2002 4439 2070 4480 est

2191 4435 2679 4506 ήπροϐαλλομένη
2723 4439 2820 4491 καὶ
2862 4440 3215 4499 ἐπισκόπους.
3271 4439 3372 4492 Διὰ
3426 4440 3537 4509 γάρ
3587 4439 3772 4503 τοῦτο,

516 4542 966 4594 consentaneum,
1030 4525 1117 4579 ille
1170 4527 1332 4579 etiam
1406 4521 1855 4592 metropolitanus
1929 4521 2087 4575 Sidcs

517 4631 722 4693 alisque
752 4621 859 4685 ullo
889 4619 1272 4689 impedimento
1327 4616 1537 4684 imperii
1588 4614 1799 4684 negotia
1849 4613 2085 4668 admini-

520 4720 749 4778 strabat,
789 4715 840 4767 in
893 4724 1123 4781 persona
1187 4707 1533 4775 imperatoris
1598 4706 1802 4760 domini
1854 4703 2085 4759 Michael

522 4812 703 4865 Ducze.
773 4807 910 4873 Quin
977 4813 1030 4856 et
1093 4801 1184 4856 ille
1235 4798 1597 4853 Neocaesareaa
1645 4798 2093 4868 metropolitauus

525 4901 799 4958 maritima
831 4896 1071 4953 civitatis
1101 4895 1224 4964 jura
1251 4891 1614 4961 conscripsit:
1676 4899 1730 4944 et
1778 4889 1867 4943 alii
1926 4889 2089 4943 etiam

523 4996 795 5052 antistites
822 5007 887 5044 ac
916 4987 1166 5042 monachi
1206 4986 1338 5055 imp.
1398 4992 1453 5039 et
1506 4983 1723 5053 publica
1786 4983 2094 5035 ministerio

526 5094 911 5145 exercuerunt.
942 5064 1080 5150 Lege
1102 5090 1155 5135 et
1181 5079 1412 5149 primum
1441 5087 1603 5146 caput
1635 5076 1827 5145 synodi
1869 5089 2092 5142 congte.

527 5194 661 5251 gata:
716 5182 765 5232 in
824 5175 1025 5245 templo
1081 5182 1392 5229 sanctorum
1451 5168 1839 5239 apostolorum.
1903 5168 2095 5234 Quaere

527 5274 689 5328 etiam
712 5272 779 5324 de
819 5272 1018 5331 servis,
1064 5266 1155 5336 qui
1217 5274 1412 5332 praeter
1449 5265 1793 5316 dominorum
1847 5260 2097 5312 volunta-

534 5375 635 5413 tem
669 5369 796 5412 sunt
851 5359 1124 5421 monachi,
1185 5356 1254 5409 26
1302 5370 1424 5425 cap.
1476 5354 1629 5423 prnni
1680 5354 1762 5405 tit.
1815 5352 2099 5421 praesentis

530 5459 725 5523 operis.

609 5630 858 5684 ZUNAR.
901 5629 1000 5693 Qui
1029 5641 1150 5682 vere
1171 5642 1235 5681 ac
1254 5627 1489 5689 sincere,
1512 5626 1613 5680 hoc
1634 5635 1717 5680 est
1737 5625 1921 5679 animo
1942 5639 2102 5693 puro,

540 5744 639 5780 nec
676 5724 775 5777 ulla
824 5720 1186 5778 simulationis
1218 5727 1310 5773 aut
1341 5720 1623 5792 pravitatis
1664 5719 1787 5774 labe
1815 5717 2101 5786 infuscato,

2194 4529 2268 4592 ὡς
2301 4528 2464 4592 ἔοικε,
2486 4532 2578 4582 καὶ
2606 4531 2635 4583 ὁ
2673 4532 3075 4600 μητροπολίτης
3104 4533 3313 4594 ἐκεῖνος
3340 4533 3368 4585 ό
3397 4533 3559 4603 Σίδης
3590 4534 3774 4603 ἀπαρ-

2196 4622 2535 4691 εμποδίστως
2581 4624 2651 4677 τὰ
2696 4628 2794 4694 τῆς
2841 4624 3122 4693 βασιλείας
3168 4624 3439 4694 ᾠκονόμει
3490 4625 3773 4697 προσώπῳ

2196 4716 2290 4767 τοῦ
2321 4715 2590 4784 βασιλέως
2641 4717 2811 4788 κυροῦ
2839 4718 3063 4788 Μιχαὴλ
3098 4717 3191 4769 τοῦ
3218 4720 3437 4780 Δουκός.
3469 4721 3579 4772 Καὶ
3605 4722 3632 4771 ό
3664 4737 3770 4789 μη-

2198 4809 2520 4878 τροπολίτης
2566 4810 2771 4870 ἐκεῖνος
2822 4811 3262 4880 Νεοκαισαρείας
3302 4811 3657 4882 ἀνεγράψατο
3702 4812 3769 4862 τὰ

2199 4902 2299 4968 τῆς
2330 4902 2537 4966 πόλεως
2567 4903 2835 4956 θαλάσσια
2859 4903 3064 4969 δίκαια,
3104 4906 3198 4957 καί
3228 4904 3379 4957 ἄλλοι
3432 4905 3624 4958 πολλοὶ
3677 4904 3775 4973 ἁρε-

2200 4997 2403 5065 χιερεῖς
2439 4997 2530 5047 καὶ
2563 4998 2791 5066 μοναχοὶ
2824 4997 3146 5066 παρομοίως
3174 4998 3497 5067 ἐνήργησαν
3531 4996 3778 5057 δουλείας

2206 5086 2487 5155 βασιλικάς
2541 5084 2634 5140 καὶ
2701 5088 3064 5157 ὃημοσιακάς.
3139 5088 3480 5156 Ἀνάγνωσον
3532 5090 3627 5142 καὶ
3688 5088 3778 5141 τὸν

2205 5185 2251 5230 α’
2286 5177 2488 5230 κανόνα
2536 5178 2635 5247 τῆς
2683 5180 2741 5230 ἐν
2794 5177 2872 5248 τῷ
2930 5178 3043 5248 ναῷ
3090 5178 3200 5230 τῶν
3262 5178 3458 5244 Ἁγίων
3520 5178 3781 5231 Ἀποστά-

2205 5269 2312 5323 λων
2344 5270 2808 5341 συγκροτηθείσης
2856 5271 3096 5325 συνόδου.
3136 5272 3295 5341 Ζὴτει
3329 5272 3425 5324 καὶ⁹
3475 5272 3605 5342 περὶ
3660 5271 3783 5323 δούς

2206 5363 2313 5414 λων
2354 5362 2693 5432 μοναζόντων
2740 5363 2894 5434 παρὰ
2948 5365 3178 5433 γνώμην
3235 5363 3326 5417 τοῦ
3378 5364 3636 5417 δεσπότου
3681 5361 3779 5414 τοῦ

2209 5452 2298 5518 λς’
2346 5455 2536 5522 κεφαλ.
2596 5454 2689 5507 τοῦ
2743 5462 2788 5508 α’
2843 5455 3023 5510 τίτλου
3083 5455 3179 5507 τοῦ
3222 5459 3516 5527 ξπαρόντος
3587 5454 3780 5507 συντά-

2212 5563 2439 5617 γματος.

2283 5638 2524 5693 ΖΩΝΑΡ.
2555 5639 2734 5726 Τιμῆς
2770 5640 2955 5703 ἀξίους
2986 5639 3113 5701 τοὺς
3167 5640 3384 5711 ἀληθῶς
3448 5639 3782 5711 μονάζοντας

2215 5728 2305 5781 καὶ
2357 5720 2685 5797 εἰλικρινῶς,
2720 5727 2843 5783 ἀντὶ
2889 5728 2979 5781 τοῦ
3002 5726 3288 5803 καθαρῶς,
3320 5732 3414 5785 καὶ
3443 5732 3540 5800 οὐκ(
3579 5720 3782 5783 ὑποκε-
