4138 6210
375 313 482 377 ιίιι

1460 330 1544 391 IN
1580 333 1740 395 CAN.
1785 333 1861 394 IV
1900 335 2106 398 CONC.
2150 341 2512 402 CHALCED.

3534 349 3639 409 402

377 425 660 493 κριμένως
712 425 889 493 ἢτινὶ
934 430 1103 500 κακίᾳ
1159 433 1468 502 ὲπιμίκτως
1518 439 1802 506 μετιόντας
1857 442 1955 508 τὴν

2081 453 2422 508 nonasticutn
2475 457 2596 509 vitae
2641 472 2807 525 genus
2859 459 3104 526 elegere,
3159 458 3225 513 iis
3262 457 3520 513 honorem
3568 479 3634 518 ex

383 516 688 584 μοναδικὴν
738 519 1014 576 πολιτείαν
1041 527 1074 596 ἡ
1104 527 1236 592 ἁγία
1269 528 1484 592 σύνοδος
1515 532 1715 604 ἔκρινε.
1749 534 1884 594 Τοὺς
1906 536 1962 588 δὲ

384 609 466 679 τῷ
491 611 760 682 μοναδικῷ
795 616 1035 684 σχήματι
1097 621 1475 688 κεχρημένους
1503 623 1577 686 ὡς
1629 627 1686 677 ἐν
1717 629 1958 698 προσχή-

391 718 551 768 ματι,
581 703 705 787 ἀντ).
739 703 833 757 τοῦ
865 705 932 758 δι’
967 709 1230 777 ἐπίδειξιν
1257 714 1414 780 μόνον
1443 717 1522 779 εἰς
1546 716 1760 788 δέλεαρ,
1820 718 1960 771 ὥστε

382 793 456 844 δι’
487 794 653 848 αὐτοῦ
693 798 818 861 τοὺς
845 798 1165 869 ἀνθρώπους
1207 802 1447 878 ἀπατᾷν,
1499 809 1588 861 ἴνα
1613 810 1688 872 ὡς
1712 811 1772 863 τὸ
1804 811 1960 880 ἅγιον

608 889 974 958 ἠμφιεσμένοι
1002 894 1294 963 τιμῶνται,
1322 901 1421 960 τὰς
1442 901 1738 968 ἐκκλησίας
1775 905 1962 958 ὑπεισ-

379 981 645 1048 δὺοντας,
701 984 796 1036 καὶ
843 985 1114 1041 διδάσκειν
1159 989 1290 1049 ἴσως
1336 993 1768 1064 ἐπιχειροῦντας,
1821 999 1854 1068 ἦ
1909 1019 1960 1052 τι

378 1071 573 1139 ἕτερον
645 1074 1104 1144 ἐκκλησιαστικὸν
1153 1082 1419 1152 ἐνεργεῖν.
1494 1089 1583 1140 καὶ
1621 1090 1700 1149 είς
1751 1090 1818 1144 τὰ
1864 1091 1961 1161 τῆς

384 1165 598 1228 πόλεως
619 1169 927 1238 πράγματα
943 1171 1170 1236 ἑαυτοὺς
1209 1177 1714 1244 είσωθοῦντας,’καὶ
1738 1182 1961 1236 διοικεῖν

383 1257 562 1311 ταῦτα
587 1260 862 1328 θέλοντας,
881 1265 977 1316 καὶ
994 1263 1137 1319 οὕτω
1157 1270 1532 1338 ταράσσοντας
1553 1273 1650 1337 τὰς
1670 1275 1962 1343 ἐκκλησίας

380 1368 442 1400 τε
483 1351 581 1403 καὶ
605 1352 702 1416 τὰς
735 1354 1033 1418 πολιτείας,
1069 1359 1170 1410 οὐκ
1207 1359 1421 1429 ἀληθῶς
1457 1365 1720 1434 μοναχοὺς
1746 1367 1962 1431 ἡγεῖται

385 1445 418 1508 ἡ
452 1445 694 1506 σύνοδος.
721 1447 990 1512 Καθάπαξ
1035 1449 1091 1502 δὲ
1142 1455 1307 1506 παντὶ
1336 1457 1683 1523 ἀπηγόρευσε
1713 1460 1960 1530 μηδαμοῦ

384 1535 693 1606 οἰκοδομεῖν
734 1543 1095 1609 μοναστήριον
1127 1544 1160 1614 ἦ
1199 1545 1512 1616 εὐκτήριον,
1564 1549 1637 1620 μὴ
1696 1552 1753 1604 ἐν
1785 1553 1959 1615 πόλει,

388 1629 466 1696 μὴ
501 1631 555 1682 ὲν
587 1628 770 1700 κώμη,
803 1633 876 1701 μὴ
903 1635 960 1686 ὲν
991 1636 1238 1704 ἐρήμοις,
1261 1639 1352 1691 καὶ
1378 1640 1529 1710 ὄρεσι
1561 1644 1714 1710 παρά
1736 1644 1962 1715 γνώμην

383 1721 484 1773 τοῦ
510 1722 650 1776 κατὰ
710 1723 894 1794 χώραν
952 1727 1274 1789 ἐπισκόπου,
1311 1734 1554 1797 καὶτοὺς
1590 1738 1852 1806 μοναχοὺς
1885 1738 1963 1808 τῷ

387 1815 632 1884 ἑκάστης
673 1817 884 1880 πόλεως
937 1821 1220 1888 ἐπισκόπφ
1276 1824 1642 1897 ὑποτετάχθαι
1686 1807 1965 1896 ἐκέλευσε,
1997 1807 2038 1862 Β

387 1906 486 1958 καὶ
516 1898 812 1976 ἡσυχάζειν
841 1912 900 1962 ὲν
926 1907 1009 1974 οἷς
1043 1913 1384 1980 ἁπετάξαντο
1410 1918 1619 1981 τόποις,
1658 1922 1967 1991 ἐργαζομέ-

387 2018 522 2060 νους
546 2002 649 2063 τὰς
683 2001 907 2072 ἀρετὰς,
944 2006 1038 2057 καὶ
1071 2007 1410 2074 ἀμεθέκτους
1439 2010 1596 2073 ὄντας
1628 2017 1972 2085 πραγμάτων

389 2095 866 2163 ἐκκλησιαστικων
884 2098 1018 2168 ὁμοῦ
1038 2101 1132 2152 καὶ
1167 2101 1484 2166 πολιτικῶν,
1517 2106 1652 2173 μηδὲ
1695 2109 1968 2176 καταλιμ-

391 2187 592 2238 πάνειν
623 2187 692 2240 τὰ
713 2189 820 2242 ἴδια
857 2194 1221 2262 μοναστήρια,
1251 2196 1344 2248 καὶ
1377 2197 1678 2265 διοικήσεσι
1697 2204 1974 2253 κοινωνεῖν

391 2279 766 2347 πραγμάτων,
824 2284 872 2336 εί
922 2285 994 2353 μή
1054 2289 1344 2356 πουδτῆς
1408 2291 1618 2354 πόλεως
1671 2293 1973 2356 ἐπίσκοπος

392 2370 690 2440 ἐπιτρέψει
752 2374 866 2426 τισὶ⁸
930 2377 1277 2444 πραγμάτων
1306 2367 1620 2448 οἰκονομίαν
1657 2383 1743 2434 διὰ
1786 2384 1974 2452 χρείαν

389 2463 726 2532 ἀναγκαίαν,
776 2467 968 2536 κρίνας
1014 2471 1145 2532 ἴσως
1193 2473 1391 2536 αὐτοὺς
1452 2476 1792 2543 ἐπιτηδείους
1838 2479 1973 2548 πρὸς

367 2555 654 2626 τοιαύτην
699 2557 1002 2626 διοίκησιν,
1067 2561 1161 2612 καὶ
1211 2562 1433 2630 ἀπορῶν
1477 2565 1682 2634 ἑτέρων
1735 2567 1867 2637 πρὸς
1911 2568 1975 2621 τὸ

395 2649 634 2716 πρᾶγμα
660 2649 922 2704 τοιοῦτον.
947 2651 1133 2706 Ταῦτα
1182 2653 1332 2724 καὶὴ
1361 2655 1576 2720 σύνοδος
1605 2659 1633 2725 ἡ
1667 2658 1725 2709 ἐν
1754 2658 1826 2728 τῷ
1860 2661 1974 2732 ναῷ

390 2740 506 2792 τῶν
543 2740 1096 2808 Ἀγίῳνᾌποστὸλων
1128 2747 1564 2816 συγκροτηθείσα
1594 2751 1650 2802 ὲν
1673 2751 1747 2821 τῷ
1772 2753 1974 2822 πρώτῳ

393 2833 587 2886 κανόνι
637 2834 1035 2895 διακελεύεται.
1095 2839 1191 2891 καὶ
1222 2840 1250 2890 6
1279 2839 1347 2905 ιζ’
1385 2841 1561 2894 κανὼν
1612 2846 1710 2911 τῆς
1743 2845 1976 2913 ἐσδόμης

397 2925 644 2977 συνόδου.
710 2925 871 2995 Ἑξῆς
932 2927 988 2978 δὲ
1045 2928 1072 2979 ὀ
1131 2930 1313 2981 κανὼν
1369 2925 1524 2994 οὗτος
1573 2934 1849 3003 οἰκονομεί
1900 2937 1974 3006 μὴ

396 3019 798 3088 προσδέχεσθαι
849 3018 1071 3081 δούλους
1107 3024 1166 3074 ὲν
1222 3025 1573 3095 μοναστηρίῳ
1621 3029 1853 3095 μονάσαι
1886 3028 1974 3081 Θέ-

2071 544 2262 595 tnerito
2299 545 2480 599 deberi
2532 556 2718 600 sancta
2763 549 2998 614 synodus
3033 549 3384 604 existimavit.
3420 551 3490 604 At
3519 552 3637 618 qui-

2069 653 2281 706 cunque
2327 640 2531 701 habitu,
2583 642 2634 694 in
2669 651 3008 709 praetextum.
3064 643 3116 696 id
3159 654 3260 707 est,
3297 644 3349 698 in
3394 653 3640 700 ostenta-

2070 731 2267 783 tionem
2323 731 2493 786 solum
2549 734 2613 786 ad
2661 734 3032 801 decipiendum
3090 744 3343 796 utuntur.
3388 747 3446 790 ut
3498 737 3666 791 illius.

2068 823 2291 882 obtentu
2322 823 2532 878 facilius
2556 827 2800 880 Immines
2830 826 2880 880 in
2917 825 3159 880 fraudem
3194 827 3454 890 alliciant,
3484 846 3545 881 ac
3584 831 3637 882 in

2069 922 2254 966 sancta
2301 925 2450 968 veste
2501 916 2598 982 ipsi
2645 917 2744 969 sibi
2795 917 3054 970 honorem
3105 931 3458 989 aucupentur,
3517 938 3637 974 cum

2071 1002 2269 1057 interea
2315 1017 2368 1058 et
2424 1007 2680 1060 ecclesias
2712 1008 2932 1072 obeant,
2962 1017 3015 1063 et
3061 1011 3112 1063 in
3152 1011 3217 1064 iis
3247 1012 3345 1067 sibi
3390 1011 3527 1065 forte
3560 1013 3637 1062 wl

2043 1097 2295 1153 ,docendi
2329 1114 2544 1162 tnttnns,
2579 1100 2659 1154 vel
2688 1101 2848 1154 aliam
2881 1102 3262 1157 ecclesiastica:
3297 1105 3640 1158 auctoritatis

2069 1198 2276 1258 partem
2309 1203 2588 1259 usurpent,
2624 1192 2891 1260 iidemque
2919 1209 2978 1248 se
3017 1196 3240 1249 urbanis
3274 1198 3506 1264 negotiis
3542 1196 3640 1250 im-

2071 1282 2368 1347 misceant,
2412 1298 2582 1352 eaque
2629 1285 3007 1339 administrare
3053 1288 3240 1351 velint,
3290 1287 3641 1360 ecclesia-que

2069 1375 2225 1429 simul
2269 1391 2332 1431 ac
2379 1376 2612 1430 civitatis
2662 1385 2858 1431 statum
2917 1379 3143 1447 proinde
3191 1380 3526 1447 perturbent,
3575 1379 3641 1432 iis

2067 1485 2197 1524 vero
2221 1471 2472 1524 monachi
2502 1486 2694 1524 nomen
2728 1472 3018 1526 convenire
3043 1474 3278 1544 synodus
3304 1474 3442 1527 haud
3468 1484 3637 1540 putat.

2069 1562 2111 1616 Α
2145 1564 2424 1617 monachis
2452 1578 2580 1619 vero
2609 1565 3019 1634 quibuscunque
3047 1567 3432 1619 monasterium
3463 1575 3643 1619 orato-

2071 1654 2300 1716 rinmve,
2331 1655 2446 1709 sive
2479 1654 2531 1708 in
2576 1657 2728 1721 urbe,
2763 1658 2880 1712 sive
2925 1657 2976 1710 in
3009 1657 3225 1724 oppido,
3254 1658 3367 1711 sive
3411 1659 3463 1710 iu
3511 1657 3646 1710 locis

2070 1744 2316 1805 desertis,
2349 1753 2440 1797 attt
2475 1747 2776 1812 montibus,
2824 1757 2918 1800 aut
2952 1746 3130 1802 ubivis
3176 1749 3426 1814 denique,
3475 1748 3646 1800 invito

2072 1836 2332 1905 cujusque
2390 1838 2624 1906 regionis
2683 1839 2976 1906 episcopo,
3042 1839 3368 1894 exaediﬁcari
3428 1855 3646 1907 prorsm

2070 1938 2239 1992 vetat,
2295 1930 2628 2000 eosdemque
2685 1931 3036 2000 singularium
3096 1929 3308 1984 urbium
3377 1920 3648 1999 episcopis

2070 2018 2344 2085 subjectos
2376 2036 2518 2085 esse,
2553 2030 2604 2075 et
2638 2023 2688 2074 in
2723 2021 2789 2076 iis
2817 2022 3012 2090 quibus
3042 2022 3293 2075 destinati
3328 2031 3458 2075 Sﬂlll
3491 2022 3642 2074 locis.

2075 2111 2293 2165 silentio
2325 2112 2492 2164 vitam
2523 2126 2702 2180 agere,
2738 2112 3106 2182 virtutumque
3143 2112 3522 2167 exercitationi
3556 2127 3648 2160 Vn-

2074 2215 2221 2263 care,
2248 2207 2503 2255 ezeterum
2547 2216 2719 2271 neque
2767 2203 3264 2272 erclesiasticorum
3307 2216 3482 2269 neque
3515 2202 3647 2253 civi-

2075 2291 2203 2347 lium
2254 2295 2591 2363 negotiorum
2650 2303 2854 2362 partem
2914 2295 3075 2348 ullam
3132 2295 3400 2363 attingere
3445 2293 3645 2362 jubet:

2074 2399 2251 2452 nepte
2277 2401 2426 2449 vero,
2451 2394 2508 2439 ttt
2543 2387 2705 2440 rebus
2732 2387 2982 2455 gerendis
3013 2401 3207 2439 vacare
3246 2386 3428 2448 liceat,
3459 2375 3649 2438 mena-

2075 2476 2224 2527 3terii
2256 2475 2338 2528 sui
2373 2475 2660 2530 stationem
2697 2476 3039 2544 relinquant,
3092 2478 3193 2531 nisi
3236 2493 3292 2530 re
3341 2479 3645 2532 necessaria

2073 2575 2290 2621 coactus
2330 2569 2639 2638 episcopus,
2689 2569 3026 2636 aliorumque
3071 2569 3348 2624 hominum
3395 2569 3667 2623 facultate.—

2075 2661 2386 2722 destitutus,
2438 2662 2830 2716 monachorum
2887 2662 3083 2728 alicui,
3141 2663 3378 2731 probatae
3442 2663 3540 2717 sibi
3595 2663 3647 2716 in

2073 2769 2138 2807 eo
2165 2767 2359 2815 genere
2386 2752 2683 2812 industrim,
2710 2753 2904 2820 negotii
2935 2754 3366 2818 procurationem
3399 2753 3647 2807 coxumit-

2077 2845 2291 2897 tendam
2332 2859 2455 2899 esse
2486 2845 2898 2898 existimaverit.
2940 2843 3160 2907 Eadem,
3205 2845 3254 2896 iu
3293 2845 3486 2912 templo
3517 2860 3650 2913 quo-

2077 2951 2181 3002 que
2203 2946 2518 2989 sanctorum
2572 2936 2942 3003 apostolorum
2973 2935 3152 2991 habita
3183 2937 3421 3008 synodus
3447 2951 3653 2990 canone

2074 3029 2273 3096 primo,
2321 3037 2376 3081 et
2415 3028 2622 3081 decimo
2669 3028 2897 3096 septimo
2946 3043 3155 3082 canone
3201 3029 3442 3098 synodus
3486 3038 3678 3088 sexta.

395 3114 613 3173 λοντας,
642 3116 690 3164 εί
714 3114 789 3180 μὴ
819 3110 1012 3184 γνώμῃ
1044 3113 1150 3166 τῶν
1182 3114 1476 3178 δεσποτῶν,
1509 3119 1594 3171 ἵνα
1625 3120 1698 3188 μὴ
1723 3119 1784 3173 τὸ
1807 3121 1974 3189 ὄνομα

2081 3122 2344 3176 decernit.
2375 3119 2507 3174 Hinc
2535 3121 2602 3174 de
2630 3121 2804 3173 servis
2841 3120 2905 3172 ad
2937 3119 3292 3173 monasticam
3331 3119 3514 3182 vitam,
3550 3118 3651 3172 nisi

395 3206 496 3259 τοῦ
545 3205 786 3274 Χριστοῦ
845 3205 1257 3276 βλασφημῆται.
1335 3209 1397 3261 Εἰ
1443 3210 1552 3280 γὰρ
1609 3211 1835 3273 ἄκοντος
1883 3214 1976 3265 τοῦ

396 3299 664 3352 δεσπότου
695 3298 880 3362 δοῦλός
899 3316 1042 3363 τινος
1080 3303 1248 3371 καρῇ,
1278 3301 1416 3372 βαρὺ
1466 3303 1626 3356 τοῦτο
1655 3305 1924 3374 ἡγήσεται
1952 3307 1983 3359 6

397 3393 595 3461 κύριος
618 3392 816 3455 αὑτοῦ,
843 3393 937 3445 καὶ
962 3392 1347 3463 βλασφημήσει
1387 3399 1523 3450 κατά
1550 3397 1644 3450 τοῦ
1673 3397 1828 3464 ἁγίου
1855 3399 1984 3468 σχή-

403 3503 576 3556 ματος
605 3487 700 3538 καὶ
732 3485 843 3538 τῶν
871 3487 1140 3554 μοναχῶν·
1167 3489 1198 3556 ἡ
1230 3488 1286 3540 δὲ
1317 3490 1441 3542 κατ’
1467 3490 1633 3542 αὑτοῦ
1661 3491 1982 3562 βλασφημία

400 3578 502 3630 καὶ
524 3576 609 3637 είς
630 3575 696 3628 τὸ
747 3575 902 3628 Θείον
932 3577 1065 3629 αὐτὸ
1100 3577 1440 3649 διαϐήσεται.
1500 3581 1982 3653 Βλασφημηοήσε-

396 3687 496 3722 ται.
524 3668 583 3721 δὲ
609 3669 670 3722 τὺ
695 3668 869 3737 ὄνομα
911 3668 1006 3721 τοῦ
1062 3670 1198 3723 Θεοῦ
1245 3672 1397 3741 παρά
1452 3674 1564 3727 τῶν
1593 3675 1856 3739 ἀπίστων,
1889 3678 1982 3730 καὶ

400 3762 497 3812 ὅτε
515 3759 644 3823 τοὺς
679 3762 944 3829 μοναχοὺς
975 3762 1173 3832 δρῶσιν
1192 3765 1250 3814 ὲν
1276 3765 1464 3817 πόλεσι
1495 3769 1980 3836 περιερχομένους,

401 3854 505 3902 καὶ
535 3850 792 3903 πολιτικὰ
815 3869 871 3920 χε
883 3852 1154 3920 ιρίζοντας
1179 3855 1500 3922 πράγματα.
1549 3855 1850 3922 ’Υποτάξας
1876 3859 1932 3911 δὲ
1954 3863 1983 3914 6

401 3942 592 3997 κανὼν
636 3947 747 4006 τοῖς
801 3946 941 3997 κατὰ
974 3945 1141 3997 τόπον
1175 3947 1498 4008 ἐπισκόποις
1523 3949 1651 4010 τοὺς
1694 3953 1980 4020 μοναχοὺς,

401 4039 611 4090 καὶ-τά
656 4038 1011 4107 μοναστὴρια,
1061 4038 1281 4106 ἐπάγει.
1327 4040 1432 4092 Τὸν
1458 4041 1642 4108 μέντοι
1689 4044 1986 4096 ἐπίσκοπον

401 4133 510 4199 τῆς
535 4131 746 4195 πόλεως
804 4133 911 4202 χρὴ
967 4133 1067 4200 τὴν
1113 4133 1342 4187 δέουσαν
1387 4135 1646 4204 πρόνοιαν
1707 4136 1987 4190 ποιεῖσθαι.

403 4225 524 4278 τῶν
552 4226 932 4294 μοναστηρίων
955 4242 972 4256 ο
1005 4225 1099 4277 δύο
1155 4227 1684 4297 πραγματευόμενος
1724 4229 1783 4281 ὲν
1804 4225 1990 4297 ταυτῷ

403 4317 474 4369 τό
515 4334 578 4370 τε
608 4319 682 4384 μὴ
707 4317 1007 4387 πράγματα
1035 4317 1184 4386 ἔχειν
1207 4317 1334 4380 τοὺς
1380 4321 1644 4387 μοναχοὺς
1669 4319 1805 4389 μηδὲ
1831 4319 1991 4389 ὀχλή-

407 4425 529 4470 σεις
562 4408 662 4469 τὰς
710 4407 778 4460 δι’
824 4408 985 4468 αὐτὰ,
1025 4407 1138 4460 ἀλλ’
1196 4403 1337 4461 εἶναι
1374 4409 1841 4478 ἀπερισπάστους,
1896 4410 1990 4461 καὶ

2083 3209 2419 3262 dominorum
2459 3213 2760 3274 voluntate,
2800 3225 2905 3263 non
2943 3211 3317 3275 admittendis,
3357 3227 3423 3263 ne
3449 3209 3652 3264 Christi

2085 3317 2277 3354 nomen
2311 3301 2520 3356 scilicet
2549 3301 2973 3369 blaspltemetnr,
3011 3301 3112 3355 hoc
3152 3315 3358 3356 canone
3391 3299 3647 3355 constitu-

2085 3401 2217 3446 tum.
2249 3391 2416 3460 Cujus
2443 3393 2642 3446 etenim
2679 3409 2869 3447 servus
2905 3393 3074 3446 invito
3104 3394 3218 3460 ipso
3255 3392 3509 3446 detonsus
3541 3389 3659 3444 fue-

2085 3485 2173 3547 rit,
2221 3500 2330 3537 rent
2383 3493 2546 3537 totam
2582 3484 2836 3538 nimirum
2884 3485 3068 3550 iniquo
3103 3484 3286 3537 animo
3334 3482 3489 3546 feret,
3529 3496 3656 3536 san-

2083 3586 2337 3646 ctumque
2378 3577 2617 3630 habitum
2668 3577 3070 3650 exsecrabitur,
3137 3586 3414 3642 totumque
3473 3588 3659 3629 monae

2083 3672 2307 3726 chorum
2335 3685 2508 3741 genus
2540 3670 2794 3724 convitiis
2821 3668 3160 3739 proscindet,
3181 3667 3412 3721 convitia
3440 3680 3567 3719 vero
3597 3665 3659 3717 iu.

2080 3764 2320 3819 habitum
2353 3779 2472 3818 eum
2506 3763 2746 3829 conjecta
2776 3762 2840 3814 ad
2868 3762 3045 3830 ipsum
3078 3761 3241 3814 etiam
3271 3759 3433 3812 Deum
3473 3768 3652 3812 trans-

2083 3857 2256 3911 ibunt.
2290 3856 2538 3910 Divinum
2579 3871 2794 3925 quoque
2830 3869 3051 3916 nomen,
3085 3854 3174 3921 qui
3216 3852 3510 3906 monachos
3546 3860 3656 3905 tota

2084 3950 2219 4003 urbe
2246 3948 2560 4012 volitantes,
2582 3946 2920 4017 publicaque
2937 3943 3392 3998 administrationi
3423 3943 3662 3996 intentos

2085 4040 2358 4103 viderint,
2407 4055 2437 4092 a
2492 4039 2596 4092 [ide
2653 4038 2812 4090 alieni
2892 4036 3142 4090 homines
3190 4032 3666 4103 blasphemabuut.

2087 4133 2354 4198 Quoniam
2407 4145 2563 4194 vero,
2604 4129 2868 4197 cujusque
2915 4127 3153 4194 regionis
3203 4123 3498 4193 episcopis,
3547 4122 3664 4189 ejus

2088 4222 2191 4278 loci
2251 4219 2544 4274 monachos
2597 4228 2652 4272 et
2705 4216 3035 4270 monasteria
3091 4213 3286 4282 subjici
3343 4226 3512 4266 canon
3574 4209 3665 4264 bic

2091 4313 2296 4380 voluit;
2320 4311 2605 4380 episcopus
2634 4307 3116 4376 civitatis,.inquit,
3144 4304 3381 4361 vicissim
3409 4311 3666 4372 Opportu-

2096 4423 2216 4460 nam
2266 4404 2608 4458 monasteriis
2644 4417 2830 4456 curam
2875 4402 3151 4470 impendat
3183 4408 3414 4468 oportet.
3456 4397 3531 4449 Ac
3561 4396 3673 4449 duo-

406 4499 736 4570 ἡσυχάζειν,
792 4501 890 4553 καὶ
922 4501 1103 4569 μόνων
1153 4500 1464 4569 φροντίζειν
1487 4477 1614 4556 τῶν
1642 4505 1722 4565 εἰς
1750 4503 1978 4573 ψυχικὴν

2093 4497 2311 4568 quidem
2361 4497 2476 4551 haec
2518 4496 2679 4549 simul
2722 4494 2936 4573 curabit
2959 4534 2984 4557 ,.
3021 4493 3276 4557 alterum,
3320 4500 3379 4545 ut
3428 4487 3668 4560 operosis

409 4594 805 4648 συντεινόντων
848 4592 1138 4660 ὠφέλειαν,
1185 4593 1368 4647 καὶτὸ
1403 4594 1497 4647 τὸν
1517 4594 1818 4647 ἐπίσκοπον
1865 4597 1989 4647 κάν.

400 4688 608 4741 τεῦθεν
653 4687 844 4756 κέρδος
892 4687 1126 4757 ψυχικὸν
1181 4689 1491 4756 περιποιεῖν
1541 4686 1741 4756 ἑαυτῷ.
1787 4688 1879 4739 καὶ
1911 4689 1990 4750 εἰς

403 4781 578 4846 ὣξαν
600 4775 736 4833 εἶναι
769 4781 926 4833 Θεοῦ.
957 4779 1277 4848 Λημψάτω,
1301 4779 1432 4848 γὰρ,
1493 4779 1661 4847 φησιν
1705 4779 1732 4828 6
1761 4779 1988 4848 Κύριος,

406 4875 484 4928 τὸ
534 4870 664 4941 φῶς
709 4871 877 4940 ὑμῶν
918 4874 1264 4941 ἔμπροσθεν
1284 4871 1400 4924 τῶν
1433 4869 1778 4937 ἀνθρώπων,
1835 4869 1994 4936 ὅπως

407 4966 598 5020 Τδωσι
637 4965 711 5019 τὰ
775 4964 933 5018 καλὰ
987 4965 1132 5033 ἔργα
1178 4962 1368 5032 ὑμῶν,
1417 4962 1514 5015 καὶ
1557 4961 1862 5025 δοξάσωσι
1887 4961 1996 5014 τὸν

407 5057 656 5123 Πατέρα
698 5055 865 5126 ὑμῶν
893 5057 1002 5110 τὸν
1038 5057 1108 5108 ἐν
1135 5057 1260 5119 τοῖς
1293 5054 1592 5122 οὐρανοῖς.
1639 5055 1792 5106 Ἐπεὶ
1835 5053 1892 5106 δὲ
1926 5053 1994 5105 τὰ

405 5153 528 5218 εἴη
563 5148 874 5220 ἔκκλησιῶν
902 5149 1164 5218 χρήματα
1187 5147 1439 5216 πτωχικά
1470 5145 1852 5214 ὀνομάζονται,
1901 5148 1994 5196 καὶ

409 5243 498 5308 είς
524 5241 732 5305 Mur;
757 5239 1066 5310 ἐτάχθησαν
1128 5238 1542 5306 ἀναλίσκεσθαι,
1593 5239 1690 5290 καὶ
1747 5235 1825 5306 τῷ
1875 5238 1995 5289 ἐπι-

415 5336 615 5404 σκᾶπῳ
643 5335 724 5397 είς
762 5332 952 5386 ἑαυτὴν
979 5333 1044 5384 ἐκ
1071 5330 1276 5383 τούτων
1330 5328 1471 5400 πλὴν
1521 5329 1631 5382 τῶν
1676 5329 1994 5395 ἀναγκαίων

418 5430 592 5492 πάνυ,
618 5427 708 5479 ὅτε
767 5425 844 5495 μὴ
874 5425 988 5496 ἔχοι
1031 5424 1263 5484 οἴκοθεν,
1311 5422 1461 5476 οὐδὲν
1498 5423 1742 5493 δαπανᾷν
1763 5423 1995 5490 ὲφεῢται,

418 5523 494 5581 ὡς
523 5524 556 5574 ὁ
593 5527 683 5592 μα’
740 5529 925 5574 κανων
965 5522 1074 5572 τῶν
1138 5517 1308 5586 ἁγίων
1354 5516 1668 5571 ἀποστόλων
1697 5517 1831 5586 φησὶ
1853 5517 1944 5568 καὶ
1971 5517 2000 5568 ὁ

425 5616 503 5670 κε’
535 5615 636 5686 τῆς
692 5616 751 5667 ἐν
791 5613 1091 5684 Ἀντιοχείᾳ
1142 5612 1383 5668 συνόδου.
1435 5609 1548 5663 Καὶ
1587 5611 1700 5673 τοῖς
1749 5610 1998 5678 μοναχοῖς

503 5795 552 5827 ⁵⁸
574 5793 768 5847 διμιιιιι.
796 5809 853 5852 v.
888 5793 968 5846 le.

2091 4590 2429 4660 negotiorum
2457 4589 2602 4641 curis
2629 4602 2693 4641 ac
2722 4569 2985 4640 molestiis
3019 4584 3210 4647 soluti,
3240 4580 3581 4650 tranquillam
3614 4589 3671 4631 et

2090 4683 2324 4751 quietam
2347 4681 2550 4739 ~vitam.
2583 4694 2646 4733 ea
2677 4679 2870 4739 solum,
2896 4677 3036 4732 unde
3071 4676 3276 4730 fructus
3308 4674 3488 4726 animo
3522 4670 3666 4725 exsi-

2092 4783 2219 4837 stat,
2283 4772 2648 4836 meditantes,
2704 4769 2955 4824 monachi
3008 4777 3169 4837 agant
3227 4784 3241 4820 :
3297 4765 3553 4825 alterum,
3614 4771 3672 4813 ut

2095 4867 2281 4920 eadem
2327 4879 2488 4933 opera
2531 4862 2909 4933 spiritualibus
2940 4860 3294 4916 incrementis
3315 4900 3331 4923 ,
3365 4857 3668 4923 divinaque

2098 4959 2287 5027 gloriae
2330 4956 2736 5020 emolumentis,
2770 4953 2888 5044 ipse
2924 4968 3142 5022 quoque
3183 4951 3466 5021 episcopus
3505 4945 3670 5011 proti-

2101 5052 2226 5105 ciat.
2257 5049 2455 5103 Luceat
2485 5048 2653 5112 enim,
2685 5041 2860 5115 inquit
2882 5044 3161 5106 Dominus,
3186 5041 3278 5094 tua:
3303 5047 3472 5092 vestra
3494 5050 3672 5087 coram

2103 5145 2418 5204 hominibus,
2455 5151 2513 5194 ut
2545 5143 2754 5193 videant
2793 5153 2950 5207 opera
2983 5145 3153 5190 vestra
3191 5133 3344 5186 bona.
3379 5139 3427 5180 et
3473 5125 3674 5195 glori/iv

2104 5235 2451 5291 ccntPatrem
2494 5243 2718 5288 vestrum
2747 5233 2836 5300 qui
2893 5233 2945 5282 in
3000 5227 3138 5280 caelis
3197 5221 3342 5276 est“
3405 5217 3672 5284 Quoniam

2109 5345 2234 5381 vero
2277 5325 2626 5380 coclesiarum
2673 5321 2833 5386 bona,
2918 5321 3052 5370 bona
3132 5325 3425 5382 pauperum
3491 5305 3675 5376 appel-

2111 5426 2311 5487 lantur,
2403 5434 2810 5491 egeuorumque
2895 5413 3234 5468 sublevanda:
3312 5407 3505 5476 inopia:
3575 5405 3672 5458 de—

2110 5517 2307 5572 stinata
2346 5523 2515 5580 sunt;
2549 5526 2620 5567 ne
2663 5511 2915 5580 episcopo
2959 5504 3200 5576 quidem,
3239 5501 3344 5556 nisi
3387 5499 3471 5554 cui
3516 5497 3677 5552 nulla:

2113 5608 2420 5666 domesticae
2449 5605 2610 5676 118
2638 5602 2915 5659 facultates
2934 5605 3242 5669 suppetant,
3269 5605 3430 5665 atque
3459 5591 3511 5645 in
3546 5605 3677 5646 usus
