4138 6210
378 294 492 348 409

453 497 781 564 ροτόνητος
814 496 849 548 ό
882 493 1069 563 δῆθεν
1095 505 1644 573 χειροτονούμενος.

464 590 570 641 Τὸν
600 588 863 656 μέλλοντα
896 591 1148 657 γενέσθαι
1185 596 1557 666 πρεσϐύτερον
1585 600 1616 668 ἢ
1640 601 1886 655 διάκονον
1921 603 1955 673 ἢ

385 685 529 749 ὅλως
577 690 634 740 ἐν
679 686 1122 758 ἑκκλησιαστικῷ
1174 691 1414 759 τάγματι
1462 696 1955 768 συγκαταλεγῆναι,

393 780 469 849 μὴ
501 780 674 841 ἄλλως
710 780 1122 848 παραδεχθῆναι
1157 783 1235 842 είς
1271 786 1629 852 χειροτονίαν,
1659 790 1708 839 εί
1765 790 1839 857 μὴ
1896 790 1958 841 ὲν

386 874 655 943 ἐκκλησίᾳ
682 875 889 937 πόλεως
920 877 951 945 ἢ
987 876 1177 945 κώμης
1206 878 1237 947 ἦ
1277 880 1623 948 μοναστηρίῳ
1647 880 1957 949 εὑρίσκοιτο

386 965 655 1033 πρότερον
683 965 787 1016 ὑπὸ
821 966 1026 1034 βαθμόν
1052 986 1171 1020 τινα
1201 968 1309 1038 (99)
1340 970 1510 1021 τελῶν
1566 972 1957 1041 ἐκκλησιαστι-

384 1054 504 1116 κὸν,
545 1056 641 1107 καὶ
670 1055 936 1107 δουλεύων
966 1059 1021 1108 ἐν
1053 1058 1214 1127 αὐτῇ.
1251 1058 1311 1110 Εἰ
1341 1059 1399 1111 δὲ
1428 1062 1829 1129 ἀπολελυμένος
1873 1082 1958 1127 τις

382 1142 483 1206 ὢν,
513 1144 884 1213 πρεσϐύτερος
919 1147 949 1215 ἢ
985 1149 1227 1211 διάκονος
1256 1153 1631 1223 χειροτονηθῇ,
1670 1155 1742 1224 μὴ
1794 1156 1867 1207 ὢν
1898 1158 1955 1209 ὲν

384 1234 658 1305 ἐκκλησίᾳ
709 1238 813 1289 ὑπό
844 1255 965 1290 τινα
1017 1238 1246 1308 βαθμὸν,
1291 1243 1392 1294 οὐκ
1439 1244 1857 1316 ὠφεληθήσεται
1894 1251 1958 1301 ἐκ

382 1328 602 1391 τούτου,
630 1329 743 1380 ἀλλ’
775 1330 977 1398 ἄκυρος
1012 1331 1164 1384 ἔσται
1194 1336 1223 1400 ἡ
1260 1336 1346 1387 ἐπ’
1378 1337 1525 1406 αὐτῷ
1553 1340 1883 1409 χειροθεσία.

990 1429 1228 1481 ΚΑΝΩΝ
1283 1430 1353 1482 Z'.

388 1515 541 1580 Τοὺς
594 1516 757 1582 ἅπαξ
798 1520 867 1571 ἐν
914 1519 1117 1587 κλήρῳ
1169 1524 1572 1596 τεταγμένους
1626 1527 1721 1580 καί
1777 1545 1963 1596 μονα·

454 1608 611 1674 στὰς
642 1610 715 1671 (1)
766 1612 1069 1681 ὡρίσαμεν
1110 1615 1263 1682 μήτε
1309 1616 1407 1669 ἐπὶ
1445 1592 1789 1685 στρατείαν*
1807 1621 1960 1689 μήτε

454 1700 555 1751 ἐπὶ
598 1701 777 1763 ἀξίην
814 1704 1117 1771 κοσμικὴν
1164 1706 1462 1773 ἔρχεσθαὶ.
1510 1712 1575 1761 Ἡ
1607 1711 1781 1763 τοῦτο
1824 1715 1959 1765 τολ-

452 1795 715 1861 μῶντας,
735 1797 829 1849 καὶ
850 1800 931 1864 μὴ
953 1805 1495 1868 μεταμελομένους,
1518 1802 1673 1857 ὥστε
1697 1804 1962 1870 ἐπιστρέ-

460 1892 573 1952 ῖζκαι
615 1888 715 1940 ἐπὶ
761 1889 936 1943 τοῦτο
981 1892 1010 1943 ὃ
1056 1891 1152 1944 διὰ
1196 1894 1343 1946 Θεὸν
1372 1896 1663 1961 πρότερον
1703 1898 1958 1962 εἵλοντο,

458 1980 575 2031 ἀνα
583 1979 1010 2042 θεματίζεσθαι.

455 2072 661 2127 ΒΛΛΣ.
692 2074 783 2141 Μὴ
817 2076 1148 2144 ἐναντιωθῇς
1176 2076 1253 2146 τῷ
1280 2077 1368 2143 πγ⁹
1399 2080 1584 2131 κανόνι
1633 2081 1740 2133 τῶν
1788 2082 1961 2150 ἁγίων

384 2162 727 2222 ἀποστόλων,
781 2163 991 2231 λέγοντι
1042 2167 1200 2235 μόνον
1246 2167 1630 2237 καθαιρεῖσθαι
1658 2172 1785 2233 τοὺς
1838 2190 1963 2241 σχο-

381 2253 653 2317 λάζοντας
684 2257 943 2328 στρατείᾳ
991 2259 1402 2327 πρεσϐυτέρους
1432 2260 1464 2328 ἦ
1493 2261 1774 2326 διακόνους
1793 2280 1806 2294 '
1845 2264 1961 2317 ἀλλ’

386 2347 513 2398 εἰπὲ
552 2348 633 2399 ὅτι
666 2349 782 2400 ἐκεῖ
812 2349 913 2417 μὲν
967 2351 1103 2419 μετὰ
1145 2352 1420 2419 ἱερατικοῦ
1472 2356 1745 2422 σχήματος
1794 2374 1960 2427 στρα-

385 2444 678 2501 τιωτικαῖς
717 2442 1058 2512 ὲνησχολεϊτο
1106 2444 1376 2507 δουλείαις
1406 2448 1433 2499 ὁ
1488 2448 1817 2517 ίερωμένος·
1872 2450 1960 2502 ὲν-

388 2532 570 2584 ταῦθα
604 2533 658 2585 δὲ
687 2534 784 2601 τὴν
831 2533 983 2603 ἱερὰν
1019 2534 1212 2603 στολὴν
1247 2536 1481 2589 ἀπέθετο
1528 2537 1619 2589 καὶ
1664 2540 1961 2608 ἐστρατεύ-

389 2641 526 2676 σατο
568 2624 835 2695 ἐπιθυμίᾳ
862 2626 1131 2694 κοσμικῆς
1167 2627 1346 2692 ἀξίας.
1397 2628 1508 2681 Καὶ
1540 2627 1629 2681 διὰ
1658 2629 1816 2682 τοῦτο
1846 2632 1961 2684 ἐκεῖ

390 2721 497 2788 μὲν
532 2722 559 2772 ὁ
592 2719 665 2787 μὴ
721 2719 857 2789 μετὰ
888 2720 1267 2790 παραγγελίαν
1298 2721 1643 2791 ἐπιστρέφων
1679 2724 1961 2794 καθαιρεί-

387 2827 506 2873 ται,
538 2810 771 2863 ἐνταῦθα
816 2811 873 2863 δὲ
903 2814 930 2864 ὁ
966 2814 1041 2879 μὴ
1100 2814 1539 2883 μεταμελόμενος
1568 2815 1959 2884 ἀναθεματίζε-

387 2921 503 2957 ται.
541 2904 652 2970 Τὴν
685 2903 794 2981 γὰρ
822 2904 1140 2970 καθαίρεσιν
1190 2906 1350 2968 αὐτὸς
1399 2907 1578 2974 ἑαυτῷ
1634 2908 1955 2976 ἐψηφίσατο,

390 2999 487 3049 καὶ
518 2995 626 3065 πρὸ
658 2996 952 3067 καταδίκης
998 2997 1405 3067 ἀπογυμνώσας
1449 3000 1641 3054 ἑαυτὸν
1669 3000 1769 3068 τῆς
1806 3001 1958 3069 ἱερᾶς

1452 302 1533 360 IN
1572 304 1733 365 CAN.
1775 308 1884 366 VII
1918 307 2126 371 CONC.
2175 313 2539 376 CHALCED.

457 401 571 453 οὐκ
600 400 917 463 ἁπολύτως
944 407 1407 475 χειροτονήσεις.
1450 413 1519 467 Et
1547 414 1615 466 δὲ
1637 418 1723 485 μὴ
1752 457 1768 482 ,
1801 419 1962 487 ἀχει-
1987 421 2040 479 Α

3508 323 3615 388 410

2136 427 2241 479 lute
2266 427 2555 481 ordinabis.
2594 427 2838 496 Alioquin
2865 444 2950 494 qui
2981 429 3168 482 ibidem
3197 430 3495 495 ordinatur,
3526 453 3616 495 pro

2131 536 2229 574 non
2250 522 2508 575 ordinato
2534 519 2775 575 habetur.

2131 614 2229 678 Qui
2258 615 2553 684 presbyteri
2578 624 2671 669 aut
2696 614 2910 669 diaconi
2935 623 3027 667 aut
3052 614 3213 667 alium
3240 630 3619 683 quemcunque

2058 700 2304 754 ordinem
2344 702 2769 756 ecclesiasticum
2817 711 2901 755 est
2941 712 3321 769 suscepturus.
3358 718 3424 756 ne
3465 705 3620 755 aliter

2060 795 2125 845 ad
2170 794 2561 848 ordinationem
2614 796 2948 857 admittatur,
2990 795 3089 848 nisi
3145 796 3195 848 in
3235 797 3472 849 civitatis
3525 809 3617 851 aut

2061 887 2175 952 pagi
2202 886 2431 954 alicujus
2454 887 2681 940 ecclesia
2709 898 2801 940 aut
2821 889 3144 941 monasteria
3168 888 3219 939 in
3248 888 3426 955 aliquo
3450 890 3615 954 gradu

2060 978 2426 1032 ecclesiastico
2456 980 2651 1049 egisse,
2684 991 2737 1031 et
2770 981 2819 1031 in
2854 994 2915 1031 ea
2954 980 3265 1034 inserviisse
3295 981 3443 1046 prius
3472 980 3621 1032 inve-

2062 1071 2260 1123 niatur.
2309 1071 2362 1122 Si
2411 1080 2588 1123 autem
2621 1071 2710 1139 qui
2759 1071 3038 1125 absolutus
3074 1079 3178 1132 est,
3224 1070 3501 1141 presbyter
3533 1081 3621 1123 aut

2061 1163 2315 1215 diaconus
2346 1164 2657 1225 ordinetur,
2688 1178 2810 1216 cum
2853 1179 2954 1214 non
3002 1164 3073 1215 sit
3118 1163 3216 1215 Sllll
3241 1162 3421 1230 aliquo
3453 1161 3617 1225 gradu

2060 1251 2113 1303 in
2157 1250 2411 1312 ecclesia,
2452 1250 2581 1303 nihil
2628 1266 2692 1303 ex
2736 1266 2798 1303 en
2844 1250 3109 1303 commodi
3143 1252 3338 1317 capiet,
3374 1250 3466 1303 sed
3503 1264 3621 1301 ma-

2061 1357 2221 1393 nuum
2260 1342 2309 1392 in
2340 1358 2459 1394 eum
2486 1341 2758 1410 impositio
2792 1340 2941 1392 irrita
2973 1342 3099 1393 erit.

2657 1434 2887 1485 C.\Nl)N
2928 1432 3037 1485 VH.

2060 1523 2165 1578 Eos
2187 1524 2279 1595 qui
2304 1542 2356 1577 tn
2387 1533 2523 1578 clero
2544 1525 2700 1578 semel
2722 1525 2954 1579 ordinati
2983 1534 3125 1584 sunt,
3154 1536 3200 1577 et
3229 1526 3409 1577 itidem
3440 1539 3624 1576 mona-

2130 1617 2274 1678 chos,
2322 1618 2601 1670 statuimus
2640 1634 2729 1670 nec
2777 1617 2845 1670 ad
2887 1615 3171 1669 militarem
3217 1618 3617 1681 expeditionem,

2132 1728 2225 1765 nec
2246 1712 2313 1762 ad
2336 1711 2639 1765 swcularem
2671 1712 2977 1778 dignitatem
2998 1728 3146 1773 posse
3176 1714 3361 1764 venire.
3396 1711 3496 1775 Qui
3524 1728 3623 1761 au-

2134 1816 2232 1857 tem
2260 1786 2599 1867 hoc‘audent,
2634 1813 2682 1855 et
2720 1821 2821 1855 non
2858 1803 3156 1870 ptenitentia
3188 1803 3331 1854 ducti
3363 1804 3430 1854 ad
3461 1804 3512 1853 id
3546 1819 3625 1853 re-

2131 1910 2439 1958 vertuntur,
2494 1897 2632 1964 quod
2676 1907 2887 1966 propter
2932 1897 3097 1949 Deum
3152 1900 3295 1961 prius
3341 1898 3624 1964 elegerant,

2132 1988 2596 2042 anatltematizari.

2132 2076 2329 2131 BALS.
2382 2076 2457 2130 Ne
2505 2076 2833 2129 contrarium
2890 2093 3014 2131 esse
3056 2078 3331 2129 existimes
3361 2055 3621 2128 rationem

2062 2178 2370 2223 sanctorum
2404 2167 2772 2233 apostolorum
2798 2205 2812 2227 ,
2854 2168 3047 2242 canoui
3091 2166 3159 2219 83
3192 2166 3388 2218 dicenti
3431 2167 3621 2231 deponi

2040 2259 2233 2312 solum
2255 2258 2619 2328 presbyteros,
2644 2260 2724 2311 vel
2750 2259 3025 2319 diaconos,
3051 2258 3139 2325 qui
3167 2259 3366 2334 militiae
3391 2269 3579 2309 vacant
3607 2276 3618 2308 :

2062 2354 2156 2406 sed
2189 2350 2294 2413 dic,
2344 2348 2485 2419 quod
2518 2348 2625 2402 illic
2661 2349 2873 2413 quidem
2908 2362 3028 2399 cum
3066 2348 3382 2401 sacerdotali
3422 2348 3618 2399 amictu

2064 2443 2387 2499 militaribus
2415 2442 2731 2496 ministeriis
2756 2443 2984 2495 vacabat
3006 2444 3260 2497 sacerdos
3288 2458 3301 2492 :
3335 2442 3420 2494 liic
3446 2454 3620 2493 autem

2062 2553 2273 2593 sacrum
2309 2537 2559 2591 vestitum
2600 2547 2844 2597 exuerat,
2891 2544 2946 2589 et
2992 2535 3317 2588 militaverat
3350 2534 3626 2588 surcularis

2061 2630 2343 2701 dignitatis
2374 2627 2666 2683 desiderio.
2696 2627 2762 2681 Et
2792 2635 3076 2695 pr0pterea
3108 2626 3213 2680 illic
3249 2625 3488 2696 quidem,
3522 2624 3621 2678 nisi

2062 2732 2184 2791 post
2227 2720 2689 2776 denuntiationem
2738 2732 2989 2772 reversus
3035 2715 3218 2781 fuerit,
3269 2716 3555 2785 deponitur
3608 2734 3623 2771 :

2061 2816 2149 2870 hic
2191 2824 2367 2869 autem
2394 2813 2476 2874 is,2
2508 2825 2664 2882 quem
2697 2825 2804 2863 non
2837 2811 3082 2878 poenitet,
3112 2809 3621 2864 anathematizatur.

2061 2906 2177 2974 Ipse
2220 2904 2361 2959 enim
2410 2901 2762 2971 depositionis
2796 2901 3115 2955 sententiam
3167 2900 3217 2953 in
3257 2916 3314 2955 se
3361 2901 3500 2963 tulit,
3534 2901 3620 2969 qui

2059 3016 2119 3056 se
2151 3014 2303 3055 sacra
2336 3008 2485 3053 veste
2506 2998 2665 3053 etiam
2700 3004 2824 3049 ante
2848 2994 3346 3049 condemnationem
3377 2995 3548 3057 exuit,
3569 3005 3626 3049 ct

389 3088 608 3157 στολῆς,
644 3088 736 3139 καὶ
765 3087 950 3150 λαῖκδς
984 3089 1240 3156 γεγονώς.
1293 3090 1444 3143 Ἐπεὶ
1467 3091 1523 3144 δὲ
1554 3091 1955 3161 ἑρμηνεύοντες

2059 3093 2230 3149 laicus
2262 3091 2437 3147 factus
2478 3103 2579 3146 est.
2620 3087 2883 3155 Quoniam
2929 3099 3107 3141 autem
3137 3088 3488 3155 apostolicum
3527 3103 3624 3142 ca-

381 3180 481 3230 τὸν
508 3186 603 3247 πγ⁹
634 3179 987 3232 ἁποστολικὸν
1018 3182 1240 3243 κανόνα,
1268 3182 1495 3250 εἴπομεν
1525 3185 1598 3254 μὴ
1625 3186 1954 3240 ἀπεντεῦθεν

384 3273 776 3341 καθαιρεῖσθαι
822 3272 915 3324 τὸν
943 3273 1283 3341 δημοσιακὰς
1334 3276 1580 3339 δουλείας
1610 3279 1953 3347 ἐνεργοῦντα,

381 3363 525 3415 ἀλλὰ
574 3363 711 3431 μετὰ
764 3363 1161 3433 παραγγελίαν,
1199 3366 1463 3434 ἐρωτήσει
1513 3384 1617 3429 τις,
1666 3369 1954 3437 γενήσεται

381 3454 549 3508 τοῦτο
575 3457 669 3507 κσιλ⁸
698 3456 776 3518 εἰς
803 3458 893 3507 τὸν
926 3457 1263 3524 ἀποθέμενον
1292 3459 1391 3529 τὴν
1438 3460 1589 3528 ίερὰν
1636 3461 1828 3531 στολὴν
1863 3462 1956 3513 καὶ

384 3550 869 3617 στρατευσάμενον
896 3549 928 3621 ἢ
968 3544 1061 3603 καὶ
1089 3550 1194 3620 πρὸ
1220 3552 1598 3621 παραγγελίας
1625 3542 1958 3606 απεντεῦθεν

2063 3202 2257 3243 nonem
2286 3186 2353 3239 85
2398 3187 2837 3256 interpretantes,
2869 3199 2935 3236 ex
2964 3196 3029 3236 eo
3064 3180 3179 3248 ipso
3220 3183 3469 3235 duximus
3500 3197 3622 3237 eum

2065 3300 2173 3338 non
2203 3282 2395 3351 deponi
2432 3282 2520 3349 qni
2552 3279 2762 3348 publica
2803 3278 3104 3334 ministeria
3140 3278 3342 3338 obibat,
3379 3277 3471 3329 sed
3504 3285 3627 3343 post

2035 3428 2040 3433 .
2063 3374 2522 3433 denuntiationem
2542 3393 2556 3429 :
2575 3375 2987 3444 interrogaverit
3029 3376 3315 3443 quispiam,
3344 3377 3500 3429 tietne
3526 3376 3627 3429 hoc

2062 3469 2223 3521 etiam
2246 3467 2299 3520 in
2320 3481 2440 3520 eum
2468 3465 2555 3532 qui
2586 3480 2799 3519 sacrum
2822 3466 3075 3518 amictum
3096 3464 3247 3518 exuit
3267 3475 3319 3519 et
3342 3464 3622 3519 militavit:

2067 3572 2132 3610 an
2161 3557 2323 3610 etiam
2369 3564 2495 3609 ante
2529 3555 2985 3609 denuntiationem
3032 3562 3115 3609 est
3155 3569 3221 3609 ex
3249 3570 3313 3609 eo
3352 3554 3470 3625 ipso
3495 3570 3628 3610 ana-

1637 3714 1823 3777 Guill.
1863 3715 2185 3793 Beveregii
2225 3722 2411 3776 noue.

456 3853 572 3925 (09‘;
621 3855 975 3928 Εὐρίσκοιτο
1020 3856 1313 3928 πρότερον
1356 3855 1477 3911 ὑπὸ
1522 3858 1764 3928 ,βαθμον
1788 3875 1944 3913 τινα.

380 3932 423 3984 Α
439 3934 677 3997 risteuus
706 3927 793 3978 hic
823 3940 1010 3997 τιθοῖο
1041 3926 1264 3997 canonis
1288 3927 1450 3997 hujus
1481 3926 1656 3983 sensu
1674 3940 1787 3983 toto
1812 3933 1948 3983 caelo

380 4008 558 4053 errat.
594 3995 788 4049 Vocem
817 3997 958 4048 enim
991 3995 1409 4064 ἀπολελυμένως
1428 3999 1480 4051 in
1501 4015 1728 4060 canone.
1750 3999 1952 4053 ἀπολύ-

380 4088 499 4131 τως
534 4071 583 4120 iu
620 4068 854 4133 epitome
881 4066 953 4119 ita
991 4065 1400 4129 interpretatur,
1433 4084 1494 4122 ac
1527 4071 1571 4123 si
1616 4070 1699 4123 hic
1730 4080 1946 4123 cautum

382 4150 559 4198 esset,
590 4152 655 4188 ne
685 4138 807 4206 quis
837 4137 889 4187 in
923 4136 1245 4205 presbyteri,
1281 4138 1520 4206 diaconi,
1547 4150 1639 4192 aut
1672 4139 1777 4191 alio
1810 4153 1945 4205 quo-

384 4215 472 4264 vis
535 4205 723 4261 ordine
764 4206 1143 4260 ecclesiastico
1196 4205 1497 4272 ordinetur,
1538 4210 1639 4263 nisi
1692 4210 1743 4261 in
1779 4213 1947 4277 gradu

385 4283 575 4348 aliqua
633 4277 1001 4330 ecclesiastico
1040 4278 1194 4346 prius
1217 4277 1379 4329 fuerit
1406 4294 1421 4341 ;
1452 4293 1515 4331 ac
1559 4280 1603 4333 si
1639 4294 1796 4333 nemo
1827 4295 1949 4348 pre-

387 4354 600 4420 slsyter,
630 4358 722 4420 aut
754 4348 1032 4420 diaconus
1060 4348 1177 4420 tiat,
1209 4348 1424 4420 nisiqui
1464 4348 1631 4420 lector
1657 4350 1826 4416 prius,
1857 4360 1949 4402 aut

2060 3860 2273 3929 μένους,
2302 3860 2395 3911 κοιλ⁸
2421 3859 2654 3914 ἄκοντας
2685 3859 2823 3926 πρὸς
2854 3859 2916 3913 τὸ
2939 3860 3622 3927 πρότεοονάποκαθίσταο

2060 3932 2183 3983 aiat.
2212 3937 2397 3998 σχῆμα
2426 3931 2761 3983 κελεύουσιν.
2806 3929 2879 3984 De
2895 3929 2991 3984 hoc
3019 3940 3067 3984 et
3092 3930 3307 3986 Novella
3338 3932 3439 3986 125
3460 3930 3627 3989 Justi-

2059 4002 2223 4052 niani.
2264 4000 2604 4071 Dicitenint_._
2635 4017 2781 4053 nemo
2812 4001 3123 4054 clericatum
3148 4018 3299 4053 suum
3330 4000 3623 4071 relinquens

2056 4071 2330 4123 surcularis
2382 4070 2495 4136 ﬁat.
2552 4069 2695 4123 Nam
2729 4080 2777 4123 et
2824 4071 3082 4137 dignitate
3135 4071 3408 4129 militiave,
3464 4069 3622 4139 quam

2057 4140 2275 4205 adeptus
2300 4150 2397 4197 est,
2436 4143 2719 4192 nudabitur
2750 4159 2762 4193 :
2791 4151 2839 4191 et
2889 4142 3159 4205 municipii
3191 4142 3273 4191 sui
3311 4142 3472 4192 curia!
3512 4152 3624 4194 tra-

2058 4212 2231 4263 detur.
2267 4208 2401 4262 Item
2438 4212 2640 4262 nouella
2671 4210 2701 4261 7
2735 4221 2792 4265 et
2830 4210 2884 4262 8.
2926 4210 3137 4263 Domini
3167 4209 3375 4268 Leonis.
3403 4212 3621 4265 clericos

2057 4291 2211 4351 atque
2264 4282 2568 4344 monac/tos,
2628 4281 2717 4351 qui
2785 4280 3020 4351 habitum
3083 4292 3372 4343 mutarunt,
3407 4291 3452 4331 et
3500 4280 3624 4333 laici

2064 4349 2195 4418 facti
2249 4360 2394 4412 sunt,
2453 4349 2851 4403 etiam‘invitos
2899 4349 3103 4402 Itabitui
3166 4351 3387 4417 pristino
3418 4354 3622 4403 restitui

387 4415 592 4476 cantor
632 4417 813 4487 inierit.
868 4418 1005 4471 Cum
1056 4415 1245 4471 Patres
1276 4415 1407 4471 nihil
1440 4419 1587 4473 aliud
1611 4415 1713 4474 hnc
1742 4432 1952 4473 canone
1983 4415 2388 4487 Dprazcipiunt.
2444 4418 2613 4473 Verba
2672 4419 2963 4473 Iustiniani
3016 4415 3247 4473 Novellae
3300 4420 3384 4473 hic.
3432 4422 3609 4473 citatzc

388 4486 800 4549 constituerint,
833 4503 994 4555 quam
1046 4488 1317 4540 neminem
1349 4490 1467 4543 sine
1497 4500 1647 4545 certo
1680 4489 1838 4544 titulo
1865 4505 1955 4545 or-

386 4562 693 4615 dinandum
717 4573 859 4622 esse,
898 4558 1001 4612 nisi
1028 4568 1233 4629 certum
1260 4559 1518 4613 nimirum
1559 4562 1730 4615 locum
1766 4560 1955 4615 eodem

391 4645 642 4694 tempore
695 4630 1027 4694 assignatum
1074 4627 1286 4693 habeat,
1317 4644 1426 4697 quo
1482 4631 1805 4685 muneribus
1858 4629 1960 4686 sibi

387 4698 728 4758 concreditis
764 4698 1037 4763 fungatur,
1076 4708 1133 4749 ut
1157 4707 1280 4752 ante
1307 4710 1584 4754 ostensum
1608 4710 1714 4753 est.

462 4772 544 4835 (1)
598 4769 752 4840 Τοὺς⁸
788 4767 951 4831 ἅπαξ
983 4766 1285 4840 ἐν’-κλήρῳ
1330 4770 1729 4838 τεταγμένους
1768 4770 1808 4837 ἣ
1853 4787 1961 4840 μο-

384 4842 649 4903 ναστάς.
715 4838 1103 4902 llarmenopuli
1144 4838 1395 4905 Epitome
1444 4842 1599 4901 lmius
1630 4838 1961 4895 canonis'sic.

387 4930 450 4968 se
496 4912 675 4971 habet,
706 4908 1106 4981 dukqptnesigﬂ
1138 4910 1394 4981 μονασας,
1428 4912 1474 4961 εἰ
1494 4912 1586 4963 ἐπὶ
1605 4911 1892 4978 στρατείαν
1924 4912 1957 4981 ἢ

389 4983 679 5049 κοσμικὴν
712 4979 872 5043 ἀξίαν
904 4979 1069 5039 ἔλθοι,
1099 4980 1193 5031 καὶ
1226 4980 1300 5049 μὴ
1336 4981 1715 5049 μεταμέλοιτο,
1765 4979 1959 5032 ἀναθεὲ

391 5048 737 5125 ματιζέσθω,
795 5050 897 5114 Qui
934 5049 1153 5125 clericus
1181 5048 1600 5125 aut’monachus
1654 5051 1828 5118 factus
1855 5060 1953 5125 est,

388 5120 439 5181 ξε
480 5124 549 5173 ad
581 5122 824 5174 militiam
849 5130 941 5172 aut
967 5120 1282 5187 dignitatem
1312 5121 1633 5172 mundanam
1660 5122 1955 5184 accesserit,

391 5212 489 5249 nec
522 5192 881 5261 pwnitentiam
910 5188 1457 5261 egerittanathemati
1486 5191 1784 5255 subjicitor.
1824 5192 1959 5245 llar-

392 5259 540 5317 iueu.
577 5264 735 5327 epist.
775 5276 894 5313 can.
929 5270 1065 5312 sect.
1105 5259 1159 5319 '5,
1199 5260 1280 5312 tit.
1319 5261 1372 5330 2.
1400 5260 1452 5312 In
1484 5277 1642 5327 quam
1676 5261 1953 5330 Epitomen

390 5334 727 5390 sclioliastes
747 5332 860 5385 haec
886 5341 1054 5393 notat,
1086 5330 1220 5397 Περὶ
1251 5328 1439 5382 τούτου
1474 5335 1567 5383 καὶ
1594 5328 1730 5400 ρκγί
1769 5332 1955 5399 Νεαρὰ

391 5405 490 5458 τοῦ
508 5402 909 5456 ’1ουστινιανοῦ,
928 5406 1061 5470 φησί
1076 5400 1415 5470 γάρ’Μηδεὶς
1428 5402 1518 5452 τὸν
1535 5403 1734 5453 οἰκεῖον
1756 5402 1955 5468 κλῆρον

390 5478 518 5533 ἑῶν,
544 5473 781 5540 γινέσθω
800 5470 1063 5539 κοσμικός
1089 5488 1103 5502 ο
1126 5472 1246 5522 ἐπεὶ
1269 5470 1361 5522 καὶ
1382 5471 1484 5540 τῆς
1515 5474 1955 5540 προσγενομένης

394 5545 546 5612 αὖτῷ
579 5544 734 5607 ἀξίας
767 5543 797 5612 ἢ
838 5541 1156 5631 Cypassi“,
1178 5540 1749 5631 dqoyuuvmdﬁaszat'.’
1767 5542 1954 5631 x‘ailrrfl

397 5611 565 5683 βουλή
602 5616 701 5681 τῆς
749 5612 988 5683 οίκείαςῌ
1020 5611 1411 5683 ἀποδοθήσεται
1447 5613 1673 5673 πόλεως.
1706 5613 1815 5665 Καὶ
1845 5614 1876 5680 ἡ
1910 5612 1939 5675 ζ

396 5679 492 5739 {ut
519 5679 564 5756 ἡ⁷
586 5683 636 5753 η’
657 5679 665 5681 ’
683 5684 873 5752 Νεαρα
898 5679 991 5734 τοῦ
1022 5683 1214 5756 κυρίου
1233 5681 1480 5746 Λέοντος,
1502 5684 1628 5756 τοὺς
1654 5679 1951 5756 κληρικοὺς

409 5754 680 5827 μοναχους
738 5754 1349 5824 μετασχηματισθέντας
1403 5758 1497 5806 καὶ
1538 5754 1757 5815 λαῖκοὺς
1795 5770 1948 5820 γενος

2066 4503 2195 4544 sunt
2225 4494 2356 4551 lucc,
2408 4490 2468 4545 Si
2498 4492 2781 4543 monachus
2819 4490 3087 4559 reliquerit
3135 4494 3537 4551 monasterium,
3573 4500 3623 4543 et

2064 4562 2131 4612 ad
2158 4561 2463 4615 saecularem
2503 4562 2662 4613 vitam
2694 4562 3013 4628 migraverit,
3045 4561 3182 4613 hunc
3232 4562 3422 4613 militia
3454 4572 3501 4613 et
3529 4560 3623 4613 lto-

2064 4646 2209 4695 nore,
2245 4634 2288 4684 si
2332 4646 2483 4699 quem
2518 4631 2690 4692 habet,
2726 4633 2874 4698 prius
2935 4630 3242 4698 spoliatum,
3279 4632 3342 4681 ab
3379 4631 3623 4699 episcopo

2063 4700 2297 4769 locorum
2325 4712 2369 4751 et
2401 4702 2682 4767 provincia:
2727 4701 2907 4769 judice
2946 4702 3003 4753 in
3051 4702 3431 4753 monasterium
3461 4702 3619 4754 mitti.

2060 4768 2259 4824 Justin.
2296 4770 2482 4825 Novel.
2518 4770 2640 4835 125,
2668 4768 2789 4838 cap.
2824 4770 2988 4830 ἕλει
3025 4771 3243 4825 Basilio.
3272 4773 3306 4824 Ι.
3346 4788 3418 4831 ιν,
3451 4773 3532 4825 tit.
3566 4774 3618 4831 1.

2061 4855 2183 4909 cap.
2217 4843 2304 4896 Μ.
2347 4840 2455 4893 Leo
2492 4840 2544 4893 in
2578 4841 2805 4910 septima
2845 4840 3014 4906 ipsius
3047 4840 3263 4895 Novella
3320 4842 3533 4902 statuit,
3562 4852 3619 4893 ut

2059 4917 2353 4981 quicunque
2402 4910 2712 4963 clericorum
2741 4912 2980 4963 habitum
3032 4926 3239 4965 mutare
3278 4914 3619 4977 profanorum

2061 4982 2239 5034 habitu
2288 4980 2519 5048 improbe
2566 4982 2878 5041 instituerit,
2908 4982 2973 5041 is,
3012 4986 3419 5050 quotiescunque
3472 4992 3617 5050 actus

2060 5051 2225 5119 fuertt
2282 5053 2334 5103 in
2366 5053 2661 5104 istiusmodi
2693 5048 3328 5113 vecordiam,rsecundum
3375 5048 3618 5101 ecclesia-

2058 5124 2245 5174 sticum
2287 5122 2573 5180 decretum,
2608 5122 2937 5189 quantumvis
2992 5122 3182 5175 invitus
3226 5121 3282 5172 in
3312 5120 3615 5173 clericorum

2057 5193 2294 5245 habitum
2356 5192 2686 5245 restituatur.
2738 5191 2901 5244 Leon.
2968 5192 3149 5243 Novel.
3220 5191 3269 5243 7.
3320 5190 3372 5241 In
3426 5198 3613 5239 octava

2057 5273 2235 5316 autem
2284 5262 2416 5316 dicit
2447 5302 2459 5324 ,
2526 5259 2873 5329 Nequaquam
2909 5278 3025 5311 vero
3081 5261 3132 5312 id
3182 5266 3329 5312 nobis
3382 5276 3491 5311 esse
3532 5257 3615 5326 fas

2055 5332 2279 5396 videtur,
2312 5348 2471 5400 neque
2498 5334 2588 5398 qui
2610 5334 2664 5384 in
2687 5333 2876 5384 diuina:
2903 5332 3108 5383 milith
3126 5331 3349 5397 legiones
3382 5341 3615 5396 receptus

2053 5406 2145 5468 sit,
2175 5403 2313 5455 hunc
2370 5404 2423 5454 in
2466 5403 2747 5454 mundanis
2787 5401 2985 5454 militiis
3032 5400 3198 5465 placet
3232 5401 3511 5453 col/ocari.
3548 5401 3615 5451 At

2052 5484 2238 5527 contra
2290 5472 2427 5542 quod
2469 5471 2825 5525 ecclesiastico
2879 5470 3053 5522 ordini
3112 5470 3379 5523 observari
3435 5471 3616 5520 (lubere

2052 5545 2219 5596 risum
2277 5552 2375 5606 est,
2432 5554 2488 5595 ut
2536 5543 2584 5594 si
2645 5544 2759 5611 quis
2818 5542 3009 5607 stvpius
3058 5542 3218 5591 vitam
3266 5542 3614 5593 monasticam

2053 5624 2366 5676 aspernatus
2393 5623 2629 5677 vagetur,
2662 5612 2784 5664 huic
2810 5611 3091 5680 profanant
3120 5612 3361 5664 habitum
3397 5612 3619 5678 recipere

2054 5700 2156 5807 ἴση
2198 5686 2535 5807 εοὲεεάιὲυν,
2563 5684 2616 5736 id
2651 5698 2744 5751 per
2796 5681 2958 5751 legem
3004 5681 3169 5736 etiam
3204 5699 3307 5765 nos
3344 5681 3616 5751 jttbemus.

2098 5770 2220 5807 Cllll.
2296 5770 2383 5807 ον.
2448 5793 2461 5807 .

2098 5770 2220 5810 Cliti.
2248 5753 2383 5808 Nov.
2408 5756 2461 5807 8.
3204 5758 3212 5765 ’
