4138 6210
459 304 568 371 433

465 510 566 565 τοῦ
594 509 741 579 ,ςψα’
784 509 939 573 ἔτους
981 506 1348 569 ἀπολυθέντος
1399 502 1775 576 προσκυνητοῦ
1834 518 2035 571 χρυσοο

468 603 690 657 ϐούλλου
718 602 814 655 τοῦ
847 599 1172 667 θεοστεφοῦς
1209 598 1505 670 κρατίστου
1551 596 1646 649 καὶ
1688 595 1844 663 ἁγίου
1872 594 2032 665 ἡμῶν

469 693 870 763 αὐτοκράτορος
912 692 1104 762 κυρίου
1143 690 1416 743 Ἰσαακίου
1466 685 1560 741 τοῦ
1610 686 1896 752 Ἄγγελον,
1936 686 2033 736 καὶ

468 788 592 850 τοὺς
612 785 1086 852 ἀνακαλουμένους
1111 781 1513 853 μητροπολίτας
1540 779 1640 840 τὰς
1668 775 2033 844 διαφερούσας

465 876 683 936 τούτοις
733 875 1060 939 ὲπισκοπάς,
1126 876 1219 928 καὶ
1271 876 1350 936 εἰς
1404 868 1761 942 μητροπόλεις
1808 868 2033 939 ἢάρχι-

465 969 774 1031 επισκοπάς
828 966 1171 1037 τιμηθείσας,
1224 964 1686 1035 ἐπιστομίζοντος,
1731 962 1830 1031 οὐχ
1873 955 2036 1031 ἦττον

464 1060 522 1114 δὲ
571 1062 666 1114 καὶ
718 1058 845 1122 τοὺς
884 1059 1334 1131 ἐπιχειρήσοντας
1363 1059 1452 1111 ὅτε
1487 1058 1685 1127 δήποτε
1735 1055 1833 1124 τὴν
1884 1052 2043 1123 βασι-

462 1151 625 1221 λικὴν
648 1149 1023 1219 ἀποστερῆσαι
1047 1149 1330 1220 περιωπὴν
1356 1147 1450 1202 τοῦ
1480 1149 1704 1216 ἀνάγειν
1729 1144 2036 1208 ὲπισκοπὰς

466 1246 544 1305 τίς
580 1242 995 1313 μητροπόλειςῆ
1023 1242 1459 1312 ἀρχιεπισκοπάς
1484 1241 1627 1295 κατὰ
1660 1239 1760 1310 τὴν
1790 1237 2035 1291 δοθεῖσαν

466 1338 654 1399 αὐτοῖς
696 1336 903 1389 ἄνωθεν
946 1332 1218 1400 ἐξουσίαν,
1261 1334 1519 1404 ἠρωτήθη
1557 1332 1706 1403 παρά
1739 1345 1929 1384 τινων·
1971 1327 2037 1381 Τί

464 1432 585 1483 ἐστι
614 1430 674 1481 τὺ
705 1428 1094 1497 περιεχόμενον
1126 1426 1203 1496 τῷ
1234 1428 1416 1481 κανόνι
1439 1429 1599 1497 χάριν
1628 1424 1721 1478 τοῦ
1753 1423 1899 1493 ἔχειν
1939 1423 2038 1484 τὰς

463 1522 793 1592 τιμηθείσας
838 1518 1200 1590 μητροπόλεις
1247 1519 1417 1589 μόνην
1452 1518 1550 1588 τὴν
1597 1515 1788 1586 τιμὴν,
1822 1514 1898 1578 ὡς
1930 1512 2039 1565 τῶν

463 1616 642 1671 ἄλλων
677 1593 1257 1684 δικαίων’σωζομένιι›ν
1285 1612 1351 1680 τῇ
1373 1608 1513 1662 κατὰ
1541 1608 1801 1678 ἀλήθειαν
1835 1621 2038 1674 μητρο-

464 1708 655 1770 mihi;
686 1707 869 1775 Φαμὲν
919 1707 999 1759 ὅτι
1045 1704 1138 1758 καὶ
1190 1703 1250 1755 τὸ
1302 1702 1433 1772 περὶ
1474 1699 1666 1753 τούτου
1729 1696 2036 1766 άμερίδολον

1554 296 1635 358 IN
1676 295 1839 358 CAN.
1871 294 1987 355 x11
2029 293 2241 357 conc-
2278 298 2640 360 CHALCED.

549 416 702 472 Ἐπεὶ
727 416 784 471 δὲ
814 414 957 470 κατὰ
979 413 1072 469 τὸν
1104 412 1415 485 Ἀπρίλλιον
1442 410 1587 483 μῆνα
1616 412 1713 485 τῆς
1749 416 1815 462 ια’
1846 409 2035 463 ἰνδικτ.
2068 447 2108 500 Α

3599 292 3707 356 434
3724 340 3731 341 γ

2212 410 2480 477 Quoniam
2528 418 2705 465 autem
2754 423 2941 464 mense
2982 409 3172 478 Aprili,
3214 409 3273 462 Η
3323 408 3511 463 indict.
3559 423 3701 463 anno
3788 446 3793 449 -

2138 502 2269 555 670i
2323 503 2468 557 edita
2516 518 2727 557 summa
2774 518 2911 557 cum.
2947 502 3303 557 veneratione
3358 502 3700 570 suscipienda

2133 594 2307 673 Aurea
2355 594 2497 649 bulla
2541 610 2567 647 a
2613 594 2721 648 Deo
2770 594 3059 659 coronati,
3107 593 3385 647 fortissimi
3430 600 3483 647 et
3530 593 3702 646 sancti

2136 686 2327 751 imper.
2362 686 2550 749 nostri,
2584 686 2785 740 domini
2816 685 3000 739 lsaacii
3033 683 3251 751 Angeli,
3274 696 3393 751 quae
3417 691 3472 735 et
3504 693 3705 737 metro-

2136 778 2387 845 pulitauis
2425 778 2769 848 episcopatus
2810 780 2873 833 ad
2908 793 2966 832 se
2995 780 3364 846 pertinentes,
3418 785 3477 829 et
3501 785 3705 830 metro-

2137 871 2337 938 polium
2369 870 2447 923 vel
2483 872 3042 941 archiepiscopatumn
3087 871 3294 925 honore
3325 870 3551 922 donatus
3573 904 3590 931 ,
3637 866 3705 921 ad

2137 975 2196 1014 se
2236 961 2647 1027 revocantibus,
2686 971 2736 1015 et
2785 962 2851 1015 iis
2890 962 3070 1014 itidem
3105 960 3195 1030 qui
3232 958 3562 1029 impcrialem
3601 958 3706 1010 cir-

2139 1049 2599 1119 cumspectionem
2629 1050 2842 1117 privare
2870 1050 3228 1109 conabuntur,
3264 1063 3330 1102 ne
3365 1047 3709 1116 episcopatus

2139 1139 2192 1191 in
2239 1140 2561 1210 metropoles
2591 1148 2647 1194 et
2675 1120 3171 1210 archiepiscOpatus
3198 1140 3371 1209 erigat
3411 1140 3708 1193 secundum

2138 1230 2240 1284 sibi
2273 1233 2450 1286 datam
2484 1248 2513 1287 a
2537 1232 2746 1301 superis
2776 1242 3116 1303 potestatem,
3136 1247 3197 1285 os
3227 1231 3482 1295 occludit,
3510 1246 3539 1285 a
3571 1246 3711 1284 non-

2139 1322 2300 1378 nullis
2337 1326 2619 1393 qttazsitum
2649 1335 2751 1389 est,
2780 1323 2916 1390 Quid
2953 1334 3034 1379 est
3057 1324 3197 1393 quod
3227 1338 3434 1377 canone
3465 1338 3713 1392 compre-

2141 1415 2411 1480 henditur,
2450 1427 2509 1469 ut
2548 1418 2751 1471 honore
2788 1415 2995 1471 affectae
3036 1416 3361 1487 metropoles
3400 1416 3570 1470 solum
3615 1416 3712 1470 ho-

2140 1523 2325 1562 norem
2359 1510 2610 1573 habeant,
2643 1519 2827 1578 utpote
2866 1510 2983 1565 aliis
3007 1509 3223 1580 jurihus
3252 1524 3391 1564 verae
3429 1509 3711 1577 metropoli

2141 1601 2410 1655 servatis?
2466 1600 2706 1657 Dicimus
2753 1605 2818 1657 de
2866 1617 2930 1656 ea
2984 1617 3042 1655 re
3077 1596 3467 1655 dubitatiOnem
3506 1599 3573 1655 ab
3613 1602 3713 1655 hac

2143 1692 2485 1761 imperatoris
2520 1694 2900 1748 constitutione
2937 1693 3181 1748 dissolvi.
3235 1692 3528 1757 Quaesitum
3564 1691 3708 1745 enim

463 1799 652 1852 λύεται
682 1801 791 1852 ἀπὸ
820 1796 912 1851 τοῦ
935 1796 1101 1851 αὑτοῦ
1134 1793 1411 1866 βασιλικοῦ
1459 1790 1871 1863 σημειιῖψατος.
1902 1790 2038 1842 Συν-

2145 1796 2249 1848 e51,
2277 1792 2330 1838 et
2356 1795 2476 1853 post
2496 1784 2694 1839 multas
2718 1783 2906 1837 allatas
2936 1784 3002 1836 ad
3030 1782 3230 1850 justam
3253 1794 3371 1835 esse
3398 1795 3508 1835 rem
3532 1786 3714 1832 osten-

479 1890 723 1961 εζητήθη
778 1893 908 1962 γὰρ.
966 1893 1061 1943 καὶ
1128 1888 1266 1959 μετὰ
1316 1886 1515 1947 πολλὰς
1546 1882 1905 1951 δικαιολογίας
1960 1880 2038 1934 δι-

470 1984 789 2055 ελὴφθησαν
832 1985 991 2052 χάριν
1034 1981 1221 2034 τούτου
1253 1979 1423 2032 ταῦτα
1464 1976 1666 2048 ῥητῶς,
1702 1976 1797 2029 καὶ
1827 1975 1909 2028 ὅτι
1943 1974 2041 2044 μὲν

465 2077 745 2146 καθολικῷ
779 2076 922 2145 λόγῳ
953 2074 1048 2127 καλ⁵
1091 2070 1384 2141 διαγνώσει
1415 2068 1647 2138 γενικῶς
1678 2066 2039 2135 ὲκτιθεμένας

462 2173 567 2234 τὰς
617 2175 694 2232 είς
754 2164 1278 2239 ύπερϐαθμιώτερον
1324 2162 1512 2233 θρόνον
1558 2156 2040 2226 άναϐιϐαζομίνας

467 2263 769 2330 ἐκκλησίας
833 2258 1130 2331 προστάξει
1209 2256 1489 2327 βασιλικῇ,
1553 2253 1645 2305 καὶ
1713 2251 1812 2319 τῆς
1871 2248 2038 2318 τιμῆς

468 2355 754 2423 ἀξιοῦσθαι
782 2351 980 2423 χρεὼν,
1008 2352 1100 2404 καὶ
1138 2350 1237 2412 τὰς
1269 2348 1483 2417 ψήφους
1527 2346 1584 2398 ὲν
1614 2341 1767 2412 ἀδείᾳ
1808 2338 2040 2410 προϐαίο

467 2467 582 2502 νειν
615 2447 756 2501 κατὰ
786 2447 876 2498 τὸν
910 2449 966 2499 ὲν
1000 2448 1065 2514 τῇ
1092 2441 1318 2511 Μεγάλῃ
1347 2436 1649 2506 Ἐκκλησία
1681 2432 2035 2504 παρηκολου-

470 2540 677 2610 θηκότα
714 2539 883 2592 τύπον
914 2536 1198 2591 κανονικὸν
1226 2533 1335 2588 τῶν
1377 2527 1789 2602 μητροπολιτῶν
1822 2526 2032 2578 συνιόν-

468 2651 601 2697 των,
628 2632 727 2686 καὶ.
768 2628 1236 2700 ἀρχιεπισκόπους
1285 2625 1379 2676 καὶ
1430 2620 1833 2693 μητροπολίτας
1870 2616 2041 2686 ψηφιο

470 2728 738 2796 ζομένων,
777 2725 811 2794 ἥ
865 2740 922 2776 τε
971 2720 1222 2791 βασιλεία
1300 2735 1401 2789 μου
1454 2715 1807 2795 διαγινώσκει
1863 2712 1956 2763 καὶ
2004 2712 2037 2779 η

473 2819 596 2872 θεία
622 2819 716 2871 καὶ
749 2815 867 2882 ἱερὰ
893 2814 1108 2876 σύνοδος
1142 2811 1217 2882 τῷ
1242 2810 1568 2876 διατάγματι
1597 2805 1789 2874 ἕψεται
1828 2805 2037 2872 coda-qr

470 2912 547 2975 ὡς
604 2911 703 2980 τὴν
751 2905 1216 2975 ὲκκλησιαστικὴν
1285 2894 1826 2970 παραφυλαττομένῳ
1880 2893 2043 2963 ἀκρί·

471 3006 644 3067 δειαν,
677 3001 773 3054 καὶ
798 3002 899 3069 τῆς
928 2998 1218 3063 κανονικῆς
1254 2992 1551 3060 εὐθύτητος
1576 2989 1650 3058 μὴ
1696 2986 2037 3039 ἐκπίπτοντι.

484 3094 782 3162 Ἀνάγνωθι
815 3091 908 3145 οὖν
955 3092 1035 3152 είς
1090 3087 1291 3147 πλάτος
1326 3083 1388 3136 τὸ
1437 3080 1678 3134 τοιοῦτον
1722 3076 2036 3149 σημείωμα,

468 3190 565 3240 καὶ
591 3186 711 3239 εἰπὲ
742 3185 877 3253 πρὸς
916 3181 1044 3242 τοὺς
1073 3178 1330 3244 λέγοντας
1375 3174 1465 3235 ὼς,
1498 3172 1548 3223 εἰ
1580 3171 1654 3239 μὴ
1690 3171 1747 3221 ὲν
1789 3167 1867 3236 τῷ
1903 3166 2037 3219 ἀνά-

474 3283 672 3347 γεσθαι
721 3279 819 3344 τὴν
862 3270 1169 3341 ἐπισκοπὴν
1221 3269 1301 3330 εἰς
1352 3263 1687 3335 μητρόπολιν
1719 3261 1750 3330 ἢ
1786 3261 2040 3329 ἀρχιεπι-

475 3373 687 3439 σκοπὴν
712 3368 983 3439 προστεθῇ
1026 3364 1178 3433 παρὰ
1215 3363 1314 3427 τῆς
1361 3355 1643 3428 βασιλικῆς
1691 3352 1936 3416 ἐξουσίας
1981 3349 2039 3402 τὸ

473 3468 573 3529 τὰς
621 3465 834 3533 ψήφους
876 3459 1082 3513 τούτων
1114 3453 1361 3524 γίνεσθαι
1403 3451 1541 3503 κατὰ
1587 3446 1903 3517 προτροπὴν
1934 3462 2039 3495 πα-

470 3556 818 3627 τριαρχικὴν.
853 3551 881 3602 ὁ
919 3551 1039 3604 κατ’
1077 3546 1339 3616 ἀλήθειαν
1391 3538 1797 3613 μητροπολίτης
1845 3535 2040 3605 ποήσει

472 3653 573 3721 τὴν
603 3650 784 3719 ψῆφον
813 3644 993 3699 αὐτῶν
1016 3660 1032 3674 ·
1063 3642 1222 3694 τοῦτο
1252 3639 1359 3708 γὰρ
1388 3634 1717 3705 φυλάττεται
1751 3632 1845 3683 καὶ
1876 3631 2041 3698 μέχρι

473 3745 571 3797 τοῦ
610 3741 706 3794 νῦν
747 3741 825 3801 εἰς
855 3738 946 3789 τὸν
990 3729 1371 3801 οἰκουμενικὸν
1419 3726 1760 3796 πατριάρχην
1799 3739 2042 3792 χειροτο-

475 3836 735 3904 νούμενον
784 3829 935 3897 παρὰ
982 3826 1076 3878 τοῦ
1118 3821 1467 3892 Ἡρακλείας,
1497 3818 1584 3870 διὰ
1634 3816 1694 3869 τὸ
1750 3808 1891 3866 εἶναι
1944 3812 2042 3882 τὴν

477 3921 1049 3982 Κωνσταντινούπολιν
1084 3918 1201 3988 ἢτοι
1241 3912 1539 3976 Βυζάντιόν
1579 3924 1709 3961 ποτε
1742 3905 1837 3959 τοῦ
1877 3903 2046 3973 Ἦρα-

476 4022 664 4076 κλείας
702 4016 1007 4083 ὲπισκοπήν
1033 4030 1045 4041 ’
1074 4012 1158 4064 ὅτι
1195 4008 1303 4062 ἀπὸ
1336 4006 1428 4059 τοῦ
1461 4001 1701 4055 τοιούτου
1732 3995 2043 4083 σημειὼμα-

476 4133 569 4178 τος
602 4115 751 4166 πᾶσα
801 4107 1026 4174 τοιαύτη
1071 4098 1412 4166 δικαιολογία
1451 4094 1838 4165 περιαιρεῖται,
1875 4089 1968 4141 καὶ
2015 4090 2044 4141 ὁ

478 4196 1107 4259 Κωνσταντινουπόλεως
1145 4193 1256 4246 Δοὐκ
1303 4191 1362 4257 ἐξ
1428 4188 1675 4255 ἀνάγκης
1738 4180 1890 4251 παρὰ
1945 4177 2039 4231 τοῦ

488 4296 816 4367 Ἡρακλείαις
843 4289 1250 4361 χειροτονεῖται.
1279 4282 1521 4351 Εὕρηται
1555 4278 1665 4347 γὰρ
1706 4274 1799 4329 καὶ
1837 4272 2047 4367 Στέφα-

478 4411 569 4456 νος
593 4396 620 4446 ὁ
652 4388 879 4456 ἀδελφὸς
930 4384 1023 4436 τοῦ
1057 4379 1320 4451 βασιλέως
1360 4374 1531 4444 κυροῦ
1566 4371 1791 4431 Λέοντος
1823 4366 1916 4419 τοῦ
1951 4366 2044 4416 Σο-

479 4484 582 4555 φοῦ
611 4479 953 4551 πατριάρχης
975 4490 1253 4545 χειροτονη

2142 1878 2371 1933 dendam
2404 1877 2662 1940 rationes,
2695 1876 2809 1930 haec
2840 1876 2956 1945 ejus
2983 1876 3055 1928 rei
3081 1875 3254 1944 gratia
3286 1887 3541 1943 expresse
3570 1872 3712 1926 dicta

2142 1956 2375 2034 sunt,‘et
2413 1968 2553 2038 quod
2584 1966 2870 2022 universali
2912 1966 3145 2033 ratione,
3176 1978 3231 2019 et
3272 1964 3594 2035 generaliter
3620 1979 3715 2017 ex-

2141 2063 2316 2131 posita
2366 2061 2753 2131 diSpositione,
2809 2059 3069 2135 ecclesias
3124 2073 3245 2129 qua:
3303 2057 3548 2127 jussione
3608 2057 3710 2109 im-

2141 2164 2313 2223 perat.
2392 2153 2446 2208 in
2499 2152 2744 2208 altiorem
2802 2152 3054 2207 thronum
3139 2150 3456 2221 eriguntur,
3508 2149 3714 2204 honore

2141 2259 2355 2315 quoque
2382 2245 2572 2315 dignas
2604 2245 2816 2301 censeri
2843 2252 3111 2316 oporteat,
3143 2255 3197 2300 et
3225 2245 3516 2299 electiones
3545 2243 3711 2298 libere

2142 2338 2429 2408 procedere
2466 2353 2533 2393 ex
2578 2337 2750 2393 forma
2789 2324 3068 2399 canonica,
3125 2352 3245 2407 quae.
3281 2335 3334 2390 in
3378 2334 3564 2401 Magna
3607 2335 3711 2388 Ec-

2141 2432 2305 2486 clesia
2331 2440 2618 2486 consecuta
2646 2437 2748 2493 est,
2777 2429 3207 2498 metropolitauis
3226 2429 3702 2489 convenientibus,

2141 2534 2196 2579 et
2254 2524 2689 2594 archiepiscopos
2753 2537 2818 2579 ac
2874 2522 3314 2591 metropolitanos
3360 2523 3708 2592 eligentihus,

2140 2619 2282 2688 quod
2310 2628 2364 2702 et
2393 2619 2523 2689 imp.
2557 2633 2672 2673 mea
2703 2617 3006 2672 sublimitas
3039 2618 3298 2679 decernit,
3330 2626 3384 2672 et
3412 2618 3549 2671 hanc
3584 2634 3715 2671 cun-

2142 2711 2473 2766 stitutionem
2500 2709 2675 2765 divina
2704 2719 2758 2765 et
2788 2720 2973 2765 sancta
3010 2725 3223 2780 quoque
3251 2719 3509 2777 sequetur
3548 2725 3715 2777 syno-

2142 2804 2271 2871 dus;
2305 2814 2362 2859 ιιι
2387 2819 2507 2873 qure
2548 2804 2973 2859 ecclesiasticum
3020 2803 3181 2856 ritum
3214 2816 3475 2855 accurare
3512 2809 3713 2861 servet,

2141 2904 2196 2949 et
2226 2910 2253 2947 a
2290 2895 2549 2948 canonica
2597 2892 2920 2947 rectitudine
2959 2907 3063 2945 non
3116 2891 3351 2945 excidat.
3398 2889 3538 2959 Lege
3582 2906 3725 2956 ergo

2141 2984 2501 3039 diifnsehanc
2533 2982 2995 3045 constitutionem,
3047 2991 3101 3036 et
3144 2983 3228 3036 dic
3268 2981 3335 3036 iis
3386 2983 3475 3051 qui
3530 2981 3718 3035 dicunt

2142 3076 2305 3146 quod,
2344 3077 2449 3131 nisi
2493 3076 2617 3130 dum
2652 3075 2878 3145 erigitur
2909 3074 3250 3143 episcopatus
3291 3074 3342 3127 in
3372 3073 3711 3141 metropolim

2146 3171 2230 3225 vel
2279 3170 2822 3240 archiepiscopatum,
2882 3170 2948 3223 ab
2981 3169 3247 3237 imperial.
3298 3178 3575 3235 potestate,
3611 3168 3707 3220 a-l-

2141 3261 2342 3331 jectum
2394 3259 2573 3323 fuerit,
2626 3273 2814 3314 eorum
2864 3259 3162 3313 electiones
3190 3260 3535 3327 patriarchali
3588 3274 3711 3313 sua-

2147 3354 2296 3407 sione
2322 3362 2376 3407 et
2425 3352 2744 3405 auctoritate
2776 3351 2972 3406 debere
3012 3351 3148 3412 fieri,
3202 3366 3358 3406 verus
3398 3352 3713 3429 metropoli;

2149 3453 2303 3498 tauus
2326 3458 2512 3498 eorum
2537 3443 2853 3498 electionem
2884 3442 3063 3499 faciet.
3097 3442 3210 3497 Hoc
3241 3442 3386 3497 enim
3418 3443 3583 3496 etiam
3614 3432 3731 3495 hu-i

2148 3547 2350 3601 cusque
2392 3543 2639 3588 servatur
2680 3534 2732 3586 iu
2780 3533 3068 3588 universali
3117 3534 3447 3601 patriarcha,
3495 3536 3584 3604 qui
3646 3537 3714 3586 ab
3742 3564 3749 3597 χ

2150 3623 2419 3679 Heracleae
2465 3626 2868 3695 archiepiscopo
2917 3625 3215 3689 ordinatur,
3259 3625 3512 3693 quoniam
3556 3625 3717 3680 fuerit
3752 3646 3755 3649 λ

2148 3715 2939 3787 aliquandoConstantinopolis
2973 3716 3088 3770 sive
3113 3715 3423 3786 Byzantium
3444 3716 3712 3772 Heracleae
3740 3734 3741 3737 ‘

2147 3810 2403 3864 antistitis
2430 3807 2768 3876 episcopatus
2801 3827 2814 3864 :
2859 3807 2963 3870 dic,
2995 3808 3231 3876 inquam,
3258 3808 3400 3878 quod
3434 3810 3533 3862 hac
3577 3824 3707 3863 cou-
3728 3826 3733 3877 ρ

2149 3900 2426 3955 stitutione
2457 3899 2634 3953 omnis
2661 3899 2800 3968 juris
2827 3900 3049 3953 omnino
3073 3898 3325 3968 allegatio
3356 3899 3578 3962 tollitur,
3612 3886 3729 3954 neci

2153 3990 2785 4058 Constantinopolitanus
2832 3991 3140 4045 necessario
3175 3990 3243 4043 ab
3285 3990 3552 4045 Heracleae
3597 3974 3729 4060 epi-l

2150 4097 2314 4151 scepo
2344 4083 2643 4136 ordinatur.
2674 4082 2955 4135 Inventum
2984 4092 3066 4135 est
3110 4084 3252 4136 enim
3281 4085 3440 4137 etiam
3481 4076 3719 4153 Stephaé

2152 4175 2421 4243 numZimp.
2442 4174 2642 4229 domini
2666 4172 2858 4227 Leonis
2878 4171 3149 4242 Sapientis
3166 4173 3384 4227 fratrem
3403 4165 3726 4230 ordinatum

2108 4294 2113 4301 ι
2154 4267 2318 4321 fuisse
2347 4264 2883 4331 Constantinopoleos
2914 4265 3276 4333 patriarcbam
3304 4265 3465 4335 128
3489 4281 3517 4319 a
3543 4250 3740 4341 Theo-

2153 4347 2329 4428 phane
2366 4356 2774 4426 metropolitano
2820 4355 3096 4409 Cmsarete.
3156 4354 3217 4407 Et
3268 4360 3451 4424 paucis
3519 4348 3729 4412 abhinc“.

1260 4469 1372 4530 θεὶς
1397 4458 2041 4520 Κωνσταντινουπόλεως,

2153 4451 2307 4504 anuis
2334 4448 2593 4503 Leontius
2621 4465 2647 4500 τι
2684 4447 2955 4501 Demetrio
2986 4448 3241 4501 (1:93aer
3268 4449 3693 4517 metropolitano.
3738 4458 3743 4507 ἱ

479 4522 1400 4648 Egesta-9:35;;“pgz'peno'atceu
1441 4554 1795 4624 Καισαρείας,
1858 4551 1952 4604 καὶ¹
2013 4545 2118 4615 πρὸ
2155 4542 2354 4609 ὀλίγων
2404 4541 2613 4611 χρόνων
2670 4542 2698 4593 ὁ
2748 4538 2999 4600 Λεόντιος
3056 4538 3207 4608 παρὰ
3261 4540 3574 4608 Δημητρίου
3621 4522 3745 4592 τος

440 4724 443 4731 η
483 4671 843 4743 Καισαρείας.

450 4746 451 4749 Ἴ
557 4739 800 4822 ΖΩΝΑΡ.
855 4754 1172 4812 Ἐπίσκοποί
1216 4768 1381 4813 τινες,
1412 4748 1500 4801 διὰ
1540 4740 1911 4821 φιλοπριιιτίαν
1956 4739 2048 4791 καὶ

484 4860 777 4934 φιλαρχίαν
809 4853 1126 4927 προσιόντες
1166 4850 1277 4910 τοῖς
1340 4842 1619 4916 βασιλεῦσι
1671 4839 1759 4893 διὰ
1812 4854 2050 4934 προστα-

493 4927 725 5025 γμάτων
756 4947 1048 5017 ἐγγράφων
1068 4961 1081 4973 ·
1112 4941 1282 4994 ταῦτα
1311 4937 1417 5005 γάρ
1436 4938 1541 4987 εἰσι
1564 4932 1630 4985 τά
1653 4927 2012 5025 πραγματικά
2035 4943 2048 4956 ’

481 5020 709 5121 ᾗτούντο
730 5042 825 5105 τὰς
850 5042 1059 5099 οἰκείας
1084 5028 1390 5091 ὲπισκοπὰς
1419 5029 1486 5097 τῇ
1519 5024 1627 5121 τῶν
1662 5020 2052 5121 μητροπόλεων

479 5108 786 5206 τιμηθῆναι
840 5128 1074 5198 κλήσειο
1131 5122 1206 5183 ὠς
1270 5118 1412 5172 οὕτω
1473 5114 1794 5183 συμὸαίνειν
1845 5112 1924 5172 εἰς
1962 5108 2056 5158 δύο

481 5202 759 5298 δέαρχίας
807 5224 907 5294 τὴν
958 5218 1084 5291 μίαν
1139 5210 1479 5298 μερίζεσθαι,
1540 5209 1634 5298 και
1690 5206 1749 5298 ἐν
1793 5202 2052 5298 τῇλαύτῇ

485 5293 732 5390 ina-pii;
766 5293 871 5368 δύο
911 5306 1312 5383 μητροπολίτας
1359 5297 1518 5390 εἶναι,
1549 5297 1644 5350 καὶ
1677 5293 1819 5390 οὕτω
1873 5293 2058 5390 διαφί-

486 5383 674 5482 ρεσθάι
704 5383 791 5461 in.)
806 5406 951 5472 ἡλοις
997 5402 1122 5463 τοὺς
1150 5400 1246 5468 τῆς
1274 5384 1543 5463 ἐπαρχίας
1584 5386 1799 5482 ἐκείνης
1824 5383 2055 5482 ’ἐπισκό-
2130 5423 2143 5437 ,

490 5472 649 5562 πους.
684 5499 862 5562 Ὅπερ
897 5490 1024 5545 ποτὲ
1084 5489 1179 5542 καὶ
1206 5488 1263 5539 ὲν
1285 5486 1350 5554 τῇ
1399 5476 1779 5535 Καππαδοκῶν
1821 5472 2060 5543 ἐπαρχίᾳ

495 5592 834 5663 συμϐέϐηκε,
863 5586 960 5655 τῆς
996 5581 1205 5643 πόλεως
1227 5580 1334 5631 τῶν
1361 5573 1584 5628 Τυάνων
1620 5570 1744 5663 νέας
1784 5565 2062 5663 μητροπόῖ

491 5687 629 5747 λεως
676 5678 997 5751 γενομένης,
1023 5676 1098 5737 ὡς
1160 5675 1187 5726 ὁ
1233 5670 1303 5723 Θε

496 5749 771 5845 ἐπιταφίῳ
830 5769 924 5826 τοῦ
979 5764 1212 5838 μεγάλου
1261 5757 1542 5815 Βασιλείου
1589 5750 1864 5825 φησί.Διὰ
1889 5749 2060 5803 ταῦτα

2226 4729 2476 4787 ZONAB.
2500 4727 2804 4793 Principent
2832 4725 3105 4793 dignitatis
3136 4723 3308 4777 locum
3332 4726 3567 4794 episcopi
3599 4742 3717 4793 qui-

2150 4826 2271 4880 dam
2307 4821 2586 4875 ambitiose
2607 4816 2941 4879 affectantes,
2964 4818 3316 4884 imperatores
3346 4816 3515 4881 adire,
3550 4828 3711 4883 atque

2155 4926 2213 4970 ut
2253 4915 2430 4969 edicto
2461 4926 2581 4976 suo,
2618 4909 2760 4979 quod
2814 4908 2903 4963 hic
2961 4909 3279 4979 pragmatici
3342 4908 3450 4978 typi
3499 4910 3716 4960 nomine

2154 5008 2468 5065 intellexere
2508 5003 2717 5069 Patres,
2751 5003 2985 5069 ipsorum
3030 5001 3424 5070 episcopalibus
3454 4999 3713 5053 honorem

2156 5099 2515 5170 metropoleos
2554 5102 2889 5159 decerneret,
2920 5094 3171 5163 precibus
3202 5093 3269 5145 ab
3298 5105 3361 5144 eo
3391 5089 3720 5144 contendere

2157 5192 2297 5247 soliti
2326 5198 2473 5245 sunt.
2510 5186 2647 5242 Hinc
2680 5186 2901 5248 factum,
2927 5192 2986 5236 ιιι
3015 5183 3068 5236 in
3102 5181 3237 5236 duas
3264 5179 3571 5248 provincias
3600 5196 3709 5235 una

2159 5284 2506 5345 divideretur,
2536 5280 2775 5346 duosque
2812 5274 2997 5329 eadem
3039 5271 3311 5342 provincia
3345 5272 3715 5341 metropolita-

2162 5389 2275 5435 uos,
2302 5382 2354 5424 et
2373 5370 2586 5440 quidem
2614 5365 2820 5422 crebris
2849 5365 2917 5417 ob
2941 5363 3168 5430 idipsum
3196 5362 3457 5426 dissidiis,
3491 5372 3715 5416 conten-

2159 5464 2497 5532 tionibusque
2526 5460 2813 5515 distractos
2842 5455 3087 5510 haberet.
3118 5453 3271 5522 Quod
3318 5462 3373 5507 et
3412 5456 3464 5506 iu
3503 5453 3713 5522 Cappa-

2158 5562 2349 5615 docum
2385 5552 2658 5625 provincia
2698 5551 2991 5619 quondam,
3037 5548 3298 5617 Gregorio
3337 5546 3608 5616 Theolugo
3659 5549 3711 5601 in

1308 5668 1493 5734 ολόγος
1548 5661 1847 5734 Γρηγόριος
1871 5660 1927 5710 ἐν
1988 5657 2044 5726 tt}

2161 5651 2430 5722 epitaphio
2453 5646 2629 5717 magni
2658 5641 2835 5697 Basilii
2870 5639 3157 5707 referente,
3183 5656 3305 5694 cum
3331 5641 3544 5709 'l‘yanea
3574 5654 3708 5693 nova

2166 5740 2473 5810 metropolis
2500 5738 2790 5794 constituta
2815 5742 2976 5801 esset,
3006 5731 3204 5788 evenit.
3240 5731 3526 5801 Pwptcrea
3562 5743 3717 5785 cauo-
