4138 6210
490 1139 503 1171 l

512 401 624 466 νισι

1771 390 2047 454 THEOD.
2082 378 2482 456 BALSAMON

3644 392 3748 457 432

520 530 667 586 opus
688 521 768 567 est
798 527 814 564 :
852 510 931 563 hie
962 506 1103 562 enim
1132 502 1455 573 presbyteris
1480 511 1533 558 et
1561 502 1802 558 diaconis
1856 513 1909 557 et
1951 502 2076 557 reli-

2213 506 2280 559 ύκ
2308 506 2523 577 ἔχουσιν
2548 522 2561 536 ·
2595 498 2751 558 αὗται
2776 505 2881 575 γὰρ
2904 503 3315 577 πρεσϐυτέροις,
3341 503 3437 558 καὶ
3462 502 3751 569 διακόνοις,

521 608 643 675 quis
669 602 879 659 clericis
908 596 1254 654 exhibentur.

1109 709 1339 767 CANON
1378 708 1493 763 Xll.

527 808 773 864 Pervenit
806 807 873 859 ad
894 820 1021 867 .nos,
1060 804 1199 872 quod
1250 802 1492 872 quidam,
1553 818 1669 854 cum
1719 810 1909 867 pra’ter
1950 801 2085 855 ritus

594 895 967 953 ecclesiasticos
999 893 1065 945 ad
1096 901 1396 959 potentatus
1421 893 1783 953 accessissent,
1808 906 1900 957 per
1960 906 2087 959 pra-

595 989 851 1059 gmaticas
880 1002 1040 1039 unam
1069 984 1393 1053 provinciam
1437 984 1492 1036 in
1522 985 1655 1036 duas
1684 982 1963 1036 diviserunt
1988 998 2005 1035 :
2032 992 2089 1036 ut

486 1096 500 1142 ξ
599 1099 663 1134 ea.
688 1096 749 1133 eo
766 1085 869 1132 duo
898 1085 1065 1131 essent
1098 1074 1486 1142 metropolitani
1519 1075 1571 1127 in
1601 1074 1781 1127 eadem
1797 1074 2085 1140 prouincia.

483 1167 504 1236 ’ξ
598 1172 792 1227 Statuit
828 1185 951 1239 ergo
976 1178 1158 1221 sancta
1190 1168 1442 1235 synodus,
1467 1182 1528 1219 ne
1556 1167 1826 1235 episcopus
1851 1167 2090 1233 deinceps

491 1256 503 1323 ἶ
600 1266 706 1319 tale
741 1265 864 1334 quid
902 1263 1091 1314 audeat
1119 1275 1137 1313 :
1170 1260 1417 1327 quoniam
1441 1260 1609 1327 is,qui
1637 1260 1733 1312 hoc
1762 1259 2089 1328 aggreditur,

494 1341 499 1359 ’
600 1374 631 1409 ιι
659 1371 753 1409 suo
780 1353 949 1424 gradu
990 1352 1207 1404 excidit.
1258 1350 1589 1419 Quaecunque
1636 1365 1810 1403 autem
1855 1351 2092 1403 civitates

597 1464 689 1515 per
746 1448 947 1499 litteras
1006 1444 1132 1510 imp.
1198 1442 1494 1509 metropolis
1559 1443 1763 1495 nomine
1823 1442 2093 1497 honorata:

596 1550 737 1603 sunt,
773 1534 883 1590 s'olo
933 1537 1126 1587 honore
1162 1533 1434 1602 fruantur,
1470 1543 1516 1585 et
1547 1534 1636 1602 qui
1670 1535 1784 1601 ejus
1820 1535 2093 1590 ecclesiam

602 1631 939 1684 administrat
965 1630 1257 1698 episcopus,
1303 1625 1519 1679 servatis
1555 1626 1761 1679 scilicet
1815 1642 1945 1679 vera:
1987 1643 2095 1679 me-

601 1724 791 1787 tropoli
831 1722 941 1774 suis
977 1719 1210 1788 juribus.

2188 601 2282 653 καὶ
2312 601 2421 663 τοῖς
2447 599 2651 662 λοιποῖς
2681 601 2793 661 τοῖς
2827 600 2886 649 ὲν
2915 598 3101 669 κλήρῳ
3125 597 3476 668 παρέχονται.

2366 764 2374 772 ,
2772 709 3011 764 ΚΑΝΩΝ
3064 706 3163 763 IB'.

2193 797 2407 860 Ἦλθεν
2434 807 2520 869 εις
2549 801 2703 872 ἡμᾶς
2735 801 2815 869 ὣς
2844 820 3026 868 τινες,
3051 801 3209 869 παρὰ
3242 801 3382 868 τοὺς
3413 805 3751 871 ἐκκλησιασ-

2261 894 2506 961 στικοὺς
2539 895 2797 963 θεσμοὺς
2823 892 3310 961 προσδραμόντες
3340 892 3753 960 δυναστείαις,

2261 984 2358 1040 διὰ
2386 985 2806 1054 πραγματικὴ·
2839 984 2955 1053 τὴν
2983 985 3126 1048 μίαν
3173 984 3470 1053 ἐπαρχίαν
3504 988 3614 1051 εις.
3645 987 3758 1040 δύο

2262 1076 2584 1146 κατέτεμον
2610 1093 2623 1107 °
2677 1077 2756 1142 ὡς
2799 1077 2870 1129 ἐκ
2918 1078 3132 1130 τούτου
3167 1075 3277 1130 δύο
3317 1079 3762 1145 μητροπολίτας

2264 1165 2415 1221 εἶναι
2447 1169 2517 1220 ἐν
2566 1166 2639 1236 τῇ
2689 1162 2841 1236 αὐτῇ
2880 1168 3156 1237 ἐπαρχίᾳ.
3193 1170 3439 1236 Ὠρισεν
3481 1171 3690 1225 τοίνυν
3720 1174 3760 1240 ἡ

2267 1260 2405 1328 ἁγία
2431 1257 2690 1325 σύνοδος
2716 1259 2823 1312 τοῦ
2852 1258 3069 1333 λοιποῦ
3120 1259 3311 1328 μηδὲν
3343 1260 3575 1315 τοιοῦτο
3629 1269 3766 1316 τολ-

2263 1350 2489 1421 μᾶσθαι
2538 1353 2696 1419 παρὰ
2742 1353 3116 1406 ἐπισκόπου·
3172 1353 3301 1407 ἐπεὶ
3362 1356 3470 1409 τὸν
3528 1357 3766 1410 τοιοῦτο

2268 1443 2684 1509 ἐπιχειροῦντα
2758 1444 3070 1497 ἐκπίπτειν
3139 1443 3244 1498 τοῦ
3280 1445 3434 1500 ἰδίου
3498 1447 3765 1516 βαθμοῦ.

2271 1535 2446 1587 Ὅσαι
2479 1535 2545 1587 δὲ
2582 1534 2698 1603 ἤδη
2720 1536 2935 1602 πόλεις
2972 1536 3070 1590 διὰ
3116 1538 3474 1606 γραμμάτων
3510 1542 3760 1604 ,βασιλι-
3794 1577 3807 1590 ,

2271 1627 2395 1681 κῶν
2428 1627 2507 1692 τῷ
2526 1626 2637 1692 τῆς
2653 1630 3072 1696 μητροπόλεως
3099 1629 3475 1697 ἐτιμήθησαν
3504 1633 3767 1701 ὀνόματι,

2262 1723 2456 1787 μόνης
2500 1720 2975 1774 ἀπολαυέτωσαν
3027 1720 3136 1787 τῆς
3182 1722 3380 1791 τιμῆς,
3430 1724 3529 1777 καὶ
3571 1728 3603 1778 ό
3649 1725 3767 1793 τὴν

597 1816 931 1884 ἐκκλησίαν
989 1810 1176 1878 αὐτῆς
1248 1807 1487 1863 διοικῶν
1543 1812 1901 1876 ἐπίσκοπος,
1963 1808 2309 1879 σωζομένων
2363 1814 2651 1882 δηλονότι
2719 1814 2792 1883 τῇ
2844 1816 2973 1869 κατ’
3055 1816 3350 1885 ἀλήθειαν
3398 1822 3770 1886 μητροπόλει

598 1908 716 1964 τῶν
748 1910 979 1963 οἰκείων
1007 1908 1271 1960 δικαίων.

601 2001 792 2057 BALS.
814 1999 1111 2069 lmperialia
1140 2000 1308 2069 jussa,
1332 2000 1645 2069 pragmatici
1684 2000 1791 2070 typi
1815 2000 2089 2057 dicuntur.

2278 1999 2472 2052 ΒΔΛΣ.
2512 1998 2592 2053 Τὰ
2633 1997 2894 2068 βασιλικὰ
2946 2000 3349 2070 προστάγματα
3394 2016 3744 2070 πραγματικο

532 2097 671 2150 Dicit
706 2109 833 2164 ergo
867 2107 1061 2155 canon,
1092 2092 1234 2160 quod
1262 2094 1518 2160 quoniam
1548 2094 1786 2147 nonnulli
1829 2096 2089 2165 episcopi,

532 2196 752 2259 propter
788 2185 1083 2255 imperandi
1111 2184 1486 2252 cupiditatem,
1534 2184 1665 2254 imp.
1698 2186 1942 2254 jussione
1970 2203 2101 2241 con-

534 2281 843 2341 tenderunt,
872 2287 928 2329 ιιι
954 2274 1485 2343 metropolitanorum
1520 2275 1719 2331 honore
1740 2276 2098 2345 adicerentur,

532 2379 587 2425 et
619 2385 684 2423 ex
713 2382 778 2422 eo
808 2367 1140 2436 provinciam
1178 2381 1338 2419 unam
1369 2367 1421 2420 in
1468 2368 1602 2422 duos
1654 2368 2099 2438 tnetropolitanos

534 2460 850 2522 diviserunt,
892 2458 1085 2526 deponi
1122 2456 1347 2520 debent,
1398 2472 1500 2511 non
1546 2459 1722 2513 solum
1769 2459 1814 2513 is
1855 2461 1946 2529 qui
1991 2463 2099 2515 tale

536 2550 845 2605 mandatum
888 2548 1165 2618 imperiale
1197 2548 1575 2617 acquisiverit,
1631 2551 1725 2605 sed
1765 2562 1820 2605 et
1861 2553 1951 2621 qui
1996 2553 2101 2608 tale

534 2643 659 2713 quid
688 2640 902 2710 aggredi
926 2654 1089 2693 ausus
1113 2639 1289 2694 fuerit.
1322 2640 1476 2709 127
1503 2638 1604 2695 Eas
1623 2652 1796 2695 autem
1828 2624 2109 2711 ecclesias,

535 2748 655 2802 quae
686 2743 807 2785 ante
834 2741 1147 2799 praesentem
1191 2744 1450 2783 cauonem
1489 2744 1553 2783 ex
1596 2728 1886 2798 episcopali
1935 2729 2111 2801 digni-

537 2839 647 2883 tate
678 2826 1052 2896 metrOpolium
1083 2825 1287 2879 honore
1317 2822 1687 2893 imperialibus
1707 2821 1878 2892 jussis
1900 2822 2108 2876 affectae

537 2930 687 2984 sunt,
722 2920 896 2974 solum
933 2920 1189 2972 honorem
1237 2917 1436 2971 habere
1464 2917 1688 2978 statuit,
1742 2927 1924 2983 utp0te
1962 2914 2106 2983 quod

2204 2091 2361 2145 τύποι
2396 2092 2643 2159 λέγονται
2669 2106 2682 2119 ⁸
2710 2092 2843 2160 φησι
2882 2091 3012 2159 γοῦν
3053 2094 3080 2144 ό
3103 2091 3303 2162 κανὼν,
3325 2093 3419 2156 ὡς,
3446 2093 3568 2145 ἐπεί
3617 2111 3761 2157 τινες

2204 2185 2493 2238 ἐπίσκοποι
2518 2183 2605 2238 διὰ
2636 2183 2929 2255 φιλαρχίαν
2968 2184 3310 2238 ἐσπούδασαν
3343 2186 3485 2239 κατὰ
3526 2186 3764 2256 πρόστα-

2208 2277 2289 2340 ξιν
2318 2274 2601 2345 βασιλικὴν
2656 2276 2735 2336 είς
2788 2276 3199 2345 μητροπολίτας
3250 2276 3575 2347 τιμηθῆναι,
3635 2280 3770 2331 κάν-

2206 2366 2394 2419 τεῦϋεν
2428 2369 2525 2435 τὴν
2559 2367 2688 2436 μίαν
2723 2366 2994 2437 ἐπαρχίαν
3016 2366 3209 2420 διεῖλον
3232 2367 3314 2430 είς
3358 2369 3775 2437 μητροπολίτας

2206 2459 2325 2526 δύο,
2356 2459 2634 2528 ὀφείλουσι
2687 2459 3075 2530 καθαιρεῖσθαι
3131 2463 3207 2530 μὴ
3247 2461 3406 2529 μόνος
3463 2463 3491 2514 ὁ
3541 2461 3775 2527 πορισά-

2212 2569 2370 2622 μενος
2392 2551 2491 2621 τὴν
2522 2550 2782 2621 τοιαύτην
2818 2549 3140 2622 πρόσταξιν,
3177 2552 3317 2606 ἀλλὰ
3367 2554 3518 2607 καὶὸ
3567 2553 3774 2623 τολμή-

2207 2660 2318 2697 σων
2348 2643 2587 2697 τοιοῦτόν
2631 2661 2692 2696 τι
2732 2645 3105 2714 ἐπιχειρῆσαι.
3144 2643 3254 2708 Τὰς
3305 2645 3488 2714 μέντοι
3538 2645 3645 2715 πρὸ
3680 2646 3775 2697 τοῦ

2206 2739 2471 2807 παρόντος
2512 2734 2733 2799 κανόνος
2778 2736 3100 2804 τιμηθείσας
3150 2734 3447 2805 ἐκκλησίας
3489 2738 3596 2789 ἀπὸ
3656 2738 3777 2788 ἑπι-

2206 2830 2425 2883 σκοπῶν
2455 2832 2535 2892 εἰς
2577 2828 2937 2899 μητροπόλεις
2967 2828 3108 2880 κατὰ
3146 2827 3443 2896 πρόσταξιν
3470 2828 3762 2897 βασιλικὴν

2204 2924 2500 2993 διορίζεται
2556 2921 2700 2991 ἔχειν
2750 2919 2917 2988 μόνην
2966 2922 3063 2986 τὴν
3110 2918 3298 2990 τιμὴν,
3329 2918 3403 2981 ὡς
3429 2924 3537 2973 τῶν
3567 2921 3774 2973 λοιπῶν

530 3014 741 3080 reliqua
764 3010 909 3080 jura,
940 3024 1058 3077 qua:
1084 3006 1191 3062 illis
1224 3010 1441 3073 adsum,
1482 3006 1631 3062 vera".~
1651 3006 1930 3076 metropoli
1962 3008 2098 3061 citra

2211 3015 2427 3068 δικαίων
2449 3013 2556 3066 τῶν
2586 3012 2898 3081 προσόντων
2927 3010 3011 3063 ἐπ’
3038 3010 3227 3073 αὑταῖς
3251 3013 3318 3081 τῇ
3348 3011 3487 3063 κατᾶ
3512 3012 3775 3081 ἀλήθειαν

537 3105 699 3160 ullam
724 3102 1125 3156 innovationem
1161 3114 1379 3153 manere
1418 3101 1672 3154 debeant.
1735 3098 1859 3153 [haec
1899 3113 2021 3153 cum
2075 3114 2104 3152 a

538 3208 745 3251 canone
777 3194 1110 3256 statuantur,
1152 3190 1354 3244 dixerit
1391 3190 1658 3259 quispiam
1681 3228 1695 3251 ,
1743 3189 1806 3243 Et
1836 3190 2108 3257 quomodo

539 3283 787 3355 permulti
820 3283 1173 3350 imperatores
1201 3280 1500 3349 permultos
1534 3282 1873 3350 episcopatus
1904 3291 2107 3335 metro-

542 3375 741 3446 pelium
776 3378 979 3429 honore
1005 3373 1335 3427 affecerunt?
1366 3370 1484 3427 lam
1512 3375 1654 3427 enim
1683 3370 2106 3428 Lacedaemoniae

544 3466 860 3535 metropolis
918 3475 1037 3519 erat
1090 3464 1434 3534 episcopatus
1497 3473 1739 3518 veterum
1802 3462 2105 3527 Patrarum,

540 3554 739 3611 )ladita
770 3553 1069 3618 Heracleae,
1106 3554 1323 3623 Abydus
1352 3553 1553 3624 Cyzici.
1604 3550 1669 3604 Et
1700 3553 1788 3605 alii
1816 3553 1977 3606 etiam
2002 3553 2113 3619 epi-

544 3658 797 3715 scopatus
844 3644 1092 3698 honorati
1139 3630 1284 3697 sunt.
1329 3644 1453 3697 Mihi
1500 3658 1627 3711 ergo
1674 3641 1884 3695 videtur
1929 3655 1996 3694 ex
2044 3639 2112 3694 '58

545 3754 672 3790 can.
703 3751 824 3807 syn.
857 3739 912 3790 in
940 3735 1144 3798 'l‘rullo,
1174 3745 1229 3788 et
1260 3734 1325 3787 17
1358 3751 1479 3788 can.
1514 3735 1789 3804 praesentis
1810 3748 1930 3803 syn.
1964 3736 2113 3801 ejus-

548 3830 689 3884 modi
742 3830 855 3881 tieri
900 3822 969 3881 ab
1019 3828 1433 3896 imperatoribus
1478 3827 1773 3879 divisiones
1817 3826 2111 3880 secundum

547 3929 869 3991 potestatem
922 3920 1032 3975 illis
1078 3935 1311 3990 superne
1364 3918 1561 3971 datam.
1636 3915 1927 3986 Propterea
1968 3917 2111 3970 enim

546 4010 708 4067 etiam
730 4010 963 4066 exolevit
987 4011 1021 4065 5
1070 4020 1230 4081 caput
1260 4008 1491 4077 primum
1520 4008 1602 4062 tit.
1628 4007 1662 4060 5
1709 4006 1805 4061 lib.
1830 4004 2108 4062 Basilicor.

550 4105 693 4173 quod
721 4103 1042 4159 collocatum
1074 4110 1158 4157 est
1188 4103 1240 4155 in
1283 4100 1353 4155 ‘20
1370 4115 1488 4170 cap.
1532 4099 1690 4170 primi
1722 4100 1804 4154 tit.
1835 4100 2114 4169 praesentis

2210 3105 2538 3177 μητροπόλει
2554 3104 2876 3173 ὀφειλόντων
2899 3104 3078 3174 μένειν
3099 3104 3573 3172 ἀκαινοτομήτων.
3591 3103 3777 3157 Ταῦτα

2207 3198 2299 3251 τοῦ
2329 3197 2549 3259 κανόνος
2586 3196 2960 3266 διοριζομένου
2999 3194 3130 3265 εἴπῃ
3157 3210 3261 3257 τις,
3290 3194 3398 3247 Καὶ
3435 3196 3551 3258 πῶς
3588 3194 3777 3261 διάφο-

2213 3308 2295 3361 ροι
2324 3288 2560 3360 βασιλεῖς
2606 3289 2894 3357 διαφόρους
2946 3287 3247 3348 ὲπισκοπὰς
3289 3287 3368 3350 είς
3410 3286 3774 3357 μητροπόλεις

2210 3381 2505 3452 ὲτίμησαν;
2535 3381 2738 3433 Αὐτίκα
2783 3382 2889 3449 γὰρ
2921 3381 2954 3449 η
2988 3378 3315 3448 μητρόπολις
3348 3379 3781 3448 Λακεδαιμονίας

2156 3502 2165 3511 -
2211 3471 2484 3541 ὲπισκοπὴ
2511 3467 2580 3542 ἦν
2606 3471 2716 3525 τῶν
2762 3472 3009 3524 παλαιών
3058 3470 3310 3540 Πατρῶν,
3340 3471 3406 3522 τὰ
3437 3470 3652 3522 Μὰδιτα
3679 3473 3780 3538 τῆς

2229 3564 2637 3636 Ἠρακλείας,ή
2673 3561 2897 3626 ’Ἄϐυδος
2939 3563 3036 3631 τῆς
3082 3562 3342 3625 Κυζίκου.
3378 3562 3487 3613 Καὶ
3529 3560 3685 3614 ἄλλαι
3723 3562 3782 3616 δὲ

2211 3656 2507 3709 ἐπισκοπαι
2530 3654 2889 3725 ἐτιμήθησαν.
2929 3653 3145 3707 Ἔοικεν
3181 3648 3273 3707 οὖν
3300 3653 3408 3707 ἀπὸ
3441 3652 3534 3706 τοῦ
3564 3651 3643 3722 λη’
3677 3673 3776 3707 κα-

2212 3748 2359 3810 νόνος
2388 3748 2486 3816 τῆς
2519 3749 2575 3799 ὲν
2626 3746 2702 3816 τῷ
2745 3746 2788 3798 Τ
2792 3744 3001 3816 ρούλλῳ
3038 3744 3283 3811 συνόδου,
3312 3748 3404 3798 καὶ
3451 3745 3545 3798 τοῦ
3579 3747 3640 3811 ιζ’
3679 3764 3778 3800 κα-

2212 3837 2359 3899 νόνος
2408 3838 2508 3904 τῆς
2559 3836 2838 3907 παρούσης
2871 3837 3114 3902 συνόδου,
3144 3838 3271 3899 τοὺς
3305 3836 3581 3901 τοιούτους
3628 3840 3742 3905 γίνε

2217 3927 2338 3981 σθαι
2405 3930 2667 3999 ὁρισμοὺς
2716 3932 2886 4000 ’παρὰ
2950 3930 3058 3982 τῶν
3115 3927 3420 3998 βασιλέων,
3480 3932 3621 3986 κατὰ
3678 3931 3778 4001 τὴν

2213 4020 2460 4074 δοθεῖσαν
2487 4022 2671 4085 αὐτοῖς
2702 4022 2908 4074 ἄνωθεν
2934 4020 3202 4086 ἐξουσίαν.
3230 4024 3329 4077 Διὰ
3366 4025 3475 4094 γὰρ
3503 4024 3661 4078 τοῦτο
3688 4024 3784 4076 καὶ

2215 4113 2537 4182 ὴπράκτησε
2588 4113 2648 4165 τὸ
2687 4118 2734 4181 γ’
2768 4130 2892 4180 κεφ.
2926 4113 3021 4166 τοῦ
3063 4114 3278 4185 πρώτου
3325 4116 3511 4168 τίτλου
3590 4116 3685 4170 τοῦ
3732 4114 3781 4185 γ’

551 4197 751 4265 operis.
803 4196 1057 4263 Quaenam
1088 4205 1267 4248 autem
1291 4193 1573 4267 jurajesse
1601 4192 1795 4245 debent
1823 4192 1965 4260 apud
2003 4195 2105 4261 pri-

2220 4203 2424 4274 βιϐλίου
2471 4203 2581 4258 τῶν
2611 4204 2948 4259 Βατιλικῶν⁹
2978 4208 3117 4276 ὅπερ
3150 4206 3501 4279 κατεστρώθη
3532 4208 3611 4271 εἰς
3640 4209 3699 4261 τὸ
3730 4215 3780 4261 κ’

552 4302 721 4351 mum,
749 4288 957 4340 scilicet
992 4284 1487 4352 metropolitanum,
1537 4281 1590 4335 in
1618 4280 1870 4345 ecclesia,
1901 4298 2018 4350 qua:
2050 4298 2114 4336 ex

2219 4312 2341 4362 κεφ.
2376 4296 2467 4350 τοῦ
2514 4312 2561 4349 α·
2600 4297 2778 4350 τίτλου
2831 4297 2925 4349 τοῦ
2965 4298 3226 4366 παρόντος
3276 4302 3670 4368 συντάγματος.
3702 4301 3787 4354 Τὰ

552 4380 867 4450 episcopatu
919 4383 972 4434 in
1030 4379 1345 4447 metropolis
1399 4379 1718 4447 dignitatem
1772 4386 1957 4431 evecta
2015 4386 2105 4439 est,

2224 4386 2407 4453 μέντοι
2456 4386 2740 4453 ὀφείλοντα
2798 4386 2936 4441 εἶναι
2987 4388 3171 4442 δίκαια
3231 4390 3383 4461 παρὰ
3436 4393 3512 4462 τῷ
3558 4392 3782 4462 πρώτῳ,

553 4470 770 4539 quidam
815 4470 1024 4523 discere
1064 4469 1483 4530 desiderarunt;
1520 4475 1576 4520 et
1612 4466 1715 4519 illis
1754 4468 1952 4519 dietum
1993 4466 2111 4529 l‘uit,

554 4563 694 4628 quod
726 4568 1082 4629 pratterquam
1115 4560 1257 4627 quod
1296 4558 1634 4625 episcopatus
1660 4555 1977 4624 metropolis
2017 4570 2111 4609 vo-

553 4662 735 4715 catur,
792 4652 843 4703 in
889 4650 1009 4704 aliis
1055 4653 1307 4704 omnibus
1352 4650 1588 4719 antiquae
1634 4648 1915 4717 metropoli
1957 4649 2114 4703 debet

553 4742 760 4811 subjici.
816 4741 941 4809 Ejus
979 4740 1123 4794 enim
1152 4743 1438 4810 episc0pns
1470 4747 1537 4793 ab
1583 4741 1807 4807 antiquo
1840 4750 2112 4809 metropo-

552 4836 718 4889 litano
745 4833 1100 4895 ordinabitur,
1131 4845 1186 4886 et
1218 4833 1285 4886 ab
1312 4832 1429 4900 ipso
1455 4832 1808 4901 judicabitur,
1837 4843 1891 4885 et
1914 4833 1964 4886 ei
1987 4849 2105 4886 om-

552 4931 681 4984 nino
707 4926 1044 4993 subjicictur.
1099 4924 1239 4995 Lege
1272 4926 1436 4978 etiam
1482 4924 1517 4976 2
1571 4938 1829 4978 canonem
1857 4927 1890 4977 2
1918 4926 2111 4994 synodi

552 5031 606 5076 et
638 5021 671 5075 6
696 5030 749 5075 et
777 5020 804 5070 7
833 5034 953 5073 can.
984 5018 1167 5088 prima:
1192 5031 1315 5087 syn.
1381 5017 1502 5071 llaec
1528 5028 1704 5070 autent
1738 5032 1831 5085 per
1860 5019 2112 5085 imperia-

552 5114 656 5167 lem
692 5111 989 5181 jussionetn
1031 5109 1188 5164 aliter
1236 5110 1724 5169 translbrinantur,
1774 5118 1832 5161 ut
1871 5109 2117 5176 superius

552 5205 755 5257 dictum
795 5213 897 5257 est.
949 5200 1086 5271 Lege
1110 5210 1164 5255 et
1195 5214 1317 5270 syn.
1352 5200 1405 5253 in
1437 5198 1620 5253 'l‘rullo
1642 5213 1766 5251 can.
1793 5198 1881 5263 58,
1916 5210 1971 5252 et
2000 5214 2119 5267 spe-

553 5294 763 5357 cialiter
806 5295 937 5364 imp.
982 5294 1443 5359 constitutioncm,
1476 5305 1595 5359 quae
1642 5291 1837 5369 partim
1875 5294 1929 5346 in
1973 5292 2116 5347 illius

554 5386 892 5453 expositione
919 5387 1021 5442 sita
1050 5395 1156 5440 est.

2220 4477 2388 4546 ἠγουν
2412 4478 2805 4550 μητροπολίτῃ,
2840 4481 2980 4535 κατὰ
3023 4481 3122 4551 τῆς
3166 4482 3461 4553 ἐκκλησίας
3490 4484 3586 4553 τῆς
3615 4502 3783 4556 τιμη-

2220 4564 2408 4636 θείσης
2450 4568 2557 4620 ἀπὸ
2584 4570 2890 4640 ἐπισκοπῆς
2922 4572 3001 4635 εἰς
3032 4573 3369 4642 μητρόπολιν
3397 4573 3676 4645 ἐζήτησάν
3702 4591 3786 4627 τι-

2218 4674 2308 4720 νες
2355 4659 2545 4728 μαθεῖν
2587 4661 2747 4714 ὁποῐά
2787 4664 2937 4714 εἰσι·
2986 4665 3079 4715 καὶ
3112 4664 3350 4734 ἤκουσαν
3379 4665 3464 4719 ὅτι
3513 4666 3654 4738 πλὴν
3686 4667 3780 4720 τοῦ

2219 4748 2502 4803 καλεῖσθαι
2537 4752 2636 4821 τὴν
2665 4753 2966 4825 ἐπισκοπὴν
3005 4750 3339 4825 μητρόπολιν
3374 4760 3515 4812 κατὰ
3540 4764 3608 4811 τὰ
3647 4760 3779 4814 ἄλλα

2220 4843 2397 4894 πάντα
2466 4844 2782 4898 ὑποκεῖσθαι
2852 4847 2989 4920 αὓτῃ
3044 4853 3106 4920 τῇ
3165 4851 3377 4923 παλαιᾷ
3450 4854 3779 4924 μητροπόλει

2216 4930 2442 4999 ὀφείλει.
2472 4933 2531 4985 ὐ
2554 4935 2662 5004 γὰρ
2687 4934 2889 5006 ταύτης
2919 4939 3217 5001 ἐπίσκοπος
3249 4944 3402 5009 παρὰ
3428 4940 3521 4993 τοῦ
3552 4940 3779 4994 παλαιοῦ

2221 5024 2618 5093 μητροπολίτου
2691 5030 3237 5101 χειροτονηθήσεται,
3296 5033 3389 5085 καὶ
3451 5033 3586 5103 παρ’
3637 5031 3785 5099 αὐτῷ

2217 5115 2558 5184 κριθήσεται,
2582 5118 2677 5171 καὶ
2704 5119 2888 5182 ἁπλῶς
2915 5122 3065 5192 αὐτῷ
3087 5124 3459 5177 ὑποκείσεται.
3486 5124 3788 5194 Ἀνάγνωθι

2218 5207 2313 5258 καὶ
2342 5206 2433 5259 τὸν
2473 5208 2518 5277 β’
2549 5211 2746 5265 κανόνα
2772 5213 2874 5282 τῆς
2904 5211 2949 5284 β’
2998 5215 3237 5279 συνόδου,
3273 5218 3368 5268 καὶ
3390 5217 3481 5269 τὸν
3507 5217 3550 5280 ζ’
3577 5220 3671 5269 καὶ
3720 5222 3776 5280 ς’

2225 5303 2422 5355 κανόνα
2452 5304 2550 5373 τῆς
2587 5305 2810 5376 πρώτης
2839 5307 3077 5361 συνόδου.
3111 5308 3296 5362 Ταῦτα
3325 5309 3383 5362 δὲ
3421 5308 3511 5363 διὰ
3547 5316 3783 5379 προστα-

2222 5391 2357 5457 ξεως
2389 5395 2673 5465 βασιλικῆς
2700 5397 2875 5461 ἄλλως
2932 5401 3391 5470 μετατυποῦνται,
3419 5398 3601 5462 καθὼς
3642 5398 3788 5453 ἄνω·

556 5478 647 5533 θεν
670 5477 905 5567 εἴρηται.
939 5475 1241 5544 ’Δνάγνωθι
1269 5474 1483 5544 καὶτῆς
1523 5473 1581 5526 ἒν
1604 5470 1680 5543 τῷ
1708 5472 1961 5553 Τρούλλῳ
1995 5475 2109 5546 (Η)
2155 5481 2372 5537 συνόδου
2426 5487 2626 5542 κανόνα
2661 5487 2741 5561 λη’
2769 5495 2860 5544 καὶ
2898 5493 2958 5545 τὸ
2999 5494 3057 5546 ὲν
3088 5492 3164 5566 τῷ
3229 5496 3424 5567 σχολίῳ
3453 5490 3618 5549 αὑτοῦ
3683 5510 3791 5557 κα,

554 5567 862 5641 ταστρωθὲν
887 5566 1165 5635 βασιλικὸν
1197 5568 1490 5637 σημεὶωμα
1521 5567 1579 5617 ἐν
1620 5566 1803 5634 μέρει.

1800 5656 1990 5719 Guill.
2033 5659 2154 5720 Bev
2172 5662 2353 5742 :regii
2386 5674 2566 5730 notas.

630 5759 741 5841 (ll)
776 5759 1098 5841 ’ᾼνᾴγνωθι
1123 5762 1221 5815 καὶ
1253 5760 1362 5832 τῆς
1402 5761 1472 5816 ἐν
1518 5757 1595 5826 τῷ
1640 5759 1934 5827 Τρούλλῳ.
1990 5759 2105 5817 lltcc

2211 5779 2328 5835 ique
2373 5769 2439 5824 ad
2488 5770 2546 5823 ὲν
2598 5768 2758 5841 μέρει
2804 5770 3065 5830 inclusive
3142 5774 3195 5831 in
3257 5774 3443 5835 codice
3527 5774 3795 5837 Amerin-

560 5835 755 5891 chiano
776 5833 1175 5889 desiderantur.
