4138 6210
446 322 555 389 433

535 434 689 489 Ἐπεὶ
714 434 770 489 δὲ
800 430 944 487 κατά
965 430 1058 485 τὸν
1091 428 1401 502 Ἀπρίλλιον
1428 427 1573 499 μῆνα
1601 428 1699 501 τῆς
1735 432 1801 478 ια’
1832 424 2022 478 ἰνδικτ.
2054 463 2093 515 Α

452 528 552 583 τοῦ
580 526 728 596 ,ςψα’
770 526 926 590 ἔτους
967 523 1334 585 ἀπολυθέντος
1384 518 1761 593 προσκυνητοῦ
1820 533 2021 586 χρυσο-

455 621 677 675 ϐούλλου
705 619 801 673 τοῦ
833 616 1158 685 Θεοστεφοῦς
1196 614 1491 687 κρατίστου
1538 613 1633 665 καὶ
1674 610 1830 679 ἁγίου
1859 609 2018 680 ἡμῶν

456 710 857 781 αὐτοκράτορος
898 710 1091 779 κυρίου
1130 707 1403 760 Ἰσαακίου
1451 701 1546 757 τοῦ
1597 702 1882 768 Ἀγγέλου,
1922 702 2019 752 καὶ

454 806 579 869 τοὺς
599 802 1072 869 ἀνακαλουμένους
1098 798 1499 869 μητροπολίτας
1526 795 1627 857 τάς
1655 791 2019 861 διαφερούσας

452 896 665 953 τούτοις
720 892 1047 955 ὲπισκοπάς.
1114 893 1206 945 καὶ
1258 893 1337 953 εἰς
1390 885 1747 959 μητροπόλεις
1794 884 1829 956 ἢ
1858 885 2019 952 ἀρχι-

452 986 761 1048 επισκοπάς
815 983 1158 1054 τιμηθείσας,
1211 980 1673 1051 ἐπιστομίζοντος,
1717 978 1815 1048 οὐχ
1860 972 2023 1047 ἦττον

451 1079 509 1132 δὲ
558 1079 652 1132 καὶ
705 1076 831 1139 τοὺς
871 1075 1321 1148 ἐπιχειρήσοντας
1349 1076 1439 1127 ὅτε
1474 1074 1672 1144 δήποτε
1722 1071 1819 1139 τὴν
1870 1068 2029 1139 βασι-

450 1168 612 1238 λικὴν
634 1166 1010 1237 ἀποστερῆσαι
1033 1166 1317 1237 περιωπήν
1343 1164 1437 1219 τοῦ
1467 1165 1690 1233 ἀνάγειν
1716 1159 2023 1224 ἑπισκοπάς

453 1263 531 1323 είς
567 1261 930 1331 μητροπῢεις
949 1259 983 1329 ἢ
1010 1258 1447 1329 ἀρχιεπισκοπάς
1471 1258 1614 1311 κατὰ
1647 1256 1747 1326 τὴν
1777 1253 2022 1307 δοθεῖσαν

453 1355 641 1416 αὐτοῖς
684 1353 890 1406 ἄνωθεν
933 1350 1205 1416 ἐξουσίαν,
1249 1350 1506 1421 ⁴ὴρωτὴθη
1544 1349 1694 1419 παρά
1726 1360 1916 1399 τινων⁸
1958 1343 2024 1397 Τί

450 1449 572 1500 ἐστι
602 1447 662 1498 τὸ
693 1445 1081 1515 περιεχόμενον
1114 1443 1190 1512 τῷ
1221 1444 1403 1497 κανόνι
1425 1445 1586 1513 χάριν
1615 1440 1708 1494 τοῦ
1740 1439 1887 1508 ἔχειν
1926 1439 2025 1500 τὰς

450 1539 781 1609 τιμηθείσας
826 1535 1187 1607 μητροπόλεις
1235 1536 1405 1605 μόνην
1439 1534 1537 1604 τὴν
1585 1531 1775 1602 τιμὴν,
1810 1530 1885 1593 ὡς
1917 1528 2027 1581 τῶν

450 1633 629 1688 ἄλλων
664 1610 1245 1700 δικαίων’σωζομένιι›ν
1273 1629 1339 1697 τῇ
1360 1624 1501 1678 κατά
1529 1624 1788 1694 ἀλήθειαν
1822 1637 2025 1689 μητρο-

452 1725 642 1788 πόλεις
674 1724 857 1792 Φαμὲν
907 1724 987 1775 ὅτι
1034 1721 1127 1775 καὶ
1177 1719 1238 1772 τὸ
1290 1719 1420 1788 περὶ
1462 1716 1653 1769 τούτου
1716 1712 2024 1783 ἀμφίϐολον

1539 312 1620 374 IN
1661 311 1824 373 CAN.
1856 310 1973 371 x11
2015 309 2226 373 conc.
2264 312 2627 374 annoso.

2198 425 2466 492 Quoniam
2515 432 2691 479 autem
2740 438 2927 479 mense
2968 424 3157 491 Aprili,
3200 424 3259 477 ll
3308 422 3496 477 indiet.
3544 437 3686 476 anno
3774 460 3779 464 ι

3584 305 3691 370 434
3706 354 3715 357 -γ

2123 517 2255 571 6701
2308 518 2454 572 edita
2503 532 2714 571 summa
2760 532 2883 572 cum
2934 517 3289 571 veneratione
3343 516 3685 584 suscipienda

2119 609 2293 688 Aurea
2341 609 2483 665 bulla
2527 625 2554 663 a
2599 610 2708 664 Deo
2757 609 3002 664 coronati
3031 650 3045 674 ,
3093 607 3370 662 fortissimi
3416 615 3469 661 et
3516 607 3688 660 sancti

2122 701 2313 767 imper.
2349 701 2537 763 nostri,
2571 701 2772 755 domini
2802 700 2986 754 lsaaeii
3019 698 3236 765 Angeli,
3260 711 3379 766 qua:
3403 705 3458 749 et
3489 707 3690 751 metro-

2122 794 2375 861 politauis
2412 794 2755 864 episcopatus
2796 794 2859 847 ad
2894 808 2952 847 se
2982 794 3350 861 pertinentes,
3404 799 3461 843 et
3486 798 3690 843 metro-

2124 886 2324 953 polium
2356 886 2433 938 vel
2469 887 3029 955 archiepiscopatumn
3074 885 3280 939 honore
3311 884 3536 936 donatos
3559 918 3576 944 ,
3623 880 3690 934 ad

2124 992 2182 1029 se
2223 977 2625 1041 revocantibus,
2672 986 2723 1030 et
2772 977 2838 1030 iis
2876 977 3056 1029 itidem
3092 974 3182 1044 qui
3218 971 3548 1043 imperiaiem
3587 971 3691 1024 cir-

2125 1064 2586 1134 cnmspectionem
2616 1065 2828 1133 privare
2857 1064 3214 1123 conabuntur,
3250 1076 3316 1116 ne
3351 1061 3695 1130 episcopatus

2126 1154 2180 1207 in
2225 1156 2547 1225 metropoles
2578 1163 2634 1210 et
2662 1136 3157 1225 archiepiscopatus
3185 1155 3357 1224 erigat
3397 1153 3693 1207 secundum

2125 1246 2227 1300 sibi
2261 1248 2437 1302 datam
2471 1264 2501 1301 a
2524 1248 2733 1316 superis
2763 1257 3103 1317 potestatem,
3123 1261 3184 1299 os
3214 1245 3468 1309 oceludit,
3496 1260 3525 1298 a
3558 1260 3697 1298 nou-

2126 1338 2287 1393 nullis
2324 1341 2605 1408 quazsitum
2636 1350 2737 1404 est,
2767 1338 2903 1405 Quid
2939 1349 3021 1393 est
3044 1338 3184 1408 quod
3214 1352 3421 1391 canone
3451 1351 3699 1405 compre-

2129 1431 2397 1494 henditur,
2438 1443 2497 1485 Ill
2535 1432 2737 1486 honore
2776 1430 2981 1485 ali‘ectae
3022 1430 3348 1500 metropoles
3386 1429 3557 1483 solum
3602 1430 3699 1484 ho-

2128 1538 2312 1577 norem
2346 1525 2597 1589 habeant,
2630 1533 2814 1592 utpote
2852 1524 2970 1579 aliis
2995 1524 3210 1595 juribus
3240 1537 3378 1578 vera:
3416 1522 3699 1589 metropoli

2129 1616 2397 1670 servatis?
2453 1616 2693 1671 Dicimus
2740 1620 2805 1671 de
2853 1631 2918 1671 ea
2971 1631 3030 1669 re
3064 1613 3455 1669 dubitationem
3493 1613 3561 1668 ab
3600 1615 3701 1668 hac

2130 1707 2472 1776 imperatoris
2508 1709 2887 1763 constitutione
2924 1706 3169 1762 dissolvi.
3222 1705 3515 1771 Quaesitum
3551 1704 3696 1757 enim

450 1817 639 1869 λύεται
670 1818 780 1869 ἀπὸ
809 1813 899 1868 τοῦ
923 1813 1089 1867 αὐτοῦ
1122 1809 1399 1882 βασιλικοῦ
1448 1806 1859 1879 σημειιὶψατος.
1890 1807 2026 1858 Συν-

2135 1811 2237 1863 est,
2265 1808 2318 1853 et
2344 1810 2463 1869 post
2484 1798 2681 1853 multas
2705 1797 2893 1851 allatas
2924 1798 2989 1851 ad
3018 1796 3218 1865 justam
3241 1809 3359 1848 esse
3385 1809 3495 1849 rem
3520 1800 3701 1846 osten-

467 1908 710 1979 εζητήθη
767 1909 897 1979 γὰρ.
953 1909 1049 1959 καὶ
1117 1904 1254 1975 μετά
1304 1902 1503 1964 πολλὰς
1535 1899 1893 1967 δικαιολογίας
1947 1896 2026 1950 δι·-

457 2002 776 2072 ελήφθησαν
820 2002 979 2069 χάριν
1022 1997 1209 2051 τούτου
1241 1995 1411 2048 ταῦτα
1453 1992 1654 2064 ῥητῶς,
1690 1992 1786 2045 καὶ
1815 1992 1897 2044 ὅτι
1931 1990 2029 2060 μὲν

454 2094 741 2164 καθολικῷι
768 2093 911 2162 λόγῳ
942 2090 1037 2144 καὶ
1079 2087 1372 2157 διαγνώσει
1404 2084 1636 2153 γενικῶς
1666 2082 2028 2151 ὲκτιθεμένας

452 2190 555 2252 τὰς
606 2192 683 2250 είς
742 2181 1267 2256 ὑπερϐαθμιώτερον
1313 2179 1501 2249 θρόνον
1547 2172 2027 2242 ἀναϐιϐαζομένας

456 2279 757 2348 ἐκκλησίας
821 2275 1119 2348 προστάξει
1198 2272 1478 2343 βασιλικῇ,
1542 2269 1635 2321 καὶ
1702 2267 1801 2336 τῆς
1859 2263 2026 2334 τιμῆς

458 2372 743 2440 ἀξιοῦσθαι
770 2369 969 2440 χρεὼν,
997 2369 1088 2422 καὶ
1126 2367 1226 2429 τὰς
1258 2365 1472 2434 ψήφους
1516 2363 1573 2414 ὲν
1603 2358 1757 2428 ἀδείᾳ
1798 2354 2028 2426 προϐαίο

457 2485 571 2520 νειν
604 2465 744 2518 κατά
774 2465 864 2516 τὸν
898 2466 954 2516 ὲν
989 2465 1054 2532 τῇ
1081 2459 1307 2528 Μεγάλῃ
1336 2452 1639 2522 Ἐκκλησία
1671 2448 2024 2520 παρηκολου-

458 2558 667 2628 θηκότα
703 2557 871 2610 τύπον
904 2552 1187 2608 κανονικὸν
1216 2551 1324 2605 τῶν
1365 2543 1778 2618 μητροπολιτῶν
1812 2541 2031 2594 συνιόν-’

456 2670 589 2714 των,
618 2650 715 2703 καὶ
757 2646 1225 2718 άρχιεπισκὸπους
1274 2643 1367 2693 καὶ
1419 2636 1823 2710 μητροπολίτας
1860 2632 2030 2701 ψηφι-

459 2745 727 2815 ζομένων,
766 2742 800 2812 ἦ
854 2758 912 2793 τε
961 2737 1210 2809 βασιλεία
1289 2752 1390 2805 μου
1444 2731 1797 2811 διαγινώσκει
1853 2728 1946 2778 καὶ
1993 2728 2026 2795 ὴ

462 2836 586 2891 θεία
611 2837 705 2888 καὶ
738 2833 856 2899 ἱερά
883 2832 1097 2893 σύνοδος
1131 2828 1207 2899 τῷ
1232 2826 1558 2893 διατάγματι
1586 2821 1778 2890 ἕψεται
1817 2821 1991 2888 τούτῳ
2009 2833 2027 2847 ⁶

459 2930 536 2993 ὼς
594 2929 692 2997 τὴν
740 2922 1205 2993 ὲκκλησιαστικὴν
1275 2911 1816 2986 παραφυλαττομένῳ
1870 2908 2032 2979 ἀκρίο

462 3024 634 3085 δειαν,
667 3018 763 3072 καὶ
787 3019 889 3087 τῆς
918 3014 1207 3080 κανονικῆς
1244 3009 1541 3077 εὐθύτητος
1566 3005 1639 3074 μὴ
1686 3002 2027 3054 ἐκπίπτοντι.

474 3111 771 3179 Ἀνάγνωθι
805 3109 898 3163 οὖν
945 3109 1025 3169 είς
1079 3105 1281 3164 πλάτος
1317 3100 1378 3152 τὺ
1428 3097 1668 3150 τοιοῦτον
1712 3092 2026 3165 σημείωμα,

460 3209 556 3259 καὶ
581 3204 700 3257 εἰπὲ
731 3202 867 3271 πρὸς
906 3198 1035 3259 τοὺς
1062 3195 1320 3261 λέγοντας
1364 3190 1455 3251 ὼς,
1489 3188 1537 3240 εἰ
1571 3187 1645 3256 μὴ
1680 3187 1738 3237 ὲν
1778 3183 1857 3252 τῷ
1893 3182 2027 3235 ἀνά-

467 3301 661 3365 γεσθαι
711 3297 809 3361 τὴν
852 3287 1159 3358 ἐπισκοπὴν
1211 3286 1291 3347 εἰς
1342 3279 1677 3352 μητρόπολιν
1709 3277 1740 3346 ἢ
1777 3278 2030 3345 ἁρχιεπι-

468 3391 676 3457 σκοπὴν
702 3386 973 3456 προστεθῇ
1016 3382 1168 3451 παρὰ
1205 3380 1305 3445 τῆς
1351 3372 1634 3445 βασιλικῆς
1681 3368 1927 3432 ἐξουσίας
1970 3366 2030 3419 τὸ

465 3487 563 3548 τὰς
610 3482 824 3551 ψήφους
866 3477 1072 3531 τούτων
1104 3470 1352 3541 γίνεσθαι
1392 3468 1532 3520 κατά
1577 3462 1893 3533 προτροπὴν
1924 3478 2029 3512 πα-

463 3575 808 3646 τριαρχικὴν.
844 3568 872 3620 ὁ
910 3568 1028 3621 κατ’
1067 3563 1329 3634 ἀλήθειαν
1382 3555 1788 3629 μητροπολίτης
1835 3551 2031 3621 ποήσει

465 3672 563 3739 τὴν
592 3668 774 3737 ψῆφον
804 3662 983 3717 αὐτῶν
1006 3677 1022 3692 ·
1053 3659 1212 3711 τοῦτο
1242 3656 1349 3725 γὰρ
1379 3652 1708 3722 φυλάττεται
1742 3648 1836 3699 καὶ
1867 3647 2031 3714 μέχρι

396 3774 397 3777 ‘
466 3763 561 3815 τοῦ
600 3758 697 3812 νῦν
738 3758 816 3819 είς
846 3756 937 3806 τὸν
980 3746 1361 3817 οἱκουμενικὺν
1409 3742 1751 3813 πατριάρχην
1790 3755 2033 3808 χειροτο-

468 3853 726 3922 νούμενον
775 3846 926 3914 παρὰ
973 3842 1066 3896 τοῦ
1108 3837 1458 3909 Ἡρακλείας,
1488 3835 1575 3887 διὰ
1624 3832 1684 3885 τὸ
1740 3825 1882 3883 εἶναι
1935 3828 2033 3898 τὴν

468 3938 1040 4001 Κωνσταντινούπολιν
1074 3936 1192 4005 ἤτοι
1231 3929 1531 3993 Βυζάντιόν
1570 3941 1701 3978 ποτε
1734 3921 1829 3975 τοῦ
1868 3918 2037 3990 Ἦρα-

467 4039 655 4095 κλείας
694 4034 998 4100 ὲπισκοπήν
1024 4047 1036 4059 ’
1064 4029 1149 4081 ὅτι
1186 4025 1294 4079 ἀπὸ
1327 4023 1419 4076 τοῦ
1452 4018 1693 4072 τοιούτου
1723 4012 2035 4100 σημειώμα-

467 4150 560 4196 τις
592 4132 741 4184 πᾶσα
792 4124 1017 4192 τοιαύτη
1062 4116 1403 4183 δικαιολογία
1442 4111 1830 4181 περιαιρεῖται,
1866 4105 1959 4157 καὶ
2007 4106 2035 4157 ὁ

442 4214 1098 4278 Ἰξωνσταντινουπόλεως
1136 4211 1247 4263 ὀὐκ
1294 4208 1353 4274 ἐξ
1419 4204 1667 4271 ἀνάγκης
1729 4196 1881 4266 παρὰ
1936 4193 2030 4248 τοῦ

438 4336 439 4341 ‘
477 4314 807 4385 Ἡρακλείας
834 4307 1241 4379 χειροτονεῖται.
1269 4300 1512 4368 Εὕρηται
1547 4294 1656 4363 γὰρ
1698 4291 1791 4345 καὶ
1830 4289 2038 4385 Στέφα-

440 4382 563 4475 νος
584 4414 613 4465 ὁ
644 4406 872 4474 ἀδελφὸς
921 4402 1014 4454 τοῦ
1048 4396 1311 4469 βασιλέως
1351 4390 1522 4461 κυροῦ
1558 4388 1783 4447 Λέοντος
1815 4382 1908 4436 τοῦ
1942 4383 2037 4433 Σο-

469 4502 575 4575 ιροῦ
602 4497 944 4569 πατριάρχης
966 4486 1364 4563 χειροτονηθεὶς
1389 4486 1513 4537 Κων

2130 1894 2358 1949 dendam
2392 1892 2649 1955 rationes,
2681 1891 2797 1944 haec
2827 1890 2944 1959 ejus
2970 1890 3043 1943 rei
3069 1890 3242 1959 gratia
3273 1901 3529 1957 expresse
3557 1885 3699 1939 dicta

2131 1972 2363 2050 sunt,et
2400 1983 2541 2053 quod
2571 1981 2859 2037 universali
2898 1982 3133 2047 ratione,
3163 1992 3218 2033 et
3260 1978 3581 2049 generaliter
3607 1992 3703 2030 ex-

2129 2079 2304 2147 posita
2354 2076 2741 2146 dispositione,
2798 2075 3056 2149 ecclesias
3112 2087 3232 2143 quae
3290 2071 3536 2141 jussione
3596 2071 3697 2123 im-

2128 2180 2301 2239 perat.
2379 2169 2434 2223 in
2487 2168 2732 2223 altiorem
2791 2168 3042 2222 thronum
3126 2165 3443 2234 eriguntur,
3495 2162 3702 2217 honore

2130 2275 2344 2331 quoque
2370 2261 2559 2331 dignas
2592 2260 2805 2315 censeri
2832 2268 3099 2331 oporteat,
3131 2269 3185 2314 et
3213 2259 3504 2313 electiones
3531 2257 3699 2312 libere

2130 2354 2417 2424 procedere
2454 2368 2521 2409 ex
2566 2352 2739 2408 forma
2778 2338 3056 2414 canonica,
3113 2366 3234 2421 qum
3269 2349 3322 2404 in
3367 2348 3552 2415 Magna
3595 2349 3699 2403 Er-

2130 2447 2293 2502 elesia
2320 2454 2605 2502 consecuta
2635 2452 2736 2509 est,
2766 2444 3194 2513 metropolitanis
3214 2443 3691 2502 convenientibus,

2130 2550 2185 2595 et
2243 2540 2677 2609 arehiepiscopos
2742 2552 2806 2594 ac
2863 2537 3302 2606 metropolitanos
3348 2537 3696 2606 eligentibus,

2129 2634 2271 2703 quod
2299 2643 2353 2717 et
2381 2635 2510 2704 imp.
2546 2648 2661 2688 mea
2692 2632 2995 2688 sublimitas
3028 2633 3286 2694 decernit,
3318 2641 3373 2687 et
3399 2633 3538 2685 hanc
3572 2649 3703 2685 enn-

2131 2727 2461 2782 stitutionem
2489 2725 2664 2780 divina
2693 2734 2747 2780 et
2776 2735 2962 2779 sancta
2999 2739 3212 2794 quoque
3240 2733 3497 2792 sequetur
3536 2739 3704 2791 syno-

2132 2820 2260 2887 dus;
2294 2829 2351 2875 ut
2377 2835 2495 2888 quae
2537 2818 2962 2874 ecclesiasticum
3009 2817 3170 2871 ritum
3202 2831 3464 2870 accurare
3500 2823 3702 2875 servet,

2131 2920 2185 2964 et
2215 2926 2243 2963 a
2280 2911 2538 2964 canonica
2586 2908 2909 2962 rectitudine
2947 2921 3052 2960 non
3104 2905 3339 2959 excidat.
3387 2903 3527 2974 Lege
3571 2919 3702 2971 ergo

2131 2999 2326 3055 diﬂ‘use
2354 3000 2490 3054 hanc
2522 2997 2983 3060 constitutionem,
3036 3006 3090 3051 et
3133 2997 3217 3051 die
3256 2996 3324 3051 iis
3375 2997 3463 3065 qui
3519 2995 3707 3048 dicunt

2132 3092 2295 3161 quod,
2334 3093 2439 3146 nisi
2482 3091 2607 3145 dum
2642 3090 2867 3160 erigitur
2898 3090 3240 3158 episcopatus
3280 3089 3331 3142 in
3361 3088 3700 3155 metropoiim

2135 3187 2220 3240 vel
2268 3186 2811 3255 archiepiscopatum,
2872 3186 2937 3238 ab
2971 3184 3236 3251 imperial.
3287 3192 3565 3250 potestate,
3600 3182 3697 3235 a'l-

2131 3276 2333 3347 jectum
2384 3274 2562 3337 fuerit,
2615 3289 2803 3329 eorum
2854 3273 3151 3328 electiones
3179 3274 3524 3341 patriarchali
3577 3288 3701 3327 sua-

2137 3370 2286 3423 sione
2311 3378 2365 3423 et
2415 3368 2733 3421 auctoritate
2766 3366 2962 3421 debere
3002 3366 3138 3426 ﬁeri.
3192 3380 3348 3420 verus
3387 3366 3702 3437 metropoli-

2139 3469 2293 3517 tauus
2316 3474 2502 3514 eorum
2527 3459 2843 3512 electionem
2874 3457 3053 3513 faciet.
3088 3456 3199 3510 Hoc
3231 3457 3376 3511 enim
3409 3457 3573 3511 etiam
3604 3438 3721 3510 Ιιιιὲῖ

2139 3563 2340 3616 cusque
2383 3558 2629 3603 servatur
2670 3549 2723 3601 in
2769 3547 3058 3602 universali
3108 3548 3437 3615 patriarcha.
3485 3549 3574 3617 qui
3637 3551 3735 3600 ab.

2141 3639 2409 3695 Heraclea:
2455 3641 2859 3709 archiepiscopo
2908 3640 3204 3703 ordinatur,
3250 3639 3502 3707 quoniam
3546 3639 3745 3694 fuerit

2139 3729 2930 3803 aliquandoConstantinopolis
2963 3731 3078 3785 sive
3104 3730 3413 3801 Byzantium
3434 3730 3702 3786 Heracleae
3734 3728 3735 3731 “

2138 3825 2392 3879 antistitis
2420 3823 2759 3892 episcopatus
2792 3841 2804 3879 :
2850 3822 2953 3885 die,
2986 3823 3222 3890 inquam,
3248 3822 3391 3892 quod
3425 3824 3524 3877 hac
3568 3838 3723 3881 con-5

2140 3915 2417 3970 stitutione
2448 3914 2624 3969 omnis
2652 3913 2791 3983 juris
2818 3914 3040 3967 omnino
3064 3912 3315 3981 allegatio
3346 3914 3569 3977 tollitur,
3603 3910 3719 3968 nec'

2145 4006 2776 4074 Constantinopolitanus
2824 4006 3131 4059 necessario
3165 4004 3234 4057 ab
3276 4004 3543 4059 Heraclea:
3588 3988 3720 4074 epi-i

2142 4113 2304 4167 scepo
2335 4098 2634 4151 ordinatur.
2666 4098 2946 4151 inventum
2975 4106 3057 4149 est
3100 4098 3243 4150 enim
3272 4099 3432 4150 etiam
3472 4088 3711 4167 Stepba;

2143 4190 2412 4259 numlimp.
2433 4190 2633 4244 domini
2657 4187 2850 4242 Leonis
2870 4186 3139 4257 Sapientis
3157 4188 3375 4241 fratrem
3394 4190 3698 4243 ordinatum

2100 4310 2103 4317 ~
2145 4283 2309 4337 fuisse
2338 4279 2874 4345 Constantinopoleos
2905 4280 3267 4347 patriarcham
3295 4279 3457 4348 128
3480 4295 3509 4332 a
3535 4260 3731 4353 Theo-

2145 4363 2320 4443 phane
2357 4372 2766 4440 metropolitano
2812 4370 3087 4424 Caesareae.
3147 4369 3209 4422 Et
3259 4375 3442 4438 paucis
3510 4362 3721 4425 abhinc?

1519 4474 2033 4535 σταντινουπόλεως,

2145 4466 2299 4520 anuis
2326 4464 2584 4519 Leontius
2612 4480 2639 4515 ιι
2676 4463 2946 4517 Demetrio
2977 4462 3231 4515 Czesarete
3259 4463 3686 4531 metropolitano.
3728 4472 3735 4519 ἒ

469 4538 1392 4667 ζξιᾏίέξῖξῖεῷξἦρξέρζέιέλίτέυ
1433 4571 1787 4640 Καισαρείας,
1850 4567 1944 4620 κα)⁸
2004 4562 2110 4631 πρὸ
2147 4558 2345 4625 ὀλίγων
2395 4557 2604 4627 χρόνων
2662 4558 2689 4607 ὁ
2740 4554 2990 4614 Λεόντιος
3048 4553 3198 4621 παρὰ
3253 4553 3565 4621 Δημητρίου
3613 4538 3725 4605 τοξ

473 4688 835 4761 Καισαρείας.

546 4755 792 4840 ΖΩΝᾹΡ.
848 4771 1164 4829 Ἐπὶσκοποί
1207 4784 1373 4829 τινες,
1404 4765 1492 4817 διά
1533 4757 1903 4837 φιλοπριιιτίαν
1948 4755 2039 4807 καὶ

476 4877 769 4952 φιλαρχίαν
800 4870 1117 4945 προσιόντες
1158 4866 1269 4927 τοῖς
1332 4859 1612 4932 βασιλεῦσι
1664 4855 1752 4908 διὰ
1804 4870 2042 4952 προστα-

747 4943 1040 5035 ὲγγράιιων
1060 4978 1074 4991 ·
1104 4957 1274 5011 ταῦτα
1304 4953 1410 5022 γάρ
1428 4955 1533 5003 εἱσι
1556 4948 1622 5001 τὰ
1646 4943 2004 5044 πραγματικά
2028 4959 2041 4972 ·

473 5035 702 5140 ᾗτοῦντο
720 5058 818 5122 τάς
842 5058 1051 5116 οἰκείας
1076 5045 1382 5140 ὲπισκοπὰς
1411 5045 1478 5113 τῇ
1511 5039 1619 5140 τῶν
1654 5035 2044 5140 μητροπιὸλείιιιν

472 5123 778 5225 τιμηθῆναι
832 5145 1066 5215 κλήσει·
1123 5139 1199 5200 ὡς
1262 5134 1404 5189 οὕτω
1466 5129 1786 5200 συμὸαίνειν
1838 5127 1917 5187 είς
1955 5123 2049 5173 δύο

474 5218 752 5317 ,ταρχίας
799 5240 900 5312 τὴν
950 5235 1076 5308 μίαν
1132 5227 1471 5317 μερίζεσθαι,
1532 5224 1627 5317 και
1684 5222 1742 5317 ὲν
1785 5218 2045 5317 τῇᾳαὺτῇ

479 5308 726 5408 indeii;
758 5308 868 5386 δύο*
902 5323 1304 5400 μητροπολίτας
1351 5313 1510 5408 εἶναι,
1542 5313 1636 5366 καὶ
1670 5310 1812 5408 οὕτω
1866 5308 2050 5408 διαφέ-

479 5399 784 5500 ρεσθαιάλ)
798 5399 944 5490 ἥλοις
990 5418 1115 5479 τοὺς
1143 5417 1238 5486 τῆς
1266 5400 1535 5479 ἐπαρχίας
1577 5402 1793 5500 ἐκείνης
1816 5399 2048 5500 ’ἐπισκο-
2124 5436 2135 5451 .

484 5487 643 5581 πους.
676 5487 854 5581 Ὅπερ
888 5507 1017 5563 ποτὲ
1078 5506 1172 5559 καὶ
1199 5505 1255 5557 ὲν
1278 5502 1343 5571 τῇ
1391 5492 1772 5552 Καππαδοκῶν
1814 5487 2052 5581 ἐπαρχία

488 5608 827 5683 συμσίὸηκε,
855 5603 953 5672 τῆς
988 5598 1198 5660 πόλεως
1220 5597 1327 5648 τῶν
1354 5590 1576 5644 Τυάνων
1613 5587 1737 5683 νέας
1777 5580 2055 5683 μητροπόί

483 5671 623 5766 hut;
670 5671 991 5769 γενομένης,
1015 5693 1091 5753 ὡς
1152 5691 1181 5743 ὁ
1226 5685 1486 5750 Θεολόγος
1540 5676 1842 5770 Γρηγοριος
1862 5676 1919 5725 ὲν
1956 5671 2057 5770 ,τῷ

452 5765 764 5863 ιὶπιταιρίῳ
804 5765 917 5844 τοῦ
972 5781 1205 5855 μεγάλου
1254 5774 1535 5831 Βασιλείου
1583 5765 1735 5840 φησί.
1763 5765 1856 5819 Διὰ
1882 5765 2051 5819 ταῦτα

2219 4745 2468 4803 ΖΟΝΑΒ.
2491 4742 2796 4809 Principem
2824 4739 3096 4808 dignitatis
3128 4737 3299 4791 locum
3324 4739 3559 4808 episcopi
3591 4756 3709 4807 qm-

2143 4842 2264 4896 dam
2300 4831 2934 4894 ambitioscali‘ecmntes,
2956 4832 3308 4899 imperatores
3338 4830 3507 4895 adire,
3542 4841 3703 4897 atque

2148 4942 2207 4987 ιιι
2245 4931 2423 4984 edicto
2454 4942 2573 4991 suo,
2610 4924 2752 4993 quod
2806 4923 2895 4977 hic
2953 4923 3270 4993 pragmatici
3333 4922 3441 4992 typi
3491 4923 3708 4974 nomine

2147 5020 2461 5081 intellexere
2501 5019 2709 5083 Patres,
2742 5018 2977 5084 ipsorum
3022 5016 3415 5084 episcopalibus
3446 5014 3705 5067 honorem

2150 5115 2507 5184 metropoleos
2546 5116 2881 5172 decerneret,
2913 5108 3163 5177 precibus
3194 5107 3261 5158 ab
3289 5120 3354 5158 eo
3383 5103 3712 5158 contendere

2151 5208 2291 5262 soliti
2319 5212 2466 5259 sunt.
2503 5200 2639 5256 Hinc
2671 5199 2893 5262 factum,
2920 5206 2978 5249 ut
3008 5196 3060 5249 in
3094 5194 3229 5248 duas
3257 5193 3563 5261 provincias
3593 5209 3702 5249 una

2152 5299 2498 5358 divideretur,
2528 5294 2767 5359 duosque
2804 5287 2989 5341 eadem
3032 5284 3304 5355 provincia
3337 5284 3707 5353 metropolita-

2155 5404 2268 5449 nos,
2295 5384 2579 5454 etquidem
2607 5379 2813 5435 crebris
2842 5378 2910 5430 ob
2934 5376 3161 5443 idipsum
3189 5374 3449 5440 dissidiis,
3484 5385 3708 5429 conten-

2152 5478 2489 5545 tiunibusqne
2518 5474 2806 5529 distractos
2835 5468 3081 5523 haberet.
3111 5466 3263 5534 Quod
3312 5476 3366 5521 et
3406 5469 3457 5519 in
3496 5466 3706 5535 Cappa-

2151 5576 2343 5629 docum
2378 5566 2652 5638 provincia
2691 5564 2985 5633 quondam,
3031 5560 3292 5629 Gregorio
3330 5559 3600 5629 Theologo
3652 5562 3704 5613 in

2154 5664 2424 5735 epitapbio
2447 5659 2622 5730 magni
2650 5655 2829 5711 Basilii
2864 5652 3150 5719 referente,
3177 5668 3298 5707 cum
3324 5652 3538 5721 Tyanea
3567 5666 3701 5705 nova

2158 5755 2467 5824 metropolis
2494 5751 2783 5809 constituta
2808 5756 2969 5813 esset,
3000 5744 3197 5800 evenit.
3234 5743 3520 5814 Propterea
3555 5755 3709 5797 cano-
