4138 6210
466 225 577 292 839

1732 233 2008 298 ΤΗΕΟΙ).
2043 237 2447 300 BALSAMON

3603 227 3708 294 MO

468 341 737 408 accipere,
769 338 994 394 diversa:
1019 346 1197 392 tamen
1239 354 1268 392 ιι
1299 348 1442 393 recta
1498 341 1769 408 opinionis
1802 343 2031 398 inulieri-

2143 349 2350 414 ἔξεστιν
2407 347 2738 418 ἑτεροδόξοις
2799 345 3191 408 συνάπτεσθαι,
3233 343 3361 406 τοὺς
3382 341 3442 396 δὲ
3469 357 3710 411 προπαι-

466 429 570 483 bus
586 430 666 483 eis
695 427 944 498 conjungi
971 443 1078 482 non
1097 428 1244 494 licet,
1261 438 1313 483 et
1329 440 1382 482 nt
1399 429 1488 498 qui
1508 445 1572 484 ex
1595 429 1680 483 tali
1703 435 2045 488 matrimonio

467 518 666 574 liberos
697 519 1056 588 susceperint,
1089 535 1183 576 eos
1207 521 1272 573 ad
1299 522 1724 577 orthoiloxorum
1749 523 2042 584 Ecclesium

466 611 738 665 adducant
772 628 786 664 ε
823 611 946 667 utsi
988 613 1025 666 ii
1067 606 1284 682 quidem
1330 613 1490 685 130
1525 615 1594 670 ab
1629 615 1896 671 haueticis
1952 617 2045 671 ha.

441 701 650 769 ‘ptizati
683 701 1116 766 fuerint,sancto
1157 705 1331 760 solum
1358 707 1646 761 chrismate
1671 707 1994 778 inungantnr
2027 727 2038 762 :

463 794 547 847 sin
567 794 768 857 minus,
794 793 862 850 ab
887 795 1119 852 Ecclesia
1149 797 1508 867 baptizentur.
1543 797 1814 855 Similiter
1837 797 2038 854 deﬁni-

465 896 579 938 tum
617 896 722 951 est,
765 902 834 940 ne
875 902 1061 942 eorum
1090 888 1245 941 liberi
1280 889 1550 943 haereticis
1593 889 1675 944 vel
1729 887 1931 944 Judteis
1957 889 2038 943 vel

462 975 663 1031 Gra'cis
689 978 1102 1048 coniungantur,
1135 980 1235 1033 nisi
1267 981 1451 1051 utique
1487 982 1771 1051 prohibita!
1795 997 2037 1050 personae

466 1068 821 1135 polliceantur
843 1085 869 1121 a
900 1085 995 1123 sua
1025 1071 1214 1124 haresi
1243 1071 1321 1126 vel
1347 1072 1733 1140 superstitione
1759 1073 2034 1128 recedere.

463 1158 616 1214 Tunc
636 1161 777 1213 enim
802 1162 846 1216 si
879 1163 942 1214 ad
972 1163 1324 1216 orthodoxam
1351 1164 1506 1218 [idem
1531 1165 1878 1233 accesserint,
1903 1181 2035 1221 con-

463 1263 759 1319 sequentur
781 1267 993 1321 quoque
1017 1254 1238 1320 nuptiae.
1275 1254 1380 1308 Eos
1402 1265 1576 1310 autem
1601 1257 1691 1327 qui
1719 1257 1832 1312 haec
1859 1267 2034 1312 trans-

463 1341 802 1408 grediuntur,
835 1342 1114 1396 canonicis
1143 1343 1320 1412 ptenis
1341 1343 1556 1410 subiicit
1586 1347 1846 1415 synodus.
1893 1345 2035 1416 Lege

461 1427 629 1494 Laod.
663 1444 784 1500 syn.
813 1445 936 1487 can.
986 1429 1053 1485 10
1081 1441 1136 1485 et
1156 1431 1218 1486 51
1258 1441 1312 1487 et
1341 1432 1530 1487 Cartb.
1573 1434 1636 1488 2!
1688 1445 1743 1489 et
1785 1437 2031 1493 invenies

463 1524 703 1592 separari
734 1524 1159 1590 matrimonium,
1193 1526 1336 1596 quod
1358 1541 1480 1580 eum
1506 1528 1762 1583 haeretica
1806 1539 2029 1584 contra-

463 1626 608 1669 ctum
636 1623 739 1669 est.
775 1615 1034 1670 Existimo
1063 1627 1268 1681 autem,
1305 1618 1468 1688 etiam
1495 1632 1616 1671 cum
1663 1620 2025 1687 separatione.

2149 438 2541 509 δοποιήσαντας
2571 442 2635 492 ὲκ
2669 439 2911 492 τοιούτου
2933 439 3112 508 γάμου
3146 436 3419 505 παράγειν
3439 434 3508 487 τά
3533 433 3716 486 οἰκεῖα

2146 530 2313 584 τέκνα
2367 531 2521 596 παρὰ
2559 533 2622 600 τῇ
2666 531 2775 584 τῶν
2828 530 3122 601 ὀρθοδόξων
3171 528 3503 599 Ἐκκλησίαο
3561 519 3714 597 ἔφ’ᾧ

2146 623 2192 673 εἱ
2236 621 2335 692 μὲν
2367 622 2610 690 ἔφθασαν
2644 623 2784 676 αὐτὰ
2813 623 3176 693 βαπτισθῆναι
3205 622 3356 694 παρα
3397 621 3712 691 αίρετικῶν,

2146 711 2438 782 χρισθῆναι
2499 715 2660 780 μόνον
2687 714 2793 767 ὑπὸ
2850 715 3006 782 ἁγίου
3061 713 3235 782 μύρου
3269 729 3284 742 ⁸
3313 714 3363 766 εί
3400 713 3581 783 δὲμὴ,
3613 713 3711 782 βα-

2145 799 2434 870 πτισθῆναι
2481 801 2587 854 ὑπὸ
2634 802 2732 872 τῆς
2774 803 3118 871 Ἐκκλησίας.
3181 801 3456 866 Ὡσαύτως
3487 801 3700 873 ὡρίσθη

2145 893 2220 961 μὴ
2279 893 2650 948 συνάπτεσθαι
2708 897 2778 950 τὰ
2857 896 3062 950 τούτων
3102 896 3273 948 τέκνα
3321 895 3621 967 αίρετικοῖς
3671 896 3706 966 ἢ

2153 967 2430 1049 Ἰουδαίοις
2487 986 2520 1057 ἢ
2577 988 2856 1061 Ἕλλησιν,
2901 991 2951 1042 εί
3005 991 3174 1060 μήπω
3224 987 3295 1042 τὰ
3353 988 3712 1057 κεκωλυμένα

2141 1077 2409 1145 πρόσωπα
2439 1073 2788 1133 κατάθωνται
2822 1081 3127 1148 ἀποστῆναι
3175 1079 3276 1148 τῆς
3309 1079 3515 1141 οἰκείας
3559 1078 3709 1146 αἱρέ-

2140 1185 2277 1230 σεως
2299 1168 2331 1239 ἢ
2356 1169 2672 1239 θρησκείας.
2709 1170 3024 1242 Τηνικαῦτα
3065 1172 3196 1241 γὰρ,
3245 1170 3339 1223 ἐὰν
3369 1169 3708 1240 προσέλθωσι

2135 1263 2202 1329 τῇ
2234 1260 2502 1332 όρθοδόξῳ
2564 1264 2766 1330 πίστει,
2815 1263 3246 1332 ἐπακολουθήσει
3297 1262 3392 1316 καὶ
3432 1263 3460 1315 ὁ
3509 1262 3704 1331 γάμος.

2136 1352 2276 1414 Τοὺς
2307 1353 2493 1422 μέντοι
2525 1356 2964 1422 παραϐαίνοντας
2987 1355 3162 1408 ταῦτα
3186 1357 3493 1418 κανονικοῖς
3526 1357 3704 1408 ἐπιτι-

2135 1446 2279 1511 μίοις
2301 1446 2701 1501 καθυποϐάλλει
2728 1450 2760 1518 ἠ
2793 1448 3028 1506 σύνοδος.
3045 1445 3342 1514 Ἀνάγνωθι
3359 1447 3460 1516 τῆς
3485 1447 3542 1499 ὲν
3563 1449 3703 1500 Λαο-

2129 1534 2304 1605 δικεία
2323 1537 2540 1591 συνόδου
2571 1539 2804 1602 κανόνας
2836 1537 2869 1592 ι’
2892 1539 2983 1592 καὶ
3014 1537 3096 1590 λα’
3129 1542 3222 1591 καὶ
3268 1538 3368 1606 τῆς
3397 1537 3453 1588 ὲν
3478 1537 3705 1607 Καρθαο

2130 1628 2262 1696 γένῃ
2295 1627 2495 1682 κανόνα
2523 1630 2731 1691 κα’,κιὶ
2753 1630 3003 1701 εὑρήσεις
3025 1629 3406 1697 διασπώμενον
3432 1631 3528 1682 τὸν
3565 1632 3703 1699 μετὰ

463 1722 558 1769 eos
583 1721 798 1777 quoque
831 1708 1009 1777 puniri
1050 1709 1342 1765 seCundum
1394 1719 1708 1778 pauentem
1741 1725 2026 1766 canonem.

2135 1717 2423 1783 αίρετικῶν
2451 1719 2724 1772 συστάντα
2745 1720 2945 1787 γάμον.
2996 1718 3197 1789 Οίομαι
3226 1719 3282 1773 δὲ
3314 1722 3409 1773 σὺν
3440 1720 3514 1790 τῷ
3553 1722 3706 1774 διασ-

467 1798 560 1854 Sic
580 1799 724 1854 enim
759 1800 825 1855 ad
853 1800 1198 1855 concordiam
1225 1801 1564 1856 deducentur
1591 1815 1844 1856 canones.
1865 1801 2030 1857 Recte

464 1898 640 1944 autem
686 1889 840 1952 dixit,
891 1904 1008 1954 eos,
1053 1891 1143 1961 qni
1191 1899 1348 1946 antea
1397 1907 1461 1946 ex
1496 1891 1761 1946 haereticis
1795 1892 2030 1958 suscepti

463 1991 614 2045 sunt,
678 1980 878 2034 liberos
911 1983 976 2035 ad
1032 1981 1284 2036 Ecclesiae
1331 1983 1763 2038 communionem
1813 1982 2030 2037 adduci.

465 2070 582 2125 Scis
629 2071 773 2124 enim
820 2070 1104 2126 haereticos
1133 2071 1184 2124 in
1218 2071 1323 2125 duo
1366 2071 1528 2125 dividi
1559 2087 1576 2135 ;
1625 2081 1679 2124 et
1716 2072 1769 2126 in
1796 2085 1889 2125 eos
1917 2071 2030 2142 qui,

464 2161 604 2228 quod
639 2159 930 2216 secundum
993 2176 1093 2216 nos
1139 2172 1242 2223 est,
1297 2161 1634 2232 mysterium,
1684 2171 1738 2215 et
1786 2161 2022 2216 divinam

461 2253 974 2315 condescensioncm
1020 2251 1340 2322 suscipiunt,
1389 2249 1441 2306 in
1488 2251 1806 2322 quihusdam
1850 2261 2030 2306 autem

464 2345 743 2411 falluntur,
804 2361 940 2416 quos
993 2347 1153 2400 etiam
1207 2346 1526 2401 act-edentes
1571 2347 1866 2400 chrismate
1917 2345 2034 2400 solo

465 2439 772 2510 iniungimus
797 2461 810 2494 :
836 2448 891 2493 et
925 2438 977 2493 in
1003 2453 1098 2492 eos
1127 2438 1216 2508 qui
1245 2438 1350 2494 hoc
1365 2438 1586 2492 ountino
1607 2452 1710 2491 non
1733 2436 2034 2507 suscipiunt

462 2537 518 2580 et
564 2537 688 2582 sunt
741 2527 1007 2594 inﬁdeles,
1053 2528 1270 2584 Iudaeus
1297 2529 1507 2583 scilicet
1556 2536 1610 2583 et
1639 2526 1860 2583 Graecos
1897 2543 2032 2597 quos

459 2620 624 2675 etiam
701 2621 1061 2690 baptizamus.
1135 2621 1546 2677 Communionis
1606 2635 1737 2691 ergo
1817 2621 2034 2676 nomine

464 2721 752 2779 utrumque
795 2711 1207 2776 declarat-imus,
1253 2712 1416 2766 utvel
1439 2712 1733 2768 chrismate
1761 2722 2033 2782 ungantur

464 2802 546 2856 vel
582 2804 943 2872 baptizentur.
975 2803 1117 2873 Lege
1145 2804 1177 2856 7
1217 2819 1340 2860 can.
1365 2803 1401 2858 2
1439 2818 1558 2874 syn.
1591 2805 1822 2874 primutn
1849 2817 1966 2874 cap.
1999 2804 2033 2858 4

459 2896 546 2948 tit.
578 2892 666 2946 28.
701 2893 795 2947 lib.
847 2893 1063 2951 Basilio.
1095 2902 1148 2948 et.
1177 2894 1244 2947 72
1287 2909 1484 2950 canon.
1516 2895 1706 2964 synodi
1741 2896 1792 2948 in
1821 2889 2029 2948 Trullo.

459 2985 526 3040 Et
557 2997 679 3042 nota
713 2987 1008 3043 secundum
1057 2999 1374 3053 praesentem
1424 3003 1685 3042 canouem
1713 2989 1881 3044 videri
1909 3004 2033 3058 par-

2135 1808 2336 1879 πασμῷ
2352 1811 2444 1863 καὶ
2456 1811 2810 1880 ἐπιτιμᾶσθαι
2833 1811 3056 1876 τούτους
3071 1811 3211 1865 κατὰ
3237 1813 3325 1865 τδν
3344 1813 3578 1882 παρόντα
3605 1831 3702 1865 κα-

2134 1899 2281 1955 νόνα.
2303 1901 2458 1954 οὕτω
2484 1901 2593 1973 γὰρ
2611 1905 2660 1956 οί
2686 1903 2909 1965 κανόνες
2932 1903 3478 1974 συμόιϐασθήσονται.
3507 1903 3696 1968 Καλῶς

2132 1991 2187 2044 δὲ
2210 1987 2365 2044 εἶπεν
2387 1992 2624 2060 ὀφείλειν
2651 1994 2776 2057 τοὺς
2798 1994 2904 2064 πρὸ
2932 1993 3122 2048 τούτου
3155 1994 3443 2064 τεχθέντας
3468 1996 3525 2060 ἐξ
3552 1998 3700 2061 αἱρε-

2134 2081 2305 2134 τικῶν
2333 2084 2527 2147 παῖδας
2575 2085 2953 2154 προσάγεσθαι
2981 2089 3047 2156 τῇ
3078 2087 3332 2158 κοινωνία
3355 2088 3453 2156 τῆς
3470 2085 3700 2158 Ἐκκλη-

2137 2174 2281 2236 σίας.
2312 2170 2475 2239 Οἶδας
2511 2175 2618 2245 γὰρ
2645 2177 2730 2230 ὅτι
2751 2178 2798 2230 οἱ
2830 2178 3098 2249 αἰρετικοὶ
3126 2179 3206 2241 είς
3229 2163 3323 2232 δύο
3350 2178 3708 2251 διαιροῦνται,

2135 2264 2215 2327 εῐς
2247 2282 2306 2318 τε
2336 2267 2460 2329 τοὺς
2487 2266 2813 2336 δεχομένους
2840 2269 2939 2337 μὲν
2961 2269 3024 2323 τδ
3052 2268 3178 2322 καθ’
3203 2270 3351 2339 ἡμᾶς
3381 2271 3702 2340 μυστήριον,

2134 2356 2224 2406 καὶ
2271 2356 2372 2425 τὴν
2403 2355 2591 2427 θεῖκὴν
2655 2358 3088 2426 συγκατάὸασιν,
3123 2358 3180 2411 ἐν
3206 2375 3318 2412 τισι
3373 2359 3429 2411 δὲ
3479 2357 3714 2426 σφαλλοο

2137 2443 2357 2512 μένους,
2394 2443 2488 2510 οὓς
2515 2448 2611 2499 καὶ
2663 2450 2824 2518 μύρῳ
2875 2447 3024 2517 μόνῳ
3074 2449 3714 2520 χρίομενπροσερχομὲο

2133 2551 2278 2600 νους,
2317 2537 2412 2590 καὶ
2446 2539 2526 2600 είς
2574 2539 2701 2602 τοὺς
2747 2540 2928 2608 πάντη
2965 2539 3040 2610 μὴ
3069 2539 3395 2611 δεχομένους
3434 2541 3593 2593 τοῦτο
3616 2542 3713 2598 καὶ

2133 2626 2291 2690 ὄντας
2319 2628 2606 2697 ἀπίστους,
2678 2632 2965 2696 Ἰουδαίους
3023 2633 3265 2703 δηλονότι
3294 2635 3384 2686 καὶ
3412 2633 3712 2702 Ἕλληνας,

2117 2719 2228 2750 ..:‘..
2276 2722 2366 2750 ....‘.
2433 2723 2770 2750 a---:r-..-..
2828 2726 2915 2750 σνς’.
2946 2726 3164 2750 :_.1.-__-
3193 2725 3289 2750 -.-τ’

2134 2722 2228 2783 οὓς
2276 2722 2371 2775 καὶ
2431 2723 2790 2792 βαπτίζομεν.
2828 2726 3168 2797 Τῴόνόματι
3193 2725 3325 2795 γοῦν
3388 2729 3486 2797 τῆς
3523 2744 3713 2780 κοινω-

2134 2813 2254 2877 νίας
2327 2815 2680 2885 ὲδηλὼθησαν
2729 2819 2822 2872 καὶ
2882 2819 3226 2890 ἀμφότεροι,
3282 2817 3422 2873 ὥστε
3473 2819 3505 2888 ἢ
3553 2819 3713 2891 μύρῳ

2133 2907 2420 2977 χρισθῆναι
2471 2909 2504 2980 ἢ
2535 2910 2919 2978 βαπτισθῆναι.
2958 2913 3294 2981 Ἀνάγνωσον
3318 2912 3407 2966 τὸν
3441 2911 3486 2976 ζ’
3508 2913 3711 2966 κανόνα

2134 2999 2230 3066 τῆς
2259 2999 2302 3068 β’
2334 3002 2652 3067 συνόδου,τδ
2676 3001 2724 3056 α’
2755 3021 2878 3072 κεφ.
2899 3004 2996 3058 τοῦ
3022 3002 3062 3056 δ’
3078 3003 3259 3058 τίτλου
3277 3004 3371 3057 τοῦ
3400 3003 3487 3074 κη’
3505 3003 3708 3074 βιὸλίου

459 3090 567 3134 tem
611 3081 851 3136 ecclesia:
889 3097 1103 3153 cogere,
1157 3091 1216 3136 ut
1287 3080 1508 3136 Latinos
1559 3081 1887 3149 rejiciamus,
1935 3081 2026 3152 qui

2135 3083 2243 3137 τῶν
2275 3086 2599 3154 Βασιλικῶν,
2626 3091 2723 3144 καὶ
2754 3057 2846 3144 est;
2875 3091 2953 3162 οβ’
2983 3091 3179 3147 κανόνα
3197 3093 3296 3161 τῆς
3327 3095 3384 3146 ἐν
3409 3057 3713 3164 τῷΖΓρούλ-

460 3187 654 3227 uxores
690 3188 755 3227 ex
791 3176 1048 3228 Ilomanta
1089 3173 1268 3227 volunt
1305 3173 1572 3241 accipere.

2135 3171 2211 3241 λῳ
2237 3177 2478 3233 συνόδου.
2513 3180 2621 3232 Καὶ
2651 3181 2962 3250 σημείωςαι
3024 3181 3107 3235 ὅτι
3158 3183 3302 3236 κατὰ
3333 3183 3425 3236 τὸν
3462 3185 3704 3251 παρόντα

459 3267 681 3332 κανόνα,
709 3268 784 3331 ὼς
831 3267 1028 3332 ἔοικεν,
1079 3266 1379 3335 ἀναγκάζει
1437 3267 1497 3320 τὸ
1557 3266 1727 3337 μέρος
1766 3266 1868 3336 τῆς
1903 3262 2229 3332 Ἐκκλησίας
2302 3272 2424 3334 τοὺς
2493 3274 2758 3338 Λατίνους
2825 3269 3152 3344 ἐξόμνυσθαι
3218 3275 3470 3342 θέλοντας
3523 3280 3708 3346 γυναί·

458 3380 564 3426 κας
599 3362 787 3416 λαϐεῖν
816 3362 880 3413 ἐκ
925 3361 1022 3430 τῆς
1066 3361 1398 3429 Ῥιομανίας.

529 3459 785 3516 ZONAR.
817 3461 930 3515 lloc
951 3461 1088 3515 idem
1117 3469 1170 3515 et
1212 3459 1516 3526 Laodiceua
1570 3457 1808 3526 synodus
1853 3454 1923 3508 10
1973 3461 2025 3505 ct

460 3553 520 3606 5i
575 3563 627 3606 et
678 3551 1123 3622 Carthaginemis
1170 3551 1232 3605 2i
1303 3564 1512 3604 canone
1557 3563 1827 3602 sanxere:
1883 3546 2023 3599 etin

460 3643 648 3698 Trullo
691 3642 870 3711 palatii
903 3641 1172 3696 celebrata
1200 3638 1533 3694 moumenica
1582 3634 1822 3706 synodus
1855 3633 2021 3702 pluri-

463 3735 566 3788 bus
600 3733 773 3788 adhuc
795 3732 978 3787 verbis
1007 3732 1310 3801 explicavit.
1345 3729 1450 3784 Sed
1494 3723 1940 3796 Carthaginensis
1960 3725 2025 3778 de

461 3824 590 3879 solis
609 3823 844 3889 clericis,
863 3823 1312 3894 quemadmodum
1331 3831 1380 3875 et
1405 3821 1491 3874 hic
1517 3833 1713 3880 canon,
1745 3814 1982 3887 loquitur
2009 3832 2024 3868 :

463 3918 766 3974 Laodicena
792 3935 944 3982 vero,
967 3925 1022 3974 et
1045 3916 1322 3975 Trullana.
1350 3915 1775 3969 orthodoxorum
1808 3924 2030 3981 prorsus

460 4013 698 4065 omnium
755 4012 1096 4066 matrimonia
1149 4025 1276 4065 cum
1333 4007 1598 4062 haereticis
1671 4005 1911 4068 damnat,
1970 4017 2033 4055 ac

463 4102 686 4170 nuptiali
713 4105 961 4172 quamvis
992 4101 1196 4156 foedere
1241 4107 1524 4155 contracto
1560 4097 1714 4152 irrita
1760 4094 2032 4150 nihilomi-

463 4210 564 4248 nus
609 4209 728 4250 esse
780 4194 1042 4249 decernit.
1093 4193 1210 4246 Non
1267 4191 1521 4246 omnibus
1567 4199 1742 4242 tamen
1777 4187 1929 4251 locis,
1968 4197 2031 4240 ut

463 4285 577 4349 ipsa
613 4284 768 4352 hujus
799 4286 1025 4340 canonis
1060 4283 1224 4338 verba
1274 4283 1406 4337 satis
1449 4280 1711 4345 indicant,
1744 4276 2032 4332 lectoribus

2208 3455 2452 3508 ΖΩΝΛΡ.
2509 3454 2680 3508 Τοῦτο
2730 3456 2888 3527 καλή
2951 3458 3008 3509 ὲν
3056 3455 3347 3528 Λαοδικείᾳ
3397 3456 3612 3519 σύνοδος
3649 3459 3708 3510 ὲν

2137 3543 2168 3594 ι’
2204 3547 2297 3598 καὶ
2352 3544 2432 3598 λα’
2477 3549 2662 3600 κανόνι
2719 3545 3114 3608 διετυπώσατο,
3176 3548 3271 3600 καὶ
3301 3549 3334 3616 ἡ
3374 3548 3432 3601 ὲν
3485 3537 3703 3618 Καρθα-

2133 3638 2263 3708 γένῃ
2295 3642 2351 3690 ἐν
2381 3636 2462 3691 κα¹
2521 3637 2822 3705 διετάξατο,
2880 3639 2975 3691 καὶ
3022 3639 3054 3707 ἡ
3109 3639 3167 3691 ὲν
3195 3639 3273 3707 τῷ
3331 3637 3582 3710 Τρούλλψ
3610 3640 3706 3692 τοῦ

2135 3729 2402 3782 παλατίου
2435 3732 2679 3783 συστᾶσα
2708 3730 3066 3801 οἱκουμενικὴ
3127 3730 3342 3794 σύνοδος
3370 3729 3704 3800 πλατύτερον

2133 3821 2444 3891 διωρίσατο.
2463 3821 2603 3874 Ἀλλ’
2638 3822 2672 3892 ἡ
2701 3821 2798 3891 μὲν
2819 3823 2878 3875 ὲν
2913 3821 3240 3892 Καροαγένῃ
3263 3821 3478 3887 σύνοδος
3506 3821 3702 3892 ὁμοίως

2133 3915 2210 3984 τῷ
2239 3915 2468 3986 παρόντι
2494 3915 2676 3968 κανόνι
2706 3917 2834 3983 περὶ
2875 3915 3051 3982 μόνων
3074 3915 3356 3983 κληρικῶν
3376 3915 3698 3979 διαλέγεταν

2134 4008 2167 4074 ἡ
2195 4005 2251 4059 δὲ
2277 4009 2334 4058 ὲν
2389 4007 2701 4076 Λαοδικείᾳ,
2758 4006 2852 4059 καὶ
2885 4008 2917 4077 ἡ
2956 4008 3014 4058 ἐν
3047 4006 3124 4074 τῷ
3165 4005 3426 4075 Τρούλλῳ
3451 4003 3706 4068 καθάπαξ

2135 4096 2297 4147 παντὶ
2335 4095 2601 4164 ὀρθοδόξῳ
2655 4096 2996 4165 ἀπαγορεύει
3075 4096 3457 4150 συναλλάττειν
3525 4097 3704 4165 γάμον

2133 4189 2270 4255 πρὶς
2297 4189 2630 4255 αἱρετικοὺς,
2661 4189 2756 4242 καὶ
2809 4188 3146 4242 διασπᾶσθαι
3203 4189 3300 4242 τὸν
3334 4187 3572 4243 τοιοῦτον
3596 4189 3694 4255 γά-

2135 4293 2254 4344 μον,
2314 4277 2417 4330 κᾶν
2450 4280 2699 4346 γένηται,
2742 4277 3206 4347 παρακελεύεται.
3262 4276 3348 4340 Ὧς
3400 4278 3455 4331 δὲ
3490 4277 3553 4330 ἐκ
3603 4277 3703 4346 τῆς

462 4374 590 4427 olim
644 4382 698 4427 et
752 4373 1091 4436 cantoribus,
1133 4383 1416 4441 postquam
1470 4372 1524 4426 in
1583 4371 1731 4425 illum
1786 4369 2028 4423 ordinem

2140 4368 2466 4438 συγγραφῆς
2498 4367 2592 4421 τοῦ
2638 4369 2903 4438 παρόντος
2937 4371 3155 4431 κανόνος
3190 4368 3462 4439 δηλοῦται,
3483 4370 3540 4422 οὐ
3569 4387 3704 4421 παν-

463 4469 698 4536 cooptati
758 4467 960 4532 forent,
1014 4481 1213 4520 uxores
1266 4468 1465 4520 ducere
1510 4463 1830 4533 permissum
1887 4461 2026 4522 fuit;

463 4560 709 4626 quamvis
742 4559 1035 4626 apostolico
1070 4572 1272 4612 canone
1298 4557 1370 4612 9-6
1396 4559 1509 4611 haec
1561 4556 1869 4609 continente
1899 4571 1915 4606 :
1954 4552 2024 4606 lix

462 4649 711 4704 omnibus
741 4649 831 4718 qui
869 4651 922 4702 in
954 4649 1159 4702 clerum
1220 4649 1490 4715 leguntur,
1541 4647 1586 4701 si
1642 4647 1865 4703 cmlihes
1921 4646 2027 4701 sint

464 4742 802 4796 matrimonia
864 4740 1000 4795 inire
1066 4739 1365 4795 lectoribus
1411 4739 1541 4793 solis
1605 4749 1658 4793 et
1711 4743 2029 4798 cantoribus

463 4835 645 4892 iiceat.
675 4832 919 4891 Clericos
977 4832 1142 4900 igitur
1188 4829 1546 4895 orthodox-os,
1597 4832 1853 4903 coniugio
1905 4849 2026 4888 cum

463 4926 680 4982 feminis
703 4940 732 4979 a
759 4935 902 4980 recta
947 4924 1206 4994 religione
1230 4923 1420 4979 alienis
1441 4924 1492 4977 in
1524 4932 1800 4993 posterum
1832 4927 2027 4980 sociari

461 5020 681 5072 oumino
699 5018 936 5090 synodus
957 5027 1126 5072 vetat.
1148 5015 1248 5082 Qui
1271 5029 1398 5070 vero
1423 5015 1612 5070 sociati
1631 5025 1809 5082 antea,
1833 5016 2030 5071 liberos

464 5127 678 5179 quoque
723 5125 1035 5180 suscepere,
1079 5125 1172 5165 eos
1217 5109 1342 5162 licet
1373 5108 1442 5163 ab
1487 5109 1753 5163 hmrcticis
1778 5109 1886 5177 jam
1936 5108 2032 5163 ba-

465 5201 694 5270 ptizatos
725 5202 943 5267 ducere,
997 5211 1162 5269 atque
1210 5197 1467 5254 Ecclesia
1515 5198 1792 5256 catholica:
1835 5199 2028 5255 sistere

461 5290 736 5360 iubentur.
760 5292 988 5347 Adducti
1021 5293 1190 5357 enim,
1214 5291 1297 5345 vel
1321 5301 1512 5346 sancto
1536 5291 1829 5346 chrismate
1854 5291 2027 5347 solum

467 5379 813 5449 inungcntur,
838 5381 881 5434 si
905 5383 972 5435 ab
992 5380 1259 5435 haereticis
1288 5391 1502 5451 recepto
1525 5380 1592 5432 ah
1619 5379 1855 5435 Ecclesia
1881 5397 2030 5436 more

469 5464 720 5536 baptizati
776 5467 919 5532 sint;
949 5473 1054 5536 vel,
1083 5469 1126 5521 si
1176 5468 1352 5524 alieno
1387 5468 1452 5520 ab
1480 5467 1846 5522 ecclesiastica
1897 5485 2028 5522 con-

473 5559 756 5614 suetudine
820 5560 1177 5628 damnatoque
1241 5561 1344 5615 rittt
1416 5560 1633 5622 initiati,
1701 5560 2031 5636 salutaribus

477 5648 632 5723 undis
679 5650 870 5706 iterum
919 5653 1141 5720 repetito
1169 5652 1432 5721 baptismo
1468 5652 1842 5720 expiabuntur.
1877 5652 2021 5729 Noa-

2137 4459 2306 4530 ταχοῦ
2357 4460 2482 4512 τότε
2536 4462 2649 4523 τοῖς
2704 4461 3082 4527 άναγνὼσταις
3129 4463 3220 4514 καὶ
3265 4460 3500 4530 ψάλταις
3521 4462 3704 4530 ἐφεῖτο

2137 4555 2274 4622 μετὰ
2304 4553 2403 4620 τὴν
2460 4553 2805 4621 χειροθεσίαν
2855 4552 3152 4621 λαμϐάνειν
3203 4556 3488 4619 γυναῖκας,
3519 4555 3700 4606 καίτοι

2130 4644 2224 4698 τοῦ
2249 4643 2341 4709 κς⁹
2370 4645 2594 4707 κανόνος
2641 4645 2749 4697 τῶν
2805 4645 2967 4714 ίερῶν
2993 4645 3312 4697 ἀποστόλων
3358 4646 3703 4716 περιέχοντος

2130 4737 2322 4792 ταῦτα.
2355 4737 2477 4790 Τῶν
2534 4739 2614 4800 είς
2670 4737 2870 4807 κλῆρον
2919 4735 3291 4806 προελθόντων
3334 4737 3570 4805 ἀγάμων
3613 4753 3702 4789 κε-

2131 4832 2360 4902 λεύομεν
2384 4831 2740 4902 βουλομένους
2769 4831 2965 4901 γαμεῖν
2981 4821 3334 4898 ἀναγνώστας
3369 4832 3465 4882 καὶ
3494 4829 3700 4898 ψάλτας

2134 4923 2317 4992 μόνον.
2362 4922 2474 4976 Καὶ
2523 4922 2604 4984 είς
2631 4920 2694 4974 τδ
2720 4919 2845 4989 ἑξῆς
2871 4923 2969 4990 μὲν
3008 4920 3390 4990 ἀπηγόρευσεν
3420 4921 3453 4990 ὴ
3489 4919 3702 4982 σύνοδος

2131 5013 2270 5086 αὕτη
2302 5019 2428 5077 τοὺς
2461 5012 2772 5084 όρθοδόξους
2807 5012 3102 5083 κληρικοὺς
3133 5011 3463 5082 ἐτεροδόξοις
3527 5027 3704 5065 συνοι-

2131 5113 2247 5162 κεῖν
2290 5109 2505 5176 γυναιξί
2532 5125 2547 5140 ο
2609 5107 2734 5170 τοὺς
2784 5107 2842 5159 δὲ
2877 5107 2978 5176 ἤδη
3039 5108 3446 5176 συνῳκηκότας,
3509 5106 3606 5159 καὶ
3645 5106 3703 5170 ἐξ

2131 5199 2354 5251 ἐκείνων
2386 5198 2884 5266 παιδοποιήσαντας
2915 5197 3136 5248 ἀπαιτεῖ
3160 5197 3284 5258 τοὺς
3309 5196 3549 5257 οἰκείους
3566 5198 3698 5248 -παῖ-

2128 5291 2221 5354 δας
2249 5290 2550 5362 προσάγειν
2583 5292 2648 5359 τῇ
2683 5288 2941 5358 καθολικῇ
3000 5285 3317 5357 Ἐκκλησία,
3377 5289 3482 5340 xiv
3532 5287 3700 5354 ἑφθα-

2139 5400 2239 5436 σαν
2301 5383 2406 5434 ὑπδ
2475 5381 2771 5446 αἱρετικῶν
2826 5379 3210 5449 βαπτισθῆναι.
3283 5378 3694 5447 Προσαχθέντες

2131 5471 2241 5538 γὰρ
2277 5472 2309 5542 ἦ
2344 5469 2418 5540 τῷ
2472 5471 2614 5539 ἁγίῳ
2666 5470 2925 5539 χρίσματι
2982 5467 3370 5538 χρισθήσονται
3425 5467 3605 5536 μόνον.
3641 5468 3692 5519 εἰ

2134 5563 2238 5613 ὑπὸ
2304 5560 2599 5630 αίρετικῶυ
2671 5559 3115 5628 ἐϐαπτίσθησαν,
3167 5553 3242 5612 ὧν
3296 5559 3354 5612 τὸ
3405 5559 3692 5626 βάπτισμα

2131 5655 2315 5707 ὃεκεδν
2346 5659 2407 5724 τῇ
2453 5652 2740 5722 Ἐκκλησία
2798 5651 3091 5720 λογίζεται,
3124 5653 3154 5720 ἢ
3187 5653 3277 5706 καὶ
3345 5650 3554 5706 ἄνωθεν.
3581 5649 3674 5718 βα.
