4138 6210
503 340 608 405 465

1555 345 1641 407 ΙΝ
1679 342 1844 406 CAN.
1877 343 2052 404 XXII
2083 342 2293 406 CONC.
2333 344 2699 406 CEALCED.

3641 342 3747 407 466

499 450 595 504 καὶ
642 448 711 503 τά
756 448 856 517 τῆς
906 449 1233 520 ἐπισκοπῆς,
1267 451 1329 504 El
1377 451 1487 521 γὰρ
1526 449 1601 523 μὴ
1645 450 1791 505 οὕτω
1837 453 2073 523 ποιήσει.

2201 470 2299 523 [uae
2332 454 2706 523 episcopatus,
2733 452 3040 523 descripsit.
3085 453 3198 509 Nisi
3250 453 3394 509 enim
3432 453 3505 509 ita
3544 454 3755 519 fecerit,

502 542 678 594 πάντα
720 539 790 593 τά
838 538 1029 593 τούτου
1075 544 1139 612 τῇ
1192 541 1490 615 Ἐκκλησία
1539 545 1856 613 ἀνήκουσιν.
1904 543 2075 596 Ἀπο-

503 632 720 700 τραφῆς
761 631 820 683 δὲ
865 631 1189 701 γενομένης,
1222 634 1296 697 ὡς
1343 636 1583 705 εἴρηται,
1611 635 1709 688 ἐὰν
1736 635 2017 698 ἀδιάθετος
2047 636 2075 686 6

504 723 798 785 ἐπίσκοπος
820 723 1145 794 τελευτήσῃ,
1173 725 1381 795 νομίζω
1426 728 1508 779 ὅτι
1556 726 1696 779 κατὰ
1741 725 1938 793 νόμους
1969 727 2076 779 ὑπὸ

500 812 609 866 τῶν
662 811 722 877 ἐξ
772 814 1061 867 άδιαθέτου
1125 817 1476 886 καλουμένων
1537 817 1857 888 προσγενῶν
1908 815 2075 869 αὐτοῦ

502 905 1070 975 κληρονομηθήσεται.
1105 907 1222 960 Κᾶν
1250 909 1357 979 γάρ
1389 927 1535 972 τινες
1573 910 1681 962 ἀπὸ
1729 909 1824 962 τοῦ
1858 908 1951 961 πα¹
1974 926 2075 961 κα-

499 996 651 1058 νόνος
688 998 789 1065 τῆς
833 999 889 1048 ἐν
937 997 1271 1069 Καρθαγένῃ
1318 999 1538 1051 συνόδου
1589 995 1743 1052 εἷπον
1794 998 1942 1069 ἔχειν
1993 998 2079 1052 ἐπ’

500 1088 691 1150 ἀδείας
742 1088 832 1141 τὸν
881 1088 1004 1159 μετ’
1053 1092 1261 1145 ἐκεῖνον
1309 1090 1612 1145 ἐπίσκοπον
1662 1092 1731 1145 τά
1776 1094 2081 1162 πράγματα

499 1181 596 1234 τοῦ
641 1180 944 1243 άδιαθέτως
992 1180 1424 1252 τελευτήσαντος
1474 1185 1778 1236 ἐπισκόπου
1835 1184 1979 1236 κατὰ
2020 1183 2082 1236 τὸ

502 1270 770 1343 βουλητὸν
806 1269 957 1338 αύτῷ
996 1272 1305 1341 οἰκονομεῖν
1330 1287 1344 1301 ·
1379 1270 1496 1324 ἀλλ’
1533 1272 1659 1340 ἐμοὶ
1688 1273 1835 1325 δοκεῖ
1861 1273 1941 1325 ὅτι
1974 1271 2083 1325 ἀπὸ

500 1363 597 1417 τοῦ
632 1362 881 1416 τοιούτου
902 1363 1161 1427 κανόνος,
1191 1363 1444 1432 λέγοντος
1481 1364 1722 1433 ὀφείλειν
1753 1365 2081 1432 ἐπιγινόμε-

502 1474 594 1511 νον
628 1456 929 1509 ἐπίσκοπον
961 1455 1057 1508 τοῦ
1105 1455 1388 1509 ἀδιαθέτου
1422 1456 1724 1509 ἐπισκόπου
1756 1455 1856 1526 τὴν
1887 1454 2077 1509 διατύ-

506 1564 681 1601 πωσιν
705 1546 972 1618 άρμοδῖαν
1000 1547 1075 1616 τῷ
1104 1547 1275 1599 αὐτοῦ
1306 1547 1685 1616 ἐπαγγέλματι
1718 1547 2079 1617 ποιήσασθαι,

512 1639 748 1705 μάλιστα
772 1638 1107 1709 παρίσταται
1139 1639 1281 1692 κατὰ
1312 1639 1514 1710 νόμους
1549 1638 1799 1705 γίνεσθαι
1828 1637 1928 1707 τὴν
1958 1637 2081 1690 δια-

505 1727 667 1798 δοχὴν
707 1730 817 1780 τῶν
860 1727 1203 1797 πραγμάτων
1265 1727 1359 1781 τοῦ
1410 1726 1860 1797 τελευτήσαντος.
1911 1724 2084 1778 Τοῦτο

2184 549 2365 601 omnia
2410 563 2528 617 quae
2588 555 2716 600 sunt
2770 546 2891 613 ejus
2937 546 3004 600 ad
3062 546 3348 601 ecclesiam
3390 544 3754 613 pertinebunt.

2185 638 2557 708 Descriptione
2603 646 2781 690 autem
2832 636 2995 703 facta,
3030 646 3089 690 ut
3146 637 3348 692 dictum
3393 647 3496 702 est,
3534 636 3579 690 si
3624 636 3763 690 inte-

2180 739 2356 786 status
2386 732 2647 785 morietur
2691 732 2980 799 episcopus
3011 730 3262 784 existimo
3291 730 3434 798 quod
3465 731 3759 783 secundum

2183 822 2329 890 leges
2380 823 2592 890 cognati
2644 823 2780 891 ejus,
2835 821 2925 891 qui
2977 821 3046 876 ab
3080 822 3336 876 intestato
3381 832 3665 885 vocantur,
3710 821 3759 871 ei

2182 910 2492 963 succedent.
2542 909 2607 963 Et
2656 911 2698 963 si
2752 911 2892 963 enim
2945 911 3187 964 nonnulli
3243 925 3310 965 ex
3360 912 3420 966 8i
3478 927 3603 966 can.
3638 927 3759 979 syn.

2183 1000 2376 1056 Cartli.
2414 1001 2669 1055 dixerunt
2712 1016 2833 1055 esse
2879 1002 2932 1056 in
2968 1011 3239 1071 poteState
3279 1002 3622 1057 succedentis
3650 1003 3765 1070 epi-

2183 1094 2353 1161 scopi,
2402 1100 2458 1145 ut
2504 1092 2644 1146 bona
2684 1092 2803 1162 ejus
2841 1094 2936 1163 qui
2987 1106 3231 1149 mortuus
3256 1103 3339 1149 est
3368 1096 3677 1157 intestatus,
3708 1104 3765 1145 ιιι

2189 1184 2445 1250 voluerit,
2488 1184 2836 1241 administret
2884 1204 2898 1240 :
2943 1187 3036 1241 sed
3088 1187 3217 1241 mihi
3252 1188 3484 1251 videtur,
3526 1186 3667 1254 quod
3698 1201 3762 1239 ex

2185 1291 2251 1331 eo
2304 1291 2518 1331 canone
2569 1286 2844 1331 statuente
2895 1278 3092 1333 debere
3150 1294 3299 1344 eum,
3358 1280 3448 1347 qui
3506 1280 3764 1333 intestato

2195 1367 2449 1436 episcopo
2478 1368 2740 1433 succedit,
2771 1370 3107 1439 episcopum,
3142 1370 3556 1439 descriptionem
3588 1368 3766 1421 facere

2187 1458 2306 1528 ejus
2342 1467 2467 1512 voto
2515 1470 2925 1527 congruentem,
2967 1462 3270 1515 ostenditur
3303 1462 3538 1514 maxime
3571 1459 3767 1513 debere

2189 1549 2303 1601 fieri
2337 1550 2631 1603 secundum
2668 1550 2813 1621 leges
2845 1566 3026 1606 rerum
3065 1553 3301 1607 defuncti
3340 1551 3765 1606 successionem.

2193 1638 2305 1695 Hoc
2331 1640 2473 1694 enim
2504 1642 2546 1695 si
2581 1642 2792 1705 fecerit,
2825 1643 2942 1710 ejus
2970 1655 3095 1698 voto
3124 1644 3533 1699 convenientem
3564 1642 3773 1697 descri-

2193 1732 2432 1801 ptionem
2466 1734 2648 1788 faciet.
2686 1734 2877 1799 Quaere
2908 1737 3067 1788 etiam
3096 1735 3166 1789 24
3196 1750 3316 1788 can.
3351 1735 3603 1788 Antioch.
3649 1751 3768 1805 syn.

506 1817 615 1888 γὰρ
654 1818 846 1882 ποιῶν,
882 1818 1153 1887 άρμοδίαν
1199 1817 1538 1872 διατύπωσιν
1584 1818 1806 1886 ποιήσει
1852 1814 1933 1884 τῷ
1981 1816 2081 1868 αύ-

2201 1830 2241 1873 :t
2272 1838 2393 1893 syu.
2428 1822 2480 1876 iu
2512 1822 2695 1878 Trull..
2721 1841 2846 1879 can.
2880 1825 2968 1879 55.

505 1909 599 1962 τοῦ
649 1909 1051 1979 ἐπαγγέλματι.
1089 1910 1248 1980 Ζήτει
1294 1909 1386 1962 τὸν
1438 1911 1514 1964 κδ’
1560 1911 1765 1965 κανόνα
1809 1908 1923 1980 (30)
1969 1910 2072 1980 τῆς
2104 1911 2163 1966 ἐν
2205 1913 2511 1987 Ἀντιοχείᾳ
2545 1917 2766 1971 συνόδου
2811 1919 3037 1989 καὶτῆς
3082 1918 3141 1973 ἐν
3211 1918 3288 1989 τῷ
3356 1916 3621 1990 Τρούλλῳ
3672 1938 3770 1974 κα-

429 1983 635 2082 [λέχεα
661 2002 760 2061 λε’.

579 2098 829 2153 ΖΩΝΑΡ.
863 2098 974 2151 Καὶ
1009 2097 1037 2151 6
1077 2101 1522 2169 τεσσαρακοστὸς
1564 2101 1675 2155 τῶν
1723 2103 1898 2171 ἁγίων
1940 2105 2083 2159 ἀπο-

510 2188 713 2242 στόλων
736 2187 918 2242 κανὼν
942 2190 1150 2259 φανερὰ
1180 2186 1319 2243 εἶναι
1350 2191 1523 2262 ὁρίζει
1546 2192 1612 2246 τὰ
1639 2193 1749 2246 ἴδια
1779 2196 2085 2266 πράγματα

511 2282 606 2335 τοῦ
639 2280 963 2345 ἐπισκόπου,
995 2283 1093 2334 καὶ
1122 2283 1190 2336 τά
1222 2284 1483 2354 Κυριακὰ
1533 2285 1768 2354 φανερὰ,
1800 2288 1895 2339 καὶ
1929 2287 2084 2350 ἐξηυ-

512 2373 634 2426 σίαν
681 2372 865 2426 δίδωσι
894 2372 972 2443 τῷ
1022 2373 1305 2444 ἐπισκόπῳ
1352 2376 1421 2429 τά
1456 2376 1655 2441 οἰκεῖα,
1700 2371 1780 2439 οἷς
1817 2376 2087 2445 βούλεται,

512 2465 968 2533 καταλιμπάνειν.
993 2465 1104 2519 Καὶ
1136 2467 1164 2519 6
1187 2464 1264 2520 κδ’
1293 2467 1392 2537 τῆς
1418 2468 1475 2519 ἐν
1516 2468 1820 2539 Ἀντιοχείᾳ
1861 2470 2085 2522 συνόδου

512 2555 693 2609 κανὼν
720 2556 788 2609 τὰ
822 2557 963 2609 αὐτὰ
979 2556 1347 2611 διατάττεται.
1374 2558 1485 2611 Καὶ
1515 2561 1544 2612 6
1573 2558 1767 2629 παρὼν
1805 2559 1865 2612 δέ
1908 2559 2091 2612 κανὼν

515 2649 850 2720 ἀπαγορεύει
876 2648 947 2702 τὰ
990 2648 1071 2719 τῷ
1103 2651 1392 2722 ἐπισκόπῳ
1425 2652 1757 2722 διαφέροντα
1788 2654 2095 2722 πράγματα

516 2741 666 2810 παρὰ
693 2740 803 2794 τῶν
828 2740 1111 2811 κληρικῶν
1137 2742 1537 2814 διαρπάζεσθαι
1566 2744 1779 2798 ἐκείνου
1811 2744 2088 2805 θανόντος.

518 2831 593 2885 Τὸ
641 2831 720 2897 δὲ,
754 2832 954 2896 Καθὼς
989 2834 1082 2887 καὶ⁵
1133 2838 1247 2899 τοῖς
1298 2837 1827 2906 παραλαμϐάνουσιν
1879 2836 2095 2909 ἀπηγό-

520 2940 736 2993 ρευται,
777 2925 1003 2995 νοητέον
1057 2928 1197 2979 κατά
1234 2928 1325 2981 τὸν
1365 2927 1439 2982 λε’
1495 2931 1700 2984 κανόνα
1752 2930 1853 3000 τῆς
1906 2932 1965 2983 ἐν
2016 2930 2093 3000 τῷ

520 3014 774 3087 Τρούλλῳ
806 3017 1046 3082 συνόῗου⁹
1080 3019 1361 3075 κωλύοντα
1409 3022 1503 3075 καὶ
1546 3024 1638 3075 τὸν
1685 3024 2095 3094 μητροπολίτην

517 3099 563 3172 ᾧ
601 3106 863 3160 ὑπέκειτο
912 3111 941 3162 6
991 3110 1327 3183 τελευτήσας
1372 3113 1695 3178 ἐπίσκοπος,
1727 3116 1866 3186 μήτε
1898 3133 1952 3168 τι
1985 3116 2096 3170 τῶν

520 3199 622 3267 τῆς
683 3200 978 3270 ἐκκλησίας
1040 3201 1178 3272 μήτε
1242 3202 1351 3256 τῶν
1410 3203 1593 3257 ίδικῶν
1651 3204 1747 3257 τοῦ
1791 3207 2093 3259 ἐπισκόπου

2267 2100 2520 2158 ZONAR.
2566 2101 3025 2169 Qttatlragesiuttts
3056 2117 3268 2172 quoque
3296 2114 3607 2159 sanctorum
3640 2121 3771 2175 apo-

2195 2193 2458 2249 stolorum
2509 2206 2703 2255 canon,
2739 2206 2983 2260 quaenam
3015 2193 3254 2262 episcopi
3299 2196 3531 2264 propria:
3562 2211 3774 2265 posses-

2196 2286 2398 2347 siones,
2450 2298 2677 2351 quanque
2709 2281 2813 2336 Deo
2842 2283 3033 2336 dicatae
3065 2284 3195 2348 sint,
3227 2292 3412 2339 notum
3450 2286 3673 2339 omnino
3709 2302 3773 2341 ac

2198 2384 2457 2430 testatum
2510 2388 2631 2428 esse
2661 2374 2900 2427 decernit
2926 2390 2942 2439 ;
2972 2375 3352 2445 episcopoque,
3385 2379 3527 2443 quod
3555 2378 3621 2431 ad
3650 2394 3791 2447 pro-a

2197 2468 2343 2537 prias
2390 2467 2765 2536 possessiones
2812 2466 3024 2530 attinet,
3060 2466 3179 2521 illas
3207 2476 3529 2522 testamento
3553 2470 3776 2524 cuicun-

2194 2578 2299 2633 que
2346 2562 2557 2617 libitum
2609 2561 2771 2617 fuerit
2803 2561 3011 2630 lcgandi
3049 2571 3368 2632 potestatem
3399 2564 3542 2619 facit.
3574 2566 3773 2620 Eadem

2192 2654 2548 2708 Antiocltenae
2610 2654 2799 2722 synodi
2877 2664 3075 2720 quarto
3124 2663 3181 2709 et
3243 2655 3501 2710 vicesimo
3569 2671 3778 2713 canone

2192 2752 2511 2808 constituta.
2545 2750 2658 2804 Hoc
2688 2751 2849 2805 etiam
2881 2765 3111 2812 canone,
3140 2767 3259 2820 qua:
3292 2752 3451 2821 139
3483 2753 3775 2821 episcopus

2195 2844 2411 2914 propria
2440 2844 2699 2913 possedit,
2730 2859 2796 2897 eo
2838 2845 2944 2897 vita
2978 2842 3163 2897 functo
3188 2845 3370 2899 clerici
3403 2859 3591 2912 rapere
3619 2854 3780 2914 atque

2191 2937 2257 2991 ad
2285 2950 2343 2990 se
2368 2944 2610 2990 avertere
2646 2937 3016 3003 prohibentur.
3034 2933 3207 2989 Verba
3234 2944 3413 2990 autem
3447 2937 3535 2989 illa
3568 2934 3781 3007 [quem-

2192 3027 2481 3080 admodum
2548 3027 2950 3081 assumentibus
3016 3041 3230 3096 quoque
3296 3027 3519 3079 vetitum
3570 3025 3779 3097 est]ex

2192 3120 2379 3190 synodi
2437 3114 2705 3173 Tru‘llanze
2733 3134 2935 3173 canone
2965 3119 3238 3174 tricesimo
3268 3119 3457 3186 quinto
3485 3116 3781 3186 intelligere

2196 3211 2355 3266 facile
2389 3221 2494 3266 cst.
2528 3212 2604 3266 Eo
2636 3212 2904 3280 siquidem
2939 3212 3038 3264 loci
3071 3226 3135 3265 nc
3166 3210 3586 3280 metropolitano
3616 3210 3777 3263 etiam

528 3291 981 3361 σφετερίζεσθαι*
1014 3293 1133 3345 ἀλλ’
1181 3294 1229 3347 εί
1287 3296 1389 3364 μὲν
1449 3295 1561 3348 εἶεν
1594 3299 1652 3350 ἐν
1698 3300 1762 3368 τῇ
1817 3297 2093 3367 ἐπισκοπῇ

2201 3305 2480 3374 ερίεςονο,
2532 3319 2652 3358 cum
2705 3304 2900 3374 aliquis
2937 3319 3002 3357 ex
3051 3304 3311 3372 subjectis
3363 3302 3461 3356 sibi
3512 3300 3782 3371 episcopis

525 3384 803 3455 κληρικοὶ,
849 3384 979 3455 παρ’
1023 3386 1253 3441 ἐκείνων
1308 3387 1622 3443 κελεύονται
1670 3390 1739 3443 τὰ
1792 3390 2100 3459 πράγματα

528 3476 912 3546 φυλάττεσθαι,
950 3480 1145 3551 μέχρις
1170 3479 1235 3533 ἂν
1268 3480 1456 3551 ἕτερος
1492 3483 1794 3546 ἐπίσκοπος
1828 3483 2097 3553 γένηται·

527 3570 577 3621 si
608 3570 653 3621 δ’
680 3570 779 3623 οὐκ
834 3569 945 3625 εἷεν
988 3574 1119 3635 ἴσως
1168 3572 1445 3642 κληρικοὶ,
1477 3571 1555 3642 τῷ
1588 3573 1963 3645 μητροπολίτῃ
2002 3572 2103 3643 τὴν

526 3648 1175 3734 τούτων’άνατιθέμενον
1220 3665 1496 3734 φυλακὴν,
1547 3667 1616 3718 ἶν’
1649 3665 1879 3736 ἀποδοίη
1924 3665 2101 3718 ταῦτα

528 3756 933 3825 ἀκαινοτόμητα
987 3756 1066 3826 τῷ
1131 3756 1715 3827 χειροτονηθησομένῳ
1789 3757 2099 3826 ἐπισκόπῳ.

529 3845 1066 3916 Παραλαμϐάνοντας
1108 3844 1203 3902 οὖν
1250 3850 1378 3912 τοὺς
1428 3848 1729 3919 κληρικοὺς
1760 3848 1792 3919 ἢ
1828 3849 1952 3911 τοὺς
1999 3865 2104 3918 μη-

528 3939 852 4009 τροπολίτας
873 3939 1058 4010 φησὶν,
1094 3939 1168 4004 ὡς
1196 3941 1295 4010 τὴν
1327 3941 1434 3993 τῶν
1467 3942 1813 4011 πραγμάτων
1856 3939 2104 4012 φυλακὴν

530 4030 1053 4101 ἐμπιστευομένους.
1090 4031 1218 4097 Τοῖς
1247 4033 1305 4085 δὲ
1327 4029 1729 4103 διαρπάζουσιν
1777 4033 1810 4102 ἢ
1845 4031 2103 4099 νοσφιζο-

533 4124 720 4192 μένοις
767 4141 821 4177 τι
876 4125 987 4177 τῶν
1037 4124 1137 4192 τῆς
1190 4125 1501 4193 ἐπισκοπῆς
1552 4124 1585 4194 ἢ
1642 4124 1737 4177 τοῦ
1797 4124 2104 4179 ἐπισκόπου

533 4217 876 4286 πραγμάτων
931 4216 1204 4285 ἐπιτίμιον
1263 4216 1486 4283 ἐπάγει,
1528 4216 1630 4285 τὴν
1682 4215 1958 4270 ἔκπτωσιν
1990 4215 2102 4269 τῶν

530 4307 751 4362 οἰκείων
778 4306 1022 4378 βαθμῶν.
1054 4307 1507 4378 Καταλιμπάνειν
1540 4308 1598 4361 δὲ
1628 4308 1934 4362 ἐπίσκοπον
1957 4307 2107 4376 αἱρε-

532 4402 706 4462 τικοῖς
757 4400 826 4453 τὰ
872 4401 1045 4453 οἰκεῖα
1107 4400 1436 4464 κεκώλυται,
1473 4400 1679 4469 μᾶλλον
1728 4400 1785 4454 δὲ
1846 4400 2109 4463 τοιούτοις

536 4492 858 4546 καταλιπὼν
897 4491 994 4545 καὶ
1035 4492 1140 4544 ὑπὸ
1185 4491 1434 4560 ἀνάθεμά
1477 4493 1665 4545 ἐστιν’
1711 4491 1996 4545 ἁδιαθέτου
2050 4490 2109 4543 δέ

535 4585 629 4638 τοῦ
659 4584 960 4638 ἐπισκόπου
1005 4585 1459 4654 τελευτήσαντος,
1499 4586 1526 4635 ὁ
1578 4583 1696 4653 μετ’
1741 4583 1949 4636 ἐκεῖνον
1991 4583 2111 4635 ἐπί-

2208 3396 2527 3460 decesserit,
2590 3396 2671 3450 vel
2741 3412 2803 3449 ex
2838 3396 3084 3451 ecclesiae
3122 3395 3201 3448 vel
3236 3410 3301 3449 ex
3341 3394 3515 3463 ipsius
3543 3392 3780 3461 episcopi

2210 3486 2369 3541 bonis
2423 3488 2715 3557 quidquam
2753 3488 2806 3541 in
2870 3504 2986 3541 rem
3036 3502 3189 3540 suam
3251 3494 3571 3540 convertere
3623 3483 3784 3537 liceat

2212 3578 2606 3635 interdictum:
2656 3580 2749 3636 sed
2799 3581 3063 3650 siquidm“
3121 3580 3174 3633 ill
3232 3580 3545 3647 episcopatu
3597 3575 3781 3631 clerici

2211 3671 2375 3737 aliqui
2412 3673 2556 3740 sint,
2602 3688 2788 3727 eorum
2820 3674 2940 3727 fidei
2971 3675 3050 3743 ac}
3080 3673 3371 3741 diligentiae
3393 3714 3408 3735 ,
3442 3672 3617 3740 quoad
3650 3667 3786 3722 alter

2210 3763 2500 3834 episcopus
2551 3764 2894 3833 subrogetur,
2928 3781 2988 3819 ea
3024 3766 3160 3819 bona
3210 3764 3590 3817 commendata
3620 3774 3783 3823 esse;

2215 3856 2300 3910 sin
2350 3872 2479 3911 vero
2509 3857 2639 3910 nulli
2673 3856 2899 3912 forsitan
2932 3858 3041 3913 sint
3068 3857 3272 3920 clerici,
3303 3871 3333 3909 a
3366 3853 3783 3922 metropolitano

2214 3946 2423 4001 interea
2463 3947 2756 4013 asservari,
2805 3948 2986 4016 eique,
3041 3947 3133 4016 qui
3171 3945 3433 4001 suffectus
3477 3944 3642 3997 fuerit
3673 3942 3787 4009 epi-

2213 4053 2399 4106 scopo,
2446 4042 2511 4093 ad
2544 4040 2779 4094 libellam
2819 4041 3001 4095 omnia
3035 4039 3184 4093 reddi
3213 4037 3471 4104 julietur;
3510 4047 3788 4088 asstnuen-

2217 4129 2348 4183 tium
2378 4144 2508 4199 ergo
2553 4130 2770 4185 nomine
2817 4131 3044 4185 clericos
3090 4138 3185 4184 aut
3216 4127 3661 4197 metropolitanos
3704 4125 3788 4177 iu-

2216 4219 2431 4303 telligjt,
2483 4236 2712 4289 quorum
2768 4221 2889 4275 ﬁdei
2919 4236 3006 4276 res
3051 4221 3153 4274 illa:
3194 4220 3413 4274 creditae
3441 4227 3604 4286 atque
3643 4229 3791 4267 com-

2217 4312 2482 4366 mendam
2526 4321 2670 4365 sunt.
2702 4313 2802 4378 Qui
2843 4326 2969 4366 vero
2993 4312 3197 4382 aliquid
3222 4326 3291 4365 ex
3317 4308 3474 4364 bonis
3501 4307 3787 4376 episcopa-

2220 4411 2328 4466 tus,
2383 4412 2472 4455 aut
2524 4403 2759 4472 episcopi
2813 4404 3046 4471 propriis
3100 4402 3321 4471 rapiunt
3372 4412 3465 4453 aut
3529 4398 3786 4458 alienant,

2217 4494 2465 4548 ordinum
2497 4511 2716 4549 suorum
2759 4497 3014 4564 gradibus
3043 4495 3279 4548 amoveri
3310 4492 3570 4547 decernit.
3607 4489 3790 4543 limare-

2222 4584 2356 4639 ticos
2391 4596 2570 4640 autem
2607 4596 2932 4642 testamento
2983 4586 3222 4639 lucredes
3272 4584 3511 4639 st‘ribcre
3546 4579 3786 4650 episcopi

539 4695 742 4741 σκοπός
790 4677 860 4731 τὰ
914 4677 1126 4731 ἐκείνου
1177 4675 1386 4747 ὡρίσθη
1442 4676 1751 4746 οἰκονομεῖν
1803 4676 2093 4745 πράγματα

2216 4676 2613 4745 prohibentur:
2645 4677 2801 4747 quin,
2854 4679 2900 4732 si
2942 4677 3191 4740 fecerint,
3232 4676 3397 4730 etiam
3444 4674 3791 4727 anathemate

539 4769 850 4835 θεαρὲστως
888 4769 1033 4822 κατὰ
1066 4768 1159 4822 τὸν
1208 4765 1290 4837 κβ¹
1315 4765 1410 4820 καὶ
1441 4773 1531 4820 πα¹
1562 4767 1663 4837 τῆς
1694 4766 1753 4819 ἐν
1774 4766 2110 4839 Καρθαγένῃ

541 4861 760 4914 συνόδου
794 4859 1013 4914 κανόνα.

2217 4781 2310 4822 eos
2357 4770 2527 4824 teneri
2568 4772 2945 4825 constitutum.
2978 4769 3133 4838 Quod
3180 4769 3226 4825 si
3255 4769 3403 4823 nullo
3451 4767 3594 4822 faeto
3625 4775 3791 4818 testa~

2220 4867 2401 4914 mento
2425 4859 2709 4930 episcopus
2733 4861 3046 4923 decesserit,
3070 4860 3379 4930 quicunque
3405 4860 3455 4911 in
3479 4858 3593 4926 ejus
3616 4855 3789 4907 locum

542 4953 703 5009 fuerit
729 4952 1008 5017 sulfectus,
1039 4951 1105 5008 de
1137 4951 1281 5007 illius
1313 4949 1544 5006 fortunis
1571 4964 1637 5005 ex
1665 4949 1735 5005 22
1764 4958 1821 5005 et
1861 4949 1925 5006 8|
1972 4964 2097 5021 syu.
2137 4949 2322 5006 Cartlt.
2361 4968 2483 5007 can.
2519 4956 2663 5025 quod
2698 4954 2808 5009 Deo
2863 4954 3231 5024 gratissimum
3307 4952 3423 5004 fore
3503 4944 3794 5001 arbitrabi-

543 5058 653 5108 tur.
688 5054 912 5102 statuet.

545 5139 765 5193 ΔΡΙΣΤ.
802 5138 867 5193 '0
900 5139 971 5204 ἐξ
999 5139 1329 5205 ἀνθρώπων
1346 5139 1685 5194 ἐπισκόπου
1707 5138 2112 5209 γεγενημένου

612 5228 685 5281 τὰ
729 5229 967 5285 ἐκείνου
1028 5228 1300 5299 ἁρπάζων
1370 5229 1477 5285 τοῦ
1541 5230 1783 5300 βαθμοῦ
1849 5229 2112 5299 ἁμαρτή-

611 5336 805 5379 σεται.

2219 5138 2447 5196 AllIST.
2483 5138 2585 5204 Qui
2616 5138 2854 5207 episwpo
2889 5134 2993 5189 vita
3024 5124 3238 5202 functo,
3281 5130 3423 5183 illius
3468 5127 3601 5180 bona
3632 5126 3791 5191 rapit,

2758 5228 2928 5298 gradu
2964 5227 3261 5294 dejicielur.

1770 5437 1958 5499 Guill.
1982 5437 2308 5517 Bevcregii
2346 5443 2532 5497 nota).

621 5540 732 5606 (50)
755 5538 927 5603 Ζήτει
954 5538 1061 5592 τὸν
1091 5537 1178 5593 κδ’
1210 5540 1461 5596 κανόνα.
1482 5540 1584 5593 Pro
1615 5537 1699 5592 his
1726 5539 1927 5604 verbis,
1953 5555 2121 5605 usque

551 5610 613 5661 ad
678 5613 837 5662 linem
889 5610 1398 5677 interpretationis,
1459 5609 1589 5661 nilul
1652 5609 1797 5660 aliud
1852 5609 1902 5660 in
1954 5610 2119 5675 priori

556 5679 892 5732 Balsamouis
924 5679 1159 5732 editione
1205 5679 1389 5733 Graeca
1453 5681 1712 5741 occurrit,
1770 5694 1930 5745 quam
1971 5677 2122 5744 ζήτει

555 5750 649 5801 καὶ
676 5749 769 5800 τὸν
796 5750 853 5801 ἐν
877 5747 951 5817 τῷ
969 5748 1225 5819 Τρούλλῳ
1251 5766 1377 5818 κεφ.
1401 5748 1491 5803 λε’.
1530 5748 1633 5801 Sed
1669 5758 1865 5802 nostra:
1902 5748 2118 5801 lectioni

2229 5539 2594 5608 euﬂ'ragantur
2620 5551 2722 5591 ms.
2743 5529 3100 5608 llasjlecnsis,
3134 5528 3286 5608 isque
3312 5541 3468 5607 quem
3498 5524 3794 5608 Gentianus

2229 5599 2493 5664 llerveius
2528 5606 2819 5661 transtulit.
2850 5603 3051 5657 Lucum
3086 5599 3246 5652 etiam
3277 5599 3327 5652 in
3363 5599 3527 5664 priori
3555 5599 3791 5648 editione

2224 5689 2537 5745 corruptum
2573 5693 2715 5743 esse,
2780 5692 2841 5728 ex
2875 5673 3004 5745 ipsis
3032 5671 3219 5725 verbis.
3243 5670 3416 5723 cuivis
3446 5683 3506 5722 ca
3538 5665 3793 5721 conside-

2224 5750 2365 5803 rztttti
2406 5759 2572 5820 putet.
