4138 6210
409 235 506 301 471
1666 238 1942 301 THECD.
1979 241 2069 300 BA
2083 243 2381 303 [.SAMON
3551 243 3652 301 4Τέ

413 358 575 420 uitos,
602 366 667 407 ex
702 352 834 408 urbe
876 350 929 406 in
955 366 1115 422 quam
1148 352 1531 425 immigrarunt
1564 355 1830 407 excedere
1865 354 1977 407 vult

2084 378 2202 424 τους
2222 361 2316 414 οὖν
2347 358 2497 427 παρὰ
2525 358 2632 412 τῶν
2658 356 2885 411 ἐκδίκων
2907 353 3383 424 ύπομιμνήκεσθαι
3406 352 3651 422 βούλεται

410 461 625 509 canon;
675 453 1029 499 contumaces
1079 460 1209 499 vero
1237 462 1300 500 ac
1332 448 1383 500 in
1416 462 1510 500 sua
1543 447 1973 516 importunitate.

409 536 771 592 inobedientia
801 535 1052 591 videlicet
1084 536 1523 607 impndentiaqne
1539 536 1875 602 obﬁrmatos,
1894 536 1977 588 vel

406 630 821 683 commissorum
858 628 959 683 sibi
1008 627 1172 683 etiam
1223 630 1562 699 negotiorum
1618 629 1974 683 administra-

410 722 610 775 tionem
646 722 924 778 mordicus
956 723 1281 787 retinentes,
1335 723 1461 789 ejici
1496 739 1523 777 a
1559 723 1848 777 defensore
1893 722 1975 776 vel

408 814 626 879 invitos,
661 822 823 883 atque
861 816 913 867 in
959 830 1107 867 suam
1153 816 1447 870 stationem
1500 815 1747 886 compelli
1797 815 1970 883 jubet.

408 903 716 973 Eademque
758 904 1147 960 constitutione
1187 908 1484 961 monachos
1534 921 1751 976 quoque
1803 906 1972 961 teneri

405 996 679 1049 decretura
706 1005 810 1050 est.

406 1085 634 1143 ARIST.
668 1088 860 1145 Clerici
889 1100 936 1144 et
961 1090 1201 1146 monachi
1222 1092 1311 1160 qui
1340 1089 1568 1158 episcopi
1595 1089 1804 1158 injussu
1831 1088 1972 1144 Con-

473 1181 816 1248 stantinopoli
847 1193 1262 1248 commorantur,
1289 1192 1336 1235 et
1368 1183 1545 1234 turbas
1571 1182 1820 1242 excitant,
1848 1182 1972 1235 urbe

476 1273 831 1342 expelluntur.

473 1471 663 1535 Clerici
719 1480 811 1525 aut
867 1472 1114 1525 monachi
1182 1471 1273 1539 qui
1334 1483 1528 1541 praeter
1588 1472 1825 1542 episc0pi
1887 1472 1967 1526 sui

404 1564 730 1620 sententiam
796 1563 1267 1633 COttslautinopoli
1336 1565 1718 1629 inveniuntur,
1784 1572 1840 1616 et
1897 1562 1966 1616 ibi

403 1655 828 1715 ecclesiasticum
900 1656 1220 1724 perturbant
1294 1665 1535 1720 statum,
1586 1658 1652 1709 ab
1716 1656 1971 1710 Ecclesiae

404 1745 1016 1816 Constantinopolitanae
1074 1749 1313 1801 esarcho
1378 1748 1602 1805 civitate
1690 1749 1965 1817 eXpellan-

407 1845 520 1899 tur.

954 1971 1193 2028 CANON
1235 1973 1424 2030 XXIV.

409 2081 541 2149 Qua:
571 2086 729 2138 semel
750 2083 1021 2140 vohmtate
1043 2086 1269 2155 episcopi
1300 2097 1610 2143 consecrata
1645 2100 1763 2143 sunt
1791 2107 1977 2145 mona-

477 2181 662 2244 steria,
689 2190 935 2247 perpetuo
956 2197 1169 2235 manere
1197 2184 1544 2246 monasteria,
1570 2194 1617 2238 et
1650 2200 1730 2238 res
1762 2201 1878 2252 quae
1908 2185 1976 2238 ad

479 2287 547 2326 ea
592 2272 855 2339 pertinent
907 2274 1144 2335 servari,
1204 2290 1364 2343 eaque
1420 2290 1524 2328 non
1576 2276 1803 2342 amplius
1861 2276 1979 2344 ﬁeri

460 2354 760 2417 rswcularia
809 2362 1137 2418 habitacula.
1181 2362 1285 2417 Eos
1335 2374 1530 2431 autem,
1582 2366 1672 2436 qui
1720 2368 1815 2420 hoc
1862 2367 1980 2436 fieri

477 2454 805 2521 permittunt,
836 2468 1093 2507 canonum
1122 2454 1291 2523 poenis
1322 2454 1537 2523 subjici.

482 2648 673 2708 BALS.
704 2650 952 2705 Praesens
974 2664 1165 2714 canon,
1215 2649 1305 2722 qui
1345 2650 1536 2704 statuit
1569 2665 1672 2704 non
1717 2651 1827 2706 tieri
1875 2667 1979 2707 sas-

409 2743 613 2798 cularia
674 2742 994 2806 diversoria,
1061 2756 1162 2795 nec
1217 2742 1522 2796 communia
1574 2742 1689 2797 ﬁeri
1738 2758 1859 2813 qua:
1916 2746 1980 2800 de

411 2832 655 2904 episcopi
699 2834 967 2891 sententia
1001 2841 1319 2887 consecrata
1347 2840 1475 2887 sunt
1503 2835 1853 2899 monasteria,
1886 2849 1981 2890 eas

410 2938 625 3002 quoque
650 2937 738 2978 res
760 2924 988 2989 servari,
1019 2940 1140 2994 quae
1174 2924 1239 2980 ad
1276 2927 1385 2995 ipsa
1421 2926 1716 2993 pertinent,
1747 2939 1804 2981 ut
1832 2937 1885 2981 et
1911 2927 1977 2982 de

2082 452 2108 504 ὃ
2141 452 2316 506 κανὼν
2337 452 2567 517 ἐξελθεῖν
2583 452 2680 519 τῆς
2698 450 2922 513 πόλεως,
3010 445 3364 516 παροικοῦσιν
3382 462 3398 475 ·
3418 447 3465 498 εἰ
3499 445 3555 497 δὲ
3582 446 3656 514 μὴ

2082 542 2376 607 πείθοιντο,
2408 545 2517 604 τοῖς
2546 542 2728 601 αὐτοῖς
2764 540 2818 591 δὲ
2858 539 3180 606 πράγμασιν
3214 536 3547 605 ὲπιμένοιεν,
3584 538 3652 603 τῇ

2079 636 2414 708 ἁνυποταξίᾳ
2428 634 2628 706 δηλαδὴ
2642 634 2737 686 καὶ
2755 630 3127 700 ἀναισχυντίᾳ,
3142 629 3173 699 ἦ
3188 632 3252 699 τῇ
3266 629 3435 695 διοική
3444 644 3526 680 σει
3543 626 3656 679 τῶν

2080 730 2263 791 αὐτοῖς
2314 727 2762 798 ὲγχειρισθέντων
2846 722 3231 790 πραγμάτων,
3284 719 3651 773 ἐκϐάλλεσθαι

2080 820 2175 872 καὶ
2203 820 2431 879 ἄκοντας
2455 818 2482 868 ὁ
2515 816 2695 867 κανὼν
2725 813 3067 866 διατάττεται
3106 809 3257 879 παρὰ
3288 808 3381 861 τοῦ
3413 808 3650 872 ἑκδίκου,

2076 910 2173 963 καὶ⁵
2219 911 2298 970 είς
2325 910 2451 968 τοὺς
2487 907 2648 970 ίδίους
2688 905 2906 960 ἀπιέναι
2939 904 3155 965 τόπους.
3217 902 3299 953 Τὰ
3324 900 3461 953 αὐτὰ
3561 899 3655 952 καὶ

2077 1020 2145 1054 πε
2153 1002 2206 1071 pi.
2232 1000 2502 1069 μοναχῶν.

2075 1093 2299 1146 ΔΡΙΣΤ.
2360 1095 2424 1143 Ol
2482 1091 2821 1143 ἐπισκόπου
2876 1088 3017 1155 δίχα
3068 1084 3143 1154 τῇ
3196 1084 3655 1141 Κωνσταντίνου

2145 1186 2547 1251 διατρίϐοντες
2600 1184 2773 1235 πόλει
2803 1179 3078 1248 κληρικοί
3123 1179 3223 1230 καὶ
3267 1172 3655 1246 μονάζοντες,

2145 1276 2243 1330 καί
2283 1275 2546 1342 ταραχὰς
2575 1274 3005 1342 ἀνεγείροντες,
3059 1268 3161 1337 τῆς
3195 1270 3428 1333 πόλεως
3477 1266 3658 1319 ἐλαυ-

2140 1368 2474 1424 νέσθωσον.

2148 1477 2210 1529 Οἱ
2244 1475 2396 1546 παρὰ
2432 1474 2660 1544 γνώμης
2712 1473 2807 1527 τοῦ
2865 1473 2996 1526 ἰδίου
3035 1471 3339 1523 ἐπισκόπου
3396 1464 3656 1537 εὑρισκό-

2080 1587 2228 1639 μενοι
2269 1571 2327 1622 ὲν
2375 1565 2957 1623 Κωνσταντινουπόλει
3007 1564 3263 1631 κληρικοι
3324 1560 3421 1612 καὶ
3481 1557 3650 1627 μονάο

2080 1660 2265 1723 ζοντες
2293 1656 2430 1727 (52),
2468 1658 2560 1708 καὶ
2606 1656 2707 1725 τὴν
2764 1651 3232 1722 ὲκκλησιαστικὴν
3294 1647 3654 1719 θορυϐοῦντες

2078 1750 2436 1808 κατάστασιν,
2466 1747 2552 1799 διὰ
2582 1746 2675 1798 τοῦ
2713 1745 2931 1797 ὲκδίκου
2966 1745 3063 1813 τῆς
3094 1742 3237 1796 κατὰ
3294 1743 3648 1793 Κωνσταντι-

2097 1837 2351 1893 νούπολιν
2384 1834 2824 1905 Ἐκκλησίαςτῆς
2838 1834 3042 1896 πόλεως
3073 1830 3503 1885 ὲλαυνέσθωσαν.

2661 1967 2900 2022 ΚΔΝΩΝ
2940 1968 3068 2021 ΚΔ⁹.

2086 2087 2161 2143 Τὰ
2194 2085 2357 2149 ἅπαξ
2378 2080 2805 2150 καθιερωθέντα
2827 2080 3208 2148 μοναστήρια
3237 2077 3387 2131 κατὰ
3413 2076 3659 2147 γνώμην

2148 2179 2489 2232 ἐπισκόπου
2512 2174 2721 2243 μένειν
2744 2173 2831 2238 είς
2852 2173 2917 2225 τὸ
2951 2170 3229 2237 διηνεκὲς
3261 2169 3644 2238 μοναστήρια

2150 2270 2249 2325 καί
2268 2269 2339 2323 τὰ
2351 2268 2657 2337 ἀνήκοντα
2673 2265 2876 2330 αὐτοῖς
2894 2264 3206 2333 πράγματα
3227 2262 3654 2331 φυλάττεσθαι,

2150 2364 2246 2418 καί
2273 2362 2480 2435 μηκέτι
2525 2359 2800 2427 γίνεσθαι
2852 2357 3039 2409 ταῦτα
3071 2354 3336 2422 κοσμικὰ
3393 2352 3655 2420 καταγώ-

2150 2470 2272 2523 qua.
2333 2452 2481 2517 Τοὺς
2512 2450 2581 2503 δὲ
2623 2447 3095 2517 συγχωροῦντας
3145 2447 3323 2499 τοῦτο
3385 2446 3656 2512 γίνεσθαι

2152 2546 2509 2601 ὑποκεῖσθαι
2532 2542 2657 2607 τοῖς
2688 2543 2757 2595 ἐκ
2784 2539 2902 2594 τῶν
2933 2541 3207 2593 κανόνων
3230 2538 3565 2606 ἐπιτιμίοις.

2152 2656 2347 2712 ΒΑΛΣ.
2386 2656 2447 2708 '0
2506 2653 2694 2723 παρὼν
2747 2654 2926 2706 κανὼν
2980 2648 3347 2722 διοριζόμενος
3398 2648 3473 2718 μὴ
3513 2648 3663 2716 γίνε-

2083 2748 2210 2803 σθαι
2234 2746 2475 2817 κοσμικὰ
2512 2744 2858 2813 καταγώγια,
2899 2743 3032 2813 μηδὲ
3064 2741 3378 2796 κοινοῦσθαι
3405 2740 3476 2794 τὰ
3515 2739 3659 2793 κατὰ

2082 2841 2311 2913 γνώμην
2347 2841 2441 2894 τοῦ
2478 2840 2780 2895 ἐπισκόπου
2828 2836 3241 2907 καθιερωθέντα
3295 2833 3655 2903 μοναστήρια,

2084 2933 2452 3005 φυλάττεσθαι
2476 2932 2534 2986 δὲ
2568 2950 2665 2985 και
2690 2931 2757 2984 τὰ
2783 2931 3054 2999 ἀνήκοντα
3094 2930 3285 2991 αὐτοῖς
3329 2928 3655 2995 πράγματα,

411 3014 861 3071 monasteriorum
885 3016 1242 3070 aediﬁcatione
1269 3018 1431 3071 tacite
1451 3019 1714 3086 praacipit,
1745 3033 1807 3075 ea
1836 3021 1979 3088 quod

2084 3023 2423 3095 ἅσυμφανῶς
2455 3022 2921 3094 παρακελεύεται,
2964 3019 3062 3074 καὶ
3094 3021 3163 3074 τὰ
3196 3020 3328 3088 περὶ
3366 3019 3467 3087 τῆς
3495 3017 3659 3090 ποιήτ-

409 3108 545 3169 dicit
576 3106 812 3177 episcopi
835 3105 1138 3161 voluntate.
1169 3106 1278 3162 Sed
1308 3110 1578 3177 quomodo
1604 3110 1717 3165 lieri
1751 3112 1982 3166 debeant

414 3199 765 3265 monasteria,
813 3213 842 3252 a
889 3199 1064 3269 primo
1098 3214 1306 3255 canone
1355 3201 1546 3272 synodi
1598 3217 1716 3271 qua:
1770 3202 1869 3258 fuit
1928 3204 1979 3258 in

414 3290 611 3365 templo
641 3290 966 3347 Sanctorum
1016 3276 1420 3362 Apostolorum,
1458 3291 1630 3347 fusius
1675 3294 1893 3361 disces;
1929 3304 1985 3350 et

414 3385 581 3440 etiam
617 3400 647 3437 a
679 3383 853 3457 primo
900 3383 1081 3453 capite
1127 3384 1287 3454 primi
1332 3385 1419 3438 tit.
1482 3400 1533 3439 tv
1592 3386 1714 3440 libri
1758 3385 1979 3441 Basilio.

415 3473 556 3552 quod
599 3481 686 3527 est
735 3488 853 3541 cap.
909 3472 1147 3540 52,125
1200 3472 1492 3529 Justiniani
1555 3474 1811 3543 Novella},
1863 3491 1984 3546 quae

414 3565 735 3636 (ιοιιιρειιιιὶο
791 3565 966 3635 posita
1008 3576 1092 3620 est
1122 3565 1229 3619 iul
1279 3580 1399 3634 cap.
1450 3566 1511 3620 Η
1561 3566 1646 3621 tit.
1703 3565 1984 3634 praesentis

413 3658 612 3728 operis.
648 3654 1065 3725 lnterrogaverit
1097 3665 1275 3710 autem
1301 3657 1589 3726 quiSpiam,
1611 3671 1730 3711 cum
1751 3671 1981 3726 quanam

414 3748 658 3807 custodia
708 3762 796 3804 res
827 3747 1284 3803 monasteriorum
1330 3748 1537 3802 servari
1563 3746 1750 3816 jubeat
1776 3761 1973 3814 canon,

415 3854 472 3901 et
499 3856 746 3913 quanam
775 3856 853 3897 ea:
884 3841 1016 3897 sint.
1064 3841 1141 3895 Ac
1170 3842 1412 3896 nonnulli
1465 3841 1683 3910 quidem
1726 3839 1985 3893 dixerunt

413 3935 594 3991 omnia
623 3933 1078 3990 monasteriorum
1109 3943 1219 3991 tam
1247 3932 1470 3987 mobilia
1493 3948 1657 4002 quam
1686 3931 1980 3985 immobilia

415 4038 473 4082 ut
504 4027 621 4097 ipsa
650 4027 817 4085 etiam
848 4026 1182 4081 monasteria
1232 4025 1598 4080 inalienabilia
1638 4025 1979 4079 conservari.

412 4119 543 4183 Mihi
572 4128 749 4175 autem
790 4118 1005 4172 videtur
1028 4132 1202 4170 canon
1241 4118 1328 4172 hic
1356 4116 1503 4187 loqui
1540 4118 1608 4171 de
1655 4131 1845 4186 magna
1881 4129 1984 4170 cu-

413 4210 612 4276 stodia,
642 4225 851 4266 summa
880 4208 1089 4265 scilicet
1121 4208 1421 4277 diligentia.
1450 4206 1811 4262 lmmobilium
1838 4207 1980 4260 enim

413 4302 481 4355 ad
511 4315 574 4355 ea
620 4297 1026 4369 pertinentium,
1071 4306 1126 4351 et
1166 4308 1428 4366 praeterea
1488 4297 1652 4351 etiam
1702 4311 1983 4351 sacrorum

413 4405 667 4447 vasorum
698 4403 1085 4457 nonnunquam
1122 4386 1378 4440 alienatio
1426 4386 1813 4455 permittitur..
1845 4386 1984 4451 Lege

416 4494 584 4541 totum
613 4482 648 4541 2
694 4479 776 4533 tit.
813 4479 909 4535 lib.
945 4493 977 4527 ν
1017 4476 1233 4538 Basilic.
1262 4478 1542 4531 docentem
1568 4476 1733 4546 justis
1758 4476 1983 4546 quibus-

414 4575 538 4627 dam
569 4571 634 4625 de
659 4570 862 4637 causis,
896 4584 1005 4625 non
1032 4566 1207 4623 solum
1248 4567 1365 4621 dari
1396 4565 1626 4636 pignori,
1657 4568 1751 4621 sed
1788 4567 1981 4635 quavis

414 4665 581 4725 etiam
613 4660 940 4715 alienatione
972 4658 1196 4714 alienari
1220 4660 1573 4714 ecclesiarum
1608 4659 1903 4714 immobilia
1926 4668 1982 4712 et

415 4772 578 4815 sacra
602 4769 749 4808 vasa.
775 4751 1041 4824 Quoniam
1075 4759 1257 4805 autem
1294 4750 1423 4805 dicit
1461 4765 1575 4817 eos,
1629 4752 1719 4823 qui
1753 4752 1979 4822 permit-

419 4858 538 4905 tunt
567 4847 877 4904 communia
914 4846 1027 4900 ﬁeri
1075 4846 1424 4908 monasteria,
1479 4858 1750 4899 canonum
1802 4845 1982 4914 ptenis

415 4941 633 5009 subjici,
653 4939 928 5010 rogaverit
959 4936 1250 5007 quispiam,
1286 4950 1532 5007 quasnam
1561 4952 1639 4991 ea;
1664 4937 1792 4991 sint.
1829 4936 1984 4991 Scias

416 5049 545 5104 ergo
598 5033 741 5101 quod
797 5030 865 5093 15
914 5044 1088 5093 canon
1128 5029 1158 5082 7
1189 5043 1309 5098 syu.
1358 5027 1509 5093 dicit,
1550 5043 1645 5083 eos
1686 5028 1778 5097 qui
1829 5042 1983 5083 sacra

416 5124 720 5180 ctmnnunia
747 5122 971 5187 iaciunt,
1004 5130 1057 5176 et
1086 5136 1148 5176 ea
1181 5119 1236 5174 in
1277 5119 1556 5188 antiquam
1600 5117 1828 5171 formam
1876 5132 1982 5172 non

418 5215 728 5283 restituunt,
749 5215 797 5273 si
818 5213 1154 5285 sintquidem
1184 5215 1520 5273 sacerdotes,
1534 5208 1729 5267 debere
1745 5208 1941 5277 deponi
1968 5224 1983 5264 :

2085 3131 2223 3178 σεως
2250 3113 2358 3166 τῶν
2389 3110 2793 3183 μοναστηρίων,
2841 3108 2929 3161 διὰ
2953 3108 3048 3161 τοῦ
3083 3108 3281 3170 εἰπεῖν,
3309 3105 3454 3158 κατὰ
3512 3102 3653 3172 γνὼ-

2088 3223 2195 3276 μην
2242 3203 2339 3259 τού
2378 3203 2703 3257 ἐπισκόπου.
2763 3201 3000 3271 Μαθήσῃ
3026 3199 3082 3253 δὲ
3147 3198 3482 3267 πλατύτερον
3536 3195 3657 3258 πῶς

2083 3296 2358 3364 ὀφείλουσι
2385 3295 2634 3363 γίνεσθαι
2692 3295 2760 3348 τὰ
2818 3297 3160 3364 μοναστήρια
3189 3293 3296 3345 ἀπὸ
3340 3291 3435 3343 τοῦ
3462 3289 3512 3344 α’
3550 3305 3653 3341 κα-

2085 3389 2232 3451 νόνος
2264 3391 2362 3458 τῆς
2395 3391 2450 3441 ὲν
2480 3388 2555 3457 τῷ
2577 3387 2689 3456 ναῷ
2719 3387 2828 3440 τῶν
2864 3386 3062 3451 ’Λγίων
3086 3385 3425 3438 ’Λποστόλων
3457 3382 3657 3435 συστὰ-

2086 3496 2184 3550 σης
2222 3479 2459 3546 συνόδου,
2501 3481 2596 3532 καὶ
2623 3479 2731 3532 ἀπὸ
2768 3478 2861 3531 τοῦ
2879 3476 2927 3531 α’
2954 3495 3078 3545 κεφ.
3114 3475 3208 3529 τοῦ
3233 3482 3280 3529 α’
3302 3475 3482 3528 τίτλου
3499 3472 3590 3526 τοῦ
3615 3470 3656 3526 δ’

2088 3572 2291 3643 βιϐλίου
2356 3572 2462 3625 τῶν
2509 3570 2816 3625 Βασιλικῶν
2844 3571 2981 3638 ὅπερ
3004 3570 3121 3621 ἐστὶ
3144 3586 3269 3636 κεφ.
3299 3568 3379 3638 νβ’
3403 3567 3502 3636 τῆς
3539 3560 3651 3634 ρκγ⁹

2095 3663 2518 3719 Ἰουστινιανείου
2548 3661 2788 3732 Νεαρᾶς,
2815 3659 3134 3728 συνοψισθὲν
3164 3661 3242 3720 είς
3269 3658 3329 3711 τδ
3352 3655 3401 3710 α’
3419 3674 3546 3724 κεφ.
3564 3653 3657 3708 τοῦ

2088 3756 2155 3810 ια’
2206 3757 2385 3811 τίτλου
2439 3754 2534 3808 τοῦ
2585 3754 2850 3825 παρόντος
2903 3752 3297 3821 συντάγματος.
3361 3747 3660 3818 Ἐρωτήσει

2085 3847 2142 3901 δέ
2176 3865 2260 3911 τις
2289 3846 2430 3918 μετὰ
2453 3846 2612 3909 ποίας
2657 3844 2907 3914 φυλακῆς
2945 3845 3015 3896 τὰ
3054 3844 3361 3914 πράγματα
3386 3834 3506 3893 ’τῶν
3563 3855 3658 3909 μο-

2083 3939 2393 4009 ναστηρίων
2447 3936 2817 4006 φυλάττεσθαι
2876 3939 2904 3990 ὁ
2953 3934 3136 3989 κανὼν
3180 3930 3650 4003 παρακελεύεται,

2086 4032 2183 4086 καὶ
2213 4033 2339 4085 ποία
2378 4030 2552 4084 ταῦτά
2576 4034 2702 4086 εἰσι.
2728 4030 2835 4084 Καί
2872 4046 3018 4089 τινες
3064 4028 3162 4098 μὲν
3215 4024 3369 4079 εἷπον
3421 4025 3658 4093 ὀφείλειν

2086 4121 2262 4175 πάντα
2299 4121 2369 4174 τὰ
2397 4121 2508 4174 τῶν
2554 4121 2939 4190 μοναστηρὶων
2995 4116 3192 4188 κινητὰ
3242 4117 3337 4170 καὶ
3398 4117 3655 4185 ἀκίνητα,

2083 4210 2160 4275 ὡς
2181 4213 2275 4265 καὶ
2290 4212 2427 4265 αὐτὰ
2444 4212 2510 4264 τὰ
2537 4214 2875 4281 μοναστήρια
2895 4208 3281 4279 συντηρεῖσθαι
3300 4208 3655 4278 ἁνεκποίητα·

2090 4302 2214 4372 ἐμοὶ
2241 4301 2321 4354 δὲ’
2346 4303 2494 4355 δοκεῖ
2532 4302 2670 4355 ὅτιὸ
2707 4302 2884 4355 κανὼν
2916 4299 3154 4354 ενταῦθα
3216 4300 3348 4368 περὶ
3411 4299 3659 4369 φυλακῆς

2020 4366 2062 4421 D
2089 4366 2238 4463 λέγει
2270 4392 2534 4463 μεγάλης,
2565 4392 2805 4461 δηλονότι
2838 4391 3016 4463 ἄκρας
3035 4366 3375 4461 ἐπιμελείας.
3402 4366 3525 4443 Τῶν
3545 4366 3659 4460 γάρ

2090 4486 2456 4555 διαφερόντων
2484 4484 2698 4547 τούτοις
2748 4485 3046 4553 ἀκινήτων,
3098 4484 3235 4553 πρὸς
3261 4484 3319 4537 δὲ
3363 4484 3460 4536 καὶ
3499 4484 3660 4536 τινῶν

2094 4575 2256 4644 ἱερῶν
2292 4575 2525 4637 σκευῶν,
2574 4574 2724 4627 ἐστιν
2752 4575 2843 4627 ὅτε
2877 4576 2909 4643 ἡ
2939 4573 3227 4643 ἐκποίησις
3278 4573 3655 4642 ἐπιτρέπεται.

2094 4667 2203 4719 Καὶ
2228 4665 2506 4734 ἀνάγνωθι
2536 4664 2628 4717 τὸν
2649 4665 2769 4717 ὅλον
2812 4663 3067 4733 δεύτερον
3130 4662 3304 4716 τίτλον
3340 4663 3435 4716 τοῦ
3471 4661 3512 4715 ε’
3578 4662 3659 4731 βι-

2094 4756 2244 4809 6λίου
2271 4757 2380 4809 τῶν
2411 4755 2736 4820 Βασιλικῶν,
2757 4755 3080 4808 διδάσκοντα
3108 4753 3167 4820 ἐξ
3198 4753 3437 4821 εὐλόγων
3466 4754 3655 4807 αἰτιῶν

2090 4866 2276 4913 τινων,
2334 4847 2409 4918 μὴ
2471 4846 2631 4916 μόνον
2703 4845 3057 4899 ὑποτίθεσθαι
3118 4847 3186 4898 τὰ
3206 4845 3314 4898 τῶν
3350 4844 3657 4917 ἐκκλησιῶν

2093 4937 2328 5007 ἀκίνητα
2375 4936 2470 4988 καὶ
2520 4935 2640 5006 ἱερὰ
2702 4933 2892 5002 σκεύη,
2958 4933 3096 4987 ἀλλὰ
3173 4934 3269 4988 καὶ
3315 4934 3661 4987 ἑκποιεῖσθαι

2093 5028 2236 5080 κατὰ
2262 5026 2442 5079 πᾶσαν
2474 5024 2781 5093 ὲκποίησιν.
2823 5022 2981 5076 Ἐπεὶ
3032 5024 3089 5076 δέ
3117 5040 3249 5094 φησι
3276 5025 3402 5084 τοὺς
3448 5041 3665 5094 συγχω-

2097 5117 2321 5187 ροῦντας
2350 5116 2658 5168 κοινοῦσθαι
2682 5114 2750 5166 τὰ
2782 5115 3125 5186 μοναστήρια
3170 5116 3492 5169 ὑποκεῖσθαι
3547 5118 3662 5178 τοῖς

2091 5209 2200 5260 τῶν
2230 5209 2469 5261 κανόνων
2492 5207 2809 5275 ἐπιτιμίοις,
2854 5207 3120 5276 ἐρωτήσει
3190 5222 3275 5269 τις
3303 5207 3434 5261 ποῖα
3487 5204 3659 5261 ταῦτά.

1643 5375 1807 5447 Guill
1822 5423 1835 5437 .
1872 5374 2198 5453 Bjeveregii
2237 5379 2422 5436 notua.

494 5527 603 5595 (3:2)
634 5528 925 5596 Κληρικοί
980 5529 1077 5583 καὶ
1102 5527 1493 5597 μονάζοντες-,ν
1537 5527 1595 5581 1η
1647 5524 1763 5597 hac
1802 5522 1973 5577 Alexii

423 5594 680 5668 Aristeui,
739 5594 942 5668 necnon
988 5594 1626 5668 SymeouisLngouhetze
1681 5594 1916 5662 epitome
1948 5609 1974 5668 ιι

420 5665 645 5737 3ustcllo
698 5665 839 5730 edita
865 5706 878 5723 .
936 5664 1050 5729 lucc
1079 5667 1239 5728 verba
1276 5664 1467 5727 desunt
1499 5682 1513 5717 :
1547 5680 1663 5722 nuce
1695 5673 1874 5717 tamen
1911 5664 1976 5716 ad

2088 5522 2300 5593 plenum
2346 5534 2647 5593 verumque
2693 5518 2918 5593 canonis
2969 5515 3383 5593 exprimendum
3431 5524 3653 5593 causam

2087 5580 2393 5713 hebessario
2423 5580 2793 5644 inici-serenda
2849 5598 2997 5658 sunt,
3037 5580 3188 5657 juxta
3237 5596 3475 5641 nostrum
3508 5580 3653 5637 hunc

2087 5678 2149 5713 ΩΟ
2197 5674 2351 5713 Ιςθιιι.

2086 5674 2351 5719 οουιςθιιι.
