4138 6210
468 294 576 359 475

1728 298 2007 360 TllEOD.
2052 297 2141 355 BA
2156 296 2455 357 LSAMON’
3612 280 3714 342 4⁸76

470 414 719 471 rentibus
738 417 1138 485 susceptionem
1152 426 1247 472 aut
1266 420 1719 475 reuuntiationem
1741 434 1882 485 saepe
1901 432 2049 487 quae-

2176 415 2538 483 ιηφιζομένων
2595 411 2690 464 καὶ
2746 404 3195 475 ὑπερτιθεμὲνων
3240 402 3339 471 τὴν
3373 397 3727 467 καταὼχῆνή

478 507 634 560 situm
667 508 769 561 fuit
811 508 937 576 quid
974 510 1086 562 fieri
1128 510 1341 573 debeat,
1373 520 1429 564 et
1463 512 1694 565 nondum
1722 509 2053 565 determina-

476 604 569 650 tur
587 598 713 665 quid
738 598 807 652 sit
830 598 1152 655 faciendum.
1188 601 1320 655 Dico
1362 603 1543 671 itaque
1603 602 1745 670 quod
1781 602 2053 654 trimestre

472 690 706 756 spatium
763 698 877 757 post
924 690 1241 745 electionem
1289 693 1459 747 elei-to
1502 694 1720 748 extendi
1770 695 1927 747 debet
1985 694 2051 746 ad

478 779 900 847 suscipiendum,
950 782 1030 833 vel
1069 784 1520 840 renuntiandum:
1577 786 1717 853 quod
1748 788 1909 839 etiam
1943 800 2052 838 me-

480 870 806 939 tropolitano
858 874 925 925 ad
977 874 1210 943 aliquem
1263 876 1317 929 in
1367 877 1735 944 episcopatum
1769 893 1924 931 suum
1958 877 2059 931 eli-

479 962 712 1031 gendttm
762 962 829 1015 ab
886 963 989 1019 hoc
1043 980 1251 1020 canOue
1298 969 1631 1023 conceditur.
1713 968 1778 1022 Et
1819 969 1860 1021 si
1914 970 2055 1021 intra

479 1059 589 1105 tres
634 1050 765 1106 istos
802 1066 1011 1109 menses
1056 1055 1149 1124 qui
1179 1056 1386 1113 electus
1414 1069 1494 1112 est
1527 1074 1628 1115 nec
1658 1060 1903 1126 suscipit,
1959 1074 2059 1114 nec

476 1143 769 1205 renuntiat.
818 1145 985 1199 altera
1036 1146 1152 1200 fieri
1184 1149 1343 1202 debet
1392 1150 1624 1213 electio;
1657 1150 1758 1203 iste
1796 1167 1926 1203 vero
1958 1151 2055 1218 qui

477 1231 689 1286 distulit
714 1244 839 1301 post
882 1237 1155 1291 trimestre
1194 1239 1427 1306 spatium
1476 1240 1873 1295 ordinationem
1908 1256 2062 1294 revo-

478 1335 606 1377 care
656 1324 883 1393 nequit,
944 1327 1039 1381 sed
1102 1329 1281 1395 potius
1328 1330 1695 1385 ecclesiastice
1745 1332 2058 1399 corrigitur,

2155 505 2253 574 τὴν
2286 504 2657 572 παραίτησιν,›
2689 499 2930 568 ὲζητήθη
2979 495 3251 564 διαφόρως
3274 493 3327 545 τί
3360 490 3542 559 μέλλει
3588 489 3733 556 γίνεο

2159 598 2281 651 σθαι
2307 614 2321 629 ο
2359 597 2454 649 καὶ
2495 597 2594 664 οὐχ
2647 592 2856 664 ὡρίσθη
2891 591 2952 643 τὸ
2983 586 3254 657 ποιητέον.
3302 584 3394 639 Διό
3446 601 3590 651 φημι
3648 583 3732 634 ὅτι

2155 689 2419 757 τρίμηνον
2488 684 2691 754 ὀφείλει
2754 682 2891 751 μετὰ
2958 680 3056 751 τήν
3116 678 3297 748 ψῆφον
3357 673 3738 744 ὑφαπλοῦσθαι

2154 779 2235 850 τῷ
2285 778 2612 849 ψηφισθέντι
2668 776 2829 846 χάριν
2889 775 2981 827 τοῦ
3030 770 3445 835 καταδέξασθαι,
3516 767 3550 836 ἢ
3594 783 3739 835 παρ-

2162 873 2510 942 αιτήσασθαι,
2591 871 2726 940 ὅπερ
2778 870 2873 921 καὶ
2931 866 3007 934 τῷ
3068 862 3439 934 μητροπολίτῃ
3480 860 3589 913 ἀπὸ
3642 857 3738 911 τοῦ

2164 963 2671 1035 παρόντοςκανόνος
2705 962 2860 1030 ἐδόθη
2918 959 3077 1031 χάριν
3100 956 3196 1009 τοῦ
3246 952 3591 1024 ψηφίσασθαι
3640 951 3739 1020 τὴν

2157 1057 2485 1125 ἐπισκοπὴν.
2534 1055 2644 1107 Καὶ
2683 1056 2734 1107 εί
2783 1051 2933 1114 ἐντὸς
2986 1048 3165 1104 αὐτῶν
3204 1047 3280 1100 *οὐ
3324 1044 3684 1109 καταδέξεται
3712 1046 3739 1094 ὁ

2160 1148 2453 1217 ψηφισθεὶς
2475 1146 2506 1215 ἢ
2531 1148 2592 1200 οὐ
2619 1146 3042 1214 παραιτήσεται,
3062 1139 3272 1209 ὀφείλει
3295 1137 3458 1204 ἐτέρα
3484 1133 3739 1203 γίνεσθαι

2158 1238 2359 1307 ψῆφος.
2386 1238 2458 1307 μὴ
2487 1236 2788 1305 δυναμένου
2809 1232 2902 1286 τοῦ
2933 1227 3312 1301 ὑπερθεμένου
3338 1223 3736 1279 ἀνακαλεῖσθαι

2161 1330 2260 1396 τὴν
2293 1327 2630 1398 χειροτονίαν
2670 1325 2808 1395 μετὰ
2856 1323 2953 1392 τὴν
2998 1321 3285 1391 τρίμηνον.
3318 1333 3333 1349 ⁶
3386 1316 3586 1386 μᾶλλον
3643 1314 3742 1383 μὲν

482 1422 670 1482 utpote
697 1414 785 1481 qui
834 1415 1063 1469 futiliter
1100 1417 1234 1472 ludit
1267 1419 1320 1473 in
1356 1419 1515 1474 rebus
1550 1422 1771 1476 minime
1816 1422 2061 1488 ludicris,

2176 1416 2255 1474 »ὗν
2282 1420 2378 1474 καὶ
2405 1418 2766 1488 εὐθυνομένου
2824 1411 3299 1485 ἐκκλησωστικῶς
3338 1410 3414 1469 ὡς
3448 1406 3740 1472 παίζοντος

482 1504 684 1575 Deique
727 1522 943 1577 gregem
989 1508 1183 1575 injuria
1222 1510 1405 1566 allicit.
1486 1513 1727 1567 Electum
1760 1522 1941 1568 autem
1994 1516 2063 1569 ab

2176 1510 2415 1580 Βιακενῆς
2442 1512 2501 1563 ἐν
2550 1511 2610 1563 οὐ
2642 1513 2897 1570 πιικτοῖς
2934 1508 3028 1561 καὶ
3076 1505 3480 1575 λυμαινομένου
3515 1501 3576 1554 τὸ
3614 1500 3739 1554 ποί-

480 1609 548 1653 eo
599 1598 692 1665 qui
753 1598 919 1667 elegit
968 1599 1126 1653 citari
1190 1617 1296 1654 non
1351 1612 1584 1670 oportet,
1644 1606 1897 1674 quoniam
1960 1621 2064 1661 nec

2176 1622 2323 1673 μνιον
2362 1604 2458 1657 τοῦ
2505 1602 2662 1657 Θεοῦ.
2712 1602 2823 1655 Καὶ
2858 1601 2978 1654 οὐδὲ
3015 1597 3225 1668 ὀφείλει
3261 1594 3655 1662 ἐπιφωνεῖσθαι
3716 1595 3746 1646 ό

484 1686 931 1753 metropolitanus
963 1703 993 1742 a
1024 1690 1332 1756 patriarcha
1381 1694 1447 1746 ad
1489 1695 1790 1761 eligendum
1839 1698 2060 1754 eitatur.

2176 1696 2462 1767 ψηφισθεὶς
2493 1696 2641 1764 παρὰ
2674 1695 2768 1750 τοῦ
2815 1691 3223 1761 ψηφισαμένου,
3258 1689 3394 1742 διότι
3423 1686 3546 1740 οὐδὲ
3576 1687 3605 1738 ό
3637 1703 3745 1755 μη-

481 1775 687 1842 Collige
734 1788 916 1833 autem
966 1781 1107 1835 hanc
1138 1780 1642 1851 interpretationem
1677 1787 1839 1840 etiam
1871 1803 1936 1842 ex
1972 1804 2064 1842 ca-

2176 1786 2494 1858 τροπολίτης
2533 1788 2886 1854 ἐπιφωνεῖται
2923 1783 3075 1848 παρὰ
3102 1780 3179 1849 τῷ
3212 1779 3524 1850 πατριάρχῃ
3568 1776 3745 1847 ψηφί-

484 1866 581 1932 pit.
609 1865 642 1919 8
669 1867 805 1922 tituli
849 1869 1005 1937 primi
1029 1880 1081 1925 et
1104 1872 1194 1928 lib.
1232 1889 1288 1927 Ill
1339 1873 1579 1938 Basilic.,
1606 1891 1715 1945 quo
1740 1878 2069 1932 examinatio

2176 1880 2389 1934 σασθαι.
2431 1879 2730 1949 Συγκρότει
2757 1878 2815 1931 δὲ
2858 1876 2956 1946 τὴν
3006 1872 3266 1943 τοιαύτην
3314 1871 3619 1942 ἑρμηνείαν
3652 1873 3747 1924 καὶ⁵

485 1957 814 2024 emergentis
884 1959 950 2014 de
1003 1962 1175 2017 electo
1237 1968 1623 2021 controversia:
1684 1969 1737 2021 in
1798 1969 2069 2024 trimestre

486 2046 722 2114 spatium
772 2051 1141 2104 contrahitur.
1228 2054 1380 2118 Quod
1438 2055 1603 2109 etiam
1653 2056 1815 2111 situm
1878 2066 1960 2111 est
2014 2058 2068 2111 iu

487 2140 935 2208 interpretatione
959 2146 1122 2214 capit.
1148 2146 1181 2200 8
1202 2147 1348 2201 tituli
1377 2148 1533 2217 primi
1562 2150 1845 2218 praesentis
1865 2150 2068 2219 operis.

491 2230 656 2288 Debet
684 2244 862 2291 autem
884 2238 1265 2294 ordinationes
1308 2239 1587 2295 celebrare
1620 2241 1758 2295 intra
1791 2245 2066 2298 trimestre

489 2326 746 2392 spatium.
798 2344 863 2383 ne
908 2345 997 2384 res
1038 2332 1412 2400 episcoporum
1464 2348 1527 2387 ex
1561 2348 1623 2387 ea
1658 2348 1717 2388 re
1744 2334 2072 2388 detrimento

491 2416 814 2483 adiciantur,
866 2430 919 2474 et
965 2423 1147 2491 populi
1195 2424 1439 2478 doctrina
1476 2440 1539 2480 ac
1572 2425 1859 2480 instructio
1900 2426 2071 2495 negli-

494 2518 669 2575 gatur.
734 2510 788 2563 Si
820 2522 997 2565 autem
1029 2524 1247 2582 pr0pter
1290 2516 1657 2570 inevitabilem
1705 2517 1937 2585 aliquam
1973 2532 2069 2571 ne-

493 2600 823 2665 cessitatem,
866 2603 1138 2671 inquiunt,
1190 2608 1428 2675 episcOpi
1458 2609 1731 2676 provectio
1762 2609 2073 2679 prohibetur

494 2688 654 2758 (forte
687 2694 830 2746 enim
863 2694 1072 2762 civitas,
1124 2712 1243 2765 quae
1271 2707 1351 2752 est
1382 2700 1638 2768 episcopo
1673 2702 1853 2767 vidua,
1885 2718 1913 2755 a
1940 2717 2072 2770 gen—

496 2781 641 2835 tibus
675 2792 825 2852 capta
894 2795 1001 2852 est,
1054 2803 1153 2842 nec
1198 2788 1354 2844 facile
1396 2799 1569 2861 potest
1620 2793 1743 2849 illuc
1789 2795 2070 2865 quisquam

497 2874 727 2942 venire),
765 2879 1139 2947 prorogabitur
1181 2883 1401 2935 omnino
1430 2883 1723 2939 ordinatio.
1764 2885 1930 2940 Porro
1958 2887 2074 2953 epi-

495 2975 745 3033 scopatus
773 2967 928 3039 1‘2
990 2972 1201 3026 reditus
1256 2972 1323 3027 ab
1377 2974 1493 3043 ejus
1544 2991 1829 3030 meonomo
1885 2979 2071 3033 inferri

497 3056 609 3109 vult
647 3073 843 3123 canon,
888 3060 979 3129 qui
1000 3062 1223 3130 quidem
1256 3065 1454 3120 debent
1484 3067 1623 3130 dari,
1656 3083 1760 3121 non
1800 3078 2070 3136 metropo-
2097 3081 2145 3140 ε

493 3146 688 3212 litano,
720 3151 821 3203 sed
855 3151 1133 3220 episcopo,
1175 3154 1267 3223 qui
1302 3163 1385 3209 est
1410 3157 1713 3227 eligendus,
1760 3159 1970 3214 etiamsi
2005 3161 2069 3216 ad

493 3244 849 3294 tres-menses
904 3240 1182 3297 ditferatur
1239 3243 1468 3309 electio,
1532 3246 1612 3300 vel
1671 3248 1842 3302 etiam
1906 3250 2071 3305 ultra.

494 3324 1160 3397 ﬂetropolitanosautem,
1191 3332 1280 3402 qui
1304 3343 1499 3403 praeter
1525 3334 1637 3389 haec
1651 3334 1878 3401 faciunt,
1905 3352 2075 3405 poenae

496 3418 755 3488 subjicit:
806 3436 1055 3489 quaenam
1108 3438 1235 3478 vero
1282 3424 1353 3479 sit
1402 3425 1505 3479 ista
1556 3426 1758 3481 nescio.
1813 3427 2076 3485 Existimo

494 3518 677 3566 autem
726 3526 848 3566 eam
900 3527 1023 3567 esse
1063 3528 1184 3583 quze
1233 3529 1262 3568 a
1316 3517 1521 3585 synodo
1565 3517 1877 3575 definietur.
1938 3519 2075 3574 Nota

496 3617 629 3671 ergo
657 3605 931 3672 quomodo
962 3604 1275 3675 intelligitur
1306 3607 1455 3672 illud,
1514 3608 1861 3664 inexorabilis
1893 3624 2079 3664 neces-

501 3691 652 3746 sitas.
750 3691 935 3761 Neque
972 3694 1115 3749 enim
1164 3696 1207 3750 si
1261 3695 1601 3765 episcopatus
1652 3698 1844 3767 injuria
1898 3698 2077 3768 aliqua

499 3782 703 3839 forensi
753 3796 995 3851 vertetur,
1039 3798 1133 3840 aut
1180 3788 1357 3857 aliqua
1409 3788 1512 3842 alia
1560 3789 1822 3858 ejusmodi
1873 3791 2080 3847 ratione

496 3873 758 3944 agitetur,
809 3876 862 3929 id
906 3877 1110 3946 justam
1155 3879 1393 3947 episcopi
1438 3878 1718 3935 electionis
1765 3880 2075 3935 dilationem

504 3966 917 4035 metropolitano
963 3970 1230 4024 concedit.
1319 3970 1462 4041 Lege
1504 3973 1665 4026 etiam
1716 3988 1917 4027 nouum
1954 3978 2075 4044 cap.

496 4053 664 4123 primi
703 4056 841 4112 tituli
869 4060 1155 4128 praeeuntis
1178 4061 1377 4129 operis,
1407 4071 1464 4115 et
1486 4076 1607 4131 qua:
1631 4062 1686 4116 in
1723 4062 1850 4116 illud
1878 4065 2079 4131 scripta

500 4153 652 4203 sunt.

575 4348 829 4403 ZONA‘R.
862 4348 939 4404 Ne
970 4352 1366 4419 metropolitani
1414 4368 1549 4422 quos
1600 4368 1769 4421 penes
1801 4356 2081 4425 episcopos

2179 1971 2289 2026 ἀπὸ
2327 1969 2421 2023 τοῦ
2471 1969 2521 2039 η’
2552 1987 2677 2039 κεφ.
2716 1969 2812 2022 τοῦ
2841 1974 2891 2035 γ’
2924 1966 3131 2037 βιὸλίου
3171 1965 3277 2019 τῶν
3308 1963 3635 2024 Βασιλικῶν,
3668 1963 3748 2026 είς

2170 2061 2434 2130 τρίμηνον
2468 2040 2929 2128 στενοχωροῦντος
2961 2055 3061 2126 τὴν
3095 2055 3433 2122 δοκιμασίαν
3470 2054 3572 2123 τῆς
3611 2070 3749 2123 συμ-

2173 2153 2344 2220 ϐάσης
2377 2150 2689 2216 ἀντιλογίας
2718 2149 2857 2202 κατὰ
2885 2146 2976 2200 τοῦ
2996 2145 3382 2215 ψηφισθέντος.
3406 2145 3584 2213 Ὅπερ
3610 2162 3746 2197 κατ-

2172 2243 2351 2297 έκειτο
2384 2243 2464 2306 είς
2510 2244 2573 2295 τὸ
2638 2242 2850 2311 σχόλιον
2897 2241 2991 2292 τοῦ
3058 2245 3107 2309 η’
3162 2255 3288 2305 κεφ.
3315 2237 3412 2292 τοῦ
3459 2244 3509 2290 α’
3563 2236 3747 2289 τίτλου

2173 2335 2267 2389 τοῦ
2300 2336 2565 2401 παρόντος
2624 2338 3025 2400 συντάγματος.
3091 2330 3331 2399 Ὀφείλει
3363 2330 3421 2382 δὲ
3452 2332 3628 2383 ποιεῖν
3649 2329 3749 2391 τὰς

2173 2425 2503 2500 χειροτονίας
2537 2425 2688 2488 ἐντὸς
2725 2424 3012 2493 τριμήνου,
3039 2424 3123 2477 ἴνα
3149 2422 3223 2492 μὴ
3250 2421 3504 2474 ἐντεῦθεν
3537 2423 3605 2474 τὰ
3639 2421 3749 2473 τῶν

2174 2513 2490 2567 ἐπισκόπων
2541 2512 2932 2579 λυμαίνωνται,
2986 2512 3078 2565 καὶ
3106 2515 3139 2582 ἡ
3170 2511 3266 2564 τοῦ
3294 2510 3426 2564 λαοῦ
3479 2511 3747 2581 ἀμελῆται

2172 2606 2507 2663 διδασκαλία.
2538 2606 2597 2658 Εί
2626 2605 2702 2671 δὲ,
2734 2607 2886 2671 φασὶ,
2920 2605 3012 2659 διά
3048 2622 3169 2656 τινα
3200 2604 3523 2673 περίστασιν
3561 2606 3747 2677 ἀπαρ-

2172 2698 2390 2767 αίτητον
2454 2696 2721 2749 κωλύεται
2786 2699 2818 2764 ή
2900 2693 2992 2747 τοῦ
3047 2695 3346 2748 ἐπισκόπω
3408 2695 3749 2764 προχείρισις

2176 2790 2357 2858 (τυχὸν
2387 2789 2496 2856 γὰρ
2530 2786 2894 2857 ήχηρεύουσα
2925 2787 3082 2848 πόλις
3104 2787 3407 2838 ἐπισκόπου
3439 2785 3545 2838 ὑπὸ
3577 2786 3748 2839 ἐθνῶν

2177 2882 2338 2942 ἑάλω,
2390 2880 2483 2933 καὶ
2544 2880 2645 2933 οὐκ
2688 2877 2803 2930 ἐστι
2855 2880 2984 2948 ῥᾷον
3040 2878 3295 2931 ἀπελθεῖν
3346 2877 3530 2930 ὲκεῖσέ
3580 2880 3746 2945 τινα),

2177 2974 2399 3036 πάντως
2433 2970 2758 3042 ὑπερτεθείη
2816 2970 2911 3023 καὶ
2958 2972 2992 3037 ἡ
3044 2968 3370 3039 χειροτονία.
3406 2969 3518 3039 Τὴν
3566 2970 3749 3037 μέντοι

2180 3063 2441 3133 πρόσοδον
2488 3062 2587 3131 τῆς
2632 3060 2937 3128 ἐπισκοπῆς
2989 3062 3139 3129 παρὰ
3168 3059 3261 3112 τοῦ
3296 3060 3583 3127 οἰκονόμου
3609 3058 3744 3112 ταύ-

2176 3174 2277 3226 της
2302 3153 2699 3217 είσοδιάζεσθαι
2730 3153 2870 3204 θέλει
2894 3155 2922 3205 ὁ
2955 3150 3155 3217 κανὼν,
3185 3151 3403 3220 δοδῆναι
3425 3151 3749 3218 ὀφείλουσαν

2177 3252 2238 3303 οὐ
2262 3249 2342 3319 τῷ
2398 3247 2789 3318 μητροπολίτῃ,
2845 3245 2982 3298 ἀλλὰ
3034 3243 3115 3312 τῷ
3176 3233 3752 3314 χειροτονηθησομένῳ

2174 3340 2489 3406 ὲπισκόπῳ,
2518 3338 2625 3391 κᾶν
2654 3338 2748 3389 ἐπὶ
2776 3336 3043 3405 τρίμηνον
3080 3337 3114 3405 ή
3140 3335 3447 3405 χειροτονία
3474 3335 3751 3406 ὑπερτεθῇ

2181 3432 2286 3485 κᾶν
2315 3432 2410 3485 ἐπὶ
2436 3431 2620 3483 πλέον.
2663 3429 2804 3489 Τοὺς
2836 3428 2893 3480 δέ
2925 3427 3075 3497 παρὰ
3099 3425 3277 3481 ταῦτα
3303 3427 3594 3487 ποιοῦντας
3644 3443 3756 3496 μη-

2177 3521 2501 3593 τροπολίτας
2532 3520 2792 3589 ἐπιτιμίῳ
2842 3518 3246 3572 καθυποὸάλλει
3274 3533 3290 3550 ⁸
3348 3510 3461 3570 οἷον
3490 3516 3550 3569 δὲ
3591 3516 3751 3570 τοῦτό

2179 3616 2351 3676 ἐστιν,
2382 3613 2482 3665 οὐκ
2530 3606 2668 3664 οἶδα.
2702 3609 2927 3679 Νομίζω
2976 3607 3034 3659 δὲ
3074 3607 3135 3659 τὸ
3180 3604 3333 3676 παρὰ
3382 3605 3481 3673 τῆς
3528 3605 3750 3661 συνόδου

2178 3704 2619 3775 όρισθησόμενον.
2654 3701 2964 3771 Σημείιοσαι
2995 3698 3088 3752 οὖν
3137 3697 3254 3759 πῶς
3299 3699 3500 3751 νοεῖται
3542 3697 3605 3749 τὸ
3649 3697 3751 3767 τῆς

2179 3794 2558 3863 ἀπαραιτήτου
2589 3791 2852 3858 ἀνάγκης.
2888 3790 2960 3842 Τὸ
2988 3790 3095 3859 γὰρ
3120 3787 3521 3858 ἐπηρεάζεσθαι
3548 3786 3615 3840 τὰ
3652 3789 3751 3856 τῆς

2181 3887 2491 3955 ἐπισκοπῆς
2525 3884 2630 3937 ὑπὸ
2670 3883 3047 3952 πρακτορικῆς
3075 3880 3318 3960 ἀδικίας,
3358 3880 3392 3950 ἢ
3454 3879 3641 3949 ἔτερόν
3696 3896 3751 3933 τι

2178 3977 2445 4041 τοιοῦτον,
2496 3975 2763 4043 ἀναϐολὴν
2808 3973 3028 4039 εὔλογον
3057 3971 3394 4041 χειροτονίας
3442 3968 3748 4025 ἐπισκόπου

2179 4071 2259 4140 τῷ
2292 4068 2659 4139 μητροπολίτῃ
2689 4067 2749 4120 οὐ
2776 4066 3014 4119 δίδωσιν.
3056 4063 3353 4131 Ἀνάγνωθι
3383 4064 3477 4117 καὶ
3528 4080 3656 4131 κεφ.
3707 4063 3751 4115 0'

2179 4165 2275 4219 τοῦ
2303 4164 2351 4216 α’
2394 4163 2576 4215 τίτλου
2625 4160 2718 4213 τοῦ
2760 4160 3028 4229 παρόντος
3058 4158 3439 4227 συντάγματος
3471 4158 3567 4211 καὶ
3597 4156 3666 4209 τὰ
3695 4157 3753 4208 ἐν
3828 4185 3831 4187 -

2180 4258 2353 4324 αὐτῷ.

2256 4348 2498 4400 ΖΩΝΑΡ.
2531 4347 2641 4408 Τὰς
2670 4345 2778 4398 τῶν
2815 4343 3130 4397 ἐπισκόπων
3166 4341 3498 4412 χειροτονίας
3547 4343 3622 4413 μὴ
3660 4344 3758 4395 ἐπὶ

498 4442 727 4495 creandi
755 4442 844 4508 jus
877 4449 981 4504 est,
1025 4443 1113 4493 diu
1143 4416 1261 4495 eam
1295 4457 1409 4495 rem
1432 4416 1709 4508 diﬂ‘erant,
1742 4416 1849 4497 boc—
1876 4416 2074 4500 canone

2187 4439 2326 4490 πολὺ
2358 4437 2751 4507 ὑπερτίθεσθαι
2798 4438 2924 4499 τοὺς
2963 4435 3391 4506 μητροπολίτας,
3420 4430 3504 4497 οἷς
3546 4438 3580 4505 ὴ
3612 4436 3758 4489 ἐκεί-

509 4532 889 4586 constitutum.
952 4531 1184 4586 Proinde
1238 4542 1449 4600 tempus
1498 4547 1711 4602 quoque
1763 4535 1899 4589 ultra
1943 4538 2083 4603 quod

510 4625 838 4677 creationem
901 4624 1203 4693 bujusmodi
1264 4626 1560 4681 extendere
1622 4628 1844 4682 minime
1903 4630 2080 4695 liceat,

515 4716 677 4771 trium
742 4717 990 4771 videlicet
1053 4719 1315 4772 mensium
1378 4719 1754 4784 intervallum,
1820 4722 2084 4775 definivit.

516 4805 625 4860 Nec
686 4805 829 4860 enim
890 4806 1209 4861 commissos
1268 4821 1453 4862 eorum
1515 4824 1657 4864 cura:
1708 4811 1930 4878 pepulos
1989 4827 2086 4865 suo

513 4900 766 4970 episcopo
810 4898 900 4952 diu
949 4910 1156 4961 carere,
1209 4913 1272 4953 ac
1321 4901 1555 4955 incertos
1609 4902 1816 4955 consilii
1874 4903 2087 4957 nemine

517 4990 647 5058 ipsis
671 4989 808 5042 viam
836 4999 1304 5057 praemonstrante,
1332 4990 1512 5058 vagari
1538 5006 1634 5060 par
1653 5003 1757 5043 est.
1819 4990 1873 5045 Si
1908 5002 2084 5044 tamen

515 5080 747 5147 interea,
776 5094 881 5149 quo
907 5082 1081 5134 minus
1112 5080 1249 5133 intra
1278 5081 1508 5145 spatium
1534 5082 1804 5136 trimestre
1822 5082 2076 5136 constitui

515 5171 801 5239 episcopus
832 5170 1023 5238 possit,
1057 5170 1227 5222 causa
1252 5169 1433 5236 aliqua
1460 5170 1766 5223 necessaria
1802 5170 2088 5237 aliquando

520 5260 810 5326 impediat;
871 5270 926 5313 ut
990 5259 1035 5313 si
1100 5257 1240 5314 forte
1292 5272 1502 5327 captam
1565 5262 1755 5314 urbem
1822 5261 2089 5315 Barbarus

518 5351 885 5419 occupaverit,
935 5366 1032 5406 nec
1082 5351 1149 5404 ad
1198 5366 1316 5405 eam
1345 5353 1523 5404 aditus
1552 5366 1617 5405 ('ll
1642 5368 1803 5419 quam
1838 5354 1908 5406 ita
1937 5353 2090 5406 facile

520 5448 745 5508 pateat:
826 5449 936 5493 tum
1005 5440 1220 5495 demum
1277 5442 1600 5510 praefinitum
1676 5441 1808 5497 illud
1880 5451 2089 5513 tempus

517 5532 743 5586 extendi
788 5541 842 5587 et
889 5535 1283 5590 ordinationem
1336 5535 1535 5591 deferri
1593 5537 1758 5592 licere
1816 5538 2088 5603 decernit;

520 5622 611 5688 qui
642 5635 772 5676 vero
802 5632 988 5677 contra
1010 5624 1451 5680 constitutionem
1485 5624 1622 5682 banc
1658 5625 1865 5692 fecerit,
1918 5628 2090 5681 cccle-

522 5711 757 5765 siasticis
837 5716 1011 5782 pomis
1073 5717 1264 5783 subjici
1326 5715 1497 5785 jubet.
1604 5718 1847 5785 Quandiu
1913 5732 2091 5775 autem

2186 4550 2293 4586 νων
2324 4533 2512 4602 ἀνήκει
2556 4532 2920 4602 προχείρισις,
2957 4529 3212 4599 ὣπαρὼν
3245 4525 3425 4581 κανὼν
3443 4529 3755 4598 διορίζεται.

2189 4626 2286 4679 Διὸ
2318 4626 2414 4679 καὶ
2469 4626 2684 4695 χρόνον,
2710 4620 2771 4677 οὗ
2801 4625 2952 4687 ἐντὸς
2999 4619 3425 4691 χειροτονεῖσθαι
3462 4622 3583 4674 δέον
3631 4622 3757 4682 τοὺς

2178 4718 2540 4779 ἐπισκόπους,
2607 4715 2795 4779 ἔταξεν
2825 4733 2838 4745 ο
2871 4716 2898 4765 ὁ
2925 4715 2969 4766 δ’
3000 4715 3117 4766 ἔστι
3148 4712 3435 4781 τρίμηνον.
3467 4712 3610 4764 ῖΟὐδὲ
3645 4711 3755 4781 γὰρ

2190 4808 2281 4859 ἐπὶ
2314 4807 2447 4859 πολὺ
2496 4808 2601 4876 χρὴ
2634 4807 2757 4867 τοὺς
2792 4804 2882 4856 ὑπ’
2915 4804 3159 4866 ἐκείνους
3186 4802 3350 4866 λαοὺς
3386 4804 3758 4871 ἁνεπισκοπή-

2184 4916 2312 4962 τους
2341 4896 2499 4963 εἶναι,
2552 4900 2643 4951 καὶ
2674 4897 2749 4959 ὡς
2792 4897 2951 4964 ἔτυχε
2993 4894 3278 4964 φέρεσθαι,
3334 4895 3408 4964 μὴ
3459 4895 3611 4956 ὄντος
3658 4891 3755 4944 τοῦ

2189 4992 2610 5061 καταρτίζοντος
2642 4988 2863 5050 αὐτούς.
2903 4989 2962 5040 Εἰ
3006 4987 3063 5039 δέ
3090 5003 3219 5039 ποτε
3252 4986 3497 5054 συμϐαίη
3530 4984 3763 5055 ἀπαραί-

2186 5086 2350 5152 τητός
2401 5101 2485 5146 τις
2542 5082 2690 5137 αίτία
2752 5080 3040 5133 κωλύουσα
3070 5078 3166 5144 τὴν
3210 5077 3300 5129 διὰ
3348 5075 3444 5129 τοῦ
3491 5079 3761 5146 τριμήνου

2190 5176 2550 5241 προχείρισιν,
2610 5172 3025 5238 ἐπιταθήσεται,
3077 5168 3265 5237 φησὶν,
3322 5167 3353 5219 ό
3404 5168 3621 5236 χρόνος,
3671 5168 3762 5219 καὶ

2191 5266 2618 5335 ὑπερ-τεθήσεται
2670 5262 3052 5332 ἠχειροτονία.
3104 5261 3263 5320 Ἴσως
3313 5259 3422 5328 γὰρ
3474 5258 3621 5310 sane
3653 5257 3759 5307 ὑπὸ

2195 5358 2489 5426 Βαρϐάρων
2539 5358 2572 5424 ἠ
2634 5356 2788 5415 πόλις
2838 5354 3045 5420 ἐκείνη,
3096 5350 3193 5403 καὶ
3250 5348 3358 5401 οὐκ
3406 5347 3524 5400 ἐστι
3576 5345 3758 5415 ῥᾴδιον

2189 5446 2443 5500 ἀπελθεῖν
2474 5446 2649 5497 ἐκεῖσέ
2680 5461 2824 5496 τινα.
2860 5441 2999 5501 Τοὺς
3026 5440 3081 5492 δὲ
3132 5440 3205 5507 μὴ
3258 5436 3400 5489 οὕτω
3464 5432 3756 5494 ποιοῦντας

2193 5537 2511 5589 ὑποκεῖσθαι
2545 5534 2755 5587 κελεύει
2779 5531 3252 5599 ἑκκλησιαστικοῖς
3280 5526 3594 5595 ἐπιτιμίοις.
3640 5523 3758 5589 Ἐφ’

2191 5632 2315 5681 ὅσον
2347 5629 2402 5681 δὲ
2438 5631 2470 5695 ή
2505 5626 2810 5696 χειροτονία
2846 5624 2938 5675 τοῦ
2972 5620 3280 5673 ἐπισκόπου
3318 5615 3615 5686 ὑπερτεθῇ,
3647 5613 3759 5666 εἴτε

2202 5722 2298 5774 ἐπὶ
2350 5719 2632 5784 τρίμηνον,
2685 5718 2780 5770 εἴτ’
2806 5716 2897 5770 ἐπὶ
2930 5712 3094 5766 πλέον
3127 5711 3371 5767 ἀνάγκης
3400 5705 3758 5776 ἐπικειμένης
