4138 6210
439 267 530 335 38%
1473 258 1557 320 ΙΝ
1593 256 1738 319 CAN
1807 254 2026 319 XXVII
2068 253 2278 317 CONC.
2319 255 2683 316 CllALCED.

3598 260 3707 323 482

511 380 707 435 ΒΑΔΣ.
746 379 806 432 ’0
841 376 1033 449 παρὼν
1077 374 1259 430 κανὼν
1314 375 1414 428 καὶ
1488 374 1521 426 6
1560 370 1642 443 λβ¹
1687 372 1786 442 τῆς
1838 372 1897 422 ὲν
1943 368 2021 438 τῷ

2192 363 2387 421 BALS.
2448 366 2695 423 Praesens
2751 382 2948 432 canon,
3012 378 3061 421 et
3117 368 3187 421 52
3235 383 3410 423 canon
3463 386 3589 441 syn.
3650 376 3703 427 in

432 476 699 544 τρούλλῳ
729 473 950 526 συνόδου
978 470 1426 540 ἀπαραλλάκτως
1452 467 1662 538 ἔχουσι,
1710 461 2020 535 διοριζόμεο

437 586 522 620 τοι
555 568 679 629 τοὺς
710 564 1058 636 ἁρπάζοντας
1081 565 1368 631 γυναῖκας,
1396 560 1430 630 ἢ
1472 558 1951 629 συμπράττοντας.
1987 556 2019 626 ἤ

439 654 872 725 συναιρομένους
894 656 1006 714 τοῖς
1030 651 1366 721 ἁρπάζουσι,
1389 650 1691 720 κληρικοὺς
1713 648 1811 719 μὲν
1841 649 2021 711 ὄντας,

438 746 1106 817 καθαιρείσθαι,λαῖκοί›ς
1162 744 1219 797 δὲ
1275 742 1799 811 ἁναθεματίζεσθαι.
1870 742 2024 795 ’Δνά-

438 840 609 906 γνωθι
637 840 733 890 καὶ
771 837 955 888 τίτλου
1017 836 1061 887 θ’
1081 834 1175 887 τοῦ
1204 836 1468 904 παρόντος
1500 833 1877 900 συντάγματος
1933 848 2025 883 κε-

438 928 567 994 φάλ.
614 928 658 978 λ’
716 926 812 978 ml.
856 926 925 977 τά
982 927 1040 977 ὲν
1094 924 1276 992 αὐτῷ·
1337 922 1601 986 ὡσαύτως
1674 922 1769 974 καὶ
1819 920 1910 973 τὸν
1948 919 2022 983 ξςυ

437 1020 804 1072 ἁποστολικὸν
837 1018 1062 1071 κανόνα.
1106 1017 1317 1069 Ἐκεῖσε
1344 1015 1454 1085 γὰρ
1514 1013 1854 1084 πλατύτερον
1916 1013 2022 1065 ὲδιο

438 1113 689 1181 δάξαμεν
726 1111 843 1173 πῶς
876 1112 1203 1180 τιμωρεῖται
1234 1111 1262 1160 6
1290 1108 1495 1178 ἅρπαξ,
1529 1107 1627 1159 καλ⁸
1661 1106 1776 1168 πῶς
1826 1107 1854 1158 6
1901 1104 2023 1174 βίαν

439 1204 781 1275 πεποιηκώς.
811 1203 1056 1267 Ἴσωςδέ
1087 1220 1172 1263 τις
1221 1204 1355 1271 ἐρεῖ,
1408 1200 1504 1253 καὶ
1565 1199 1684 1262 πῶς
1741 1197 1943 1269 ὁμοίως
1994 1197 2022 1248 6

439 1299 725 1366 ἁρπάζων,
755 1298 855 1350 κει)⁵
886 1298 914 1349 6
944 1295 1340 1366 συμπράττων,
1407 1294 1502 1347 καὶ
1553 1292 1582 1345 6
1611 1292 2018 1362 συναιρόμενος,

440 1388 762 1450 κολάζονται
798 1404 814 1452 ;
852 1382 983 1437 Εῐπε
1027 1379 1119 1437 οὖν
1151 1384 1233 1436 ὃτι
1280 1381 1527 1445 καὶτοὺς
1566 1380 2021 1451 συμπράττοντας

440 1480 694 1542 καὶτοὺς
734 1477 1159 1548 συναιρομένους
1189 1476 1287 1546 ούχ
1330 1469 1493 1546 ἦττον
1535 1471 1629 1526 τοῦ
1674 1472 2022 1543 ἁρπάσαντος

441 1570 1057 1639 μυσάττεταιὸκανών.
1123 1568 1186 1621 ⁸0
1251 1567 1349 1637 μὲν
1404 1566 1515 1636 γὰρ
1584 1565 1848 1636 ἁρπάζων
1907 1564 2021 1632 ἔχει

439 1668 534 1716 τὸν
570 1664 812 1732 ἄθεσμον
838 1661 1020 1732 ἔρωτα
1054 1660 1350 1733 πρόφασιν,
1394 1660 1525 1712 οἱδὶ
1570 1656 1771 1720 κακίας
1848 1659 2019 1727 μόνης

439 1759 535 1809 καὶ
565 1756 752 1810 ἀδίκου
822 1752 1266 1826 κατηγοροῦνται
1330 1752 1667 1822 προθέσεως,
1721 1769 2023 1822 καταστρε-

440 1850 655 1919 φούσης
674 1850 775 1918 τὴν
792 1849 893 1916 τῆς
922 1848 1132 1909 πόλεως
1160 1846 1528 1916 κοσμιότητα.
1566 1845 1720 1898 Ἔστι
1767 1844 1824 1897 δὲ
1884 1861 2021 1913 συμ-

439 1943 700 2010 πράττων
731 1942 759 1992 6
790 1938 1198 2009 πραγματικῶς
1228 1938 1330 2005 τὴν
1386 1938 1649 2009 ἁρπαγὴν
1702 1936 2023 2006 καταρτύων

441 2033 542 2085 σὺν
571 2031 651 2102 τῷ
671 2032 976 2101 άρπάζοντι
1008 2048 1023 2063 ⁸
1056 2031 1445 2102 συναιρόμενος
1474 2030 1530 2083 δὲ
1553 2032 1580 2082 6
1615 2028 1706 2083 διὰ
1786 2029 2024 2098 συμϐουο

437 2124 543 2192 λῆς
578 2124 610 2194 ἢ
657 2126 753 2176 καὶ
805 2125 1129 2195 ἐπικουρίας
1161 2124 1328 2191 ἄλλης
1371 2122 1681 2192 συντρέχων
1718 2120 1797 2190 τῷ
1836 2121 2022 2189 πλημ-

441 2214 767 2284 μελήσαντι.
826 2214 990 2281 Ζήτει
1040 2213 1136 2266 καὶ
1188 2210 1263 2264 λε’
1320 2211 1542 2281 Νεαρὰν
1601 2210 1696 2263 τοῦ
1757 2208 2023 2278 βασιλέως

442 2307 615 2377 κυρρῦ
650 2306 879 2369 Λέοντος
908 2305 1004 2358 τοῦ
1038 2305 1340 2374 Φιλοσόφου
1376 2301 1728 2373 τιμωροῦσαν
1758 2302 1850 2354 τὸν
1882 2300 2023 2370 μετὰ

442 2398 704 2467 ἁρπαγῆς
743 2396 1077 2468 βιασάμενον
1109 2397 1281 2468 κόρην
1313 2396 1375 2449 οὐ
1411 2395 1574 2466 μόνον
1626 2395 1716 2447 διὰ
1765 2393 2026 2463 πραγμά-

441 2506 556 2542 των
580 2491 947 2560 ἀφαιρέσεως,
975 2490 1111 2544 ἀλλὰ
1147 2490 1245 2544 καὶ
1276 2488 1366 2542 διὰ
1420 2487 1741 2557 σωματικῆς
1792 2486 1983 2556 ποινῆς
2006 2501 2021 2517 ⁶

444 2582 709 2645 ὡσαύτως
737 2584 830 2637 καὶ
864 2584 993 2647 τοὺς
1044 2583 1470 2652 συναιρομένους
1500 2583 1688 2643 αὐτοῖς
1718 2598 1730 2609 ·
1761 2581 1853 2633 καὶ
1908 2580 2025 2633 δια-

444 2673 835 2742 λαμϐάνουσαν
856 2674 1034 2737 άλλως
1059 2675 1426 2744 τιμωρεῖσθαι
1455 2673 1580 2735 τοὺς
1646 2673 1868 2727 ἔνοπλον
1919 2673 2025 2742 ἁρ-

448 2768 632 2837 παγὴν
655 2769 1096 2836 πονησαμένους,
1153 2769 1249 2821 καὶ
1293 2768 1469 2829 ἄλλως
1535 2767 1661 2828 τοὺς
1720 2764 1794 2835 μὴ
1852 2752 2023 2828 οὕτως

447 2859 871 2928 άτακτήσαντας
901 2874 916 2889 ·
978 2859 1353 2929 τιμωρεῖσθαι
1410 2859 1466 2912 δὲ
1514 2859 1609 2911 καὶ
1661 2860 1754 2909 τὸν
1808 2856 2025 2928 πατέρα

447 2952 541 3002 ἑὰν
562 2951 930 3017 καταδέξηται
958 2952 1020 3004 τὸ
1044 2952 1289 3018 γεγονός.

2127 461 2296 515 Trull.
2331 462 2518 515 eodem
2549 462 2770 515 omnino
2818 460 2978 515 modo
3009 475 3067 514 se
3098 462 3318 526 habent,
3356 464 3702 526 deﬁnientes,

2126 570 2220 609 eos
2273 554 2363 623 qui
2419 554 2675 607 mulieres
2724 553 2964 621 rapiunt,
3018 555 3104 608 vel
3155 557 3491 622 rapientibus
3541 574 3697 623 opem

2126 644 2324 711 ferum,
2379 645 2461 698 vel
2517 646 2901 711 consentiunt,
2960 646 3004 698 si
3058 647 3167 699 sint
3221 648 3437 715 quidem
3497 648 3703 713 cler'c,

2125 736 2509 804 deponendos;
2547 736 2713 790 laicos
2740 746 2920 790 autem
2949 736 3511 795 anathematizandos.
3565 739 3702 809 Lege

2125 838 2177 882 et
2216 830 2299 882 tit.
2326 830 2358 883 9
2390 830 2671 897 praesentis
2700 829 2904 897 operis,
2941 845 3059 898 cap.
3092 829 3160 883 50
3207 842 3259 883 et
3293 847 3411 900 quae
3444 832 3513 884 ibi
3552 844 3700 887 sunt.

2128 920 2386 973 Similiter
2436 929 2488 973 et
2540 920 2608 973 67
2658 921 3005 989 apostolicum
3051 937 3332 976 canouem.
3406 924 3518 979 Illic
3552 926 3697 980 enim

2125 1011 2296 1066 fusius
2328 1012 2631 1076 docuimus,
2682 1015 2949 1081 quomodo
2986 1019 3201 1080 punitur
3232 1025 3433 1085 raptor,
3479 1028 3532 1071 et
3566 1036 3675 1087 quo

2128 1110 2284 1163 modo
2309 1109 2399 1178 qui
2428 1110 2530 1163 vim
2551 1110 2747 1163 attulit.
2796 1108 3136 1164 Dicetautcm
3159 1111 3385 1168 lortasse
3403 1118 3696 1187 quispiam,

2123 1210 2177 1255 et
2208 1201 2479 1269 quomodo
2511 1202 2760 1255 similiter
2798 1203 2887 1270 qui
2927 1205 3082 1269 rapit,
3134 1214 3190 1258 et
3229 1207 3319 1275 qui
3366 1207 3472 1262 fert
3519 1224 3701 1278 Opem.

2122 1298 2175 1342 et
2217 1288 2306 1356 qui
2343 1289 2636 1352 consentit,
2697 1289 3036 1356 puniuntur?
3106 1293 3198 1347 Dic
3235 1295 3418 1364 igitur,
3469 1302 3608 1367 quod
3648 1312 3702 1355 ct

2124 1395 2219 1435 eos
2248 1381 2338 1449 qui
2374 1394 2527 1447 Opem
2554 1379 2757 1445 ferunt,
2785 1390 2839 1434 et
2865 1383 2955 1451 qui
2991 1386 3354 1452 consentiunt,
3389 1405 3493 1443 non
3522 1390 3703 1447 minus

2123 1487 2284 1542 quam
2334 1487 2455 1526 eum
2513 1472 2604 1541 qui
2670 1473 2870 1540 rapuit,
2928 1486 3209 1530 aversatur
3260 1487 3314 1533 et
3366 1483 3490 1535 odio
3540 1482 3702 1539 habet

2124 1577 2318 1619 canon.
2390 1563 2489 1627 Qui
2537 1564 2680 1617 enim
2733 1565 2927 1632 rapuit,
2973 1567 3237 1622 nefarium
3287 1586 3528 1627 amorem
3563 1592 3700 1644 pra:-

2125 1667 2329 1712 textum
2386 1656 2566 1711 habet.
2668 1656 2743 1710 llli
2798 1672 2950 1723 vero,
3012 1659 3179 1715 solius
3231 1662 3593 1729 improbitatis
3647 1677 3703 1721 et

2124 1748 2295 1819 iniqui
2330 1750 2592 1819 propositi
2636 1759 2982 1815 accusantur,
3036 1753 3176 1820 quod
3216 1751 3432 1821 quidem
3466 1755 3702 1812 civitatis

2127 1846 2465 1899 honestatem
2501 1860 2567 1900 ac
2597 1846 2762 1900 decus
2796 1847 3013 1901 evertit.
3070 1849 3121 1902 ls
3149 1859 3327 1902 autent
3367 1866 3525 1920 opettt
3562 1853 3704 1909 ferre

2125 1938 2341 2005 dicitur,
2375 1938 2464 2007 qui
2497 1938 2642 1992 facto
2672 1938 2805 2007 ipso,
2860 1954 2981 1992 cum
3027 1954 3092 1993 eo
3138 1943 3231 2010 qui
3277 1943 3435 2011 rapit,
3487 1952 3698 2011 raptum

2126 2028 2289 2083 struit
2345 2043 2408 2082 ac
2463 2028 2699 2082 molitur.
2788 2029 3148 2084 Consentieus
3199 2041 3401 2096 autem,
3464 2037 3553 2102 qui
3608 2051 3704 2103 per

2125 2119 2436 2183 consilium,
2484 2119 2567 2173 vel
2613 2119 2754 2172 aliud
2805 2123 2965 2175 etiam
2998 2123 3256 2175 auxilium
3306 2139 3427 2177 cum
3479 2140 3564 2190 eo,
3610 2128 3701 2194 qui

2127 2224 2404 2284 peccatum
2456 2214 2691 2276 admisit,
2745 2216 3041 2269 concurrit.
3116 2217 3306 2280 Quare
3356 2228 3409 2271 et
3445 2218 3513 2271 55
3570 2219 3702 2289 imp.

2124 2303 2327 2357 domini
2379 2302 2575 2357 Leonis
2647 2302 2953 2373 Philosophi
3021 2303 3319 2374 Nowllam,
3396 2310 3703 2378 punientem

2122 2407 2267 2455 eum.
2328 2396 2415 2462 qui
2467 2411 2569 2447 una
2622 2410 2742 2447 cum
2798 2407 2947 2462 raptu
2998 2398 3188 2466 puellm
3218 2400 3323 2452 vim
3356 2402 3560 2470 attulit,
3599 2420 3703 2458 non

2129 2483 2304 2537 solum
2354 2497 2449 2551 per
2505 2497 2684 2536 rerum
2745 2484 3183 2552 publicationem,
3244 2490 3337 2543 sed
3393 2494 3557 2545 etiam
3612 2508 3705 2562 per

2126 2584 2343 2642 ptrnatn
2388 2575 2759 2643 corporalem;
2809 2577 3060 2631 similiter
3104 2591 3157 2632 et
3210 2596 3303 2634 eos
3344 2584 3434 2651 qui
3468 2584 3539 2637 illi
3577 2601 3705 2639 ron-

2126 2679 2449 2724 senserunt:
2501 2678 2556 2725 et
2607 2680 2950 2737 tractantem,
3008 2677 3165 2730 aliter
3200 2679 3375 2745 puniri
3406 2694 3498 2734 eos
3526 2682 3617 2750 qui
3652 2684 3703 2736 vi

2126 2770 2332 2814 armata
2390 2775 2703 2832 rapuerunt,
2763 2775 2817 2819 et
2870 2767 3027 2821 aliter
3078 2784 3172 2823 eos
3216 2772 3307 2839 qui
3356 2789 3461 2827 non
3518 2775 3597 2829 sic
3646 2790 3707 2829 se

2128 2850 2371 2918 improbe
2396 2864 2712 2922 gesserunt;
2761 2859 2935 2925 puniri
2974 2872 3151 2914 autem
3184 2863 3345 2916 etiam
3383 2872 3439 2918 et
3472 2873 3701 2934 patrem,

2126 2944 2171 2998 si
2203 2943 2400 2999 factum
2428 2947 2828 3015 approbztverit.

518 3041 900 3097 ΖΩΝΑΡ.Καὶ
938 3043 988 3095 οί
1046 3044 1319 3096 πολιτικοὶ
1373 3043 1530 3112 νόμοι
1602 3042 1848 3114 σφοδρῶς
1896 3041 2022 3105 τοὺς

2197 3035 2447 3092 ZONAR.
2522 3038 2589 3092 Et
2621 3039 2795 3108 legum
2839 3039 3074 3095 civilium
3110 3043 3338 3098 deeretis
3373 3045 3425 3099 in
3456 3055 3705 3112 raptores

446 3133 703 3202 ἅρπαγας
733 3134 1011 3201 γυναικῶν
1051 3134 1361 3199 κολάζουσι,
1394 3137 1489 3188 καὶ
1517 3135 1639 3188 οὐδὲ
1673 3138 1754 3197 είς
1789 3137 2024 3203 γυναῖκα

449 3224 851 3293 συζεύγνυσθαι
917 3226 1018 3295 τὴν
1086 3227 1437 3298 ἁρπαγεῖσαν
1514 3225 1860 3298 συγχωροῦσι
1945 3226 2023 3296 τῷ

446 3316 681 3387 ιρπαγι,
710 3318 818 3371 κᾶν
869 3319 898 3370 6
928 3317 1137 3386 ταύτης
1186 3320 1369 3389 πατὴρ
1440 3323 1667 3389 συναινῇ
1721 3318 2023 3388 συγχωρῶν

445 3407 510 3457 τὸ
531 3406 830 3475 ἔγκλημα·
894 3407 990 3459 καὶ
1049 3409 1096 3459 oi
1159 3412 1385 3469 κανόνες
1445 3407 1503 3460 δὲ
1548 3406 1838 3470 κολάζουσι
1901 3409 2021 3470 τοὺς

446 3499 744 3561 τοιούτους.
780 3497 950 3561 Οὗτος
978 3499 1035 3552 δὲ
1062 3502 1090 3553 6
1121 3498 1304 3554 κανὼν
1332 3499 1677 3570 δριμύτερον
1706 3499 1822 3551 τῶν
1834 3498 2023 3553 ἄλλων

448 3592 809 3660 ἱπεξέρκεται
837 3592 962 3653 τοὺς
994 3592 1253 3660 ἁρπαγὴν
1275 3591 1892 3661 πλημμελοῦντας,τοὺς
1925 3591 2024 3659 μὲν

448 3685 687 3751 κληροὺς
719 3682 1026 3751 καθαιρῶν,
1061 3684 1188 3746 τοὺς
1219 3682 1275 3735 δὲ
1314 3682 1535 3744 λαῖκοὺς
1577 3680 2022 3752 ἀναθεματίζων.

450 3772 561 3827 Καὶ
598 3774 658 3825 οὐ
690 3775 850 3842 μόνον
869 3776 995 3837 τοὺς
1014 3772 1363 3843 ἁρπάζοντας
1392 3776 1738 3844 τιμωρεῖται,
1762 3773 1898 3827 ἀλλὰ
1929 3773 2024 3825 καὶ

447 3867 576 3926 τὼς
610 3866 1066 3933 συμπράττοντας
1093 3865 1126 3934 ἢ
1153 3863 1577 3935 συναιρομένους
1602 3866 1706 3917 ὑπὸ
1728 3866 1826 3927 τὰς
1854 3866 2024 3927 αὐτὰς

450 3960 685 4010 ποιεῖται
711 3958 980 4023 κολάσεις,
1012 3959 1107 4011 καὶ
1128 3957 1451 4021 είκότως.’0
1473 3959 1571 4027 μὲν
1598 3957 1706 4027 γὰρ
1728 3957 1904 4026 ἑαυτῷ
1930 3959 2026 4025 ἀρ-

449 4050 638 4112 πάζων
656 4052 889 4117 γυναῖκα
906 4049 1019 4118 ἔχει
1041 4049 1130 4102 τὸν
1146 4050 1323 4118 ἔρωτα
1341 4049 1476 4118 πρὸς
1495 4049 1593 4117 τὴν
1612 4049 1865 4116 ἀθέμιτον
1889 4049 2027 4116 πρᾶ-

451 4140 532 4204 ξιν
561 4141 723 4192 αὐτὸν
756 4139 1077 4210 βιαζόμενον
1112 4157 1128 4172 ο
1150 4142 1177 4193 6
1201 4140 1256 4192 δὲ
1293 4141 1664 4209 συμπράττων
1698 4139 1730 4209 ἢ
1773 4141 2025 4211 συναιρό·

454 4248 611 4299 μενος
646 4231 848 4300 μᾶλλον
872 4232 938 4284 ἂν
975 4231 1059 4300 εἴη
1082 4231 1489 4299 ἁσύγγνωστος,
1520 4232 1685 4301 μηδὲν
1717 4233 1857 4303 ἔχων
1890 4234 2025 4302 πρὸς

450 4324 550 4392 τὴν
581 4322 865 4390 ἐξάγιστον
888 4322 1088 4393 πρᾶξιν
1114 4322 1438 4377 συνελαῡνον
1458 4323 1669 4393 αύτδνῆ
1694 4324 1792 4395 τὴν
1814 4325 2024 4378 οἰκείαν

453 4417 674 4475 κακίαν,
718 4413 787 4466 δι’
821 4413 887 4483 ἠν
918 4414 1088 4484 μόνην
1136 4415 1426 4484 συντρέχει
1490 4414 1569 4485 τῷ
1614 4416 1713 4485 τὴν
1764 4417 2021 4487 ἁρπαγὴν

456 4508 830 4576 ἁμαρτάνοντι
860 4521 874 4535 ’
971 4505 1432 4574 συμπράττοντας
1514 4507 1569 4559 δὲ
1626 4509 1841 4578 νοητέον
1898 4510 2022 4571 τοὺς

459 4597 853 4668 συνεργοῦντας
909 4598 1001 4649 ἐπὶ
1031 4598 1099 4668 τῇ
1155 4597 1379 4667 ἁρπαγῇ
1410 4612 1426 4629 '
1489 4599 1912 4668 συναιρομένους
1966 4599 2024 4652 δὲ

456 4692 579 4751 τοὺς
668 4690 745 4758 μὴ
790 4688 938 4759 ἔργῳ
994 4688 1505 4759 συμϐοηθήσοντας,
1597 4690 1909 4761 συμδουλὴν
1966 4690 2023 4743 δὲ

456 4784 551 4835 καὶ
579 4782 690 4853 (56)
728 4782 964 4853 σπουδὴν
981 4782 1397 4849 εἰσαγαγόντας,
1429 4785 1523 4835 καὶ
1568 4781 1742 4846 οὕτως
1799 4785 2019 4836 ἐπικου-

457 4874 729 4943 ρὴσαντας
809 4873 908 4927 καὶ
996 4872 1463 4943 άντιλαὸομένους
1544 4873 1653 4927 τῶν
1754 4875 2021 4945 πλημμε-

456 4966 714 5021 λούντων.

453 5056 677 5110 ΑΡΙΣΤ.
724 5059 1023 5127 Κληρικὸς
1081 5054 1355 5125 ἁρπάζων
1411 5058 1686 5128 γυναῖκα,
1730 5060 2027 5127 ἀνεκκλη-

525 5147 781 5214 clamor;
803 5165 819 5181 ·
844 5152 877 5203 ό
917 5149 986 5203 δὲ
1017 5154 1229 5220 λαϊκὸς
1282 5153 1439 5207 ἔστω
1505 5150 1771 5221 ἀνάθεμα
1804 5168 1819 5183 ο
1881 5151 2030 5204 κατὰ

520 5240 697 5295 τοῦτο
717 5241 816 5297 καὶ
848 5246 882 5297 ὀ
910 5245 1360 5314 σνναιρόμενος.

2126 3130 2408 3183 mulierum
2434 3145 2626 3199 graves
2650 3133 2936 3185 admodum
2967 3149 3138 3200 poena:
3160 3138 3489 3205 constitutae,
3526 3140 3705 3193 vetitis

2124 3219 2309 3284 etiam,
2336 3222 2583 3289 quamvis
2608 3236 2702 3276 eas
2727 3224 3023 3278 oﬂ‘ensione
3044 3226 3268 3281 dimissa
3303 3228 3526 3298 virginis
3553 3240 3705 3297 pater

2125 3313 2408 3380 approbet,
2464 3314 2698 3382 raptoris
2729 3330 2849 3369 cum
2902 3326 3049 3385 raptu
3084 3319 3308 3373 muliere
3337 3320 3539 3387 nuptiis
3582 3337 3598 3374 :
3649 3330 3702 3375 et

2126 3418 2387 3457 canonem
2443 3420 2659 3475 quoque
2707 3410 3105 3474 sanctionibus,
3158 3424 3227 3463 ne
3277 3411 3598 3480 impunitum
3650 3413 3702 3466 id

2124 3495 2337 3552 facinus
2369 3498 2785 3568 relinqueretur,
2821 3500 3110 3566 provisum.
3153 3499 3352 3556 Verum
3395 3502 3479 3558 hic
3526 3519 3701 3559 canon

2126 3588 2249 3644 aliis
2299 3591 2544 3644 severius
2615 3590 2669 3645 in
2723 3603 2969 3661 raptores
3018 3591 3418 3657 animadvertit.
3473 3594 3705 3652 clericos

2124 3682 2342 3750 quidem
2369 3683 2662 3750 deponens,
2712 3684 2766 3738 in
2818 3686 2989 3740 laicos
3020 3701 3147 3741 vero
3180 3687 3464 3741 anathema
3494 3690 3704 3743 denun-

2127 3773 2286 3826 tians.
2366 3772 2478 3827 Nec
2506 3775 2679 3828 solmu
2711 3776 2911 3844 rapiunt:
2942 3786 3215 3839 auctores,
3266 3781 3359 3833 sed
3404 3795 3498 3833 eos
3542 3781 3701 3834 etiam

2125 3865 2215 3932 qui
2249 3880 2404 3934 opem
2436 3867 2611 3921 ferunt
2640 3868 2721 3921 vel
2764 3872 3104 3922 consentiunt
3150 3872 3337 3924 iisdem
3373 3874 3545 3940 pteuis
3581 3874 3707 3925 sub-

2119 3956 2264 4026 jicit.
2333 3956 2520 4025 Neque
2585 3961 2635 4014 id
2677 3962 2894 4029 quidem
2952 3961 3167 4029 injuria.
3243 3961 3343 4027 Qui
3389 3964 3586 4015 etenim
3636 3979 3701 4018 ex

2124 4053 2281 4114 raptu
2342 4046 2444 4099 sibi
2489 4061 2707 4099 uxorem
2768 4052 3133 4117 comparavit,
3203 4057 3266 4102 ad
3316 4051 3520 4105 facinus
3574 4053 3700 4106 illud

2125 4134 2537 4201 perpetrandum
2584 4135 2939 4203 impellentem
2994 4152 3053 4189 se
3104 4152 3340 4192 amorem
3392 4155 3489 4208 pro
3535 4155 3702 4193 excu-

2124 4225 2334 4279 satione
2381 4224 2563 4289 habet,
2611 4226 2698 4293 qui
2749 4240 2880 4279 vero
2932 4241 3084 4294 opem
3135 4228 3239 4280 fert
3272 4240 3364 4282 aut
3408 4233 3701 4293 consentit,

2128 4332 2250 4370 cum
2294 4314 2425 4368 nihil
2458 4314 2529 4370 sit
2562 4316 2704 4384 quod
2742 4315 2807 4370 ad
2840 4318 3224 4386 nequissimam
3274 4322 3537 4373 actionem
3566 4319 3703 4375 inci-

2130 4415 2245 4459 tare
2287 4405 2437 4460 iilom
2486 4416 2738 4476 poterat,
2794 4419 2994 4477 preter
3038 4410 3310 4480 prepriam
3359 4414 3701 4480 pravitatem,

2128 4512 2224 4568 per
2250 4515 2410 4568 quam
2437 4501 2605 4555 solam
2650 4519 2770 4557 cum
2802 4515 3016 4573 raptore
3045 4507 3295 4560 convenit
3322 4508 3705 4575 concursuque

2128 4592 2283 4646 venia
2309 4592 2479 4658 magis
2507 4593 2757 4663 indignus
2777 4604 2878 4650 est.
2910 4599 2987 4651 Ac
3007 4596 3276 4667 adjutores
3300 4599 3513 4668 quidem
3547 4599 3706 4653 intel-

2129 4683 2467 4754 ligimus,qni
2486 4687 2551 4739 ad
2565 4686 2739 4741 scelus
2757 4690 3075 4758 patrandum
3091 4705 3307 4757 operam
3330 4706 3482 4744 suam
3502 4689 3703 4761 raptori

2131 4778 2540 4830 commodarunt
2560 4795 2574 4831 :
2598 4781 2906 4833 consentire
2938 4795 3061 4834 vero
3086 4797 3179 4836 eos
3200 4782 3448 4845 dicimus,
3474 4796 3703 4848 quorum

2132 4880 2326 4921 manus
2361 4869 2574 4935 quidem
2622 4884 2649 4920 a
2688 4870 2894 4925 scelere
2930 4870 3124 4937 abluit,
3156 4872 3377 4926 consilio
3412 4880 3587 4923 tamen
3641 4884 3705 4921 ac

2130 4955 2313 5009 Studio
2346 4955 2779 5023 delinquentibus
2821 4962 3093 5028 suppetias
3137 4974 3201 5013 ac
3247 4975 3401 5027 opem
3442 4961 3703 5012 tulerunt.

2129 5045 2354 5101 ARIST.
2411 5047 2642 5103 Clericus
2675 5050 2945 5104 mulierem
2978 5053 3184 5121 rapiens
3215 5052 3437 5105 ecclesia
3472 5050 3705 5116 expella-

2203 5150 2322 5193 tur:
2373 5140 2540 5194 laicus
2568 5151 2763 5208 autem,
2797 5144 2863 5197 sit
2888 5148 3206 5209 anathema;
3252 5153 3307 5196 ut
3336 5151 3385 5198 et
3413 5143 3705 5214 quicunque

2204 5234 2289 5288 isti
2320 5234 2624 5301 opitulatur.

1677 5424 1867 5486 Guill.
1912 5422 2239 5501 Beveregii
2269 5429 2456 5483 notae.

521 5620 637 5683 (56‘
669 5619 1029 5686 Svpé’ovlhr
1058 5620 1126 5671 δὲ
1160 5620 1283 5674 καί.
1334 5616 1461 5671 H:cc
1485 5659 1500 5681 ,
1558 5630 1728 5683 usque
1777 5616 1869 5686 ad,
1903 5615 2023 5667 ἐπι·

451 5685 830 5762 χωρήσαντας
880 5691 1162 5756 inclusive,
1219 5691 1274 5745 in
1331 5690 1520 5742 codice
1585 5685 2023 5741 Amcrbaeltiatto

2131 5614 2526 5667 desiderantur.
2581 5613 2685 5667 Sed
2741 5626 2932 5668 sensus
2984 5611 3083 5666 loci
3143 5611 3260 5667 sine
3308 5610 3414 5666 illis
3462 5612 3701 5682 pessime

2132 5683 2508 5749 confunditur,
2544 5687 2624 5739 vel
2659 5685 2840 5754 potius
2875 5682 3054 5739 nullus
3082 5683 3301 5737 omnino
3335 5691 3441 5739 est.
