4138 6210
488 303 592 369 487

1757 295 2031 356 TllEOD.
2080 296 2171 353 BA
2187 296 2487 357 LSAMON

3638 295 3743 361 488

488 417 695 479 Romae,
746 420 803 468 et
846 428 969 469 eum
1016 409 1467 480 quemadmodum
1497 420 1551 465 et
1582 409 1690 474 ille,
1731 409 1783 463 in
1815 408 2071 461 erunibus

2174 408 2270 462 τοῦ
2303 410 2460 464 πάπα
2505 407 2746 481 Ῥώμης,
2775 406 2871 462 καὶ
2903 406 3023 462 κατ’
3051 408 3258 459 ἐκεῖνον
3290 405 3384 459 ἐπὶ
3437 404 3572 458 πᾶσι
3629 403 3745 464 τοῖς

487 511 651 563 rebus
681 503 1063 560 ecclesiastii-is
1109 503 1361 555 honorari
1392 516 1455 554 ac
1492 500 1668 567 magni
1701 500 1840 564 lleri,
1873 514 2071 553 conve-

488 597 703 649 nienter
748 593 784 646 3
844 593 1036 647 cationi
1091 589 1339 644 secundae
1394 603 1513 659 syn.
1568 587 1821 642 Nonnulli
1864 598 2069 651 autem,

493 688 732 740 videntes
782 698 903 738 eum
969 683 1112 735 nolle
1174 697 1325 751 papa:
1386 681 1613 736 Romani
1680 681 1958 751 privilegio
2013 694 2072 733 se

484 779 691 847 jactare
721 786 774 829 et
814 774 1068 829 extollere
1103 774 1299 842 (neque
1327 775 1468 828 enim
1496 775 1624 838 imp.
1678 773 1791 827 loro
1825 773 1873 825 ei
1904 780 2066 839 caput

490 872 710 934 tegitur,
766 882 864 918 nec
909 879 1030 917 eum
1064 864 1192 930 imp.
1240 863 1491 930 secptris,
1537 863 1728 931 signis,
1775 874 1829 915 et
1862 862 2072 914 vexillis

486 956 851 1027 progreditur,
892 971 987 1008 nec
1017 954 1283 1023 imperial.
1315 970 1421 1021 pra:
1450 970 1507 1009 se
1534 956 1635 1008 fert
1669 956 2070 1017 auctoritatem,

487 1063 589 1103 nec
649 1063 832 1100 revera
892 1048 1129 1100 induitur
1180 1057 1233 1100 et
1274 1050 1477 1115 equitat.
1522 1047 1813 1101 secundum
1849 1048 1901 1099 id
1930 1048 2071 1114 quod

488 1139 754 1209 imperiali
800 1140 1019 1193 decreto
1066 1139 1377 1192 continetur
1408 1155 1437 1191 a
1467 1149 1655 1192 saneto
1705 1137 1899 1203 Magno
1930 1138 2073 1190 Coit-

485 1230 731 1285 stantino
776 1231 841 1282 ad
889 1243 1081 1297 papam
1129 1227 1428 1280 Romanum
1476 1238 1719 1281 sanetum
1750 1227 2070 1281 Silvestrum

489 1329 545 1372 et
578 1335 917 1374 successores
949 1319 1067 1388 ejus
1098 1319 1265 1387 facto)
1318 1320 1501 1372 dicunt
1542 1335 1604 1372 ea
1651 1335 1771 1387 quae
1802 1320 1885 1372 liis
1914 1334 2073 1374 cano-

492 1414 649 1464 nibus
677 1412 1021 1465 continentur
1052 1412 1352 1465 exolevisse
1394 1418 1448 1464 et
1478 1411 1528 1464 in
1563 1426 1658 1464 usu
1690 1428 1792 1465 non
1822 1424 1961 1479 esse,
2021 1413 2071 1466 id

494 1504 656 1557 etiam
703 1502 845 1571 quod
891 1503 1073 1558 dicunt
1110 1519 1177 1557 ex
1229 1503 1327 1556 hoc
1373 1503 1780 1565 continuantes,
1826 1505 1967 1573 quod
2018 1503 2070 1556 in

500 1594 870 1662 imperialibus
913 1592 1072 1656 longo
1118 1602 1237 1658 post
1289 1602 1526 1662 tempore
1560 1595 1776 1663 scriptis
1806 1605 1857 1649 et
1891 1611 2074 1665 repur-

498 1685 636 1754 gatis
667 1698 770 1736 non
800 1684 916 1737 sita:
946 1685 1053 1737 sint.
1076 1683 1239 1753 leges,
1271 1700 1387 1752 qua:
1414 1685 2073 1742 deliniantCmistantino-

487 1775 781 1843 politanuin
839 1775 1298 1844 archiepiscopum
1362 1777 1561 1829 habere
1629 1775 1859 1831 Romani
1921 1793 2069 1848 papa:
2107 1754 2143 1807 Β

488 1865 790 1935 privilegia,
828 1866 1279 1934 quemadmodum
1329 1876 1382 1921 et
1422 1881 1520 1921 nos
1566 1883 1627 1921 ea
1682 1870 2073 1925 dei-laraviinns

488 1959 543 2012 iu
572 1961 746 2029 primo
799 1974 917 2024 cap.
967 1959 1051 2011 tit.
1100 1958 1132 2012 8
1179 1963 1458 2026 praesentis
1502 1961 1702 2029 operis.
1781 1961 1893 2030 Ego
1923 1977 2069 2027 vero,

487 2066 609 2104 cum
660 2049 1286 2118 Constantinopolitauus
1327 2050 1462 2106 civis
1510 2054 1612 2105 sim
1667 2052 2068 2121 integerrimus,

487 2153 543 2195 et
617 2140 947 2195 sanctissimi
1007 2140 1591 2209 Coustanlinopolitani
1646 2143 1821 2197 throni
1900 2143 2072 2198 factus

491 2231 584 2286 Dei
648 2235 817 2302 gratia
879 2247 1006 2300 pars
1063 2235 1559 2301 opportunissima,
1626 2234 1746 2288 volo
1806 2245 1860 2289 et
1920 2247 2069 2304 opto,

491 2337 548 2378 ut
579 2325 1024 2394 archiepiscopus
1054 2326 1708 2396 (lonstantinopolitanus,
1734 2328 1868 2383 citra
1905 2331 2068 2385 ullum

491 2422 667 2469 tamen
694 2415 1094 2479 olTendicnlum,
1151 2416 1350 2470 habeat
1390 2418 1567 2470 omnia
1599 2417 1898 2488 privilegia,
1954 2434 2072 2488 qua:

491 2520 523 2556 a
550 2505 745 2559 divinis
773 2505 1070 2560 canouibus
1099 2515 1227 2560 sunt
1253 2506 1325 2559 illi
1357 2507 1651 2562 lionorilice
1676 2522 1962 2564 concessa.

556 2786 809 2842 ZONAR.
870 2788 1484 2859 ConstantinOpolitanae
1515 2790 1660 2845 urbis
1693 2792 1946 2847 thronum
1975 2812 2071 2848 an-

493 2884 657 2950 iiquae
691 2881 875 2935 Romae
915 2883 1107 2936 throno
1142 2884 1288 2937 nullo
1336 2894 1494 2952 pacto
1547 2884 1810 2952 dignitate
1855 2889 2069 2951 cedere,

493 2978 585 3031 sed
620 2976 915 3044 aequalibus
966 2976 1038 3028 illi
1086 2977 1455 3046 praerogativis
1503 2979 1845 3030 lionestatum
1880 2979 2069 3045 fuisse,

494 3084 598 3120 non
660 3080 788 3121 sunt
830 3069 920 3137 qui
978 3070 1228 3122 evincere
1280 3071 1628 3123 contendant.

492 3160 861 3213 controversia
907 3161 1153 3213 secundae
1212 3161 1404 3230 synodi
1474 3162 1631 3215 tertio
1683 3176 1890 3216 canone
1939 3163 2073 3218 satis

488 3250 601 3317 jam
627 3250 894 3321 explicata
923 3260 1025 3315 est,
1081 3251 1507 3320 liallueinarique
1539 3252 1592 3304 in
1634 3268 1695 3305 ea
1732 3269 1787 3306 re
1806 3252 2070 3322 ejusmodi

493 3344 742 3397 homines
799 3342 1266 3406 demonstratum;
1321 3358 1480 3411 quem
1541 3343 1716 3398 locum
1768 3350 2073 3414 quicunque

493 3433 978 3497 animadverterit,
1044 3435 1244 3501 regiam
1309 3434 1449 3487 lianc
1517 3436 1702 3488 urbem
1776 3437 2070 3489 secundani

496 3523 719 3575 honoris
772 3540 835 3576 ac
897 3524 1176 3591 dignitatis
1227 3526 1415 3576 ordine
1471 3529 1899 3580 constituendam
1952 3542 2074 3584 es.e

493 3612 650 3665 facile
685 3614 961 3681 intelliget.
1026 3612 1160 3665 Nam
1193 3614 1489 3683 aequalibus
1520 3615 1623 3667 l‘rni
1660 3618 1951 3687 privilegiis
2003 3621 2072 3673 ob

496 3704 779 3768 imperium
800 3716 852 3755 et
884 3713 1132 3756 senatum
1162 3705 1393 3760 dicitur:
1428 3709 1674 3773 quamvis
1694 3709 1841 3770 illud,
1870 3720 2073 3765 mutato

500 3808 674 3843 rerum
712 3804 874 3855 Statu,
925 3794 977 3846 in
1016 3797 1354 3865 tyrannidem
1392 3799 1764 3865 degeneravit;
1805 3801 1890 3853 hic
1924 3816 2073 3868 vero,

495 3885 779 3951 splendere
828 3887 1055 3951 pristino
1096 3888 1319 3953 amisso,
1379 3879 1593 3943 deiecit.
1648 3890 1717 3946 Ut
1763 3900 2070 3947 sanctorum

497 3977 709 4027 illorum
760 3976 977 4029 Patrum
1033 3991 1095 4031 ea
1163 3994 1315 4032 mens
1377 3982 1569 4047 fuerit,
1635 3983 1887 4050 quoniam
1943 3984 2072 4038 urbs

498 4069 720 4135 imperio
739 4084 801 4121 ae
818 4080 1031 4134 seuatu,
1054 4068 1338 4124 sicutolim
1367 4069 1562 4140 Roma,
1593 4086 1782 4127 ornata
1804 4076 1922 4139 l'uit,
1950 4092 2069 4132 eam

494 4161 882 4215 ecclesiasticis
917 4177 1135 4231 quoque
1161 4166 1530 4233 prwrogativis
1577 4166 1765 4220 iisdem
1796 4169 2071 4237 omnibus,

495 4252 692 4318 quibus
721 4253 834 4318 illa,
872 4254 1143 4308 bonestari
1179 4264 1451 4323 Oportere,
1481 4270 1545 4309 ac
1593 4257 1823 4326 primum
1856 4262 2070 4327 quidem

497 4344 632 4396 inter
663 4344 796 4398 alias
826 4360 1018 4399 omnes
1052 4347 1333 4411 ecclesias,
1387 4347 1455 4400 ab
1498 4347 1585 4401 illa
1615 4364 1745 4405 vero
1772 4356 2068 4406 secundum

494 4437 769 4505 dignitatis
799 4436 972 4490 locum
1003 4437 1267 4493 obtinere.
1350 4439 1612 4497 Omnibus
1640 4458 1875 4512 namque
1904 4446 2072 4500 modis

2177 4446 2287 4514 γὰρ
2318 4450 2374 4499 ἐν
2410 4446 2614 4500 ἅπασιν
2639 4449 2927 4514 ἀξιοῦσθαι
2955 4449 3161 4521 ταύτην
3217 4456 3525 4524 ἀμήχανον,
3590 4454 3658 4509 δι’
3679 4455 3716 4510 ἃ

496 4527 783 4594 aequalem,
830 4537 1051 4596 propter
1097 4528 1293 4582 allatas
1330 4544 1398 4583 eo
1445 4531 1561 4585 loco
1590 4534 1845 4595 rationes,
1878 4535 2072 4589 intelli-

500 4631 628 4686 gere
679 4632 783 4671 non
840 4633 1160 4686 possumus,
1223 4619 1325 4673 nisi
1372 4621 1511 4676 forte
1557 4622 1755 4677 dixerit
1801 4627 2067 4694 quispiam

500 4709 755 4776 quoniam
805 4709 973 4762 divini
1011 4709 1081 4763 illi
1112 4709 1302 4766 Patres
1335 4711 1537 4781 Spiritu
1569 4725 1756 4770 sancto
1787 4716 2068 4773 illuminati

495 4800 878 4871 pra-viderunt,
928 4798 1226 4855 Romanam
1258 4802 1553 4859 Ecclesiam
1601 4816 1818 4877 propter
1859 4825 2070 4865 errores

494 4907 624 4947 suos
671 4892 739 4947 ab
791 4893 1212 4947 orthoduxorum
1264 4907 1405 4949 cestu
1449 4898 1861 4966 segregandam,
1911 4913 2072 4971 atque

493 4984 640 5037 enini
673 4985 906 5045 lidelium
951 4988 1226 5039 consortio
1254 4987 1638 5041 eliininandam
1681 4988 1814 5053 fore,
1871 4992 2072 5060 primas

494 5076 620 5130 huic
654 5078 999 5143 detulerunt;
1033 5086 1191 5146 atque
1218 5079 1292 5133 ita
1325 5079 1515 5134 iisdem
1545 5096 1663 5134 eam
1704 5084 2072 5151 praerogativis

495 5169 547 5219 in
605 5169 858 5223 omnibus
911 5170 1276 5233 decorarunt,
1334 5186 1456 5239 quae
1511 5180 1569 5224 ut
1622 5170 1712 5224 illa
1760 5173 2067 5242 aliquando,

494 5258 855 5327 principatum
910 5259 1040 5315 olim
1098 5260 1380 5314 obtinebit.
1458 5258 1590 5314 Nam
1640 5265 2069 5331 ρτειιιιυείιίοιιειιι

490 5358 634 5417 post,
666 5350 818 5419 juxta
849 5367 941 5407 eos
969 5354 1033 5408 de
1062 5363 1181 5422 pOst
1206 5354 1257 5407 in
1283 5363 1521 5423 tempore
1542 5356 1847 5409 constitutae
1876 5357 2073 5425 reginae

496 5441 729 5504 urbium,
792 5442 1015 5512 intelligi
1070 5462 1174 5498 non
1227 5444 1493 5512 permittit
1541 5461 1712 5500 canon
1762 5446 1832 5499 56
1881 5448 2068 5515 synodi

494 5527 785 5597 Trullanre,
820 5536 1111 5587 secundum
1141 5536 1638 5606 Constantinopolis
1667 5538 1920 5592 thronum
1954 5548 2075 5607 post

497 5621 699 5675 veteris
732 5623 916 5677 Romae
946 5626 1195 5679 thronum
1229 5628 1565 5683 constituens
1615 5640 1669 5683 et
1717 5629 2070 5699 subjungens,

499 5710 621 5770 Post
650 5714 791 5771 hunc
820 5714 1218 5775 Alexandrinus
1247 5728 1563 5777 numeretur
1592 5719 1846 5790 thronus,
1874 5720 2070 5779 deinde

2172 502 2656 569 ἐκκλησιαστικαῖς
2684 499 2977 571 πράγμασι
3011 491 3747 567 μεγαλύνεσθαιάκολούϐως

2171 592 2249 659 τῷ
2286 591 2460 659 τρίτῳ
2497 591 2685 643 κανόνι
2716 590 2814 657 τῆς
2846 588 2891 657 β’
2958 588 3201 641 συνόδου.
3272 585 3429 647 Τινὲς
3476 585 3558 648 δὲ,
3630 582 3753 653 βλὲ·

2173 701 2371 745 ποντες
2423 684 2614 736 τοῦτον
2676 683 2767 736 διὰ
2828 682 3057 752 μηδενός
3112 679 3219 735 τῶν
3279 677 3593 749 προνομίων
3653 674 3751 728 τοῦ

2171 776 2330 828 nixa
2393 774 2611 844 Ῥώμης
2676 773 3199 842 ἀποσεμνυνόμενον
3256 771 3400 841 (οὔτε
3448 771 3557 839 γὰρ
3646 768 3753 820 ὑπὸ

2175 866 2464 936 βασιλικοῦ
2492 865 2670 937 λώρου
2699 865 2797 934 τὴν
2826 864 3068 933 κεφαλὴν
3102 862 3603 920 κατακαλύπτεται.
3621 857 3750 910 οὔτε

2177 960 2313 1030 μετὰ
2351 958 2633 1027 βασιλικοῦ
2666 960 2948 1028 σκήπτρου
2986 958 3079 1009 καὶ
3130 956 3329 1021 σίγνων
3386 952 3482 1004 καὶ
3538 949 3750 1017 βάντυν

2176 1048 2629 1121 προοδεύει,οῠτε
2674 1048 2966 1119 ἀξιώματα
3028 1044 3392 1117 προϐάλλεται
3470 1038 3749 1109 βασιλικὰ,

2174 1139 2299 1193 οὔτε
2333 1139 2567 1210 ἀληθινὰ
2595 1139 2993 1201 ὲνδιόύσκεται,
3054 1136 3148 1188 καὶ
3197 1129 3553 1185 καϐαλικεύει
3607 1126 3752 1178 κατὰ

2173 1234 2271 1303 τὴν
2302 1232 2595 1300 περίληψιν
2626 1232 2722 1284 τοῦ
2755 1229 3040 1299 γεγονότος
3060 1223 3344 1295 βασιλικοῦ
3374 1219 3752 1287 θεσπίσματος

2175 1326 2327 1395 παρὰ
2355 1325 2449 1378 τοῦ
2490 1325 2646 1392 ἁγίου
2694 1323 2932 1393 μεγάλου
2985 1318 3396 1373 Κωνσταντίνου
3458 1311 3592 1382 πρὸς
3655 1307 3749 1359 τὸν

2174 1422 2362 1470 πὰπαν
2400 1418 2619 1485 Ῥώμης
2668 1416 2823 1481 ἅγιον
2870 1412 3193 1481 Σίλϐεστρον
3252 1408 3349 1460 καὶ
3416 1406 3541 1465 τοὺς
3626 1400 3746 1471 μετ’

2175 1509 2386 1579 αὐτόν),
2417 1509 2639 1575 λέγουσι
2667 1505 3109 1577 ἁπρακτῆσαιτὰ
3138 1502 3245 1553 τῶν
3279 1498 3542 1561 κανόνων,
3570 1510 3749 1545 κατα-

2176 1601 2539 1667 σκευάζοντες
2592 1601 2685 1652 τὶν
2754 1600 2959 1651 οἰκεῖον
3013 1596 3287 1664 λόγονκαὶ
3365 1590 3474 1644 ὰπδ
3530 1586 3623 1641 τοῦ
3671 1585 3751 1657 μὴ

2174 1693 2635 1763 καταστρωθῆναι
2663 1693 2740 1753 εἱς
2766 1692 2833 1743 τὰ
2877 1688 3152 1760 βασιλικὰ,
3174 1686 3241 1739 τὰ
3273 1680 3752 1754 μεταγενεστέρως

2175 1786 2458 1839 καταπολὺ
2509 1784 2901 1854 συγγραφέντα
2959 1783 3055 1834 καὶ
3098 1777 3573 1848 ἀνακαθαρθέντα,
3620 1772 3750 1863 τσὺς

2174 1879 2377 1946 νόμους
2406 1877 2531 1939 τοὺς
2556 1876 2968 1946 διοριζομένους
3000 1874 3143 1943 ἔχειν
3176 1872 3266 1923 τὸν
3299 1872 3747 1922 Κωνσταντινου-

2174 1971 2381 2031 πόλεως
2414 1969 2483 2021 τὰ
2516 1968 2788 2037 προνόμια
2816 1966 2909 2018 τοῦ
2939 1965 3098 2018 πὰπα
3142 1963 3384 2032 Ῥώμης,
3436 1958 3619 2020 καθὼς
3652 1953 3751 2008 καὶ

2173 2066 2335 2133 ἡμεῖς
2362 2061 2835 2130 παρεδηλώσαμεν
2872 2060 2937 2111 τὰ
2968 2056 3098 2128 περὶ
3122 2056 3311 2110 τούτου
3343 2057 3400 2106 ὲν
3422 2052 3496 2121 τῷ
3518 2050 3566 2103 α’
3614 2065 3745 2117 κεφ.

2172 2154 2267 2207 τοῦ
2293 2152 2340 2224 η’
2371 2152 2554 2205 τίτλου
2582 2150 2676 2202 τοῦ
2715 2150 2982 2220 παρόντος
3017 2152 3422 2216 συντάγματος.
3487 2139 3626 2209 Ἐγὼ
3688 2138 3747 2191 δὲ

2174 2242 2825 2311 Κωνσταντινουπολίτης
2856 2241 2930 2294 ὢν
2964 2242 3458 2311 ἀκραιφνέστατος,
3512 2236 3607 2287 καὶ
3648 2230 3745 2284 τοῦ

2173 2339 2484 2408 ἁγιωτάτου
2510 2338 2701 2407 θρόνου
2737 2336 2835 2405 τῆς
2882 2331 3504 2392 Κωνσταντινουπόλεως
3584 2330 3751 2399 μέρος

2171 2426 2408 2497 γεγονὼς
2437 2430 2504 2495 τῇ
2539 2426 2722 2496 χάριτι
2754 2425 2846 2477 τοῦ
2882 2423 3015 2476 Θεοῦ
3066 2422 3450 2492 καιριώτατον,
3484 2419 3620 2471 θέλω
3652 2419 3748 2470 καὶ

2172 2518 2402 2588 εὔχομαι
2436 2517 2583 2587 ἔχειν
2624 2518 2715 2569 τὸν
2757 2514 3396 2575 Κωνσταντινουπόλεως
3472 2512 3748 2566 ἁσκανδα-

2170 2609 2367 2671 λίστως
2390 2608 2570 2661 πάντα
2615 2609 2682 2661 τὰ
2710 2610 2863 2679 παρὰ
2893 2608 3005 2661 τῶν
3036 2606 3196 2661 θείων
3220 2605 3463 2660 κανόνων
3541 2603 3750 2672 φιλότι-

2175 2701 2417 2770 μηθέντα
2452 2698 2601 2769 αὑτῴ
2627 2702 2928 2770 προνόμια.

2247 2792 2497 2845 ΖΩΝΑΡ.
2537 2791 2987 2855 Βιάζονταίτινες
3015 2791 3448 2857 κατασκευάζειν
3479 2793 3554 2863 μὴ
3588 2794 3762 2873 ἐλατο.

2171 2883 2397 2937 τοῦσθαι
2466 2887 2533 2953 τῇ
2596 2889 2730 2953 τιμῇ
2784 2885 2876 2937 τὸν
2963 2884 3063 2953 τῆς
3109 2886 3750 2950 ξΚωνσταντινουπόλεως

2175 2976 2366 3045 θρόνον
2392 2974 2485 3028 τοῦ
2522 2975 2715 3046 θρόνου
2744 2976 2845 3045 τῆς
2871 2976 3262 3047 πρεσϐυτέρας
3328 2978 3575 3047 Ῥώμης,
3611 2977 3750 3033 ἀλλὰ

1709 3068 1909 3124 Verum
1959 3072 2069 3126 haec

2174 3072 2282 3124 τῶν
2332 3072 2463 3125 ἴσων
2516 3070 2817 3141 πρεσϐείων
2866 3071 3053 3142 ἐκείνῃ
3122 3071 3544 3128 καταπολαύειν.
3608 3075 3747 3143 Ἤδη

2179 3163 2280 3233 μὲν
2313 3159 2407 3217 οὖν
2438 3165 2494 3217 ὲν
2528 3164 2604 3233 τῷ
2644 3163 2693 3231 γ’
2721 3164 2904 3216 κανόνι
2941 3163 3038 3232 τῆς
3085 3163 3343 3234 δευτέρας
3404 3167 3617 3220 συνόδου
3674 3171 3751 3220 εῐ-

2180 3270 2339 3325 ρηται
2368 3254 2497 3324 περί¹
2522 3253 2731 3318 τούτου,
2776 3256 2872 3308 κα)⁴
2918 3255 3293 3310 ἀποδέδεικται
3360 3258 3436 3328 μὴ
3476 3260 3749 3329 εὐστόχως

2176 3345 2419 3407 ἐκείνους
2471 3345 2650 3414 λέγειν
2679 3362 2692 3374 ·
2751 3348 2844 3398 καὶ
2886 3347 3149 3417 ζητητέον
3208 3349 3275 3401 τὰ
3326 3351 3441 3403 ἐκεῖ
3481 3351 3750 3420 εἰρημένα

2173 3436 2448 3508 ἀρκοῦντα
2508 3440 2587 3501 είς
2675 3437 2949 3504 ἀπόδειξιν
3030 3439 3123 3492 τοῦ
3200 3440 3460 3511 δευτέραν
3543 3441 3750 3512 ταύτην

2176 3530 2425 3599 βασιλίδα
2480 3531 2634 3586 πόλιν
2689 3534 2830 3585 κατὰ
2887 3532 3038 3596 τάξιν
3081 3535 3179 3603 τῆς
3228 3534 3395 3603 τιμῆς
3447 3536 3745 3606 κρίνεσθαι.

2174 3621 2245 3673 Τὸ
2289 3621 2396 3692 γὰρ
2445 3622 2553 3674 τῶν
2615 3624 2742 3676 ῖσων
2796 3622 3089 3676 ἀπολαύειν
3154 3625 3460 3693 πρεσϐείων
3504 3626 3593 3678 διὰ
3648 3627 3749 3694 τὴν

2176 3713 2454 3782 βασιλείαν
2481 3714 2576 3766 καὶ
2599 3714 2695 3785 τὴν
2730 3714 3031 3784 σύγκλητον
3058 3715 3272 3785 εἴρηται
3299 3733 3312 3747 ο
3360 3717 3409 3769 εί
3450 3720 3545 3770 καὶ
3576 3719 3604 3787 ἡ
3645 3718 3745 3785 μιν

2175 3806 2254 3865 είς
2287 3804 2581 3873 τυραννίδα
2614 3806 2982 3875 μετήμειπται
3004 3847 3019 3871 ,
3047 3809 3079 3877 ἡ
3114 3807 3167 3859 δὲ
3202 3809 3619 3875 συγκέκλεισται
3654 3812 3751 3863 καὶ

2175 3896 2475 3951 ἐκλέλοιπε.
2558 3898 2730 3949 Τοῦτο
2773 3897 3046 3965 λεγόντων
3090 3900 3200 3951 τῶν
3268 3901 3438 3967 ἁγίων
3478 3901 3748 3971 Πατέρων

2175 3987 2423 4053 ἐκείνων,
2456 3989 2539 4042 ὅτι
2573 3989 2667 4043 ἐπὶ
2700 3988 2950 4061 βασιλείᾳ
3007 3991 3243 4061 ἐτιμήθη
3299 3995 3332 4062 ἠ
3387 3994 3545 4055 πόλις
3606 3995 3746 4065 αὕτη

2174 4080 2268 4132 καὶ
2302 4079 2594 4149 συγκλήτῳ
2623 4080 2699 4145 ὡς
2730 4081 2896 4135 πάλαι
2932 4082 3142 4152 Ῥώμη,
3177 4085 3259 4137 δεῖ
3312 4086 3486 4155 αὐτὴν
3535 4090 3629 4141 καὶ
3685 4092 3745 4141 ἐν

2173 4173 2287 4234 τοῖς
2322 4171 2810 4241 ὲκκλησιαστικοῖς
2846 4175 3203 4244 προνομίοις,
3239 4177 3313 4240 ὡς
3364 4180 3545 4248 ἐκείην
3578 4183 3750 4251 τιμᾶα

2177 4264 2322 4327 σθαι,
2358 4265 2492 4317 πᾶσι
2539 4264 2650 4317 τῶν
2703 4265 2882 4319 ἄλλων
2942 4268 3369 4339 προτιμωμένην
3413 4271 3743 4341 ἐκκλησιῶν.

2176 4355 2441 4426 δευτέραν
2494 4357 2549 4410 δὲ
2579 4357 2699 4426 μετ’
2728 4357 2946 4429 ἐκείνην
3002 4359 3380 4429 ὑπάρχουσαν.
3437 4363 3558 4415 Τῶν
3615 4365 3748 4419 ῐσων

2175 4538 2354 4598 αἰτίας
2385 4541 2560 4591 ἐκεῖσε
2594 4542 2921 4610 είρήκαμεν,
2952 4544 3001 4595 εί
3035 4544 3110 4613 μή
3164 4545 3265 4598 πού
3321 4563 3406 4608 τις
3459 4547 3604 4599 εἴποι
3664 4549 3746 4601 ὅτι

2176 4624 2523 4698 προορῶντες
2573 4633 2630 4683 ὲν
2702 4632 2985 4700 Πνεύματι
3028 4634 3167 4703 ἁγίῳ
3213 4637 3261 4687 οί
3317 4636 3453 4689 θεῖοι
3507 4640 3745 4706 Πατέρες

2175 4723 2398 4784 ἐκεῖνοι,
2465 4722 2540 4785 ὡς
2613 4724 3065 4794 ἀπἰτμτιθήσεται
3112 4726 3213 4795 τῆς
3282 4727 3392 4779 τῶν
3453 4729 3741 4797 όρθοδέξων

2175 4810 2520 4881 ὁλοκληρίας,
2547 4814 2641 4864 καὶ
2674 4812 3231 4883 ἐξοστρακισθήσεται
3292 4821 3389 4882 τῆς
3418 4817 3737 4885 όμηγύρεω;

2174 4903 2285 4953 τῶν
2314 4902 2524 4955 πιστῶν
2570 4903 2661 4955 διὰ
2711 4904 2960 4973 δόγματα
3013 4906 3304 4973 ἑτερόδοξα
3358 4910 3390 4976 η
3458 4908 3739 4974 Ῥωμαίων

2188 4993 2511 5061 Ἐκκλησία,
2547 4993 2772 5064 πρώτην
2802 4995 3010 5068 ταύτην
3043 4997 3360 5061 ὲλογίσαντο
3391 5016 3405 5030 ·
3451 5002 3545 5053 καὶ
3571 4999 3742 5065 οὕτως

2173 5086 2281 5138 τῶν
2312 5087 2492 5139 αὐτῶν
2527 5088 2710 5159 ἐκείνῃ
2744 5087 2971 5141 δικαίων
2999 5092 3056 5143 ὲν
3110 5093 3277 5144 πᾶσιν
3316 5092 3556 5161 ἠξίωσαν
3600 5111 3747 5163 πρω-

2174 5177 2353 5229 τεύειν
2394 5178 2719 5245 μέλλουσαν,
2738 5178 2812 5239 ὡς
2846 5180 3030 5249 ἐκείνη
3064 5184 3216 5236 ποτέ.
3256 5183 3367 5252 Τὴν
3431 5185 3541 5252 γὰρ
3594 5185 3745 5253 μετὰ

2175 5270 2436 5340 πρόθεσιν
2468 5271 2529 5322 οὐ
2551 5274 2828 5342 συγχωρεῖ
2848 5272 2973 5326 κατ’
3004 5273 3246 5337 ἐκείνους
3270 5276 3510 5329 νοεῖσθαι
3542 5278 3634 5330 ἐπὶ
3670 5278 3749 5345 τῷ

2177 5361 2317 5430 μετὰ
2335 5362 2510 5431 χρόνῳ
2536 5361 2637 5431 τῆς
2662 5363 2977 5427 συστάσεως
3006 5364 3109 5434 τῆς
3162 5364 3432 5435 βασιλίδος
3476 5369 3587 5423 τῶν
3645 5373 3749 5423 πό-

2173 5453 2312 5507 λεων
2356 5456 2384 5507 ὁ
2449 5453 2537 5518 λς’
2571 5455 2757 5508 κανὼν
2805 5456 2905 5524 τῆς
2966 5459 3022 5509 ὲν
3081 5458 3160 5527 τῷ
3195 5458 3451 5531 Τρούλλῳ
3497 5462 3744 5527 συνόδου,

2173 5543 2428 5614 δεύτερον
2458 5545 2549 5596 τὸν
2581 5544 2772 5616 θρόνον
2804 5549 2900 5614 τῆς
2936 5548 3567 5613 Κωνσταντινουπόλεως
3618 5554 3745 5604 τὰτο

2172 5651 2280 5688 των
2305 5637 2442 5701 μετὰ
2465 5636 2556 5688 τὸν
2585 5637 2682 5703 τῆς
2712 5637 3092 5709 πρεσϐυτέρας
3131 5640 3368 5711 Ῥώμης,
3387 5644 3481 5695 καὶ
3501 5642 3744 5709 ἐπάγων,

2173 5727 2310 5782 Μεθ’
2339 5726 2398 5783 ὃν
2434 5729 2462 5781 ό
2494 5728 3003 5802 τῆςᾊλεξανδρειας
3036 5731 3375 5804 ἁριθμείσθω
3393 5732 3596 5805 θρόνος,
3627 5731 3748 5791 εἶτα
