4138 6210
515 326 621 389 495

1762 323 2037 384 THEOD.
2070 323 2465 383 BALSAMON

3629 324 3730 386 496

588 438 781 494 BALS.
836 436 1109 507 Scriptum
1153 444 1236 490 est
1273 435 1325 489 in
1357 442 1547 505 quarta
1583 436 1797 491 actione
1820 437 2062 492 Actorun

2246 437 2441 489 ΒΑΛΣ.
2494 436 2805 505 Γέγραπται
2872 435 2931 488 ιν
2978 438 3045 503 τῇ
3112 434 3347 504 τετάρτῃ
3396 432 3591 504 πράξει
3629 436 3739 488 τῶν

513 535 548 589 4
577 531 789 603 synodi,
841 532 981 598 quod
1029 535 1147 595 post
1197 526 1436 583 Dioscori
1480 528 1815 583 Alexandriae
1845 529 2078 598 episcopi

514 624 927 692 depositionem,
980 621 1046 675 l5
1076 618 1314 690 Egyptii
1344 621 1579 691 episc0pi
1623 637 1687 675 ex
1715 622 2081 676 Alexandrina

514 715 731 770 ὀίωοεεί
768 711 926 783 149
947 722 1235 781 prmsentes
1266 712 1540 781 Eutychen
1583 722 1638 766 et
1684 712 1801 780 ejus
1837 712 2078 779 dogmata

515 804 1040 858 anathematizarunt
1069 819 1083 853 :
1119 802 1455 855 subscribere
1483 812 1659 856 autem
1690 809 2081 868 consequenter

512 895 751 965 epistolae
804 895 973 948 sancti
1010 893 1203 947 Leonis
1255 908 1405 961 papa‘
1435 892 1679 957 Romani,
1733 907 1892 960 quam
1935 891 2078 945 misit

512 988 579 1042 ad
626 986 939 1040 Flavianum
1006 986 1363 1053 patriarcham
1408 982 2073 1051 Constantinopolitanum,

512 1088 572 1133 ut
600 1079 664 1133 iis
695 1094 812 1147 quae
845 1077 897 1131 in
926 1091 986 1130 ea
1015 1086 1169 1130 erant
1216 1076 1593 1137 assentientes,
1650 1092 1755 1129 non
1792 1075 2078 1141 persuade-

510 1172 742 1225 bantur:
781 1168 1019 1221 dicentes
1048 1182 1170 1221 esse
1198 1167 1515 1220 inusitatum
1549 1166 1601 1218 in
1634 1181 1726 1219 sua
1755 1163 2072 1233 Egyptiaca

513 1263 733 1318 diazcesi
756 1274 948 1330 prmter
970 1260 1317 1316 Alexandrini
1343 1260 1729 1328 archiepiscopi
1752 1259 2072 1313 sententiain

512 1356 617 1410 tale
653 1356 783 1425 quid
812 1352 1011 1417 facere,
1072 1360 1123 1406 et
1161 1360 1402 1421 petentes
1436 1352 1485 1403 id
1515 1350 1615 1404 sibi
1650 1348 1871 1403 concedi
1905 1350 2073 1403 donec

510 1446 906 1500 Alexandrinus
960 1444 1393 1511 archiepiscopus
1438 1442 1609 1495 factus
1640 1442 1727 1495 sil.
1804 1440 2069 1505 Quoniam

511 1553 637 1607 ergo
687 1535 899 1605 quidam
956 1550 1048 1589 eos
1093 1534 1171 1588 sic
1231 1534 1467 1587 dicentes
1528 1547 1633 1586 non
1693 1531 2066 1595 admittebant,

511 1628 716 1685 deﬁuiit
764 1627 997 1698 synodus
1043 1640 1135 1679 eos
1184 1624 1314 1677 nihil
1349 1624 1475 1678 mali
1513 1624 1617 1692 pati
1648 1634 1922 1692 oportere,
1972 1623 2067 1677 sed

512 1726 566 1779 in
624 1722 839 1791 pr0prio
883 1728 1027 1773 statu
1090 1731 1327 1779 manere,
1380 1726 1433 1769 et
1484 1712 1832 1770 Alexandrini
1887 1717 2068 1771 archi-

510 1814 741 1885 episcopi
775 1811 1162 1866 ordinationem
1220 1819 1551 1877 exspectare.
1628 1809 1842 1863 interea
1889 1820 2070 1863 autem

506 1907 591 1959 vel
620 1906 749 1959 dare
780 1904 1121 1971 fideiussores
1151 1901 1218 1956 de
1248 1901 1507 1965 sistendo,
1548 1900 1629 1954 vel
1654 1901 1696 1955 si
1728 1901 2070 1969 ﬁdejussores

508 1993 638 2048 dare
666 2007 767 2045 non
798 2000 1037 2061 possunt,
1086 2005 1272 2044 eorum
1304 1990 1844 2060 jnrejurandotidem
1886 1992 2069 2044 haberi

508 2084 714 2156 (Grzece
739 2092 817 2136 est
852 2081 1171 2152 ἐξωμοσία).
1211 2082 1506 2136 Estautem
1535 2082 1827 2151 ἐξωμοσία,
1857 2083 1979 2134 dum
2016 2083 2067 2136 in

505 2185 665 2245 caput
686 2175 1022 2244 imperatOris
1044 2176 1122 2228 vel
1144 2177 1195 2227 in
1221 2175 1489 2243 prepriam
1508 2174 1892 2243 salutetnjurat
1921 2179 2070 2243 quis-

486 2272 664 2340 .piam.
700 2268 899 2322 Dicitur
942 2278 1119 2341 autem
1168 2267 1459 2335 ἐξωμοσία,
1490 2268 1629 2334 quod
1671 2282 1772 2321 non
1806 2266 2075 2321 reducitur

502 2365 603 2418 hoc
627 2362 999 2431 jusjurandum
1026 2361 1319 2415 secundum
1357 2359 1697 2429 jurisperitos
1732 2360 1799 2414 ad
1831 2362 2071 2430 quinque

500 2453 859 2523 jurisjurandi
893 2454 1097 2522 species
1124 2451 1237 2520 lege
1268 2460 1516 2514 statutas,
1550 2452 1640 2505 sed
1670 2460 1752 2505 est
1780 2462 1927 2505 extra
1954 2466 2068 2505 eas.

500 2544 641 2615 Lege
670 2542 703 2597 8
728 2545 892 2599 them.
930 2543 998 2598 20
1022 2557 1139 2613 cap.
1168 2543 1201 2596 ii
1227 2542 1309 2595 tit.
1363 2556 1436 2595 vn
1482 2541 1575 2595 lib.
1604 2541 1820 2596 Basilio.
1864 2553 1917 2596 et
1952 2557 2070 2610 qua:

501 2646 656 2687 extra
704 2636 902 2702 scripta
951 2642 1095 2688 sunt.
1176 2630 1312 2687 Nota
1354 2641 1532 2687 autem
1578 2648 1646 2686 ex
1678 2633 1779 2687 hoc
1821 2634 2069 2701 praasenti

507 2740 715 2782 canone
745 2727 1014 2795 quomodo
1063 2726 1349 2794 exponitur
1393 2725 1462 2779 20
1506 2740 1675 2779 canon
1720 2726 2066 2793 apostolicus,

502 2818 723 2873 dicens:
767 2819 1008 2873 Clericus
1029 2817 1325 2887 tidejobens
1346 2818 1679 2889 deponatur;
1730 2829 1784 2873 et
1811 2819 1924 2888 lege
1952 2818 2068 2889 ejus

499 2907 1016 2977 interpretationem.

499 2997 909 3070 ἑρμηνεύεταιὸ
972 2999 1322 3064 ἀποστολικὸς
1377 3006 1423 3054 κ’

496 3093 593 3165 τὴν
628 3095 819 3149 τούτου
845 3096 1171 3166 ἑρμηνείαν.

2183 528 2516 598 Πρακτικῶν
2547 528 2645 597 τῆς
2679 526 2954 582 δ’συνόδου
2985 528 3067 579 ὄτι
3106 526 3244 597 μετά
3266 525 3364 597 τὴν
3411 525 3738 595 καθαίρεσιν

2181 622 2472 690 Διοσκόρου
2539 620 2838 673 ἐπισκόπου
2916 618 3324 689 ’Λλεξανδρείας
3383 616 3740 688 τρισκαίδεκα

2180 711 2477 762 ἐπίσκοποι
2510 711 2805 777 Αίγύπτῐοι
2838 709 3298 779 παρουσιάζοντες
3346 708 3455 760 ἀπὸ
3486 709 3583 778 τῆς
3610 707 3743 760 διοι-

2180 803 2396 872 κήσεως
2424 802 2839 873 Ἀλεξανδρείας
2887 801 2979 855 τὸν
3055 802 3154 870 μέν
3212 801 3457 871 Εὐτυχέα
3511 801 3608 853 καὶ
3672 801 3741 852 τὰ

2177 893 2421 971 δόγματα
2446 894 2612 947 αὑτοῦ
2636 894 3038 965 ἀνεθεμάτισαν
3069 911 3084 927 ο
3143 893 3461 961 ὑπογράψαι
3513 893 3569 945 δὲ
3607 892 3737 945 ἀκο-

2175 984 2379 1047 λούθως
2394 989 2485 1039 καὶ
2516 987 2570 1038 ἐν
2593 989 2655 1055 τῇ
2688 986 2940 1053 ἐπιστολῇ
2969 984 3064 1039 τοῦ
3098 985 3254 1052 ἁγίου
3280 984 3505 1047 Λέοντος
3536 986 3738 1038 πάππα

2188 1073 2430 1146 Ῥώμης,
2473 1076 2538 1147 ἢν
2570 1077 2859 1130 ἀπέστειλε
2890 1063 2966 1147 τῷ
3003 1078 3318 1149 πατριάρχῃ
3383 1079 3739 1131 Κωνσταντι-

2174 1168 2477 1230 νουπόλεως
2506 1168 2809 1239 Φλαϐιανῷ,
2844 1170 2918 1232 ώς
2959 1167 3293 1237 στοιχοῦντες
3328 1171 3436 1230 τοῖς
3475 1171 3531 1220 ἐν
3574 1169 3735 1237 αὐτῇ,

2180 1261 2279 1312 οὑκ
2325 1261 2620 1323 ἐπείθοντο,
2659 1261 2905 1327 λέγοντες
2965 1261 3236 1330 ἀσύνηθες
3300 1256 3439 1314 εἶναι
3490 1264 3554 1330 τῇ
3606 1262 3727 1313 κατ’

2177 1351 2374 1413 αὐτοὺς
2426 1353 2775 1421 Αἰγυπτιακῇ
2827 1352 3091 1422 διοικήσει
3149 1350 3299 1422 παρά
3376 1350 3598 1420 γνώμην
3644 1351 3737 1402 τοῦ

2173 1445 2473 1498 ἐπισκόπου
2526 1444 2929 1514 Ἀλεξανδρείας
2990 1442 3235 1497 τοιοῦτόν
3282 1460 3335 1496 τι
3400 1447 3593 1506 ποιεῖν,
3642 1445 3741 1496 καὶ

2170 1536 2614 1602 παρακαλοῦντες
2664 1535 2940 1605 ἐνδοθῆναι
2973 1535 3175 1599 αὐτοῖς,
3210 1534 3401 1604 μέχρις
3451 1533 3517 1586 ἂν
3560 1532 3738 1597 Ἀλεξς

2170 1628 2418 1695 ἀνδρείας
2474 1628 2894 1702 ἀρχιεπίσκοπος
2952 1628 3191 1696 γένηται.
3237 1626 3357 1679 Ὀτι
3423 1622 3515 1679 οὖν
3587 1644 3732 1688 τινες

2169 1719 2231 1770 οὑ
2264 1719 2625 1787 παρεδέχοντο
2659 1718 2884 1782 τούτους
2906 1718 3080 1771 ταῦτα
3108 1718 3384 1785 λέγοντας,
3442 1717 3641 1787 ὥρισεν
3695 1719 3729 1787 ἡ

2175 1811 2389 1873 σύνοδος
2430 1811 2595 1879 μηδέν
2622 1829 2672 1863 τι
2706 1811 2900 1874 αὑτοὺς
2931 1810 3123 1864 παθεῖν
3166 1811 3353 1877 κακὸν,
3386 1810 3521 1865 ἀλλά
3553 1811 3737 1880 μένειν

2175 1904 2381 1969 ἐπὶτῆς
2411 1903 2619 1965 οἰκείας
2650 1901 2953 1971 ἐπιτιμίας,
2998 1905 3093 1957 καὶ
3138 1903 3436 1972 ἀναμένειν
3488 1900 3587 1972 τὴν
3644 1902 3738 1954 τοῦ

2190 1993 2595 2063 Ἀλεξανδρείας
2638 1996 2998 2063 χειρατονίαν.
3042 1995 3129 2047 Ἐν
3159 1994 3238 2064 τῷ
3271 1994 3419 2064 μέσῳ
3468 1994 3588 2065 δέἣ
3648 1995 3740 2061 ἐγ-

2175 2086 2383 2155 γυητὰς
2422 2084 2607 2137 δοῦναι
2665 2086 3088 2155 παραστάσεως,
3145 2086 3176 2157 ἢ
3225 2086 3319 2138 ἐὰν
3379 2085 3454 2155 μὴ
3482 2084 3738 2137 δύνανται

2176 2176 2358 2228 δοῦναι
2447 2176 2739 2247 ἐγγυητὰς,
2827 2177 3099 2248 ἐξωμοσία
3216 2177 3735 2246 καταπιστευθῆναι.

2188 2266 2492 2336 Ἑξωμοσία
2523 2268 2580 2319 δέ
2612 2270 2727 2321 ἐστι
2750 2270 2810 2321 τὸ
2837 2270 2917 2331 εἰς
2942 2269 3040 2337 τὴν
3068 2267 3306 2338 κεφαλὴν
3329 2268 3420 2320 τοῦ
3449 2268 3738 2337 βασιλέως,

2175 2358 2207 2425 ἢ
2248 2360 2326 2421 εἰς
2353 2359 2452 2425 τὴν
2491 2358 2699 2411 οἰκείαν
2730 2359 3003 2429 σωτηρίαν
3028 2358 3228 2426 ὀμόσαι
3286 2360 3431 2411 τινά.
3470 2359 3736 2412 Καλεῖται

2174 2448 2229 2499 δὲ
2262 2449 2554 2518 ἐξωμοσία.
2582 2451 2665 2503 ὄτι
2693 2450 2791 2503 οὑκ
2824 2451 3082 2518 ἀνάγεται
3111 2450 3138 2501 ὁ
3168 2450 3334 2520 ὅρκος
3388 2445 3545 2514 οὗτος
3597 2450 3739 2503 κατὰ

2172 2544 2300 2604 τοὺς
2344 2542 2676 2611 νομομαθεῖς
2728 2545 2807 2605 εἰς
2861 2544 2987 2605 τοὺς
3074 2542 3497 2613 νενομισμένους
3576 2543 3735 2594 πέντε

2166 2633 2527 2701 ὄρκους,ἀλλ’
2582 2634 2686 2700 ἔξω
2718 2634 2929 2687 τούτων
2969 2635 3108 2686 ἐστί.
3166 2635 3278 2687 Καὶ
3329 2636 3645 2701 ἀνάγνωσον
3675 2635 3735 2686 τὸ

2174 2723 2223 2794 η’
2248 2723 2391 2793 θέμά
2432 2724 2527 2777 τοῦ
2558 2732 2605 2778 κ’
2639 2743 2765 2794 κεφ,
2792 2725 2883 2777 τοῦ
2950 2724 3002 2789 ς’
3028 2726 3204 2779 τίτλου
3266 2725 3360 2778 τοῦ
3424 2726 3467 2790 ζ’
3534 2725 3733 2795 βιϐλίου

2167 2816 2274 2868 τῶν
2306 2816 2634 2881 Βασιλικῶν,
2656 2820 2750 2871 καὶ
2787 2819 2855 2872 τά
2908 2817 3106 2881 ἔξωθεν
3140 2818 3306 2871 αὑτοῦ
3349 2816 3735 2890 γεγραμμένα.

2165 2910 2481 2979 Σημείωσαι
2530 2910 2585 2962 δὲ
2644 2913 2752 2965 ἀπὸ
2804 2912 2899 2963 τοῦ
2974 2910 3244 2981 παρόντος
3311 2913 3535 2973 κανόνος
3590 2912 3738 2972 ὅπως

1516 2998 1714 3065 κανὼν,
1757 3000 1787 3050 ό
1815 2996 1990 3065 λέγων
2024 3014 2038 3029 ο
2062 2999 2333 3070 Κληρικδς
2359 3002 2561 3071 ἐγγύας
2592 3002 2767 3065 διδοὺς
2816 3002 3215 3074 καθαιρείσθω,
3254 3004 3371 3084 ,καὶ
3426 3003 3737 3071 άνάγνωσον

570 3271 817 3327 ZONAR.
853 3270 907 3325 In
957 3279 1150 3342 quarta
1186 3269 1388 3340 synodo
1438 3242 1624 3324 contra
1660 3271 1972 3324 Dioscorum
1999 3281 2062 3320 ac

2237 3266 2475 3319 ΖΩΝΑΡ.
2513 3266 2598 3317 Ἐν
2626 3270 2690 3336 τῇ
2719 3267 2958 3339 τετάρτῃ
2999 3266 3200 3334 συνόδῳ
3250 3268 3313 3334 τῇ
3346 3269 3405 3320 ἐν
3432 3266 3734 3338 Χαλκηδόνι

488 3365 847 3436 Eutychctem
896 3376 1190 3430 eorumque
1236 3362 1476 3431 gregales
1526 3360 1868 3425 Chalcedone
1917 3359 2056 3413 cele-

497 3459 672 3521 brata,
724 3444 955 3527 {Egy'ptii
1008 3454 1224 3523 quidam
1259 3454 1495 3522 episcOpi
1530 3468 1649 3505 cum
1684 3454 1955 3517 adessent,
2007 3462 2062 3503 ut

494 3550 738 3619 ejusdem
773 3548 961 3618 synodi
1010 3550 1244 3608 decreta,
1293 3562 1358 3600 ex
1383 3545 1551 3599 saneti
1595 3542 1786 3597 Leonis
1837 3538 2060 3596 Romani

497 3658 648 3712 papae
673 3642 736 3694 ad
768 3629 1076 3693 Flavianum
1113 3637 1477 3691 beatissimum
1512 3635 1925 3701 ConSIantinop.
1972 3646 2063 3684 ar-

494 3736 750 3802 cbiepisc.
795 3734 974 3789 missis
1000 3730 1189 3785 litteris
1208 3730 1372 3792 edita,
1406 3728 1767 3795 chirographo
1800 3740 1899 3779 suo
1927 3738 2061 3777 con-

497 3830 788 3887 tinuarent,
830 3824 1019 3878 adduci
1055 3838 1157 3875 non
1207 3830 1477 3889 poterant.
1518 3819 1634 3874 Non
1663 3817 1803 3887 quod
1844 3832 1905 3871 ea
1935 3817 2057 3885 qui-

495 3922 638 3981 dem,
672 3927 731 3971 ut
763 3917 1028 3981 ferebant,
1076 3914 1145 3967 illi
1193 3914 1368 3966 minus
1416 3912 1745 3981 probarent:
1793 3909 2058 3976 sedquod

492 4011 833 4065 Alexandriae
896 4007 1337 4074 archicpise0pus
1416 4015 1542 4057 tunc
1604 4002 1818 4071 quidem
1886 4000 2061 4054 nullus

492 4112 641 4167 erat;
685 4098 1060 4169 Aﬂgyptiotnin
1090 4098 1465 4166 episcoporum
1498 4094 1908 4149 consuetudinis
1940 4106 2060 4145 esse

493 4194 752 4260 dicentes,
781 4192 909 4246 nihil
942 4191 1242 4245 inconsulto
1263 4186 1632 4243 Alexandrino
1655 4185 2059 4254 archiepiscopo

493 4288 559 4341 de
612 4287 772 4340 rebus
820 4283 1201 4339 ecclesiasticis
1254 4281 1617 4343 constituere;
1657 4278 1860 4331 idcirco
1906 4274 2059 4345 parvi

492 4378 591 4431 sibi
630 4378 891 4445 temporis
915 4390 1140 4438 moram,
1177 4374 1345 4425 donec
1374 4372 1417 4424 is
1439 4379 1652 4423 creatus
1685 4370 1891 4431 luisset,
1926 4382 2057 4420 cou-

492 4468 609 4520 cedi
634 4466 991 4533 po‘stulabant.
1014 4459 1397 4529 SedAEgyptiis
1415 4458 1680 4525 episcopis
1701 4457 1839 4523 quod
1873 4471 2056 4508 eorum

494 4570 681 4624 nempe
710 4554 866 4606 iidem
897 4562 1200 4621 saepectum
1229 4552 1486 4603 haberent
1511 4588 1527 4611 ,
1561 4558 1721 4616 atque
1748 4548 1867 4601 ideo
1898 4562 2057 4616 syno-

492 4648 608 4700 dice
634 4647 848 4700 decreta
874 4644 983 4697 suis
1013 4641 1495 4703 subscriptiouibus
1526 4640 1846 4694 confirmare
1872 4641 2056 4691 nolue-

493 4746 639 4803 runt,
662 4735 1010 4803 depositionis
1054 4746 1265 4801 pmuam
1306 4732 1493 4801 synodi
1555 4731 1822 4783 antistites
1849 4732 2053 4797 irroga-

422 4860 429 4872 ι
492 4844 635 4881 vere.
680 4826 780 4891 Qui
826 4836 1001 4878 tamen
1048 4826 1099 4877 in
1138 4824 1341 4893 synodo
1378 4821 1648 4890 principes
1697 4820 1795 4873 viri
1832 4822 2056 4872 aderant

488 4920 650 4975 simul
684 4934 802 4972 cum
832 4927 1047 4979 senatu,
1095 4925 1170 4979 ut,
1200 4916 1543 4967 manentibus
1573 4914 1708 4982 ipsis
1739 4914 1792 4966 in
1836 4912 2053 4981 proprio

486 5014 763 5082 dignitatis
792 5010 1114 5080 epiScopalis
1152 5006 1335 5060 habitu
1358 5042 1375 5069 ,
1406 5005 1751 5059 Alexandrini
1786 5003 2055 5079 archiepi-

484 5108 633 5176 8ςορὶ
668 5108 997 5159 creationem
1022 5109 1415 5170 exspectarent,
1444 5099 1665 5151 concedi
1688 5107 1936 5164 oportere
1957 5110 2047 5146 ar-

486 5199 844 5252 bitrabantur.
873 5193 1073 5248 Verum
1099 5208 1220 5263 syn.
1269 5189 1538 5244 antistites
1558 5188 1878 5243 delationem
1906 5186 2047 5241 illam

484 5302 799 5358 praetextum
818 5305 957 5352 esse,
978 5297 1033 5341 ut
1060 5287 1201 5339 nacti
1230 5284 1528 5337 libertatem
1550 5282 1907 5343 discederent,
1934 5295 2051 5332 sus-

484 5381 664 5449 pieati,
696 5384 759 5433 de
791 5382 1001 5433 illorum
1037 5381 1088 5431 in
1124 5377 1254 5430 urbe
1281 5372 1875 5441 Constantinopolitano
1900 5386 2051 5423 man-

479 5474 630 5525 sione
655 5484 945 5541 sponsores
994 5471 1109 5523 dari
1147 5468 1508 5539 postulabant.
1542 5464 1655 5530 Qua
1687 5466 1901 5533 quidem
1953 5477 2048 5530 po-

478 5566 770 5618 stulatione
813 5579 841 5616 a
874 5563 1200 5631 principibus
1242 5574 1451 5629 quoque
1481 5569 1531 5611 et
1560 5566 1749 5611 senatu
1792 5556 2055 5625 probata,

480 5653 765 5723 JEgyptiis,
801 5652 858 5707 u't
902 5654 979 5707 vel
1013 5655 1357 5723 lidejussores
1390 5652 1599 5715 darent,
1636 5651 1678 5703 si
1708 5665 1842 5719 quos
1872 5651 2038 5703 habe-

477 5758 618 5814 cent,
654 5747 737 5802 vel
769 5756 915 5801 certe
953 5752 1289 5801 sacramento
1333 5743 1489 5799 tidem
1537 5757 1689 5800 suam
1729 5742 2033 5811 obstringe-

2169 3359 2604 3434 συγκροτηθείσῃ
2631 3362 2772 3412 κατά
2810 3359 3104 3428 Διοσκόρου
3155 3360 3249 3411 καὶ
3316 3359 3587 3430 Εὑτυχοῦς
3641 3364 3736 3413 καὶ

2170 3449 2277 3500 τῶν
2311 3451 2628 3518 όμοφρόνων
2662 3451 2844 3513 αὑτοῖς
2890 3449 3144 3520 παρῆσαν
3175 3450 3266 3501 καί
3332 3468 3473 3514 τινες
3523 3452 3632 3504 τῶν
3676 3452 3735 3518 ἐξ

2164 3542 2444 3609 Αἰγύπτου
2468 3542 2780 3607 ἐπίσκοποι,
2820 3544 2870 3595 οἳ
2898 3542 3241 3613 παρῃτοῦντο
3280 3542 3598 3613 ὑπογράψαι
3624 3546 3733 3607 τοῖς

2163 3632 2651 3704 δογματισθεῖσιτῇ
2680 3635 2811 3704 ἁγίᾳ
2844 3634 3071 3703 συνόδῳ,
3097 3635 3337 3706 ἑπομένῃ
3370 3638 3432 3703 τῇ
3476 3634 3729 3705 ἐπιετσλῇ

2164 3725 2257 3777 τοῦ
2285 3728 2433 3778 ὁσίου
2462 3726 2691 3790 Λέοντος
2715 3729 2915 3781 πάππα
2947 3726 3184 3797 Ῥώμης,
3215 3728 3280 3797 ἣν
3311 3728 3590 3780 ἐπέστειλε
3651 3728 3729 3797 τῷ

2170 3821 2453 3888 ἁγιωτάτῳ
2484 3821 2897 3890 ἀρχιεπισκόπῳ
2934 3818 3565 3881 Κωνσταντινουπόλεως
3590 3820 3725 3873 Φλα-

2165 3912 2354 3981 6ιανῷ.
2392 3912 2743 3984 Παρῃτοῦντο
2771 3911 2850 3975 δὲ,
2892 3913 2989 3981 οὑχ
3020 3911 3095 3974 ώς
3126 3912 3563 3982 ἀπαρεσκόμενοι
3615 3914 3727 3975 τοῖς

2161 4004 2340 4068 δόξασι
2362 4008 2426 4075 τῇ
2461 4005 2696 4074 συνόδῳ*
2729 4002 2841 4056 ἀλλ’
2876 4004 2955 4056 ὅτι
2997 4002 3394 4071 Ἀλεξανδρείας
3418 4003 3515 4057 οὑκ
3537 3999 3603 4074 ἦν
3634 4021 3732 4073 τη-

2164 4096 2396 4151 νικαῦτα
2426 4097 2879 4166 ἀρχιεπίσκοπος,
2917 4096 3167 4163 λέγοντες
3191 4096 3311 4158 ἔθος
3363 4091 3503 4150 εἶναι
3540 4099 3598 4149 ἐν
3629 4096 3727 4149 Ai-

2163 4188 2373 4259 γύπτῳ,
2410 4187 2727 4259 ἀρχιερεῦσι
2781 4189 2947 4257 μηδὲν
2967 4204 3018 4240 τι
3044 4188 3308 4259 πράττειν
3334 4188 3724 4258 ἐκκλησιαστι-

2162 4281 2257 4334 κὸν
2278 4281 2428 4349 παρά
2458 4281 2681 4350 γνώμην
2701 4266 2794 4332 τοῦ
2832 4280 3238 4351 Ἀλεξανδρείας
3260 4281 3721 4350 άρχιεπισκόπου,

2165 4373 2259 4427 καὶ
2288 4373 2564 4438 ἀξιοῦντες
2593 4372 2876 4442 ἐνδοθῆναι
2912 4373 3114 4436 αὑτοῖς,
3150 4372 3345 4443 μέχρις
3377 4375 3442 4425 ἂν
3484 4373 3725 4437 Ἀλεξαν-

2160 4462 2339 4534 δρείας
2382 4459 2810 4531 ἀρχιεπίσκοπος
2842 4462 3088 4530 γένηται.
3116 4462 3178 4513 Οἰ
3205 4462 3303 4530 μὲν
3324 4459 3416 4515 οὖν
3448 4463 3546 4530 τῆς
3573 4466 3726 4516 συνό-

2161 4554 2251 4606 δου
2317 4556 2613 4624 ἀρχιερεῖς,
2670 4553 3071 4617 ὑποπτεύοντες
3129 4554 3202 4617 ώς
3238 4555 3644 4625 ἐτεροδοξοῦσιν
3675 4559 3723 4609 oi

2160 4645 2448 4714 Αἰγύπτιοι
2481 4646 2793 4711 ἐπίσκοποι,
2830 4648 2924 4699 καὶ
2961 4647 3049 4699 διὰ
3105 4646 3262 4700 τοῦτο
3321 4648 3381 4699 οὑ
3445 4647 3722 4717 βούλονται

2159 4736 2452 4808 βεϐαιῶσαι
2499 4739 2567 4791 δι’
2598 4738 2987 4808 ὑποσημασίας
3047 4738 3254 4801 οἰκείας
3312 4740 3380 4791 τά
3434 4739 3719 4800 συνοδικῶς

2156 4830 2523 4900 ψηφισθέντα,
2558 4832 2877 4899 καθαίρεσιν
2907 4830 3131 4884 ἐκείνων
3164 4831 3613 4900 κατεψηφίζοντο.
3654 4832 3715 4883 Oi.

2155 4922 2211 4975 δὲ
2252 4923 2634 4992 σνμπαρόντες
2657 4925 2722 4991 τῇ
2756 4922 2961 4991 συνόδῳ
2997 4922 3259 4991 ἄρχοντες
3304 4926 3400 4974 καὶ
3424 4924 3455 4992 ἡ
3482 4922 3716 4992 σύγκλη-

2160 5034 2249 5077 τος
2286 5015 2509 5081 διέγνων
2535 5015 2644 5066 δεῖν
2675 5014 2953 5084 ἐνδοθῆναι
2980 5017 3180 5079 αὐτοῖς,
3219 5016 3471 5084 μένουσιν
3498 5018 3586 5067 ἐπὶ
3629 5016 3720 5067 τοῦ

2155 5106 2355 5158 οἰκείου
2385 5106 2659 5173 σχήματος
2692 5105 2790 5173 τῆς
2850 5105 3241 5174 ἀρχιερατικῆς
3276 5104 3470 5169 ἀξίας,
3514 5108 3723 5175 ἀναμέ-

2156 5213 2268 5248 νειν
2296 5197 2393 5264 τὴν
2422 5194 2753 5264 χειροτονίαν
2784 5194 2877 5247 τοῦ
2898 5192 3328 5265 ’Ἀλεξανδρείας
3365 5198 3726 5267 ἀρχιεπισκό-

2158 5305 2280 5340 που.
2316 5287 2458 5339 Οἰδέ
2500 5304 2562 5356 γε
2612 5286 2712 5356 τῆς
2761 5287 2977 5338 συνόδου
3018 5288 3314 5355 ἀρχιερεῖς,
3369 5289 3573 5357 σκῆψιν
3624 5290 3723 5355 τὴν

2160 5378 2452 5449 ὑπέρθεσιν
2502 5379 2864 5440 ὑπολαϐόντες
2911 5376 3070 5441 εἶναι,
3105 5379 3189 5430 ἵνα
3234 5380 3492 5448 τυχόντες
3539 5380 3723 5440 ἀδείας

2156 5470 2606 5539 ὑποχωρήσωσιν,
2636 5468 2797 5538 ᾔτουν
2828 5468 3028 5535 ἐγγύας
3054 5466 3235 5521 δοῦναι
3259 5468 3452 5529 αὑτοὺς
3478 5468 3723 5535 προσμέ-

2151 5577 2262 5613 νειν
2296 5563 2361 5630 τῇ
2393 5559 2622 5628 βασιλίδι
2668 5559 2776 5611 τῶν
2803 5561 3007 5611 πόλεων
3027 5572 3041 5585 '
3093 5558 3188 5610 καὶ
3210 5559 3259 5611 οἱ
3283 5559 3537 5629 ἄρχοντες
3565 5562 3659 5611 καὶ
3684 5558 3718 5628 ή

2147 5653 2447 5721 σύγκλητος
2468 5652 2816 5721 ἀπεφήναντο
2831 5651 2864 5719 ἢ
2880 5648 3081 5717 ἐγγύας
3105 5650 3301 5715 αὐτοὺς
3332 5652 3649 5721 παρασχεῖν,
3670 5659 3719 5710 ει

2139 5746 2422 5815 εὐποροῖεν
2452 5744 2819 5814 ἐγγυητών,ἢ
2866 5741 3139 5814 ἐξωμοσία
3193 5740 3715 5810 καταπιστευθῆναι-
