4138 6210
413 306 517 371 δ’ἓῦ

1585 314 1668 374 ΙΝ
1696 316 1899 377 CUNC.
1956 314 2041 375 IN
2077 316 2399 379 TRULLO.

3529 330 3631 393 506

417 444 443 479 ι
485 426 707 495 μεγέθει
751 432 1208 498 συγκαταϐἀσεώς
1246 450 1306 486 τε
1357 434 1451 488 καὶ
1496 435 1877 499 ταπεινώσεως
1917 435 1975 488 τδ

2084 454 2104 488 «
2134 445 2188 492 et
2229 436 2295 491 ad
2327 451 2387 492 se
2408 438 2681 493 revocavit
2713 452 2775 494 ac
2822 438 3071 503 reduxit,
3121 439 3275 495 nobis
3306 455 3515 509 quoque
3543 459 3627 497 se-

420 538 441 570 «
485 521 752 591 ἡμέτερον
792 523 951 605 γένος
980 528 1448 594 μεταποιήσαντα.
1480 528 1573 580 καὶ
1607 528 1745 598 πρὸς
1783 528 1976 581 ἑαυτὸν

426 631 445 659 ε
486 611 962 682 ἁνακαλεσάμενον
1012 616 1107 668 καὶ
1145 616 1554 671 ἀναϐιϐάσαντα
1600 619 1695 670 καὶ⁸
1751 618 1851 689 τὴν
1894 620 1976 681 είς

425 723 445 753 «
484 706 543 757 τὸ
569 705 629 758 εὖ
658 701 801 758 εἶναι
828 707 1013 775 τρίϐον
1053 710 1184 777 ἡμῖν
1224 710 1575 774 ὑποδείξαντα
1605 710 1692 763 διὰ
1726 710 1835 763 τῶν
1872 711 1975 780 τῆς

424 818 444 848 «
500 798 822 867 Ἐκκλησίας
846 799 1184 871 λαμπτήρων
1204 802 1297 853 καὶ
1324 802 1679 866 διδασκάλων,
1708 818 1975 869 φωταγω-

423 913 439 943 «
480 891 722 959 γούντων
750 894 820 945 τὰ
848 894 989 946 κατὰ
1009 895 1141 946 Θεὸν
1161 895 1314 963 ἡμῶν
1337 896 1671 964 διαδήματα,
1706 896 1796 948 καὶ
1836 893 1976 964 πρὸς

419 1005 436 1035 «
475 986 537 1037 τδ
580 985 913 1053 Εὑαγγὲλιον
958 988 1362 1059 παρορμώντων
1390 1004 1405 1021 ο
1447 982 1523 1041 ὧν
1579 989 1672 1041 καὶ
1722 988 1784 1041 τὸ
1826 987 1976 1039 πολί-

421 1095 439 1124 ‹
480 1093 656 1144 τευμα
689 1078 747 1127 ὲν
771 1077 1021 1145 οὐρανοῖς
1044 1078 1278 1148 ὑπάρχει
1301 1081 1442 1134 κατὰ
1462 1080 1554 1133 τθν
1573 1079 1715 1131 θεῖον
1744 1079 1975 1132 ἀπόστο-

421 1178 439 1217 «
479 1169 571 1220 λον
595 1183 613 1199 ⁶
637 1168 763 1222 ὅθεν
783 1171 877 1223 καὶ
898 1168 992 1221 νῦν
1018 1172 1151 1239 ἡμῖν
1174 1172 1266 1223 τὸν
1290 1174 1488 1224 οἰκεῖον
1519 1172 1637 1240 βίον
1661 1170 1972 1238 διεξάγουσι

422 1280 438 1309 «
480 1263 873 1333 ῥᾳθυμότερον,
905 1258 999 1316 καὶ
1029 1266 1092 1332 τῇ
1132 1264 1240 1317 τῶν
1272 1264 1546 1332 λογισμῶν
1576 1264 1747 1334 ἀργίᾳ
1772 1264 1972 1317 καθεύ-

419 1375 434 1402 ι
475 1355 679 1417 δουσιν,
710 1355 785 1417 ὡς
808 1356 1142 1409 ἐπεισελθεῖν
1179 1356 1513 1425 ἀφυλάκτοις
1552 1356 1647 1408 σὺν
1685 1356 1973 1423 δδοστάτην

420 1469 437 1499 «
478 1449 694 1519 ἐχθρὸν,
718 1449 813 1500 καὶ
834 1448 976 1500 κατὰ
1000 1449 1194 1519 μικρὸν
1218 1450 1316 1515 τὴν
1336 1450 1538 1519 ἀρετὴν
1565 1449 1969 1519 ὑποκλέψαντα,

422 1560 439 1591 «
482 1541 581 1610 τὴν
611 1542 810 1595 κακίαν
840 1543 973 1610 ἡμῖν
1004 1543 1433 1611 ἀνθυπενεγκείν
1462 1559 1477 1574 ·
1516 1544 1546 1596 ὀ
1580 1544 1677 1613 τὴν
1711 1544 1973 1613 μεγίστην

420 1657 436 1686 «
480 1637 687 1705 ταύτην
710 1635 803 1689 τοῦ
835 1637 1100 1705 παρόντος
1130 1638 1332 1704 κόσμου
1363 1638 1732 1708 πηδαλιουχῶν
1773 1636 1971 1691 ὀλκάδα

422 1746 439 1777 «
479 1724 716 1795 Χριστὸς
747 1728 776 1779 6
800 1726 936 1788 Θεὸς
962 1726 1144 1795 ἡμῶν,
1181 1728 1238 1776 σὲ
1267 1727 1354 1777 τὸν
1385 1728 1549 1794 σοφὸν
1586 1729 1716 1796 ημῖν
1770 1726 1971 1797 κυϐερ-
2006 1780 2049 1835 Β

419 1840 435 1871 ι
477 1821 665 1889 νήτην,
720 1821 811 1874 τὸν
867 1819 1067 1887 εὐσεϐῆ
1126 1818 1394 1887 βασιλέα,
1450 1821 1760 1890 προστάτην
1810 1818 1977 1884 δντως

418 1932 437 1963 «
482 1914 801 1985 ἀνέστησεν,
868 1912 1255 1981 οἱκονομοῦντα
1295 1915 1416 1976 τοὺς
1454 1915 1644 1983 λόγους
1685 1918 1742 1969 ὲν
1774 1914 1973 1982 κρίσει,

420 2027 437 2056 ι
481 2007 823 2075 φυλάσσοντα
882 2008 962 2069 εἰς
1005 2007 1096 2058 τὸν
1148 2007 1318 2059 αἰῶνα
1370 2007 1668 2077 ἀλήθειαν,
1720 2008 1976 2061 ποιοῦντα

423 2121 439 2145 ε
482 2100 654 2167 κρῖμα
682 2099 775 2151 καὶ
803 2099 1150 2167 δικαιοσύνην
1193 2102 1252 2152 ἐν
1289 2100 1438 2168 μέσῳ
1479 2100 1577 2169 τῆς
1614 2099 1736 2169 γῆς,
1784 2101 1878 2152 καὶ
1917 2102 1976 2154 ὲν

422 2211 439 2239 «
482 2191 699 2261 ἀμώμῳ
731 2191 837 2260 ὀδῷ
879 2193 1245 2261 πορευόμενον
1273 2208 1286 2221 ⁸
1332 2192 1390 2244 ὃν
1428 2194 1462 2262 ἠ
1507 2192 1665 2261 σοφία
1706 2194 1976 2264 κυοφορή-

422 2302 440 2332 «
490 2300 632 2335 σασα
672 2282 763 2335 καὶ
797 2282 1125 2350 μαιεύσασα,
1167 2283 1348 2346 καλῶς
1377 2287 1494 2344 ταῖς
1526 2285 1747 2355 ἀρεταῖς
1780 2286 1978 2356 ἔκθρέ-

426 2397 443 2425 «
484 2376 637 2444 ψασά
666 2393 724 2428 τε
756 2376 850 2428 καὶ
890 2376 1303 2445 περιστείλασα,
1339 2382 1432 2428 καί
1471 2377 1615 2429 θείου
1643 2378 1976 2445 πληρώσασα

421 2489 437 2516 «
488 2468 821 2537 Πνεὺματος,
865 2468 1142 2536 ὀφθαλμὸν
1188 2468 1508 2535 οἰκουμένης
1560 2469 1853 2532 ἀπέδειξεν,
1909 2471 1975 2538 τῇ

424 2585 438 2603 ν
485 2559 577 2611 τοῦ
609 2559 699 2611 νοῦ
758 2558 1091 2629 καθαρότητι
1134 2559 1227 2611 καὶ
1268 2542 1333 2627 τῇ
1372 2559 1713 2627 λαμπρότητι
1757 2559 1978 2625 διαυγόια·

423 2670 442 2701 «
486 2650 646 2713 ζοντα
696 2653 1016 2720 περιφανῶς
1066 2652 1124 2703 τὸ
1182 2651 1467 2719 ὑπήκοονο
1524 2644 1568 2717 ᾧ
1627 2650 1724 2719 τὴν
1779 2651 1975 2720 ἑαυτῆς

423 2761 439 2793 ι
499 2742 825 2812 Ἐκκλησίαν
858 2743 1147 2812 παρέθετο,
1177 2743 1272 2795 καὶ
1306 2743 1398 2796 τὸν
1420 2743 1583 2807 νόμον
1614 2742 1782 2811 αὐτῆς
1816 2741 1974 2812 μελε-

420 2856 440 2887 «
477 2835 580 2906 τᾷν
610 2835 805 2896 νυκτὸς
829 2834 923 2887 καὶ
948 2833 1160 2905 ἡμέρας
1182 2834 1420 2899 ἐδίδαξεν
1449 2834 1585 2904 πρὸς
1604 2835 1974 2903 καταρτισμὸν

420 2946 439 2979 «
480 2928 574 2978 καὶ
600 2925 885 2994 οίκοδομὴν
916 2924 1024 2978 τῶν
1051 2924 1154 2975 ὑπὸ
1178 2926 1335 2993 χεῖρα
1357 2922 1501 2976 λαῶν
1525 2939 1539 2953 '
1572 2924 1652 2987 ὃς,
1680 2924 1759 2992 τῷ
1788 2923 1973 2994 θερμῷ

421 3043 438 3073 ι
483 3022 578 3076 τοῦ
626 3022 765 3092 πρὸς
815 3022 947 3075 Θεὸν
992 3023 1160 3075 πόθου
1209 3022 1299 3073 τὸν
1352 3019 1598 3091 ζηλωτὴν
1652 3018 1972 3089 ὑπερϐαλὼν

2083 547 2103 581 «
2134 531 2339 595 mitam,
2371 538 2430 584 ut
2455 529 2590 585 bene
2624 545 2886 593 essemus,
2936 530 3218 585 ostendere
3251 547 3342 599 per
3375 531 3627 586 Ecclesim

2082 621 2411 677 «luminaria
2472 637 2535 678 ac
2603 624 2869 690 doctores,
2934 624 3022 693 qui
3077 637 3283 679 nOSerS
3338 629 3631 680 Secundum

2082 732 2100 765 «
2132 714 2294 769 Deum
2330 729 2546 785 gressus
2575 714 2939 769 illuminantes
2966 716 3221 785 dirigunt,
3274 725 3328 769 et
3354 716 3416 770 ad
3459 717 3630 770 Evan—

2080 823 2099 855 «
2131 806 2329 873 gelium
2380 806 2651 860 incitant:
2705 821 2934 874 quorum
2990 805 3152 860 etiam
3205 809 3542 862 conversatio
3575 808 3627 859 in

2081 917 2100 949 «
2130 897 2282 951 caelis
2306 908 2389 953 est
2416 899 2479 964 ⁸³,
2508 907 2570 952 ut
2601 899 2674 952 ait
2707 900 2916 953 divinus
2951 898 3256 967 Apostolus.
3280 898 3434 952 Unde
3464 898 3623 950 etiam

2080 1009 2097 1041 «
2127 991 2277 1044 nobis
2306 990 2469 1044 vitam
2500 1004 2639 1044 nunc
2669 990 3023 1058 negiigentius
3053 990 3355 1058 agentibus.
3387 1000 3441 1044 et
3466 990 3634 1044 ratio-

2078 1100 2097 1133 «
2127 1082 2410 1137 rinationis
2444 1081 2992 1151 considerationisque
3015 1083 3126 1136 otio
3156 1082 3627 1144 iudormientibus.

2080 1189 2247 1229 «cum
2297 1175 2455 1229 nobis
2502 1175 2738 1229 incautis
2791 1172 2891 1229 viae
2935 1174 3221 1229 insidiator
3267 1175 3519 1231 inimicus
3572 1191 3631 1230 se

2079 1286 2098 1318 «
2127 1266 2407 1333 iniecerit,
2438 1276 2492 1320 et
2522 1267 2775 1320 virtutem
2808 1266 3064 1335 paulatim
3117 1267 3430 1334 suil'uratus,
3465 1267 3621 1321 nobis

2080 1380 2097 1412 «
2124 1358 2239 1429 ejus
2267 1359 2385 1414 loco
2410 1359 2595 1412 vitium
2632 1361 3009 1428 supposuerit:
3063 1360 3153 1428 qui
3208 1375 3450 1426 magnam
3482 1362 3627 1414 hanc

2077 1472 2095 1504 «
2124 1456 2403 1521 praesentis
2432 1452 2615 1507 mundi
2653 1468 2836 1505 navem
2858 1452 3011 1505 clavo
3043 1451 3286 1505 assidens
3308 1454 3443 1520 regit
3474 1452 3632 1505 Chri-

2077 1562 2095 1596 «
2123 1553 2235 1598 stus
2262 1543 2520 1599 Dominus
2550 1553 2749 1607 noster,
2784 1553 2836 1598 te
2883 1545 3175 1611 sapientem
3236 1543 3389 1597 nobis
3427 1546 3626 1614 guber—

2077 1645 2403 1700 «natorem,
2478 1637 2619 1704 pium
2692 1636 3091 1702 imperatorem,
3160 1651 3285 1689 vere
3355 1636 3633 1703 prasidem

2084 1747 2103 1780 «
2137 1728 2411 1792 excitavit,
2461 1727 2860 1797 dispensantem
2921 1742 3196 1781 sermones
3239 1727 3291 1779 in
3324 1726 3545 1796 judicio,
3578 1728 3633 1780 in

2085 1837 2104 1871 «
2136 1818 2383 1873 seculum
2405 1819 2680 1873 veritatem
2710 1827 3035 1885 servantem,
3067 1816 3347 1871 facientem
3372 1816 3629 1884 judicium

2086 1932 2103 1963 «
2132 1922 2186 1967 et
2214 1911 2484 1980 justitiam
2521 1912 2572 1964 in
2623 1911 2797 1965 medio
2832 1918 3010 1973 teme,
3061 1918 3114 1962 et
3146 1909 3197 1963 in
3244 1909 3325 1961 via
3373 1910 3441 1961 ab
3489 1907 3633 1960 omni

2085 2007 2547 2076 «reprehensione
2599 2005 2753 2075 153
2803 2004 2972 2057 aliena
3020 2002 3423 2069 procedentem;
3473 2014 3631 2067 quem

2087 2121 2105 2151 «
2135 2116 2253 2154 cum
2286 2097 2545 2168 sapientia
2574 2095 2934 2169 concepisset,
2992 2095 3147 2161 eique
3199 2093 3507 2145 obstetricis
3543 2089 3629 2143 of-

2083 2212 2101 2243 «
2137 2192 2315 2246 licium
2349 2190 2707 2261 praestitisset,
2756 2187 2974 2257 pulchre
3024 2185 3311 2239 virtutibus
3338 2183 3629 2237 enutritum

2086 2302 2103 2334 ι
2132 2292 2186 2337 et
2241 2292 2509 2347 ornatum,
2556 2281 2845 2345 divinoque
2893 2277 3100 2348 Spiritu
3150 2276 3430 2344 repletum,
3480 2274 3629 2328 orbis

2085 2386 2396 2430 «terrarum
2440 2373 2654 2428 oculum
2704 2372 2900 2435 eﬂ‘ecit,
2930 2370 3018 2439 qui
3075 2368 3266 2421 mentis
3299 2368 3531 2436 puritate
3576 2375 3632 2420 et

2088 2468 2420 2543 «‘splendore
2471 2466 2742 2535 subjectos
2796 2473 2979 2533 aperte
3014 2463 3302 2523 illuminas,
3357 2462 3442 2515 cui
3478 2475 3630 2514 suam

2082 2559 2423 2615 «Ecclesiam
2492 2557 2906 2622 commendavit,
2972 2563 3026 2610 et
3076 2554 3242 2623 legem
3297 2551 3413 2621 cjus
3472 2559 3628 2604 noctu

2082 2671 2100 2703 «
2132 2652 2327 2719 diuque
2376 2648 2619 2703 meditari
2658 2647 2857 2712 docuit,
2899 2645 2963 2700 ad
2994 2645 3331 2715 populorum,
3368 2643 3457 2711 qui
3508 2649 3634 2695 sunt

2082 2761 2101 2794 «
2136 2744 2233 2796 sub
2250 2741 2367 2811 ejus
2388 2741 2653 2801 manibus,
2690 2737 3073 2807 perfectionem
3107 2734 3582 2789 etmditicatimicm
3610 2747 3626 2793 ;

2082 2852 2099 2885 «
2129 2834 2217 2902 qui
2248 2844 2338 2887 tuo
2383 2832 2435 2886 in
2465 2832 2625 2886 Deum
2657 2828 2907 2883 desiderii
2962 2832 3151 2881 ardore
3202 2825 3429 2879 Phinees
3454 2826 3625 2877 zelum

2081 2944 2098 2975 «
2128 2938 2369 2993 superas,
2397 2934 2450 2977 et
2478 2923 2697 2993 pietatis
2730 2937 2791 2976 ac
2835 2918 3134 2990 prudentiae
3164 2918 3353 2971 robore
3380 2915 3630 2970 confosso

2082 3038 2099 3070 ι
2131 3026 2369 3087 peccato,
2404 3030 2615 3085 gregem
2645 3026 2856 3082 quoque
2905 3027 2933 3066 a
2967 3011 3096 3065 vitio
3123 3020 3175 3063 et
3208 3010 3372 3064 exitio
3418 3008 3624 3062 subtra-

421 3136 439 3166 «
480 3116 683 3180 Φινεὲς,
728 3117 821 3169 καὶ
854 3113 953 3185 τὴν
994 3116 1265 3183 ἁμαρτίαν
1314 3114 1645 3183 ὲκκεντήσας
1679 3113 1754 3183 τῷ
1780 3112 1971 3183 κράτει

2080 3131 2099 3164 «
2130 3115 2254 3165 here
2296 3110 2535 3164 voluisti.
2570 3106 2863 3177 Oportebat
2907 3105 3049 3159 enim
3083 3119 3223 3169 eum,
3254 3103 3345 3170 qui
3392 3113 3509 3171 post
3534 3116 3625 3156 su-

419 3227 435 3256 «
484 3209 579 3278 τῆς
614 3207 897 3268 εὐσεϐείας
924 3223 982 3259 τε
1027 3206 1118 3258 καὶ
1156 3206 1442 3268 συνέσεως,
1490 3207 1585 3258 καὶ
1618 3204 1678 3256 τὸ
1722 3206 1971 3273 ποίμνιον

418 3323 435 3349 «
477 3302 574 3369 τῆς
609 3301 804 3361 κακίας
832 3316 893 3350 τε
920 3299 1013 3350 καὶ
1044 3300 1248 3366 φθορᾶς
1278 3278 1649 3363 συνεξελέσθαί
1682 3297 1930 3369 προείλου
1950 3311 1967 3329 ο

417 3415 434 3441 ι
480 3395 682 3462 ἔπρεπε
712 3392 818 3462 γὰρ
847 3391 937 3443 τὸν
979 3392 1089 3443 τῶν
1117 3391 1316 3443 οἰάκων
1355 3391 1490 3459 μετὰ
1518 3391 1615 3459 τὴν
1664 3389 1775 3443 ἄνω
1800 3388 1969 3459 ῥοπὴν

417 3504 433 3533 «
478 3484 571 3536 τοῦ
596 3483 930 3554 ἀνθρωπείου
966 3481 1156 3550 γένους
1184 3482 1580 3551 ἐπειλημμένον
1612 3481 1685 3550 μὴ
1722 3481 1879 3549 μόνον
1909 3481 1968 3531 τὸ

417 3596 435 3627 «
480 3575 604 3629 καθ’
643 3576 807 3629 αὑτὸν
851 3578 1093 3638 σκοπεῖν,
1139 3576 1232 3626 καὶ
1262 3578 1410 3636 ὅπως
1435 3574 1500 3627 ἂν
1538 3578 1565 3628 ὁ
1590 3575 1784 3636 οἰκεῖος
1824 3571 1968 3641 αὐτῷ

416 3692 432 3721 «
472 3669 801 3722 διευθύνοιτο
847 3668 980 3737 βίος,
1017 3668 1153 3721 ἀλλὰ
1191 3669 1285 3719 καὶ
1328 3670 1437 3720 πᾶν
1477 3666 1539 3719 τὸ
1577 3667 1873 3736 ἀρχόμενον
1905 3667 1969 3717 ἐκ

415 3785 432 3815 «
478 3763 770 3833 τρικυμίας
800 3760 1150 3832 περισώζειν,
1176 3761 1269 3813 καὶ
1314 3760 1413 3828 τῆς
1437 3759 1637 3827 πολλῆς
1669 3758 1777 3811 τῶν
1832 3776 1972 3828 πρα-

419 3880 435 3911 ι
479 3859 700 3927 γμὰτων
736 3856 1048 3926 συγχύσεως
1096 3853 1503 3915 νέπικλυζόντων
1546 3854 1804 3907 πάντοθεν
1859 3853 1967 3905 τῶν

415 3970 432 3998 «
482 3948 801 4016 πνευμάτων
864 3947 964 4016 τῆς
1017 3946 1282 4015 πονηρίας
1351 3945 1445 3997 καὶ
1491 3945 1549 3997 τὸ
1601 3944 1757 4013 σῶμα
1809 3945 1966 4011 ήμῶν

413 4062 432 4091 «
479 4040 924 4110 ἑκταρασσόντων
965 4042 1061 4105 τῆς
1107 4036 1503 4098 ταπεινώσεως.
1560 4035 1775 4105 Ἐπειδὴ
1819 4036 1873 4087 δὲ
1910 4036 1961 4087 ai

414 4155 429 4182 «
476 4132 628 4198 ἅγιαι
650 4134 740 4185 καὶ
760 4133 1132 4201 οἰκουμενικαὶ
1150 4129 1246 4184 δύο
1268 4130 1493 4191 σύνοδοι,
1517 4131 1571 4183 αἱ
1597 4129 1739 4182 κατὰ
1764 4129 1964 4197 ταύτην

413 4246 430 4273 «
476 4227 574 4293 τὴν
604 4224 849 4293 βασιλίδα
870 4223 965 4276 καὶ
986 4222 1345 4292 θεοφύλακτον
1376 4222 1530 4275 πόλιν
1556 4222 1963 4292 συναθροισθεῖ-

411 4339 427 4364 ι
477 4333 587 4375 σαι,
628 4318 657 4383 ἡ
694 4315 792 4380 μὲν
830 4316 1057 4367 ἐπὶτῶν
1087 4315 1292 4384 χρόνων
1332 4312 1710 4366 ’ῐουστινιανοῦ
1741 4312 1835 4366 τοῦ
1866 4313 1962 4382 τῆς

2078 3226 2096 3257 «
2128 3218 2347 3271 pernum
2373 3210 2696 3255 momentum
2727 3195 2945 3251 humani
2965 3196 3178 3266 generis
3202 3193 3620 3263 gubernaculum

2078 3315 2095 3346 «
2124 3293 2470 3361 suscepisset,
2519 3306 2621 3343 non
2682 3290 2851 3343 solum
2901 3288 2953 3341 id
3001 3291 3139 3357 quod
3193 3289 3257 3338 ad
3308 3302 3368 3340 se
3400 3288 3628 3353 pertinet

2077 3405 2095 3438 «
2125 3384 2487 3447 considerare,
2521 3390 2574 3435 et
2614 3380 2881 3449 quomodo
2919 3395 3013 3432 sua
3046 3395 3074 3431 a
3103 3392 3161 3433 se
3191 3377 3297 3431 vita
3327 3377 3624 3446 dirigatur;

2075 3500 2093 3533 «
2126 3481 2218 3534 sed
2246 3488 2297 3532 et
2326 3492 2535 3541 omnes,
2570 3476 2762 3544 quibus
2794 3474 3035 3541 imperat,
3064 3488 3127 3525 ex
3164 3471 3411 3524 maximis
3452 3469 3625 3523 flucti-

2074 3574 2222 3628 «bus
2282 3585 2517 3632 servare,
2577 3580 2630 3623 et
2685 3582 2714 3619 a
2776 3567 2941 3619 multa
2991 3564 3329 3627 confusione,
3388 3563 3625 3629 undique

2074 3683 2091 3715 «
2122 3662 2466 3718 obruentibus
2516 3660 2873 3730 improbitatis
2904 3658 3181 3726 spiritibus
3227 3665 3281 3709 et
3308 3654 3627 3708 humilitatis

2074 3774 2091 3807 «
2124 3765 2314 3810 nostra:
2354 3770 2546 3823 corpus
2598 3750 3047 3821 perturbantibus,
3080 3751 3311 3818 eripere.
3360 3746 3624 3812 Quoniam

2074 3866 2092 3898 «
2120 3856 2295 3901 autem
2325 3856 2521 3901 sanctte
2553 3854 2608 3899 et
2643 3842 2975 3898 universales
3031 3841 3145 3893 dure
3199 3839 3389 3908 synodi
3442 3838 3494 3890 in
3527 3837 3627 3889 hac

2074 3958 2090 3989 «
2123 3939 2247 4008 imp.
2278 3949 2328 3993 et
2364 3938 2455 3993 Dei
2480 3936 2842 3992 observatrice
2869 3935 3088 3988 civitate
3117 3943 3483 3999 congregatae;
3518 3941 3623 3981 una

2070 4052 2087 4083 «
2115 4031 2329 4101 quidem
2382 4032 2709 4101 temporibus
2738 4028 2934 4081 divinae
2968 4024 3128 4079 sortis
3176 4021 3499 4085 Justiniani;
3547 4020 3626 4073 al-

2071 4145 2088 4176 «
2126 4122 2239 4178 tera
2272 4138 2398 4177 vero
2422 4124 2521 4177 sub
2550 4123 2649 4192 pia:
2702 4122 2976 4174 memoriae
3006 4120 3327 4186 imperatore
3355 4113 3621 4167 Constan-

2071 4236 2088 4266 «
2121 4216 2252 4281 tino,
2282 4224 2383 4268 tua:
2411 4210 2833 4268 mansuetudinis
2866 4220 3049 4279 patre;
3102 4212 3166 4262 ad
3196 4215 3414 4276 paterne
3444 4202 3623 4258 deela-—

2070 4327 2087 4358 «
2120 4306 2346 4361 randum
2435 4303 2555 4357 fidei
2582 4303 2936 4373 mysterium,
3009 4314 3194 4354 sacros
3246 4310 3477 4352 canones
3533 4308 3615 4347 ne-

410 4432 424 4455 ι
479 4409 627 4471 θείας
661 4407 886 4477 λήξεως,
917 4410 948 4476 ἡ
982 4407 1036 4459 δὲ
1072 4407 1162 4459 ἐπὶ
1190 4406 1282 4459 τοῦ
1314 4408 1371 4459 ὲν
1415 4406 1629 4459 εὐσεϐεῖ
1661 4407 1723 4474 τῇ
1771 4407 1958 4479 μνήμῃ

2072 4422 2087 4450 «
2119 4413 2386 4467 quaquam
2442 4396 2901 4465 conscripserunt,
2951 4393 3093 4448 sicut
3152 4390 3369 4460 reliquae
3424 4396 3623 4441 sancta:

410 4524 426 4547 «
472 4500 761 4569 γενομένου
786 4499 941 4568 ἡμῶν
977 4499 1234 4569 βασιλέως
1262 4500 1690 4567 Κωνσταντίνου,
1725 4501 1960 4571 πατέρος

409 4614 425 4643 «
472 4596 567 4661 τῆς
594 4597 691 4663 σῆς
727 4593 1080 4663 ἡμερότητος,
1118 4593 1177 4645 τὸ
1220 4595 1347 4662 περ)⁶
1376 4595 1473 4663 τῆς
1499 4582 1732 4656 πίστεως
1760 4612 1957 4663 πατρι-

408 4709 425 4733 ‹
472 4687 581 4747 κῶς
610 4684 1048 4737 διατοανώσασαι
1111 4687 1426 4755 μυστήριον,
1486 4686 1736 4755 οὐδαμῶς
1781 4687 1958 4756 ἱεροὺς

408 4799 425 4828 ι
470 4779 701 4838 κανένας
752 4778 1094 4846 ἐνέγραψαν·
1146 4778 1395 4847 καθάπερ
1457 4779 1511 4830 ai
1567 4779 1749 4830 lenta).
1803 4779 1954 4845 ἆγιαι

406 4893 424 4916 «
468 4871 735 4938 τεσσαρες
755 4869 1132 4936 οίκουμενικαὶ
1166 4869 1390 4931 σύνοδοι,
1418 4870 1483 4922 δι’
1506 4864 1578 4921 ὧν
1610 4872 1950 4937 ἀποστήσον-

402 4980 424 5011 «
464 4978 555 5012 ται
614 4960 713 5028 μὲν
750 4962 796 5011 οἱ
829 4959 948 5011 λαοὶ
991 4960 1087 5028 τῆς
1137 4959 1372 5027 χείρονος
1418 4962 1510 5013 καὶ
1564 4960 1953 5030 ταπεινοτέρας

402 5074 419 5102 «
464 5051 764 5119 διαγωγῆς,
823 5049 915 5102 ὲπὶ
961 5051 1016 5102 δὲ
1047 5051 1135 5101 τὸν
1164 5051 1446 5120 κρείττονα
1480 5052 1573 5104 καὶ
1622 5052 1953 5123 ὑψηλότερον

401 5165 418 5193 «
467 5143 806 5211 μεταθῶνται
834 5142 945 5212 βίον
975 5159 989 5176 ·
1026 5142 1274 5194 ἐντεῦθέν
1314 5161 1371 5194 τε
1410 5144 1468 5195 τὸ
1498 5143 1647 5206 ἔθνος
1686 5144 1747 5197 τὸ
1777 5146 1950 5212 ἅγιον,

400 5257 417 5282 ι
463 5235 524 5286 τὸ
556 5234 825 5302 βασίλειον
859 5232 1175 5301 ἱεράτευμα,
1201 5232 1340 5300 ὑπὲρ
1383 5226 1444 5285 οὗ
1482 5232 1715 5301 Χριστὸς
1746 5231 1957 5285 ἀπέθα-

400 5351 417 5380 «
461 5348 570 5393 νεν,
605 5331 708 5381 ὑπὸ
738 5330 943 5382 πολλῶν
974 5328 1031 5393 ἐξ
1067 5325 1292 5390 ἀταξίας
1343 5325 1530 5378 παθῶν
1573 5324 1949 5394 διασπώμενον

400 5441 417 5472 ι
458 5421 555 5473 καὶ
606 5420 1032 5489 ὑποσυρόμενον,
1070 5417 1163 5469 καὶ
1215 5417 1358 5470 κατά
1410 5415 1603 5485 μικρὸν
1654 5415 1753 5484 τῆς
1799 5416 1949 5477 θείας

398 5531 417 5563 «
460 5511 701 5581 μάνδρας
728 5510 1038 5579 ἀπορραγὲν
1078 5507 1169 5558 καὶ
1198 5506 1513 5577 διατμηθὲν,
1541 5505 1633 5558 καὶ
1667 5508 1731 5575 τῇ
1760 5505 1950 5576 ἀγνοίᾳ

397 5622 418 5657 ι
454 5605 548 5656 καὶ
575 5603 714 5672 λήθῃ
740 5601 846 5654 τῶν
890 5600 986 5669 τῆς
1024 5599 1224 5669 ἀρετῆς
1271 5597 1707 5667 κατορθωμάτων
1746 5597 1935 5651 ἀπολι-

459 5791 505 5822 ⁶³
535 5789 764 5849 Philipp.
805 5803 881 5855 ιιι,
922 5790 1010 5847 20.
1092 5795 1133 5825 ⁵³
1170 5793 1186 5847 ι
1221 5787 1366 5848 Pctl‘.
1402 5807 1459 5856 ιι,
1485 5794 1534 5844 9.

2068 4512 2086 4544 «
2120 4502 2343 4561 quatuor
2370 4488 2700 4543 universales
2735 4487 2944 4558 synodi,
2986 4500 3080 4553 per
3133 4499 3265 4553 quos
3292 4481 3468 4551 populi
3498 4479 3621 4549 qui-

2066 4582 2587 4637 «demadeteriore
2654 4589 2707 4633 et
2766 4578 3053 4646 abiectiore
3122 4575 3334 4630 vivendi
3413 4575 3622 4627 ratione

2067 4696 2083 4727 «
2112 4676 2383 4739 recedant,
2412 4674 2478 4727 ad
2531 4671 2805 4726 meliorem
2866 4678 3040 4723 autem
3074 4677 3128 4723 et
3183 4668 3426 4722 altiorem
3457 4665 3621 4718 vitam

2063 4786 2081 4819 «
2112 4784 2168 4820 se
2204 4767 2481 4820 traducaut
2507 4766 2553 4823 ιι
2577 4772 2631 4816 et
2678 4776 2741 4815 ex
2788 4760 2888 4815 hoc
2918 4773 3048 4827 gens
3093 4768 3300 4820 sancta,
3330 4754 3507 4823 regale
3537 4768 3621 4805 sa-

2064 4880 2083 4911 «
2110 4860 2421 4921 cerdotium,
2440 4870 2533 4925 pro
2559 4870 2663 4924 quo
2681 4854 2927 4908 Christus
2947 4860 3188 4905 mortuus
3214 4848 3372 4911 est“,
3389 4863 3418 4900 a
3444 4846 3620 4897 multis

2061 4972 2079 5005 «
2112 4948 2598 5024 perturbationibus
2624 4947 2784 5000 animi
2813 4955 3022 5015 propter
3041 4957 3213 4998 mores
3236 4938 3619 5007 incompositos

2059 5046 2420 5099 «distractum
2452 5057 2514 5095 ac
2558 5039 2843 5102 divulsuin,
2883 5049 2939 5093 et
2968 5053 2996 5091 a
3028 5036 3210 5091 divino
3258 5030 3469 5087 stabulo
3500 5042 3619 5096 pro-

2065 5155 2084 5189 «
2117 5137 2399 5207 pemodum
2456 5134 2741 5201 abruptum
2801 5142 2857 5186 et
2914 5131 3235 5191 abscissum,
3294 5135 3349 5179 et
3400 5133 3619 5194 propter

2063 5249 2081 5281 «
2113 5229 2474 5298 ignorantiam
2512 5241 2574 5279 ac
2603 5225 2926 5279 oblivionem
2961 5239 2987 5275 a
3026 5220 3182 5275 bonis
3218 5228 3269 5271 et
3303 5233 3366 5272 ex
3418 5214 3618 5269 virtute

2054 5344 2073 5376 «
2106 5325 2255 5378 factis
2280 5323 2602 5392 prolapsum,
2631 5330 2681 5373 et
2704 5318 2793 5371 Dei
2824 5317 2977 5380 Filio,
2999 5324 3057 5369 ut
3084 5312 3369 5381 apostolice
3404 5312 3611 5379 loquar,

2056 5414 2443 5476 «conculcata,
2514 5412 2825 5479 sanguinem
2882 5422 3095 5475 qumque
3151 5402 3505 5464 testamenti,
3561 5402 3611 5456 in

2059 5520 2214 5573 «quo
2258 5511 2334 5556 est
2393 5502 2808 5559 sanctificatum,
2875 5510 3213 5550 communem
3269 5494 3612 5555 arbitratum,

2046 5628 2070 5665 ι
2096 5596 2326 5667 Spiritus
2353 5595 2578 5665 gratiam
2602 5591 2924 5661 contumelia
2955 5575 3153 5644 allec-it.
3190 5586 3362 5654 Huic,
3421 5591 3610 5657 utpote
