  <div class='ocr_page' id='page_1' title='image "/cluster/home/n/w/nwhite01/storage/ocr_20150623/137/hvd.32044073502536/288.png"; bbox 0 0 4138 6210; ppageno 0'>
   <div class='ocr_carea' id='block_1_1' title="bbox 430 302 531 364">
    <p class='ocr_par' dir='ltr' id='par_1_1' title="bbox 430 302 531 364">
     <span class='ocr_line' id='line_1_1' title="bbox 430 302 531 364; baseline -0.04 1"><span class='ocrx_word' id='word_1_1' title='bbox 430 302 531 364; x_wconf 79' lang='lat'><strong>509</strong></span> 
     </span>
    </p>
   </div>
   <div class='ocr_carea' id='block_1_2' title="bbox 1591 302 2393 366">
    <p class='ocr_par' dir='ltr' id='par_1_2' title="bbox 1591 302 2393 366">
     <span class='ocr_line' id='line_1_2' title="bbox 1591 302 2393 366; baseline 0.006 -6"><span class='ocrx_word' id='word_1_2' title='bbox 1591 302 1668 360; x_wconf 81' lang='lat' dir='ltr'><strong>IN</strong></span> <span class='ocrx_word' id='word_1_3' title='bbox 1702 302 1908 363; x_wconf 83' lang='lat' dir='ltr'><strong>CONC.</strong></span> <span class='ocrx_word' id='word_1_4' title='bbox 1954 303 2035 362; x_wconf 81' lang='lat' dir='ltr'><strong>1N</strong></span> <span class='ocrx_word' id='word_1_5' title='bbox 2074 304 2393 366; x_wconf 75' lang='lat' dir='ltr'><strong>TRULLO.</strong></span> 
     </span>
    </p>
   </div>
   <div class='ocr_carea' id='block_1_3' title="bbox 3536 307 3634 372">
    <p class='ocr_par' dir='ltr' id='par_1_3' title="bbox 3536 307 3634 372">
     <span class='ocr_line' id='line_1_3' title="bbox 3536 307 3634 372; baseline -0.02 0"><span class='ocrx_word' id='word_1_6' title='bbox 3536 307 3634 372; x_wconf 70' lang='grc' dir='ltr'>διδ</span> 
     </span>
    </p>
   </div>
   <div class='ocr_carea' id='block_1_4' title="bbox 431 415 1987 493">
    <p class='ocr_par' dir='ltr' id='par_1_4' title="bbox 431 415 1971 493">
     <span class='ocr_line' id='line_1_4' title="bbox 431 415 1971 493; baseline -0.003 -16"><span class='ocrx_word' id='word_1_7' title='bbox 431 422 635 493; x_wconf 81' lang='grc' dir='ltr'>τμήτου</span> <span class='ocrx_word' id='word_1_8' title='bbox 702 415 1119 472; x_wconf 75' lang='grc' dir='ltr'>’Ῑουστινιανοῦο</span> <span class='ocrx_word' id='word_1_9' title='bbox 1179 416 1292 469; x_wconf 80' lang='grc' dir='ltr'>ἀλλ’</span> <span class='ocrx_word' id='word_1_10' title='bbox 1347 419 1455 487; x_wconf 83' lang='grc' dir='ltr'>ἐγὼ</span> <span class='ocrx_word' id='word_1_11' title='bbox 1510 420 1593 489; x_wconf 31' lang='grc' dir='ltr'>,μὴ</span> <span class='ocrx_word' id='word_1_12' title='bbox 1646 420 1971 489; x_wconf 82' lang='grc' dir='ltr'><strong>ἀνεχόμενος</strong></span> 
     </span>
    </p>
   </div>
   <div class='ocr_carea' id='block_1_5' title="bbox 2083 415 3635 493">
    <p class='ocr_par' dir='ltr' id='par_1_5' title="bbox 2088 424 3635 480">
     <span class='ocr_line' id='line_1_5' title="bbox 2088 424 3635 480; baseline 0.003 -5"><span class='ocrx_word' id='word_1_13' title='bbox 2088 437 2322 478; x_wconf 85' lang='lat' dir='ltr'><strong>canones</strong></span> <span class='ocrx_word' id='word_1_14' title='bbox 2357 424 2597 479; x_wconf 78' lang='lat' dir='ltr'><strong>dicentes</strong></span> <span class='ocrx_word' id='word_1_15' title='bbox 2633 442 2647 478; x_wconf 90' lang='lat'><strong>:</strong></span> <span class='ocrx_word' id='word_1_16' title='bbox 2692 424 2889 479; x_wconf 87' lang='lat' dir='ltr'><strong>Dellnit</strong></span> <span class='ocrx_word' id='word_1_17' title='bbox 2918 424 3031 480; x_wconf 74' lang='lat' dir='ltr'><strong>hzec</strong></span> <span class='ocrx_word' id='word_1_18' title='bbox 3061 434 3242 480; x_wconf 85' lang='lat' dir='ltr'><strong>saneta</strong></span> <span class='ocrx_word' id='word_1_19' title='bbox 3269 435 3321 479; x_wconf 83' lang='lat' dir='ltr'><strong>et</strong></span> <span class='ocrx_word' id='word_1_20' title='bbox 3350 426 3635 480; x_wconf 81' lang='lat' dir='ltr'><strong>universa-</strong></span> 
     </span>
    </p>
   </div>
   <div class='ocr_carea' id='block_1_6' title="bbox 432 508 1976 580">
    <p class='ocr_par' dir='ltr' id='par_1_6' title="bbox 432 508 1976 580">
     <span class='ocr_line' id='line_1_6' title="bbox 432 508 1976 580; baseline -0.005 -11"><span class='ocrx_word' id='word_1_21' title='bbox 432 512 643 569; x_wconf 67' lang='grc' dir='ltr'>ὶκούειν</span> <span class='ocrx_word' id='word_1_22' title='bbox 670 509 947 573; x_wconf 80' lang='grc' dir='ltr'><strong>τοιούτων,</strong></span> <span class='ocrx_word' id='word_1_23' title='bbox 980 509 1074 561; x_wconf 78' lang='grc' dir='ltr'>καὶ</span> <span class='ocrx_word' id='word_1_24' title='bbox 1119 508 1319 577; x_wconf 83' lang='grc' dir='ltr'>μᾶλλον</span> <span class='ocrx_word' id='word_1_25' title='bbox 1360 511 1568 580; x_wconf 82' lang='grc' dir='ltr'><strong>βλέπων</strong></span> <span class='ocrx_word' id='word_1_26' title='bbox 1592 512 1688 580; x_wconf 77' lang='grc' dir='ltr'>τὴν</span> <span class='ocrx_word' id='word_1_27' title='bbox 1720 511 1858 578; x_wconf 79' lang='grc' dir='ltr'>ὑφὴν</span> <span class='ocrx_word' id='word_1_28' title='bbox 1886 509 1976 562; x_wconf 74' lang='grc' dir='ltr'>τοῦ</span> 
     </span>
    </p>
   </div>
   <div class='ocr_carea' id='block_1_7' title="bbox 436 601 1979 676">
    <p class='ocr_par' dir='ltr' id='par_1_7' title="bbox 436 601 1979 676">
     <span class='ocr_line' id='line_1_7' title="bbox 436 601 1979 676; baseline -0.002 -18"><span class='ocrx_word' id='word_1_29' title='bbox 436 604 898 676; x_wconf 64' lang='grc' dir='ltr'>προσφωνήματος</span> <span class='ocrx_word' id='word_1_30' title='bbox 949 601 1159 667; x_wconf 88' lang='grc' dir='ltr'>τούτου,</span> <span class='ocrx_word' id='word_1_31' title='bbox 1209 603 1304 655; x_wconf 75' lang='grc' dir='ltr'><strong>καὶ</strong></span> <span class='ocrx_word' id='word_1_32' title='bbox 1353 603 1550 671; x_wconf 80' lang='grc' dir='ltr'>ἐφεξῆς</span> <span class='ocrx_word' id='word_1_33' title='bbox 1591 605 1717 665; x_wconf 76' lang='grc' dir='ltr'>τοὺς</span> <span class='ocrx_word' id='word_1_34' title='bbox 1750 602 1979 665; x_wconf 81' lang='grc' dir='ltr'>κανόνας</span> 
     </span>
    </p>
   </div>
   <div class='ocr_carea' id='block_1_8' title="bbox 434 696 1977 769">
    <p class='ocr_par' dir='ltr' id='par_1_8' title="bbox 434 696 1977 769">
     <span class='ocr_line' id='line_1_8' title="bbox 434 696 1977 769; baseline -0.004 -15"><span class='ocrx_word' id='word_1_35' title='bbox 434 703 697 769; x_wconf 80' lang='grc' dir='ltr'>λέγοντας,</span> <span class='ocrx_word' id='word_1_36' title='bbox 732 699 951 766; x_wconf 78' lang='grc' dir='ltr'>’Ὡρισεν</span> <span class='ocrx_word' id='word_1_37' title='bbox 974 699 1005 766; x_wconf 86' lang='grc' dir='ltr'><strong>ή</strong></span> <span class='ocrx_word' id='word_1_38' title='bbox 1039 697 1165 762; x_wconf 82' lang='grc' dir='ltr'>ἁγία</span> <span class='ocrx_word' id='word_1_39' title='bbox 1190 697 1282 750; x_wconf 80' lang='grc' dir='ltr'>καὶ</span> <span class='ocrx_word' id='word_1_40' title='bbox 1302 698 1650 767; x_wconf 73' lang='grc' dir='ltr'>οἱκουμενικὴ</span> <span class='ocrx_word' id='word_1_41' title='bbox 1678 696 1815 750; x_wconf 63' lang='grc' dir='ltr'>αὕτη</span> <span class='ocrx_word' id='word_1_42' title='bbox 1849 696 1977 750; x_wconf 69' lang='grc' dir='ltr'>σύν-</span> 
     </span>
    </p>
   </div>
   <div class='ocr_carea' id='block_1_9' title="bbox 433 786 1975 857">
    <p class='ocr_par' dir='ltr' id='par_1_9' title="bbox 433 786 1975 857">
     <span class='ocr_line' id='line_1_9' title="bbox 433 786 1975 857; baseline -0.003 -13"><span class='ocrx_word' id='word_1_43' title='bbox 433 792 542 853; x_wconf 74' lang='grc' dir='ltr'>δδος</span> <span class='ocrx_word' id='word_1_44' title='bbox 597 788 719 842; x_wconf 86' lang='grc' dir='ltr'>τάδε</span> <span class='ocrx_word' id='word_1_45' title='bbox 757 788 851 839; x_wconf 76' lang='grc' dir='ltr'>καὶ</span> <span class='ocrx_word' id='word_1_46' title='bbox 886 786 1032 852; x_wconf 84' lang='grc' dir='ltr'>τάδε,</span> <span class='ocrx_word' id='word_1_47' title='bbox 1078 787 1145 839; x_wconf 83' lang='grc' dir='ltr'>τὰ</span> <span class='ocrx_word' id='word_1_48' title='bbox 1188 787 1286 855; x_wconf 84' lang='grc' dir='ltr'>μὲν</span> <span class='ocrx_word' id='word_1_49' title='bbox 1317 788 1592 856; x_wconf 77' lang='grc' dir='ltr'>νεόγραφα</span> <span class='ocrx_word' id='word_1_50' title='bbox 1625 789 1975 857; x_wconf 82' lang='grc' dir='ltr'>νομοκάνονα,</span> 
     </span>
    </p>
   </div>
   <div class='ocr_carea' id='block_1_10' title="bbox 430 878 1979 950">
    <p class='ocr_par' dir='ltr' id='par_1_10' title="bbox 430 878 1979 950">
     <span class='ocr_line' id='line_1_10' title="bbox 430 878 1979 950; baseline -0.003 -15"><span class='ocrx_word' id='word_1_51' title='bbox 430 882 498 941; x_wconf 69' lang='grc' dir='ltr'>ὥς</span> <span class='ocrx_word' id='word_1_52' title='bbox 536 880 615 950; x_wconf 76' lang='grc' dir='ltr'>μὴ</span> <span class='ocrx_word' id='word_1_53' title='bbox 661 879 855 948; x_wconf 72' lang='grc' dir='ltr'>ἔχοντα</span> <span class='ocrx_word' id='word_1_54' title='bbox 910 880 1001 931; x_wconf 80' lang='grc' dir='ltr'>καὶ</span> <span class='ocrx_word' id='word_1_55' title='bbox 1047 878 1372 949; x_wconf 74' lang='grc' dir='ltr'>ὑπογραφὰς</span> <span class='ocrx_word' id='word_1_56' title='bbox 1410 880 1515 931; x_wconf 89' lang='grc' dir='ltr'><strong>τῶν</strong></span> <span class='ocrx_word' id='word_1_57' title='bbox 1551 879 1858 949; x_wconf 83' lang='grc' dir='ltr'>ἐκθεμένων</span> <span class='ocrx_word' id='word_1_58' title='bbox 1882 879 1979 940; x_wconf 81' lang='grc' dir='ltr'><strong>τὰς</strong></span> 
     </span>
    </p>
   </div>
   <div class='ocr_carea' id='block_1_11' title="bbox 429 970 1982 1041">
    <p class='ocr_par' dir='ltr' id='par_1_11' title="bbox 429 970 1982 1041">
     <span class='ocr_line' id='line_1_11' title="bbox 429 970 1982 1041; baseline -0.001 -16"><span class='ocrx_word' id='word_1_59' title='bbox 429 972 676 1032; x_wconf 73' lang='grc' dir='ltr'><strong>συνόδους</strong></span> <span class='ocrx_word' id='word_1_60' title='bbox 703 970 963 1039; x_wconf 82' lang='grc' dir='ltr'>βασιλέων</span> <span class='ocrx_word' id='word_1_61' title='bbox 987 972 1071 1023; x_wconf 59' lang='grc' dir='ltr'>καὶ</span> <span class='ocrx_word' id='word_1_62' title='bbox 1102 971 1360 1040; x_wconf 85' lang='grc' dir='ltr'>Πατέρων</span> <span class='ocrx_word' id='word_1_63' title='bbox 1383 971 1751 1041; x_wconf 76' lang='grc' dir='ltr'><strong>παρέδραμον,</strong></span> <span class='ocrx_word' id='word_1_64' title='bbox 1783 970 1982 1041; x_wconf 76' lang='grc' dir='ltr'>ἐψηλά-</span> 
     </span>
    </p>
   </div>
   <div class='ocr_carea' id='block_1_12' title="bbox 429 1056 1981 1131">
    <p class='ocr_par' dir='ltr' id='par_1_12' title="bbox 429 1056 1981 1131">
     <span class='ocr_line' id='line_1_12' title="bbox 429 1056 1981 1131; baseline 0.001 -19"><span class='ocrx_word' id='word_1_65' title='bbox 429 1078 575 1131; x_wconf 75' lang='grc' dir='ltr'>ρησα</span> <span class='ocrx_word' id='word_1_66' title='bbox 620 1061 677 1113; x_wconf 83' lang='grc' dir='ltr'><strong>δέ</strong></span> <span class='ocrx_word' id='word_1_67' title='bbox 712 1060 1095 1130; x_wconf 84' lang='grc' dir='ltr'>παλαιόγραφα</span> <span class='ocrx_word' id='word_1_68' title='bbox 1144 1062 1497 1130; x_wconf 83' lang='grc' dir='ltr'>νομοκάνονα,</span> <span class='ocrx_word' id='word_1_69' title='bbox 1559 1064 1655 1116; x_wconf 71' lang='grc' dir='ltr'>καὶ</span> <span class='ocrx_word' id='word_1_70' title='bbox 1708 1056 1863 1130; x_wconf 73' lang='grc' dir='ltr'>εὗρον</span> <span class='ocrx_word' id='word_1_71' title='bbox 1917 1064 1981 1113; x_wconf 86' lang='grc' dir='ltr'><strong>ἐκ</strong></span> 
     </span>
    </p>
   </div>
   <div class='ocr_carea' id='block_1_13' title="bbox 432 1150 1980 1221">
    <p class='ocr_par' dir='ltr' id='par_1_13' title="bbox 432 1150 1980 1221">
     <span class='ocr_line' id='line_1_13' title="bbox 432 1150 1980 1221; baseline 0 -18"><span class='ocrx_word' id='word_1_72' title='bbox 432 1151 533 1205; x_wconf 77' lang='grc' dir='ltr'><strong>τῶν</strong></span> <span class='ocrx_word' id='word_1_73' title='bbox 571 1150 907 1221; x_wconf 77' lang='grc' dir='ltr'>ὑπογραφῶν</span> <span class='ocrx_word' id='word_1_74' title='bbox 933 1151 1013 1203; x_wconf 87' lang='grc' dir='ltr'>ὃτι</span> <span class='ocrx_word' id='word_1_75' title='bbox 1041 1150 1133 1204; x_wconf 72' lang='grc' dir='ltr'>καὶ</span> <span class='ocrx_word' id='word_1_76' title='bbox 1161 1152 1218 1205; x_wconf 91' lang='grc' dir='ltr'><strong>ἐν</strong></span> <span class='ocrx_word' id='word_1_77' title='bbox 1246 1153 1309 1221; x_wconf 79' lang='grc' dir='ltr'>τῇ</span> <span class='ocrx_word' id='word_1_78' title='bbox 1340 1152 1565 1221; x_wconf 78' lang='grc' dir='ltr'>τοιαύτῃ</span> <span class='ocrx_word' id='word_1_79' title='bbox 1594 1154 1795 1219; x_wconf 80' lang='grc' dir='ltr'><strong>συνόδῳ</strong></span> <span class='ocrx_word' id='word_1_80' title='bbox 1819 1153 1875 1205; x_wconf 82' lang='grc' dir='ltr'><strong>ἐν</strong></span> <span class='ocrx_word' id='word_1_81' title='bbox 1903 1150 1980 1219; x_wconf 84' lang='grc' dir='ltr'>τῷ</span> 
     </span>
    </p>
   </div>
   <div class='ocr_carea' id='block_1_14' title="bbox 438 1240 1981 1315">
    <p class='ocr_par' dir='ltr' id='par_1_14' title="bbox 438 1240 1981 1315">
     <span class='ocr_line' id='line_1_14' title="bbox 438 1240 1981 1315; baseline 0 -20"><span class='ocrx_word' id='word_1_82' title='bbox 438 1244 683 1315; x_wconf 74' lang='grc' dir='ltr'>[ρούλλῳ</span> <span class='ocrx_word' id='word_1_83' title='bbox 711 1240 801 1296; x_wconf 72' lang='grc' dir='ltr'>τοῦ</span> <span class='ocrx_word' id='word_1_84' title='bbox 836 1244 1113 1313; x_wconf 71' lang='grc' dir='ltr'>βασιλικοῦ</span> <span class='ocrx_word' id='word_1_85' title='bbox 1171 1243 1430 1297; x_wconf 85' lang='grc' dir='ltr'>παλατίου</span> <span class='ocrx_word' id='word_1_86' title='bbox 1462 1244 1700 1313; x_wconf 84' lang='grc' dir='ltr'>συστὰσῃ</span> <span class='ocrx_word' id='word_1_87' title='bbox 1728 1242 1981 1312; x_wconf 81' lang='grc' dir='ltr'>παρῆσαν</span> 
     </span>
    </p>
   </div>
   <div class='ocr_carea' id='block_1_15' title="bbox 387 1309 1978 1405">
    <p class='ocr_par' dir='ltr' id='par_1_15' title="bbox 387 1309 1978 1405">
     <span class='ocr_line' id='line_1_15' title="bbox 387 1309 1978 1405; baseline -0.001 -17"><span class='ocrx_word' id='word_1_88' title='bbox 387 1309 705 1400; x_wconf 62' lang='grc' dir='ltr'>Γὲασίλειός</span> <span class='ocrx_word' id='word_1_89' title='bbox 726 1352 809 1396; x_wconf 87' lang='grc' dir='ltr'><strong>τις</strong></span> <span class='ocrx_word' id='word_1_90' title='bbox 830 1309 1129 1397; x_wconf 81' lang='grc' dir='ltr'>ἐπίσκοπος</span> <span class='ocrx_word' id='word_1_91' title='bbox 1149 1336 1245 1403; x_wconf 84' lang='grc' dir='ltr'>τῆς</span> <span class='ocrx_word' id='word_1_92' title='bbox 1268 1336 1564 1405; x_wconf 85' lang='grc' dir='ltr'>Γορτινέων</span> <span class='ocrx_word' id='word_1_93' title='bbox 1598 1309 1978 1405; x_wconf 74' lang='grc' dir='ltr'>μητροπόλεως</span> 
     </span>
    </p>
   </div>
   <div class='ocr_carea' id='block_1_16' title="bbox 430 1424 1982 1495">
    <p class='ocr_par' dir='ltr' id='par_1_16' title="bbox 430 1424 1982 1495">
     <span class='ocr_line' id='line_1_16' title="bbox 430 1424 1982 1495; baseline -0.003 -16"><span class='ocrx_word' id='word_1_94' title='bbox 430 1429 527 1495; x_wconf 82' lang='grc' dir='ltr'>τῆς</span> <span class='ocrx_word' id='word_1_95' title='bbox 550 1428 715 1495; x_wconf 85' lang='grc' dir='ltr'>νήσου</span> <span class='ocrx_word' id='word_1_96' title='bbox 747 1426 992 1494; x_wconf 79' lang='grc' dir='ltr'><strong>Κρήτης,</strong></span> <span class='ocrx_word' id='word_1_97' title='bbox 1016 1426 1110 1481; x_wconf 81' lang='grc' dir='ltr'><strong>καί</strong></span> <span class='ocrx_word' id='word_1_98' title='bbox 1145 1444 1228 1487; x_wconf 89' lang='grc' dir='ltr'><strong>τις</strong></span> <span class='ocrx_word' id='word_1_99' title='bbox 1254 1426 1547 1489; x_wconf 79' lang='grc' dir='ltr'>ἐπίσκοπος</span> <span class='ocrx_word' id='word_1_100' title='bbox 1587 1426 1867 1493; x_wconf 76' lang='grc' dir='ltr'>Ῥαϐένης,</span> <span class='ocrx_word' id='word_1_101' title='bbox 1893 1424 1982 1477; x_wconf 82' lang='grc' dir='ltr'>τὸν</span> 
     </span>
    </p>
   </div>
   <div class='ocr_carea' id='block_1_17' title="bbox 430 1515 1977 1587">
    <p class='ocr_par' dir='ltr' id='par_1_17' title="bbox 430 1515 1977 1587">
     <span class='ocr_line' id='line_1_17' title="bbox 430 1515 1977 1587; baseline -0.003 -17"><span class='ocrx_word' id='word_1_102' title='bbox 430 1519 590 1571; x_wconf 84' lang='grc' dir='ltr'>τόπον</span> <span class='ocrx_word' id='word_1_103' title='bbox 632 1515 918 1585; x_wconf 79' lang='grc' dir='ltr'><strong>ὑπέχοντες</strong></span> <span class='ocrx_word' id='word_1_104' title='bbox 975 1516 1153 1585; x_wconf 77' lang='grc' dir='ltr'>πάσης</span> <span class='ocrx_word' id='word_1_105' title='bbox 1193 1517 1291 1583; x_wconf 78' lang='grc' dir='ltr'>τῆς</span> <span class='ocrx_word' id='word_1_106' title='bbox 1327 1517 1542 1569; x_wconf 83' lang='grc' dir='ltr'>συνόδου</span> <span class='ocrx_word' id='word_1_107' title='bbox 1601 1518 1698 1587; x_wconf 84' lang='grc' dir='ltr'>τῆς</span> <span class='ocrx_word' id='word_1_108' title='bbox 1754 1516 1977 1585; x_wconf 68' lang='grc' dir='ltr'>Ἐκκλης</span> 
     </span>
    </p>
   </div>
   <div class='ocr_carea' id='block_1_18' title="bbox 428 1606 1981 1698">
    <p class='ocr_par' dir='ltr' id='par_1_18' title="bbox 428 1606 1981 1698">
     <span class='ocr_line' id='line_1_18' title="bbox 428 1606 1981 1698; baseline -0.001 -36"><span class='ocrx_word' id='word_1_109' title='bbox 428 1608 549 1672; x_wconf 81' lang='grc' dir='ltr'>σίας</span> <span class='ocrx_word' id='word_1_110' title='bbox 592 1606 958 1698; x_wconf 52' lang='grc' dir='ltr'>Ῥώμηῇκαὶ</span> <span class='ocrx_word' id='word_1_111' title='bbox 996 1609 1056 1659; x_wconf 84' lang='grc' dir='ltr'><strong>ού</strong></span> <span class='ocrx_word' id='word_1_112' title='bbox 1100 1607 1259 1673; x_wconf 88' lang='grc' dir='ltr'>μόνον</span> <span class='ocrx_word' id='word_1_113' title='bbox 1298 1609 1470 1671; x_wconf 69' lang='grc' dir='ltr'>αὐτοὶ,</span> <span class='ocrx_word' id='word_1_114' title='bbox 1500 1608 1633 1661; x_wconf 78' lang='grc' dir='ltr'>ἀλλὰ</span> <span class='ocrx_word' id='word_1_115' title='bbox 1667 1609 1758 1659; x_wconf 71' lang='grc' dir='ltr'>καὶ</span> <span class='ocrx_word' id='word_1_116' title='bbox 1789 1609 1837 1660; x_wconf 76' lang='grc' dir='ltr'>οἱ</span> <span class='ocrx_word' id='word_1_117' title='bbox 1863 1608 1981 1661; x_wconf 86' lang='grc' dir='ltr'>τότε</span> 
     </span>
    </p>
   </div>
   <div class='ocr_carea' id='block_1_19' title="bbox 430 1700 1980 1770">
    <p class='ocr_par' dir='ltr' id='par_1_19' title="bbox 430 1700 1980 1770">
     <span class='ocr_line' id='line_1_19' title="bbox 430 1700 1980 1770; baseline -0.001 -15"><span class='ocrx_word' id='word_1_118' title='bbox 430 1704 575 1765; x_wconf 71' lang='grc' dir='ltr'>ὖντες</span> <span class='ocrx_word' id='word_1_119' title='bbox 603 1702 817 1769; x_wconf 83' lang='grc' dir='ltr'>λεγάτοι</span> <span class='ocrx_word' id='word_1_120' title='bbox 841 1702 933 1755; x_wconf 80' lang='grc' dir='ltr'>τοῦ</span> <span class='ocrx_word' id='word_1_121' title='bbox 964 1702 1183 1763; x_wconf 81' lang='grc' dir='ltr'>πάππα,</span> <span class='ocrx_word' id='word_1_122' title='bbox 1208 1703 1235 1753; x_wconf 99' lang='lat'><strong>6</strong></span> <span class='ocrx_word' id='word_1_123' title='bbox 1263 1700 1675 1768; x_wconf 83' lang='grc' dir='ltr'>Θεσσαλονίκης,</span> <span class='ocrx_word' id='word_1_124' title='bbox 1712 1702 1739 1754; x_wconf 92' lang='lat'><strong>6</strong></span> <span class='ocrx_word' id='word_1_125' title='bbox 1771 1701 1980 1770; x_wconf 83' lang='grc' dir='ltr'>Σαρδη-</span> 
     </span>
    </p>
   </div>
   <div class='ocr_carea' id='block_1_20' title="bbox 2085 515 3633 586">
    <p class='ocr_par' dir='ltr' id='par_1_20' title="bbox 2085 515 3633 586">
     <span class='ocr_line' id='line_1_20' title="bbox 2085 515 3633 586; baseline 0.003 -19"><span class='ocrx_word' id='word_1_126' title='bbox 2085 515 2149 570; x_wconf 84' lang='lat' dir='ltr'><strong>lis</strong></span> <span class='ocrx_word' id='word_1_127' title='bbox 2179 516 2412 586; x_wconf 79' lang='lat' dir='ltr'><strong>synodus</strong></span> <span class='ocrx_word' id='word_1_128' title='bbox 2466 518 2578 571; x_wconf 73' lang='lat' dir='ltr'><strong>bam</strong></span> <span class='ocrx_word' id='word_1_129' title='bbox 2629 527 2683 571; x_wconf 89' lang='lat' dir='ltr'><strong>et</strong></span> <span class='ocrx_word' id='word_1_130' title='bbox 2722 519 2876 572; x_wconf 66' lang='lat' dir='ltr'><strong>haec:</strong></span> <span class='ocrx_word' id='word_1_131' title='bbox 2930 532 3116 571; x_wconf 84' lang='lat' dir='ltr'><strong>recens</strong></span> <span class='ocrx_word' id='word_1_132' title='bbox 3166 516 3381 586; x_wconf 82' lang='lat' dir='ltr'><strong>quidem</strong></span> <span class='ocrx_word' id='word_1_133' title='bbox 3435 518 3633 582; x_wconf 79' lang='lat' dir='ltr'><strong>Scripta</strong></span> 
     </span>
    </p>
   </div>
   <div class='ocr_carea' id='block_1_21' title="bbox 2084 604 3638 678">
    <p class='ocr_par' dir='ltr' id='par_1_21' title="bbox 2084 604 3638 678">
     <span class='ocr_line' id='line_1_21' title="bbox 2084 604 3638 678; baseline 0.001 -20"><span class='ocrx_word' id='word_1_134' title='bbox 2084 604 2483 669; x_wconf 80' lang='lat' dir='ltr'><strong>Nomoeanona,</strong></span> <span class='ocrx_word' id='word_1_135' title='bbox 2516 617 2572 660; x_wconf 91' lang='lat' dir='ltr'><strong>ut</strong></span> <span class='ocrx_word' id='word_1_136' title='bbox 2604 624 2724 678; x_wconf 66' lang='lat' dir='ltr'><strong>qua:</strong></span> <span class='ocrx_word' id='word_1_137' title='bbox 2772 624 2957 663; x_wconf 89' lang='lat' dir='ltr'><strong>eorum</strong></span> <span class='ocrx_word' id='word_1_138' title='bbox 3004 609 3383 676; x_wconf 75' lang='lat' dir='ltr'><strong>imperatorum</strong></span> <span class='ocrx_word' id='word_1_139' title='bbox 3434 617 3487 659; x_wconf 87' lang='lat' dir='ltr'><strong>et</strong></span> <span class='ocrx_word' id='word_1_140' title='bbox 3537 607 3638 660; x_wconf 82' lang='lat' dir='ltr'><strong>Pa-</strong></span> 
     </span>
    </p>
   </div>
   <div class='ocr_carea' id='block_1_22' title="bbox 2084 697 3634 768">
    <p class='ocr_par' dir='ltr' id='par_1_22' title="bbox 2084 697 3634 768">
     <span class='ocr_line' id='line_1_22' title="bbox 2084 697 3634 768; baseline 0 -19"><span class='ocrx_word' id='word_1_141' title='bbox 2084 704 2249 761; x_wconf 93' lang='lat' dir='ltr'><strong>trum,</strong></span> <span class='ocrx_word' id='word_1_142' title='bbox 2278 697 2367 765; x_wconf 91' lang='lat' dir='ltr'><strong>qui</strong></span> <span class='ocrx_word' id='word_1_143' title='bbox 2397 698 2629 768; x_wconf 82' lang='lat' dir='ltr'><strong>synodos</strong></span> <span class='ocrx_word' id='word_1_144' title='bbox 2663 708 3041 767; x_wconf 81' lang='lat' dir='ltr'><strong>exposuerunt,</strong></span> <span class='ocrx_word' id='word_1_145' title='bbox 3082 698 3503 767; x_wconf 72' lang='lat' dir='ltr'><strong>subscriptiones</strong></span> <span class='ocrx_word' id='word_1_146' title='bbox 3531 713 3634 749; x_wconf 92' lang='lat' dir='ltr'><strong>non</strong></span> 
     </span>
    </p>
   </div>
   <div class='ocr_carea' id='block_1_23' title="bbox 2066 786 3637 867">
    <p class='ocr_par' dir='ltr' id='par_1_23' title="bbox 2091 786 3637 856">
     <span class='ocr_line' id='line_1_23' title="bbox 2091 786 3637 856; baseline -0.003 -16"><span class='ocrx_word' id='word_1_147' title='bbox 2091 786 2374 851; x_wconf 84' lang='lat' dir='ltr'><strong>haberem,</strong></span> <span class='ocrx_word' id='word_1_148' title='bbox 2408 787 2682 856; x_wconf 67' lang='lat' dir='ltr'><strong>prmterii;</strong></span> <span class='ocrx_word' id='word_1_149' title='bbox 2738 788 3038 856; x_wconf 88' lang='lat' dir='ltr'><strong>antiquitus</strong></span> <span class='ocrx_word' id='word_1_150' title='bbox 3077 797 3254 840; x_wconf 86' lang='lat' dir='ltr'><strong>autem</strong></span> <span class='ocrx_word' id='word_1_151' title='bbox 3297 788 3496 852; x_wconf 86' lang='lat' dir='ltr'><strong>scripta</strong></span> <span class='ocrx_word' id='word_1_152' title='bbox 3527 786 3637 839; x_wconf 86' lang='lat' dir='ltr'><strong>Nu-</strong></span> 
     </span>
    </p>
   </div>
   <div class='ocr_carea' id='block_1_24' title="bbox 2086 880 3636 948">
    <p class='ocr_par' dir='ltr' id='par_1_24' title="bbox 2086 880 3636 948">
     <span class='ocr_line' id='line_1_24' title="bbox 2086 880 3636 948; baseline -0.004 -15"><span class='ocrx_word' id='word_1_153' title='bbox 2086 894 2377 933; x_wconf 87' lang='lat' dir='ltr'><strong>mocanona</strong></span> <span class='ocrx_word' id='word_1_154' title='bbox 2402 880 2626 943; x_wconf 85' lang='lat' dir='ltr'><strong>versavi,</strong></span> <span class='ocrx_word' id='word_1_155' title='bbox 2681 889 2733 934; x_wconf 90' lang='lat' dir='ltr'><strong>et</strong></span> <span class='ocrx_word' id='word_1_156' title='bbox 2784 894 2847 933; x_wconf 83' lang='lat' dir='ltr'><strong>ex</strong></span> <span class='ocrx_word' id='word_1_157' title='bbox 2904 880 3383 948; x_wconf 85' lang='lat' dir='ltr'><strong>subseriptionilms</strong></span> <span class='ocrx_word' id='word_1_158' title='bbox 3437 881 3636 941; x_wconf 79' lang='lat' dir='ltr'><strong>inveni,</strong></span> 
     </span>
    </p>
   </div>
   <div class='ocr_carea' id='block_1_25' title="bbox 2085 970 3635 1056">
    <p class='ocr_par' dir='ltr' id='par_1_25' title="bbox 2085 970 3635 1056">
     <span class='ocr_line' id='line_1_25' title="bbox 2085 970 3635 1056; baseline 0.001 -33"><span class='ocrx_word' id='word_1_159' title='bbox 2085 972 2225 1039; x_wconf 90' lang='lat' dir='ltr'><strong>quod</strong></span> <span class='ocrx_word' id='word_1_160' title='bbox 2251 982 2298 1025; x_wconf 89' lang='lat' dir='ltr'><strong>et</strong></span> <span class='ocrx_word' id='word_1_161' title='bbox 2331 972 2382 1025; x_wconf 92' lang='lat' dir='ltr'><strong>in</strong></span> <span class='ocrx_word' id='word_1_162' title='bbox 2411 972 2512 1025; x_wconf 90' lang='lat' dir='ltr'><strong>hac</strong></span> <span class='ocrx_word' id='word_1_163' title='bbox 2542 970 2765 1056; x_wconf 58' lang='lat' dir='ltr'><strong>synodo,</strong></span> <span class='ocrx_word' id='word_1_164' title='bbox 2806 986 2919 1039; x_wconf 66' lang='lat' dir='ltr'><strong>quae</strong></span> <span class='ocrx_word' id='word_1_165' title='bbox 2955 974 3004 1023; x_wconf 92' lang='lat' dir='ltr'><strong>in</strong></span> <span class='ocrx_word' id='word_1_166' title='bbox 3035 971 3216 1024; x_wconf 87' lang='lat' dir='ltr'><strong>Trullo</strong></span> <span class='ocrx_word' id='word_1_167' title='bbox 3252 970 3423 1037; x_wconf 79' lang='lat' dir='ltr'><strong>magni</strong></span> <span class='ocrx_word' id='word_1_168' title='bbox 3456 970 3635 1037; x_wconf 92' lang='lat' dir='ltr'><strong>palatii</strong></span> 
     </span>
    </p>
   </div>
   <div class='ocr_carea' id='block_1_26' title="bbox 2085 1060 3638 1132">
    <p class='ocr_par' dir='ltr' id='par_1_26' title="bbox 2085 1060 3638 1132">
     <span class='ocr_line' id='line_1_26' title="bbox 2085 1060 3638 1132; baseline -0.001 -16"><span class='ocrx_word' id='word_1_169' title='bbox 2085 1071 2400 1132; x_wconf 79' lang='lat' dir='ltr'><strong>congregata</strong></span> <span class='ocrx_word' id='word_1_170' title='bbox 2437 1061 2793 1124; x_wconf 70' lang='lat' dir='ltr'><strong>est/aderant</strong></span> <span class='ocrx_word' id='word_1_171' title='bbox 2843 1062 3069 1115; x_wconf 90' lang='lat' dir='ltr'><strong>Basilius</strong></span> <span class='ocrx_word' id='word_1_172' title='bbox 3122 1062 3335 1131; x_wconf 89' lang='lat' dir='ltr'><strong>quidam</strong></span> <span class='ocrx_word' id='word_1_173' title='bbox 3387 1060 3638 1129; x_wconf 72' lang='lat' dir='ltr'><strong>Gortyna:</strong></span> 
     </span>
    </p>
   </div>
   <div class='ocr_carea' id='block_1_27' title="bbox 2085 1151 3640 1221">
    <p class='ocr_par' dir='ltr' id='par_1_27' title="bbox 2085 1151 3640 1221">
     <span class='ocr_line' id='line_1_27' title="bbox 2085 1151 3640 1221; baseline 0 -14"><span class='ocrx_word' id='word_1_174' title='bbox 2085 1153 2259 1207; x_wconf 66' lang='lat' dir='ltr'><strong>Creta:</strong></span> <span class='ocrx_word' id='word_1_175' title='bbox 2288 1154 2474 1208; x_wconf 73' lang='lat' dir='ltr'><strong>insula:</strong></span> <span class='ocrx_word' id='word_1_176' title='bbox 2502 1154 2812 1221; x_wconf 72' lang='lat' dir='ltr'><strong>metropolis</strong></span> <span class='ocrx_word' id='word_1_177' title='bbox 2842 1154 3145 1221; x_wconf 78' lang='lat' dir='ltr'><strong>epis&#39;cOpus,</strong></span> <span class='ocrx_word' id='word_1_178' title='bbox 3182 1162 3234 1205; x_wconf 88' lang='lat' dir='ltr'><strong>et</strong></span> <span class='ocrx_word' id='word_1_179' title='bbox 3281 1153 3502 1219; x_wconf 88' lang='lat' dir='ltr'><strong>quidam</strong></span> <span class='ocrx_word' id='word_1_180' title='bbox 3535 1151 3640 1207; x_wconf 80' lang='lat' dir='ltr'><strong>Ra-</strong></span> 
     </span>
    </p>
   </div>
   <div class='ocr_carea' id='block_1_28' title="bbox 2086 1243 3640 1314">
    <p class='ocr_par' dir='ltr' id='par_1_28' title="bbox 2086 1243 3640 1314">
     <span class='ocr_line' id='line_1_28' title="bbox 2086 1243 3640 1314; baseline 0.003 -20"><span class='ocrx_word' id='word_1_181' title='bbox 2086 1258 2271 1298; x_wconf 70' lang='lat' dir='ltr'><strong>venna:</strong></span> <span class='ocrx_word' id='word_1_182' title='bbox 2323 1244 2632 1312; x_wconf 90' lang='lat' dir='ltr'><strong>episcopus.</strong></span> <span class='ocrx_word' id='word_1_183' title='bbox 2669 1244 2835 1299; x_wconf 84' lang='lat' dir='ltr'><strong>totius</strong></span> <span class='ocrx_word' id='word_1_184' title='bbox 2869 1244 3055 1314; x_wconf 79' lang='lat' dir='ltr'><strong>synodi</strong></span> <span class='ocrx_word' id='word_1_185' title='bbox 3106 1243 3363 1297; x_wconf 71' lang='lat' dir='ltr'><strong>Romana:</strong></span> <span class='ocrx_word' id='word_1_186' title='bbox 3395 1244 3640 1298; x_wconf 61' lang='lat' dir='ltr'><strong>Ecclesiae</strong></span> 
     </span>
    </p>
   </div>
   <div class='ocr_carea' id='block_1_29' title="bbox 2087 1336 3640 1429">
    <p class='ocr_par' dir='ltr' id='par_1_29' title="bbox 2087 1336 3640 1429">
     <span class='ocr_line' id='line_1_29' title="bbox 2087 1336 3640 1429; baseline -0.001 -39"><span class='ocrx_word' id='word_1_187' title='bbox 2087 1339 2253 1391; x_wconf 81' lang='lat' dir='ltr'><strong>vicem</strong></span> <span class='ocrx_word' id='word_1_188' title='bbox 2281 1347 2577 1429; x_wconf 52' lang='lat' dir='ltr'><strong>gerente-5&#39;3</strong></span> <span class='ocrx_word' id='word_1_189' title='bbox 2610 1347 2662 1389; x_wconf 92' lang='lat' dir='ltr'><strong>et</strong></span> <span class='ocrx_word' id='word_1_190' title='bbox 2694 1351 2797 1389; x_wconf 91' lang='lat' dir='ltr'><strong>non</strong></span> <span class='ocrx_word' id='word_1_191' title='bbox 2827 1336 2995 1389; x_wconf 87' lang='lat' dir='ltr'><strong>solum</strong></span> <span class='ocrx_word' id='word_1_192' title='bbox 3032 1336 3149 1402; x_wconf 85' lang='lat' dir='ltr'><strong>ipsi.</strong></span> <span class='ocrx_word' id='word_1_193' title='bbox 3186 1337 3275 1389; x_wconf 79' lang='lat' dir='ltr'><strong>sed</strong></span> <span class='ocrx_word' id='word_1_194' title='bbox 3308 1346 3359 1389; x_wconf 79' lang='lat' dir='ltr'><strong>et</strong></span> <span class='ocrx_word' id='word_1_195' title='bbox 3389 1338 3479 1403; x_wconf 87' lang='lat' dir='ltr'><strong>qtti</strong></span> <span class='ocrx_word' id='word_1_196' title='bbox 3514 1346 3640 1389; x_wconf 90' lang='lat' dir='ltr'><strong>tunc</strong></span> 
     </span>
    </p>
   </div>
   <div class='ocr_carea' id='block_1_30' title="bbox 2088 1427 3641 1497">
    <p class='ocr_par' dir='ltr' id='par_1_30' title="bbox 2088 1427 3641 1497">
     <span class='ocr_line' id='line_1_30' title="bbox 2088 1427 3641 1497; baseline -0.004 -15"><span class='ocrx_word' id='word_1_197' title='bbox 2088 1436 2240 1482; x_wconf 87' lang='lat' dir='ltr'><strong>erant</strong></span> <span class='ocrx_word' id='word_1_198' title='bbox 2272 1443 2416 1497; x_wconf 71' lang='lat' dir='ltr'><strong>papa:</strong></span> <span class='ocrx_word' id='word_1_199' title='bbox 2456 1427 2635 1496; x_wconf 23' lang='lat' dir='ltr'><strong>leigati,</strong></span> <span class='ocrx_word' id='word_1_200' title='bbox 2668 1428 3078 1487; x_wconf 47' lang='lat' dir='ltr'><strong>Thessalonicam</strong></span> <span class='ocrx_word' id='word_1_201' title='bbox 3133 1428 3429 1489; x_wconf 74' lang='lat' dir='ltr'><strong>Sardanizr,</strong></span> <span class='ocrx_word' id='word_1_202' title='bbox 3477 1427 3641 1480; x_wconf 65' lang='lat' dir='ltr'><strong>liora-</strong></span> 
     </span>
    </p>
   </div>
   <div class='ocr_carea' id='block_1_31' title="bbox 2088 1517 3637 1587">
    <p class='ocr_par' dir='ltr' id='par_1_31' title="bbox 2088 1517 3637 1587">
     <span class='ocr_line' id='line_1_31' title="bbox 2088 1517 3637 1587; baseline -0.001 -15"><span class='ocrx_word' id='word_1_203' title='bbox 2088 1520 2214 1573; x_wconf 74' lang='lat' dir='ltr'><strong>eleae</strong></span> <span class='ocrx_word' id='word_1_204' title='bbox 2248 1519 2297 1571; x_wconf 92' lang='lat' dir='ltr'><strong>in</strong></span> <span class='ocrx_word' id='word_1_205' title='bbox 2329 1517 2576 1581; x_wconf 84' lang='lat' dir='ltr'><strong>Thracia,</strong></span> <span class='ocrx_word' id='word_1_206' title='bbox 2609 1530 2661 1571; x_wconf 92' lang='lat' dir='ltr'><strong>et</strong></span> <span class='ocrx_word' id='word_1_207' title='bbox 2687 1519 2926 1573; x_wconf 88' lang='lat' dir='ltr'><strong>Corinthi</strong></span> <span class='ocrx_word' id='word_1_208' title='bbox 2990 1521 3245 1587; x_wconf 81' lang='lat' dir='ltr'><strong>episcopi.</strong></span> <span class='ocrx_word' id='word_1_209' title='bbox 3283 1519 3412 1572; x_wconf 87' lang='lat' dir='ltr'><strong>Sunt</strong></span> <span class='ocrx_word' id='word_1_210' title='bbox 3462 1532 3637 1574; x_wconf 83' lang='lat' dir='ltr'><strong>autem</strong></span> 
     </span>
    </p>
   </div>
   <div class='ocr_carea' id='block_1_32' title="bbox 2088 1611 3637 1680">
    <p class='ocr_par' dir='ltr' id='par_1_32' title="bbox 2088 1611 3637 1680">
     <span class='ocr_line' id='line_1_32' title="bbox 2088 1611 3637 1680; baseline -0.002 -15"><span class='ocrx_word' id='word_1_211' title='bbox 2088 1611 2269 1680; x_wconf 83' lang='lat' dir='ltr'><strong>legati,</strong></span> <span class='ocrx_word' id='word_1_212' title='bbox 2305 1613 2393 1679; x_wconf 88' lang='lat' dir='ltr'><strong>qui</strong></span> <span class='ocrx_word' id='word_1_213' title='bbox 2428 1628 2455 1664; x_wconf 90' lang='lat' dir='ltr'><strong>a</strong></span> <span class='ocrx_word' id='word_1_214' title='bbox 2487 1611 2623 1665; x_wconf 83' lang='lat' dir='ltr'><strong>facie</strong></span> <span class='ocrx_word' id='word_1_215' title='bbox 2647 1613 2915 1674; x_wconf 91' lang='lat' dir='ltr'><strong>dicuntur,</strong></span> <span class='ocrx_word' id='word_1_216' title='bbox 2954 1612 3043 1679; x_wconf 88' lang='lat' dir='ltr'><strong>qui</strong></span> <span class='ocrx_word' id='word_1_217' title='bbox 3077 1612 3233 1663; x_wconf 78' lang='lat' dir='ltr'><strong>etiam</strong></span> <span class='ocrx_word' id='word_1_218' title='bbox 3263 1612 3637 1676; x_wconf 78' lang='lat' dir='ltr'><strong>particularcm</strong></span> 
     </span>
    </p>
   </div>
   <div class='ocr_carea' id='block_1_33' title="bbox 2091 1704 3641 1770">
    <p class='ocr_par' dir='ltr' id='par_1_33' title="bbox 2091 1704 3641 1770">
     <span class='ocr_line' id='line_1_33' title="bbox 2091 1704 3641 1770; baseline -0.001 -13"><span class='ocrx_word' id='word_1_219' title='bbox 2091 1704 2283 1758; x_wconf 89' lang='lat' dir='ltr'><strong>habent</strong></span> <span class='ocrx_word' id='word_1_220' title='bbox 2331 1704 2778 1770; x_wconf 75' lang='lat' dir='ltr'><strong>iurisdietionem,</strong></span> <span class='ocrx_word' id='word_1_221' title='bbox 2832 1712 2886 1755; x_wconf 92' lang='lat' dir='ltr'><strong>ut</strong></span> <span class='ocrx_word' id='word_1_222' title='bbox 2943 1704 3041 1756; x_wconf 88' lang='lat' dir='ltr'><strong>hoc</strong></span> <span class='ocrx_word' id='word_1_223' title='bbox 3085 1704 3385 1755; x_wconf 88' lang='lat' dir='ltr'><strong>ostenditur</strong></span> <span class='ocrx_word' id='word_1_224' title='bbox 3448 1719 3509 1755; x_wconf 81' lang='lat' dir='ltr'><strong>ex</strong></span> <span class='ocrx_word' id='word_1_225' title='bbox 3559 1719 3641 1755; x_wconf 86' lang='lat' dir='ltr'><strong>se-</strong></span> 
     </span>
    </p>
   </div>
   <div class='ocr_carea' id='block_1_34' title="bbox 431 1767 1987 1861">
    <p class='ocr_par' dir='ltr' id='par_1_34' title="bbox 431 1767 1982 1860">
     <span class='ocr_line' id='line_1_34' title="bbox 431 1767 1982 1860; baseline 0 -18"><span class='ocrx_word' id='word_1_226' title='bbox 431 1793 566 1853; x_wconf 75' lang='grc' dir='ltr'>νίας.</span> <span class='ocrx_word' id='word_1_227' title='bbox 608 1794 636 1845; x_wconf 88' lang='lat'><strong>6</strong></span> <span class='ocrx_word' id='word_1_228' title='bbox 676 1767 997 1854; x_wconf 76' lang='grc' dir='ltr'>Ἥρακλείας</span> <span class='ocrx_word' id='word_1_229' title='bbox 1025 1791 1263 1860; x_wconf 85' lang='grc' dir='ltr'><strong>Θρᾴκης,</strong></span> <span class='ocrx_word' id='word_1_230' title='bbox 1300 1791 1392 1841; x_wconf 74' lang='grc' dir='ltr'>καὶ</span> <span class='ocrx_word' id='word_1_231' title='bbox 1417 1790 1444 1840; x_wconf 88' lang='lat'><strong>6</strong></span> <span class='ocrx_word' id='word_1_232' title='bbox 1474 1767 1759 1858; x_wconf 85' lang='grc' dir='ltr'>Κορίνθου.</span> <span class='ocrx_word' id='word_1_233' title='bbox 1802 1767 1982 1857; x_wconf 75' lang='grc' dir='ltr'>Λεγά-</span> 
     </span>
    </p>
   </div>
   <div class='ocr_carea' id='block_1_35' title="bbox 2083 1767 3639 1861">
    <p class='ocr_par' dir='ltr' id='par_1_35' title="bbox 2083 1794 3639 1861">
     <span class='ocr_line' id='line_1_35' title="bbox 2083 1794 3639 1861; baseline -0.003 -10"><span class='ocrx_word' id='word_1_234' title='bbox 2083 1797 2254 1851; x_wconf 91' lang='lat' dir='ltr'><strong>cundo</strong></span> <span class='ocrx_word' id='word_1_235' title='bbox 2287 1797 2441 1849; x_wconf 90' lang='lat' dir='ltr'><strong>titulo</strong></span> <span class='ocrx_word' id='word_1_236' title='bbox 2483 1796 2617 1850; x_wconf 83' lang='lat' dir='ltr'><strong>sexti</strong></span> <span class='ocrx_word' id='word_1_237' title='bbox 2669 1796 2786 1848; x_wconf 92' lang='lat' dir='ltr'><strong>libri</strong></span> <span class='ocrx_word' id='word_1_238' title='bbox 2840 1794 3055 1849; x_wconf 78' lang='lat' dir='ltr'><strong>Basilio.</strong></span> <span class='ocrx_word' id='word_1_239' title='bbox 3110 1796 3259 1861; x_wconf 81' lang='lat' dir='ltr'><strong>Quod</strong></span> <span class='ocrx_word' id='word_1_240' title='bbox 3295 1807 3471 1848; x_wconf 86' lang='lat' dir='ltr'><strong>autem</strong></span> <span class='ocrx_word' id='word_1_241' title='bbox 3506 1810 3639 1861; x_wconf 83' lang='lat' dir='ltr'><strong>papa</strong></span> 
     </span>
    </p>
   </div>
   <div class='ocr_carea' id='block_1_36' title="bbox 431 1880 1980 1949">
    <p class='ocr_par' dir='ltr' id='par_1_36' title="bbox 431 1880 1980 1949">
     <span class='ocr_line' id='line_1_36' title="bbox 431 1880 1980 1949; baseline 0 -16"><span class='ocrx_word' id='word_1_242' title='bbox 431 1898 511 1934; x_wconf 87' lang='grc' dir='ltr'><strong>τοι</strong></span> <span class='ocrx_word' id='word_1_243' title='bbox 538 1882 595 1934; x_wconf 89' lang='grc' dir='ltr'><strong>δέ</strong></span> <span class='ocrx_word' id='word_1_244' title='bbox 628 1883 768 1933; x_wconf 77' lang='grc' dir='ltr'>εἰσιν</span> <span class='ocrx_word' id='word_1_245' title='bbox 809 1882 858 1933; x_wconf 78' lang='grc' dir='ltr'>οἱ</span> <span class='ocrx_word' id='word_1_246' title='bbox 894 1884 955 1933; x_wconf 88' lang='grc' dir='ltr'><strong>ἐκ</strong></span> <span class='ocrx_word' id='word_1_247' title='bbox 992 1880 1283 1949; x_wconf 84' lang='grc' dir='ltr'>προσώπου</span> <span class='ocrx_word' id='word_1_248' title='bbox 1327 1880 1631 1947; x_wconf 83' lang='grc' dir='ltr'>λεγόμενοι,</span> <span class='ocrx_word' id='word_1_249' title='bbox 1665 1881 1859 1942; x_wconf 80' lang='grc' dir='ltr'>οἵτινες</span> <span class='ocrx_word' id='word_1_250' title='bbox 1889 1884 1980 1933; x_wconf 75' lang='grc' dir='ltr'>καὶ</span> 
     </span>
    </p>
   </div>
   <div class='ocr_carea' id='block_1_37' title="bbox 432 1972 1980 2045">
    <p class='ocr_par' dir='ltr' id='par_1_37' title="bbox 432 1972 1980 2045">
     <span class='ocr_line' id='line_1_37' title="bbox 432 1972 1980 2045; baseline 0.001 -20"><span class='ocrx_word' id='word_1_251' title='bbox 432 1974 666 2044; x_wconf 82' lang='grc' dir='ltr'>μερικὴν</span> <span class='ocrx_word' id='word_1_252' title='bbox 693 1973 1054 2026; x_wconf 81' lang='grc' dir='ltr'>δικαιοδοσίαν</span> <span class='ocrx_word' id='word_1_253' title='bbox 1078 1973 1281 2041; x_wconf 75' lang='grc' dir='ltr'>ἔχουσι,</span> <span class='ocrx_word' id='word_1_254' title='bbox 1321 1972 1501 2035; x_wconf 87' lang='grc' dir='ltr'>καθὼς</span> <span class='ocrx_word' id='word_1_255' title='bbox 1539 1972 1694 2026; x_wconf 81' lang='grc' dir='ltr'>τοῦτο</span> <span class='ocrx_word' id='word_1_256' title='bbox 1716 1974 1980 2045; x_wconf 84' lang='grc' dir='ltr'>παρίστα-</span> 
     </span>
    </p>
   </div>
   <div class='ocr_carea' id='block_1_38' title="bbox 431 2064 1979 2133">
    <p class='ocr_par' dir='ltr' id='par_1_38' title="bbox 431 2064 1979 2133">
     <span class='ocr_line' id='line_1_38' title="bbox 431 2064 1979 2133; baseline 0.003 -18"><span class='ocrx_word' id='word_1_257' title='bbox 431 2083 519 2117; x_wconf 88' lang='grc' dir='ltr'><strong>ται</strong></span> <span class='ocrx_word' id='word_1_258' title='bbox 543 2067 649 2118; x_wconf 81' lang='grc' dir='ltr'><strong>ἀπὸ</strong></span> <span class='ocrx_word' id='word_1_259' title='bbox 684 2064 774 2117; x_wconf 82' lang='grc' dir='ltr'>τοῦ</span> <span class='ocrx_word' id='word_1_260' title='bbox 798 2064 842 2132; x_wconf 89' lang='grc' dir='ltr'>β’</span> <span class='ocrx_word' id='word_1_261' title='bbox 864 2065 1041 2116; x_wconf 81' lang='grc' dir='ltr'>τίτλου</span> <span class='ocrx_word' id='word_1_262' title='bbox 1091 2064 1183 2117; x_wconf 76' lang='grc' dir='ltr'>τοῦ</span> <span class='ocrx_word' id='word_1_263' title='bbox 1211 2072 1261 2129; x_wconf 80' lang='grc' dir='ltr'>ς’</span> <span class='ocrx_word' id='word_1_264' title='bbox 1289 2064 1492 2133; x_wconf 79' lang='grc' dir='ltr'>βιϐλίου</span> <span class='ocrx_word' id='word_1_265' title='bbox 1522 2068 1629 2118; x_wconf 85' lang='grc' dir='ltr'><strong>τῶν</strong></span> <span class='ocrx_word' id='word_1_266' title='bbox 1660 2065 1979 2120; x_wconf 88' lang='grc' dir='ltr'>Βασιλικῶν.</span> 
     </span>
    </p>
   </div>
   <div class='ocr_carea' id='block_1_39' title="bbox 430 2153 1985 2229">
    <p class='ocr_par' dir='ltr' id='par_1_39' title="bbox 430 2153 1985 2229">
     <span class='ocr_line' id='line_1_39' title="bbox 430 2153 1985 2229; baseline 0.001 -21"><span class='ocrx_word' id='word_1_267' title='bbox 430 2156 554 2209; x_wconf 67' lang='grc' dir='ltr'><strong>Ὀτι</strong></span> <span class='ocrx_word' id='word_1_268' title='bbox 585 2158 641 2209; x_wconf 75' lang='grc' dir='ltr'>δὲ</span> <span class='ocrx_word' id='word_1_269' title='bbox 668 2158 694 2210; x_wconf 90' lang='lat'><strong>6</strong></span> <span class='ocrx_word' id='word_1_270' title='bbox 720 2159 949 2221; x_wconf 86' lang='grc' dir='ltr'>πάππας</span> <span class='ocrx_word' id='word_1_271' title='bbox 992 2156 1211 2225; x_wconf 78' lang='grc' dir='ltr'>Ῥώμης</span> <span class='ocrx_word' id='word_1_272' title='bbox 1243 2158 1339 2210; x_wconf 80' lang='grc' dir='ltr'>οὐκ</span> <span class='ocrx_word' id='word_1_273' title='bbox 1368 2153 1477 2227; x_wconf 75' lang='grc' dir='ltr'>εἶχε</span> <span class='ocrx_word' id='word_1_274' title='bbox 1520 2158 1723 2211; x_wconf 85' lang='grc' dir='ltr'>δίκαιον</span> <span class='ocrx_word' id='word_1_275' title='bbox 1748 2176 1985 2229; x_wconf 88' lang='grc' dir='ltr'>χειροτο-</span> 
     </span>
    </p>
   </div>
   <div class='ocr_carea' id='block_1_40' title="bbox 432 2249 1985 2320">
    <p class='ocr_par' dir='ltr' id='par_1_40' title="bbox 432 2249 1985 2320">
     <span class='ocr_line' id='line_1_40' title="bbox 432 2249 1985 2320; baseline 0.003 -23"><span class='ocrx_word' id='word_1_276' title='bbox 432 2251 548 2313; x_wconf 76' lang='grc' dir='ltr'>νίας</span> <span class='ocrx_word' id='word_1_277' title='bbox 578 2250 655 2313; x_wconf 82' lang='grc' dir='ltr'><strong>είς</strong></span> <span class='ocrx_word' id='word_1_278' title='bbox 681 2249 781 2319; x_wconf 83' lang='grc' dir='ltr'>τὴν</span> <span class='ocrx_word' id='word_1_279' title='bbox 805 2249 1079 2320; x_wconf 70' lang='grc' dir='ltr'>ἡμετέραν</span> <span class='ocrx_word' id='word_1_280' title='bbox 1101 2250 1337 2315; x_wconf 83' lang='grc' dir='ltr'>ἐνορίαν,</span> <span class='ocrx_word' id='word_1_281' title='bbox 1362 2249 1539 2309; x_wconf 87' lang='grc' dir='ltr'>καθώς</span> <span class='ocrx_word' id='word_1_282' title='bbox 1569 2267 1711 2311; x_wconf 82' lang='grc' dir='ltr'>τινες</span> <span class='ocrx_word' id='word_1_283' title='bbox 1741 2251 1985 2303; x_wconf 63' lang='grc' dir='ltr'>πλανῶν-</span> 
     </span>
    </p>
   </div>
   <div class='ocr_carea' id='block_1_41' title="bbox 428 2340 1983 2411">
    <p class='ocr_par' dir='ltr' id='par_1_41' title="bbox 428 2340 1983 2411">
     <span class='ocr_line' id='line_1_41' title="bbox 428 2340 1983 2411; baseline -0.001 -16"><span class='ocrx_word' id='word_1_284' title='bbox 428 2358 543 2405; x_wconf 83' lang='grc' dir='ltr'>ται,</span> <span class='ocrx_word' id='word_1_285' title='bbox 572 2342 816 2410; x_wconf 86' lang='grc' dir='ltr'>λέγοντες</span> <span class='ocrx_word' id='word_1_286' title='bbox 870 2343 958 2393; x_wconf 80' lang='grc' dir='ltr'>τὸν</span> <span class='ocrx_word' id='word_1_287' title='bbox 1008 2340 1403 2408; x_wconf 77' lang='grc' dir='ltr'>θεσσαλονὶκης</span> <span class='ocrx_word' id='word_1_288' title='bbox 1460 2342 1552 2392; x_wconf 69' lang='grc' dir='ltr'>καὶ</span> <span class='ocrx_word' id='word_1_289' title='bbox 1602 2340 1819 2411; x_wconf 75' lang='grc' dir='ltr'>ἐτέρους</span> <span class='ocrx_word' id='word_1_290' title='bbox 1882 2341 1983 2393; x_wconf 69' lang='grc' dir='ltr'>ὑπδ</span> 
     </span>
    </p>
   </div>
   <div class='ocr_carea' id='block_1_42' title="bbox 430 2430 1982 2505">
    <p class='ocr_par' dir='ltr' id='par_1_42' title="bbox 430 2430 1982 2505">
     <span class='ocr_line' id='line_1_42' title="bbox 430 2430 1982 2505; baseline -0.001 -18"><span class='ocrx_word' id='word_1_291' title='bbox 430 2435 619 2487; x_wconf 83' lang='grc' dir='ltr'>τούτου</span> <span class='ocrx_word' id='word_1_292' title='bbox 650 2432 1082 2505; x_wconf 80' lang='grc' dir='ltr'>χειροτονεῖσθαι,</span> <span class='ocrx_word' id='word_1_293' title='bbox 1110 2432 1245 2485; x_wconf 76' lang='grc' dir='ltr'>ἀλλὰ</span> <span class='ocrx_word' id='word_1_294' title='bbox 1295 2432 1552 2497; x_wconf 82' lang='grc' dir='ltr'>λεγάτους</span> <span class='ocrx_word' id='word_1_295' title='bbox 1584 2430 1713 2501; x_wconf 76' lang='grc' dir='ltr'>εἶχε,</span> <span class='ocrx_word' id='word_1_296' title='bbox 1740 2432 1982 2485; x_wconf 79' lang='grc' dir='ltr'>τουτέστι</span> 
     </span>
    </p>
   </div>
   <div class='ocr_carea' id='block_1_43' title="bbox 430 2522 1982 2595">
    <p class='ocr_par' dir='ltr' id='par_1_43' title="bbox 430 2522 1982 2595">
     <span class='ocr_line' id='line_1_43' title="bbox 430 2522 1982 2595; baseline -0.003 -15"><span class='ocrx_word' id='word_1_297' title='bbox 430 2530 494 2580; x_wconf 82' lang='grc' dir='ltr'><strong>ἐκ</strong></span> <span class='ocrx_word' id='word_1_298' title='bbox 534 2526 846 2595; x_wconf 87' lang='grc' dir='ltr'>προσώπου,</span> <span class='ocrx_word' id='word_1_299' title='bbox 875 2526 961 2578; x_wconf 80' lang='grc' dir='ltr'>ὅτε</span> <span class='ocrx_word' id='word_1_300' title='bbox 1001 2525 1197 2591; x_wconf 79' lang='grc' dir='ltr'>δεήσει,</span> <span class='ocrx_word' id='word_1_301' title='bbox 1228 2522 1607 2591; x_wconf 76' lang='grc' dir='ltr'>παρουσιάζειν</span> <span class='ocrx_word' id='word_1_302' title='bbox 1637 2524 1943 2590; x_wconf 79' lang='grc' dir='ltr'>ὀφείλοντας</span> <span class='ocrx_word' id='word_1_303' title='bbox 1968 2562 1982 2585; x_wconf 95' lang='grc'><strong>,</strong></span> 
     </span>
    </p>
   </div>
   <div class='ocr_carea' id='block_1_44' title="bbox 430 2603 1986 2686">
    <p class='ocr_par' dir='ltr' id='par_1_44' title="bbox 430 2603 1986 2686">
     <span class='ocr_line' id='line_1_44' title="bbox 430 2603 1986 2686; baseline -0.002 -15"><span class='ocrx_word' id='word_1_304' title='bbox 430 2618 765 2685; x_wconf 83' lang='grc' dir='ltr'>παρίσταται</span> <span class='ocrx_word' id='word_1_305' title='bbox 797 2618 895 2686; x_wconf 85' lang='grc' dir='ltr'>μὲν</span> <span class='ocrx_word' id='word_1_306' title='bbox 919 2617 1015 2670; x_wconf 79' lang='grc' dir='ltr'>καὶ</span> <span class='ocrx_word' id='word_1_307' title='bbox 1040 2616 1147 2669; x_wconf 80' lang='grc' dir='ltr'><strong>ἀπὸ</strong></span> <span class='ocrx_word' id='word_1_308' title='bbox 1173 2616 1346 2670; x_wconf 75' lang='grc' dir='ltr'>ἄλλων</span> <span class='ocrx_word' id='word_1_309' title='bbox 1377 2603 1605 2678; x_wconf 69' lang='grc' dir='ltr'>πολλῶν,</span> <span class='ocrx_word' id='word_1_310' title='bbox 1639 2616 1772 2675; x_wconf 87' lang='grc' dir='ltr'>τέως</span> <span class='ocrx_word' id='word_1_311' title='bbox 1807 2613 1863 2666; x_wconf 82' lang='grc' dir='ltr'>δὲ</span> <span class='ocrx_word' id='word_1_312' title='bbox 1895 2616 1986 2668; x_wconf 79' lang='grc' dir='ltr'>καὶ</span> 
     </span>
    </p>
   </div>
   <div class='ocr_carea' id='block_1_45' title="bbox 430 2704 1986 2777">
    <p class='ocr_par' dir='ltr' id='par_1_45' title="bbox 430 2704 1986 2777">
     <span class='ocr_line' id='line_1_45' title="bbox 430 2704 1986 2777; baseline -0.001 -15"><span class='ocrx_word' id='word_1_313' title='bbox 430 2708 540 2762; x_wconf 81' lang='grc' dir='ltr'><strong>ἀπὸ</strong></span> <span class='ocrx_word' id='word_1_314' title='bbox 590 2707 684 2761; x_wconf 85' lang='grc' dir='ltr'>τοῦ</span> <span class='ocrx_word' id='word_1_315' title='bbox 728 2707 859 2763; x_wconf 82' lang='grc' dir='ltr'>ποτὲ</span> <span class='ocrx_word' id='word_1_316' title='bbox 911 2707 1012 2777; x_wconf 85' lang='grc' dir='ltr'>μὲν</span> <span class='ocrx_word' id='word_1_317' title='bbox 1048 2707 1122 2769; x_wconf 83' lang='grc' dir='ltr'>ὡς</span> <span class='ocrx_word' id='word_1_318' title='bbox 1159 2706 1419 2771; x_wconf 85' lang='grc' dir='ltr'>λεγάτους</span> <span class='ocrx_word' id='word_1_319' title='bbox 1461 2704 1844 2775; x_wconf 75' lang='grc' dir='ltr'>παρουσιάζειν</span> <span class='ocrx_word' id='word_1_320' title='bbox 1894 2708 1986 2761; x_wconf 82' lang='grc' dir='ltr'>τοῦ</span> 
     </span>
    </p>
   </div>
   <div class='ocr_carea' id='block_1_46' title="bbox 430 2800 1989 2870">
    <p class='ocr_par' dir='ltr' id='par_1_46' title="bbox 430 2800 1989 2870">
     <span class='ocr_line' id='line_1_46' title="bbox 430 2800 1989 2870; baseline 0.001 -16"><span class='ocrx_word' id='word_1_321' title='bbox 430 2803 631 2854; x_wconf 70' lang='grc' dir='ltr'>πάππα</span> <span class='ocrx_word' id='word_1_322' title='bbox 658 2802 748 2853; x_wconf 77' lang='grc' dir='ltr'>τὸν</span> <span class='ocrx_word' id='word_1_323' title='bbox 778 2800 1192 2870; x_wconf 81' lang='grc' dir='ltr'>Θεσσαλονίκης,</span> <span class='ocrx_word' id='word_1_324' title='bbox 1213 2801 1302 2853; x_wconf 82' lang='grc' dir='ltr'><strong>τὸν</strong></span> <span class='ocrx_word' id='word_1_325' title='bbox 1353 2800 1608 2869; x_wconf 82' lang='grc' dir='ltr'>Ἀθηνῶν,</span> <span class='ocrx_word' id='word_1_326' title='bbox 1639 2800 1844 2854; x_wconf 73' lang='grc' dir='ltr'>καὶτὸν</span> <span class='ocrx_word' id='word_1_327' title='bbox 1883 2804 1989 2855; x_wconf 86' lang='grc' dir='ltr'><strong>Κο-</strong></span> 
     </span>
    </p>
   </div>
   <div class='ocr_carea' id='block_1_47' title="bbox 431 2891 1989 2963">
    <p class='ocr_par' dir='ltr' id='par_1_47' title="bbox 431 2891 1989 2963">
     <span class='ocr_line' id='line_1_47' title="bbox 431 2891 1989 2963; baseline 0.003 -20"><span class='ocrx_word' id='word_1_328' title='bbox 431 2893 639 2961; x_wconf 80' lang='grc' dir='ltr'>ρίνθου,</span> <span class='ocrx_word' id='word_1_329' title='bbox 699 2892 828 2945; x_wconf 89' lang='grc' dir='ltr'><strong>ποτέ</strong></span> <span class='ocrx_word' id='word_1_330' title='bbox 874 2893 930 2946; x_wconf 80' lang='grc' dir='ltr'>δὲ</span> <span class='ocrx_word' id='word_1_331' title='bbox 986 2893 1078 2945; x_wconf 75' lang='grc' dir='ltr'>τὸν</span> <span class='ocrx_word' id='word_1_332' title='bbox 1128 2891 1415 2963; x_wconf 79' lang='grc' dir='ltr'>Κορίνθου,</span> <span class='ocrx_word' id='word_1_333' title='bbox 1467 2894 1558 2944; x_wconf 72' lang='grc' dir='ltr'>τὸν</span> <span class='ocrx_word' id='word_1_334' title='bbox 1606 2893 1849 2963; x_wconf 84' lang='grc' dir='ltr'>Κρήτης,</span> <span class='ocrx_word' id='word_1_335' title='bbox 1899 2895 1989 2948; x_wconf 85' lang='grc' dir='ltr'>τὸν</span> 
     </span>
    </p>
   </div>
   <div class='ocr_carea' id='block_1_48' title="bbox 429 2984 1989 3055">
    <p class='ocr_par' dir='ltr' id='par_1_48' title="bbox 429 2984 1989 3055">
     <span class='ocr_line' id='line_1_48' title="bbox 429 2984 1989 3055; baseline 0.001 -17"><span class='ocrx_word' id='word_1_336' title='bbox 429 2986 685 3055; x_wconf 88' lang='grc' dir='ltr'>Πατρῶν,</span> <span class='ocrx_word' id='word_1_337' title='bbox 746 2985 838 3039; x_wconf 77' lang='grc' dir='ltr'>τὸν</span> <span class='ocrx_word' id='word_1_338' title='bbox 903 2985 1200 3050; x_wconf 79' lang='grc' dir='ltr'>Ῥαὸἐνης,</span> <span class='ocrx_word' id='word_1_339' title='bbox 1254 2985 1348 3038; x_wconf 77' lang='grc' dir='ltr'><strong>καὶ</strong></span> <span class='ocrx_word' id='word_1_340' title='bbox 1402 2984 1641 3048; x_wconf 84' lang='grc' dir='ltr'>ἐτέρους,</span> <span class='ocrx_word' id='word_1_341' title='bbox 1709 2985 1881 3037; x_wconf 85' lang='grc' dir='ltr'>ἐνίοτε</span> <span class='ocrx_word' id='word_1_342' title='bbox 1934 2986 1989 3039; x_wconf 85' lang='grc' dir='ltr'>δὲ</span> 
     </span>
    </p>
   </div>
   <div class='ocr_carea' id='block_1_49' title="bbox 2080 1885 3639 1953">
    <p class='ocr_par' dir='ltr' id='par_1_49' title="bbox 2080 1885 3639 1953">
     <span class='ocr_line' id='line_1_49' title="bbox 2080 1885 3639 1953; baseline -0.002 -14"><span class='ocrx_word' id='word_1_343' title='bbox 2080 1885 2355 1940; x_wconf 80' lang='lat' dir='ltr'><strong>Romanus</strong></span> <span class='ocrx_word' id='word_1_344' title='bbox 2377 1886 2469 1952; x_wconf 87' lang='lat' dir='ltr'><strong>jus</strong></span> <span class='ocrx_word' id='word_1_345' title='bbox 2502 1886 2852 1939; x_wconf 87' lang='lat' dir='ltr'><strong>ordinationis</strong></span> <span class='ocrx_word' id='word_1_346' title='bbox 2875 1885 2926 1939; x_wconf 91' lang='lat' dir='ltr'><strong>in</strong></span> <span class='ocrx_word' id='word_1_347' title='bbox 2960 1888 3157 1938; x_wconf 87' lang='lat' dir='ltr'><strong>nostris</strong></span> <span class='ocrx_word' id='word_1_348' title='bbox 3191 1886 3498 1953; x_wconf 61' lang='lat' dir='ltr'><strong>regionibus</strong></span> <span class='ocrx_word' id='word_1_349' title='bbox 3532 1900 3639 1937; x_wconf 89' lang='lat' dir='ltr'><strong>non</strong></span> 
     </span>
    </p>
   </div>
   <div class='ocr_carea' id='block_1_50' title="bbox 2084 1977 3642 2043">
    <p class='ocr_par' dir='ltr' id='par_1_50' title="bbox 2084 1977 3642 2043">
     <span class='ocr_line' id='line_1_50' title="bbox 2084 1977 3642 2043; baseline -0.003 -11"><span class='ocrx_word' id='word_1_350' title='bbox 2084 1980 2286 2043; x_wconf 78' lang='lat' dir='ltr'><strong>habuit,</strong></span> <span class='ocrx_word' id='word_1_351' title='bbox 2316 1989 2371 2031; x_wconf 92' lang='lat' dir='ltr'><strong>ut</strong></span> <span class='ocrx_word' id='word_1_352' title='bbox 2410 1978 2647 2032; x_wconf 82' lang='lat' dir='ltr'><strong>nonnulli</strong></span> <span class='ocrx_word' id='word_1_353' title='bbox 2681 1978 3099 2040; x_wconf 86' lang='lat' dir='ltr'><strong>ballucinantur,</strong></span> <span class='ocrx_word' id='word_1_354' title='bbox 3135 1980 3375 2031; x_wconf 71' lang='lat' dir='ltr'><strong>dicentes</strong></span> <span class='ocrx_word' id='word_1_355' title='bbox 3406 1977 3642 2031; x_wconf 64' lang='lat' dir='ltr'><strong>Thcssao</strong></span> 
     </span>
    </p>
   </div>
   <div class='ocr_carea' id='block_1_51' title="bbox 2084 2069 3643 2135">
    <p class='ocr_par' dir='ltr' id='par_1_51' title="bbox 2084 2069 3643 2135">
     <span class='ocr_line' id='line_1_51' title="bbox 2084 2069 3643 2135; baseline -0.001 -12"><span class='ocrx_word' id='word_1_356' title='bbox 2084 2072 2407 2125; x_wconf 86' lang='lat' dir='ltr'><strong>loniceusetu</strong></span> <span class='ocrx_word' id='word_1_357' title='bbox 2465 2080 2518 2123; x_wconf 84' lang='lat' dir='ltr'><strong>et</strong></span> <span class='ocrx_word' id='word_1_358' title='bbox 2570 2071 2703 2124; x_wconf 89' lang='lat' dir='ltr'><strong>alios</strong></span> <span class='ocrx_word' id='word_1_359' title='bbox 2746 2072 2813 2122; x_wconf 89' lang='lat' dir='ltr'><strong>ab</strong></span> <span class='ocrx_word' id='word_1_360' title='bbox 2863 2085 2929 2123; x_wconf 90' lang='lat' dir='ltr'><strong>eo</strong></span> <span class='ocrx_word' id='word_1_361' title='bbox 2976 2071 3257 2135; x_wconf 86' lang='lat' dir='ltr'><strong>ordinari;</strong></span> <span class='ocrx_word' id='word_1_362' title='bbox 3319 2071 3409 2122; x_wconf 83' lang='lat' dir='ltr'><strong>sed</strong></span> <span class='ocrx_word' id='word_1_363' title='bbox 3455 2069 3643 2123; x_wconf 85' lang='lat' dir='ltr'><strong>habuit</strong></span> 
     </span>
    </p>
   </div>
   <div class='ocr_carea' id='block_1_52' title="bbox 2083 2161 3639 2231">
    <p class='ocr_par' dir='ltr' id='par_1_52' title="bbox 2083 2161 3639 2231">
     <span class='ocr_line' id='line_1_52' title="bbox 2083 2161 3639 2231; baseline -0.003 -15"><span class='ocrx_word' id='word_1_364' title='bbox 2083 2162 2306 2231; x_wconf 81' lang='lat' dir='ltr'><strong>legatos.</strong></span> <span class='ocrx_word' id='word_1_365' title='bbox 2345 2164 2445 2216; x_wconf 89' lang='lat' dir='ltr'><strong>hoc</strong></span> <span class='ocrx_word' id='word_1_366' title='bbox 2466 2171 2549 2215; x_wconf 87' lang='lat' dir='ltr'><strong>est</strong></span> <span class='ocrx_word' id='word_1_367' title='bbox 2575 2177 2602 2213; x_wconf 87' lang='lat' dir='ltr'><strong>a</strong></span> <span class='ocrx_word' id='word_1_368' title='bbox 2638 2161 2792 2221; x_wconf 77' lang='lat' dir='ltr'><strong>facie,</strong></span> <span class='ocrx_word' id='word_1_369' title='bbox 2825 2162 2916 2229; x_wconf 88' lang='lat' dir='ltr'><strong>qui</strong></span> <span class='ocrx_word' id='word_1_370' title='bbox 2953 2163 3231 2224; x_wconf 77' lang='lat' dir='ltr'><strong>interesse,</strong></span> <span class='ocrx_word' id='word_1_371' title='bbox 3264 2162 3479 2226; x_wconf 74' lang='lat' dir='ltr'><strong>quando</strong></span> <span class='ocrx_word' id='word_1_372' title='bbox 3505 2176 3639 2224; x_wconf 70' lang='lat' dir='ltr'><strong>tuuis</strong></span> 
     </span>
    </p>
   </div>
   <div class='ocr_carea' id='block_1_53' title="bbox 2084 2252 3641 2322">
    <p class='ocr_par' dir='ltr' id='par_1_53' title="bbox 2084 2252 3641 2322">
     <span class='ocr_line' id='line_1_53' title="bbox 2084 2252 3641 2322; baseline -0.002 -13"><span class='ocrx_word' id='word_1_373' title='bbox 2084 2265 2218 2318; x_wconf 89' lang='lat' dir='ltr'><strong>erat,</strong></span> <span class='ocrx_word' id='word_1_374' title='bbox 2250 2254 2534 2313; x_wconf 86' lang='lat' dir='ltr'><strong>debebant.</strong></span> <span class='ocrx_word' id='word_1_375' title='bbox 2578 2254 2835 2321; x_wconf 89' lang='lat' dir='ltr'><strong>probatur</strong></span> <span class='ocrx_word' id='word_1_376' title='bbox 2870 2254 3082 2322; x_wconf 83' lang='lat' dir='ltr'><strong>quidem</strong></span> <span class='ocrx_word' id='word_1_377' title='bbox 3126 2263 3271 2308; x_wconf 79' lang='lat' dir='ltr'><strong>certe</strong></span> <span class='ocrx_word' id='word_1_378' title='bbox 3320 2262 3371 2305; x_wconf 89' lang='lat' dir='ltr'><strong>et</strong></span> <span class='ocrx_word' id='word_1_379' title='bbox 3407 2269 3470 2305; x_wconf 78' lang='lat' dir='ltr'><strong>ex</strong></span> <span class='ocrx_word' id='word_1_380' title='bbox 3523 2252 3641 2306; x_wconf 90' lang='lat' dir='ltr'><strong>aliis</strong></span> 
     </span>
    </p>
   </div>
   <div class='ocr_carea' id='block_1_54' title="bbox 2085 2344 3635 2414">
    <p class='ocr_par' dir='ltr' id='par_1_54' title="bbox 2085 2344 3635 2414">
     <span class='ocr_line' id='line_1_54' title="bbox 2085 2344 3635 2414; baseline -0.005 -14"><span class='ocrx_word' id='word_1_381' title='bbox 2085 2347 2291 2407; x_wconf 87' lang='lat' dir='ltr'><strong>multis,</strong></span> <span class='ocrx_word' id='word_1_382' title='bbox 2324 2355 2375 2399; x_wconf 85' lang='lat' dir='ltr'><strong>et</strong></span> <span class='ocrx_word' id='word_1_383' title='bbox 2405 2346 2543 2414; x_wconf 91' lang='lat' dir='ltr'><strong>quod</strong></span> <span class='ocrx_word' id='word_1_384' title='bbox 2577 2346 2869 2412; x_wconf 77' lang='lat' dir='ltr'><strong>aliquando</strong></span> <span class='ocrx_word' id='word_1_385' title='bbox 2904 2345 3140 2411; x_wconf 87' lang='lat' dir='ltr'><strong>quidem,</strong></span> <span class='ocrx_word' id='word_1_386' title='bbox 3191 2356 3242 2397; x_wconf 82' lang='grc' dir='ltr'><strong>ιιι</strong></span> <span class='ocrx_word' id='word_1_387' title='bbox 3282 2358 3431 2410; x_wconf 73' lang='lat' dir='ltr'><strong>papre</strong></span> <span class='ocrx_word' id='word_1_388' title='bbox 3478 2344 3635 2411; x_wconf 74' lang='lat' dir='ltr'><strong>legati</strong></span> 
     </span>
    </p>
   </div>
   <div class='ocr_carea' id='block_1_55' title="bbox 2086 2433 3639 2497">
    <p class='ocr_par' dir='ltr' id='par_1_55' title="bbox 2086 2433 3639 2497">
     <span class='ocr_line' id='line_1_55' title="bbox 2086 2433 3639 2497; baseline -0.003 -7"><span class='ocrx_word' id='word_1_389' title='bbox 2086 2438 2336 2491; x_wconf 82' lang='lat' dir='ltr'><strong>adessent.</strong></span> <span class='ocrx_word' id='word_1_390' title='bbox 2402 2436 2818 2497; x_wconf 66' lang='lat' dir='ltr'><strong>Thessalonicm,</strong></span> <span class='ocrx_word' id='word_1_391' title='bbox 2871 2436 3219 2496; x_wconf 84' lang='lat' dir='ltr'><strong>Athenarum,</strong></span> <span class='ocrx_word' id='word_1_392' title='bbox 3294 2444 3344 2489; x_wconf 88' lang='lat' dir='ltr'><strong>et</strong></span> <span class='ocrx_word' id='word_1_393' title='bbox 3393 2433 3639 2487; x_wconf 82' lang='lat' dir='ltr'><strong>Corinthi</strong></span> 
     </span>
    </p>
   </div>
   <div class='ocr_carea' id='block_1_56' title="bbox 2086 2523 3638 2595">
    <p class='ocr_par' dir='ltr' id='par_1_56' title="bbox 2086 2523 3638 2595">
     <span class='ocr_line' id='line_1_56' title="bbox 2086 2523 3638 2595; baseline -0.004 -13"><span class='ocrx_word' id='word_1_394' title='bbox 2086 2529 2356 2595; x_wconf 80' lang='lat' dir='ltr'><strong>episcopi;</strong></span> <span class='ocrx_word' id='word_1_395' title='bbox 2409 2527 2696 2595; x_wconf 85' lang='lat' dir='ltr'><strong>aliquando</strong></span> <span class='ocrx_word' id='word_1_396' title='bbox 2727 2541 2855 2579; x_wconf 85' lang='lat' dir='ltr'><strong>vero</strong></span> <span class='ocrx_word' id='word_1_397' title='bbox 2906 2526 3172 2590; x_wconf 80' lang='lat' dir='ltr'><strong>Corinthi,</strong></span> <span class='ocrx_word' id='word_1_398' title='bbox 3219 2526 3408 2588; x_wconf 77' lang='lat' dir='ltr'><strong>Cretze,</strong></span> <span class='ocrx_word' id='word_1_399' title='bbox 3459 2523 3638 2577; x_wconf 83' lang='lat' dir='ltr'><strong>Patra-</strong></span> 
     </span>
    </p>
   </div>
   <div class='ocr_carea' id='block_1_57' title="bbox 2090 2602 3639 2684">
    <p class='ocr_par' dir='ltr' id='par_1_57' title="bbox 2090 2602 3639 2684">
     <span class='ocr_line' id='line_1_57' title="bbox 2090 2602 3639 2684; baseline -0.006 -10"><span class='ocrx_word' id='word_1_400' title='bbox 2090 2637 2227 2684; x_wconf 88' lang='lat' dir='ltr'><strong>rtun,</strong></span> <span class='ocrx_word' id='word_1_401' title='bbox 2292 2621 2555 2672; x_wconf 76' lang='lat' dir='ltr'><strong>Ravenna:</strong></span> <span class='ocrx_word' id='word_1_402' title='bbox 2602 2626 2655 2671; x_wconf 84' lang='lat' dir='ltr'><strong>et</strong></span> <span class='ocrx_word' id='word_1_403' title='bbox 2707 2617 2924 2680; x_wconf 60' lang='lat' dir='ltr'><strong>caeteri;</strong></span> <span class='ocrx_word' id='word_1_404' title='bbox 2973 2602 3361 2679; x_wconf 64' lang='lat' dir='ltr'><strong>nonnunyuam</strong></span> <span class='ocrx_word' id='word_1_405' title='bbox 3417 2630 3544 2668; x_wconf 81' lang='lat' dir='ltr'><strong>vero</strong></span> <span class='ocrx_word' id='word_1_406' title='bbox 3590 2623 3639 2667; x_wconf 90' lang='lat' dir='ltr'><strong>et</strong></span> 
     </span>
    </p>
   </div>
   <div class='ocr_carea' id='block_1_58' title="bbox 2089 2707 3640 2776">
    <p class='ocr_par' dir='ltr' id='par_1_58' title="bbox 2089 2707 3640 2776">
     <span class='ocr_line' id='line_1_58' title="bbox 2089 2707 3640 2776; baseline -0.005 -12"><span class='ocrx_word' id='word_1_407' title='bbox 2089 2713 2176 2764; x_wconf 87' lang='lat' dir='ltr'><strong>alii</strong></span> <span class='ocrx_word' id='word_1_408' title='bbox 2219 2727 2232 2764; x_wconf 90' lang='lat'><strong>:</strong></span> <span class='ocrx_word' id='word_1_409' title='bbox 2264 2722 2325 2763; x_wconf 87' lang='lat' dir='ltr'><strong>ut</strong></span> <span class='ocrx_word' id='word_1_410' title='bbox 2350 2708 2689 2762; x_wconf 79' lang='lat' dir='ltr'><strong>manifestum</strong></span> <span class='ocrx_word' id='word_1_411' title='bbox 2723 2708 2791 2760; x_wconf 84' lang='lat' dir='ltr'><strong>sit</strong></span> <span class='ocrx_word' id='word_1_412' title='bbox 2822 2721 2914 2761; x_wconf 89' lang='lat' dir='ltr'><strong>eos</strong></span> <span class='ocrx_word' id='word_1_413' title='bbox 2938 2722 3055 2761; x_wconf 90' lang='lat' dir='ltr'><strong>esse</strong></span> <span class='ocrx_word' id='word_1_414' title='bbox 3087 2722 3236 2775; x_wconf 80' lang='lat' dir='ltr'><strong>papze</strong></span> <span class='ocrx_word' id='word_1_415' title='bbox 3262 2707 3483 2776; x_wconf 79' lang='lat' dir='ltr'><strong>legatos,</strong></span> <span class='ocrx_word' id='word_1_416' title='bbox 3511 2719 3640 2771; x_wconf 66' lang='lat' dir='ltr'><strong>quos</strong></span> 
     </span>
    </p>
   </div>
   <div class='ocr_carea' id='block_1_59' title="bbox 2089 2799 3641 2874">
    <p class='ocr_par' dir='ltr' id='par_1_59' title="bbox 2089 2799 3641 2874">
     <span class='ocr_line' id='line_1_59' title="bbox 2089 2799 3641 2874; baseline -0.007 -14"><span class='ocrx_word' id='word_1_417' title='bbox 2089 2803 2279 2874; x_wconf 84' lang='lat' dir='ltr'><strong>singuli</strong></span> <span class='ocrx_word' id='word_1_418' title='bbox 2322 2803 2529 2857; x_wconf 86' lang='lat' dir='ltr'><strong>illorum</strong></span> <span class='ocrx_word' id='word_1_419' title='bbox 2581 2801 2875 2871; x_wconf 80' lang='lat' dir='ltr'><strong>elegerunt,</strong></span> <span class='ocrx_word' id='word_1_420' title='bbox 2923 2815 3027 2854; x_wconf 90' lang='lat' dir='ltr'><strong>non</strong></span> <span class='ocrx_word' id='word_1_421' title='bbox 3077 2812 3252 2853; x_wconf 86' lang='lat' dir='ltr'><strong>tamen</strong></span> <span class='ocrx_word' id='word_1_422' title='bbox 3305 2816 3424 2853; x_wconf 89' lang='lat' dir='ltr'><strong>eum</strong></span> <span class='ocrx_word' id='word_1_423' title='bbox 3455 2799 3555 2851; x_wconf 88' lang='lat' dir='ltr'><strong>sub</strong></span> <span class='ocrx_word' id='word_1_424' title='bbox 3586 2812 3641 2849; x_wconf 84' lang='lat' dir='ltr'><strong>se</strong></span> 
     </span>
    </p>
   </div>
   <div class='ocr_carea' id='block_1_60' title="bbox 2090 2888 3640 2958">
    <p class='ocr_par' dir='ltr' id='par_1_60' title="bbox 2090 2888 3640 2958">
     <span class='ocr_line' id='line_1_60' title="bbox 2090 2888 3640 2958; baseline -0.008 -7"><span class='ocrx_word' id='word_1_425' title='bbox 2090 2897 2288 2951; x_wconf 88' lang='lat' dir='ltr'><strong>habere</strong></span> <span class='ocrx_word' id='word_1_426' title='bbox 2325 2904 2399 2948; x_wconf 88' lang='lat' dir='ltr'><strong>tot</strong></span> <span class='ocrx_word' id='word_1_427' title='bbox 2424 2902 2573 2947; x_wconf 83' lang='lat' dir='ltr'><strong>extra</strong></span> <span class='ocrx_word' id='word_1_428' title='bbox 2602 2905 2727 2947; x_wconf 87' lang='lat' dir='ltr'><strong>suos</strong></span> <span class='ocrx_word' id='word_1_429' title='bbox 2768 2891 2898 2945; x_wconf 83' lang='lat' dir='ltr'><strong>lines</strong></span> <span class='ocrx_word' id='word_1_430' title='bbox 2930 2892 3232 2958; x_wconf 83' lang='lat' dir='ltr'><strong>episcOpos,</strong></span> <span class='ocrx_word' id='word_1_431' title='bbox 3270 2899 3324 2942; x_wconf 81' lang='lat' dir='ltr'><strong>et</strong></span> <span class='ocrx_word' id='word_1_432' title='bbox 3351 2904 3443 2942; x_wconf 89' lang='lat' dir='ltr'><strong>eos</strong></span> <span class='ocrx_word' id='word_1_433' title='bbox 3493 2888 3640 2940; x_wconf 84' lang='lat' dir='ltr'><strong>ordi-</strong></span> 
     </span>
    </p>
   </div>
   <div class='ocr_carea' id='block_1_61' title="bbox 2091 2980 3641 3053">
    <p class='ocr_par' dir='ltr' id='par_1_61' title="bbox 2091 2980 3641 3053">
     <span class='ocr_line' id='line_1_61' title="bbox 2091 2980 3641 3053; baseline -0.005 -12"><span class='ocrx_word' id='word_1_434' title='bbox 2091 3005 2238 3042; x_wconf 88' lang='lat' dir='ltr'><strong>nare.</strong></span> <span class='ocrx_word' id='word_1_435' title='bbox 2274 2986 2340 3041; x_wconf 84' lang='lat' dir='ltr'><strong>Ut</strong></span> <span class='ocrx_word' id='word_1_436' title='bbox 2390 2997 2567 3040; x_wconf 88' lang='lat' dir='ltr'><strong>autem</strong></span> <span class='ocrx_word' id='word_1_437' title='bbox 2601 3000 2731 3053; x_wconf 84' lang='lat' dir='ltr'><strong>papa</strong></span> <span class='ocrx_word' id='word_1_438' title='bbox 2784 3000 2848 3037; x_wconf 84' lang='lat' dir='ltr'><strong>ex</strong></span> <span class='ocrx_word' id='word_1_439' title='bbox 2900 2983 3098 3036; x_wconf 89' lang='lat' dir='ltr'><strong>nostris</strong></span> <span class='ocrx_word' id='word_1_440' title='bbox 3141 2982 3298 3037; x_wconf 87' lang='lat' dir='ltr'><strong>etiam</strong></span> <span class='ocrx_word' id='word_1_441' title='bbox 3336 2980 3641 3050; x_wconf 81' lang='lat' dir='ltr'><strong>regionibus</strong></span> 
     </span>
    </p>
   </div>
   <div class='ocr_carea' id='block_1_62' title="bbox 430 3072 1987 3160">
    <p class='ocr_par' dir='ltr' id='par_1_62' title="bbox 430 3072 1985 3146">
     <span class='ocr_line' id='line_1_62' title="bbox 430 3072 1985 3146; baseline 0 -17"><span class='ocrx_word' id='word_1_442' title='bbox 430 3077 641 3141; x_wconf 76' lang='grc' dir='ltr'>ἄλλους.</span> <span class='ocrx_word' id='word_1_443' title='bbox 704 3077 790 3140; x_wconf 79' lang='grc' dir='ltr'>Ὠς</span> <span class='ocrx_word' id='word_1_444' title='bbox 835 3072 973 3130; x_wconf 75' lang='grc' dir='ltr'>εἶναι</span> <span class='ocrx_word' id='word_1_445' title='bbox 1011 3078 1166 3146; x_wconf 86' lang='grc' dir='ltr'>δῆλον</span> <span class='ocrx_word' id='word_1_446' title='bbox 1190 3078 1430 3140; x_wconf 84' lang='grc' dir='ltr'>ἐκείνους</span> <span class='ocrx_word' id='word_1_447' title='bbox 1459 3072 1598 3129; x_wconf 81' lang='grc' dir='ltr'>εἶναι</span> <span class='ocrx_word' id='word_1_448' title='bbox 1648 3076 1738 3130; x_wconf 77' lang='grc' dir='ltr'>τοῦ</span> <span class='ocrx_word' id='word_1_449' title='bbox 1785 3080 1985 3131; x_wconf 83' lang='grc' dir='ltr'>πάππα</span> 
     </span>
    </p>
   </div>
   <div class='ocr_carea' id='block_1_63' title="bbox 2083 3072 3642 3160">
    <p class='ocr_par' dir='ltr' id='par_1_63' title="bbox 2091 3073 3642 3147">
     <span class='ocr_line' id='line_1_63' title="bbox 2091 3073 3642 3147; baseline -0.006 -13"><span class='ocrx_word' id='word_1_450' title='bbox 2091 3081 2294 3147; x_wconf 73' lang='lat' dir='ltr'><strong>legatos</strong></span> <span class='ocrx_word' id='word_1_451' title='bbox 2326 3079 2571 3141; x_wconf 84' lang='lat' dir='ltr'><strong>haberet,</strong></span> <span class='ocrx_word' id='word_1_452' title='bbox 2626 3077 2983 3147; x_wconf 79' lang='lat' dir='ltr'><strong>excogitatum</strong></span> <span class='ocrx_word' id='word_1_453' title='bbox 3020 3086 3104 3130; x_wconf 90' lang='lat' dir='ltr'><strong>est</strong></span> <span class='ocrx_word' id='word_1_454' title='bbox 3148 3084 3366 3144; x_wconf 85' lang='lat' dir='ltr'><strong>pr0pter</strong></span> <span class='ocrx_word' id='word_1_455' title='bbox 3400 3074 3495 3127; x_wconf 69' lang='lat' dir='ltr'><strong>vim</strong></span> <span class='ocrx_word' id='word_1_456' title='bbox 3527 3073 3642 3126; x_wconf 79' lang='lat' dir='ltr'><strong>lon—</strong></span> 
     </span>
    </p>
   </div>
   <div class='ocr_carea' id='block_1_64' title="bbox 429 3169 1979 3238">
    <p class='ocr_par' dir='ltr' id='par_1_64' title="bbox 429 3169 1979 3238">
     <span class='ocr_line' id='line_1_64' title="bbox 429 3169 1979 3238; baseline 0.001 -17"><span class='ocrx_word' id='word_1_457' title='bbox 429 3170 715 3236; x_wconf 77' lang='grc' dir='ltr'>λεγάτους,</span> <span class='ocrx_word' id='word_1_458' title='bbox 770 3169 863 3232; x_wconf 80' lang='grc' dir='ltr'>οὓς</span> <span class='ocrx_word' id='word_1_459' title='bbox 919 3170 947 3221; x_wconf 86' lang='lat'><strong>6</strong></span> <span class='ocrx_word' id='word_1_460' title='bbox 1000 3169 1121 3222; x_wconf 80' lang='grc' dir='ltr'>καθ’</span> <span class='ocrx_word' id='word_1_461' title='bbox 1162 3170 1257 3221; x_wconf 74' lang='grc' dir='ltr'>ἕνα</span> <span class='ocrx_word' id='word_1_462' title='bbox 1300 3170 1506 3222; x_wconf 88' lang='grc' dir='ltr'>τούτων</span> <span class='ocrx_word' id='word_1_463' title='bbox 1558 3169 1868 3238; x_wconf 80' lang='grc' dir='ltr'>ᾑρετξσατο,</span> <span class='ocrx_word' id='word_1_464' title='bbox 1920 3171 1979 3222; x_wconf 86' lang='grc' dir='ltr'><strong>ού</strong></span> 
     </span>
    </p>
   </div>
   <div class='ocr_carea' id='block_1_65' title="bbox 432 3261 1982 3332">
    <p class='ocr_par' dir='ltr' id='par_1_65' title="bbox 432 3261 1982 3332">
     <span class='ocr_line' id='line_1_65' title="bbox 432 3261 1982 3332; baseline 0 -18"><span class='ocrx_word' id='word_1_465' title='bbox 432 3263 540 3330; x_wconf 76' lang='grc' dir='ltr'>μὴν</span> <span class='ocrx_word' id='word_1_466' title='bbox 604 3262 749 3332; x_wconf 73' lang='grc' dir='ltr'>ἔχειν</span> <span class='ocrx_word' id='word_1_467' title='bbox 791 3261 1079 3323; x_wconf 76' lang='grc' dir='ltr'>τοσούτους</span> <span class='ocrx_word' id='word_1_468' title='bbox 1138 3262 1462 3331; x_wconf 84' lang='grc' dir='ltr'>ὑπερορίους</span> <span class='ocrx_word' id='word_1_469' title='bbox 1512 3264 1843 3324; x_wconf 81' lang='grc' dir='ltr'>ἐπισκόπους</span> <span class='ocrx_word' id='word_1_470' title='bbox 1893 3263 1982 3330; x_wconf 72' lang='grc' dir='ltr'><strong>ὑφ’</strong></span> 
     </span>
    </p>
   </div>
   <div class='ocr_carea' id='block_1_66' title="bbox 428 3356 1983 3427">
    <p class='ocr_par' dir='ltr' id='par_1_66' title="bbox 428 3356 1983 3427">
     <span class='ocr_line' id='line_1_66' title="bbox 428 3356 1983 3427; baseline -0.001 -19"><span class='ocrx_word' id='word_1_471' title='bbox 428 3357 643 3416; x_wconf 75' lang='grc' dir='ltr'>ἑαυτὸν,</span> <span class='ocrx_word' id='word_1_472' title='bbox 696 3358 789 3410; x_wconf 71' lang='grc' dir='ltr'>καὶ</span> <span class='ocrx_word' id='word_1_473' title='bbox 839 3357 1165 3425; x_wconf 82' lang='grc' dir='ltr'>χειροτονεῖν</span> <span class='ocrx_word' id='word_1_474' title='bbox 1212 3356 1453 3419; x_wconf 87' lang='grc' dir='ltr'>τούτους,</span> <span class='ocrx_word' id='word_1_475' title='bbox 1495 3358 1568 3409; x_wconf 86' lang='grc' dir='ltr'><strong>Τὸ</strong></span> <span class='ocrx_word' id='word_1_476' title='bbox 1596 3358 1651 3410; x_wconf 79' lang='grc' dir='ltr'>δὲ</span> <span class='ocrx_word' id='word_1_477' title='bbox 1697 3359 1842 3427; x_wconf 78' lang='grc' dir='ltr'>ἔχειν</span> <span class='ocrx_word' id='word_1_478' title='bbox 1894 3357 1983 3409; x_wconf 78' lang='grc' dir='ltr'><strong>τὸν</strong></span> 
     </span>
    </p>
   </div>
   <div class='ocr_carea' id='block_1_67' title="bbox 2088 3166 3645 3241">
    <p class='ocr_par' dir='ltr' id='par_1_67' title="bbox 2088 3166 3645 3241">
     <span class='ocr_line' id='line_1_67' title="bbox 2088 3166 3645 3241; baseline -0.004 -15"><span class='ocrx_word' id='word_1_479' title='bbox 2088 3173 2403 3241; x_wconf 77' lang='lat' dir='ltr'><strong>gitudinem.</strong></span> <span class='ocrx_word' id='word_1_480' title='bbox 2451 3171 2508 3225; x_wconf 88' lang='lat' dir='ltr'><strong>Si</strong></span> <span class='ocrx_word' id='word_1_481' title='bbox 2556 3172 2635 3225; x_wconf 88' lang='lat' dir='ltr'><strong>vis</strong></span> <span class='ocrx_word' id='word_1_482' title='bbox 2682 3186 2813 3237; x_wconf 84' lang='lat' dir='ltr'><strong>ergo</strong></span> <span class='ocrx_word' id='word_1_483' title='bbox 2862 3170 2925 3223; x_wconf 88' lang='lat' dir='ltr'><strong>de</strong></span> <span class='ocrx_word' id='word_1_484' title='bbox 2976 3169 3060 3223; x_wconf 90' lang='lat' dir='ltr'><strong>bis</strong></span> <span class='ocrx_word' id='word_1_485' title='bbox 3092 3167 3260 3223; x_wconf 76' lang='lat' dir='ltr'><strong>iusius</strong></span> <span class='ocrx_word' id='word_1_486' title='bbox 3295 3167 3497 3225; x_wconf 87' lang='lat' dir='ltr'><strong>audire.</strong></span> <span class='ocrx_word' id='word_1_487' title='bbox 3531 3166 3645 3234; x_wconf 78' lang='lat' dir='ltr'><strong>lego</strong></span> 
     </span>
    </p>
   </div>
   <div class='ocr_carea' id='block_1_68' title="bbox 2090 3258 3641 3333">
    <p class='ocr_par' dir='ltr' id='par_1_68' title="bbox 2090 3258 3641 3333">
     <span class='ocr_line' id='line_1_68' title="bbox 2090 3258 3641 3333; baseline -0.005 -16"><span class='ocrx_word' id='word_1_488' title='bbox 2090 3268 2318 3333; x_wconf 90' lang='lat' dir='ltr'><strong>primum</strong></span> <span class='ocrx_word' id='word_1_489' title='bbox 2369 3280 2397 3317; x_wconf 89' lang='lat' dir='ltr'><strong>a</strong></span> <span class='ocrx_word' id='word_1_490' title='bbox 2444 3265 2795 3319; x_wconf 88' lang='lat' dir='ltr'><strong>Constantino</strong></span> <span class='ocrx_word' id='word_1_491' title='bbox 2855 3260 3067 3316; x_wconf 65' lang='lat' dir='ltr'><strong>Ctesare</strong></span> <span class='ocrx_word' id='word_1_492' title='bbox 3140 3262 3355 3327; x_wconf 77' lang='lat' dir='ltr'><strong>scriptu:</strong></span> <span class='ocrx_word' id='word_1_493' title='bbox 3411 3258 3641 3312; x_wconf 65' lang='lat' dir='ltr'><strong>historiae</strong></span> 
     </span>
    </p>
   </div>
   <div class='ocr_carea' id='block_1_69' title="bbox 2089 3365 2269 3425">
    <p class='ocr_par' dir='ltr' id='par_1_69' title="bbox 2089 3365 2269 3425">
     <span class='ocr_line' id='line_1_69' title="bbox 2089 3365 2269 3425; baseline -0.006 -15"><span class='ocrx_word' id='word_1_494' title='bbox 2089 3365 2269 3425; x_wconf 80' lang='lat' dir='ltr'><strong>caput.</strong></span> 
     </span>
    </p>
   </div>
   <div class='ocr_carea' id='block_1_70' title="bbox 431 3439 3641 3524">
    <p class='ocr_par' dir='ltr' id='par_1_70' title="bbox 431 3439 3641 3524">
     <span class='ocr_line' id='line_1_70' title="bbox 431 3439 3641 3524; baseline -0.001 -23"><span class='ocrx_word' id='word_1_495' title='bbox 431 3451 666 3503; x_wconf 70' lang='grc' dir='ltr'>πάππαν</span> <span class='ocrx_word' id='word_1_496' title='bbox 687 3450 942 3517; x_wconf 84' lang='grc' dir='ltr'>λεγάτους</span> <span class='ocrx_word' id='word_1_497' title='bbox 969 3452 1119 3513; x_wconf 84' lang='grc' dir='ltr'>τινὰς</span> <span class='ocrx_word' id='word_1_498' title='bbox 1141 3451 1231 3503; x_wconf 73' lang='grc' dir='ltr'>καὶ</span> <span class='ocrx_word' id='word_1_499' title='bbox 1256 3452 1363 3503; x_wconf 77' lang='grc' dir='ltr'><strong>ἀπὸ</strong></span> <span class='ocrx_word' id='word_1_500' title='bbox 1391 3451 1489 3520; x_wconf 81' lang='grc' dir='ltr'>τῆς</span> <span class='ocrx_word' id='word_1_501' title='bbox 1522 3454 1791 3524; x_wconf 80' lang='grc' dir='ltr'>ἡμετέρας</span> <span class='ocrx_word' id='word_1_502' title='bbox 1812 3453 2019 3521; x_wconf 85' lang='grc' dir='ltr'>ἐνορίας</span> <span class='ocrx_word' id='word_1_503' title='bbox 2076 3453 2342 3521; x_wconf 72' lang='grc' dir='ltr'>ἐπενοήθη</span> <span class='ocrx_word' id='word_1_504' title='bbox 2391 3452 2476 3504; x_wconf 75' lang='grc' dir='ltr'>διὰ</span> <span class='ocrx_word' id='word_1_505' title='bbox 2521 3452 2585 3505; x_wconf 80' lang='grc' dir='ltr'>τὸ</span> <span class='ocrx_word' id='word_1_506' title='bbox 2667 3451 2838 3520; x_wconf 72' lang='grc' dir='ltr'>μῆκος</span> <span class='ocrx_word' id='word_1_507' title='bbox 2907 3450 3010 3516; x_wconf 84' lang='grc' dir='ltr'>τ’ής</span> <span class='ocrx_word' id='word_1_508' title='bbox 3057 3445 3199 3500; x_wconf 77' lang='grc' dir='ltr'>ὁδοῦ.</span> <span class='ocrx_word' id='word_1_509' title='bbox 3246 3446 3307 3498; x_wconf 75' lang='grc' dir='ltr'>Εἰ</span> <span class='ocrx_word' id='word_1_510' title='bbox 3355 3444 3524 3507; x_wconf 79' lang='grc' dir='ltr'>θέλεις</span> <span class='ocrx_word' id='word_1_511' title='bbox 3551 3439 3641 3500; x_wconf 78' lang='grc' dir='ltr'>οὖν</span> 
     </span>
    </p>
   </div>
   <div class='ocr_carea' id='block_1_71' title="bbox 429 3539 3641 3613">
    <p class='ocr_par' dir='ltr' id='par_1_71' title="bbox 429 3539 3641 3613">
     <span class='ocr_line' id='line_1_71' title="bbox 429 3539 3641 3613; baseline -0.001 -20"><span class='ocrx_word' id='word_1_512' title='bbox 429 3540 623 3609; x_wconf 84' lang='grc' dir='ltr'>μαθεῖν</span> <span class='ocrx_word' id='word_1_513' title='bbox 672 3543 741 3594; x_wconf 79' lang='grc' dir='ltr'><strong>τὰ</strong></span> <span class='ocrx_word' id='word_1_514' title='bbox 783 3544 911 3610; x_wconf 75' lang='grc' dir='ltr'>περὶ</span> <span class='ocrx_word' id='word_1_515' title='bbox 957 3542 1151 3594; x_wconf 87' lang='grc' dir='ltr'>τούτου</span> <span class='ocrx_word' id='word_1_516' title='bbox 1184 3541 1537 3613; x_wconf 78' lang='grc' dir='ltr'>πλατύτερον,</span> <span class='ocrx_word' id='word_1_517' title='bbox 1587 3544 1857 3612; x_wconf 82' lang='grc' dir='ltr'>ἀνάγνωθι</span> <span class='ocrx_word' id='word_1_518' title='bbox 1912 3544 1971 3596; x_wconf 86' lang='grc' dir='ltr'>τὸ</span> <span class='ocrx_word' id='word_1_519' title='bbox 2030 3544 2245 3613; x_wconf 88' lang='grc' dir='ltr'>πρῶτον</span> <span class='ocrx_word' id='word_1_520' title='bbox 2290 3544 2389 3611; x_wconf 79' lang='grc' dir='ltr'>τῆς</span> <span class='ocrx_word' id='word_1_521' title='bbox 2452 3545 2602 3613; x_wconf 74' lang='grc' dir='ltr'>παρὰ</span> <span class='ocrx_word' id='word_1_522' title='bbox 2689 3541 2780 3595; x_wconf 84' lang='grc' dir='ltr'>τοῦ</span> <span class='ocrx_word' id='word_1_523' title='bbox 2836 3540 3159 3609; x_wconf 84' lang='grc' dir='ltr'>Καισαρέως</span> <span class='ocrx_word' id='word_1_524' title='bbox 3234 3539 3641 3592; x_wconf 75' lang='grc' dir='ltr'>Κωνσταντίνου</span> 
     </span>
    </p>
   </div>
   <div class='ocr_carea' id='block_1_72' title="bbox 430 3636 1128 3709">
    <p class='ocr_par' dir='ltr' id='par_1_72' title="bbox 430 3636 1128 3709">
     <span class='ocr_line' id='line_1_72' title="bbox 430 3636 1128 3709; baseline 0.009 -23"><span class='ocrx_word' id='word_1_525' title='bbox 430 3636 836 3706; x_wconf 78' lang='grc' dir='ltr'>συγγραφείσης</span> <span class='ocrx_word' id='word_1_526' title='bbox 869 3638 1128 3709; x_wconf 81' lang='grc' dir='ltr'>ἱστορίας.</span> 
     </span>
    </p>
   </div>
   <div class='ocr_carea' id='block_1_73' title="bbox 503 3730 1985 3802">
    <p class='ocr_par' dir='ltr' id='par_1_73' title="bbox 503 3730 1985 3802">
     <span class='ocr_line' id='line_1_73' title="bbox 503 3730 1985 3802; baseline 0.001 -19"><span class='ocrx_word' id='word_1_527' title='bbox 503 3730 746 3783; x_wconf 85' lang='grc' dir='ltr'><strong>ΖΩΝΔΡ.</strong></span> <span class='ocrx_word' id='word_1_528' title='bbox 815 3730 878 3781; x_wconf 81' lang='lat' dir='ltr'><strong>&#39;H</strong></span> <span class='ocrx_word' id='word_1_529' title='bbox 942 3730 1125 3800; x_wconf 80' lang='grc' dir='ltr'>γραφή</span> <span class='ocrx_word' id='word_1_530' title='bbox 1182 3731 1315 3801; x_wconf 79' lang='grc' dir='ltr'>αὕτη</span> <span class='ocrx_word' id='word_1_531' title='bbox 1381 3732 1665 3802; x_wconf 87' lang='grc' dir='ltr'>προοίμιόν</span> <span class='ocrx_word' id='word_1_532' title='bbox 1723 3734 1838 3785; x_wconf 83' lang='grc' dir='ltr'>ἐστι</span> <span class='ocrx_word' id='word_1_533' title='bbox 1886 3733 1985 3800; x_wconf 67' lang='grc' dir='ltr'>τῆς</span> 
     </span>
    </p>
   </div>
   <div class='ocr_carea' id='block_1_74' title="bbox 431 3821 1982 3892">
    <p class='ocr_par' dir='ltr' id='par_1_74' title="bbox 431 3821 1982 3892">
     <span class='ocr_line' id='line_1_74' title="bbox 431 3821 1982 3892; baseline 0.001 -19"><span class='ocrx_word' id='word_1_534' title='bbox 431 3823 752 3891; x_wconf 78' lang='grc' dir='ltr'>συγγραφῆς</span> <span class='ocrx_word' id='word_1_535' title='bbox 778 3821 887 3873; x_wconf 86' lang='grc' dir='ltr'><strong>τῶν</strong></span> <span class='ocrx_word' id='word_1_536' title='bbox 915 3822 1176 3884; x_wconf 87' lang='grc' dir='ltr'>κανόνων,</span> <span class='ocrx_word' id='word_1_537' title='bbox 1210 3823 1306 3876; x_wconf 72' lang='lat' dir='ltr'><strong>xui.</strong></span> <span class='ocrx_word' id='word_1_538' title='bbox 1333 3824 1469 3892; x_wconf 78' lang='grc' dir='ltr'>πρὸς</span> <span class='ocrx_word' id='word_1_539' title='bbox 1501 3823 1725 3892; x_wconf 83' lang='grc' dir='ltr'>βασιλέα</span> <span class='ocrx_word' id='word_1_540' title='bbox 1760 3825 1982 3875; x_wconf 87' lang='grc' dir='ltr'>Ἰουστι-</span> 
     </span>
    </p>
   </div>
   <div class='ocr_carea' id='block_1_75' title="bbox 430 3911 1985 3983">
    <p class='ocr_par' dir='ltr' id='par_1_75' title="bbox 430 3911 1985 3983">
     <span class='ocr_line' id='line_1_75' title="bbox 430 3911 1985 3983; baseline -0.003 -14"><span class='ocrx_word' id='word_1_541' title='bbox 430 3914 614 3969; x_wconf 75' lang='grc' dir='ltr'>νιανδν</span> <span class='ocrx_word' id='word_1_542' title='bbox 643 3912 735 3964; x_wconf 80' lang='grc' dir='ltr'>τὸν</span> <span class='ocrx_word' id='word_1_543' title='bbox 781 3911 1132 3981; x_wconf 83' lang='grc' dir='ltr'>Ῥινότμητον</span> <span class='ocrx_word' id='word_1_544' title='bbox 1168 3915 1233 3965; x_wconf 88' lang='grc' dir='ltr'><strong>ἐκ</strong></span> <span class='ocrx_word' id='word_1_545' title='bbox 1268 3914 1366 3982; x_wconf 83' lang='grc' dir='ltr'>τῆς</span> <span class='ocrx_word' id='word_1_546' title='bbox 1397 3914 1614 3966; x_wconf 81' lang='grc' dir='ltr'>συνόδου</span> <span class='ocrx_word' id='word_1_547' title='bbox 1660 3914 1985 3983; x_wconf 76' lang='grc' dir='ltr'>προσφώνη-</span> 
     </span>
    </p>
   </div>
   <div class='ocr_carea' id='block_1_76' title="bbox 431 4006 1987 4075">
    <p class='ocr_par' dir='ltr' id='par_1_76' title="bbox 431 4006 1987 4075">
     <span class='ocr_line' id='line_1_76' title="bbox 431 4006 1987 4075; baseline -0.001 -16"><span class='ocrx_word' id='word_1_548' title='bbox 431 4023 516 4069; x_wconf 90' lang='grc' dir='ltr'><strong>σις</strong></span> <span class='ocrx_word' id='word_1_549' title='bbox 545 4007 875 4075; x_wconf 84' lang='grc' dir='ltr'>διηγουμένη</span> <span class='ocrx_word' id='word_1_550' title='bbox 907 4006 1022 4068; x_wconf 88' lang='grc' dir='ltr'><strong>πῶς</strong></span> <span class='ocrx_word' id='word_1_551' title='bbox 1049 4007 1140 4058; x_wconf 79' lang='grc' dir='ltr'>καὶ</span> <span class='ocrx_word' id='word_1_552' title='bbox 1183 4006 1267 4059; x_wconf 73' lang='grc' dir='ltr'><strong>διὰ</strong></span> <span class='ocrx_word' id='word_1_553' title='bbox 1304 4006 1421 4058; x_wconf 79' lang='grc' dir='ltr'>τίνα</span> <span class='ocrx_word' id='word_1_554' title='bbox 1454 4008 1634 4059; x_wconf 83' lang='grc' dir='ltr'>αἰτίαν</span> <span class='ocrx_word' id='word_1_555' title='bbox 1675 4009 1706 4074; x_wconf 87' lang='grc' dir='ltr'>ἠ</span> <span class='ocrx_word' id='word_1_556' title='bbox 1740 4008 1836 4075; x_wconf 81' lang='grc' dir='ltr'>τῆς</span> <span class='ocrx_word' id='word_1_557' title='bbox 1863 4025 1987 4059; x_wconf 84' lang='grc' dir='ltr'>συν-</span> 
     </span>
    </p>
   </div>
   <div class='ocr_carea' id='block_1_77' title="bbox 430 4095 1983 4167">
    <p class='ocr_par' dir='ltr' id='par_1_77' title="bbox 430 4095 1983 4167">
     <span class='ocr_line' id='line_1_77' title="bbox 430 4095 1983 4167; baseline -0.001 -17"><span class='ocrx_word' id='word_1_558' title='bbox 430 4096 549 4150; x_wconf 83' lang='grc' dir='ltr'>όδου</span> <span class='ocrx_word' id='word_1_559' title='bbox 593 4095 793 4165; x_wconf 81' lang='grc' dir='ltr'>ταύτης</span> <span class='ocrx_word' id='word_1_560' title='bbox 846 4096 1181 4164; x_wconf 81' lang='grc' dir='ltr'>συνάθροισις</span> <span class='ocrx_word' id='word_1_561' title='bbox 1210 4096 1400 4163; x_wconf 74' lang='grc' dir='ltr'>γέγονε</span> <span class='ocrx_word' id='word_1_562' title='bbox 1444 4096 1681 4148; x_wconf 84' lang='grc' dir='ltr'>κελεύσει</span> <span class='ocrx_word' id='word_1_563' title='bbox 1712 4096 1983 4167; x_wconf 81' lang='grc' dir='ltr'>βασιλικῇ,</span> 
     </span>
    </p>
   </div>
   <div class='ocr_carea' id='block_1_78' title="bbox 431 4182 1981 4258">
    <p class='ocr_par' dir='ltr' id='par_1_78' title="bbox 431 4182 1981 4258">
     <span class='ocr_line' id='line_1_78' title="bbox 431 4182 1981 4258; baseline 0 -18"><span class='ocrx_word' id='word_1_564' title='bbox 431 4189 525 4241; x_wconf 73' lang='grc' dir='ltr'>καὶ</span> <span class='ocrx_word' id='word_1_565' title='bbox 571 4188 651 4240; x_wconf 77' lang='grc' dir='ltr'>ὅτι</span> <span class='ocrx_word' id='word_1_566' title='bbox 708 4186 803 4239; x_wconf 91' lang='grc' dir='ltr'><strong>δύο</strong></span> <span class='ocrx_word' id='word_1_567' title='bbox 853 4182 1225 4256; x_wconf 69' lang='grc' dir='ltr'>οἱκουμενικαὶ</span> <span class='ocrx_word' id='word_1_568' title='bbox 1272 4186 1505 4252; x_wconf 79' lang='grc' dir='ltr'>σύνοδοι,</span> <span class='ocrx_word' id='word_1_569' title='bbox 1558 4188 1591 4256; x_wconf 84' lang='grc' dir='ltr'>ἦ</span> <span class='ocrx_word' id='word_1_570' title='bbox 1645 4204 1703 4238; x_wconf 92' lang='grc' dir='ltr'><strong>τε</strong></span> <span class='ocrx_word' id='word_1_571' title='bbox 1757 4189 1981 4258; x_wconf 84' lang='grc' dir='ltr'>πέμπτη</span> 
     </span>
    </p>
   </div>
   <div class='ocr_carea' id='block_1_79' title="bbox 431 4277 1982 4348">
    <p class='ocr_par' dir='ltr' id='par_1_79' title="bbox 431 4277 1982 4348">
     <span class='ocr_line' id='line_1_79' title="bbox 431 4277 1982 4348; baseline -0.001 -16"><span class='ocrx_word' id='word_1_572' title='bbox 431 4279 633 4348; x_wconf 82' lang='grc' dir='ltr'>δηλαδὴ</span> <span class='ocrx_word' id='word_1_573' title='bbox 658 4279 748 4331; x_wconf 72' lang='grc' dir='ltr'>καὶ</span> <span class='ocrx_word' id='word_1_574' title='bbox 790 4280 823 4347; x_wconf 78' lang='grc' dir='ltr'><strong>ἠ</strong></span> <span class='ocrx_word' id='word_1_575' title='bbox 864 4277 1019 4345; x_wconf 76' lang='grc' dir='ltr'>ἕκτη,</span> <span class='ocrx_word' id='word_1_576' title='bbox 1058 4280 1089 4346; x_wconf 88' lang='grc' dir='ltr'><strong>ή</strong></span> <span class='ocrx_word' id='word_1_577' title='bbox 1124 4279 1223 4347; x_wconf 79' lang='grc' dir='ltr'>μὲν</span> <span class='ocrx_word' id='word_1_578' title='bbox 1263 4279 1356 4330; x_wconf 79' lang='grc' dir='ltr'>ἐπὶ</span> <span class='ocrx_word' id='word_1_579' title='bbox 1400 4278 1499 4346; x_wconf 78' lang='grc' dir='ltr'>τῆς</span> <span class='ocrx_word' id='word_1_580' title='bbox 1542 4278 1815 4346; x_wconf 79' lang='grc' dir='ltr'>βασιλείας</span> <span class='ocrx_word' id='word_1_581' title='bbox 1856 4278 1982 4331; x_wconf 84' lang='grc' dir='ltr'>Ἰου-</span> 
     </span>
    </p>
   </div>
   <div class='ocr_carea' id='block_1_80' title="bbox 432 4367 1980 4439">
    <p class='ocr_par' dir='ltr' id='par_1_80' title="bbox 432 4367 1980 4439">
     <span class='ocr_line' id='line_1_80' title="bbox 432 4367 1980 4439; baseline 0 -18"><span class='ocrx_word' id='word_1_582' title='bbox 432 4368 703 4422; x_wconf 84' lang='grc' dir='ltr'>στινιανοῦ</span> <span class='ocrx_word' id='word_1_583' title='bbox 739 4367 828 4420; x_wconf 83' lang='grc' dir='ltr'>τοῦ</span> <span class='ocrx_word' id='word_1_584' title='bbox 860 4368 1096 4437; x_wconf 80' lang='grc' dir='ltr'>μεγάλου</span> <span class='ocrx_word' id='word_1_585' title='bbox 1130 4370 1394 4431; x_wconf 80' lang='grc' dir='ltr'>συστᾶσα,</span> <span class='ocrx_word' id='word_1_586' title='bbox 1428 4372 1460 4438; x_wconf 79' lang='grc' dir='ltr'>ἡ</span> <span class='ocrx_word' id='word_1_587' title='bbox 1503 4369 1557 4422; x_wconf 83' lang='grc' dir='ltr'>δὲ</span> <span class='ocrx_word' id='word_1_588' title='bbox 1606 4370 1980 4439; x_wconf 81' lang='grc' dir='ltr'>βασιλεύοντος</span> 
     </span>
    </p>
   </div>
   <div class='ocr_carea' id='block_1_81' title="bbox 436 4450 2057 4531">
    <p class='ocr_par' dir='ltr' id='par_1_81' title="bbox 436 4450 2057 4531">
     <span class='ocr_line' id='line_1_81' title="bbox 436 4450 2057 4531; baseline -0.001 -17"><span class='ocrx_word' id='word_1_589' title='bbox 436 4462 837 4514; x_wconf 78' lang='grc' dir='ltr'>Κωνσταντίνου</span> <span class='ocrx_word' id='word_1_590' title='bbox 868 4460 963 4512; x_wconf 81' lang='grc' dir='ltr'>τοῦ</span> <span class='ocrx_word' id='word_1_591' title='bbox 1002 4460 1360 4525; x_wconf 83' lang='grc' dir='ltr'>Πωγωνάτου,</span> <span class='ocrx_word' id='word_1_592' title='bbox 1410 4460 1467 4523; x_wconf 86' lang='grc' dir='ltr'><strong>δς</strong></span> <span class='ocrx_word' id='word_1_593' title='bbox 1518 4457 1585 4531; x_wconf 86' lang='grc' dir='ltr'>ἦν</span> <span class='ocrx_word' id='word_1_594' title='bbox 1641 4461 1819 4531; x_wconf 82' lang='grc' dir='ltr'>πατὴρ</span> <span class='ocrx_word' id='word_1_595' title='bbox 1863 4462 1977 4527; x_wconf 78' lang='grc' dir='ltr'>τοῦ,</span> <span class='ocrx_word' id='word_1_596' title='bbox 2014 4450 2057 4505; x_wconf 75' lang='grc' dir='ltr'><strong>Ι)</strong></span> 
     </span>
    </p>
   </div>
   <div class='ocr_carea' id='block_1_82' title="bbox 433 4550 1977 4622">
    <p class='ocr_par' dir='ltr' id='par_1_82' title="bbox 433 4550 1977 4622">
     <span class='ocr_line' id='line_1_82' title="bbox 433 4550 1977 4622; baseline 0.001 -19"><span class='ocrx_word' id='word_1_597' title='bbox 433 4552 565 4622; x_wconf 72' lang='grc' dir='ltr'>πρὸς</span> <span class='ocrx_word' id='word_1_598' title='bbox 594 4552 653 4605; x_wconf 81' lang='grc' dir='ltr'>ὃν</span> <span class='ocrx_word' id='word_1_599' title='bbox 678 4555 705 4605; x_wconf 92' lang='lat'><strong>6</strong></span> <span class='ocrx_word' id='word_1_600' title='bbox 736 4552 911 4617; x_wconf 85' lang='grc' dir='ltr'>λόγος,</span> <span class='ocrx_word' id='word_1_601' title='bbox 944 4550 1206 4620; x_wconf 86' lang='grc' dir='ltr'>βασιλέως</span> <span class='ocrx_word' id='word_1_602' title='bbox 1248 4550 1629 4604; x_wconf 79' lang='grc' dir='ltr'>Ἰουστινιανοῦ</span> <span class='ocrx_word' id='word_1_603' title='bbox 1668 4550 1761 4603; x_wconf 77' lang='grc' dir='ltr'><strong>τοῦ</strong></span> <span class='ocrx_word' id='word_1_604' title='bbox 1806 4553 1977 4604; x_wconf 79' lang='grc' dir='ltr'>Ῥινο-</span> 
     </span>
    </p>
   </div>
   <div class='ocr_carea' id='block_1_83' title="bbox 438 4642 1981 4713">
    <p class='ocr_par' dir='ltr' id='par_1_83' title="bbox 438 4642 1981 4713">
     <span class='ocr_line' id='line_1_83' title="bbox 438 4642 1981 4713; baseline 0 -17"><span class='ocrx_word' id='word_1_605' title='bbox 438 4644 661 4713; x_wconf 79' lang='grc' dir='ltr'>τμήτου,</span> <span class='ocrx_word' id='word_1_606' title='bbox 688 4644 817 4713; x_wconf 68' lang='grc' dir='ltr'>περὶ</span> <span class='ocrx_word' id='word_1_607' title='bbox 850 4644 1133 4712; x_wconf 81' lang='grc' dir='ltr'>δογμάτων</span> <span class='ocrx_word' id='word_1_608' title='bbox 1165 4644 1418 4712; x_wconf 77' lang='grc' dir='ltr'>ζητήσεις</span> <span class='ocrx_word' id='word_1_609' title='bbox 1446 4645 1539 4695; x_wconf 72' lang='grc' dir='ltr'>καὶ</span> <span class='ocrx_word' id='word_1_610' title='bbox 1564 4642 1774 4713; x_wconf 72' lang='grc' dir='ltr'>ψήφους</span> <span class='ocrx_word' id='word_1_611' title='bbox 1795 4645 1981 4713; x_wconf 85' lang='grc' dir='ltr'>ἐποιή-</span> 
     </span>
    </p>
   </div>
   <div class='ocr_carea' id='block_1_84' title="bbox 436 4736 1981 4804">
    <p class='ocr_par' dir='ltr' id='par_1_84' title="bbox 436 4736 1981 4804">
     <span class='ocr_line' id='line_1_84' title="bbox 436 4736 1981 4804; baseline 0.002 -17"><span class='ocrx_word' id='word_1_612' title='bbox 436 4754 612 4802; x_wconf 68' lang='grc' dir='ltr'>σαντο,</span> <span class='ocrx_word' id='word_1_613' title='bbox 644 4738 869 4799; x_wconf 86' lang='grc' dir='ltr'>κανόνας</span> <span class='ocrx_word' id='word_1_614' title='bbox 902 4737 979 4800; x_wconf 82' lang='grc' dir='ltr'>δὲ,</span> <span class='ocrx_word' id='word_1_615' title='bbox 1017 4737 1091 4798; x_wconf 85' lang='grc' dir='ltr'>ὼς</span> <span class='ocrx_word' id='word_1_616' title='bbox 1120 4738 1174 4788; x_wconf 76' lang='grc' dir='ltr'>αἱ</span> <span class='ocrx_word' id='word_1_617' title='bbox 1215 4736 1582 4804; x_wconf 74' lang='grc' dir='ltr'>προλαϐοῦσαι</span> <span class='ocrx_word' id='word_1_618' title='bbox 1618 4737 1842 4799; x_wconf 77' lang='grc' dir='ltr'>σύνοδοι,</span> <span class='ocrx_word' id='word_1_619' title='bbox 1884 4739 1981 4790; x_wconf 89' lang='grc' dir='ltr'><strong>ούκ</strong></span> 
     </span>
    </p>
   </div>
   <div class='ocr_carea' id='block_1_85' title="bbox 438 4827 1982 4897">
    <p class='ocr_par' dir='ltr' id='par_1_85' title="bbox 438 4827 1982 4897">
     <span class='ocr_line' id='line_1_85' title="bbox 438 4827 1982 4897; baseline 0 -18"><span class='ocrx_word' id='word_1_620' title='bbox 438 4828 676 4891; x_wconf 65' lang='grc' dir='ltr'>ἐξέθεντο</span> <span class='ocrx_word' id='word_1_621' title='bbox 719 4829 798 4891; x_wconf 78' lang='grc' dir='ltr'>εἰς</span> <span class='ocrx_word' id='word_1_622' title='bbox 861 4829 1196 4881; x_wconf 86' lang='grc' dir='ltr'>κατάστασιν</span> <span class='ocrx_word' id='word_1_623' title='bbox 1248 4827 1721 4897; x_wconf 80' lang='grc' dir='ltr'>ἐκκλησιαστικὴν,</span> <span class='ocrx_word' id='word_1_624' title='bbox 1776 4830 1867 4881; x_wconf 69' lang='grc' dir='ltr'>καὶ</span> <span class='ocrx_word' id='word_1_625' title='bbox 1905 4832 1982 4890; x_wconf 82' lang='grc' dir='ltr'><strong>εἰς</strong></span> 
     </span>
    </p>
   </div>
   <div class='ocr_carea' id='block_1_86' title="bbox 439 4919 1981 4988">
    <p class='ocr_par' dir='ltr' id='par_1_86' title="bbox 439 4919 1981 4988">
     <span class='ocr_line' id='line_1_86' title="bbox 439 4919 1981 4988; baseline -0.001 -18"><span class='ocrx_word' id='word_1_626' title='bbox 439 4919 695 4986; x_wconf 64' lang='grc' dir='ltr'>ὲιιρελειαν</span> <span class='ocrx_word' id='word_1_627' title='bbox 721 4920 813 4972; x_wconf 78' lang='grc' dir='ltr'>τοῦ</span> <span class='ocrx_word' id='word_1_628' title='bbox 847 4922 1036 4972; x_wconf 84' lang='grc' dir='ltr'>πιστοῦ</span> <span class='ocrx_word' id='word_1_629' title='bbox 1088 4919 1240 4971; x_wconf 78' lang='grc' dir='ltr'>λαοῦ.</span> <span class='ocrx_word' id='word_1_630' title='bbox 1308 4920 1421 4971; x_wconf 68' lang='grc' dir='ltr'><strong>Καὶ</strong></span> <span class='ocrx_word' id='word_1_631' title='bbox 1452 4920 1538 4971; x_wconf 81' lang='grc' dir='ltr'>διὰ</span> <span class='ocrx_word' id='word_1_632' title='bbox 1571 4920 1732 4972; x_wconf 75' lang='grc' dir='ltr'>τοῦτο</span> <span class='ocrx_word' id='word_1_633' title='bbox 1765 4922 1981 4988; x_wconf 62' lang='grc' dir='ltr'>φροντὶς</span> 
     </span>
    </p>
   </div>
   <div class='ocr_carea' id='block_1_87' title="bbox 443 5010 1979 5081">
    <p class='ocr_par' dir='ltr' id='par_1_87' title="bbox 443 5010 1979 5081">
     <span class='ocr_line' id='line_1_87' title="bbox 443 5010 1979 5081; baseline 0 -20"><span class='ocrx_word' id='word_1_634' title='bbox 443 5010 507 5081; x_wconf 75' lang='grc' dir='ltr'><strong>τῷ</strong></span> <span class='ocrx_word' id='word_1_635' title='bbox 560 5012 831 5081; x_wconf 83' lang='grc' dir='ltr'>εἰρημένῳ</span> <span class='ocrx_word' id='word_1_636' title='bbox 877 5013 1067 5079; x_wconf 79' lang='grc' dir='ltr'>γέγονε</span> <span class='ocrx_word' id='word_1_637' title='bbox 1106 5012 1334 5080; x_wconf 84' lang='grc' dir='ltr'>βασιλεῖ,</span> <span class='ocrx_word' id='word_1_638' title='bbox 1386 5011 1473 5062; x_wconf 81' lang='grc' dir='ltr'>ἵνα</span> <span class='ocrx_word' id='word_1_639' title='bbox 1512 5012 1585 5078; x_wconf 78' lang='grc' dir='ltr'>μὴ</span> <span class='ocrx_word' id='word_1_640' title='bbox 1643 5012 1833 5080; x_wconf 72' lang='grc' dir='ltr'>ἀγνοίᾳ</span> <span class='ocrx_word' id='word_1_641' title='bbox 1886 5010 1979 5061; x_wconf 79' lang='grc' dir='ltr'>τοῦ</span> 
     </span>
    </p>
   </div>
   <div class='ocr_carea' id='block_1_88' title="bbox 440 5102 1980 5172">
    <p class='ocr_par' dir='ltr' id='par_1_88' title="bbox 440 5102 1980 5172">
     <span class='ocr_line' id='line_1_88' title="bbox 440 5102 1980 5172; baseline 0 -19"><span class='ocrx_word' id='word_1_642' title='bbox 440 5104 801 5172; x_wconf 68' lang='grc' dir='ltr'>προσήκοντος</span> <span class='ocrx_word' id='word_1_643' title='bbox 864 5103 1289 5155; x_wconf 80' lang='grc' dir='ltr'>ἀποπλανῶνται</span> <span class='ocrx_word' id='word_1_644' title='bbox 1347 5104 1449 5170; x_wconf 84' lang='grc' dir='ltr'>τῆς</span> <span class='ocrx_word' id='word_1_645' title='bbox 1508 5102 1764 5171; x_wconf 83' lang='grc' dir='ltr'>ἐναρέτου</span> <span class='ocrx_word' id='word_1_646' title='bbox 1839 5102 1980 5170; x_wconf 73' lang='grc' dir='ltr'>ζωῆς</span> 
     </span>
    </p>
   </div>
   <div class='ocr_carea' id='block_1_89' title="bbox 438 5191 1979 5266">
    <p class='ocr_par' dir='ltr' id='par_1_89' title="bbox 438 5191 1979 5266">
     <span class='ocr_line' id='line_1_89' title="bbox 438 5191 1979 5266; baseline -0.001 -21"><span class='ocrx_word' id='word_1_647' title='bbox 438 5196 477 5245; x_wconf 72' lang='grc' dir='ltr'><strong>λὶ</strong></span> <span class='ocrx_word' id='word_1_648' title='bbox 533 5193 671 5252; x_wconf 73' lang='grc' dir='ltr'>λαοὶ.</span> <span class='ocrx_word' id='word_1_649' title='bbox 739 5195 832 5245; x_wconf 77' lang='grc' dir='ltr'>καὶ</span> <span class='ocrx_word' id='word_1_650' title='bbox 885 5194 1020 5266; x_wconf 83' lang='grc' dir='ltr'>πρὸς</span> <span class='ocrx_word' id='word_1_651' title='bbox 1075 5193 1363 5262; x_wconf 75' lang='grc' dir='ltr'>ἀδιάφορον</span> <span class='ocrx_word' id='word_1_652' title='bbox 1418 5192 1716 5244; x_wconf 88' lang='grc' dir='ltr'>ἐκκλίνοιεν</span> <span class='ocrx_word' id='word_1_653' title='bbox 1775 5191 1979 5261; x_wconf 70' lang='grc' dir='ltr'>βιοτὴν,</span> 
     </span>
    </p>
   </div>
   <div class='ocr_carea' id='block_1_90' title="bbox 436 5286 1980 5357">
    <p class='ocr_par' dir='ltr' id='par_1_90' title="bbox 436 5286 1980 5357">
     <span class='ocr_line' id='line_1_90' title="bbox 436 5286 1980 5357; baseline 0 -21"><span class='ocrx_word' id='word_1_654' title='bbox 436 5287 525 5337; x_wconf 64' lang='grc' dir='ltr'>καὶ</span> <span class='ocrx_word' id='word_1_655' title='bbox 584 5287 736 5349; x_wconf 81' lang='grc' dir='ltr'>τέλος</span> <span class='ocrx_word' id='word_1_656' title='bbox 772 5289 925 5355; x_wconf 80' lang='grc' dir='ltr'>πρὸς</span> <span class='ocrx_word' id='word_1_657' title='bbox 994 5286 1055 5340; x_wconf 84' lang='grc' dir='ltr'>τὸ</span> <span class='ocrx_word' id='word_1_658' title='bbox 1112 5288 1210 5357; x_wconf 84' lang='grc' dir='ltr'>τῆς</span> <span class='ocrx_word' id='word_1_659' title='bbox 1269 5286 1464 5347; x_wconf 82' lang='grc' dir='ltr'>κακίας</span> <span class='ocrx_word' id='word_1_660' title='bbox 1527 5286 1980 5338; x_wconf 79' lang='grc' dir='ltr'>κατολισθαίνοιεν</span> 
     </span>
    </p>
   </div>
   <div class='ocr_carea' id='block_1_91' title="bbox 436 5379 1983 5451">
    <p class='ocr_par' dir='ltr' id='par_1_91' title="bbox 436 5379 1983 5451">
     <span class='ocr_line' id='line_1_91' title="bbox 436 5379 1983 5451; baseline -0.001 -20"><span class='ocrx_word' id='word_1_661' title='bbox 436 5379 718 5449; x_wconf 67' lang='grc' dir='ltr'>βάραθρον.</span> <span class='ocrx_word' id='word_1_662' title='bbox 780 5382 1151 5451; x_wconf 78' lang='grc' dir='ltr'>Ἀθροισθῆναι</span> <span class='ocrx_word' id='word_1_663' title='bbox 1192 5380 1284 5434; x_wconf 78' lang='grc' dir='ltr'>οὖν</span> <span class='ocrx_word' id='word_1_664' title='bbox 1333 5380 1548 5433; x_wconf 88' lang='grc' dir='ltr'>σύνοδον</span> <span class='ocrx_word' id='word_1_665' title='bbox 1603 5379 1790 5447; x_wconf 79' lang='grc' dir='ltr'>ὥρισε,</span> <span class='ocrx_word' id='word_1_666' title='bbox 1854 5380 1983 5431; x_wconf 72' lang='grc' dir='ltr'>κ’ἁν-</span> 
     </span>
    </p>
   </div>
   <div class='ocr_carea' id='block_1_92' title="bbox 438 5474 1982 5547">
    <p class='ocr_par' dir='ltr' id='par_1_92' title="bbox 438 5474 1982 5547">
     <span class='ocr_line' id='line_1_92' title="bbox 438 5474 1982 5547; baseline -0.002 -20"><span class='ocrx_word' id='word_1_667' title='bbox 438 5476 615 5527; x_wconf 70' lang='grc' dir='ltr'>ςεῦθεν</span> <span class='ocrx_word' id='word_1_668' title='bbox 644 5476 1007 5547; x_wconf 77' lang='grc' dir='ltr'>ἡθροίσθησαν</span> <span class='ocrx_word' id='word_1_669' title='bbox 1037 5479 1081 5529; x_wconf 87' lang='grc' dir='ltr'>οἱ</span> <span class='ocrx_word' id='word_1_670' title='bbox 1111 5478 1350 5544; x_wconf 86' lang='grc' dir='ltr'>Πατέρες</span> <span class='ocrx_word' id='word_1_671' title='bbox 1380 5478 1597 5533; x_wconf 81' lang='grc' dir='ltr'>ἐκεῖνοι,</span> <span class='ocrx_word' id='word_1_672' title='bbox 1632 5475 1725 5525; x_wconf 78' lang='grc' dir='ltr'>καὶ</span> <span class='ocrx_word' id='word_1_673' title='bbox 1752 5474 1982 5535; x_wconf 85' lang='grc' dir='ltr'>κανόνας</span> 
     </span>
    </p>
   </div>
   <div class='ocr_carea' id='block_1_93' title="bbox 436 5565 1980 5639">
    <p class='ocr_par' dir='ltr' id='par_1_93' title="bbox 436 5565 1980 5639">
     <span class='ocr_line' id='line_1_93' title="bbox 436 5565 1980 5639; baseline -0.002 -20"><span class='ocrx_word' id='word_1_674' title='bbox 436 5568 672 5631; x_wconf 67' lang='grc' dir='ltr'>ἐξέθεντο</span> <span class='ocrx_word' id='word_1_675' title='bbox 730 5567 791 5619; x_wconf 79' lang='grc' dir='ltr'>τὸ</span> <span class='ocrx_word' id='word_1_676' title='bbox 864 5568 1148 5639; x_wconf 77' lang='grc' dir='ltr'>ὑστέρημα</span> <span class='ocrx_word' id='word_1_677' title='bbox 1212 5567 1321 5619; x_wconf 89' lang='grc' dir='ltr'><strong>τῶν</strong></span> <span class='ocrx_word' id='word_1_678' title='bbox 1382 5566 1684 5636; x_wconf 77' lang='grc' dir='ltr'>εἰρημένων</span> <span class='ocrx_word' id='word_1_679' title='bbox 1748 5565 1980 5617; x_wconf 82' lang='grc' dir='ltr'>συνόδων</span> 
     </span>
    </p>
   </div>
   <div class='ocr_carea' id='block_1_94' title="bbox 436 5657 1979 5731">
    <p class='ocr_par' dir='ltr' id='par_1_94' title="bbox 436 5657 1979 5731">
     <span class='ocr_line' id='line_1_94' title="bbox 436 5657 1979 5731; baseline -0.005 -18"><span class='ocrx_word' id='word_1_680' title='bbox 436 5659 888 5731; x_wconf 78' lang='grc' dir='ltr'>ἀναπληροῦντες.</span> <span class='ocrx_word' id='word_1_681' title='bbox 948 5661 1054 5712; x_wconf 74' lang='grc' dir='ltr'>Καὶ</span> <span class='ocrx_word' id='word_1_682' title='bbox 1111 5662 1263 5723; x_wconf 81' lang='grc' dir='ltr'>τέλος</span> <span class='ocrx_word' id='word_1_683' title='bbox 1313 5660 1454 5723; x_wconf 82' lang='grc' dir='ltr'><strong>ἀξιοί</strong></span> <span class='ocrx_word' id='word_1_684' title='bbox 1505 5662 1536 5729; x_wconf 84' lang='grc' dir='ltr'>ἡ</span> <span class='ocrx_word' id='word_1_685' title='bbox 1599 5659 1784 5726; x_wconf 80' lang='grc' dir='ltr'>γραφὴ</span> <span class='ocrx_word' id='word_1_686' title='bbox 1840 5657 1979 5722; x_wconf 68' lang='grc' dir='ltr'>αὕτη</span> 
     </span>
    </p>
   </div>
   <div class='ocr_carea' id='block_1_95' title="bbox 437 5751 1982 5815">
    <p class='ocr_par' dir='ltr' id='par_1_95' title="bbox 437 5751 1982 5815">
     <span class='ocr_line' id='line_1_95' title="bbox 437 5751 1982 5815; baseline -0.002 -10"><span class='ocrx_word' id='word_1_687' title='bbox 437 5754 517 5805; x_wconf 62' lang='grc' dir='ltr'>τὶν</span> <span class='ocrx_word' id='word_1_688' title='bbox 545 5751 768 5807; x_wconf 78' lang='grc' dir='ltr'>Βασιλέα</span> <span class='ocrx_word' id='word_1_689' title='bbox 809 5754 875 5806; x_wconf 77' lang='grc' dir='ltr'>δι’</span> <span class='ocrx_word' id='word_1_690' title='bbox 912 5753 1117 5813; x_wconf 79' lang='grc' dir='ltr'>οἰκείας</span> <span class='ocrx_word' id='word_1_691' title='bbox 1168 5753 1493 5815; x_wconf 73' lang='grc' dir='ltr'>ὑπογραφῆς</span> <span class='ocrx_word' id='word_1_692' title='bbox 1539 5751 1830 5813; x_wconf 77' lang='grc' dir='ltr'>βεϐαιῶσαι</span> <span class='ocrx_word' id='word_1_693' title='bbox 1859 5753 1982 5812; x_wconf 57' lang='grc' dir='ltr'>τοὺς</span> 
     </span>
    </p>
   </div>
   <div class='ocr_carea' id='block_1_96' title="bbox 2171 3726 3639 3795">
    <p class='ocr_par' dir='ltr' id='par_1_96' title="bbox 2171 3726 3639 3795">
     <span class='ocr_line' id='line_1_96' title="bbox 2171 3726 3639 3795; baseline -0.002 -14"><span class='ocrx_word' id='word_1_694' title='bbox 2171 3727 2423 3781; x_wconf 65' lang='grc' dir='ltr'><strong>ΖΟΝΑΒ.</strong></span> <span class='ocrx_word' id='word_1_695' title='bbox 2467 3728 2599 3780; x_wconf 84' lang='lat' dir='ltr'><strong>Sunt</strong></span> <span class='ocrx_word' id='word_1_696' title='bbox 2636 3729 2734 3780; x_wconf 89' lang='lat' dir='ltr'><strong>ista</strong></span> <span class='ocrx_word' id='word_1_697' title='bbox 2775 3726 3021 3795; x_wconf 68' lang='lat' dir='ltr'><strong>prommii</strong></span> <span class='ocrx_word' id='word_1_698' title='bbox 3078 3726 3195 3779; x_wconf 78' lang='lat' dir='ltr'><strong>loco</strong></span> <span class='ocrx_word' id='word_1_699' title='bbox 3244 3740 3506 3779; x_wconf 87' lang='lat' dir='ltr'><strong>canonum</strong></span> <span class='ocrx_word' id='word_1_700' title='bbox 3539 3726 3639 3780; x_wconf 87' lang='lat' dir='ltr'><strong>edi.</strong></span> 
     </span>
    </p>
   </div>
   <div class='ocr_carea' id='block_1_97' title="bbox 2094 3818 3639 3887">
    <p class='ocr_par' dir='ltr' id='par_1_97' title="bbox 2094 3818 3639 3887">
     <span class='ocr_line' id='line_1_97' title="bbox 2094 3818 3639 3887; baseline -0.002 -15"><span class='ocrx_word' id='word_1_701' title='bbox 2094 3822 2222 3875; x_wconf 90' lang='lat' dir='ltr'><strong>tioni</strong></span> <span class='ocrx_word' id='word_1_702' title='bbox 2257 3821 2492 3887; x_wconf 67' lang='lat' dir='ltr'><strong>pra-lixa,</strong></span> <span class='ocrx_word' id='word_1_703' title='bbox 2523 3820 2715 3885; x_wconf 88' lang='lat' dir='ltr'><strong>quibus</strong></span> <span class='ocrx_word' id='word_1_704' title='bbox 2751 3821 2816 3872; x_wconf 89' lang='lat' dir='ltr'><strong>ad</strong></span> <span class='ocrx_word' id='word_1_705' title='bbox 2842 3820 3220 3887; x_wconf 86' lang='lat' dir='ltr'><strong>imperatorem</strong></span> <span class='ocrx_word' id='word_1_706' title='bbox 3251 3818 3639 3874; x_wconf 81' lang='lat' dir='ltr'><strong>Justinianum.</strong></span> 
     </span>
    </p>
   </div>
   <div class='ocr_carea' id='block_1_98' title="bbox 2088 3910 3636 3982">
    <p class='ocr_par' dir='ltr' id='par_1_98' title="bbox 2088 3910 3636 3982">
     <span class='ocr_line' id='line_1_98' title="bbox 2088 3910 3636 3982; baseline -0.005 -14"><span class='ocrx_word' id='word_1_707' title='bbox 2088 3930 2209 3968; x_wconf 90' lang='lat' dir='ltr'><strong>eum</strong></span> <span class='ocrx_word' id='word_1_708' title='bbox 2238 3915 2324 3981; x_wconf 89' lang='lat' dir='ltr'><strong>qui</strong></span> <span class='ocrx_word' id='word_1_709' title='bbox 2388 3912 2734 3982; x_wconf 67' lang='grc' dir='ltr'>Ῥινότμητος</span> <span class='ocrx_word' id='word_1_710' title='bbox 2759 3913 2928 3965; x_wconf 86' lang='lat' dir='ltr'><strong>dictus</strong></span> <span class='ocrx_word' id='word_1_711' title='bbox 2979 3912 3231 3965; x_wconf 79' lang='lat' dir='ltr'><strong>allocutio</strong></span> <span class='ocrx_word' id='word_1_712' title='bbox 3259 3912 3444 3980; x_wconf 87' lang='lat' dir='ltr'><strong>synodi</strong></span> <span class='ocrx_word' id='word_1_713' title='bbox 3482 3910 3636 3964; x_wconf 86' lang='lat' dir='ltr'><strong>couti-</strong></span> 
     </span>
    </p>
   </div>
   <div class='ocr_carea' id='block_1_99' title="bbox 2091 4003 3639 4072">
    <p class='ocr_par' dir='ltr' id='par_1_99' title="bbox 2091 4003 3639 4072">
     <span class='ocr_line' id='line_1_99' title="bbox 2091 4003 3639 4072; baseline -0.005 -12"><span class='ocrx_word' id='word_1_714' title='bbox 2091 4016 2266 4064; x_wconf 86' lang='lat' dir='ltr'><strong>netur,</strong></span> <span class='ocrx_word' id='word_1_715' title='bbox 2325 4006 2594 4072; x_wconf 86' lang='lat' dir='ltr'><strong>quomodo</strong></span> <span class='ocrx_word' id='word_1_716' title='bbox 2655 4016 2708 4056; x_wconf 91' lang='lat' dir='ltr'><strong>et</strong></span> <span class='ocrx_word' id='word_1_717' title='bbox 2766 4012 2981 4071; x_wconf 80' lang='lat' dir='ltr'><strong>propter</strong></span> <span class='ocrx_word' id='word_1_718' title='bbox 3018 4010 3153 4070; x_wconf 80' lang='lat' dir='ltr'><strong>quas</strong></span> <span class='ocrx_word' id='word_1_719' title='bbox 3214 4018 3403 4055; x_wconf 85' lang='lat' dir='ltr'><strong>causas</strong></span> <span class='ocrx_word' id='word_1_720' title='bbox 3457 4003 3639 4053; x_wconf 84' lang='lat' dir='ltr'><strong>eadem</strong></span> 
     </span>
    </p>
   </div>
   <div class='ocr_carea' id='block_1_100' title="bbox 2080 4093 3635 4167">
    <p class='ocr_par' dir='ltr' id='par_1_100' title="bbox 2080 4093 3635 4167">
     <span class='ocr_line' id='line_1_100' title="bbox 2080 4093 3635 4167; baseline -0.001 -24"><span class='ocrx_word' id='word_1_721' title='bbox 2080 4098 2322 4167; x_wconf 72' lang='lat' dir='ltr'><strong>synodus</strong></span> <span class='ocrx_word' id='word_1_722' title='bbox 2366 4096 2517 4163; x_wconf 85' lang='lat' dir='ltr'><strong>jussu</strong></span> <span class='ocrx_word' id='word_1_723' title='bbox 2576 4096 2914 4164; x_wconf 84' lang='lat' dir='ltr'><strong>imperatoris</strong></span> <span class='ocrx_word' id='word_1_724' title='bbox 2983 4095 3297 4147; x_wconf 84' lang='lat' dir='ltr'><strong>convenerit</strong></span> <span class='ocrx_word' id='word_1_725' title='bbox 3343 4093 3635 4159; x_wconf 77' lang='lat' dir='ltr'><strong>explicans.</strong></span> 
     </span>
    </p>
   </div>
   <div class='ocr_carea' id='block_1_101' title="bbox 2090 4184 3639 4255">
    <p class='ocr_par' dir='ltr' id='par_1_101' title="bbox 2090 4184 3639 4255">
     <span class='ocr_line' id='line_1_101' title="bbox 2090 4184 3639 4255; baseline -0.005 -15"><span class='ocrx_word' id='word_1_726' title='bbox 2090 4186 2291 4255; x_wconf 85' lang='lat' dir='ltr'><strong>Nempe</strong></span> <span class='ocrx_word' id='word_1_727' title='bbox 2334 4204 2451 4241; x_wconf 90' lang='lat' dir='ltr'><strong>cum</strong></span> <span class='ocrx_word' id='word_1_728' title='bbox 2504 4188 2710 4239; x_wconf 86' lang='lat' dir='ltr'><strong>duabus</strong></span> <span class='ocrx_word' id='word_1_729' title='bbox 2758 4184 3108 4239; x_wconf 65' lang='lat' dir='ltr'><strong>orcumeuieis</strong></span> <span class='ocrx_word' id='word_1_730' title='bbox 3164 4185 3347 4253; x_wconf 91' lang='lat' dir='ltr'><strong>quinta</strong></span> <span class='ocrx_word' id='word_1_731' title='bbox 3386 4194 3439 4235; x_wconf 86' lang='lat' dir='ltr'><strong>et</strong></span> <span class='ocrx_word' id='word_1_732' title='bbox 3494 4194 3639 4235; x_wconf 77' lang='lat' dir='ltr'><strong>sexta</strong></span> 
     </span>
    </p>
   </div>
   <div class='ocr_carea' id='block_1_102' title="bbox 2090 4276 3638 4350">
    <p class='ocr_par' dir='ltr' id='par_1_102' title="bbox 2090 4276 3638 4350">
     <span class='ocr_line' id='line_1_102' title="bbox 2090 4276 3638 4350; baseline -0.006 -16"><span class='ocrx_word' id='word_1_733' title='bbox 2090 4281 2310 4350; x_wconf 84' lang='lat' dir='ltr'><strong>synodo,</strong></span> <span class='ocrx_word' id='word_1_734' title='bbox 2364 4294 2590 4349; x_wconf 87' lang='lat' dir='ltr'><strong>quarum</strong></span> <span class='ocrx_word' id='word_1_735' title='bbox 2648 4278 2814 4330; x_wconf 86' lang='lat' dir='ltr'><strong>altera</strong></span> <span class='ocrx_word' id='word_1_736' title='bbox 2860 4276 3163 4330; x_wconf 81' lang='lat' dir='ltr'><strong>Justiniano</strong></span> <span class='ocrx_word' id='word_1_737' title='bbox 3213 4292 3423 4343; x_wconf 79' lang='lat' dir='ltr'><strong>magno,</strong></span> <span class='ocrx_word' id='word_1_738' title='bbox 3478 4276 3638 4329; x_wconf 84' lang='lat' dir='ltr'><strong>altera</strong></span> 
     </span>
    </p>
   </div>
   <div class='ocr_carea' id='block_1_103' title="bbox 2089 4354 3639 4439">
    <p class='ocr_par' dir='ltr' id='par_1_103' title="bbox 2089 4354 3639 4439">
     <span class='ocr_line' id='line_1_103' title="bbox 2089 4354 3639 4439; baseline -0.004 -11"><span class='ocrx_word' id='word_1_739' title='bbox 2089 4373 2450 4428; x_wconf 84' lang='lat' dir='ltr'><strong>Constantino</strong></span> <span class='ocrx_word' id='word_1_740' title='bbox 2497 4354 2771 4439; x_wconf 30' lang='lat' dir='ltr'><strong>Pogon‘ato</strong></span> <span class='ocrx_word' id='word_1_741' title='bbox 2826 4370 3116 4424; x_wconf 81' lang='lat' dir='ltr'><strong>.lustiniaui</strong></span> <span class='ocrx_word' id='word_1_742' title='bbox 3169 4369 3521 4434; x_wconf 71' lang='lat' dir='ltr'><strong>Rhintlllliell,</strong></span> <span class='ocrx_word' id='word_1_743' title='bbox 3577 4369 3639 4422; x_wconf 84' lang='lat' dir='ltr'><strong>ad</strong></span> 
     </span>
    </p>
   </div>
   <div class='ocr_carea' id='block_1_104' title="bbox 2086 4462 3637 4537">
    <p class='ocr_par' dir='ltr' id='par_1_104' title="bbox 2086 4462 3637 4537">
     <span class='ocr_line' id='line_1_104' title="bbox 2086 4462 3637 4537; baseline -0.004 -19"><span class='ocrx_word' id='word_1_744' title='bbox 2086 4482 2242 4537; x_wconf 89' lang='lat' dir='ltr'><strong>quem</strong></span> <span class='ocrx_word' id='word_1_745' title='bbox 2314 4480 2492 4521; x_wconf 86' lang='lat' dir='ltr'><strong>sermo</strong></span> <span class='ocrx_word' id='word_1_746' title='bbox 2524 4476 2626 4529; x_wconf 85' lang='lat' dir='ltr'><strong>est,</strong></span> <span class='ocrx_word' id='word_1_747' title='bbox 2693 4476 2842 4531; x_wconf 85' lang='lat' dir='ltr'><strong>patre</strong></span> <span class='ocrx_word' id='word_1_748' title='bbox 2910 4464 3204 4529; x_wconf 85' lang='lat' dir='ltr'><strong>imperante</strong></span> <span class='ocrx_word' id='word_1_749' title='bbox 3279 4464 3457 4517; x_wconf 78' lang='lat' dir='ltr'><strong>habita</strong></span> <span class='ocrx_word' id='word_1_750' title='bbox 3520 4462 3637 4526; x_wconf 81' lang='lat' dir='ltr'><strong>fuit,</strong></span> 
     </span>
    </p>
   </div>
   <div class='ocr_carea' id='block_1_105' title="bbox 2089 4554 3636 4624">
    <p class='ocr_par' dir='ltr' id='par_1_105' title="bbox 2089 4554 3636 4624">
     <span class='ocr_line' id='line_1_105' title="bbox 2089 4554 3636 4624; baseline -0.006 -10"><span class='ocrx_word' id='word_1_751' title='bbox 2089 4560 2250 4614; x_wconf 84' lang='lat' dir='ltr'><strong>multa</strong></span> <span class='ocrx_word' id='word_1_752' title='bbox 2277 4560 2342 4612; x_wconf 87' lang='lat' dir='ltr'><strong>de</strong></span> <span class='ocrx_word' id='word_1_753' title='bbox 2375 4559 2494 4611; x_wconf 83' lang='lat' dir='ltr'><strong>ﬁdei</strong></span> <span class='ocrx_word' id='word_1_754' title='bbox 2529 4557 2862 4624; x_wconf 83' lang='lat' dir='ltr'><strong>dogmatibus</strong></span> <span class='ocrx_word' id='word_1_755' title='bbox 2889 4556 3107 4623; x_wconf 65' lang='lat' dir='ltr'><strong>quaesita</strong></span> <span class='ocrx_word' id='word_1_756' title='bbox 3128 4564 3179 4609; x_wconf 92' lang='lat' dir='ltr'><strong>et</strong></span> <span class='ocrx_word' id='word_1_757' title='bbox 3209 4556 3410 4609; x_wconf 85' lang='lat' dir='ltr'><strong>sancita</strong></span> <span class='ocrx_word' id='word_1_758' title='bbox 3443 4554 3636 4615; x_wconf 84' lang='lat' dir='ltr'><strong>forent,</strong></span> 
     </span>
    </p>
   </div>
   <div class='ocr_carea' id='block_1_106' title="bbox 2088 4647 3636 4707">
    <p class='ocr_par' dir='ltr' id='par_1_106' title="bbox 2088 4647 3636 4707">
     <span class='ocr_line' id='line_1_106' title="bbox 2088 4647 3636 4707; baseline -0.008 0"><span class='ocrx_word' id='word_1_759' title='bbox 2088 4652 2261 4707; x_wconf 87' lang='lat' dir='ltr'><strong>nullos</strong></span> <span class='ocrx_word' id='word_1_760' title='bbox 2294 4660 2468 4706; x_wconf 87' lang='lat' dir='ltr'><strong>tamen</strong></span> <span class='ocrx_word' id='word_1_761' title='bbox 2499 4652 2561 4704; x_wconf 85' lang='lat' dir='ltr'><strong>ad</strong></span> <span class='ocrx_word' id='word_1_762' title='bbox 2590 4649 3011 4703; x_wconf 73' lang='lat' dir='ltr'><strong>ecclesiasticam</strong></span> <span class='ocrx_word' id='word_1_763' title='bbox 3048 4663 3155 4700; x_wconf 89' lang='lat' dir='ltr'><strong>rem</strong></span> <span class='ocrx_word' id='word_1_764' title='bbox 3182 4647 3636 4707; x_wconf 79' lang='lat' dir='ltr'><strong>constituendam,</strong></span> 
     </span>
    </p>
   </div>
   <div class='ocr_carea' id='block_1_107' title="bbox 2088 4740 3637 4810">
    <p class='ocr_par' dir='ltr' id='par_1_107' title="bbox 2088 4740 3637 4810">
     <span class='ocr_line' id='line_1_107' title="bbox 2088 4740 3637 4810; baseline -0.005 -14"><span class='ocrx_word' id='word_1_765' title='bbox 2088 4758 2371 4810; x_wconf 79' lang='lat' dir='ltr'><strong>moresque</strong></span> <span class='ocrx_word' id='word_1_766' title='bbox 2399 4740 2687 4796; x_wconf 86' lang='lat' dir='ltr'><strong>Christiani</strong></span> <span class='ocrx_word' id='word_1_767' title='bbox 2724 4740 2899 4808; x_wconf 88' lang='lat' dir='ltr'><strong>populi</strong></span> <span class='ocrx_word' id='word_1_768' title='bbox 2937 4740 3372 4799; x_wconf 82' lang='lat' dir='ltr'><strong>conformandos.</strong></span> <span class='ocrx_word' id='word_1_769' title='bbox 3406 4752 3637 4790; x_wconf 83' lang='lat' dir='ltr'><strong>canones</strong></span> 
     </span>
    </p>
   </div>
   <div class='ocr_carea' id='block_1_108' title="bbox 2089 4830 3633 4901">
    <p class='ocr_par' dir='ltr' id='par_1_108' title="bbox 2089 4830 3633 4901">
     <span class='ocr_line' id='line_1_108' title="bbox 2089 4830 3633 4901; baseline -0.002 -18"><span class='ocrx_word' id='word_1_770' title='bbox 2089 4834 2501 4900; x_wconf 63' lang='lat' dir='ltr'><strong>prmcedenlinm</strong></span> <span class='ocrx_word' id='word_1_771' title='bbox 2533 4834 2776 4885; x_wconf 85' lang='lat' dir='ltr'><strong>adinstar</strong></span> <span class='ocrx_word' id='word_1_772' title='bbox 2829 4832 3152 4901; x_wconf 83' lang='lat' dir='ltr'><strong>synodorutn</strong></span> <span class='ocrx_word' id='word_1_773' title='bbox 3206 4830 3633 4900; x_wconf 64' lang='lat' dir='ltr'><strong>promulgarupt.</strong></span> 
     </span>
    </p>
   </div>
   <div class='ocr_carea' id='block_1_109' title="bbox 2087 4917 3634 4991">
    <p class='ocr_par' dir='ltr' id='par_1_109' title="bbox 2087 4917 3634 4991">
     <span class='ocr_line' id='line_1_109' title="bbox 2087 4917 3634 4991; baseline -0.005 -14"><span class='ocrx_word' id='word_1_774' title='bbox 2087 4924 2223 4980; x_wconf 82' lang='lat' dir='ltr'><strong>Hinc</strong></span> <span class='ocrx_word' id='word_1_775' title='bbox 2256 4941 2396 4979; x_wconf 59' lang='lat' dir='ltr'><strong>cura:</strong></span> <span class='ocrx_word' id='word_1_776' title='bbox 2432 4924 2528 4977; x_wconf 81' lang='lat' dir='ltr'><strong>fuit</strong></span> <span class='ocrx_word' id='word_1_777' title='bbox 2564 4925 2877 4991; x_wconf 72' lang='lat' dir='ltr'><strong>imperatori</strong></span> <span class='ocrx_word' id='word_1_778' title='bbox 2900 4938 2970 4983; x_wconf 79' lang='lat' dir='ltr'><strong>ne</strong></span> <span class='ocrx_word' id='word_1_779' title='bbox 3000 4923 3329 4991; x_wconf 82' lang='lat' dir='ltr'><strong>ignoratione</strong></span> <span class='ocrx_word' id='word_1_780' title='bbox 3364 4918 3520 4972; x_wconf 80' lang='lat' dir='ltr'><strong>oliicii</strong></span> <span class='ocrx_word' id='word_1_781' title='bbox 3556 4917 3634 4971; x_wconf 90' lang='lat' dir='ltr'><strong>sui</strong></span> 
     </span>
    </p>
   </div>
   <div class='ocr_carea' id='block_1_110' title="bbox 2087 5010 3635 5082">
    <p class='ocr_par' dir='ltr' id='par_1_110' title="bbox 2087 5010 3635 5082">
     <span class='ocr_line' id='line_1_110' title="bbox 2087 5010 3635 5082; baseline -0.006 -13"><span class='ocrx_word' id='word_1_782' title='bbox 2087 5032 2115 5069; x_wconf 91' lang='lat' dir='ltr'><strong>a</strong></span> <span class='ocrx_word' id='word_1_783' title='bbox 2164 5026 2308 5070; x_wconf 82' lang='lat' dir='ltr'><strong>recto</strong></span> <span class='ocrx_word' id='word_1_784' title='bbox 2367 5014 2581 5067; x_wconf 77' lang='lat' dir='ltr'><strong>virtutis</strong></span> <span class='ocrx_word' id='word_1_785' title='bbox 2637 5014 2850 5067; x_wconf 87' lang='lat' dir='ltr'><strong>tramite</strong></span> <span class='ocrx_word' id='word_1_786' title='bbox 2910 5013 3136 5082; x_wconf 80' lang='lat' dir='ltr'><strong>pOpulus</strong></span> <span class='ocrx_word' id='word_1_787' title='bbox 3191 5010 3518 5071; x_wconf 78' lang='lat' dir='ltr'><strong>deﬂecteret,</strong></span> <span class='ocrx_word' id='word_1_788' title='bbox 3584 5014 3635 5059; x_wconf 82' lang='lat' dir='ltr'><strong>et</strong></span> 
     </span>
    </p>
   </div>
   <div class='ocr_carea' id='block_1_111' title="bbox 2086 5100 3635 5166">
    <p class='ocr_par' dir='ltr' id='par_1_111' title="bbox 2086 5100 3635 5166">
     <span class='ocr_line' id='line_1_111' title="bbox 2086 5100 3635 5166; baseline -0.006 -6"><span class='ocrx_word' id='word_1_789' title='bbox 2086 5108 2388 5161; x_wconf 88' lang='lat' dir='ltr'><strong>liberiorem</strong></span> <span class='ocrx_word' id='word_1_790' title='bbox 2440 5106 2645 5160; x_wconf 66' lang='lat' dir='ltr'><strong>vivendi</strong></span> <span class='ocrx_word' id='word_1_791' title='bbox 2681 5106 2938 5159; x_wconf 88' lang='lat' dir='ltr'><strong>rationem</strong></span> <span class='ocrx_word' id='word_1_792' title='bbox 2982 5115 3165 5156; x_wconf 79' lang='lat' dir='ltr'><strong>nactus</strong></span> <span class='ocrx_word' id='word_1_793' title='bbox 3194 5104 3244 5154; x_wconf 93' lang='lat' dir='ltr'><strong>in</strong></span> <span class='ocrx_word' id='word_1_794' title='bbox 3284 5100 3635 5166; x_wconf 72' lang='lat' dir='ltr'><strong>inmrobitatis</strong></span> 
     </span>
    </p>
   </div>
   <div class='ocr_carea' id='block_1_112' title="bbox 2087 5191 3631 5260">
    <p class='ocr_par' dir='ltr' id='par_1_112' title="bbox 2087 5191 3631 5260">
     <span class='ocr_line' id='line_1_112' title="bbox 2087 5191 3631 5260; baseline -0.004 -10"><span class='ocrx_word' id='word_1_795' title='bbox 2087 5214 2149 5251; x_wconf 89' lang='lat' dir='ltr'><strong>ac</strong></span> <span class='ocrx_word' id='word_1_796' title='bbox 2210 5198 2463 5250; x_wconf 80' lang='lat' dir='ltr'><strong>vitiorum</strong></span> <span class='ocrx_word' id='word_1_797' title='bbox 2530 5199 2845 5249; x_wconf 87' lang='lat' dir='ltr'><strong>barathrum</strong></span> <span class='ocrx_word' id='word_1_798' title='bbox 2935 5205 3202 5260; x_wconf 59' lang='lat' dir='ltr'><strong>postremo</strong></span> <span class='ocrx_word' id='word_1_799' title='bbox 3275 5191 3631 5245; x_wconf 85' lang='lat' dir='ltr'><strong>delaberetur.</strong></span> 
     </span>
    </p>
   </div>
   <div class='ocr_carea' id='block_1_113' title="bbox 2088 5284 3631 5360">
    <p class='ocr_par' dir='ltr' id='par_1_113' title="bbox 2088 5284 3631 5360">
     <span class='ocr_line' id='line_1_113' title="bbox 2088 5284 3631 5360; baseline -0.005 -18"><span class='ocrx_word' id='word_1_800' title='bbox 2088 5290 2333 5360; x_wconf 82' lang='lat' dir='ltr'><strong>Synodus</strong></span> <span class='ocrx_word' id='word_1_801' title='bbox 2353 5290 2534 5358; x_wconf 80' lang='lat' dir='ltr'><strong>itaque</strong></span> <span class='ocrx_word' id='word_1_802' title='bbox 2562 5304 2656 5357; x_wconf 86' lang='lat' dir='ltr'><strong>per</strong></span> <span class='ocrx_word' id='word_1_803' title='bbox 2689 5288 2833 5341; x_wconf 87' lang='lat' dir='ltr'><strong>illum</strong></span> <span class='ocrx_word' id='word_1_804' title='bbox 2866 5287 3086 5349; x_wconf 81' lang='lat' dir='ltr'><strong>indicta,</strong></span> <span class='ocrx_word' id='word_1_805' title='bbox 3119 5286 3170 5339; x_wconf 88' lang='lat' dir='ltr'><strong>iu</strong></span> <span class='ocrx_word' id='word_1_806' title='bbox 3200 5298 3300 5351; x_wconf 86' lang='lat' dir='ltr'><strong>qua</strong></span> <span class='ocrx_word' id='word_1_807' title='bbox 3330 5284 3631 5352; x_wconf 76' lang='lat' dir='ltr'><strong>congregati</strong></span> 
     </span>
    </p>
   </div>
   <div class='ocr_carea' id='block_1_114' title="bbox 2087 5376 3634 5446">
    <p class='ocr_par' dir='ltr' id='par_1_114' title="bbox 2087 5376 3634 5446">
     <span class='ocr_line' id='line_1_114' title="bbox 2087 5376 3634 5446; baseline -0.006 -11"><span class='ocrx_word' id='word_1_808' title='bbox 2087 5382 2272 5435; x_wconf 86' lang='lat' dir='ltr'><strong>Patres</strong></span> <span class='ocrx_word' id='word_1_809' title='bbox 2326 5383 2424 5444; x_wconf 88' lang='lat' dir='ltr'><strong>illi,</strong></span> <span class='ocrx_word' id='word_1_810' title='bbox 2466 5381 2625 5435; x_wconf 81' lang='lat' dir='ltr'><strong>editis</strong></span> <span class='ocrx_word' id='word_1_811' title='bbox 2661 5381 2973 5439; x_wconf 70' lang='lat' dir='ltr'><strong>caminibus,</strong></span> <span class='ocrx_word' id='word_1_812' title='bbox 3008 5392 3123 5446; x_wconf 67' lang='lat' dir='ltr'><strong>qua;</strong></span> <span class='ocrx_word' id='word_1_813' title='bbox 3174 5378 3224 5428; x_wconf 91' lang='lat' dir='ltr'><strong>in</strong></span> <span class='ocrx_word' id='word_1_814' title='bbox 3268 5376 3634 5444; x_wconf 78' lang='lat' dir='ltr'><strong>superioribus</strong></span> 
     </span>
    </p>
   </div>
   <div class='ocr_carea' id='block_1_115' title="bbox 2087 5462 3635 5544">
    <p class='ocr_par' dir='ltr' id='par_1_115' title="bbox 2087 5462 3635 5544">
     <span class='ocr_line' id='line_1_115' title="bbox 2087 5462 3635 5544; baseline -0.008 -17"><span class='ocrx_word' id='word_1_815' title='bbox 2087 5473 2304 5544; x_wconf 91' lang='lat' dir='ltr'><strong>synodis</strong></span> <span class='ocrx_word' id='word_1_816' title='bbox 2378 5471 2681 5525; x_wconf 83' lang='lat' dir='ltr'><strong>desiderata</strong></span> <span class='ocrx_word' id='word_1_817' title='bbox 2744 5469 2975 5544; x_wconf 76' lang='lat' dir='ltr'><strong>fuerant,</strong></span> <span class='ocrx_word' id='word_1_818' title='bbox 3068 5466 3432 5533; x_wconf 74' lang='lat' dir='ltr'><strong>expleverunt.</strong></span> <span class='ocrx_word' id='word_1_819' title='bbox 3492 5462 3635 5528; x_wconf 85' lang='lat' dir='ltr'><strong>Quos</strong></span> 
     </span>
    </p>
   </div>
   <div class='ocr_carea' id='block_1_116' title="bbox 2087 5540 3634 5635">
    <p class='ocr_par' dir='ltr' id='par_1_116' title="bbox 2087 5540 3634 5635">
     <span class='ocr_line' id='line_1_116' title="bbox 2087 5540 3634 5635; baseline -0.006 -17"><span class='ocrx_word' id='word_1_820' title='bbox 2087 5569 2301 5635; x_wconf 70' lang='lat' dir='ltr'><strong>quidem</strong></span> <span class='ocrx_word' id='word_1_821' title='bbox 2351 5580 2584 5618; x_wconf 87' lang='lat' dir='ltr'><strong>canones</strong></span> <span class='ocrx_word' id='word_1_822' title='bbox 2643 5565 2708 5615; x_wconf 89' lang='lat' dir='ltr'><strong>ab</strong></span> <span class='ocrx_word' id='word_1_823' title='bbox 2744 5563 2843 5615; x_wconf 81' lang='lat' dir='ltr'><strong>hac</strong></span> <span class='ocrx_word' id='word_1_824' title='bbox 2882 5540 3098 5629; x_wconf 39' lang='lat' dir='ltr'><strong>[synodo</strong></span> <span class='ocrx_word' id='word_1_825' title='bbox 3131 5560 3321 5619; x_wconf 85' lang='lat' dir='ltr'><strong>editos,</strong></span> <span class='ocrx_word' id='word_1_826' title='bbox 3355 5565 3410 5608; x_wconf 86' lang='lat' dir='ltr'><strong>ut</strong></span> <span class='ocrx_word' id='word_1_827' title='bbox 3456 5557 3634 5609; x_wconf 88' lang='lat' dir='ltr'><strong>chiro-</strong></span> 
     </span>
    </p>
   </div>
   <div class='ocr_carea' id='block_1_117' title="bbox 2089 5650 3630 5727">
    <p class='ocr_par' dir='ltr' id='par_1_117' title="bbox 2089 5650 3630 5727">
     <span class='ocr_line' id='line_1_117' title="bbox 2089 5650 3630 5727; baseline -0.004 -18"><span class='ocrx_word' id='word_1_828' title='bbox 2089 5658 2273 5727; x_wconf 76' lang='lat' dir='ltr'><strong>graphi</strong></span> <span class='ocrx_word' id='word_1_829' title='bbox 2332 5656 2412 5710; x_wconf 89' lang='lat' dir='ltr'><strong>sui</strong></span> <span class='ocrx_word' id='word_1_830' title='bbox 2480 5658 2798 5709; x_wconf 86' lang='lat' dir='ltr'><strong>auctoritate</strong></span> <span class='ocrx_word' id='word_1_831' title='bbox 2878 5653 3179 5711; x_wconf 72' lang='lat' dir='ltr'><strong>confirmet.</strong></span> <span class='ocrx_word' id='word_1_832' title='bbox 3248 5665 3421 5718; x_wconf 89' lang='lat' dir='ltr'><strong>eoque</strong></span> <span class='ocrx_word' id='word_1_833' title='bbox 3478 5650 3630 5717; x_wconf 84' lang='lat' dir='ltr'><strong>quasi</strong></span> 
     </span>
    </p>
   </div>
   <div class='ocr_carea' id='block_1_118' title="bbox 2089 5731 3630 5812">
    <p class='ocr_par' dir='ltr' id='par_1_118' title="bbox 2089 5731 3630 5812">
     <span class='ocr_line' id='line_1_118' title="bbox 2089 5731 3630 5812; baseline -0.006 -10"><span class='ocrx_word' id='word_1_834' title='bbox 2089 5751 2239 5811; x_wconf 74' lang='lat' dir='ltr'><strong>signo</strong></span> <span class='ocrx_word' id='word_1_835' title='bbox 2272 5731 2561 5811; x_wconf 66' lang='lat' dir='ltr'><strong>impiessos</strong></span> <span class='ocrx_word' id='word_1_836' title='bbox 2592 5756 2644 5803; x_wconf 87' lang='lat' dir='ltr'><strong>et</strong></span> <span class='ocrx_word' id='word_1_837' title='bbox 2675 5745 2907 5800; x_wconf 89' lang='lat' dir='ltr'><strong>munitos</strong></span> <span class='ocrx_word' id='word_1_838' title='bbox 2941 5744 3086 5810; x_wconf 82' lang='lat' dir='ltr'><strong>velit,</strong></span> <span class='ocrx_word' id='word_1_839' title='bbox 3120 5744 3497 5812; x_wconf 83' lang='lat' dir='ltr'><strong>imperatorem</strong></span> <span class='ocrx_word' id='word_1_840' title='bbox 3530 5743 3630 5795; x_wconf 84' lang='lat' dir='ltr'><strong>hoc</strong></span> 
     </span>
    </p>
   </div>
  </div>
