4138 6210
464 330 563 394 ειι

1512 345 1593 402 ΙΝ
1629 346 1796 409 CAN.
1844 347 1870 406 Ι
1914 346 2119 407 CONC.
2158 347 2238 406 IN
2273 349 2592 411 TRULLO.

3573 361 3676 427 53.1

536 459 553 491 ι
589 440 717 506 ξατο
739 458 755 475 ⁸
785 444 1035 501 ἐντεῦθεν
1059 450 1155 502 καὶ
1202 440 1359 513 οὗτος
1407 451 1573 521 ἀτελῆ
1616 454 1717 523 τὴν
1750 456 2021 525 σωτηρίαν
2046 455 2097 511 Α

2046 455 2097 511 Α
2197 474 2215 506 ι
2260 472 2418 513 nans.
2473 457 2592 513 Jam
2645 476 2793 524 vero,
2823 472 3022 532 etqure
3055 465 3105 519 ltt
3139 465 3487 535 Ephesiorum
3539 473 3668 525 civi-

542 554 562 586 ‹
600 536 732 605 ἡμῖν
767 538 1020 604 γενέσθαι
1070 542 1532 613 συλλογιζόμενος.
1572 545 1732 599 Ἀλλὰ
1766 547 1871 618 μὴν
1921 549 2016 601 καὶ

540 646 557 677 ι
592 627 739 697 παρὰ
776 629 884 681 τῶν
912 635 968 682 ἐν
1007 633 1272 700 Ἐφεσίων
1302 635 1453 687 πόλει
1476 636 1534 688 τὺ
1562 637 1832 707 πρότερόν
1877 655 2006 691 συν-

543 738 559 769 ι
594 719 866 790 αχθέντων
902 720 1312 778 ἐπὶῦεοδοσίου
1336 727 1431 780 τοῦ
1452 727 1567 781 υίοῦ
1606 728 1892 795 Ἀρκαδίου
1923 746 2015 797 γε-

544 834 559 864 ι
596 816 822 884 νομένου
876 819 1032 887 ἡμῶν
1082 819 1345 889 βασιλέως
1395 823 1684 877 διακοσίων
1739 823 2012 893 θεοφόρων

540 925 559 956 ι
596 908 853 977 Πατέρων
881 911 1173 965 ἐκτεθέντα
1205 914 1528 983 διδάγματα,
1569 916 1645 979 ὡς
1676 919 1876 986 κράτος
1909 918 2011 987 ἀρ-
2082 906 2089 919 ’

535 1018 552 1048 ι
594 1000 761 1068 ραγὲς
784 1001 884 1070 τῆς
913 1003 1209 1066 εὐσεϐείας,
1239 1006 1723 1078 ὲιπσφραγίζομεν,
1762 1010 1858 1061 ἕνα
1884 1010 2015 1078 Χρι-

531 1106 548 1136 σ
588 1089 712 1139 στὸν
738 1090 830 1141 τὸν
864 1090 988 1143 Υίὸν
1017 1093 1109 1145 τοῦ
1152 1095 1287 1147 Θεοῦ
1315 1098 1406 1149 καὶ
1431 1100 1777 1168 σαρκωθέντα
1812 1099 2011 1170 κηρύτ-

540 1197 797 1245 ιτοντες,
847 1184 940 1235 καὶ
1003 1184 1100 1255 τὴν
1166 1186 1325 1239 αὑτὸν
1401 1191 1656 1260 ἀσπόρως
1719 1192 2007 1255 τεκοῦσαν,

541 1288 558 1318 ι
594 1271 884 1337 ἄχραντον,
916 1275 1294 1343 ἀειπάρθενον,
1333 1281 1535 1347 κυρίως
1564 1282 1658 1334 καὶ
1699 1283 1837 1335 κατά
1885 1284 2013 1349 ἀλή-

534 1381 554 1414 ι
589 1364 742 1417 θειαν
771 1366 1028 1420 Θεοτόκον
1049 1368 1361 1435 δοξάζοντες
1381 1388 1396 1406 ·
1422 1376 1515 1425 καὶ
1544 1376 1645 1445 τὴν
1672 1376 1887 1447 ληρώδη
1919 1377 2010 1430 τοῦ

529 1474 545 1506 ι
589 1458 888 1528 Νεστορίου
924 1462 1212 1530 διαίρεσιν,
1270 1465 1345 1528 ὡς
1418 1469 1810 1537 ἀπῳκισμένην
1862 1470 2009 1535 θείας

531 1569 547 1599 ι
589 1550 784 1620 μοίρας
859 1553 1277 1623 ἁποδιώκοντες,
1346 1557 1631 1627 ἄνθρωπον
1676 1561 1858 1624 ίδικῶς
1914 1564 2009 1616 καὶ

534 1660 551 1688 σ
590 1641 722 1694 Θεὸν
777 1644 958 1705 ἰδικῶς
1000 1647 1089 1698 τὸν
1140 1647 1236 1700 ἕνα
1286 1650 1520 1719 Χριστὸν
1568 1653 2003 1721 δογματίζοντος,

533 1752 549 1780 ι
589 1733 683 1784 καὶ
708 1736 805 1803 τὴν
847 1735 1139 1802 Ἰγουδαῖκὴν
1166 1740 1513 1806 ἁνανεοῦντος
1540 1744 1874 1800 δυσσέϐειαν.
1926 1749 1997 1799 Οὐ

534 1842 550 1868 ε
598 1825 703 1891 μὴν
738 1824 874 1876 ἀλλὰ
907 1828 999 1878 καὶ
1038 1829 1136 1896 τὴν
1170 1830 1226 1880 ἐν
1260 1831 1644 1901 Χαλκηδονίων
1678 1838 2006 1905 μητροπόλει

528 1930 546 1961 ‹
584 1913 672 1965 ἐπὶ
700 1916 1021 1986 Μαρκιανοῦ
1055 1920 1149 1971 καὶ
1180 1922 1343 1974 αὐτοῦ
1385 1923 1679 1993 γενομένου
1711 1927 1868 1996 ἡμῶν
1911 1929 2007 1998 βα-

542 2022 558 2052 ι
595 2005 786 2069 σιλέως
841 2007 949 2059 τῶν
998 2009 1292 2073 ἑξακοσίων
1350 2014 1644 2081 τριάκοντα
1710 2016 2006 2087 θεοκρίτων

528 2113 544 2144 ι
583 2096 838 2166 Πατέρων
895 2100 1425 2173 στηλογραφηθεῖσαν
1476 2106 1656 2160 πίστιν
1713 2108 2005 2178 ὀρθοδόξως

532 2204 552 2237 ι
590 2188 963 2259 ἐπικυροῦμεν
989 2207 1003 2223 ο
1046 2193 1165 2262 ἥτις
1212 2195 1301 2246 τὸν
1331 2196 1426 2250 ἕνα
1460 2197 1691 2266 Χριστὸν
1742 2201 1831 2254 τὸν
1879 2202 2005 2254 Υίὸν

524 2296 538 2326 ι
574 2279 665 2331 τοῦ
696 2280 832 2333 Θεοῦ
865 2284 927 2334 ἐκ
958 2284 1052 2336 δύο
1082 2288 1399 2340 συντεθέντα
1424 2289 1539 2341 τῶν
1569 2290 1800 2359 φύσεων,
1833 2293 1925 2345 καὶ
1947 2296 2003 2347 ὲν

529 2386 550 2419 ι
584 2370 680 2421 δύο
705 2375 823 2434 ταῖς
854 2374 1041 2436 αὐταῖς
1070 2376 1427 2446 δοξαζόμενον
1498 2360 2000 2467 φύσεσι,Γμὲγαλο-

529 2478 550 2513 ι
588 2462 781 2527 φώνως
814 2467 925 2526 τοῖς
959 2464 1158 2536 πέρασι
1206 2470 1577 2538 παραδέδωκε,
1637 2462 1728 2525 καί
1761 2474 2003 2544 Εὐτυχὲα

528 2571 544 2602 ι
582 2554 673 2605 τὸν
703 2558 1096 2625 ματαιόφρονα,
1129 2561 1219 2614 τὸν
1243 2561 1460 2632 δοκήσει
1498 2563 1556 2617 τὸ
1587 2565 1728 2633 μέγα
1783 2571 1882 2636 τῆς
1926 2569 2003 2619 οί-

520 2660 544 2698 ι
577 2649 834 2717 κονομίας
870 2654 1161 2723 μυστήρ.σ,ν
1220 2653 1536 2722 τελεσθῆναι
1567 2657 2001 2728 ἀποφηνάμενον,

526 2760 545 2791 ι
580 2743 652 2801 ὡς
678 2744 1043 2813 ἁποτρόπαιόν
1072 2766 1123 2800 τι
1153 2752 1247 2802 καὶ
1302 2749 1517 2818 μίασμα
1568 2750 1674 2803 τῶν
1712 2752 1872 2821 ίερῶν
1902 2754 2003 2822 τῆς

519 2851 538 2882 ι
589 2833 916 2906 Ἐκκλησίας
946 2840 1245 2907 περιϐόλων
1288 2834 1704 2918 ἐξήλασεν-ζΣὺν
1747 2843 1896 2914 αὐτῷ
1945 2844 2003 2897 δὲ

529 2945 548 2977 ι
583 2930 679 2980 καὶ
708 2929 1003 2998 Νεστὸριον
1033 2933 1124 2981 καὶ
1155 2932 1441 3003 Διόσκορον
1464 2974 1477 2996 ,
1511 2933 1601 2987 τὸν
1632 2936 1728 3002 μὲν
1751 2937 1845 3004 τῆς
1870 2935 2005 2989 διαι-

516 3037 535 3069 ι
576 3018 800 3086 ρέσεως,
830 3020 921 3072 τὸν
945 3021 1001 3073 δὲ
1028 3021 1121 3089 τῆς
1148 3023 1463 3091 συγχύσεως
1508 3025 1915 3097 ὑπερασπιστήν
1941 3045 2002 3081 τε
2059 3027 2061 3029 ’

514 3130 533 3161 ι
571 3112 662 3163 καὶ
694 3113 1001 3181 πρόμαχον,
1048 3116 1176 3176 τοὺς
1202 3118 1267 3168 ὲκ
1299 3117 1590 3187 διαμέτρου
1614 3122 1711 3187 τῆς
1743 3119 1997 3185 ἀσεϐείας
2021 3123 2068 3186 C

518 3220 536 3251 ι
572 3202 705 3270 πρὸς
739 3204 798 3253 ἐν
825 3205 1260 3268 ἐκπεπτωκότας
1291 3207 1564 3270 ἀπωλείας
1595 3211 1687 3260 καὶ
1716 3208 2001 3280 ἀθεότητος

521 3309 539 3340 ι
580 3290 874 3361 βάραθρον.
916 3293 1077 3346 Ἀλλὰ
1103 3310 1163 3361 γε
1183 3296 1275 3347 καὶ
1305 3294 1401 3356 τὰς
1419 3296 1659 3359 εὐσεϐεῖς
1688 3300 1868 3365 φωνὰς
1895 3299 2002 3352 τῶν

521 3400 540 3433 ι
572 3384 765 3434 ἑκατὸν
797 3383 1061 3452 ἑξήκοντα
1087 3386 1248 3437 πέντε
1280 3386 1552 3456 θεοφόρων
1578 3389 1859 3459 Πατέρων,
1892 3392 1998 3444 τῶν

505 3492 525 3524 ι
562 3474 703 3526 κατὰ
776 3477 977 3543 ταύτην
1038 3476 1134 3543 τὴν
1212 3477 1453 3546 βασιλίδα
1515 3482 2000 3551 συναγηγερμένων

512 3588 529 3615 ι
569 3566 729 3619 πόλιν
759 3567 853 3619 ἐπὶ
895 3568 1271 3620 ’ῐουστινιανοῦ
1315 3568 1407 3621 τοῦ
1469 3571 1568 3640 τῆς
1613 3572 1867 3633 εὐσεϐοῦς
1903 3573 1997 3642 λή-

510 3679 527 3710 ι
564 3659 699 3724 ξεως
745 3660 1036 3728 γενομένου
1075 3661 1232 3731 ἡμῶν
1287 3660 1571 3731 βασιλέως,
1624 3664 1698 3727 ὡς
1759 3664 1861 3717 ὑπὸ
1902 3665 1994 3718 τοῦ

515 3772 535 3806 ι
575 3752 888 3821 Πνεῦματος
940 3753 1309 3823 ἐξενεχθείσας
1338 3754 1699 3826 γινώσκομεν,
1735 3757 1827 3813 καὶ
1870 3759 1995 3820 τοὺς

508 3864 527 3893 ι
565 3844 685 3913 μεθ’
722 3844 866 3911 ἡμᾶς
887 3843 1297 3912 ὲκδιδὰσκομεν.
1337 3843 1401 3899 Οἳ
1428 3845 1697 3917 Θεόδωρον
1744 3847 1833 3899 τὸν
1878 3847 1991 3901 Μο-

506 3957 525 3987 ι
564 3936 876 4005 ψουεστίας,
908 3934 997 3986 τὸν
1044 3936 1340 4006 Νεστορίου
1391 3936 1731 4004 διδάσκαλον,
1779 3939 1991 4009 Ὠριγέ-

505 4046 525 4079 ι
566 4042 661 4095 νην
686 4040 744 4078 τε
770 4028 864 4078 καὶ
892 4026 1116 4095 Δίδυμον
1148 4028 1245 4078 καὶ
1270 4027 1557 4097 Εὐὰγριον,
1588 4028 1711 4091 τοὺς
1738 4027 1834 4090 τὰς
1867 4028 1993 4093 "EA:

508 4137 528 4171 ι
561 4118 786 4188 ληνικὰς
811 4119 1289 4186 ἁναπλασαμένους
1318 4118 1659 4189 μυθοποιίας,
1689 4121 1781 4171 καὶ
1808 4119 1991 4188 σωμά-

502 4231 524 4267 c
556 4232 665 4267 των
684 4216 845 4268 τινῶν
881 4214 979 4266 καὶ
1011 4212 1197 4282 ψυχῶν
1223 4213 1353 4281 ἡμῖν
1406 4211 1691 4282 περιόδους
1743 4213 1838 4264 καὶ
1894 4213 1988 4266 ἀλ-

510 4325 530 4358 ι
560 4306 806 4368 λοιώσεις
841 4304 1341 4375 ἀναπεμπάσαντας
1388 4305 1507 4366 ταῖς
1549 4302 1643 4356 τοῦ
1676 4304 1767 4357 νοῦ
1809 4321 1985 4374 παρα-

504 4417 525 4450 σ
563 4403 755 4469 φοραῖς
780 4418 836 4453 τε
864 4398 1317 4469 καὶ-ὀνειρώξεσι,
1373 4398 1467 4451 καὶ
1497 4398 1578 4459 είς
1608 4397 1705 4462 τὴν
1735 4396 1842 4449 τῶν
1894 4414 1984 4450 νε-

509 4511 529 4543 ι
567 4492 717 4560 κρῶν
746 4490 1021 4552 δυσσεϐῶς
1078 4489 1584 4559 ἑμπαροινήσαντας
1636 4489 1935 4543 ἀναϐίωσιν
1963 4505 1977 4519 ·
2005 4462 2059 4521 D

505 4601 526 4634 ι
561 4583 633 4636 τά
660 4599 721 4634 τε
753 4583 1035 4653 γραφέντα
1065 4585 1215 4652 παρὰ
1243 4580 1574 4651 Θεοδωρίτου
1600 4580 1741 4634 κατὰ
1767 4582 1866 4651 τῆς
1886 4582 1979 4651 ὀρ-

505 4692 526 4726 c
564 4674 661 4742 θῆς
702 4675 939 4735 πίστεως
988 4674 1085 4726 καὶ
1131 4674 1238 4726 τῶν
1289 4672 1495 4725 δώδεκα
1535 4672 1845 4741 κεφαλαίων
1884 4672 1978 4726 τοῦ

491 4782 513 4815 ι
558 4765 831 4835 μακαρίου
862 4764 1157 4834 Κυρίλλου,
1216 4764 1310 4818 καί¹
1359 4764 1455 4833 τὴν
1504 4763 1803 4833 λεγομένην
1860 4763 1980 4816 Ἰϐα

490 4877 510 4908 ι
546 4856 857 4926 ἑπιστολὴν,
886 4854 1177 4917 συνοδικῶς
1205 4854 1602 4924 ἀνεθεμάτισαν
1621 4872 1678 4906 τε
1708 4854 1802 4907 κα)⁸
1830 4854 1978 4906 ἐϐδε-

496 4965 516 4998 ι
554 4946 819 5011 λύξαντο·
858 4948 952 4999 καὶ
985 4946 1082 5016 τὴν
1134 4945 1237 4998 ὑπὸ
1282 4945 1380 5013 τῆς
1431 4946 1657 5015 ἔναγχος
1700 4947 1980 5018 συναθροι-

508 5058 526 5090 ι
572 5039 790 5109 σθείσης
816 5038 954 5092 κατὰ
978 5037 1180 5107 ταύτην
1199 5036 1295 5106 τὴν
1321 5036 1561 5105 βασιλίδα
1582 5036 1736 5089 πόλιν
1767 5037 1858 5090 ἐπὶ
1884 5038 1976 5090 τοῦ

485 5148 509 5181 ι
541 5131 602 5182 ἐν
626 5128 745 5199 θείᾳ
759 5133 823 5200 τῇ
854 5130 1007 5199 λήξει
1031 5127 1325 5196 γενομένου
1356 5128 1512 5197 ἡμῶν
1541 5114 1801 5196 βασιλέως
1822 5129 1977 5182 Κων-

491 5239 514 5273 ε
546 5220 829 5274 σταντίνου
862 5220 1029 5291 ἕκτης
1063 5220 1221 5286 ἁγίας
1265 5219 1481 5271 συνόδου
1513 5219 1714 5281 πίστιν,
1770 5219 1803 5289 ἧ
1856 5235 1975 5288 μει-

490 5330 512 5365 ς
550 5313 719 5377 ζόνως
746 5314 806 5365 τὸ
835 5313 1000 5385 κῦρος
1053 5311 1289 5375 ἐδέξατο,
1321 5310 1389 5362 δι’
1420 5304 1495 5363 ὧν
1536 5311 1563 5361 ὁ
1600 5308 1827 5379 εὐσεϐὴς
1875 5308 1974 5377 βα-

493 5422 513 5454 ι
554 5403 738 5465 σιλεὺς
770 5405 1029 5473 σφραγῖσι
1064 5402 1187 5462 τοὺς
1219 5400 1419 5469 ταύτης
1463 5399 1661 5467 τόμους
1690 5415 1975 5468 κατησφα-

495 5513 516 5548 ι
554 5496 769 5560 λίσατο,
800 5496 935 5564 πρὸς
953 5494 1050 5565 τὴν
1080 5496 1136 5545 ὲν
1171 5492 1247 5564 τῷ
1278 5492 1439 5544 παντὶ
1469 5493 1624 5544 αίῶνι
1650 5491 1971 5560 ἀσφάλειαν,

485 5606 505 5639 ι
541 5591 639 5641 καὶ
665 5584 819 5649 αὖθις
848 5587 1216 5657 ὁμολογοῦμεν
1248 5585 1533 5653 φυλάττειν
1563 5584 1974 5655 ἀπαρεγχείρη-

499 5699 518 5733 ι
554 5698 671 5746 τον,
710 5681 744 5750 ἢ
806 5680 900 5733 δύο
952 5679 1187 5749 φυσικὰς
1233 5677 1482 5746 θελήσεις
1521 5677 1639 5746 ἦτοι
1669 5675 1969 5745 θελήματα,

488 5793 508 5826 ‹
538 5777 635 5829 καὶ
661 5774 753 5829 δύο
781 5774 1014 5841 φυσικὰς
1076 5769 1353 5840 ἐνεργείας
1411 5767 1504 5822 ἐπὶ
1549 5768 1648 5837 τῆς
1708 5769 1969 5839 ἐνσάρκου

2192 565 2210 597 ι
2253 553 2361 602 tate
2392 564 2420 601 a
2470 552 2716 606 ducentis
2741 552 2936 607 divinis
2968 552 3220 609 Patribus
3245 558 3344 609 sub
3370 554 3674 613 Theodosio

2191 656 2211 686 ι
2254 638 2468 693 Arcadii
2510 641 2620 696 ﬁlio
2652 642 2970 712 imperatore
3005 655 3187 700 nostro
3232 648 3404 714 primo
3450 664 3672 719 congre-

2182 714 2206 781 ἰ
2253 732 2391 801 gatis
2427 735 2683 803 expositae
2717 744 2843 788 sunt
2871 736 3153 802 doctrinae,
3192 749 3442 806 tanquam
3473 741 3671 794 infrac-

2187 840 2205 872 t
2248 831 2356 875 ttttn
2381 823 2591 891 pietatis
2621 826 2786 881 robur
2812 826 3177 897 obsignamus,
3205 845 3366 882 unum
3396 831 3668 885 Christum

2189 930 2207 964 ι
2252 912 2449 967 Filium
2482 915 2574 969 Dei
2607 927 2660 971 et
2691 917 3028 972 incarnatum
3059 922 3428 988 praedicantes,
3454 935 3527 987 et,
3555 939 3672 990 qua:

2189 1020 2207 1052 ι
2255 1002 2425 1069 ipsum
2456 1004 2573 1057 sine
2619 1007 2821 1060 semine
2850 1008 3079 1076 peperit,
3104 1010 3432 1078 impollutam
3458 1026 3671 1079 semper

2186 1112 2205 1143 ι
2250 1092 2522 1163 Virginem
2553 1136 2569 1158 ,
2618 1100 2833 1167 pr0prie
2880 1110 2931 1153 et
2983 1117 3110 1155 vere
3157 1100 3437 1169 Deiparam
3488 1106 3673 1159 decer-

2189 1202 2207 1234 ι
2254 1195 2484 1240 nentese
2529 1186 2759 1258 ineptam
2784 1188 3018 1243 Nestorii
3040 1191 3381 1258 divisionem,
3416 1204 3667 1262 tanquam

2186 1294 2203 1327 ι
2258 1291 2289 1331 a
2321 1276 2497 1331 divina
2541 1289 2686 1333 sorte
2716 1288 2998 1347 semotam,
3044 1296 3426 1352 persequentes
3454 1324 3469 1349 ,
3500 1287 3675 1339 homi-

2185 1388 2203 1421 ι
2250 1385 2371 1424 nem
2435 1374 2749 1441 separatim,
2801 1386 2852 1429 et
2908 1375 3077 1431 Deum
3135 1379 3444 1446 separatim,
3506 1397 3667 1448 unum

2188 1475 2206 1507 ‹
2248 1456 2519 1529 Christum
2552 1462 2909 1529 decernentis,
2942 1473 2996 1518 et
3029 1464 3352 1533 impietatem
3404 1465 3668 1521 ludaicam

2184 1566 2202 1600 ι
2253 1552 2581 1606 renovantis.
2618 1552 2919 1618 Quinetiam
2947 1570 3087 1621 eam,
3115 1571 3232 1625 qua:
3267 1556 3669 1613 Chalcedonen-

2183 1660 2200 1689 ι
2242 1642 2378 1696 sium
2409 1646 2684 1712 metropoli
2711 1647 2809 1700 sub
2834 1646 3101 1700 Marciano
3131 1687 3147 1712 ,
3202 1651 3294 1717 qui
3336 1649 3436 1702 fuit
3478 1661 3531 1705 et
3559 1652 3669 1719 ipse

2184 1749 2202 1783 ι
2242 1734 2535 1802 imperator
2581 1747 2781 1801 uoster,
2815 1752 2843 1790 a
2871 1737 2972 1791 6⁸50
3008 1741 3268 1810 descripta
3307 1752 3388 1794 est
3418 1742 3667 1796 Patt’ibus

2184 1842 2202 1875 ι
2251 1841 2279 1877 a
2333 1825 2443 1880 Deo
2477 1828 2695 1883 delectis
2737 1830 2893 1884 ﬁdem
2926 1832 3226 1886 orthodoxe
3248 1834 3664 1897 conﬁrmamus;

2183 1933 2200 1965 ι
2248 1932 2365 1985 quae
2389 1932 2547 1972 unum
2568 1920 3040 1975 CltristumFilium
3065 1921 3263 1989 Dei,,ex
3282 1926 3487 1980 duabus
3512 1935 3669 1978 natu-

2182 2021 2199 2054 ι
2248 2005 2321 2057 ris
2352 2008 2748 2075 compositum,
2800 2020 2851 2063 et
2887 2012 2939 2064 in
2987 2011 3196 2067 duabus
3224 2014 3423 2068 eisdem
3462 2016 3669 2067 naturis

2180 2109 2197 2141 ι
2236 2077 2725 2164 creditumﬁnagna
2743 2112 2804 2149 ac
2817 2097 3028 2151 sublimi
3049 2114 3175 2153 voce
3200 2112 3458 2154 terrarum
3477 2099 3668 2154 ﬁnibus

2178 2200 2195 2233 ι
2244 2184 2482 2247 tradidit,
2508 2195 2561 2239 et
2583 2186 2742 2241 stulte
2759 2202 2820 2241 ac
2838 2188 3013 2256 inepte
3031 2191 3344 2245 sentientem
3370 2192 3663 2262 Eutychen,

2177 2289 2195 2320 ι
2242 2275 2330 2341 qui
2348 2290 2595 2343 magnum
2616 2282 2927 2333 meonnmire
2948 2284 3252 2351 mysterium
3271 2285 3663 2338 existimatione

2149 2381 2194 2412 .t
2241 2365 2410 2418 solum
2450 2367 2740 2435 perfectqu
2784 2385 2903 2427 esse
2945 2376 3185 2441 putabat,
3232 2384 3481 2443 tauquam
3515 2391 3666 2430 avet-

2176 2475 2193 2506 ι
2242 2458 2457 2511 tendqu
2511 2460 2724 2529 aliquod
2761 2474 3088 2531 portentum,
3132 2476 3430 2537 tetramque
3460 2480 3659 2537 pestem

2177 2565 2195 2598 ι
2242 2562 2305 2602 ex
2339 2550 2511 2605 sacris
2558 2551 2809 2607 Ecclesiae
2841 2557 3128 2611 ambitihus
3168 2560 3521 2659 exturbathJ
3544 2561 3661 2615 Una

2181 2657 2198 2688 ι
2246 2650 2419 2692 autem
2453 2656 2573 2694 cum
2608 2658 2671 2695 eo
2697 2646 2857 2697 etiam
2893 2645 3200 2700 Nestorium
3243 2660 3295 2701 et
3325 2645 3662 2714 Dioscdrum,

2178 2749 2194 2780 ι
2241 2745 2467 2799 quorum
2539 2733 2627 2787 ille
2666 2736 2878 2802 quidem
2912 2739 3215 2805 divisionis,
3253 2742 3337 2795 hic
3372 2757 3495 2795 vero
3521 2758 3656 2796 cou-

2180 2842 2197 2874 ι
2236 2824 2468 2879 (usionis
2499 2827 2749 2884 defensor
2774 2839 2890 2883 erat
2912 2841 2963 2886 et
2994 2846 3382 2901 prepuguator,
3418 2836 3506 2903 qui
3541 2837 3658 2905 qui-

2180 2935 2197 2967 ι
2244 2917 2361 2969 dem
2389 2933 2452 2972 ex
2474 2919 2762 2988 impietatis
2779 2922 3042 2975 diametro
3062 2924 3127 2977 ad
3149 2941 3308 2978 unum
3338 2927 3657 2993 perditionis

2175 3024 2196 3057 ι
2238 3017 2293 3061 et
2317 3008 2604 3076 impietatis
2632 3011 2790 3083 156
2832 2999 3165 3067 barathrum.
3198 3017 3525 3071 deciderant.
3553 3016 3659 3072 Sed

2183 3116 2201 3148 ι
2247 3110 2301 3153 et
2336 3100 2436 3153 165
2461 3102 2759 3156 divinorum
2790 3101 3010 3167 Ratrum
3039 3107 3091 3159 in
3134 3107 3231 3161 hac
3274 3110 3491 3193 civita’te
3528 3111 3657 3179 imp.

2181 3208 2200 3241 ι
2248 3201 2686 3262 congregatorum
2736 3195 2839 3249 sub
2895 3194 3196 3253 Iustiniano
3249 3201 3346 3268 pia:
3386 3206 3660 3258 memoria:

2179 3299 2197 3333 ι
2243 3283 2332 3351 qui
2392 3283 2493 3337 fuit
2551 3285 2843 3353 imperator
2896 3299 3099 3351 noster,
3158 3291 3274 3355 plas
3329 3308 3485 3347 voces
3524 3304 3579 3348 et
3625 3312 3653 3347 ιι

2176 3392 2192 3423 ι
2238 3373 2440 3441 Spiritu
2471 3376 2642 3429 editas
2671 3378 3061 3443 cognoscimus,
3088 3392 3139 3433 et
3176 3394 3417 3448 posteros
3447 3394 3657 3439 nostros

2176 3482 2193 3514 ι
2239 3467 2512 3520 docemus.
2539 3466 2640 3531 Qui
2675 3465 3011 3521 Theodorum
3042 3469 3397 3539 Mopsuestiae,
3422 3474 3652 3530 Nestorii
3710 3478 3715 3482 ’

2172 3573 2188 3604 ι
2236 3542 2649 3624 magistrum,et
2700 3556 2968 3626 Origineut
3010 3565 3063 3611 et
3111 3558 3389 3629 Didymum
3433 3575 3485 3616 et
3516 3564 3655 3617 Eva-

2171 3664 2186 3694 t
2234 3645 2427 3713 grium,
2459 3647 2549 3715 qui
2582 3645 2797 3702 Grtecas
2838 3646 3046 3703 fabulas
3079 3665 3262 3704 rursus
3284 3654 3431 3707 ﬁctas
3459 3658 3655 3709 retule-

2173 3754 2191 3786 ι
2242 3746 2389 3800 runt,
2443 3745 2497 3790 et
2538 3751 2820 3806 corporum
2868 3740 3218 3807 quorumdam
3254 3751 3322 3797 et.
3353 3745 3651 3799 animarum

2174 3846 2191 3878 ι
2241 3828 2594 3885 circuitiones
2634 3842 2687 3887 et
2740 3834 3138 3887 immutationes
3180 3849 3271 3887 seu
3306 3839 3658 3906 transmigra-

2164 3938 2181 3970 ι
2232 3921 2406 3976 tiones
2453 3924 2519 3977 de
2567 3924 2775 3993 integro
2831 3925 2985 3979 nobis
3024 3936 3343 3979 revocarunt
3378 3930 3491 3982 suis
3530 3932 3653 3997 qui-

2163 4030 2180 4062 ι
2227 4011 2453 4066 busdam
2488 4016 2685 4069 mentis
2717 4016 2920 4072 deliriis
2958 4034 3020 4072 ac
3056 4020 3296 4083 somniis,
3334 4030 3385 4073 et
3430 4022 3482 4073 in
3509 4037 3652 4074 mor-

2166 4124 2183 4155 ι
2226 4114 2442 4159 tuorum
2477 4109 2926 4164 resurrectionem
2968 4112 3127 4180 impie
3168 4127 3231 4166 ac
3265 4114 3651 4168 contumeliose

2162 4217 2181 4249 ι
2226 4199 2584 4253 insultarunt:
2627 4211 2680 4253 et
2717 4216 2834 4270 quae
2872 4217 2902 4256 a
2943 4202 3272 4259 Tlteodorito
3292 4206 3493 4269 scripta
3526 4218 3649 4260 sunt

2160 4311 2177 4344 ι
2224 4293 2483 4347 adversus
2513 4303 2717 4347 reetam
2740 4294 2895 4347 ﬁdem
2911 4304 2964 4348 et
2986 4296 3050 4348 12
3081 4295 3218 4349 beati
3240 4296 3419 4368 Cyrilli
3448 4298 3646 4367 capita.

2160 4401 2179 4435 ι
2225 4392 2278 4436 et
2308 4397 2447 4447 eam,
2495 4397 2614 4451 quae
2654 4384 2850 4437 dicitur
2881 4383 3004 4449 lbaa,
3049 4387 3352 4455 epistolam,
3393 4392 3649 4461 synodico

2161 4492 2179 4525 (
2226 4473 2749 4527 anathematizarunt
2803 4487 2855 4529 et
2927 4479 3187 4531 exsecrati
3244 4491 3388 4535 sunt.
3484 4482 3646 4537 Porro

2162 4582 2181 4617 ι
2228 4575 2394 4627 sexta:
2417 4579 2631 4633 quoque
2664 4567 2872 4636 synodi,
2909 4583 3025 4636 qua:
3054 4570 3104 4621 in
3142 4570 3241 4625 hac
3272 4574 3487 4628 civitate
3515 4576 3642 4645 imp.

2163 4676 2179 4708 ι
2226 4657 2324 4712 sub
2365 4657 2559 4710 divin'ae
2609 4660 2880 4712 memoriae
2912 4659 3040 4726 imp.
3072 4671 3252 4715 nostro
3285 4662 3647 4720 Constantino

2160 4769 2178 4800 ι
2221 4763 2394 4818 nuper
2425 4759 2747 4819 congregata
2779 4751 2973 4817 fuerat,
3024 4752 3206 4820 ﬁdem,
3250 4769 3365 4823 qua!
3389 4758 3644 4826 majorem

2160 4860 2177 4891 ι
2226 4841 2535 4895 ﬁrmitatem
2566 4856 2629 4895 ex
2665 4855 2732 4896 eo
2766 4843 2974 4911 accepit
3002 4883 3017 4909 ,
3046 4847 3184 4913 quod
3213 4847 3331 4916 pius
3356 4849 3646 4919 imperator

2160 4954 2177 4987 ι
2225 4946 2407 4991 noster
2434 4939 2549 5007 ejus
2583 4937 2881 4993 decisiones
2913 4955 3010 4992 suo
3036 4941 3314 5009 signaculo
3346 4947 3534 4997 muniit
3576 4946 3642 4997 ad

2160 5045 2177 5077 ι
2230 5026 2462 5079 futuram
2510 5026 2562 5079 in
2611 5026 2790 5080 omnia
2835 5026 3025 5080 saecula
3072 5029 3435 5093 securitatem,
3477 5029 3646 5081 invio-

2159 5135 2176 5168 ι
2225 5119 2383 5171 latam
2414 5132 2508 5172 nos
2547 5132 2765 5172 servare
2798 5119 3129 5187 proﬁtemur,
3161 5135 3277 5188 quae
3326 5120 3457 5174 duas
3493 5128 3642 5172 natu-

2158 5231 2174 5261 ‹
2225 5210 2363 5265 rales
2392 5211 2673 5265 volitiones
2720 5212 2833 5264 sive
2878 5210 3176 5265 voluntates
3206 5210 3443 5279 duasque
3486 5219 3636 5264 natu-

2156 5322 2174 5353 ι
2226 5302 2362 5356 rales
2405 5302 2748 5368 operationes
2794 5302 2848 5355 in
2893 5302 3168 5355 iucarnata
3218 5302 3376 5356 unius
3424 5303 3637 5357 Domini

2159 5414 2176 5445 ι
2224 5394 2392 5447 nostri
2421 5391 2544 5447 Jcsu
2577 5394 2779 5447 Christi
2810 5396 2921 5448 veri
2956 5393 3047 5448 Dei
3090 5396 3385 5473 (mouentia
3430 5409 3527 5449 nos
3554 5395 3639 5465 pie

2154 5507 2171 5538 ι
2216 5485 2421 5553 opinari
2451 5484 2648 5540 debere
2673 5498 2857 5554 aperte
2898 5487 3078 5539 docuit
3100 5470 3281 5551 :F’iis,
3312 5488 3401 5556 qui
3434 5480 3659 5541 rectum

2156 5600 2173 5633 ι
2222 5580 2464 5635 veritatis
2521 5580 2795 5635 decretum
2858 5580 3319 5644 adulteraveraut,
3376 5590 3428 5634 et
3478 5595 3636 5634 uuam

2154 5692 2170 5724 ι
2220 5671 2551 5725 voluntatem
2584 5686 2648 5725 ac
2678 5673 3048 5741 Operatiouem
3097 5686 3256 5726 unam
3301 5672 3354 5725 itt
3398 5688 3505 5727 uno
3536 5671 3634 5726 Do-

2158 5784 2176 5817 ‹
2221 5765 2367 5820 mino
2415 5762 2526 5820 Deo
2571 5775 2757 5824 nostro
2784 5762 2909 5822 Jesu
2942 5766 3159 5823 Christo
3206 5766 3432 5837 populos
3473 5768 3633 5823 docu-
