4138 6210
593 353 692 415 519

652 464 835 522 Tertia
871 474 1046 519 autem
1076 461 1269 531 Ephesi
1305 461 1437 526 fuit,
1470 462 1568 514 sub
1596 460 1899 514 Theodosio
1942 459 2133 514 Minori
2165 471 2212 524 Α

590 565 772 612 cotttra
803 557 1106 611 Nestorium
1149 553 1383 607 hominis
1413 553 1694 617 cultorem,
1731 553 1822 622 qui
1865 552 2136 607 Christum

588 649 748 717 impie
785 648 989 710 divisit,
1039 657 1093 700 ct
1137 645 1428 705 dissecuit,
1480 659 1710 712 euntque
1759 645 1961 698 nudmn
2019 659 2139 698 esse

588 741 856 795 hominem
891 738 1023 791 dixit
1054 747 1106 789 et
1142 751 1246 790 non
1297 737 1461 790 Deum
1512 736 1845 788 incarnatum
1869 772 1884 797 ,
1915 745 1970 788 et
2003 735 2138 801 duos

586 832 720 886 ﬁlios
743 842 795 884 et
827 833 959 883 duas
981 845 1243 899 personas
1289 831 1341 882 in
1392 844 1495 882 uno
1522 827 1739 881 Christo
1775 829 1880 880 Deo
1914 827 2134 891 docuit,

586 923 723 974 unde
746 930 798 972 et
823 920 1219 973 sanctissimam
1251 920 1519 986 Virginem
1547 916 1792 980 Mariam,
1822 931 1940 984 qua!
1964 917 2134 984 ipsum

589 1010 753 1064 Deum
796 1009 1080 1063 Dominum
1121 1020 1363 1063 nostrum
1401 1009 1584 1062 Jesum
1611 1008 1882 1061 Christum
1909 1007 2133 1076 peperit,

585 1117 688 1157 nan
722 1102 1117 1170 Deiparcntem,
1155 1103 1245 1155 sed
1277 1101 1475 1155 Christi
1510 1101 1795 1155 l’arcntem
1829 1100 2061 1153 vocavit.

652 1281 854 1344 Quarta
888 1295 1013 1332 vero
1046 1278 1387 1350 Chalcedone
1411 1319 1426 1342 ,
1454 1279 1554 1332 sub
1587 1279 1990 1345 religiosissima
2033 1281 2137 1334 itu-

583 1382 828 1438 peratnre
859 1370 1152 1434 Marciano,
1185 1372 1292 1424 tilio
1337 1370 1557 1424 Gambri
1595 1387 1658 1425 ex
1688 1370 1981 1425 Theodosii
2043 1373 2140 1426 Mi-

585 1467 734 1520 noris
759 1480 970 1530 sorore,
1011 1477 1193 1518 contra
1239 1466 1551 1519 Dioscornm
1579 1478 1632 1519 et
1675 1460 1968 1535 Eutychem
1999 1508 2014 1530 ,
2045 1468 2135 1536 qui

585 1556 675 1610 Dei
706 1570 758 1612 et
786 1557 1134 1627 Sospitatoris
1160 1559 1324 1612 nostri
1347 1557 1466 1611 Jesu
1496 1558 1695 1613 Christi
1721 1561 2137 1614 incarnationem

585 1652 965 1720 imaginatione
1007 1662 1209 1705 tantum
1243 1650 1355 1705 lieri
1391 1652 1608 1706 fabulati
1645 1662 1791 1716 Sunt,
1826 1665 2055 1722 eumque
2084 1653 2136 1706 in

585 1759 685 1794 una
719 1743 828 1796 sola
862 1753 1055 1796 natura
1088 1746 1350 1798 exsistere
1377 1745 1657 1807 dixerunt,
1685 1755 1738 1799 et
1783 1744 1964 1798 deitati
2007 1760 2135 1815 pns-

583 1834 761 1888 siones
792 1835 1176 1890 attribuerunt.
1875 1823 1886 1836 ’

660 1925 854 1987 Quinta
889 1934 1067 1980 autem
1097 1925 1197 1979 sub
1215 1924 1522 1980 Iustiniano
1555 1926 1748 1996 Magno
1767 1928 2139 1983 Constantino-

585 2013 694 2081 poli
729 2013 909 2068 habita
943 2024 1024 2068 est
1062 2026 1251 2069 contra
1286 2015 1599 2069 deiirantem
1645 2017 1928 2086 Origenem
1954 2057 1968 2081 ,
2005 2017 2138 2069 Eva-

585 2108 758 2173 grium
788 2117 841 2158 et
885 2106 1164 2175 Didymum
1189 2148 1205 2173 ,
1240 2108 1327 2176 qui
1363 2107 1671 2162 Graecanica
1712 2110 2031 2180 relingcntes
2075 2113 2137 2162 li-

593 2210 832 2266 gmenta,
873 2209 926 2252 et
967 2201 1081 2268 ipsa
1129 2200 1241 2253 haec
1285 2216 1531 2268 corpora,
1594 2203 1788 2271 quibus
1844 2205 2132 2271 cingimur,

588 2291 750 2344 stulte
777 2291 1030 2343 dixerunt
1081 2306 1185 2344 non
1222 2292 1506 2361 resurgere
1529 2333 1544 2356 ,
1575 2301 1629 2345 et
1675 2295 1981 2383 paradisum
2036 2297 2137 2348 sub

585 2397 796 2434 sensum
835 2398 935 2434 non
971 2390 1166 2436 cadere
1194 2420 1209 2444 ,
1246 2399 1345 2436 nec
1390 2400 1419 2437 a
1469 2385 1578 2438 Deo
1624 2400 1763 2449 esse,
1804 2395 1856 2438 et
1895 2386 1948 2439 in
1979 2401 2141 2443 carne

587 2489 692 2527 non
725 2475 1013 2527 formatum
1051 2475 1217 2529 fuisse
1256 2476 1518 2530 Adamum
1547 2519 1561 2540 ,
1589 2487 1643 2531 et
1674 2479 1969 2544 punitionis
1995 2480 2138 2533 futu-

588 2581 704 2622 l'tllll
739 2579 855 2618 esse
887 2567 1066 2626 linem,
1095 2575 1150 2619 et
1177 2565 1473 2621 dartnonum
1511 2567 1578 2620 ad
1625 2577 1820 2621 statum
1855 2570 2135 2637 pristinum

589 2660 1003 2722 restitutionem,
1034 2669 1087 2713 et
1114 2660 1247 2713 alias
1280 2660 1590 2715 innumeras
1623 2661 1959 2716 delirantium
1990 2664 2138 2722 blas-

588 2751 848 2819 phemias.

656 2841 819 2893 Sexta
871 2851 1043 2895 autem
1090 2841 1188 2895 sub
1232 2841 1579 2896 Constantino
1623 2842 1891 2912 Pogonato
1953 2849 2137 2905 habita

590 2927 692 2982 fuit
713 2926 1201 3000 Constantinopoli,
1235 2939 1425 2984 contra
1457 2933 1796 2987 Theodorum
1830 2939 2135 3008 episcopum

588 3019 846 3085 Pharani,
895 3023 1185 3077 llonorium
1247 3023 1462 3088 Romae,
1510 3027 1708 3096 Cyrum
1763 3029 2134 3097 Alexandria,

1830 345 2106 407 THEOD.
2145 344 2549 406 BALSAMON

3695 351 3798 413 520

2319 459 2386 512 Ἥ
2417 459 2474 511 δὲ
2503 459 2664 529 τρίτη
2693 462 2750 511 ἐν
2794 459 2999 528 Ἐφέσῳ
3029 461 3122 512 ἐπὶ
3150 460 3430 515 Θεοδοσίου
3468 461 3564 515 τοῦ
3602 468 3800 535 μικροῦ

2239 553 2380 606 κατὰ
2402 551 2698 622 Νεστορίου
2725 551 2819 603 τοῦ
2849 552 3302 622 ἀνθρωπολάτρου
3329 555 3422 607 τοῦ
3451 555 3541 608 τὸν
3567 557 3808 630 Χριστὸν

2235 643 2510 701 δυσσεϐῶς
2536 640 2871 712 διαιροῦντος
2901 644 2996 695 καὶ
3033 645 3484 711 κατατέμνοντος,
3526 648 3622 700 καί
3649 649 3810 716 ψιλὸν

2236 734 2521 804 ἄνθρωπον
2555 735 2716 787 αὑτὸν
2742 732 2878 788 εἶναι
2913 736 3184 804 λέγοντος,
3212 740 3305 790 καὶ
3335 739 3394 791 οὐ
3425 738 3561 792 Θεὸν
3597 757 3801 813 σεσαρο

2240 824 2486 894 κωμένον
2508 841 2524 857 ο
2557 826 2651 876 καὶ
2680 823 2775 876 δύο
2803 826 2970 889 υἱοὺς,
2999 827 3091 878 καὶ⁵
3113 828 3438 892 ὑποστάσεις
3462 829 3555 882 δύο
3578 833 3670 885 ἐπὶ
3701 830 3800 884 τοῦ

2237 917 2354 978 ἑνὸς
2401 916 2638 985 Χριστοῦ
2686 915 2780 968 τοῦ
2824 916 2957 970 Θεοῦ
3001 917 3452 988 δογματίζοντος,
3497 922 3618 975 ὅθεν
3665 926 3804 994 μηδὲ

2237 1008 2518 1072 Θεοτόκον,
2561 1008 2696 1061 ἀλλὰ
2737 1010 2779 1060 Χ
2789 1010 3096 1079 ριστοτόκον
3115 1011 3475 1081 ὀνομάζοντος
3506 1014 3604 1084 τὴν
3631 1017 3804 1087 ὑπερ-

2237 1100 2400 1165 αγίαν
2448 1101 2719 1168 Παρθένον
2761 1102 2998 1171 Μαρίαν,
3045 1103 3141 1171 τὴν
3186 1103 3456 1158 τεκοῦσαν
3495 1108 3658 1161 αὑτὸν
3709 1110 3804 1162 τὸν

2237 1190 2366 1244 Θεὸν
2391 1191 2481 1244 τὶν
2516 1194 2717 1263 Κύριον
2748 1195 2904 1264 ἡμῶν
2944 1196 3149 1263 Ἰησοῦν
3173 1197 3430 1267 Χριστόν.

2319 1281 2380 1334 Ἡ
2422 1283 2477 1335 δὲ
2517 1289 2746 1354 τετάρτη
2779 1290 2835 1339 ἐν
2875 1286 3173 1356 Χαλκηδόνι
3223 1291 3315 1341 ἐπὶ
3347 1292 3668 1360 Μαρκιανοῦ
3706 1298 3799 1348 τοῦ

2237 1372 2626 1426 εὐσεϐεστάτου
2672 1375 2970 1444 βασιλέως,
3013 1378 3105 1430 τοῦ
3152 1379 3405 1449 γαμϐροῦ
3457 1383 3544 1433 ἐπ’
3593 1383 3799 1456 ἀδελφῇ

2237 1462 2520 1517 Θεοδοσίου
2550 1467 2642 1518 τοῦ
2679 1468 2872 1534 μικροῦ
2909 1467 3044 1537 (55),
3075 1473 3212 1522 κατά
3247 1473 3538 1543 Διοσκόρου
3569 1475 3662 1526 καὶ
3695 1475 3802 1527 Εὐ-

2237 1557 2453 1626 τυχοῦς,
2487 1560 2593 1610 τῶν
2627 1561 2723 1630 τὴν
2755 1561 3167 1631 ὲνανθρώπησιν
3203 1563 3297 1616 τοῦ
3329 1564 3464 1618 Θεοῦ
3497 1573 3588 1620 καὶ
3619 1570 3803 1640 Σωτῆ-

2241 1666 2330 1718 ρος
2355 1651 2513 1719 ἡμῶν
2555 1653 2727 1721 Ἰησοῦ
2757 1653 2992 1724 Χριστοῦ
3023 1656 3079 1707 ὲν
3110 1657 3381 1727 φαντασία
3411 1660 3663 1726 γενέσθαι
3697 1681 3802 1731 μυ-

2241 1742 2668 1811 θολογησάντων,
2699 1746 2789 1796 καὶ
2816 1748 2878 1796 ’ἐν
2918 1749 3014 1816 μιᾷ
3041 1747 3199 1815 φύσει
3230 1750 3392 1802 αὐτὸν
3424 1751 3690 1820 ὑπάρχειν
3717 1756 3803 1807 λε-

2241 1833 2461 1900 γόντων,
2499 1838 2589 1888 καὶ
2621 1838 2998 1906 προνεμόντων
3030 1843 3093 1909 τῇ
3127 1841 3441 1911 θεότητιιτά
3473 1843 3800 1914 παθήματα.

2318 1923 2382 1976 Ἢ
2419 1925 2474 1977 δὲ
2510 1927 2728 1998 πέμπτη
2753 1969 2766 1992 ,
2799 1931 2889 1982 ἐπὶ
2934 1930 3308 1985 Ἰουστινιανοῦ
3337 1935 3431 1986 τοῦ
3461 1937 3718 2004 Μεγάλου
3747 1941 3804 1991 ὲν

2239 2017 2803 2072 Κωνσταντινουπόλει
2822 2023 2959 2075 κατὰ
2979 2023 3071 2078 τοῦ
3098 2027 3445 2095 παράφρονος
3468 2029 3797 2099 Ὠριγένους,

2238 2109 2510 2178 Εὑαγρίου
2538 2129 2594 2164 τε
2628 2114 2719 2166 καὶ
2747 2114 3002 2185 Διδύμου,
3033 2116 3142 2168 τῶν
3175 2118 3272 2180 τὰς
3317 2119 3640 2190 Ἑλληνικάς
3674 2125 3801 2176 ἀνα-

2239 2201 2596 2271 πλασαμένων
2627 2206 2968 2274 μυθοποιίας,
3001 2190 3096 2262 καί
3121 2211 3256 2264 αὑτά
3290 2212 3356 2266 τά
3389 2212 3616 2283 σώματα
3645 2215 3682 2268 ἃ
3711 2217 3804 2269 νῦν

2238 2295 2601 2364 περικείμεθα
2633 2299 2874 2364 ἀνοήτως
2905 2301 3167 2354 εἰπόντων
3203 2303 3279 2373 μὴ
3313 2306 3634 2360 ἀνίστασθαι
3660 2326 3673 2340 ·
3711 2313 3804 2363 καὶ

2239 2389 2564 2456 παράδεισον
2593 2391 2845 2460 αἰσθητὸν
2878 2392 2952 2463 μὴ
2986 2397 3236 2459 γενέσθαι
3268 2399 3330 2449 ὲκ
3363 2400 3456 2451 τοῦ
3487 2401 3620 2453 Θεοῦ
3661 2403 3798 2473 μήτε

2238 2479 2414 2535 εἶναι·
2450 2485 2541 2536 καὶ
2572 2487 2628 2536 ἐν
2667 2489 2828 2554 σαρκὶ
2869 2488 2940 2556 μὴ
2978 2489 3279 2557 πλασθῆναι
3313 2493 3402 2545 τὸν
3455 2495 3626 2566 Ἀδάμ
3651 2515 3665 2528 ο
3706 2503 3802 2553 καὶ

2237 2575 2391 2638 τέλος
2421 2573 2558 2628 εἷναι
2587 2578 2683 2646 τῆς
2712 2579 3015 2643 κολάσεως,
3065 2585 3156 2635 καὶ
3187 2583 3452 2652 δαιμόνων
3500 2591 3579 2651 είς
3609 2592 3670 2642 τὸ
3701 2595 3800 2660 ἁρ-

2238 2667 2389 2736 χαῖον
2413 2668 2871 2733 ἀποκατάστασιν,
2895 2673 2988 2724 καὶ
3013 2674 3204 2742 ἐτέρας
3233 2671 3431 2747 μυρίας
3452 2680 3803 2753 βλασφημίας

2238 2759 2304 2828 λη
2313 2760 2454 2828 ρωδη
2463 2761 2690 2816 σάντων.

2318 2853 2380 2905 Ἦ
2416 2855 2471 2907 δὲ
2509 2855 2641 2926 ἕκτη
2674 2858 2762 2910 ἐπὶ
2794 2859 3196 2916 Κωνσταντίνου
3225 2865 3318 2917 τοῦ
3360 2867 3700 2936 Πωγωνάτου
3745 2874 3804 2926 ἐν

2238 2943 2798 3006 Κωνσταντινουπόλει
2845 2955 2984 3008 κατὰ
3027 2956 3300 3028 Θεοδώρου
3346 2962 3438 3015 τοῦ
3477 2969 3574 3033 τῆς
3615 2968 3802 3036 ibatin

2243 3042 2559 3106 ἐπισκόπου,
2604 3044 2854 3115 Ὀνωρέου
2894 3048 3130 3119 Ῥώμης,
3167 3052 3349 3122 Κύρου
3373 3055 3797 3129 Ἀλεξανδρείας,

592 3112 952 3183 Sergiumque
997 3124 1050 3167 et
1094 3113 1380 3184 Pyrrhum,
1408 3115 1629 3170 Paulum
1663 3128 1714 3172 et
1752 3118 1989 3187 Petrum,
2040 3125 2128 3190 qui

2239 3132 2462 3202 Σεργίου
2501 3152 2559 3187 τε
2607 3137 2700 3190 καὶ
2741 3112 2978 3211 Πύρρου,
3004 3112 3374 3200 ’Πώλου-καὶ
3424 3112 3652 3220 Πετραί,
3694 3112 3801 3205 τᾶξυ

591 3205 842 3258 Ecclesiae
877 3204 1483 3274 Constantinopolitanae
1515 3209 1843 3275 praefuerunt
1869 3249 1884 3271 .
1917 3222 1970 3266 et
2002 3212 2134 3266 alios

586 3296 679 3364 qui
709 3309 892 3349 eorum
925 3297 1166 3350 haeresim
1201 3309 1546 3353 renovarunt.
1583 3299 1645 3353 Hi
1675 3302 1818 3355 enim
1849 3303 1956 3358 Deo
1982 3320 2140 3374 repu-

588 3397 814 3453 gnantes
847 3398 900 3442 et
930 3390 1269 3458 nequissimi,
1300 3405 1420 3444 cunt
1452 3392 1732 3446 Dominum
1780 3404 2019 3450 nostrum
2053 3397 2141 3452 Je-

585 3494 702 3532 smn
737 3479 1014 3534 Christum
1045 3482 1206 3534 etiam
1243 3492 1363 3550 post
1389 3483 1816 3540 incarnationem
1853 3503 2010 3542 unam
2042 3506 2137 3543 vo-

587 3566 842 3621 luntatem
882 3579 935 3622 et
978 3585 1134 3623 unam
1167 3571 1528 3637 operationem
1579 3574 1775 3630 habere
1818 3578 2136 3647 docuerunt,

595 3659 662 3712 ab
686 3659 785 3714 hac
816 3663 1020 3730 synodo
1044 3664 1384 3718 anathemate
1415 3668 1874 3732 percutiebantur.
1895 3671 2140 3732 Canoues

590 3762 766 3805 autem
801 3769 898 3807 nec
933 3770 961 3806 a
998 3757 1181 3824 quinta
1228 3757 1430 3825 synodo
1458 3760 1558 3814 sub
1595 3761 1898 3818 Iustiniano
1950 3765 2140 3838 Magno

593 3844 770 3898 habita
810 3863 904 3899 nec
934 3848 999 3900 ab
1038 3849 1137 3902 hac
1171 3860 1318 3904 sexta
1347 3853 1450 3908 sub
1479 3852 1831 3910 Constantino
1866 3856 2138 3928 Pogonato

589 3948 912 4006 coiigregata
942 3939 1068 3993 editi
1095 3939 1260 3994 fuere.
1275 3941 1476 3998 Dicitur
1500 3953 1676 4000 autem
1703 3957 1758 4002 et
1781 3949 1868 4002 illa
1889 3952 1987 4005 sub
2004 3952 2141 4007 Con-

586 4031 822 4084 atantino
835 4029 1106 4098 Pogonato
1128 4036 1363 4104 synodus
1378 4045 1548 4104 sexta,
1563 4049 1617 4094 et
1640 4040 1751 4095 haec
1771 4057 2142 4116 praesens,qu:n

591 4123 690 4174 sub
727 4122 835 4178 lilio
885 4125 1001 4195 ejus
1051 4127 1394 4183 lihinotnteto
1441 4129 1644 4197 habita,
1693 4138 1845 4188 sexta
1887 4149 2136 4206 quoque,

587 4214 707 4280 quia
750 4216 917 4271 amhze
950 4228 1008 4272 ut
1037 4235 1138 4272 una
1171 4222 1276 4274 visa
1307 4232 1390 4276 est
1416 4224 1650 4295 synodus
1676 4265 1692 4291 ,
1725 4229 1977 4296 quoniam
2025 4233 2139 4287 haec

589 4315 708 4374 post
732 4309 916 4377 viginti
950 4322 1148 4378 septem
1183 4330 1351 4367 annos
1383 4316 1560 4369 habita
1594 4317 1714 4383 fuit,
1745 4327 1800 4373 et
1826 4320 1906 4373 vel
1951 4336 2138 4376 omnes

585 4399 876 4453 verisimile
930 4411 1013 4454 est
1067 4402 1148 4456 vel
1205 4404 1395 4458 saltem
1455 4407 1711 4474 plurimos
1755 4411 2131 4481 episcoporum

585 4491 800 4542 eosdem
837 4490 1000 4546 fuisse
1044 4495 1132 4562 qui
1166 4494 1252 4548 hic
1303 4505 1358 4550 et
1401 4499 1490 4565 qui
1538 4499 1608 4553 ibi
1645 4513 2033 4573 convenerunt,
2079 4516 2135 4562 et

2240 4503 2364 4566 τοὺς
2392 4505 2519 4568 ἴσως
2541 4503 2699 4571 εἶναι,
2722 4511 2753 4579 ἢ
2781 4514 2903 4575 τοὺς
2925 4515 3170 4580 πλείονας
3189 4519 3294 4573 τῶν
3316 4522 3650 4593 ἐπισκόπων,

585 4583 726 4649 quod
777 4592 1000 4652 propter
1037 4587 1250 4639 easdem
1313 4590 1634 4656 quaestiones
1688 4594 1980 4666 eademque
2013 4600 2136 4675 Vdo-

585 4681 758 4741 gmata
783 4677 1088 4746 congregati
1121 4688 1265 4732 Sunt.

1109 4857 1269 4930 153
1299 4859 1524 4916 cauom
1570 4865 1612 4920 ιι

587 4982 606 5015 ι
668 4965 780 5020 Hoc
826 4984 1038 5039 quoque
1083 4972 1207 5028 huic
1238 4986 1431 5032 sanctae
1450 4983 1652 5049 synodo
1691 4984 2042 5050 pulcherrime
2077 5000 2135 5044 et

655 5075 676 5108 ι
714 5059 1090 5116 hunestissime
1148 5065 1384 5133 placuit,
1433 5081 1490 5122 ut
1534 5073 1601 5126 ab
1649 5074 1748 5129 hoc
1799 5093 1940 5134 nunc
2001 5089 2131 5135 tent-

661 5168 678 5198 σ
719 5167 846 5218 pnre
873 5153 1148 5223 deinceps,
1179 5158 1242 5210 ad
1287 5162 1580 5214 animarum
1629 5166 1883 5222 medelam
1925 5180 1978 5223 et
2010 5187 2134 5241 per-

657 5260 676 5292 (
722 5245 1079 5300 turbationum
1118 5251 1449 5306 curatio‘nem
1478 5254 1613 5308 liruti
1654 5259 1977 5330 stabilesque
2016 5280 2129 5318 ma-

2241 3225 2545 3290 γενομένων
2607 3227 3226 3296 Κωνσταντινουπόλεως
3295 3240 3643 3304 ἐπισκόπων,
3707 3249 3801 3296 καὶ

2241 3315 2440 3386 ἑτέρων
2469 3317 2575 3369 τῶν
2608 3319 2703 3391 τὴν
2729 3322 2936 3390 αἵρεσιν
2963 3325 3143 3378 αὐτῶν
3171 3329 3637 3386 άνακαινισάντων
3660 3349 3676 3364 ⁶
3707 3333 3799 3390 οὗ·

2240 3420 2321 3457 τοι
2350 3406 2529 3479 γάρ-οι
2558 3407 2812 3480 θεομάχοι
2841 3415 2933 3465 καὶ
2956 3415 3306 3471 ἀσεϐέστατοι
3332 3420 3388 3473 ἓν
3407 3420 3635 3492 θέλημα,
3669 3427 3801 3494 μίαν

2240 3496 2520 3566 ἐνέργειαν
2562 3497 2704 3570 ἔχειν
2737 3502 2826 3556 τὸν
2870 3505 3070 3575 Κύριον
3116 3510 3269 3578 ἡμῶν
3314 3511 3521 3582 Ἰησοῦν
3564 3515 3800 3585 Χριστὸν

2243 3587 2337 3640 καὶ
2369 3591 2782 3661 μετασὰρκωσιν
2817 3595 3236 3667 δογματίσαντες
3259 3642 3274 3665 ,
3310 3605 3414 3656 ὑπό
3451 3606 3548 3675 τῆς
3581 3608 3798 3661 συνόδου

2241 3681 2441 3750 ταύτης
2469 3685 2996 3759 ἁναθεματίσθησαν.
3030 3692 3266 3757 Κανόνες
3288 3695 3345 3748 δὲ
3377 3695 3498 3749 οὔτε
3527 3701 3675 3768 παρά
3701 3702 3801 3771 τῆς

2242 3772 2495 3843 πέμπτης
2532 3780 2744 3832 συνόδου
2774 3781 2871 3850 τῆς
2895 3783 2988 3836 ἐπὶ
3025 3785 3399 3840 Ἰουστινιανοῦ
3430 3790 3522 3843 τοῦ
3549 3790 3799 3854 Μεγάλου

2242 3867 2558 3938 γενομένης,
2613 3870 2736 3924 οὕτε
2784 3873 2911 3944 παρ’
2962 3877 3131 3944 αὐτῆς
3181 3879 3276 3949 τῆς
3320 3881 3504 3952 ἕκτης,
3557 3885 3654 3953 τῆς
3707 3887 3802 3938 ἐπὶ

2248 3957 2653 4013 Κωνσταντίνου
2676 3963 2767 4015 τοῦ
2794 3963 3130 4034 Πωγωνάτου
3194 3973 3688 4048 συναθροισθείσης,
3714 3979 3802 4044 ἐξ-

2241 4045 2521 4116 ετέθησαν.
2545 4050 2774 4119 Λέγεται
2818 4055 2874 4107 δὲ
2922 4059 3016 4110 καὶ
3050 4061 3080 4128 ή
3129 4062 3219 4113 ἐπὶ
3261 4045 3666 4122 Κωνσταντίνου
3706 4072 3800 4125 τοῦ

2242 4141 2573 4207 Πωγωνάτου
2604 4145 2818 4209 σύνοδος
2839 4148 2994 4218 ἕκτη,
3030 4155 3124 4206 καὶ
3154 4156 3184 4225 ἡ
3215 4159 3485 4227 παροῦσα,
3517 4162 3548 4230 ἡ
3579 4164 3668 4215 ἐπὶ
3703 4165 3798 4218 τοῦ

2241 4229 2355 4282 υἱοῦ
2390 4233 2550 4284 αὑτοῦ
2586 4235 2678 4287 τοῦ
2732 4236 3376 4319 Ῥινοτμήτου.γενομένη
3402 4289 3417 4313 ,
3457 4252 3624 4322 ἕκτη·
3665 4257 3800 4310 διότι

2245 4322 2322 4385 ὡς
2357 4323 2452 4392 μία
2482 4326 2665 4392 ἔδοξαν
2700 4329 2912 4417 σύνοδος
2943 4336 3034 4386 καὶ
3069 4338 3372 4410 ἀμφότεραι
3395 4382 3409 4406 ,
3441 4343 3527 4396 διὰ
3565 4346 3623 4397 τὸ
3659 4352 3801 4416 μετὰ

2243 4414 2554 4467 εἰκοσιεπτὰ
2583 4414 2806 4486 χρόνους
2843 4421 3047 4492 ταύτην
3097 4427 3385 4494 γενέσθαι,
3420 4434 3666 4498 καὶτοὺς
3702 4441 3802 4490 αἱ.-

3674 4531 3801 4595 τοὺς

2240 4594 2475 4650 ἐνταῦθα
2510 4600 2668 4652 κάκεῖ
2698 4602 3210 4676 συναθροισθέντας,
3249 4615 3342 4666 καὶ
3380 4618 3507 4686 περὶ
3542 4621 3647 4672 τῶν
3695 4625 3796 4676 αῦ-

2235 4688 2343 4741 τῶν
2391 4689 2713 4761 ζητημάτων
2767 4711 2825 4748 τι
2872 4700 2964 4751 καὶ
3008 4699 3294 4774 δογμάτων
3339 4708 3436 4781 τὴν
3487 4714 3798 4771 συνέλευσιν

2233 4783 2643 4853 ποιησαμένους.

2830 4887 2872 4905 π
2893 4887 2911 4905 ι
2931 4887 3069 4905 νη..
3109 4889 3164 4905 η.

2830 4887 3069 4942 ΚΑΝΩΝ
3107 4889 3182 4945 B'.

2242 5005 2260 5040 ι
2302 4978 2482 5057 Ἔδοξε
2521 4987 2575 5047 δε
2627 5011 2718 5048 και
2752 4999 2908 5052 τοῦτο
2939 5004 3002 5070 τῇ
3034 5005 3163 5077 ἁγίᾳ
3208 5009 3380 5085 ταύτῃ
3416 5018 3618 5089 συνόδῳ
3662 5023 3799 5075 κάλ-

2310 5102 2328 5133 σ
2371 5085 2522 5139 λιστά
2550 5105 2607 5140 τε
2632 5089 2722 5142 καὶ
2747 5094 3156 5164 σπουδαιότατα,
3185 5101 3324 5156 ὥστε
3357 5107 3539 5174 μένειν
3564 5115 3655 5165 καὶ
3688 5118 3796 5169 ἀπὸ

2313 5193 2332 5225 ι
2371 5177 2463 5228 τοῦ
2498 5178 2588 5230 νῦν
2623 5180 2868 5248 βεϐαίους
2899 5191 2993 5240 καὶ
3023 5190 3280 5261 ἀσφαλεῖς
3317 5200 3453 5268 πρὸς
3481 5201 3668 5273 ψυχῶν
3703 5207 3792 5260 θε-

2312 5286 2330 5317 ι
2376 5270 2602 5339 ραπείαν
2631 5274 2725 5326 καὶ
2774 5277 3014 5348 ἰατρείαν
3045 5285 3230 5339 παθῶν
3261 5289 3388 5356 τοὺς
3421 5293 3526 5348 ὑπὸ
3553 5298 3660 5350 τῶν
3687 5304 3796 5371 πρὸ

1787 5418 1974 5480 Guill.
2008 5423 2333 5503 Bcveregii
2375 5433 2561 5489 notae.

654 5544 1339 5628 (55)~T0127'ay6p05_é1z’
1371 5557 1605 5628 ἀδελφῇ
1658 5563 1978 5616 Θεοδοσίου
2031 5565 2138 5617 τοῦ

581 5617 817 5698 ῌιὲροῦ.
875 5617 1175 5698 μέριιιίεξιιυιι
1205 5617 1740 5698 Thcodosno'jiiniori
1776 5649 1839 5686 ex
1873 5650 1940 5687 eo
1962 5635 2135 5690 allinis

587 5683 708 5774 iuit,
746 5687 889 5752 quod
919 5688 1280 5774 Pulcher-iant,
1315 5683 1560 5774 sororem
1618 5683 1759 5770 ejus,
1891 5705 2131 5774 impera-

583 5763 771 5808 trtcem
799 5763 1114 5828 assumpsit,
1145 5763 1357 5820 etiamsi
1404 5785 1527 5824 cum
1575 5763 1792 5828 ca'rem
1852 5763 2128 5846 nuniluam

2574 5572 2871 5664 Euagrius“,
2925 5580 3114 5664 γνιρμῃ
3166 5588 3525 5664 -Πουλχερίας,
3574 5598 3640 5664 ἣν
3696 5589 3790 5652 καὶ

2241 5639 2542 5732 ξσῳξιίσατο
2584 5639 2783 5726 μὲεξώς
2832 5639 3185 5732 βασὶλίδάξόὐ
3226 5639 3526 5732 ἦνεῦ,
3573 5639 3793 5723 gina:-

2235 5707 2565 5808 ioiitfeilvqs
2832 5707 3036 5808 ’γήρως
3080 5707 3793 5808 μειήνάῐσῆςῂιεξνυέεεῖεῆὧ.

2237 5776 2435 5833 Εεείϐΰ.
2458 5780 2496 5835 Ι.
2527 5797 2586 5850 ιι,
2765 5776 2816 5843 ί.
2862 5776 2874 5789 ’
2909 5776 2944 5791 "
2972 5776 3034 5828 δ’
3080 5776 3361 5801 ⁸“’“”“””ιν
3413 5776 3609 5808 -τυοιο
3645 5776 3744 5819 ηις
