4138 6210
293 275 388 338 521
1385 267 1459 327 IN
1495 267 1654 325 CAN.
1696 263 1753 323 Il
1796 258 2005 321 corrc.
2049 259 2129 319 IN
2170 261 2489 322 TRULLO.
3439 264 3542 324 522

371 410 389 440 ι
433 388 591 457 ἡμῶν
620 385 789 453 ἁγίων
815 384 907 437 καί
936 384 1218 453 μακαρίων
1244 382 1500 451 Πατέρων
1529 381 1581 449 (ὃ
1597 378 1638 445 ί)
1664 375 1866 445 δεχθέν.
1905 378 1947 432 Λ

376 500 391 530 ι
435 497 532 543 τας
575 480 668 531 καὶ
703 476 1076 544 κυρωθέντας.
1110 473 1243 525 ἀλλὰ
1277 472 1383 541 μὴν
1417 473 1507 522 καὶ
1545 467 1869 536 παραδοθέν-

378 593 393 623 ι
438 590 535 633 τας
560 572 688 639 ἡμῖν
713 570 935 636 ὀνόματι
960 566 1065 619 τῶν
1092 565 1257 633 ἁγίων
1284 565 1375 616 καὶ
1396 562 1619 627 ἐνξόξων
1644 560 1872 612 ἀποστόο

380 682 398 715 ι
440 664 545 714 λων
592 661 921 728 ὀγδοήκοντα
964 659 1121 709 πέντε
1167 655 1415 715 κανόνας.
1473 651 1691 719 Ἐπειδὴ
1730 648 1774 702 δ’
1817 649 1872 699 ἐν

381 776 397 805 ι
442 752 650 813 τούτοις
689 751 800 809 τοῖς
844 750 1035 801 κανόσι
1083 745 1392 798 ἐντέταλται
1438 742 1687 811 δέχεσθαι
1727 740 1872 808 ἡμᾶς
1924 789 1933 795 ,

383 867 399 898 ι
440 849 538 907 τὰς
592 843 700 895 τῶν
730 842 908 894 αὐτῶν
949 842 1116 904 ἁγίων
1148 836 1458 891 ἀποστόλων
1487 833 1572 884 διὰ
1626 830 1874 901 Κλήμενσ

379 960 396 991 ι
436 956 527 1000 τος
552 937 841 999 διατάξεις,
871 928 1073 986 αἷστισι
1098 931 1259 983 παλαι
1289 928 1392 980 ὑπὸ
1418 926 1520 978 τῶν
1552 922 1874 993 ἑτεροδόξων

380 1048 397 1081 ι
440 1029 533 1083 ἐπὶ
580 1027 726 1096 λύμῃ
752 1028 851 1093 τῆς
902 1022 1225 1089 Ἐκκλησίας
1268 1020 1397 1071 νόθα
1448 1016 1565 1068 τινὰ
1616 1018 1705 1066 καὶ
1751 1010 1877 1077 ξένα

380 1140 397 1169 ί
440 1120 540 1186 τῆς
567 1113 847 1174 εὐσεὸείας
871 1107 1331 1180 παρενετέθησαν,
1360 1104 1418 1155 τὸ
1442 1100 1712 1170 εὐπρεπὲς
1743 1096 1872 1149 κάλ-

385 1229 403 1261 ι
445 1209 536 1271 λος
570 1205 681 1257 τῶν
731 1202 889 1256 θείων
925 1200 1209 1268 δογμάτων
1255 1197 1385 1266 ἡμῖν
1427 1190 1873 1261 ἁμαυρώσαντα⁶

385 1322 405 1355 ι
446 1303 543 1369 τὴν
568 1297 677 1350 τῶν
709 1295 963 1348 τοιούτων
994 1289 1285 1355 διατάξεων
1323 1286 1647 1355 προσφόρως
1679 1280 1880 1335 ἀποϐο-

388 1415 407 1445 ι
448 1393 547 1462 λὴν
570 1386 913 1456 πεποιήμεθα
944 1383 1077 1453 πρὸς
1104 1381 1201 1451 τὴν
1228 1379 1319 1433 τοῦ
1347 1375 1878 1448 Χριστιανικωτὰτου

386 1504 406 1536 ι
446 1481 700 1552 ποιμνίου
754 1477 1040 1545 οἰκοδομὴν
1099 1475 1193 1527 καὶ
1247 1471 1571 1540 ἀσφάλειαν,
1631 1466 1880 1533 οὐδαμῶς

389 1596 407 1628 ι
450 1575 791 1644 ἐγκρίνοντες
830 1571 895 1622 τὰ
928 1570 1025 1635 τῆς
1058 1567 1341 1635 αἱρετικῆς
1371 1558 1720 1629 ψευδολογίας
1750 1559 1883 1626 κυή-

390 1688 410 1719 ι
453 1683 634 1735 ματα,
677 1664 773 1715 καὶ
811 1663 874 1731 τῇ
910 1657 1109 1728 γνησίᾳ
1134 1656 1240 1709 τῶν
1289 1652 1600 1706 ἀποστόλων
1639 1653 1730 1703 καὶ
1764 1650 1879 1753 ὁλοῖ
1911 1694 1959 1753 Β

388 1776 407 1808 ι
448 1757 631 1827 κλήρῳ
653 1754 837 1821 διδαχῇ
865 1750 1298 1820 παρενείροντες·
1318 1742 1812 1813 Ἐπισφραγίζομεν
1828 1738 1883 1790 δὲ

388 1868 409 1898 ι
453 1847 549 1900 καὶ
580 1845 707 1905 τοὺς
732 1843 951 1902 λοιποὺς
984 1839 1190 1900 πάντας
1231 1837 1461 1897 κανόνας
1492 1833 1614 1895 τοὺς
1645 1832 1751 1884 ὑπὸ
1779 1831 1887 1884 τῶν

388 1957 408 1988 ι
445 1937 616 2002 ἁγίων
640 1932 731 1984 καὶ
761 1926 1047 1999 μακαρίων
1080 1926 1334 1995 ιΙατέρων
1362 1922 1517 1993 ἡμῶν
1545 1921 1882 1983 ὲκτεθέντας,

391 2051 409 2079 ι
448 2026 591 2080 τοῦτ’
641 2024 754 2077 ἔστι
785 2023 892 2076 τῶν
942 2038 999 2073 τε
1043 2022 1099 2072 ὲν
1132 2020 1337 2089 Νικαίᾳ
1388 2014 1886 2085 συναθροισθέντων

394 2140 411 2170 ι
455 2116 783 2190 τριακοσίων
837 2113 1112 2165 δεκαοκτὼ
1162 2109 1436 2179 θεοφόρων
1489 2106 1744 2173 Πατέρων
1794 2105 1887 2156 καὶ

393 2230 412 2262 ι
454 2210 563 2262 τῶν
596 2210 653 2258 ἐν
696 2204 959 2274 Ἀγκύρα,
993 2201 1072 2254 ἔτι
1108 2200 1215 2271 μὴν
1247 2201 1342 2253 καὶ
1370 2197 1479 2250 τῶν
1507 2198 1561 2248 ὲν
1585 2196 1888 2248 Νεοκαισα-

396 2320 415 2354 ι
453 2301 573 2371 psi;
596 2316 612 2332 ο
646 2296 903 2357 ὡσαύτως
932 2294 1025 2346 καὶ
1048 2296 1154 2345 τῶν
1187 2294 1244 2344 ὲν
1276 2291 1550 2357 Γάγγραις
1573 2304 1585 2317 ·
1616 2286 1748 2356 πρὸς
1771 2283 1891 2335 τού-

396 2411 414 2444 ι
456 2410 565 2453 τοις
591 2391 646 2443 δὲ
676 2390 768 2442 καὶ
795 2387 900 2439 τῶν
931 2389 987 2438 ὲν
1031 2383 1333 2452 Ἀντιοχείᾳ
1363 2383 1458 2451 τῆς
1486 2379 1686 2449 Συρίας
1710 2394 1723 2407 ο
1756 2376 1890 2429 ἀλλὰ

398 2506 417 2537 ι
459 2485 566 2554 μὴν
595 2483 687 2536 καὶ
712 2483 821 2535 τῶν
848 2482 905 2532 ἐν
920 2477 1208 2547 Λαοδικείᾳ
1232 2479 1327 2547 τῆς
1355 2474 1594 2544 Φρυγίας
1621 2488 1633 2501 ·
1669 2470 1889 2539 προσέτι

396 2598 413 2629 ι
456 2581 550 2632 καί
597 2577 702 2629 τῶν
732 2574 923 2628 ἑκατὸν
973 2559 1313 2642 πεντήκοντα
1362 2570 1469 2620 τῶν
1520 2570 1575 2619 ἐν
1617 2564 1785 2633 ταύτῃ
1826 2567 1889 2633 τῇ

397 2691 416 2723 ι
460 2668 811 2737 θεοφυλάκτῳ
863 2666 957 2717 καὶ
1016 2662 1247 2734 βασιλίδι
1301 2659 1663 2713 συνελθόντων
1718 2657 1888 2719 πόλει,

398 2782 419 2815 ι
457 2765 552 2815 καὶ
585 2760 875 2813 διακοσίων
913 2758 1021 2809 τῶν
1062 2759 1120 2808 ὲν
1150 2759 1213 2824 τῇ
1257 2754 1522 2822 Ἐφεσίων
1562 2748 1892 2822 μητροπόλει

406 2876 423 2906 ι
460 2856 520 2907 τὸ
578 2854 840 2922 πρότερον
913 2848 1447 2919 συναγηγερμένωνζ·
1510 2844 1603 2898 καὶ
1666 2843 1773 2895 τῶν
1836 2843 1893 2893 ἐν

384 2938 423 2998 Vc
464 2945 766 3015 Χαλκηδόνι
805 2942 911 2995 τῶν
950 2942 1246 3007 ἑξακοσίων
1274 2939 1572 3009 τριάκοντα
1600 2934 1771 3002 ἁγίων
1800 2932 1894 2983 καὶ

401 3060 419 3089 ι
465 3038 751 3108 μακαρίων
783 3035 1071 3105 Πατέρων·
1114 3034 1376 3093 ὡσαύτως
1415 3031 1508 3083 καὶ
1537 3028 1646 3080 τῶν
1661 3030 1718 3080 ὲν
1745 3026 1885 3095 Eap—
1914 3034 1961 3097 ε

403 3147 420 3175 ι
458 3128 580 3198 δικῇ
602 3143 617 3157 ο
653 3126 733 3178 ἔτι
771 3125 874 3195 μὴν
907 3126 998 3177 καὶ
1031 3124 1137 3178 τῶν
1169 3126 1225 3177 ὲν
1262 3120 1586 3192 Καρθαγένῃ
1613 3134 1628 3149 ·
1666 3116 1891 3189 προσέτι

400 3239 420 3271 ι
462 3236 524 3287 γε
567 3218 672 3289 μὴν
708 3218 800 3271 καὶ
829 3218 937 3270 τῶν
971 3215 1125 3277 αὖθις
1156 3215 1212 3266 ἐν
1247 3213 1415 3283 ταύτῃ
1445 3216 1508 3283 τῇ
1542 3210 1893 3278 θεοφυλάκτῳ

405 3327 424 3359 ι
466 3310 560 3362 καὶ
603 3307 832 3377 βασιλίδι
874 3306 1026 3361 πόλει
1066 3304 1427 3358 συνελθόντων
1459 3303 1553 3355 ἐπὶ
1588 3298 1892 3366 Νεκταρίου

404 3421 423 3452 ι
460 3399 553 3453 τοῦ
583 3400 679 3469 τῆς
711 3398 978 3467 βασιλίδος
1000 3397 1198 3465 ταύτης
1240 3397 1447 3456 πόλεως
1476 3393 1761 3463 προέδρου,
1800 3392 1894 3442 καὶ

404 3509 425 3542 ι
463 3490 721 3558 Θεοφίλου
752 3492 845 3543 τοῦ
879 3490 1171 3557 γενομένου
1216 3485 1617 3555 Ἀλεξανδρείας
1646 3487 1894 3553 ἁρχιεπι-

403 3601 422 3633 ι
466 3583 664 3635 σκόπου
685 3599 698 3614 ο
733 3581 869 3635 ἀλλὰ
897 3580 1004 3651 μὴν
1033 3581 1125 3632 καὶ
1155 3577 1434 3630 Διονυσίου
1467 3574 1896 3647 ἁρχιεπισκόπου

408 3696 425 3727 ι
465 3675 756 3744 γενομένου
828 3671 1226 3741 Ἀλεξανδρείας
1291 3667 1737 3737 μεγαλοπόλεως,
1806 3667 1898 3718 καὶ

412 3790 429 3822 ι
470 3769 677 3839 Πέτρου
709 3767 1000 3835 γενομένου
1031 3762 1460 3835 ἀρχιεπισκόπου
1493 3759 1899 3827 Ἀλεξανδρείας

410 3883 427 3915 ι
466 3865 559 3915 καλ⁵
586 3862 882 3930 μάρτυρος,
909 3861 1001 3910 καί
1032 3856 1330 3926 Γρηγορίου
1355 3853 1652 3905 ἐπισκόπου
1678 3850 1899 3918 γενομέ-

407 3973 425 4004 ι
470 3949 1002 4020 νουξΝεοκαισαρείας
1032 3949 1123 4000 τοῦ
1163 3943 1586 4015 Θαυματηιυργοῦ
1610 3980 1623 4003 .
1675 3941 1901 3993 Ἀθανα-

412 4064 430 4095 ι
471 4044 585 4096 σίου
643 4042 1069 4111 ἀρχιεπισκόπου
1128 4036 1566 4106 Ἀλεξανδρείας,
1622 4035 1901 4088 Βασιλείου

411 4155 430 4187 ι
469 4131 895 4203 ἀρχιεπισκόπου
928 4128 1263 4197 Καισαρείας
1290 4126 1732 4188 Καππαδοκείας,
1764 4127 1904 4195 Γρη-

410 4244 426 4276 ι
465 4225 649 4293 γορίου
689 4223 984 4275 ἐπισκόπου
1032 4220 1273 4288 Νύσσης,
1310 4219 1611 4287 Γρηγορίου
1643 4217 1736 4270 τοῦ
1778 4217 1905 4269 Oeo-

412 4337 430 4369 ι
468 4317 662 4383 λόγου,
746 4312 1094 4382 Ἀμφιλοχίου
1155 4309 1245 4366 τοῦ
1316 4311 1572 4374 Ἰκονίου,
1633 4308 1899 4377 Τιμοθέου

415 4429 434 4461 ι
465 4410 896 4480 ἀρχιεπισκόπου
914 4404 1204 4471 γενομένου
1223 4401 1627 4471 Ἀλεξανδρείας
1643 4402 1703 4454 τὸ
1722 4400 1906 4468 πρότε-

414 4519 433 4551 ι
472 4516 584 4569 ρον,
615 4497 870 4564 Θεοφίλου
894 4493 1319 4564 ἀρχιεπισκόπου
1342 4493 1437 4561 τῆς
1461 4492 1630 4559 αὐτῆς
1667 4490 1909 4553 Ἀλεξαν-

414 4612 434 4643 ι
472 4592 652 4661 δρείας
696 4589 1128 4659 μεγαλοπόλεως,
1171 4584 1434 4655 Κυρίλλου
1477 4583 1904 4654 ἁρχιεπισκόπου

413 4706 431 4735 ⁸
473 4686 568 4755 τῆς
628 4680 1068 4751 Ἀλεξανδρείας·
1110 4678 1201 4731 καὶ
1248 4677 1531 4739 Γενναδῖου
1571 4675 1905 4745 πατριάρχου

416 4798 433 4828 ι
473 4776 765 4845 γενομένου
804 4775 903 4843 τῆς
936 4772 1298 4839 θεοφυλάκτου
1330 4770 1532 4839 ταύτης
1567 4768 1659 4821 καὶ
1698 4767 1907 4836 βασιλί-

415 4890 434 4920 ι
472 4869 558 4930 δος
587 4867 792 4929 πόλεως
819 4883 832 4897 ⁸
858 4867 937 4919 ἔτι
971 4866 1076 4935 μὴν
1105 4864 1311 4917 καὶτὸν
1339 4863 1440 4914 ὑπὸ
1468 4861 1781 4930 Κυπριανοῦ
1811 4861 1904 4913 τοῦ

414 4982 433 5013 ι
471 4961 763 5030 γενομένου
820 4958 1246 5027 ἀρχιεπισκόπου
1298 4956 1393 5024 τῆς
1449 4958 1668 5023 Ἄφρων
1724 4954 1908 5025 χώρας

2054 392 2072 424 ι
2122 384 2302 438 neant,
2337 380 2426 445 qui
2460 391 2488 429 a
2518 378 2720 431 sanctis
2739 386 2790 430 et
2841 377 3014 433 beatis
3046 377 3292 432 Patrihus
3319 379 3410 446 qui
3441 397 3540 437 nos

2054 484 2072 515 ι
2118 476 2527 534 prmcesserunt,
2547 469 2777 535 suscepti
2811 483 2874 521 ac
2897 469 3198 523 confirmati
3217 481 3362 536 sunt,
3383 481 3543 541 atque

2056 579 2074 610 ι
2116 561 2249 614 adeo
2281 562 2435 617 nobis
2485 562 2646 615 etiam
2704 562 2882 615 traditi
2933 574 3080 628 sunt,
3128 576 3436 620 sanctorum
3489 579 3545 622 et

2053 672 2071 700 ι
2110 652 2462 720 gloriosorum
2508 654 2869 719 apostolorum
2923 657 3137 709 nomine
3173 656 3239 709 83
3274 672 3532 714 canones.

2054 762 2069 792 ι
2108 742 2369 808 Quoniam
2407 752 2586 798 atttem
2619 745 2671 797 in
2711 745 2792 797 his
2828 746 2982 799 nobis
3011 748 3308 803 canonibus
3343 764 3545 816 prazce-

2058 857 2071 885 ι
2116 847 2261 905 ptum
2289 845 2389 899 est,
2427 844 2485 889 ut
2507 837 2814 889 corttuttlem
2847 848 3152 891 sanctorum
3182 839 3540 906 apostolorum

2060 948 2075 976 ο
2122 942 2214 993 per
2252 926 2584 980 Clementem
2637 927 3063 981 CunstituliOtteS
3106 929 3542 998 susciperemur,

2054 1037 2069 1067 ι
2111 1020 2306 1086 quibus
2334 1019 2442 1085 jam
2476 1019 2602 1072 olim
2642 1021 2708 1071 ab
2754 1020 2841 1083 iis,
2876 1022 2965 1087 qui
3000 1036 3027 1075 a
3077 1022 3179 1075 [ide
3210 1022 3380 1075 aliena
3415 1038 3543 1077 sen-

2058 1126 2075 1155 (
2124 1108 2338 1161 tiuutad
2369 1108 2624 1161 Ecclesim
2652 1108 2870 1163 exitium
2899 1109 3192 1166 adulterina
3223 1112 3464 1180 quaedam
3497 1124 3551 1166 et

2058 1217 2072 1246 ι
2112 1214 2140 1250 a
2184 1199 2384 1267 pietate
2413 1200 2586 1253 aliena
2640 1201 2945 1253 introducta
2993 1211 3137 1264 sunt,
3173 1218 3292 1270 quae
3339 1204 3551 1258 divino-

2057 1308 2074 1337 ι
2119 1304 2234 1341 rum
2280 1289 2433 1343 nobis
2468 1290 2807 1343 decretorum
2838 1292 3140 1360 elegantem
3194 1310 3255 1347 ac
3288 1297 3543 1350 decoram

2061 1398 2077 1428 I
2119 1379 2352 1448 speciem
2401 1381 2761 1435 obscurarunt
2810 1398 2825 1435 :
2873 1383 2970 1437 has
3016 1384 3427 1440 constitutiones
3482 1389 3547 1440 ad

2062 1491 2077 1520 ι
2119 1472 2566 1526 Christianissimi
2596 1475 2772 1543 gregis
2792 1475 3209 1530 aediﬁcationem
3243 1492 3306 1530 ac
3343 1479 3550 1532 securi-

2064 1582 2081 1611 ι
2124 1573 2286 1617 tatem
2316 1564 2601 1619 commode
2651 1566 2963 1633 rcjecimtts,
3006 1568 3269 1622 haereticae
3302 1569 3552 1622 falsitatis

2062 1672 2081 1703 ι
2123 1655 2283 1708 laetus
2308 1669 2646 1723 nequaquam
2678 1655 3067 1720 immiscentes,
3117 1667 3170 1712 et
3192 1674 3459 1727 germana:
3490 1675 3553 1713 ac

2064 1766 2081 1795 ι
2125 1746 2345 1815 integrae
2374 1746 2737 1814 apostolorum
2758 1747 3013 1802 doctrina:
3046 1748 3362 1803 inserentes.
3389 1748 3550 1803 Obsi-

2064 1858 2078 1887 ι
2117 1854 2348 1908 gnamus
2392 1839 2554 1893 etiam
2604 1840 2843 1908 reliquos
2886 1855 3075 1895 omnes
3120 1855 3376 1904 canones,
3403 1827 3553 1909 quia

2064 1949 2082 1980 ι
2120 1931 2321 1985 sanctis
2357 1940 2408 1985 et
2444 1932 2615 1986 beatis
2648 1932 2848 1985 nostris
2873 1932 3120 1987 Patribus
3152 1933 3378 1998 expositi
3403 1932 3577 1994 sunt,

2066 2041 2081 2071 ι
2125 2021 2174 2074 id
2203 2032 2328 2076 esta
2356 2024 2611 2077 trecentis
2640 2024 2822 2078 decem
2850 2033 2902 2076 et
2934 2033 3056 2077 octo
3088 2022 3347 2077 divinitus
3377 2024 3547 2090 inspi-

2069 2131 2085 2159 ι
2136 2113 2267 2166 ratis
2301 2112 2574 2178 Patribus,
2612 2114 2702 2183 qui
2736 2114 2926 2169 Nicaea:
2956 2126 3346 2179 convenerunt,
3380 2115 3555 2184 iisque

2067 2220 2085 2250 ι
2132 2203 2219 2268 qui
2249 2203 2508 2271 Ancyrae,
2556 2212 2610 2257 et
2644 2204 2709 2257 iis
2736 2206 2896 2259 etiam
2928 2206 3017 2273 qui
3050 2205 3431 2278 Neocaesareze,
3483 2207 3555 2259 si-

2072 2313 2089 2343 σ
2142 2295 2339 2348 utiliter
2379 2304 2432 2347 et
2462 2295 2553 2362 qui
2599 2294 2862 2365 Gangris;
2896 2306 3156 2365 praeterea
3210 2298 3348 2350 etiis
3380 2298 3469 2364 qni
3502 2298 3554 2350 in

2070 2402 2087 2432 ι
2126 2383 2409 2439 Antiochia
2445 2384 2634 2455 Syrize,
2673 2395 2836 2454 atque
2861 2388 2927 2441 iis
2960 2388 3119 2442 etiam
3147 2379 3327 2457 quiin
3358 2387 3557 2442 Laodi-

2069 2494 2087 2524 ι
2126 2490 2218 2530 cea
2261 2475 2537 2546 Phrygiae;
2574 2488 2827 2547 praeterea
2868 2493 3047 2534 autem
3083 2491 3139 2535 et
3165 2480 3267 2533 150
3298 2480 3551 2535 Patrihus

2069 2585 2086 2615 ι
2122 2570 2211 2635 qui
2241 2566 2294 2620 in
2340 2570 2437 2621 hac
2468 2569 2559 2623 Dei
2584 2570 2807 2626 cultrice
2837 2581 2889 2626 et
2924 2573 3050 2640 imp.
3110 2573 3328 2626 civitate
3362 2588 3562 2627 conve~

2070 2678 2087 2707 ι
2130 2669 2342 2724 nerunt,
2365 2670 2419 2714 et
2455 2662 2701 2715 ducentis
2734 2663 2822 2730 qni
2856 2662 2909 2715 iu
2944 2663 3297 2731 Ephesiorum
3348 2673 3557 2718 metro-

2072 2770 2088 2801 ι
2139 2751 2245 2819 poli
2301 2752 2452 2821 prius
2484 2753 2660 2807 coacti
2710 2763 2853 2818 sunt,
2906 2764 2960 2807 et
3007 2757 3281 2808 sexcentis
3337 2756 3558 2823 triginta

2074 2863 2091 2893 ι
2130 2845 2330 2899 sanctis
2363 2856 2418 2899 et
2443 2846 2616 2901 beatis
2658 2846 2927 2912 Patribtts,
2950 2848 3039 2916 qui
3072 2847 3449 2911 Chalcedone;
3492 2848 3565 2901 si-

2078 2956 2094 2985 ι
2138 2936 2337 2991 utiliter
2366 2947 2419 2990 et
2454 2938 2517 2991 iis
2550 2938 2638 3006 qui
2686 2937 2941 3002 Sardicae,
2988 2945 3042 2993 et
3083 2938 3173 3006 qui
3218 2938 3562 3009 Carthagine.

2082 3050 2099 3078 ι
2140 3041 2193 3084 et
2227 3030 2314 3098 qui
2366 3044 2554 3084 rursus
2621 3029 2673 3083 in
2735 3031 2834 3084 hac
2906 3027 2999 3084 Dei
3047 3029 3271 3085 cultrice
3333 3041 3387 3084 et
3433 3034 3562 3100 imp.

2077 3143 2093 3175 ι
2138 3124 2267 3178 urbe
2298 3132 2668 3177 convenerunt
2712 3122 2809 3175 sub
2841 3120 3115 3185 Nectario,
3162 3123 3250 3191 qui
3299 3122 3564 3191 imperiali

2079 3238 2093 3266 ι
2145 3217 2271 3271 huic
2312 3215 2516 3268 civitati
2582 3214 2922 3283 praesidebat,
2971 3220 3032 3267 et
3074 3212 3374 3282 Theophilo
3404 3252 3419 3280 ,
3471 3217 3563 3284 qui

2080 3329 2094 3358 ι
2139 3309 2237 3361 fuit
2262 3307 2598 3361 Alexandrim
2631 3307 3094 3375 archiepiscopus.
3127 3305 3439 3371 Quinetiam
3471 3322 3564 3360 ca—

2082 3423 2098 3453 ι
2141 3416 2307 3456 nones
2334 3400 2601 3469 Dionysii',
2640 3400 2727 3468 qui
2761 3398 2859 3452 fuit
2889 3398 3328 3468 archiepiscopus
3357 3414 3563 3467 magna:

2081 3516 2097 3545 ι
2146 3493 2627 3549 Alexandrinorum
2679 3492 2942 3555 civitatis,
2974 3492 3119 3545 Petri
3154 3491 3242 3560 qui
3292 3489 3391 3545 fuit
3433 3493 3562 3547 Alc-

2086 3608 2101 3636 ι
2144 3586 2383 3639 xandriae
2442 3584 2881 3654 archiepiscopus
2934 3592 2989 3639 et
3030 3592 3268 3653 martyr,
3320 3584 3567 3655 Gregorii

2084 3696 2100 3725 ι
2138 3675 2500 3731 Νρορωειιιιετε
2536 3676 2805 3744 episcopi,
2847 3676 2939 3744 qui
3006 3676 3438 3744 Thaumaturgus
3490 3676 3571 3728 di-

2086 3791 2100 3820 ι
2143 3780 2263 3824 ctus
2303 3779 2408 3831 est,
2442 3769 2720 3824 Athanasii
2747 3768 3103 3823 Alexandrini
3136 3768 3570 3837 archiepiscopi,

2088 3886 2103 3917 ι
2154 3863 2334 3919 Basilii
2381 3861 2809 3931 archiepiscopi,
2873 3859 3131 3915 Cresarea:
3181 3862 3568 3931 Cappadociae,

2090 3980 2104 4008 ι
2142 3955 2385 4023 Gregorii
2425 3954 2662 4023 episcOpi
2709 3952 2928 4023 Nyssze,
2976 3952 3218 4020 Gregorii
3270 3953 3527 4023 Theologi
3554 3995 3570 4018 ,

2088 4070 2104 4099 ι
2146 4046 2507 4116 Amphilochii
2575 4045 2786 4109 leonii,
2843 4044 3113 4097 Timothei
3182 4045 3568 4112 archiepiscopi

2092 4161 2108 4191 ι
2154 4138 2501 4193 Alexandrini
2569 4136 2770 4204 primi,
2836 4135 3115 4203 TheOphili
3181 4137 3570 4204 archiepiscopi

2090 4255 2105 4281 ι
2138 4232 2373 4297 ejusdem
2428 4227 2765 4282 Alexandria:
2819 4241 3020 4293 magna:
3069 4226 3336 4290 civitatis,
3388 4227 3572 4293 Cyrilli

2093 4342 2107 4371 ι
2147 4318 2485 4373 Alexandria:
2517 4317 2901 4383 archiepiscopi
2942 4326 2996 4368 et
3031 4315 3317 4381 Gennadii,
3343 4317 3431 4386 qui
3471 4315 3573 4369 fuit.

2092 4436 2108 4465 ‹
2148 4410 2450 4479 patriarcha
2486 4409 2642 4477 hujus
2679 4406 2769 4461 Dei
2808 4407 3047 4461 cultricis
3070 4416 3122 4458 et
3152 4407 3279 4476 imp.
3314 4407 3568 4461 civitatis.

2091 4525 2106 4555 ι
2149 4504 2410 4557 Praeterea
2448 4516 2573 4555 vero
2622 4511 2674 4553 et
2730 4514 2758 4551 a
2801 4498 3090 4567 Cypriane,
3158 4499 3247 4567 qtti
3314 4499 3567 4554 Afrorum

2090 4617 2107 4647 ι
2149 4595 2383 4666 regionis
2417 4594 2514 4647 luit
2549 4591 2987 4659 archiepiscopus
3016 4600 3069 4645 et
3109 4602 3335 4660 martyr,
3364 4602 3418 4647 et
3450 4608 3573 4662 syn.

2092 4709 2107 4738 ι
2147 4703 2265 4757 qua:
2302 4687 2402 4740 sub
2442 4699 2502 4737 ea
2557 4682 2677 4747 fuit,
2726 4682 2979 4736 emissum
3032 4697 3319 4749 cattonem,
3371 4686 3466 4753 qui
3523 4686 3575 4739 itt

2093 4800 2109 4831 ι
2151 4779 2524 4847 praedictorum
2558 4772 2842 4842 prmsulum
2868 4773 3004 4827 locis
3046 4784 3100 4828 et
3139 4774 3335 4835 solum,
3382 4790 3579 4828 secun-

2094 4896 2109 4923 ι
2151 4876 2273 4927 dum
2306 4869 2557 4923 traditam
2589 4869 2666 4921 eis
2697 4867 3133 4921 consuetudinem
3157 4906 3172 4928 ,
3199 4878 3444 4921 servatus
3476 4879 3579 4921 est.

2096 4985 2111 5015 ι
2152 4964 2215 5017 Ει
2257 4961 2382 5015 nulli
2418 4961 2578 5013 licere
2619 4959 2767 5027 prius
2812 4959 3108 5012 declaratos
3154 4975 3385 5014 canones
3427 4959 3583 5011 adul—

1516 5055 1635 5113 Gui
1652 5054 1713 5115 ll.
1750 5059 2075 5139 Beveregii
2100 5064 2284 5120 notae.

407 5166 544 5240 (δίη
588 5163 790 5230 Ἀτίων
842 5159 1150 5240 μακαρίων
1199 5159 1579 5240 Πιιτέρωνῖ.ίιι
1634 5162 1908 5240 prioribus

342 5229 449 5294 tam
508 5234 737 5287 Zonarte
797 5246 957 5299 quam
1034 5229 1366 5299 Balsamonis
1430 5230 1768 5284 editionihus
1822 5234 1907 5286 hic

341 5313 493 5364 locus
553 5304 633 5359 sic
699 5298 868 5353 lectus
927 5300 1049 5359 fuit,
1114 5301 1239 5369 rei);
1289 5298 1558 5369 01:5:ch
1612 5302 1717 5369 πρὸ
1751 5300 1907 5369 ἡμῶν

340 5380 515 5446 ἁγίων
574 5373 667 5424 καὶ
722 5369 947 5433 ἐνδόξων
997 5367 1314 5446 ἀποστόλων
1362 5367 1691 5446 όγδοήκρντα
1751 5367 1909 5421 πέντε

342 5435 596 5507 κανόνας.
629 5442 776 5493 Adeo
816 5447 872 5490 ιιι
917 5453 1014 5490 nos
1041 5446 1162 5505 post
1224 5435 1325 5507 πρρ
1365 5437 1523 5507 ἡμῶν
1556 5438 1747 5501 ἁγίων,
1798 5439 1910 5489 have

342 5520 506 5571 verba
540 5503 635 5565 καὶ
661 5508 947 5579 μακαρίων
980 5503 1365 5579 Πατέρωνᾳτῴν
1387 5503 1670 5579 δεχθέντας
1696 5508 1787 5579 καί
1816 5524 1911 5557 κυ-

344 5573 934 5656 ρωθένταςεᾶλλὰιῖμὴν
966 5577 1057 5628 καὶ
1091 5573 1491 5656 παραδοθέντας
1536 5574 1912 5656 ήμίνρνρρατι

342 5644 448 5708 ιὶών
485 5656 658 5721 ἁγίων
723 5649 835 5710 καί,
895 5661 961 5697 ex
1028 5660 1127 5697 ms.
1192 5644 1484 5696 Bodleiano
1550 5644 1890 5698 restituimus

663 5746 935 5804 PATROI..
971 5740 1084 5798 Gn.
1123 5738 1465 5801 CXXXVII.

2022 5162 2300 5228 Leguntur
2330 5166 2507 5212 autem
2542 5164 2595 5209 et
2626 5156 2677 5208 in
2714 5153 3018 5228 Aitoniensi
3056 5160 3107 5204 rt
3152 5150 3583 5228 Amerhachizrno

2023 5221 2159 5285 mss.
2186 5244 2394 5283 necnon
2429 5229 2480 5279 in
2517 5241 2583 5279 eo
2624 5240 2784 5293 quem
2842 5224 3143 5293 Gentianus
3200 5222 3464 5273 llervetus
3505 5221 3584 5293 la:

2026 5307 2137 5353 tine
2186 5301 2369 5360 vertit,
2432 5297 2509 5348 ιιιί
2564 5289 2654 5347 οι(
2690 5293 2864 5359 ipsius
2926 5292 3174 5345 versione
3225 5289 3584 5351 constat,uhi

2020 5375 2184 5423 etiam
2216 5368 2511 5421 observare
2544 5365 2687 5424 licet,
2724 5360 2915 5414 Patres
2947 5360 3254 5418 Trullanos.
3294 5360 3391 5411 hos
3417 5373 3587 5412 cano-

2021 5454 2137 5499 nes,
2174 5452 2200 5487 a
2236 5451 2295 5488 se
2317 5434 2693 5492 conﬁrmatos,
2744 5446 2920 5497 neque
2952 5428 3362 5490 ἀποστολικοὺς.
3415 5441 3589 5495 neque

2019 5510 2144 5568 τοὺς
2171 5504 2279 5557 τῶν
2330 5503 2642 5555 ἀποστόλων
2691 5502 2919 5562 κανόνας
2977 5499 3286 5568 appellare;
3321 5499 3414 5568 sed
3453 5506 3588 5568 tau-

2020 5564 2139 5627 tum
2162 5571 2561 5640 παραδοθέντας
2577 5574 2708 5643 ἡμῖν
2738 5569 2959 5638 ὀνόματι
2984 5564 3091 5619 τῶν
3119 5567 3290 5634 ἁγίων
3324 5567 3416 5620 καὶ
3447 5564 3594 5619 ἐνδό-

2022 5644 2128 5707 ξων
2150 5642 2483 5697 ἀποστόλων.

3125 5733 3196 5790 17
