  <div class='ocr_page' id='page_1' title='image "/cluster/home/n/w/nwhite01/storage/ocr_20150623/137/hvd.32044073502536/296.png"; bbox 0 0 4138 6210; ppageno 0'>
   <div class='ocr_carea' id='block_1_1' title="bbox 385 226 496 290">
    <p class='ocr_par' dir='ltr' id='par_1_1' title="bbox 385 226 496 290">
     <span class='ocr_line' id='line_1_1' title="bbox 385 226 496 290; baseline 0 -1"><span class='ocrx_word' id='word_1_1' title='bbox 385 226 496 290; x_wconf 74' lang='grc' dir='ltr'><strong>Ξ25</strong></span> 
     </span>
    </p>
   </div>
   <div class='ocr_carea' id='block_1_2' title="bbox 1469 208 2606 274">
    <p class='ocr_par' dir='ltr' id='par_1_2' title="bbox 1469 208 2606 274">
     <span class='ocr_line' id='line_1_2' title="bbox 1469 208 2606 274; baseline -0.003 0"><span class='ocrx_word' id='word_1_2' title='bbox 1469 213 1551 274; x_wconf 85' lang='grc' dir='ltr'><strong>ΙΝ</strong></span> <span class='ocrx_word' id='word_1_3' title='bbox 1588 213 1757 274; x_wconf 80' lang='lat' dir='ltr'><strong>CAN.</strong></span> <span class='ocrx_word' id='word_1_4' title='bbox 1788 212 1876 274; x_wconf 85' lang='lat' dir='ltr'><strong>III</strong></span> <span class='ocrx_word' id='word_1_5' title='bbox 1907 210 2117 272; x_wconf 84' lang='lat' dir='ltr'><strong>CONC.</strong></span> <span class='ocrx_word' id='word_1_6' title='bbox 2156 209 2237 271; x_wconf 84' lang='lat' dir='ltr'><strong>IN</strong></span> <span class='ocrx_word' id='word_1_7' title='bbox 2277 208 2606 271; x_wconf 87' lang='lat' dir='ltr'><strong>TRULLO.</strong></span> 
     </span>
    </p>
   </div>
   <div class='ocr_carea' id='block_1_3' title="bbox 3534 210 3636 274">
    <p class='ocr_par' dir='ltr' id='par_1_3' title="bbox 3534 210 3636 274">
     <span class='ocr_line' id='line_1_3' title="bbox 3534 210 3636 274; baseline 0.059 -6"><span class='ocrx_word' id='word_1_8' title='bbox 3534 210 3636 274; x_wconf 66' lang='lat'><strong>326</strong></span> 
     </span>
    </p>
   </div>
   <div class='ocr_carea' id='block_1_4' title="bbox 453 322 1952 403">
    <p class='ocr_par' dir='ltr' id='par_1_4' title="bbox 453 326 1952 403">
     <span class='ocr_line' id='line_1_4' title="bbox 453 326 1952 403; baseline -0.011 -9"><span class='ocrx_word' id='word_1_9' title='bbox 453 339 699 394; x_wconf 78' lang='grc' dir='ltr'><strong>ΖΩΝΛΡ.</strong></span> <span class='ocrx_word' id='word_1_10' title='bbox 763 334 1047 390; x_wconf 78' lang='grc' dir='ltr'><strong>Ἐντεῦθεν</strong></span> <span class='ocrx_word' id='word_1_11' title='bbox 1097 334 1324 403; x_wconf 70' lang='grc' dir='ltr'>ἄρχεται</span> <span class='ocrx_word' id='word_1_12' title='bbox 1383 330 1491 384; x_wconf 90' lang='grc' dir='ltr'><strong>τῶν</strong></span> <span class='ocrx_word' id='word_1_13' title='bbox 1533 330 1796 392; x_wconf 81' lang='grc' dir='ltr'><strong>κανόνων,</strong></span> <span class='ocrx_word' id='word_1_14' title='bbox 1859 326 1952 379; x_wconf 69' lang='grc' dir='ltr'><strong>καὶ</strong></span> 
     </span>
    </p>
   </div>
   <div class='ocr_carea' id='block_1_5' title="bbox 2060 322 3634 403">
    <p class='ocr_par' dir='ltr' id='par_1_5' title="bbox 2131 322 3634 399">
     <span class='ocr_line' id='line_1_5' title="bbox 2131 322 3634 399; baseline 0.009 -23"><span class='ocrx_word' id='word_1_15' title='bbox 2131 322 2383 380; x_wconf 77' lang='lat' dir='ltr'><strong>ZONAR.</strong></span> <span class='ocrx_word' id='word_1_16' title='bbox 2428 325 2651 379; x_wconf 75' lang='lat' dir='ltr'><strong>Ducitur</strong></span> <span class='ocrx_word' id='word_1_17' title='bbox 2692 326 2759 379; x_wconf 89' lang='lat' dir='ltr'><strong>ab</strong></span> <span class='ocrx_word' id='word_1_18' title='bbox 2788 326 2890 381; x_wconf 91' lang='lat' dir='ltr'><strong>hoc</strong></span> <span class='ocrx_word' id='word_1_19' title='bbox 2927 325 3047 383; x_wconf 90' lang='lat' dir='ltr'><strong>loco</strong></span> <span class='ocrx_word' id='word_1_20' title='bbox 3080 328 3291 384; x_wconf 90' lang='lat' dir='ltr'><strong>initium</strong></span> <span class='ocrx_word' id='word_1_21' title='bbox 3326 343 3596 389; x_wconf 89' lang='lat' dir='ltr'><strong>canonum</strong></span> <span class='ocrx_word' id='word_1_22' title='bbox 3619 378 3634 399; x_wconf 83' lang='lat'><strong>,</strong></span> 
     </span>
    </p>
   </div>
   <div class='ocr_carea' id='block_1_6' title="bbox 380 420 1961 503">
    <p class='ocr_par' dir='ltr' id='par_1_6' title="bbox 380 420 1961 503">
     <span class='ocr_line' id='line_1_6' title="bbox 380 420 1961 503; baseline -0.009 -17"><span class='ocrx_word' id='word_1_23' title='bbox 380 432 490 503; x_wconf 79' lang='grc' dir='ltr'>πρὸ</span> <span class='ocrx_word' id='word_1_24' title='bbox 528 430 639 484; x_wconf 86' lang='grc' dir='ltr'><strong>τῶν</strong></span> <span class='ocrx_word' id='word_1_25' title='bbox 667 429 845 483; x_wconf 78' lang='grc' dir='ltr'>ἄλλων</span> <span class='ocrx_word' id='word_1_26' title='bbox 873 428 940 480; x_wconf 65' lang='grc' dir='ltr'>τὰ</span> <span class='ocrx_word' id='word_1_27' title='bbox 974 426 1125 495; x_wconf 73' lang='grc' dir='ltr'>παρὰ</span> <span class='ocrx_word' id='word_1_28' title='bbox 1152 424 1263 478; x_wconf 83' lang='grc' dir='ltr'><strong>τῶν</strong></span> <span class='ocrx_word' id='word_1_29' title='bbox 1300 424 1466 493; x_wconf 80' lang='grc' dir='ltr'>ἱερῶν</span> <span class='ocrx_word' id='word_1_30' title='bbox 1506 423 1603 474; x_wconf 74' lang='grc' dir='ltr'><strong>καὶ</strong></span> <span class='ocrx_word' id='word_1_31' title='bbox 1629 420 1961 473; x_wconf 80' lang='grc' dir='ltr'>πανσέπτων</span> 
     </span>
    </p>
   </div>
   <div class='ocr_carea' id='block_1_7' title="bbox 383 510 1953 589">
    <p class='ocr_par' dir='ltr' id='par_1_7' title="bbox 383 510 1953 589">
     <span class='ocr_line' id='line_1_7' title="bbox 383 510 1953 589; baseline -0.009 -12"><span class='ocrx_word' id='word_1_32' title='bbox 383 521 694 577; x_wconf 76' lang='grc' dir='ltr'><strong>ἀποστόλων</strong></span> <span class='ocrx_word' id='word_1_33' title='bbox 726 520 1091 589; x_wconf 83' lang='grc' dir='ltr'>φυλάττεσθαι</span> <span class='ocrx_word' id='word_1_34' title='bbox 1121 517 1493 576; x_wconf 74' lang='grc' dir='ltr'><strong>διατάττεται,</strong></span> <span class='ocrx_word' id='word_1_35' title='bbox 1524 513 1724 583; x_wconf 86' lang='grc' dir='ltr'>ὁμοίως</span> <span class='ocrx_word' id='word_1_36' title='bbox 1758 510 1854 565; x_wconf 80' lang='grc' dir='ltr'><strong>καὶ</strong></span> <span class='ocrx_word' id='word_1_37' title='bbox 1883 510 1953 564; x_wconf 69' lang='grc' dir='ltr'><strong>τά</strong></span> 
     </span>
    </p>
   </div>
   <div class='ocr_carea' id='block_1_8' title="bbox 386 603 1959 685">
    <p class='ocr_par' dir='ltr' id='par_1_8' title="bbox 386 603 1959 685">
     <span class='ocr_line' id='line_1_8' title="bbox 386 603 1959 685; baseline -0.009 -15"><span class='ocrx_word' id='word_1_38' title='bbox 386 615 539 685; x_wconf 83' lang='grc' dir='ltr'><strong>παρά</strong></span> <span class='ocrx_word' id='word_1_39' title='bbox 559 614 668 666; x_wconf 87' lang='grc' dir='ltr'><strong>τῶν</strong></span> <span class='ocrx_word' id='word_1_40' title='bbox 708 612 1121 682; x_wconf 80' lang='grc' dir='ltr'><strong>προγεγονυιῶν</strong></span> <span class='ocrx_word' id='word_1_41' title='bbox 1155 610 1393 663; x_wconf 80' lang='grc' dir='ltr'>συνόδων</span> <span class='ocrx_word' id='word_1_42' title='bbox 1415 605 1854 677; x_wconf 84' lang='grc' dir='ltr'>δογματισθέντα</span> <span class='ocrx_word' id='word_1_43' title='bbox 1882 603 1959 674; x_wconf 77' lang='grc' dir='ltr'>μὴ</span> 
     </span>
    </p>
   </div>
   <div class='ocr_carea' id='block_1_9' title="bbox 386 695 1960 779">
    <p class='ocr_par' dir='ltr' id='par_1_9' title="bbox 386 695 1960 779">
     <span class='ocr_line' id='line_1_9' title="bbox 386 695 1960 779; baseline -0.01 -17"><span class='ocrx_word' id='word_1_44' title='bbox 386 708 703 779; x_wconf 77' lang='grc' dir='ltr'>παρεξιέναι</span> <span class='ocrx_word' id='word_1_45' title='bbox 760 704 896 774; x_wconf 79' lang='grc' dir='ltr'>μηδὲ</span> <span class='ocrx_word' id='word_1_46' title='bbox 937 703 1077 757; x_wconf 85' lang='grc' dir='ltr'>κατά</span> <span class='ocrx_word' id='word_1_47' title='bbox 1102 718 1154 754; x_wconf 86' lang='grc' dir='ltr'><strong>τι</strong></span> <span class='ocrx_word' id='word_1_48' title='bbox 1212 698 1588 770; x_wconf 88' lang='grc' dir='ltr'>παραθραύειν</span> <span class='ocrx_word' id='word_1_49' title='bbox 1625 696 1807 759; x_wconf 80' lang='grc' dir='ltr'>ποσῶς</span> <span class='ocrx_word' id='word_1_50' title='bbox 1849 695 1960 747; x_wconf 88' lang='grc' dir='ltr'>διο-</span> 
     </span>
    </p>
   </div>
   <div class='ocr_carea' id='block_1_10' title="bbox 387 785 1958 871">
    <p class='ocr_par' dir='ltr' id='par_1_10' title="bbox 387 785 1958 871">
     <span class='ocr_line' id='line_1_10' title="bbox 387 785 1958 871; baseline -0.01 -18"><span class='ocrx_word' id='word_1_51' title='bbox 387 802 618 871; x_wconf 78' lang='grc' dir='ltr'>ρίζεται.</span> <span class='ocrx_word' id='word_1_52' title='bbox 648 793 782 849; x_wconf 80' lang='grc' dir='ltr'>Εῐτα</span> <span class='ocrx_word' id='word_1_53' title='bbox 809 796 903 848; x_wconf 71' lang='grc' dir='ltr'><strong>καὶ</strong></span> <span class='ocrx_word' id='word_1_54' title='bbox 940 792 1252 864; x_wconf 81' lang='grc' dir='ltr'><strong>ἀπαριθμεῖ</strong></span> <span class='ocrx_word' id='word_1_55' title='bbox 1280 791 1376 854; x_wconf 88' lang='grc' dir='ltr'><strong>τάς</strong></span> <span class='ocrx_word' id='word_1_56' title='bbox 1406 789 1687 853; x_wconf 79' lang='grc' dir='ltr'><strong>συνόδους,</strong></span> <span class='ocrx_word' id='word_1_57' title='bbox 1720 786 1814 841; x_wconf 75' lang='grc' dir='ltr'>καὶ</span> <span class='ocrx_word' id='word_1_58' title='bbox 1836 785 1958 839; x_wconf 86' lang='grc' dir='ltr'>καθ’</span> 
     </span>
    </p>
   </div>
   <div class='ocr_carea' id='block_1_11' title="bbox 380 879 1957 956">
    <p class='ocr_par' dir='ltr' id='par_1_11' title="bbox 380 879 1957 956">
     <span class='ocr_line' id='line_1_11' title="bbox 380 879 1957 956; baseline -0.008 -13"><span class='ocrx_word' id='word_1_59' title='bbox 380 885 454 944; x_wconf 83' lang='grc' dir='ltr'>ὧν</span> <span class='ocrx_word' id='word_1_60' title='bbox 476 890 684 956; x_wconf 77' lang='grc' dir='ltr'>ἑκάστη</span> <span class='ocrx_word' id='word_1_61' title='bbox 721 886 985 956; x_wconf 78' lang='grc' dir='ltr'><strong>συνήχθη,</strong></span> <span class='ocrx_word' id='word_1_62' title='bbox 1017 885 1111 938; x_wconf 71' lang='grc' dir='ltr'>καὶ</span> <span class='ocrx_word' id='word_1_63' title='bbox 1156 882 1279 936; x_wconf 84' lang='grc' dir='ltr'>τίνα</span> <span class='ocrx_word' id='word_1_64' title='bbox 1312 881 1381 935; x_wconf 76' lang='grc' dir='ltr'>τὰ</span> <span class='ocrx_word' id='word_1_65' title='bbox 1421 879 1553 951; x_wconf 85' lang='grc' dir='ltr'>παρ’</span> <span class='ocrx_word' id='word_1_66' title='bbox 1582 880 1807 932; x_wconf 71' lang='grc' dir='ltr'>ἐκείνων</span> <span class='ocrx_word' id='word_1_67' title='bbox 1831 879 1957 930; x_wconf 84' lang='grc' dir='ltr'>ἀσε-</span> 
     </span>
    </p>
   </div>
   <div class='ocr_carea' id='block_1_12' title="bbox 382 968 1955 1047">
    <p class='ocr_par' dir='ltr' id='par_1_12' title="bbox 382 968 1955 1047">
     <span class='ocr_line' id='line_1_12' title="bbox 382 968 1955 1047; baseline -0.007 -16"><span class='ocrx_word' id='word_1_68' title='bbox 382 981 490 1041; x_wconf 85' lang='grc' dir='ltr'><strong>ϐῶς</strong></span> <span class='ocrx_word' id='word_1_69' title='bbox 521 979 874 1047; x_wconf 85' lang='grc' dir='ltr'>εἰσαγόμενα,</span> <span class='ocrx_word' id='word_1_70' title='bbox 908 976 1001 1027; x_wconf 67' lang='grc' dir='ltr'>καὶ</span> <span class='ocrx_word' id='word_1_71' title='bbox 1036 975 1159 1028; x_wconf 89' lang='grc' dir='ltr'>τίνα</span> <span class='ocrx_word' id='word_1_72' title='bbox 1182 974 1250 1026; x_wconf 79' lang='grc' dir='ltr'>τὰ</span> <span class='ocrx_word' id='word_1_73' title='bbox 1285 972 1419 1044; x_wconf 88' lang='grc' dir='ltr'>παρ’</span> <span class='ocrx_word' id='word_1_74' title='bbox 1457 972 1701 1040; x_wconf 76' lang='grc' dir='ltr'><strong>ἑκάστης</strong></span> <span class='ocrx_word' id='word_1_75' title='bbox 1735 968 1955 1022; x_wconf 86' lang='grc' dir='ltr'>συνόδου</span> 
     </span>
    </p>
   </div>
   <div class='ocr_carea' id='block_1_13' title="bbox 381 1063 1957 1141">
    <p class='ocr_par' dir='ltr' id='par_1_13' title="bbox 381 1063 1957 1141">
     <span class='ocr_line' id='line_1_13' title="bbox 381 1063 1957 1141; baseline -0.006 -17"><span class='ocrx_word' id='word_1_76' title='bbox 381 1071 822 1141; x_wconf 62' lang='grc' dir='ltr'>δογματισθέντα</span> <span class='ocrx_word' id='word_1_77' title='bbox 879 1070 973 1121; x_wconf 74' lang='grc' dir='ltr'>καὶ</span> <span class='ocrx_word' id='word_1_78' title='bbox 1021 1066 1366 1138; x_wconf 78' lang='grc' dir='ltr'>κυρωθέντα,</span> <span class='ocrx_word' id='word_1_79' title='bbox 1429 1065 1524 1117; x_wconf 72' lang='grc' dir='ltr'><strong>καὶ</strong></span> <span class='ocrx_word' id='word_1_80' title='bbox 1578 1065 1797 1117; x_wconf 88' lang='grc' dir='ltr'>πάντων</span> <span class='ocrx_word' id='word_1_81' title='bbox 1850 1063 1957 1115; x_wconf 84' lang='grc' dir='ltr'><strong>τῶν</strong></span> 
     </span>
    </p>
   </div>
   <div class='ocr_carea' id='block_1_14' title="bbox 382 1153 1956 1229">
    <p class='ocr_par' dir='ltr' id='par_1_14' title="bbox 382 1153 1956 1229">
     <span class='ocr_line' id='line_1_14' title="bbox 382 1153 1956 1229; baseline -0.005 -14"><span class='ocrx_word' id='word_1_82' title='bbox 382 1163 556 1229; x_wconf 84' lang='grc' dir='ltr'>ἁγίων</span> <span class='ocrx_word' id='word_1_83' title='bbox 590 1161 850 1229; x_wconf 81' lang='grc' dir='ltr'>Πατέρων</span> <span class='ocrx_word' id='word_1_84' title='bbox 879 1160 979 1229; x_wconf 78' lang='grc' dir='ltr'><strong>τὴν</strong></span> <span class='ocrx_word' id='word_1_85' title='bbox 1010 1159 1198 1211; x_wconf 89' lang='grc' dir='ltr'>πίστιν</span> <span class='ocrx_word' id='word_1_86' title='bbox 1248 1156 1342 1209; x_wconf 78' lang='grc' dir='ltr'><strong>καὶ</strong></span> <span class='ocrx_word' id='word_1_87' title='bbox 1408 1155 1477 1208; x_wconf 87' lang='grc' dir='ltr'>τὰ</span> <span class='ocrx_word' id='word_1_88' title='bbox 1514 1155 1784 1223; x_wconf 82' lang='grc' dir='ltr'>δόγματα,</span> <span class='ocrx_word' id='word_1_89' title='bbox 1818 1153 1956 1207; x_wconf 85' lang='grc' dir='ltr'>ἀσά-</span> 
     </span>
    </p>
   </div>
   <div class='ocr_carea' id='block_1_15' title="bbox 381 1244 1954 1319">
    <p class='ocr_par' dir='ltr' id='par_1_15' title="bbox 381 1244 1954 1319">
     <span class='ocr_line' id='line_1_15' title="bbox 381 1244 1954 1319; baseline -0.004 -16"><span class='ocrx_word' id='word_1_90' title='bbox 381 1253 547 1305; x_wconf 88' lang='grc' dir='ltr'>λευτα</span> <span class='ocrx_word' id='word_1_91' title='bbox 577 1250 671 1303; x_wconf 80' lang='grc' dir='ltr'><strong>καὶ</strong></span> <span class='ocrx_word' id='word_1_92' title='bbox 696 1251 889 1319; x_wconf 80' lang='grc' dir='ltr'>βέϐαια</span> <span class='ocrx_word' id='word_1_93' title='bbox 921 1249 1204 1319; x_wconf 79' lang='grc' dir='ltr'>διαμένειν</span> <span class='ocrx_word' id='word_1_94' title='bbox 1235 1247 1546 1317; x_wconf 83' lang='grc' dir='ltr'>παρεγγυᾷ,</span> <span class='ocrx_word' id='word_1_95' title='bbox 1584 1245 1678 1299; x_wconf 75' lang='grc' dir='ltr'>καὶ</span> <span class='ocrx_word' id='word_1_96' title='bbox 1706 1244 1775 1297; x_wconf 88' lang='grc' dir='ltr'>τὰ</span> <span class='ocrx_word' id='word_1_97' title='bbox 1807 1245 1954 1297; x_wconf 84' lang='grc' dir='ltr'>ὲκεί-</span> 
     </span>
    </p>
   </div>
   <div class='ocr_carea' id='block_1_16' title="bbox 382 1333 1957 1407">
    <p class='ocr_par' dir='ltr' id='par_1_16' title="bbox 382 1333 1957 1407">
     <span class='ocr_line' id='line_1_16' title="bbox 382 1333 1957 1407; baseline -0.004 -14"><span class='ocrx_word' id='word_1_98' title='bbox 382 1357 490 1393; x_wconf 89' lang='grc' dir='ltr'><strong>νων</strong></span> <span class='ocrx_word' id='word_1_99' title='bbox 530 1340 944 1407; x_wconf 83' lang='grc' dir='ltr'>συγγράμματα</span> <span class='ocrx_word' id='word_1_100' title='bbox 998 1335 1274 1406; x_wconf 78' lang='grc' dir='ltr'>στέργειν,</span> <span class='ocrx_word' id='word_1_101' title='bbox 1322 1334 1731 1389; x_wconf 83' lang='grc' dir='ltr'>ἀποϐάλλεσθαι</span> <span class='ocrx_word' id='word_1_102' title='bbox 1766 1333 1823 1387; x_wconf 84' lang='grc' dir='ltr'>δὲ</span> <span class='ocrx_word' id='word_1_103' title='bbox 1861 1333 1957 1387; x_wconf 77' lang='grc' dir='ltr'>καὶ</span> 
     </span>
    </p>
   </div>
   <div class='ocr_carea' id='block_1_17' title="bbox 378 1425 1937 1498">
    <p class='ocr_par' dir='ltr' id='par_1_17' title="bbox 378 1425 1937 1498">
     <span class='ocr_line' id='line_1_17' title="bbox 378 1425 1937 1498; baseline -0.004 -15"><span class='ocrx_word' id='word_1_104' title='bbox 378 1429 801 1498; x_wconf 73' lang='grc' dir='ltr'>ἀναθεματίζειν</span> <span class='ocrx_word' id='word_1_105' title='bbox 831 1428 955 1490; x_wconf 76' lang='grc' dir='ltr'>τοὺς</span> <span class='ocrx_word' id='word_1_106' title='bbox 987 1427 1090 1496; x_wconf 86' lang='grc' dir='ltr'>τῆς</span> <span class='ocrx_word' id='word_1_107' title='bbox 1123 1427 1383 1497; x_wconf 73' lang='grc' dir='ltr'>ἀληθείας</span> <span class='ocrx_word' id='word_1_108' title='bbox 1429 1427 1677 1498; x_wconf 77' lang='grc' dir='ltr'>ἐχθρούς.</span> <span class='ocrx_word' id='word_1_109' title='bbox 1719 1428 1842 1489; x_wconf 85' lang='grc' dir='ltr'>Τοῖς</span> <span class='ocrx_word' id='word_1_110' title='bbox 1877 1425 1937 1478; x_wconf 82' lang='grc' dir='ltr'>δὲ</span> 
     </span>
    </p>
   </div>
   <div class='ocr_carea' id='block_1_18' title="bbox 387 1516 1954 1592">
    <p class='ocr_par' dir='ltr' id='par_1_18' title="bbox 387 1516 1954 1592">
     <span class='ocr_line' id='line_1_18' title="bbox 387 1516 1954 1592; baseline -0.002 -20"><span class='ocrx_word' id='word_1_111' title='bbox 387 1521 464 1592; x_wconf 77' lang='grc' dir='ltr'>μὴ</span> <span class='ocrx_word' id='word_1_112' title='bbox 515 1520 661 1572; x_wconf 71' lang='grc' dir='ltr'>οὕτω</span> <span class='ocrx_word' id='word_1_113' title='bbox 725 1516 985 1589; x_wconf 77' lang='grc' dir='ltr'>φρονοῦσι</span> <span class='ocrx_word' id='word_1_114' title='bbox 1026 1535 1086 1570; x_wconf 87' lang='grc' dir='ltr'><strong>τε</strong></span> <span class='ocrx_word' id='word_1_115' title='bbox 1139 1519 1235 1571; x_wconf 68' lang='grc' dir='ltr'><strong>καὶ</strong></span> <span class='ocrx_word' id='word_1_116' title='bbox 1295 1517 1531 1581; x_wconf 81' lang='grc' dir='ltr'>ποιοῦσι,</span> <span class='ocrx_word' id='word_1_117' title='bbox 1569 1516 1855 1581; x_wconf 78' lang='grc' dir='ltr'>δοξάζουσι</span> <span class='ocrx_word' id='word_1_118' title='bbox 1894 1532 1954 1569; x_wconf 79' lang='grc' dir='ltr'><strong>τε</strong></span> 
     </span>
    </p>
   </div>
   <div class='ocr_carea' id='block_1_19' title="bbox 383 1606 1949 1681">
    <p class='ocr_par' dir='ltr' id='par_1_19' title="bbox 383 1606 1949 1681">
     <span class='ocr_line' id='line_1_19' title="bbox 383 1606 1949 1681; baseline -0.005 -16"><span class='ocrx_word' id='word_1_119' title='bbox 383 1614 480 1665; x_wconf 77' lang='grc' dir='ltr'><strong>καὶ</strong></span> <span class='ocrx_word' id='word_1_120' title='bbox 511 1610 873 1681; x_wconf 75' lang='grc' dir='ltr'>κηρύττουσιν</span> <span class='ocrx_word' id='word_1_121' title='bbox 903 1609 1135 1678; x_wconf 77' lang='grc' dir='ltr'>ἐπιτιμᾷ</span> <span class='ocrx_word' id='word_1_122' title='bbox 1161 1606 1257 1662; x_wconf 76' lang='grc' dir='ltr'>καὶ</span> <span class='ocrx_word' id='word_1_123' title='bbox 1279 1610 1515 1660; x_wconf 85' lang='grc' dir='ltr'>ποιεῖται</span> <span class='ocrx_word' id='word_1_124' title='bbox 1542 1606 1649 1659; x_wconf 85' lang='grc' dir='ltr'><strong>ὑπὸ</strong></span> <span class='ocrx_word' id='word_1_125' title='bbox 1678 1606 1949 1675; x_wconf 81' lang='grc' dir='ltr'>ἀνάθεμα.</span> 
     </span>
    </p>
   </div>
   <div class='ocr_carea' id='block_1_20' title="bbox 2066 414 3641 491">
    <p class='ocr_par' dir='ltr' id='par_1_20' title="bbox 2066 414 3641 491">
     <span class='ocr_line' id='line_1_20' title="bbox 2066 414 3641 491; baseline 0.01 -26"><span class='ocrx_word' id='word_1_126' title='bbox 2066 427 2128 466; x_wconf 91' lang='lat' dir='ltr'><strong>ac</strong></span> <span class='ocrx_word' id='word_1_127' title='bbox 2144 427 2264 481; x_wconf 75' lang='lat' dir='ltr'><strong>qua:</strong></span> <span class='ocrx_word' id='word_1_128' title='bbox 2282 414 2493 480; x_wconf 84' lang='lat' dir='ltr'><strong>quidem</strong></span> <span class='ocrx_word' id='word_1_129' title='bbox 2530 428 2559 467; x_wconf 87' lang='lat' dir='ltr'><strong>a</strong></span> <span class='ocrx_word' id='word_1_130' title='bbox 2583 415 2784 468; x_wconf 87' lang='lat' dir='ltr'><strong>sanctis</strong></span> <span class='ocrx_word' id='word_1_131' title='bbox 2813 423 2867 469; x_wconf 91' lang='lat' dir='ltr'><strong>et</strong></span> <span class='ocrx_word' id='word_1_132' title='bbox 2895 419 3363 475; x_wconf 87' lang='lat' dir='ltr'><strong>revereudissimis</strong></span> <span class='ocrx_word' id='word_1_133' title='bbox 3383 425 3641 491; x_wconf 75' lang='lat' dir='ltr'><strong>apostol&#39;s</strong></span> 
     </span>
    </p>
   </div>
   <div class='ocr_carea' id='block_1_21' title="bbox 2063 503 3640 587">
    <p class='ocr_par' dir='ltr' id='par_1_21' title="bbox 2063 503 3640 587">
     <span class='ocr_line' id='line_1_21' title="bbox 2063 503 3640 587; baseline 0.01 -31"><span class='ocrx_word' id='word_1_134' title='bbox 2063 503 2270 558; x_wconf 88' lang='lat' dir='ltr'><strong>sancita</strong></span> <span class='ocrx_word' id='word_1_135' title='bbox 2289 504 2689 575; x_wconf 83' lang='lat' dir='ltr'><strong>suntimprimis</strong></span> <span class='ocrx_word' id='word_1_136' title='bbox 2711 521 2931 561; x_wconf 89' lang='lat' dir='ltr'><strong>servare</strong></span> <span class='ocrx_word' id='word_1_137' title='bbox 2951 509 3229 577; x_wconf 87' lang='lat' dir='ltr'><strong>jubentur,</strong></span> <span class='ocrx_word' id='word_1_138' title='bbox 3253 513 3447 570; x_wconf 89' lang='lat' dir='ltr'><strong>deinde</strong></span> <span class='ocrx_word' id='word_1_139' title='bbox 3476 532 3640 587; x_wconf 81' lang='lat' dir='ltr'><strong>syno-</strong></span> 
     </span>
    </p>
   </div>
   <div class='ocr_carea' id='block_1_22' title="bbox 2063 594 3639 669">
    <p class='ocr_par' dir='ltr' id='par_1_22' title="bbox 2063 594 3639 669">
     <span class='ocr_line' id='line_1_22' title="bbox 2063 594 3639 669; baseline 0.009 -22"><span class='ocrx_word' id='word_1_140' title='bbox 2063 594 2180 648; x_wconf 91' lang='lat' dir='ltr'><strong>dica</strong></span> <span class='ocrx_word' id='word_1_141' title='bbox 2211 610 2425 664; x_wconf 84' lang='lat' dir='ltr'><strong>quoque</strong></span> <span class='ocrx_word' id='word_1_142' title='bbox 2468 596 2519 649; x_wconf 92' lang='lat' dir='ltr'><strong>in</strong></span> <span class='ocrx_word' id='word_1_143' title='bbox 2569 598 2668 651; x_wconf 92' lang='lat' dir='ltr'><strong>hoc</strong></span> <span class='ocrx_word' id='word_1_144' title='bbox 2704 605 2915 667; x_wconf 91' lang='lat' dir='ltr'><strong>tempus</strong></span> <span class='ocrx_word' id='word_1_145' title='bbox 2948 599 3089 653; x_wconf 88' lang='lat' dir='ltr'><strong>edita</strong></span> <span class='ocrx_word' id='word_1_146' title='bbox 3129 603 3369 669; x_wconf 82' lang='lat' dir='ltr'><strong>decreta,</strong></span> <span class='ocrx_word' id='word_1_147' title='bbox 3421 620 3487 659; x_wconf 91' lang='lat' dir='ltr'><strong>ne</strong></span> <span class='ocrx_word' id='word_1_148' title='bbox 3524 608 3639 660; x_wconf 86' lang='lat' dir='ltr'><strong>vio-</strong></span> 
     </span>
    </p>
   </div>
   <div class='ocr_carea' id='block_1_23' title="bbox 2062 683 3634 756">
    <p class='ocr_par' dir='ltr' id='par_1_23' title="bbox 2062 683 3634 756">
     <span class='ocr_line' id='line_1_23' title="bbox 2062 683 3634 756; baseline 0.011 -21"><span class='ocrx_word' id='word_1_149' title='bbox 2062 683 2174 739; x_wconf 80' lang='lat' dir='ltr'><strong>lare</strong></span> <span class='ocrx_word' id='word_1_150' title='bbox 2211 695 2300 739; x_wconf 89' lang='lat' dir='ltr'><strong>aut</strong></span> <span class='ocrx_word' id='word_1_151' title='bbox 2335 686 2474 739; x_wconf 73' lang='lat' dir='ltr'><strong>nulla</strong></span> <span class='ocrx_word' id='word_1_152' title='bbox 2499 701 2561 741; x_wconf 76' lang='lat' dir='ltr'><strong>ex</strong></span> <span class='ocrx_word' id='word_1_153' title='bbox 2595 698 2745 756; x_wconf 87' lang='lat' dir='ltr'><strong>parte</strong></span> <span class='ocrx_word' id='word_1_154' title='bbox 2770 688 3047 744; x_wconf 87' lang='lat' dir='ltr'><strong>intirmare</strong></span> <span class='ocrx_word' id='word_1_155' title='bbox 3071 690 3232 747; x_wconf 86' lang='lat' dir='ltr'><strong>liceat</strong></span> <span class='ocrx_word' id='word_1_156' title='bbox 3263 696 3634 752; x_wconf 75' lang='lat' dir='ltr'><strong>constituitur.</strong></span> 
     </span>
    </p>
   </div>
   <div class='ocr_carea' id='block_1_24' title="bbox 2060 775 3639 857">
    <p class='ocr_par' dir='ltr' id='par_1_24' title="bbox 2060 775 3639 857">
     <span class='ocr_line' id='line_1_24' title="bbox 2060 775 3639 857; baseline 0.009 -27"><span class='ocrx_word' id='word_1_157' title='bbox 2060 775 2568 833; x_wconf 86' lang='lat' dir='ltr'><strong>Commemorantur</strong></span> <span class='ocrx_word' id='word_1_158' title='bbox 2625 781 2749 837; x_wconf 88' lang='lat' dir='ltr'><strong>inde</strong></span> <span class='ocrx_word' id='word_1_159' title='bbox 2798 798 2922 838; x_wconf 92' lang='lat' dir='ltr'><strong>cum</strong></span> <span class='ocrx_word' id='word_1_160' title='bbox 2992 787 3119 854; x_wconf 62' lang='lat' dir='ltr'><strong>ipsa:</strong></span> <span class='ocrx_word' id='word_1_161' title='bbox 3161 789 3373 857; x_wconf 83' lang='lat' dir='ltr'><strong>synodi,</strong></span> <span class='ocrx_word' id='word_1_162' title='bbox 3427 800 3538 845; x_wconf 92' lang='lat' dir='ltr'><strong>tum</strong></span> <span class='ocrx_word' id='word_1_163' title='bbox 3605 794 3639 845; x_wconf 91' lang='lat' dir='ltr'><strong>ii</strong></span> 
     </span>
    </p>
   </div>
   <div class='ocr_carea' id='block_1_25' title="bbox 2060 871 3638 947">
    <p class='ocr_par' dir='ltr' id='par_1_25' title="bbox 2060 871 3638 947">
     <span class='ocr_line' id='line_1_25' title="bbox 2060 871 3638 947; baseline 0.008 -26"><span class='ocrx_word' id='word_1_164' title='bbox 2060 875 2248 921; x_wconf 89' lang='lat' dir='ltr'><strong>contra</strong></span> <span class='ocrx_word' id='word_1_165' title='bbox 2289 883 2425 937; x_wconf 89' lang='lat' dir='ltr'><strong>quos</strong></span> <span class='ocrx_word' id='word_1_166' title='bbox 2462 884 2686 939; x_wconf 68' lang='lat' dir='ltr'><strong>quaeque</strong></span> <span class='ocrx_word' id='word_1_167' title='bbox 2730 871 2910 927; x_wconf 90' lang='lat' dir='ltr'><strong>habita</strong></span> <span class='ocrx_word' id='word_1_168' title='bbox 2947 873 3079 940; x_wconf 77' lang='lat' dir='ltr'><strong>fuit;</strong></span> <span class='ocrx_word' id='word_1_169' title='bbox 3145 877 3383 947; x_wconf 87' lang='lat' dir='ltr'><strong>quidque</strong></span> <span class='ocrx_word' id='word_1_170' title='bbox 3432 889 3524 933; x_wconf 88' lang='lat' dir='ltr'><strong>aut</strong></span> <span class='ocrx_word' id='word_1_171' title='bbox 3564 880 3638 933; x_wconf 90' lang='lat' dir='ltr'><strong>illi</strong></span> 
     </span>
    </p>
   </div>
   <div class='ocr_carea' id='block_1_26' title="bbox 2060 957 3634 1039">
    <p class='ocr_par' dir='ltr' id='par_1_26' title="bbox 2060 957 3634 1039">
     <span class='ocr_line' id='line_1_26' title="bbox 2060 957 3634 1039; baseline 0.011 -28"><span class='ocrx_word' id='word_1_172' title='bbox 2060 957 2223 1028; x_wconf 89' lang='lat' dir='ltr'><strong>impie</strong></span> <span class='ocrx_word' id='word_1_173' title='bbox 2242 961 2769 1030; x_wconf 83' lang='lat' dir='ltr'><strong>senserint,autquid</strong></span> <span class='ocrx_word' id='word_1_174' title='bbox 2792 966 3109 1035; x_wconf 84' lang='lat' dir='ltr'><strong>uniuscujus</strong></span> <span class='ocrx_word' id='word_1_175' title='bbox 3134 985 3220 1035; x_wconf 68' lang='lat' dir='ltr'><strong>[ue</strong></span> <span class='ocrx_word' id='word_1_176' title='bbox 3251 970 3443 1039; x_wconf 83' lang='lat' dir='ltr'><strong>synodi</strong></span> <span class='ocrx_word' id='word_1_177' title='bbox 3472 972 3634 1028; x_wconf 76' lang='lat' dir='ltr'><strong>vicis-</strong></span> 
     </span>
    </p>
   </div>
   <div class='ocr_carea' id='block_1_27' title="bbox 2058 1050 3640 1131">
    <p class='ocr_par' dir='ltr' id='par_1_27' title="bbox 2058 1050 3640 1131">
     <span class='ocr_line' id='line_1_27' title="bbox 2058 1050 3640 1131; baseline 0.008 -26"><span class='ocrx_word' id='word_1_178' title='bbox 2058 1050 2160 1105; x_wconf 86' lang='lat' dir='ltr'><strong>sim</strong></span> <span class='ocrx_word' id='word_1_179' title='bbox 2179 1051 2498 1106; x_wconf 91' lang='lat' dir='ltr'><strong>auctoritate</strong></span> <span class='ocrx_word' id='word_1_180' title='bbox 2519 1052 2799 1107; x_wconf 81' lang='lat' dir='ltr'><strong>deﬁnitum</strong></span> <span class='ocrx_word' id='word_1_181' title='bbox 2822 1064 2876 1109; x_wconf 90' lang='lat' dir='ltr'><strong>et</strong></span> <span class='ocrx_word' id='word_1_182' title='bbox 2897 1057 3274 1113; x_wconf 79' lang='lat' dir='ltr'><strong>conﬁrmatum</strong></span> <span class='ocrx_word' id='word_1_183' title='bbox 3306 1062 3377 1114; x_wconf 62' lang='lat' dir='ltr'><strong>sit</strong></span> <span class='ocrx_word' id='word_1_184' title='bbox 3401 1062 3640 1131; x_wconf 70' lang='lat' dir='ltr'><strong>explica-</strong></span> 
     </span>
    </p>
   </div>
   <div class='ocr_carea' id='block_1_28' title="bbox 2061 1140 3637 1219">
    <p class='ocr_par' dir='ltr' id='par_1_28' title="bbox 2061 1140 3637 1219">
     <span class='ocr_line' id='line_1_28' title="bbox 2061 1140 3637 1219; baseline 0.01 -27"><span class='ocrx_word' id='word_1_185' title='bbox 2061 1148 2169 1192; x_wconf 90' lang='lat' dir='ltr'><strong>tur.</strong></span> <span class='ocrx_word' id='word_1_186' title='bbox 2206 1140 2341 1193; x_wconf 89' lang='lat' dir='ltr'><strong>Tum</strong></span> <span class='ocrx_word' id='word_1_187' title='bbox 2374 1152 2685 1196; x_wconf 88' lang='lat' dir='ltr'><strong>sanctorum</strong></span> <span class='ocrx_word' id='word_1_188' title='bbox 2722 1144 2943 1199; x_wconf 85' lang='lat' dir='ltr'><strong>Patrum</strong></span> <span class='ocrx_word' id='word_1_189' title='bbox 2991 1147 3147 1201; x_wconf 79' lang='lat' dir='ltr'><strong>fidem</strong></span> <span class='ocrx_word' id='word_1_190' title='bbox 3181 1164 3243 1203; x_wconf 87' lang='lat' dir='ltr'><strong>ac</strong></span> <span class='ocrx_word' id='word_1_191' title='bbox 3267 1151 3512 1219; x_wconf 76' lang='lat' dir='ltr'><strong>dogmata</strong></span> <span class='ocrx_word' id='word_1_192' title='bbox 3550 1155 3637 1207; x_wconf 78' lang='lat' dir='ltr'><strong>in-</strong></span> 
     </span>
    </p>
   </div>
   <div class='ocr_carea' id='block_1_29' title="bbox 2058 1232 3638 1312">
    <p class='ocr_par' dir='ltr' id='par_1_29' title="bbox 2058 1232 3638 1312">
     <span class='ocr_line' id='line_1_29' title="bbox 2058 1232 3638 1312; baseline 0.008 -28"><span class='ocrx_word' id='word_1_193' title='bbox 2058 1232 2253 1286; x_wconf 88' lang='lat' dir='ltr'><strong>violata</strong></span> <span class='ocrx_word' id='word_1_194' title='bbox 2293 1247 2357 1288; x_wconf 83' lang='lat' dir='ltr'><strong>ac</strong></span> <span class='ocrx_word' id='word_1_195' title='bbox 2394 1233 2544 1287; x_wconf 89' lang='lat' dir='ltr'><strong>lirma</strong></span> <span class='ocrx_word' id='word_1_196' title='bbox 2584 1236 2806 1289; x_wconf 84' lang='lat' dir='ltr'><strong>omnino</strong></span> <span class='ocrx_word' id='word_1_197' title='bbox 2840 1238 3029 1301; x_wconf 86' lang='lat' dir='ltr'><strong>teneri,</strong></span> <span class='ocrx_word' id='word_1_198' title='bbox 3062 1254 3245 1293; x_wconf 88' lang='lat' dir='ltr'><strong>eorum</strong></span> <span class='ocrx_word' id='word_1_199' title='bbox 3296 1258 3391 1296; x_wconf 80' lang='lat' dir='ltr'><strong>nos</strong></span> <span class='ocrx_word' id='word_1_200' title='bbox 3420 1245 3638 1312; x_wconf 80' lang='lat' dir='ltr'><strong>scriptis</strong></span> 
     </span>
    </p>
   </div>
   <div class='ocr_carea' id='block_1_30' title="bbox 2058 1323 3637 1400">
    <p class='ocr_par' dir='ltr' id='par_1_30' title="bbox 2058 1323 3637 1400">
     <span class='ocr_line' id='line_1_30' title="bbox 2058 1323 3637 1400; baseline 0.009 -25"><span class='ocrx_word' id='word_1_201' title='bbox 2058 1336 2121 1376; x_wconf 87' lang='lat' dir='ltr'><strong>ac</strong></span> <span class='ocrx_word' id='word_1_202' title='bbox 2147 1323 2453 1378; x_wconf 86' lang='lat' dir='ltr'><strong>auctoritati</strong></span> <span class='ocrx_word' id='word_1_203' title='bbox 2507 1327 2873 1393; x_wconf 83' lang='lat' dir='ltr'><strong>acquiescere,</strong></span> <span class='ocrx_word' id='word_1_204' title='bbox 2900 1330 3148 1385; x_wconf 81' lang='lat' dir='ltr'><strong>veritatis</strong></span> <span class='ocrx_word' id='word_1_205' title='bbox 3174 1331 3353 1386; x_wconf 79' lang='lat' dir='ltr'><strong>hostes</strong></span> <span class='ocrx_word' id='word_1_206' title='bbox 3379 1338 3637 1400; x_wconf 85' lang='lat' dir='ltr'><strong>aversari,</strong></span> 
     </span>
    </p>
   </div>
   <div class='ocr_carea' id='block_1_31' title="bbox 2055 1413 3640 1493">
    <p class='ocr_par' dir='ltr' id='par_1_31' title="bbox 2055 1413 3640 1493">
     <span class='ocr_line' id='line_1_31' title="bbox 2055 1413 3640 1493; baseline 0.009 -27"><span class='ocrx_word' id='word_1_207' title='bbox 2055 1426 2120 1467; x_wconf 88' lang='lat' dir='ltr'><strong>ac</strong></span> <span class='ocrx_word' id='word_1_208' title='bbox 2146 1413 2281 1469; x_wconf 89' lang='lat' dir='ltr'><strong>diris</strong></span> <span class='ocrx_word' id='word_1_209' title='bbox 2308 1415 2557 1470; x_wconf 83' lang='lat' dir='ltr'><strong>omnilms</strong></span> <span class='ocrx_word' id='word_1_210' title='bbox 2594 1417 2858 1472; x_wconf 76' lang='lat' dir='ltr'><strong>devovere</strong></span> <span class='ocrx_word' id='word_1_211' title='bbox 2882 1417 3095 1486; x_wconf 87' lang='lat' dir='ltr'><strong>jubent.</strong></span> <span class='ocrx_word' id='word_1_212' title='bbox 3131 1421 3184 1475; x_wconf 90' lang='lat' dir='ltr'><strong>Si</strong></span> <span class='ocrx_word' id='word_1_213' title='bbox 3214 1424 3305 1493; x_wconf 72' lang='lat' dir='ltr'><strong>qui</strong></span> <span class='ocrx_word' id='word_1_214' title='bbox 3332 1439 3456 1479; x_wconf 82' lang='lat' dir='ltr'><strong>vero</strong></span> <span class='ocrx_word' id='word_1_215' title='bbox 3485 1427 3640 1481; x_wconf 82' lang='lat' dir='ltr'><strong>aliter</strong></span> 
     </span>
    </p>
   </div>
   <div class='ocr_carea' id='block_1_32' title="bbox 2055 1504 3638 1578">
    <p class='ocr_par' dir='ltr' id='par_1_32' title="bbox 2055 1504 3638 1578">
     <span class='ocr_line' id='line_1_32' title="bbox 2055 1504 3638 1578; baseline 0.011 -22"><span class='ocrx_word' id='word_1_216' title='bbox 2055 1504 2325 1557; x_wconf 89' lang='lat' dir='ltr'><strong>senserint</strong></span> <span class='ocrx_word' id='word_1_217' title='bbox 2414 1504 2726 1574; x_wconf 82' lang='lat' dir='ltr'><strong>fecerintve,</strong></span> <span class='ocrx_word' id='word_1_218' title='bbox 2788 1509 2991 1578; x_wconf 86' lang='lat' dir='ltr'><strong>opinati</strong></span> <span class='ocrx_word' id='word_1_219' title='bbox 3038 1510 3239 1566; x_wconf 81' lang='lat' dir='ltr'><strong>fuerint</strong></span> <span class='ocrx_word' id='word_1_220' title='bbox 3289 1522 3386 1568; x_wconf 87' lang='lat' dir='ltr'><strong>aut</strong></span> <span class='ocrx_word' id='word_1_221' title='bbox 3436 1518 3638 1572; x_wconf 88' lang='lat' dir='ltr'><strong>docue-</strong></span> 
     </span>
    </p>
   </div>
   <div class='ocr_carea' id='block_1_33' title="bbox 2056 1593 3634 1674">
    <p class='ocr_par' dir='ltr' id='par_1_33' title="bbox 2056 1593 3634 1674">
     <span class='ocr_line' id='line_1_33' title="bbox 2056 1593 3634 1674; baseline 0.011 -27"><span class='ocrx_word' id='word_1_222' title='bbox 2056 1593 2186 1661; x_wconf 85' lang='lat' dir='ltr'><strong>rint,</strong></span> <span class='ocrx_word' id='word_1_223' title='bbox 2228 1609 2323 1650; x_wconf 87' lang='lat' dir='ltr'><strong>eos</strong></span> <span class='ocrx_word' id='word_1_224' title='bbox 2370 1601 2653 1665; x_wconf 70' lang='lat' dir='ltr'><strong>castigant,</strong></span> <span class='ocrx_word' id='word_1_225' title='bbox 2693 1607 2747 1653; x_wconf 90' lang='lat' dir='ltr'><strong>et</strong></span> <span class='ocrx_word' id='word_1_226' title='bbox 2804 1603 3138 1657; x_wconf 85' lang='lat' dir='ltr'><strong>anathemati</strong></span> <span class='ocrx_word' id='word_1_227' title='bbox 3187 1605 3461 1674; x_wconf 87' lang='lat' dir='ltr'><strong>subjectos</strong></span> <span class='ocrx_word' id='word_1_228' title='bbox 3512 1624 3634 1664; x_wconf 89' lang='lat' dir='ltr'><strong>esse</strong></span> 
     </span>
    </p>
   </div>
   <div class='ocr_carea' id='block_1_34' title="bbox 381 1663 1952 1771">
    <p class='ocr_par' dir='ltr' id='par_1_34' title="bbox 381 1663 1952 1771">
     <span class='ocr_line' id='line_1_34' title="bbox 381 1663 1952 1771; baseline -0.004 -16"><span class='ocrx_word' id='word_1_229' title='bbox 554 1663 662 1771; x_wconf 60' lang='grc' dir='ltr'><strong>γάρ</strong></span> <span class='ocrx_word' id='word_1_230' title='bbox 694 1663 1071 1771; x_wconf 51' lang='grc' dir='ltr'>προστιθέναι.</span> <span class='ocrx_word' id='word_1_231' title='bbox 1104 1663 1180 1764; x_wconf 71' lang='grc' dir='ltr'><strong>τι,</strong></span> <span class='ocrx_word' id='word_1_232' title='bbox 1234 1698 1391 1769; x_wconf 79' lang='grc' dir='ltr'>φησὶ,</span> <span class='ocrx_word' id='word_1_233' title='bbox 1449 1696 1792 1768; x_wconf 82' lang='grc' dir='ltr'>δεδυνήμεθα</span> <span class='ocrx_word' id='word_1_234' title='bbox 1840 1663 1952 1759; x_wconf 73' lang='grc' dir='ltr'>τοῖς</span> 
     </span>
    </p>
   </div>
   <div class='ocr_carea' id='block_1_35' title="bbox 2060 1663 3632 1771">
    <p class='ocr_par' dir='ltr' id='par_1_35' title="bbox 2060 1686 3632 1765">
     <span class='ocr_line' id='line_1_35' title="bbox 2060 1686 3632 1765; baseline 0.01 -26"><span class='ocrx_word' id='word_1_235' title='bbox 2060 1686 2341 1741; x_wconf 76' lang='lat' dir='ltr'><strong>definiunt.</strong></span> <span class='ocrx_word' id='word_1_236' title='bbox 2375 1686 2485 1741; x_wconf 81' lang='lat' dir='ltr'><strong>Nec</strong></span> <span class='ocrx_word' id='word_1_237' title='bbox 2519 1689 2687 1755; x_wconf 86' lang='lat' dir='ltr'><strong>enim,</strong></span> <span class='ocrx_word' id='word_1_238' title='bbox 2740 1691 3018 1760; x_wconf 90' lang='lat' dir='ltr'><strong>inquiunt,</strong></span> <span class='ocrx_word' id='word_1_239' title='bbox 3056 1695 3256 1765; x_wconf 89' lang='lat' dir='ltr'><strong>aliquid</strong></span> <span class='ocrx_word' id='word_1_240' title='bbox 3302 1698 3632 1765; x_wconf 82' lang='lat' dir='ltr'><strong>invenimus,</strong></span> 
     </span>
    </p>
   </div>
   <div class='ocr_carea' id='block_1_36' title="bbox 384 1786 1953 1866">
    <p class='ocr_par' dir='ltr' id='par_1_36' title="bbox 384 1786 1953 1866">
     <span class='ocr_line' id='line_1_36' title="bbox 384 1786 1953 1866; baseline -0.004 -18"><span class='ocrx_word' id='word_1_241' title='bbox 384 1796 535 1866; x_wconf 83' lang='grc' dir='ltr'><strong>παρά</strong></span> <span class='ocrx_word' id='word_1_242' title='bbox 571 1793 680 1847; x_wconf 85' lang='grc' dir='ltr'><strong>τῶν</strong></span> <span class='ocrx_word' id='word_1_243' title='bbox 705 1792 881 1860; x_wconf 84' lang='grc' dir='ltr'>ἁγίων</span> <span class='ocrx_word' id='word_1_244' title='bbox 928 1789 1193 1860; x_wconf 85' lang='grc' dir='ltr'>Πατέρων</span> <span class='ocrx_word' id='word_1_245' title='bbox 1220 1788 1664 1859; x_wconf 82' lang='grc' dir='ltr'>διεγνωσμένοις,</span> <span class='ocrx_word' id='word_1_246' title='bbox 1711 1786 1837 1840; x_wconf 77' lang='grc' dir='ltr'>οὔτε</span> <span class='ocrx_word' id='word_1_247' title='bbox 1899 1803 1953 1841; x_wconf 80' lang='grc' dir='ltr'><strong>τι</strong></span> 
     </span>
    </p>
   </div>
   <div class='ocr_carea' id='block_1_37' title="bbox 382 1875 1956 1952">
    <p class='ocr_par' dir='ltr' id='par_1_37' title="bbox 382 1875 1956 1952">
     <span class='ocr_line' id='line_1_37' title="bbox 382 1875 1956 1952; baseline -0.006 -15"><span class='ocrx_word' id='word_1_248' title='bbox 382 1882 665 1947; x_wconf 85' lang='grc' dir='ltr'>παντελῶς</span> <span class='ocrx_word' id='word_1_249' title='bbox 702 1882 980 1952; x_wconf 81' lang='grc' dir='ltr'>ὑφαιρεῖν,</span> <span class='ocrx_word' id='word_1_250' title='bbox 1044 1878 1183 1933; x_wconf 86' lang='grc' dir='ltr'><strong>ἀλλά</strong></span> <span class='ocrx_word' id='word_1_251' title='bbox 1232 1878 1465 1941; x_wconf 76' lang='grc' dir='ltr'>ἐκείνοις</span> <span class='ocrx_word' id='word_1_252' title='bbox 1511 1879 1571 1931; x_wconf 73' lang='grc' dir='ltr'>ἐν</span> <span class='ocrx_word' id='word_1_253' title='bbox 1612 1878 1778 1931; x_wconf 82' lang='grc' dir='ltr'>πᾶσιν</span> <span class='ocrx_word' id='word_1_254' title='bbox 1828 1875 1956 1930; x_wconf 80' lang='grc' dir='ltr'>ὲπόο</span> 
     </span>
    </p>
   </div>
   <div class='ocr_carea' id='block_1_38' title="bbox 383 1976 544 2046">
    <p class='ocr_par' dir='ltr' id='par_1_38' title="bbox 383 1976 544 2046">
     <span class='ocr_line' id='line_1_38' title="bbox 383 1976 544 2046; baseline 0.006 -18"><span class='ocrx_word' id='word_1_255' title='bbox 383 1976 544 2046; x_wconf 78' lang='grc' dir='ltr'>μεθα.</span> 
     </span>
    </p>
   </div>
   <div class='ocr_carea' id='block_1_39' title="bbox 374 2048 1953 2135">
    <p class='ocr_par' dir='ltr' id='par_1_39' title="bbox 374 2048 1953 2135">
     <span class='ocr_line' id='line_1_39' title="bbox 374 2048 1953 2135; baseline -0.008 -14"><span class='ocrx_word' id='word_1_256' title='bbox 374 2068 602 2121; x_wconf 77' lang='grc' dir='ltr'><strong>ΑΡΙΣΤ.</strong></span> <span class='ocrx_word' id='word_1_257' title='bbox 658 2083 679 2118; x_wconf 82' lang='lat' dir='ltr'><strong>t</strong></span> <span class='ocrx_word' id='word_1_258' title='bbox 725 2048 808 2119; x_wconf 65' lang='grc' dir='ltr'><strong>Τὰ</strong></span> <span class='ocrx_word' id='word_1_259' title='bbox 854 2063 1008 2135; x_wconf 79' lang='grc' dir='ltr'><strong>παρὰ</strong></span> <span class='ocrx_word' id='word_1_260' title='bbox 1054 2062 1161 2116; x_wconf 88' lang='grc' dir='ltr'><strong>τῶν</strong></span> <span class='ocrx_word' id='word_1_261' title='bbox 1206 2058 1533 2130; x_wconf 77' lang='grc' dir='ltr'>ἑτεροδόξων</span> <span class='ocrx_word' id='word_1_262' title='bbox 1604 2055 1953 2126; x_wconf 89' lang='grc' dir='ltr'>κλοπιμαίως</span> 
     </span>
    </p>
   </div>
   <div class='ocr_carea' id='block_1_40' title="bbox 460 2146 1955 2227">
    <p class='ocr_par' dir='ltr' id='par_1_40' title="bbox 460 2146 1955 2227">
     <span class='ocr_line' id='line_1_40' title="bbox 460 2146 1955 2227; baseline -0.007 -17"><span class='ocrx_word' id='word_1_263' title='bbox 460 2178 479 2210; x_wconf 74' lang='grc' dir='ltr'><strong>ι</strong></span> <span class='ocrx_word' id='word_1_264' title='bbox 519 2156 907 2227; x_wconf 80' lang='grc' dir='ltr'>ἐμϐεϐλημένα</span> <span class='ocrx_word' id='word_1_265' title='bbox 934 2156 1056 2216; x_wconf 82' lang='grc' dir='ltr'>ταῖς</span> <span class='ocrx_word' id='word_1_266' title='bbox 1117 2152 1205 2206; x_wconf 81' lang='grc' dir='ltr'>διὰ</span> <span class='ocrx_word' id='word_1_267' title='bbox 1237 2152 1555 2221; x_wconf 84' lang='grc' dir='ltr'>Κλήμεντος</span> <span class='ocrx_word' id='word_1_268' title='bbox 1584 2149 1693 2201; x_wconf 87' lang='grc' dir='ltr'><strong>τῶν</strong></span> <span class='ocrx_word' id='word_1_269' title='bbox 1726 2146 1955 2201; x_wconf 87' lang='grc' dir='ltr'>ἀποστό-</span> 
     </span>
    </p>
   </div>
   <div class='ocr_carea' id='block_1_41' title="bbox 463 2243 1382 2312">
    <p class='ocr_par' dir='ltr' id='par_1_41' title="bbox 463 2243 1382 2312">
     <span class='ocr_line' id='line_1_41' title="bbox 463 2243 1382 2312; baseline -0.005 -11"><span class='ocrx_word' id='word_1_270' title='bbox 463 2268 481 2300; x_wconf 77' lang='grc' dir='ltr'><strong>ι</strong></span> <span class='ocrx_word' id='word_1_271' title='bbox 520 2250 629 2301; x_wconf 88' lang='grc' dir='ltr'><strong>λων</strong></span> <span class='ocrx_word' id='word_1_272' title='bbox 656 2245 972 2311; x_wconf 73' lang='grc' dir='ltr'>Διατάξεσιν</span> <span class='ocrx_word' id='word_1_273' title='bbox 999 2243 1382 2312; x_wconf 81' lang='grc' dir='ltr'>ἀποκήρυκτα.</span> 
     </span>
    </p>
   </div>
   <div class='ocr_carea' id='block_1_42' title="bbox 469 2327 1952 2404">
    <p class='ocr_par' dir='ltr' id='par_1_42' title="bbox 469 2327 1952 2404">
     <span class='ocr_line' id='line_1_42' title="bbox 469 2327 1952 2404; baseline -0.01 -10"><span class='ocrx_word' id='word_1_274' title='bbox 469 2339 561 2394; x_wconf 83' lang='grc' dir='ltr'>Ἐν</span> <span class='ocrx_word' id='word_1_275' title='bbox 599 2341 710 2404; x_wconf 85' lang='grc' dir='ltr'>τοῖς</span> <span class='ocrx_word' id='word_1_276' title='bbox 764 2335 1145 2397; x_wconf 85' lang='grc' dir='ltr'>ἀποστολικοίς</span> <span class='ocrx_word' id='word_1_277' title='bbox 1176 2334 1364 2387; x_wconf 79' lang='grc' dir='ltr'>κανόσι</span> <span class='ocrx_word' id='word_1_278' title='bbox 1407 2332 1545 2403; x_wconf 78' lang='grc' dir='ltr'>πρὸς</span> <span class='ocrx_word' id='word_1_279' title='bbox 1602 2331 1717 2393; x_wconf 85' lang='grc' dir='ltr'>τοῖς</span> <span class='ocrx_word' id='word_1_280' title='bbox 1768 2327 1952 2391; x_wconf 77' lang='grc' dir='ltr'>ἄλλοις</span> 
     </span>
    </p>
   </div>
   <div class='ocr_carea' id='block_1_43' title="bbox 379 2418 1952 2501">
    <p class='ocr_par' dir='ltr' id='par_1_43' title="bbox 379 2418 1952 2501">
     <span class='ocr_line' id='line_1_43' title="bbox 379 2418 1952 2501; baseline -0.01 -15"><span class='ocrx_word' id='word_1_281' title='bbox 379 2436 491 2496; x_wconf 80' lang='grc' dir='ltr'>τοῖς</span> <span class='ocrx_word' id='word_1_282' title='bbox 521 2433 619 2501; x_wconf 85' lang='grc' dir='ltr'>τῆς</span> <span class='ocrx_word' id='word_1_283' title='bbox 656 2432 849 2500; x_wconf 78' lang='grc' dir='ltr'>καινῆς</span> <span class='ocrx_word' id='word_1_284' title='bbox 871 2428 967 2481; x_wconf 70' lang='grc' dir='ltr'>καὶ</span> <span class='ocrx_word' id='word_1_285' title='bbox 1013 2425 1249 2488; x_wconf 81' lang='grc' dir='ltr'>παλαιᾶς</span> <span class='ocrx_word' id='word_1_286' title='bbox 1282 2423 1561 2494; x_wconf 80' lang='grc' dir='ltr'>Διαθήκης</span> <span class='ocrx_word' id='word_1_287' title='bbox 1598 2419 1827 2491; x_wconf 85' lang='grc' dir='ltr'>βιϐλίοις</span> <span class='ocrx_word' id='word_1_288' title='bbox 1854 2418 1952 2472; x_wconf 77' lang='grc' dir='ltr'>καὶ</span> 
     </span>
    </p>
   </div>
   <div class='ocr_carea' id='block_1_44' title="bbox 381 2510 1952 2587">
    <p class='ocr_par' dir='ltr' id='par_1_44' title="bbox 381 2510 1952 2587">
     <span class='ocr_line' id='line_1_44' title="bbox 381 2510 1952 2587; baseline -0.01 -10"><span class='ocrx_word' id='word_1_289' title='bbox 381 2526 481 2586; x_wconf 87' lang='grc' dir='ltr'><strong>τάς</strong></span> <span class='ocrx_word' id='word_1_290' title='bbox 515 2522 791 2587; x_wconf 78' lang='grc' dir='ltr'>διατάξεις</span> <span class='ocrx_word' id='word_1_291' title='bbox 822 2519 930 2571; x_wconf 90' lang='grc' dir='ltr'><strong>τῶν</strong></span> <span class='ocrx_word' id='word_1_292' title='bbox 976 2515 1315 2581; x_wconf 85' lang='grc' dir='ltr'>ἀποστόλων,</span> <span class='ocrx_word' id='word_1_293' title='bbox 1374 2514 1472 2578; x_wconf 70' lang='grc' dir='ltr'><strong>τὰς</strong></span> <span class='ocrx_word' id='word_1_294' title='bbox 1511 2514 1600 2567; x_wconf 83' lang='grc' dir='ltr'>διὰ</span> <span class='ocrx_word' id='word_1_295' title='bbox 1634 2510 1952 2581; x_wconf 76' lang='grc' dir='ltr'>Κλήμεντος</span> 
     </span>
    </p>
   </div>
   <div class='ocr_carea' id='block_1_45' title="bbox 379 2603 1953 2678">
    <p class='ocr_par' dir='ltr' id='par_1_45' title="bbox 379 2603 1953 2678">
     <span class='ocr_line' id='line_1_45' title="bbox 379 2603 1953 2678; baseline -0.01 -9"><span class='ocrx_word' id='word_1_296' title='bbox 379 2618 439 2669; x_wconf 68' lang='grc' dir='ltr'>ἓν</span> <span class='ocrx_word' id='word_1_297' title='bbox 464 2614 608 2667; x_wconf 85' lang='grc' dir='ltr'>όκτὼ</span> <span class='ocrx_word' id='word_1_298' title='bbox 641 2610 986 2673; x_wconf 81' lang='grc' dir='ltr'>συντεθείσας</span> <span class='ocrx_word' id='word_1_299' title='bbox 1020 2606 1269 2678; x_wconf 85' lang='grc' dir='ltr'>βιϐλίοις,</span> <span class='ocrx_word' id='word_1_300' title='bbox 1323 2604 1629 2674; x_wconf 86' lang='grc' dir='ltr'>σεϐασμίας</span> <span class='ocrx_word' id='word_1_301' title='bbox 1668 2605 1763 2656; x_wconf 78' lang='grc' dir='ltr'>καὶ</span> <span class='ocrx_word' id='word_1_302' title='bbox 1786 2603 1953 2671; x_wconf 84' lang='grc' dir='ltr'>ἁγίας</span> 
     </span>
    </p>
   </div>
   <div class='ocr_carea' id='block_1_46' title="bbox 379 2692 1952 2777">
    <p class='ocr_par' dir='ltr' id='par_1_46' title="bbox 379 2692 1952 2777">
     <span class='ocr_line' id='line_1_46' title="bbox 379 2692 1952 2777; baseline -0.009 -17"><span class='ocrx_word' id='word_1_303' title='bbox 379 2707 529 2777; x_wconf 73' lang='grc' dir='ltr'>ἔχειν</span> <span class='ocrx_word' id='word_1_304' title='bbox 563 2705 903 2775; x_wconf 84' lang='grc' dir='ltr'>ὡρίσθημεν.</span> <span class='ocrx_word' id='word_1_305' title='bbox 943 2700 1001 2752; x_wconf 84' lang='lat'><strong>&#39;0</strong></span> <span class='ocrx_word' id='word_1_306' title='bbox 1031 2698 1087 2751; x_wconf 85' lang='grc' dir='ltr'><strong>δὲ</strong></span> <span class='ocrx_word' id='word_1_307' title='bbox 1118 2694 1311 2768; x_wconf 87' lang='grc' dir='ltr'>παρὼν</span> <span class='ocrx_word' id='word_1_308' title='bbox 1343 2694 1545 2758; x_wconf 87' lang='grc' dir='ltr'>κανὼν,</span> <span class='ocrx_word' id='word_1_309' title='bbox 1580 2693 1668 2748; x_wconf 84' lang='grc' dir='ltr'><strong>διὰ</strong></span> <span class='ocrx_word' id='word_1_310' title='bbox 1701 2692 1763 2746; x_wconf 76' lang='grc' dir='ltr'>τὸ</span> <span class='ocrx_word' id='word_1_311' title='bbox 1822 2693 1952 2746; x_wconf 83' lang='grc' dir='ltr'>νόθα</span> 
     </span>
    </p>
   </div>
   <div class='ocr_carea' id='block_1_47' title="bbox 378 2784 1954 2863">
    <p class='ocr_par' dir='ltr' id='par_1_47' title="bbox 378 2784 1954 2863">
     <span class='ocr_line' id='line_1_47' title="bbox 378 2784 1954 2863; baseline -0.01 -11"><span class='ocrx_word' id='word_1_312' title='bbox 378 2799 500 2853; x_wconf 70' lang='grc' dir='ltr'>τινὰ</span> <span class='ocrx_word' id='word_1_313' title='bbox 546 2799 641 2850; x_wconf 77' lang='grc' dir='ltr'>καὶ</span> <span class='ocrx_word' id='word_1_314' title='bbox 687 2796 816 2862; x_wconf 75' lang='grc' dir='ltr'>ξένα</span> <span class='ocrx_word' id='word_1_315' title='bbox 848 2795 948 2863; x_wconf 85' lang='grc' dir='ltr'>τῆς</span> <span class='ocrx_word' id='word_1_316' title='bbox 1008 2790 1293 2853; x_wconf 77' lang='grc' dir='ltr'>εὐσεϐείας</span> <span class='ocrx_word' id='word_1_317' title='bbox 1331 2788 1438 2841; x_wconf 76' lang='grc' dir='ltr'>ὑπὸ</span> <span class='ocrx_word' id='word_1_318' title='bbox 1476 2786 1587 2840; x_wconf 86' lang='grc' dir='ltr'><strong>τῶν</strong></span> <span class='ocrx_word' id='word_1_319' title='bbox 1627 2784 1954 2855; x_wconf 76' lang='grc' dir='ltr'>ἑτεροδόξων</span> 
     </span>
    </p>
   </div>
   <div class='ocr_carea' id='block_1_48' title="bbox 380 2875 1951 2957">
    <p class='ocr_par' dir='ltr' id='par_1_48' title="bbox 380 2875 1951 2957">
     <span class='ocr_line' id='line_1_48' title="bbox 380 2875 1951 2957; baseline -0.008 -16"><span class='ocrx_word' id='word_1_320' title='bbox 380 2887 756 2957; x_wconf 76' lang='grc' dir='ltr'>παρατεθῆναι</span> <span class='ocrx_word' id='word_1_321' title='bbox 788 2886 845 2936; x_wconf 84' lang='grc' dir='ltr'>ὲν</span> <span class='ocrx_word' id='word_1_322' title='bbox 894 2883 1087 2944; x_wconf 85' lang='grc' dir='ltr'>αὑταῖς</span> <span class='ocrx_word' id='word_1_323' title='bbox 1119 2881 1211 2933; x_wconf 77' lang='grc' dir='ltr'><strong>ἐπὶ</strong></span> <span class='ocrx_word' id='word_1_324' title='bbox 1263 2879 1407 2950; x_wconf 77' lang='grc' dir='ltr'>λύμῃ</span> <span class='ocrx_word' id='word_1_325' title='bbox 1463 2875 1562 2947; x_wconf 74' lang='grc' dir='ltr'>τῆς</span> <span class='ocrx_word' id='word_1_326' title='bbox 1604 2875 1951 2945; x_wconf 84' lang='grc' dir='ltr'>Ἐκκλησίας,</span> 
     </span>
    </p>
   </div>
   <div class='ocr_carea' id='block_1_49' title="bbox 2055 1777 3637 1852">
    <p class='ocr_par' dir='ltr' id='par_1_49' title="bbox 2055 1777 3637 1852">
     <span class='ocr_line' id='line_1_49' title="bbox 2055 1777 3637 1852; baseline 0.009 -22"><span class='ocrx_word' id='word_1_327' title='bbox 2055 1777 2198 1845; x_wconf 86' lang='lat' dir='ltr'><strong>quod</strong></span> <span class='ocrx_word' id='word_1_328' title='bbox 2249 1787 2569 1832; x_wconf 89' lang='lat' dir='ltr'><strong>sanctorum</strong></span> <span class='ocrx_word' id='word_1_329' title='bbox 2627 1778 2849 1835; x_wconf 85' lang='lat' dir='ltr'><strong>Patrum</strong></span> <span class='ocrx_word' id='word_1_330' title='bbox 2904 1782 3113 1852; x_wconf 85' lang='lat' dir='ltr'><strong>placitis</strong></span> <span class='ocrx_word' id='word_1_331' title='bbox 3152 1786 3297 1852; x_wconf 91' lang='lat' dir='ltr'><strong>addi,</strong></span> <span class='ocrx_word' id='word_1_332' title='bbox 3356 1801 3451 1844; x_wconf 91' lang='lat' dir='ltr'><strong>aut</strong></span> <span class='ocrx_word' id='word_1_333' title='bbox 3493 1792 3637 1847; x_wconf 84' lang='lat' dir='ltr'><strong>demi</strong></span> 
     </span>
    </p>
   </div>
   <div class='ocr_carea' id='block_1_50' title="bbox 2054 1870 3187 1946">
    <p class='ocr_par' dir='ltr' id='par_1_50' title="bbox 2054 1870 3187 1946">
     <span class='ocr_line' id='line_1_50' title="bbox 2054 1870 3187 1946; baseline 0.004 -22"><span class='ocrx_word' id='word_1_334' title='bbox 2054 1879 2276 1938; x_wconf 84' lang='lat' dir='ltr'><strong>posset;</strong></span> <span class='ocrx_word' id='word_1_335' title='bbox 2301 1870 2393 1924; x_wconf 88' lang='lat' dir='ltr'><strong>sed</strong></span> <span class='ocrx_word' id='word_1_336' title='bbox 2428 1886 2492 1925; x_wconf 88' lang='lat' dir='ltr'><strong>ea</strong></span> <span class='ocrx_word' id='word_1_337' title='bbox 2531 1872 2586 1926; x_wconf 91' lang='lat' dir='ltr'><strong>in</strong></span> <span class='ocrx_word' id='word_1_338' title='bbox 2609 1874 2860 1929; x_wconf 89' lang='lat' dir='ltr'><strong>omnibus</strong></span> <span class='ocrx_word' id='word_1_339' title='bbox 2890 1877 3187 1946; x_wconf 87' lang='lat' dir='ltr'><strong>sequimur.</strong></span> 
     </span>
    </p>
   </div>
   <div class='ocr_carea' id='block_1_51' title="bbox 2054 2040 3638 2128">
    <p class='ocr_par' dir='ltr' id='par_1_51' title="bbox 2054 2040 3638 2128">
     <span class='ocr_line' id='line_1_51' title="bbox 2054 2040 3638 2128; baseline 0.013 -34"><span class='ocrx_word' id='word_1_340' title='bbox 2054 2040 2283 2097; x_wconf 83' lang='lat' dir='ltr'><strong>ARIST.</strong></span> <span class='ocrx_word' id='word_1_341' title='bbox 2322 2062 2341 2096; x_wconf 76' lang='grc' dir='ltr'><strong>ι</strong></span> <span class='ocrx_word' id='word_1_342' title='bbox 2376 2043 2505 2110; x_wconf 82' lang='lat' dir='ltr'><strong>Quae</strong></span> <span class='ocrx_word' id='word_1_343' title='bbox 2556 2048 2623 2101; x_wconf 90' lang='lat' dir='ltr'><strong>ab</strong></span> <span class='ocrx_word' id='word_1_344' title='bbox 2667 2048 3016 2104; x_wconf 81' lang='lat' dir='ltr'><strong>heterodoxis</strong></span> <span class='ocrx_word' id='word_1_345' title='bbox 3092 2054 3458 2121; x_wconf 88' lang='lat' dir='ltr'><strong>apostolorum</strong></span> <span class='ocrx_word' id='word_1_346' title='bbox 3540 2073 3638 2128; x_wconf 89' lang='lat' dir='ltr'><strong>per</strong></span> 
     </span>
    </p>
   </div>
   <div class='ocr_carea' id='block_1_52' title="bbox 2134 2132 3635 2205">
    <p class='ocr_par' dir='ltr' id='par_1_52' title="bbox 2134 2132 3635 2205">
     <span class='ocr_line' id='line_1_52' title="bbox 2134 2132 3635 2205; baseline 0.013 -20"><span class='ocrx_word' id='word_1_347' title='bbox 2134 2152 2153 2185; x_wconf 76' lang='grc' dir='ltr'><strong>ι</strong></span> <span class='ocrx_word' id='word_1_348' title='bbox 2197 2132 2531 2189; x_wconf 87' lang='lat' dir='ltr'><strong>Clementem</strong></span> <span class='ocrx_word' id='word_1_349' title='bbox 2594 2135 3082 2195; x_wconf 87' lang='lat' dir='ltr'><strong>Constitutionibus</strong></span> <span class='ocrx_word' id='word_1_350' title='bbox 3169 2142 3354 2199; x_wconf 84' lang='lat' dir='ltr'><strong>furtim</strong></span> <span class='ocrx_word' id='word_1_351' title='bbox 3429 2147 3635 2205; x_wconf 86' lang='lat' dir='ltr'><strong>inserta</strong></span> 
     </span>
    </p>
   </div>
   <div class='ocr_carea' id='block_1_53' title="bbox 2131 2227 2760 2290">
    <p class='ocr_par' dir='ltr' id='par_1_53' title="bbox 2131 2227 2760 2290">
     <span class='ocr_line' id='line_1_53' title="bbox 2131 2227 2760 2290; baseline 0.008 -12"><span class='ocrx_word' id='word_1_352' title='bbox 2131 2244 2150 2277; x_wconf 78' lang='grc' dir='ltr'><strong>ι</strong></span> <span class='ocrx_word' id='word_1_353' title='bbox 2192 2234 2338 2290; x_wconf 91' lang='lat' dir='ltr'><strong>sunt,</strong></span> <span class='ocrx_word' id='word_1_354' title='bbox 2370 2227 2710 2285; x_wconf 75' lang='lat' dir='ltr'><strong>abdicantur.</strong></span> <span class='ocrx_word' id='word_1_355' title='bbox 2740 2249 2760 2283; x_wconf 72' lang='grc' dir='ltr'><strong>ι</strong></span> 
     </span>
    </p>
   </div>
   <div class='ocr_carea' id='block_1_54' title="bbox 2128 2317 3635 2392">
    <p class='ocr_par' dir='ltr' id='par_1_54' title="bbox 2128 2317 3635 2392">
     <span class='ocr_line' id='line_1_54' title="bbox 2128 2317 3635 2392; baseline 0.014 -22"><span class='ocrx_word' id='word_1_356' title='bbox 2128 2317 2181 2370; x_wconf 89' lang='lat' dir='ltr'><strong>In</strong></span> <span class='ocrx_word' id='word_1_357' title='bbox 2213 2318 2507 2374; x_wconf 77' lang='lat' dir='ltr'><strong>rationibus</strong></span> <span class='ocrx_word' id='word_1_358' title='bbox 2533 2321 2863 2388; x_wconf 89' lang='lat' dir='ltr'><strong>apostolicis,</strong></span> <span class='ocrx_word' id='word_1_359' title='bbox 2898 2335 3095 2392; x_wconf 59' lang='lat' dir='ltr'><strong>praeter</strong></span> <span class='ocrx_word' id='word_1_360' title='bbox 3121 2326 3254 2385; x_wconf 87' lang='lat' dir='ltr'><strong>alios</strong></span> <span class='ocrx_word' id='word_1_361' title='bbox 3283 2327 3417 2387; x_wconf 87' lang='lat' dir='ltr'><strong>Novi</strong></span> <span class='ocrx_word' id='word_1_362' title='bbox 3447 2344 3498 2387; x_wconf 89' lang='lat' dir='ltr'><strong>et</strong></span> <span class='ocrx_word' id='word_1_363' title='bbox 3528 2334 3635 2391; x_wconf 73' lang='lat' dir='ltr'><strong>Ne-</strong></span> 
     </span>
    </p>
   </div>
   <div class='ocr_carea' id='block_1_55' title="bbox 2058 2408 3636 2491">
    <p class='ocr_par' dir='ltr' id='par_1_55' title="bbox 2058 2408 3636 2491">
     <span class='ocr_line' id='line_1_55' title="bbox 2058 2408 3636 2491; baseline 0.013 -30"><span class='ocrx_word' id='word_1_364' title='bbox 2058 2408 2186 2461; x_wconf 91' lang='lat' dir='ltr'><strong>teris</strong></span> <span class='ocrx_word' id='word_1_365' title='bbox 2223 2409 2549 2465; x_wconf 85' lang='lat' dir='ltr'><strong>Testamenti</strong></span> <span class='ocrx_word' id='word_1_366' title='bbox 2585 2411 2751 2467; x_wconf 86' lang='lat' dir='ltr'><strong>libros</strong></span> <span class='ocrx_word' id='word_1_367' title='bbox 2777 2422 2830 2467; x_wconf 88' lang='lat' dir='ltr'><strong>et</strong></span> <span class='ocrx_word' id='word_1_368' title='bbox 2898 2416 3310 2476; x_wconf 86' lang='lat' dir='ltr'><strong>constitutiones</strong></span> <span class='ocrx_word' id='word_1_369' title='bbox 3362 2427 3636 2491; x_wconf 80' lang='lat' dir='ltr'><strong>aposmlo-</strong></span> 
     </span>
    </p>
   </div>
   <div class='ocr_carea' id='block_1_56' title="bbox 2054 2494 3633 2575">
    <p class='ocr_par' dir='ltr' id='par_1_56' title="bbox 2054 2494 3633 2575">
     <span class='ocr_line' id='line_1_56' title="bbox 2054 2494 3633 2575; baseline 0.015 -28"><span class='ocrx_word' id='word_1_370' title='bbox 2054 2507 2195 2558; x_wconf 90' lang='lat' dir='ltr'><strong>rum,</strong></span> <span class='ocrx_word' id='word_1_371' title='bbox 2220 2508 2249 2547; x_wconf 91' lang='lat' dir='ltr'><strong>a</strong></span> <span class='ocrx_word' id='word_1_372' title='bbox 2280 2494 2556 2551; x_wconf 82' lang='lat' dir='ltr'><strong>Clemente</strong></span> <span class='ocrx_word' id='word_1_373' title='bbox 2584 2498 2638 2552; x_wconf 90' lang='lat' dir='ltr'><strong>in</strong></span> <span class='ocrx_word' id='word_1_374' title='bbox 2664 2507 2787 2554; x_wconf 93' lang='lat' dir='ltr'><strong>octo</strong></span> <span class='ocrx_word' id='word_1_375' title='bbox 2818 2500 2969 2556; x_wconf 84' lang='lat' dir='ltr'><strong>libris</strong></span> <span class='ocrx_word' id='word_1_376' title='bbox 2996 2508 3326 2575; x_wconf 89' lang='lat' dir='ltr'><strong>compositas</strong></span> <span class='ocrx_word' id='word_1_377' title='bbox 3366 2527 3597 2571; x_wconf 88' lang='lat' dir='ltr'><strong>veneran</strong></span> <span class='ocrx_word' id='word_1_378' title='bbox 3618 2547 3633 2559; x_wconf 91' lang='lat'><strong><em>-</em></strong></span> 
     </span>
    </p>
   </div>
   <div class='ocr_carea' id='block_1_57' title="bbox 2054 2581 3633 2661">
    <p class='ocr_par' dir='ltr' id='par_1_57' title="bbox 2054 2581 3633 2661">
     <span class='ocr_line' id='line_1_57' title="bbox 2054 2581 3633 2661; baseline 0.016 -27"><span class='ocrx_word' id='word_1_379' title='bbox 2054 2581 2152 2637; x_wconf 90' lang='lat' dir='ltr'><strong>das</strong></span> <span class='ocrx_word' id='word_1_380' title='bbox 2193 2593 2245 2637; x_wconf 90' lang='lat' dir='ltr'><strong>et</strong></span> <span class='ocrx_word' id='word_1_381' title='bbox 2276 2600 2461 2641; x_wconf 89' lang='lat' dir='ltr'><strong>sacras</strong></span> <span class='ocrx_word' id='word_1_382' title='bbox 2513 2587 2715 2642; x_wconf 87' lang='lat' dir='ltr'><strong>habere</strong></span> <span class='ocrx_word' id='word_1_383' title='bbox 2757 2589 2913 2645; x_wconf 88' lang='lat' dir='ltr'><strong>nobis</strong></span> <span class='ocrx_word' id='word_1_384' title='bbox 2952 2593 3004 2646; x_wconf 92' lang='lat' dir='ltr'><strong>in</strong></span> <span class='ocrx_word' id='word_1_385' title='bbox 3056 2597 3321 2653; x_wconf 88' lang='lat' dir='ltr'><strong>mandatis</strong></span> <span class='ocrx_word' id='word_1_386' title='bbox 3349 2602 3528 2657; x_wconf 92' lang='lat' dir='ltr'><strong>datur.</strong></span> <span class='ocrx_word' id='word_1_387' title='bbox 3562 2605 3633 2661; x_wconf 84' lang='lat' dir='ltr'><strong>At</strong></span> 
     </span>
    </p>
   </div>
   <div class='ocr_carea' id='block_1_58' title="bbox 2054 2679 3633 2764">
    <p class='ocr_par' dir='ltr' id='par_1_58' title="bbox 2054 2679 3633 2764">
     <span class='ocr_line' id='line_1_58' title="bbox 2054 2679 3633 2764; baseline 0.018 -40"><span class='ocrx_word' id='word_1_388' title='bbox 2054 2687 2291 2740; x_wconf 72' lang='lat' dir='ltr'><strong>praesens</strong></span> <span class='ocrx_word' id='word_1_389' title='bbox 2340 2686 2537 2742; x_wconf 74' lang='lat' dir='ltr'><strong>canon,</strong></span> <span class='ocrx_word' id='word_1_390' title='bbox 2567 2679 2695 2746; x_wconf 91' lang='lat' dir='ltr'><strong>quia</strong></span> <span class='ocrx_word' id='word_1_391' title='bbox 2729 2680 2913 2748; x_wconf 86' lang='lat' dir='ltr'><strong>spuria</strong></span> <span class='ocrx_word' id='word_1_392' title='bbox 2966 2687 3211 2752; x_wconf 65' lang='lat' dir='ltr'><strong>quaedam</strong></span> <span class='ocrx_word' id='word_1_393' title='bbox 3258 2701 3311 2745; x_wconf 88' lang='lat' dir='ltr'><strong>et</strong></span> <span class='ocrx_word' id='word_1_394' title='bbox 3354 2706 3383 2745; x_wconf 88' lang='lat' dir='ltr'><strong>a</strong></span> <span class='ocrx_word' id='word_1_395' title='bbox 3433 2695 3633 2764; x_wconf 88' lang='lat' dir='ltr'><strong>pietate</strong></span> 
     </span>
    </p>
   </div>
   <div class='ocr_carea' id='block_1_59' title="bbox 2056 2764 3632 2843">
    <p class='ocr_par' dir='ltr' id='par_1_59' title="bbox 2056 2764 3632 2843">
     <span class='ocr_line' id='line_1_59' title="bbox 2056 2764 3632 2843; baseline 0.017 -27"><span class='ocrx_word' id='word_1_396' title='bbox 2056 2764 2227 2819; x_wconf 87' lang='lat' dir='ltr'><strong>aliena</strong></span> <span class='ocrx_word' id='word_1_397' title='bbox 2260 2766 2312 2819; x_wconf 92' lang='lat' dir='ltr'><strong>in</strong></span> <span class='ocrx_word' id='word_1_398' title='bbox 2372 2767 2488 2822; x_wconf 90' lang='lat' dir='ltr'><strong>istis</strong></span> <span class='ocrx_word' id='word_1_399' title='bbox 2522 2769 2589 2822; x_wconf 91' lang='lat' dir='ltr'><strong>ab</strong></span> <span class='ocrx_word' id='word_1_400' title='bbox 2613 2769 2959 2826; x_wconf 82' lang='lat' dir='ltr'><strong>heterodoxis</strong></span> <span class='ocrx_word' id='word_1_401' title='bbox 2985 2776 3255 2832; x_wconf 89' lang='lat' dir='ltr'><strong>adduntur</strong></span> <span class='ocrx_word' id='word_1_402' title='bbox 3271 2782 3335 2835; x_wconf 83' lang='lat' dir='ltr'><strong>ad</strong></span> <span class='ocrx_word' id='word_1_403' title='bbox 3372 2783 3632 2843; x_wconf 73' lang='lat' dir='ltr'><strong>Erclesiae</strong></span> 
     </span>
    </p>
   </div>
   <div class='ocr_carea' id='block_1_60' title="bbox 2054 2855 3628 2937">
    <p class='ocr_par' dir='ltr' id='par_1_60' title="bbox 2054 2855 3628 2937">
     <span class='ocr_line' id='line_1_60' title="bbox 2054 2855 3628 2937; baseline 0.017 -29"><span class='ocrx_word' id='word_1_404' title='bbox 2054 2855 2278 2921; x_wconf 83' lang='lat' dir='ltr'><strong>exitum,</strong></span> <span class='ocrx_word' id='word_1_405' title='bbox 2314 2859 2469 2925; x_wconf 89' lang='lat' dir='ltr'><strong>abjici</strong></span> <span class='ocrx_word' id='word_1_406' title='bbox 2502 2874 2563 2913; x_wconf 89' lang='lat' dir='ltr'><strong>ea</strong></span> <span class='ocrx_word' id='word_1_407' title='bbox 2596 2861 2856 2930; x_wconf 76' lang='lat' dir='ltr'><strong>prtecipit,</strong></span> <span class='ocrx_word' id='word_1_408' title='bbox 2885 2864 2952 2918; x_wconf 91' lang='lat' dir='ltr'><strong>ad</strong></span> <span class='ocrx_word' id='word_1_409' title='bbox 2973 2868 3149 2937; x_wconf 76' lang='lat' dir='ltr'><strong>gregis</strong></span> <span class='ocrx_word' id='word_1_410' title='bbox 3177 2868 3628 2933; x_wconf 88' lang='lat' dir='ltr'><strong>Christianissimi</strong></span> 
     </span>
    </p>
   </div>
   <div class='ocr_carea' id='block_1_61' title="bbox 381 2945 2962 3044">
    <p class='ocr_par' dir='ltr' id='par_1_61' title="bbox 381 2945 2962 3044">
     <span class='ocr_line' id='line_1_61' title="bbox 381 2945 2962 3044; baseline -0.01 -10"><span class='ocrx_word' id='word_1_411' title='bbox 381 2945 971 3037; x_wconf 57' lang='grc' dir='ltr'>ἀπδϐάλλεσθαιαύτὰς</span> <span class='ocrx_word' id='word_1_412' title='bbox 1002 2945 1351 3041; x_wconf 77' lang='grc' dir='ltr'>ὲγκελεύεται</span> <span class='ocrx_word' id='word_1_413' title='bbox 1380 2945 1825 3040; x_wconf 72' lang='grc' dir='ltr'>πρδςοίκοδομὴν</span> <span class='ocrx_word' id='word_1_414' title='bbox 1856 2968 1951 3021; x_wconf 73' lang='grc' dir='ltr'><strong>καὶ</strong></span> <span class='ocrx_word' id='word_1_415' title='bbox 1978 2986 2021 3044; x_wconf 61' lang='grc' dir='ltr'><strong>(ξ</strong></span> <span class='ocrx_word' id='word_1_416' title='bbox 2054 2945 2467 3003; x_wconf 61' lang='grc' dir='ltr'><strong>ωάίηθῖηίοηοῐη</strong></span> <span class='ocrx_word' id='word_1_417' title='bbox 2507 2958 2560 3003; x_wconf 66' lang='grc' dir='ltr'><strong>ει</strong></span> <span class='ocrx_word' id='word_1_418' title='bbox 2590 2952 2962 3007; x_wconf 71' lang='lat' dir='ltr'><strong>Securilalem.</strong></span> 
     </span>
    </p>
   </div>
   <div class='ocr_carea' id='block_1_62' title="bbox 385 3055 1699 3138">
    <p class='ocr_par' dir='ltr' id='par_1_62' title="bbox 385 3055 1699 3138">
     <span class='ocr_line' id='line_1_62' title="bbox 385 3055 1699 3138; baseline -0.01 -15"><span class='ocrx_word' id='word_1_419' title='bbox 385 3069 691 3138; x_wconf 84' lang='grc' dir='ltr'>ἀσφάλειαν</span> <span class='ocrx_word' id='word_1_420' title='bbox 727 3064 822 3118; x_wconf 77' lang='grc' dir='ltr'>τοῦ</span> <span class='ocrx_word' id='word_1_421' title='bbox 850 3062 1390 3134; x_wconf 86' lang='grc' dir='ltr'>Χριστιανικωτάτου</span> <span class='ocrx_word' id='word_1_422' title='bbox 1418 3055 1699 3128; x_wconf 86' lang='grc' dir='ltr'>ποιμνίου.</span> 
     </span>
    </p>
   </div>
   <div class='ocr_carea' id='block_1_63' title="bbox 1016 3151 1359 3209">
    <p class='ocr_par' dir='ltr' id='par_1_63' title="bbox 1016 3151 1359 3209">
     <span class='ocr_line' id='line_1_63' title="bbox 1016 3151 1359 3209; baseline -0.017 0"><span class='ocrx_word' id='word_1_423' title='bbox 1016 3151 1256 3209; x_wconf 82' lang='grc' dir='ltr'>ΚΑΝΩΝ</span> <span class='ocrx_word' id='word_1_424' title='bbox 1283 3151 1359 3204; x_wconf 82' lang='grc' dir='ltr'><strong>Γ’.</strong></span> 
     </span>
    </p>
   </div>
   <div class='ocr_carea' id='block_1_64' title="bbox 387 3238 1952 3321">
    <p class='ocr_par' dir='ltr' id='par_1_64' title="bbox 387 3238 1952 3321">
     <span class='ocr_line' id='line_1_64' title="bbox 387 3238 1952 3321; baseline -0.008 -15"><span class='ocrx_word' id='word_1_425' title='bbox 387 3273 407 3306; x_wconf 77' lang='grc' dir='ltr'><strong>ι</strong></span> <span class='ocrx_word' id='word_1_426' title='bbox 452 3250 666 3321; x_wconf 80' lang='grc' dir='ltr'>Ἐπειδὴ</span> <span class='ocrx_word' id='word_1_427' title='bbox 700 3249 757 3302; x_wconf 82' lang='grc' dir='ltr'>δὲ</span> <span class='ocrx_word' id='word_1_428' title='bbox 774 3252 799 3302; x_wconf 87' lang='grc' dir='ltr'><strong>ό</strong></span> <span class='ocrx_word' id='word_1_429' title='bbox 815 3246 1040 3319; x_wconf 79' lang='grc' dir='ltr'>εὐσεϐὴς</span> <span class='ocrx_word' id='word_1_430' title='bbox 1061 3247 1151 3298; x_wconf 72' lang='grc' dir='ltr'>καὶ</span> <span class='ocrx_word' id='word_1_431' title='bbox 1165 3243 1506 3314; x_wconf 84' lang='grc' dir='ltr'>φιλόχριστος</span> <span class='ocrx_word' id='word_1_432' title='bbox 1522 3240 1679 3311; x_wconf 77' lang='grc' dir='ltr'>ἡμῶν</span> <span class='ocrx_word' id='word_1_433' title='bbox 1698 3238 1952 3309; x_wconf 83' lang='grc' dir='ltr'>βασιλεὺς</span> 
     </span>
    </p>
   </div>
   <div class='ocr_carea' id='block_1_65' title="bbox 455 3331 1953 3416">
    <p class='ocr_par' dir='ltr' id='par_1_65' title="bbox 455 3331 1953 3416">
     <span class='ocr_line' id='line_1_65' title="bbox 455 3331 1953 3416; baseline -0.009 -19"><span class='ocrx_word' id='word_1_434' title='bbox 455 3365 471 3397; x_wconf 84' lang='grc' dir='ltr'><strong>ι</strong></span> <span class='ocrx_word' id='word_1_435' title='bbox 520 3348 585 3416; x_wconf 80' lang='grc' dir='ltr'>τῇ</span> <span class='ocrx_word' id='word_1_436' title='bbox 608 3345 738 3414; x_wconf 83' lang='grc' dir='ltr'>ἁγίᾳ</span> <span class='ocrx_word' id='word_1_437' title='bbox 749 3341 920 3412; x_wconf 82' lang='grc' dir='ltr'>ταύτῃ</span> <span class='ocrx_word' id='word_1_438' title='bbox 934 3339 1030 3394; x_wconf 81' lang='grc' dir='ltr'><strong>καὶ</strong></span> <span class='ocrx_word' id='word_1_439' title='bbox 1044 3338 1392 3408; x_wconf 74' lang='grc' dir='ltr'>οἰκουμενικῇ</span> <span class='ocrx_word' id='word_1_440' title='bbox 1410 3331 1801 3406; x_wconf 86' lang='grc' dir='ltr'>προσεφώνησε</span> <span class='ocrx_word' id='word_1_441' title='bbox 1828 3347 1953 3384; x_wconf 88' lang='grc' dir='ltr'>συν-</span> 
     </span>
    </p>
   </div>
   <div class='ocr_carea' id='block_1_66' title="bbox 454 3424 1951 3506">
    <p class='ocr_par' dir='ltr' id='par_1_66' title="bbox 454 3424 1951 3506">
     <span class='ocr_line' id='line_1_66' title="bbox 454 3424 1951 3506; baseline -0.009 -16"><span class='ocrx_word' id='word_1_442' title='bbox 454 3459 471 3489; x_wconf 77' lang='grc' dir='ltr'><strong>ι</strong></span> <span class='ocrx_word' id='word_1_443' title='bbox 517 3437 639 3506; x_wconf 82' lang='grc' dir='ltr'>όδῳ,</span> <span class='ocrx_word' id='word_1_444' title='bbox 673 3433 813 3488; x_wconf 85' lang='grc' dir='ltr'>ὣστε</span> <span class='ocrx_word' id='word_1_445' title='bbox 840 3432 962 3495; x_wconf 81' lang='grc' dir='ltr'>τοὺς</span> <span class='ocrx_word' id='word_1_446' title='bbox 979 3434 1035 3484; x_wconf 76' lang='grc' dir='ltr'>ἐν</span> <span class='ocrx_word' id='word_1_447' title='bbox 1051 3429 1129 3501; x_wconf 83' lang='grc' dir='ltr'>τῷ</span> <span class='ocrx_word' id='word_1_448' title='bbox 1147 3430 1330 3499; x_wconf 76' lang='grc' dir='ltr'>κλήρῳ</span> <span class='ocrx_word' id='word_1_449' title='bbox 1351 3424 1839 3493; x_wconf 83' lang='grc' dir='ltr'>καταλεγομένους,</span> <span class='ocrx_word' id='word_1_450' title='bbox 1856 3426 1951 3476; x_wconf 74' lang='grc' dir='ltr'><strong>καὶ</strong></span> 
     </span>
    </p>
   </div>
   <div class='ocr_carea' id='block_1_67' title="bbox 453 3516 1950 3595">
    <p class='ocr_par' dir='ltr' id='par_1_67' title="bbox 453 3516 1950 3595">
     <span class='ocr_line' id='line_1_67' title="bbox 453 3516 1950 3595; baseline -0.011 -12"><span class='ocrx_word' id='word_1_451' title='bbox 453 3550 470 3583; x_wconf 79' lang='grc' dir='ltr'><strong>ι</strong></span> <span class='ocrx_word' id='word_1_452' title='bbox 517 3531 697 3592; x_wconf 80' lang='grc' dir='ltr'>ἄλλοις</span> <span class='ocrx_word' id='word_1_453' title='bbox 723 3527 790 3581; x_wconf 79' lang='grc' dir='ltr'>τὰ</span> <span class='ocrx_word' id='word_1_454' title='bbox 818 3527 935 3580; x_wconf 78' lang='grc' dir='ltr'>θεῖα</span> <span class='ocrx_word' id='word_1_455' title='bbox 961 3520 1474 3595; x_wconf 86' lang='grc' dir='ltr'>διαπορθμεύοντας,</span> <span class='ocrx_word' id='word_1_456' title='bbox 1503 3516 1780 3587; x_wconf 78' lang='grc' dir='ltr'>καθαροὺς</span> <span class='ocrx_word' id='word_1_457' title='bbox 1818 3518 1950 3568; x_wconf 89' lang='grc' dir='ltr'>ἀπο-</span> 
     </span>
    </p>
   </div>
   <div class='ocr_carea' id='block_1_68' title="bbox 450 3609 1949 3692">
    <p class='ocr_par' dir='ltr' id='par_1_68' title="bbox 450 3609 1949 3692">
     <span class='ocr_line' id='line_1_68' title="bbox 450 3609 1949 3692; baseline -0.009 -17"><span class='ocrx_word' id='word_1_458' title='bbox 450 3644 467 3675; x_wconf 81' lang='grc' dir='ltr'><strong>ι</strong></span> <span class='ocrx_word' id='word_1_459' title='bbox 517 3624 680 3692; x_wconf 78' lang='grc' dir='ltr'>φῆναι</span> <span class='ocrx_word' id='word_1_460' title='bbox 702 3621 793 3674; x_wconf 77' lang='grc' dir='ltr'><strong>καὶ</strong></span> <span class='ocrx_word' id='word_1_461' title='bbox 824 3616 1169 3687; x_wconf 77' lang='grc' dir='ltr'>λειτουργοὺς</span> <span class='ocrx_word' id='word_1_462' title='bbox 1203 3611 1487 3683; x_wconf 75' lang='grc' dir='ltr'>ἀμώμους,</span> <span class='ocrx_word' id='word_1_463' title='bbox 1516 3610 1610 3673; x_wconf 70' lang='grc' dir='ltr'>καὶ</span> <span class='ocrx_word' id='word_1_464' title='bbox 1636 3609 1733 3679; x_wconf 85' lang='grc' dir='ltr'>τῆς</span> <span class='ocrx_word' id='word_1_465' title='bbox 1758 3609 1949 3678; x_wconf 84' lang='grc' dir='ltr'>νοερᾶς</span> 
     </span>
    </p>
   </div>
   <div class='ocr_carea' id='block_1_69' title="bbox 451 3703 1943 3783">
    <p class='ocr_par' dir='ltr' id='par_1_69' title="bbox 451 3703 1943 3783">
     <span class='ocr_line' id='line_1_69' title="bbox 451 3703 1943 3783; baseline -0.011 -16"><span class='ocrx_word' id='word_1_466' title='bbox 451 3735 468 3767; x_wconf 79' lang='grc' dir='ltr'><strong>ι</strong></span> <span class='ocrx_word' id='word_1_467' title='bbox 515 3712 610 3766; x_wconf 79' lang='grc' dir='ltr'><strong>τοῦ</strong></span> <span class='ocrx_word' id='word_1_468' title='bbox 640 3711 875 3783; x_wconf 81' lang='grc' dir='ltr'>μεγάλου</span> <span class='ocrx_word' id='word_1_469' title='bbox 920 3707 1080 3770; x_wconf 84' lang='grc' dir='ltr'>Θεοῦ,</span> <span class='ocrx_word' id='word_1_470' title='bbox 1106 3707 1202 3759; x_wconf 70' lang='grc' dir='ltr'>καὶ</span> <span class='ocrx_word' id='word_1_471' title='bbox 1229 3704 1468 3774; x_wconf 85' lang='grc' dir='ltr'>θύματος</span> <span class='ocrx_word' id='word_1_472' title='bbox 1500 3703 1593 3755; x_wconf 70' lang='grc' dir='ltr'><strong>καὶ</strong></span> <span class='ocrx_word' id='word_1_473' title='bbox 1620 3703 1943 3772; x_wconf 80' lang='grc' dir='ltr'>ἀρχιερέως,</span> 
     </span>
    </p>
   </div>
   <div class='ocr_carea' id='block_1_70' title="bbox 456 3792 1947 3868">
    <p class='ocr_par' dir='ltr' id='par_1_70' title="bbox 456 3792 1947 3868">
     <span class='ocr_line' id='line_1_70' title="bbox 456 3792 1947 3868; baseline -0.011 -10"><span class='ocrx_word' id='word_1_474' title='bbox 456 3826 474 3858; x_wconf 77' lang='grc' dir='ltr'><strong>ι</strong></span> <span class='ocrx_word' id='word_1_475' title='bbox 527 3804 716 3868; x_wconf 84' lang='grc' dir='ltr'>θυσίας</span> <span class='ocrx_word' id='word_1_476' title='bbox 767 3801 975 3868; x_wconf 78' lang='grc' dir='ltr'>ἀξίους,</span> <span class='ocrx_word' id='word_1_477' title='bbox 1000 3795 1346 3866; x_wconf 78' lang='grc' dir='ltr'>ἀνακαθᾶραι</span> <span class='ocrx_word' id='word_1_478' title='bbox 1383 3812 1442 3848; x_wconf 87' lang='grc' dir='ltr'><strong>τε</strong></span> <span class='ocrx_word' id='word_1_479' title='bbox 1481 3794 1547 3847; x_wconf 73' lang='grc' dir='ltr'>τὰ</span> <span class='ocrx_word' id='word_1_480' title='bbox 1573 3792 1633 3857; x_wconf 78' lang='grc' dir='ltr'>ἐξ</span> <span class='ocrx_word' id='word_1_481' title='bbox 1691 3792 1947 3861; x_wconf 82' lang='grc' dir='ltr'>ἀθέσμων</span> 
     </span>
    </p>
   </div>
   <div class='ocr_carea' id='block_1_71' title="bbox 452 3883 1946 3966">
    <p class='ocr_par' dir='ltr' id='par_1_71' title="bbox 452 3883 1946 3966">
     <span class='ocr_line' id='line_1_71' title="bbox 452 3883 1946 3966; baseline -0.012 -15"><span class='ocrx_word' id='word_1_482' title='bbox 452 3917 471 3949; x_wconf 72' lang='grc' dir='ltr'><strong>ι</strong></span> <span class='ocrx_word' id='word_1_483' title='bbox 519 3897 713 3966; x_wconf 85' lang='grc' dir='ltr'>γάμων</span> <span class='ocrx_word' id='word_1_484' title='bbox 743 3892 958 3954; x_wconf 82' lang='grc' dir='ltr'>τούτοις</span> <span class='ocrx_word' id='word_1_485' title='bbox 1000 3889 1351 3959; x_wconf 83' lang='grc' dir='ltr'>ὲπιτριϐἐντα</span> <span class='ocrx_word' id='word_1_486' title='bbox 1385 3887 1528 3956; x_wconf 83' lang='grc' dir='ltr'>μύση</span> <span class='ocrx_word' id='word_1_487' title='bbox 1554 3900 1568 3915; x_wconf 80' lang='grc'><strong><em>⁸</em></strong></span> <span class='ocrx_word' id='word_1_488' title='bbox 1602 3884 1740 3955; x_wconf 76' lang='grc' dir='ltr'>πρὸς</span> <span class='ocrx_word' id='word_1_489' title='bbox 1772 3883 1946 3951; x_wconf 85' lang='grc' dir='ltr'>τούτῳ</span> 
     </span>
    </p>
   </div>
   <div class='ocr_carea' id='block_1_72' title="bbox 452 3973 1945 4053">
    <p class='ocr_par' dir='ltr' id='par_1_72' title="bbox 452 3973 1945 4053">
     <span class='ocr_line' id='line_1_72' title="bbox 452 3973 1945 4053; baseline -0.011 -13"><span class='ocrx_word' id='word_1_490' title='bbox 452 4010 470 4040; x_wconf 81' lang='grc' dir='ltr'><strong>ι</strong></span> <span class='ocrx_word' id='word_1_491' title='bbox 522 3990 576 4042; x_wconf 82' lang='grc' dir='ltr'>δὲ</span> <span class='ocrx_word' id='word_1_492' title='bbox 599 3987 706 4041; x_wconf 90' lang='grc' dir='ltr'><strong>τῶν</strong></span> <span class='ocrx_word' id='word_1_493' title='bbox 737 3986 837 4051; x_wconf 78' lang='grc' dir='ltr'>μὲν</span> <span class='ocrx_word' id='word_1_494' title='bbox 887 3983 986 4053; x_wconf 83' lang='grc' dir='ltr'><strong>τῆς</strong></span> <span class='ocrx_word' id='word_1_495' title='bbox 1032 3980 1323 4051; x_wconf 85' lang='grc' dir='ltr'>Ῥωμαίων</span> <span class='ocrx_word' id='word_1_496' title='bbox 1363 3978 1676 4045; x_wconf 82' lang='grc' dir='ltr'>ἁγιωτάτης</span> <span class='ocrx_word' id='word_1_497' title='bbox 1721 3973 1945 4043; x_wconf 82' lang='grc' dir='ltr'><strong>Ἐκκλη⁴</strong></span> 
     </span>
    </p>
   </div>
   <div class='ocr_carea' id='block_1_73' title="bbox 449 4064 1943 4147">
    <p class='ocr_par' dir='ltr' id='par_1_73' title="bbox 449 4064 1943 4147">
     <span class='ocr_line' id='line_1_73' title="bbox 449 4064 1943 4147; baseline -0.012 -13"><span class='ocrx_word' id='word_1_498' title='bbox 449 4101 466 4134; x_wconf 81' lang='grc' dir='ltr'><strong>ι</strong></span> <span class='ocrx_word' id='word_1_499' title='bbox 518 4081 637 4143; x_wconf 87' lang='grc' dir='ltr'>σίας</span> <span class='ocrx_word' id='word_1_500' title='bbox 669 4064 887 4147; x_wconf 21' lang='grc' dir='ltr'>τὸνθτῆς</span> <span class='ocrx_word' id='word_1_501' title='bbox 925 4073 1212 4145; x_wconf 85' lang='grc' dir='ltr'>ἀκριϐείας</span> <span class='ocrx_word' id='word_1_502' title='bbox 1238 4070 1545 4141; x_wconf 80' lang='grc' dir='ltr'>τηρηθῆναι</span> <span class='ocrx_word' id='word_1_503' title='bbox 1571 4067 1774 4120; x_wconf 83' lang='grc' dir='ltr'>κανόνα</span> <span class='ocrx_word' id='word_1_504' title='bbox 1808 4081 1943 4134; x_wconf 87' lang='grc' dir='ltr'>προ-</span> 
     </span>
    </p>
   </div>
   <div class='ocr_carea' id='block_1_74' title="bbox 444 4157 1940 4243">
    <p class='ocr_par' dir='ltr' id='par_1_74' title="bbox 444 4157 1940 4243">
     <span class='ocr_line' id='line_1_74' title="bbox 444 4157 1940 4243; baseline -0.014 -16"><span class='ocrx_word' id='word_1_505' title='bbox 444 4196 462 4226; x_wconf 78' lang='grc' dir='ltr'><strong>ι</strong></span> <span class='ocrx_word' id='word_1_506' title='bbox 506 4172 841 4243; x_wconf 78' lang='grc' dir='ltr'>τιθεμένωνο</span> <span class='ocrx_word' id='word_1_507' title='bbox 867 4169 974 4221; x_wconf 89' lang='grc' dir='ltr'><strong>τῶν</strong></span> <span class='ocrx_word' id='word_1_508' title='bbox 1029 4167 1086 4218; x_wconf 87' lang='grc' dir='ltr'>δὲ</span> <span class='ocrx_word' id='word_1_509' title='bbox 1124 4163 1229 4216; x_wconf 80' lang='grc' dir='ltr'><strong>ὑπὸ</strong></span> <span class='ocrx_word' id='word_1_510' title='bbox 1276 4161 1368 4212; x_wconf 75' lang='grc' dir='ltr'><strong>τὸν</strong></span> <span class='ocrx_word' id='word_1_511' title='bbox 1409 4160 1510 4229; x_wconf 83' lang='grc' dir='ltr'>τῆς</span> <span class='ocrx_word' id='word_1_512' title='bbox 1565 4157 1940 4227; x_wconf 78' lang='grc' dir='ltr'>θεοφυλάκτου</span> 
     </span>
    </p>
   </div>
   <div class='ocr_carea' id='block_1_75' title="bbox 450 4247 1939 4333">
    <p class='ocr_par' dir='ltr' id='par_1_75' title="bbox 450 4247 1939 4333">
     <span class='ocr_line' id='line_1_75' title="bbox 450 4247 1939 4333; baseline -0.013 -15"><span class='ocrx_word' id='word_1_513' title='bbox 450 4285 466 4316; x_wconf 82' lang='lat' dir='ltr'><strong>t</strong></span> <span class='ocrx_word' id='word_1_514' title='bbox 518 4265 718 4333; x_wconf 89' lang='grc' dir='ltr'>ταύτης</span> <span class='ocrx_word' id='word_1_515' title='bbox 749 4262 841 4313; x_wconf 71' lang='grc' dir='ltr'><strong>καὶ</strong></span> <span class='ocrx_word' id='word_1_516' title='bbox 885 4256 1160 4329; x_wconf 80' lang='grc' dir='ltr'>βασιλίδος</span> <span class='ocrx_word' id='word_1_517' title='bbox 1213 4254 1422 4314; x_wconf 86' lang='grc' dir='ltr'>πόλεως</span> <span class='ocrx_word' id='word_1_518' title='bbox 1477 4250 1690 4319; x_wconf 86' lang='grc' dir='ltr'>θρόνον,</span> <span class='ocrx_word' id='word_1_519' title='bbox 1727 4248 1788 4300; x_wconf 85' lang='grc' dir='ltr'><strong>τὸ</strong></span> <span class='ocrx_word' id='word_1_520' title='bbox 1841 4247 1939 4317; x_wconf 83' lang='grc' dir='ltr'>τῆς</span> 
     </span>
    </p>
   </div>
   <div class='ocr_carea' id='block_1_76' title="bbox 448 4341 1939 4425">
    <p class='ocr_par' dir='ltr' id='par_1_76' title="bbox 448 4341 1939 4425">
     <span class='ocr_line' id='line_1_76' title="bbox 448 4341 1939 4425; baseline -0.011 -15"><span class='ocrx_word' id='word_1_521' title='bbox 448 4378 465 4409; x_wconf 80' lang='grc' dir='ltr'><strong>ι</strong></span> <span class='ocrx_word' id='word_1_522' title='bbox 516 4353 927 4425; x_wconf 65' lang='grc' dir='ltr'>φιλανθρωπίας</span> <span class='ocrx_word' id='word_1_523' title='bbox 958 4352 1050 4403; x_wconf 72' lang='grc' dir='ltr'>καὶ</span> <span class='ocrx_word' id='word_1_524' title='bbox 1087 4345 1430 4417; x_wconf 81' lang='grc' dir='ltr'>συμπαθείας</span> <span class='ocrx_word' id='word_1_525' title='bbox 1465 4344 1544 4405; x_wconf 85' lang='grc' dir='ltr'><strong>είς</strong></span> <span class='ocrx_word' id='word_1_526' title='bbox 1565 4341 1624 4394; x_wconf 78' lang='grc' dir='ltr'>ἓν</span> <span class='ocrx_word' id='word_1_527' title='bbox 1653 4342 1939 4411; x_wconf 83' lang='grc' dir='ltr'>ἀμφότερα</span> 
     </span>
    </p>
   </div>
   <div class='ocr_carea' id='block_1_77' title="bbox 446 4433 1938 4518">
    <p class='ocr_par' dir='ltr' id='par_1_77' title="bbox 446 4433 1938 4518">
     <span class='ocr_line' id='line_1_77' title="bbox 446 4433 1938 4518; baseline -0.012 -17"><span class='ocrx_word' id='word_1_528' title='bbox 446 4469 464 4500; x_wconf 81' lang='grc' dir='ltr'><strong>ι</strong></span> <span class='ocrx_word' id='word_1_529' title='bbox 520 4447 794 4518; x_wconf 81' lang='grc' dir='ltr'>μίξαντες,</span> <span class='ocrx_word' id='word_1_530' title='bbox 857 4441 1140 4511; x_wconf 82' lang='grc' dir='ltr'>πατρικῶς</span> <span class='ocrx_word' id='word_1_531' title='bbox 1185 4436 1323 4507; x_wconf 82' lang='grc' dir='ltr'>όμοῦ</span> <span class='ocrx_word' id='word_1_532' title='bbox 1384 4436 1476 4489; x_wconf 68' lang='grc' dir='ltr'><strong>καὶ</strong></span> <span class='ocrx_word' id='word_1_533' title='bbox 1535 4433 1817 4501; x_wconf 84' lang='grc' dir='ltr'>θεοφιλῶς,</span> <span class='ocrx_word' id='word_1_534' title='bbox 1862 4434 1938 4496; x_wconf 80' lang='grc' dir='ltr'><strong>ὡς</strong></span> 
     </span>
    </p>
   </div>
   <div class='ocr_carea' id='block_1_78' title="bbox 445 4522 1935 4606">
    <p class='ocr_par' dir='ltr' id='par_1_78' title="bbox 445 4522 1935 4606">
     <span class='ocr_line' id='line_1_78' title="bbox 445 4522 1935 4606; baseline -0.01 -18"><span class='ocrx_word' id='word_1_535' title='bbox 445 4556 461 4587; x_wconf 81' lang='grc' dir='ltr'><strong>ι</strong></span> <span class='ocrx_word' id='word_1_536' title='bbox 515 4540 651 4606; x_wconf 70' lang='grc' dir='ltr'>μήτε</span> <span class='ocrx_word' id='word_1_537' title='bbox 694 4535 752 4587; x_wconf 77' lang='grc' dir='ltr'>τὸ</span> <span class='ocrx_word' id='word_1_538' title='bbox 780 4534 953 4601; x_wconf 73' lang='grc' dir='ltr'>πρᾶον</span> <span class='ocrx_word' id='word_1_539' title='bbox 987 4530 1231 4592; x_wconf 74' lang='grc' dir='ltr'>ἔκλυτον,</span> <span class='ocrx_word' id='word_1_540' title='bbox 1261 4526 1396 4595; x_wconf 83' lang='grc' dir='ltr'>μήτε</span> <span class='ocrx_word' id='word_1_541' title='bbox 1420 4524 1619 4591; x_wconf 75' lang='grc' dir='ltr'>στυφὸν</span> <span class='ocrx_word' id='word_1_542' title='bbox 1640 4523 1698 4575; x_wconf 72' lang='grc' dir='ltr'>τὸ</span> <span class='ocrx_word' id='word_1_543' title='bbox 1731 4522 1935 4591; x_wconf 71' lang='grc' dir='ltr'>αὐστηο</span> 
     </span>
    </p>
   </div>
   <div class='ocr_carea' id='block_1_79' title="bbox 448 4610 1937 4697">
    <p class='ocr_par' dir='ltr' id='par_1_79' title="bbox 448 4610 1937 4697">
     <span class='ocr_line' id='line_1_79' title="bbox 448 4610 1937 4697; baseline -0.009 -20"><span class='ocrx_word' id='word_1_544' title='bbox 448 4646 466 4677; x_wconf 82' lang='grc' dir='ltr'><strong>ι</strong></span> <span class='ocrx_word' id='word_1_545' title='bbox 518 4625 609 4697; x_wconf 72' lang='grc' dir='ltr'><strong>ρδν</strong></span> <span class='ocrx_word' id='word_1_546' title='bbox 638 4622 1059 4691; x_wconf 58' lang='grc' dir='ltr'>καταλείυξιοιμεν</span> <span class='ocrx_word' id='word_1_547' title='bbox 1078 4636 1091 4649; x_wconf 85' lang='grc'><strong>·</strong></span> <span class='ocrx_word' id='word_1_548' title='bbox 1112 4618 1217 4697; x_wconf 75' lang='grc' dir='ltr'>καὶ</span> <span class='ocrx_word' id='word_1_549' title='bbox 1247 4615 1481 4687; x_wconf 84' lang='grc' dir='ltr'>μάλιστα</span> <span class='ocrx_word' id='word_1_550' title='bbox 1507 4612 1599 4666; x_wconf 81' lang='grc' dir='ltr'>τοῦ</span> <span class='ocrx_word' id='word_1_551' title='bbox 1632 4611 1691 4676; x_wconf 78' lang='grc' dir='ltr'><strong>ἐξ</strong></span> <span class='ocrx_word' id='word_1_552' title='bbox 1715 4610 1937 4680; x_wconf 77' lang='grc' dir='ltr'>ἀγνοίας</span> 
     </span>
    </p>
   </div>
   <div class='ocr_carea' id='block_1_80' title="bbox 447 4695 1940 4787">
    <p class='ocr_par' dir='ltr' id='par_1_80' title="bbox 447 4695 1940 4787">
     <span class='ocr_line' id='line_1_80' title="bbox 447 4695 1940 4787; baseline -0.009 -20"><span class='ocrx_word' id='word_1_553' title='bbox 447 4736 466 4767; x_wconf 74' lang='grc' dir='ltr'><strong>ι</strong></span> <span class='ocrx_word' id='word_1_554' title='bbox 516 4695 803 4787; x_wconf 81' lang='grc' dir='ltr'>πτώματος</span> <span class='ocrx_word' id='word_1_555' title='bbox 833 4716 912 4776; x_wconf 81' lang='grc' dir='ltr'><strong>είς</strong></span> <span class='ocrx_word' id='word_1_556' title='bbox 939 4713 1040 4765; x_wconf 88' lang='grc' dir='ltr'><strong>οὐκ</strong></span> <span class='ocrx_word' id='word_1_557' title='bbox 1061 4695 1255 4777; x_wconf 62' lang='grc' dir='ltr'>ὀλίγων</span> <span class='ocrx_word' id='word_1_558' title='bbox 1269 4704 1477 4778; x_wconf 86' lang='grc' dir='ltr'>ἀνδρῶν</span> <span class='ocrx_word' id='word_1_559' title='bbox 1496 4703 1696 4772; x_wconf 77' lang='grc' dir='ltr'>πλῆθος</span> <span class='ocrx_word' id='word_1_560' title='bbox 1725 4703 1940 4773; x_wconf 82' lang='grc' dir='ltr'>διήκον-</span> 
     </span>
    </p>
   </div>
   <div class='ocr_carea' id='block_1_81' title="bbox 455 4795 1943 4875">
    <p class='ocr_par' dir='ltr' id='par_1_81' title="bbox 455 4795 1943 4875">
     <span class='ocr_line' id='line_1_81' title="bbox 455 4795 1943 4875; baseline -0.011 -14"><span class='ocrx_word' id='word_1_561' title='bbox 455 4829 470 4860; x_wconf 84' lang='grc' dir='ltr'><strong>ι</strong></span> <span class='ocrx_word' id='word_1_562' title='bbox 521 4826 631 4871; x_wconf 80' lang='grc' dir='ltr'>τος,</span> <span class='ocrx_word' id='word_1_563' title='bbox 660 4805 973 4875; x_wconf 82' lang='grc' dir='ltr'>συνορῶμεν</span> <span class='ocrx_word' id='word_1_564' title='bbox 1004 4803 1145 4855; x_wconf 84' lang='grc' dir='ltr'>ὥστε</span> <span class='ocrx_word' id='word_1_565' title='bbox 1172 4802 1297 4861; x_wconf 76' lang='grc' dir='ltr'>τοὺς</span> <span class='ocrx_word' id='word_1_566' title='bbox 1329 4800 1425 4869; x_wconf 82' lang='grc' dir='ltr'><strong>μὲν</strong></span> <span class='ocrx_word' id='word_1_567' title='bbox 1452 4797 1574 4850; x_wconf 72' lang='grc' dir='ltr'>δυσὶ</span> <span class='ocrx_word' id='word_1_568' title='bbox 1619 4795 1817 4863; x_wconf 83' lang='grc' dir='ltr'>γάμοις</span> <span class='ocrx_word' id='word_1_569' title='bbox 1850 4810 1943 4845; x_wconf 59' lang='grc' dir='ltr'>περ</span> 
     </span>
    </p>
   </div>
   <div class='ocr_carea' id='block_1_82' title="bbox 454 4887 1941 4972">
    <p class='ocr_par' dir='ltr' id='par_1_82' title="bbox 454 4887 1941 4972">
     <span class='ocr_line' id='line_1_82' title="bbox 454 4887 1941 4972; baseline -0.011 -18"><span class='ocrx_word' id='word_1_570' title='bbox 454 4921 471 4952; x_wconf 80' lang='grc' dir='ltr'><strong>ι</strong></span> <span class='ocrx_word' id='word_1_571' title='bbox 521 4901 872 4972; x_wconf 76' lang='grc' dir='ltr'>ριπαρὲντας,</span> <span class='ocrx_word' id='word_1_572' title='bbox 924 4900 1017 4949; x_wconf 76' lang='grc' dir='ltr'><strong>καὶ</strong></span> <span class='ocrx_word' id='word_1_573' title='bbox 1083 4895 1244 4964; x_wconf 82' lang='grc' dir='ltr'>μέχρι</span> <span class='ocrx_word' id='word_1_574' title='bbox 1283 4892 1381 4960; x_wconf 85' lang='grc' dir='ltr'>τῆς</span> <span class='ocrx_word' id='word_1_575' title='bbox 1459 4887 1941 4956; x_wconf 81' lang='grc' dir='ltr'>τεντεκαιδεκάτης</span> 
     </span>
    </p>
   </div>
   <div class='ocr_carea' id='block_1_83' title="bbox 455 4976 1939 5060">
    <p class='ocr_par' dir='ltr' id='par_1_83' title="bbox 455 4976 1939 5060">
     <span class='ocr_line' id='line_1_83' title="bbox 455 4976 1939 5060; baseline -0.011 -17"><span class='ocrx_word' id='word_1_576' title='bbox 455 5011 473 5043; x_wconf 79' lang='grc' dir='ltr'><strong>ι</strong></span> <span class='ocrx_word' id='word_1_577' title='bbox 519 4990 612 5043; x_wconf 79' lang='grc' dir='ltr'>τοῦ</span> <span class='ocrx_word' id='word_1_578' title='bbox 640 4988 1001 5060; x_wconf 84' lang='grc' dir='ltr'>παρελθόντος</span> <span class='ocrx_word' id='word_1_579' title='bbox 1043 4983 1378 5053; x_wconf 85' lang='grc' dir='ltr'>Ἰανουαρίου</span> <span class='ocrx_word' id='word_1_580' title='bbox 1406 4980 1575 5051; x_wconf 82' lang='grc' dir='ltr'>μηνὸς</span> <span class='ocrx_word' id='word_1_581' title='bbox 1606 4979 1704 5047; x_wconf 87' lang='grc' dir='ltr'>τῆς</span> <span class='ocrx_word' id='word_1_582' title='bbox 1735 4976 1939 5047; x_wconf 80' lang='grc' dir='ltr'>παρελ-</span> 
     </span>
    </p>
   </div>
   <div class='ocr_carea' id='block_1_84' title="bbox 448 5070 1937 5152">
    <p class='ocr_par' dir='ltr' id='par_1_84' title="bbox 448 5070 1937 5152">
     <span class='ocr_line' id='line_1_84' title="bbox 448 5070 1937 5152; baseline -0.012 -16"><span class='ocrx_word' id='word_1_583' title='bbox 448 5104 467 5135; x_wconf 76' lang='grc' dir='ltr'><strong>ι</strong></span> <span class='ocrx_word' id='word_1_584' title='bbox 521 5084 715 5152; x_wconf 83' lang='grc' dir='ltr'>θούσης</span> <span class='ocrx_word' id='word_1_585' title='bbox 760 5080 1025 5149; x_wconf 85' lang='grc' dir='ltr'>τετάρτης</span> <span class='ocrx_word' id='word_1_586' title='bbox 1058 5074 1405 5133; x_wconf 73' lang='grc' dir='ltr'>ἰνδικτιῶνος,</span> <span class='ocrx_word' id='word_1_587' title='bbox 1454 5072 1605 5133; x_wconf 79' lang='grc' dir='ltr'>ἔτους</span> <span class='ocrx_word' id='word_1_588' title='bbox 1655 5070 1937 5136; x_wconf 80' lang='grc' dir='ltr'>ἑξακισχι-</span> 
     </span>
    </p>
   </div>
   <div class='ocr_carea' id='block_1_85' title="bbox 445 5160 1937 5234">
    <p class='ocr_par' dir='ltr' id='par_1_85' title="bbox 445 5160 1937 5234">
     <span class='ocr_line' id='line_1_85' title="bbox 445 5160 1937 5234; baseline -0.012 -5"><span class='ocrx_word' id='word_1_589' title='bbox 445 5196 463 5228; x_wconf 81' lang='grc' dir='ltr'><strong>ι</strong></span> <span class='ocrx_word' id='word_1_590' title='bbox 523 5176 734 5229; x_wconf 84' lang='grc' dir='ltr'>λιοστοῦ</span> <span class='ocrx_word' id='word_1_591' title='bbox 773 5166 1072 5226; x_wconf 80' lang='grc' dir='ltr'>ἑκατοστοῦ</span> <span class='ocrx_word' id='word_1_592' title='bbox 1116 5167 1335 5217; x_wconf 78' lang='grc' dir='ltr'>ὲννάτου</span> <span class='ocrx_word' id='word_1_593' title='bbox 1380 5164 1514 5234; x_wconf 70' lang='grc' dir='ltr'>(5η,</span> <span class='ocrx_word' id='word_1_594' title='bbox 1571 5160 1937 5221; x_wconf 75' lang='grc' dir='ltr'>δουλωθέντας</span> 
     </span>
    </p>
   </div>
   <div class='ocr_carea' id='block_1_86' title="bbox 3140 3084 3171 3098">
    <p class='ocr_par' dir='ltr' id='par_1_86' title="bbox 3140 3084 3171 3098">
     <span class='ocr_line' id='line_1_86' title="bbox 3140 3084 3171 3098; baseline 0 0"><span class='ocrx_word' id='word_1_595' title='bbox 3140 3084 3171 3098; x_wconf 41' lang='grc' dir='ltr'><strong>ᾗ</strong></span> 
     </span>
    </p>
   </div>
   <div class='ocr_carea' id='block_1_87' title="bbox 2659 3140 3016 3199">
    <p class='ocr_par' dir='ltr' id='par_1_87' title="bbox 2659 3140 3016 3199">
     <span class='ocr_line' id='line_1_87' title="bbox 2659 3140 3016 3199; baseline 0.014 -5"><span class='ocrx_word' id='word_1_596' title='bbox 2659 3140 2890 3197; x_wconf 75' lang='lat' dir='ltr'><strong>CANON</strong></span> <span class='ocrx_word' id='word_1_597' title='bbox 2923 3142 3016 3199; x_wconf 80' lang='lat' dir='ltr'><strong>ill.</strong></span> 
     </span>
    </p>
   </div>
   <div class='ocr_carea' id='block_1_88' title="bbox 2063 3227 3629 3309">
    <p class='ocr_par' dir='ltr' id='par_1_88' title="bbox 2063 3227 3629 3309">
     <span class='ocr_line' id='line_1_88' title="bbox 2063 3227 3629 3309; baseline 0.016 -31"><span class='ocrx_word' id='word_1_598' title='bbox 2063 3245 2082 3278; x_wconf 74' lang='grc' dir='ltr'><strong>ι</strong></span> <span class='ocrx_word' id='word_1_599' title='bbox 2130 3227 2394 3294; x_wconf 85' lang='lat' dir='ltr'><strong>Quoniam</strong></span> <span class='ocrx_word' id='word_1_600' title='bbox 2438 3230 2557 3298; x_wconf 81' lang='lat' dir='ltr'><strong>plus</strong></span> <span class='ocrx_word' id='word_1_601' title='bbox 2597 3230 2909 3303; x_wconf 87' lang='lat' dir='ltr'><strong>Christique</strong></span> <span class='ocrx_word' id='word_1_602' title='bbox 2958 3244 3171 3290; x_wconf 87' lang='lat' dir='ltr'><strong>amator</strong></span> <span class='ocrx_word' id='word_1_603' title='bbox 3203 3237 3503 3309; x_wconf 89' lang='lat' dir='ltr'><strong>imperator</strong></span> <span class='ocrx_word' id='word_1_604' title='bbox 3533 3261 3629 3303; x_wconf 91' lang='lat' dir='ltr'><strong>no—</strong></span> 
     </span>
    </p>
   </div>
   <div class='ocr_carea' id='block_1_89' title="bbox 2129 3319 3628 3399">
    <p class='ocr_par' dir='ltr' id='par_1_89' title="bbox 2129 3319 3628 3399">
     <span class='ocr_line' id='line_1_89' title="bbox 2129 3319 3628 3399; baseline 0.014 -29"><span class='ocrx_word' id='word_1_605' title='bbox 2129 3335 2148 3370; x_wconf 83' lang='grc' dir='ltr'><strong>ι</strong></span> <span class='ocrx_word' id='word_1_606' title='bbox 2199 3326 2313 3374; x_wconf 90' lang='lat' dir='ltr'><strong>ster</strong></span> <span class='ocrx_word' id='word_1_607' title='bbox 2340 3319 2482 3375; x_wconf 87' lang='lat' dir='ltr'><strong>hanc</strong></span> <span class='ocrx_word' id='word_1_608' title='bbox 2497 3330 2739 3377; x_wconf 85' lang='lat' dir='ltr'><strong>sanctam</strong></span> <span class='ocrx_word' id='word_1_609' title='bbox 2763 3333 2818 3377; x_wconf 87' lang='lat' dir='ltr'><strong>et</strong></span> <span class='ocrx_word' id='word_1_610' title='bbox 2848 3324 3206 3381; x_wconf 77' lang='lat' dir='ltr'><strong>universalem</strong></span> <span class='ocrx_word' id='word_1_611' title='bbox 3240 3333 3504 3399; x_wconf 86' lang='lat' dir='ltr'><strong>synodum</strong></span> <span class='ocrx_word' id='word_1_612' title='bbox 3545 3338 3628 3391; x_wconf 87' lang='lat' dir='ltr'><strong>al-</strong></span> 
     </span>
    </p>
   </div>
   <div class='ocr_carea' id='block_1_90' title="bbox 2130 3408 3630 3491">
    <p class='ocr_par' dir='ltr' id='par_1_90' title="bbox 2130 3408 3630 3491">
     <span class='ocr_line' id='line_1_90' title="bbox 2130 3408 3630 3491; baseline 0.015 -32"><span class='ocrx_word' id='word_1_613' title='bbox 2130 3427 2147 3459; x_wconf 79' lang='grc' dir='ltr'><strong>ι</strong></span> <span class='ocrx_word' id='word_1_614' title='bbox 2196 3408 2409 3465; x_wconf 86' lang='lat' dir='ltr'><strong>locutus</strong></span> <span class='ocrx_word' id='word_1_615' title='bbox 2461 3421 2567 3476; x_wconf 88' lang='lat' dir='ltr'><strong>est,</strong></span> <span class='ocrx_word' id='word_1_616' title='bbox 2621 3422 2681 3466; x_wconf 91' lang='lat' dir='ltr'><strong>ut</strong></span> <span class='ocrx_word' id='word_1_617' title='bbox 2720 3413 2812 3481; x_wconf 91' lang='lat' dir='ltr'><strong>qui</strong></span> <span class='ocrx_word' id='word_1_618' title='bbox 2860 3414 2913 3467; x_wconf 92' lang='lat' dir='ltr'><strong>in</strong></span> <span class='ocrx_word' id='word_1_619' title='bbox 2942 3414 3147 3471; x_wconf 89' lang='lat' dir='ltr'><strong>clerum</strong></span> <span class='ocrx_word' id='word_1_620' title='bbox 3195 3419 3345 3473; x_wconf 87' lang='lat' dir='ltr'><strong>relati</strong></span> <span class='ocrx_word' id='word_1_621' title='bbox 3390 3434 3535 3491; x_wconf 89' lang='lat' dir='ltr'><strong>sunt,</strong></span> <span class='ocrx_word' id='word_1_622' title='bbox 3575 3437 3630 3481; x_wconf 90' lang='lat' dir='ltr'><strong>et</strong></span> 
     </span>
    </p>
   </div>
   <div class='ocr_carea' id='block_1_91' title="bbox 2126 3501 3630 3581">
    <p class='ocr_par' dir='ltr' id='par_1_91' title="bbox 2126 3501 3630 3581">
     <span class='ocr_line' id='line_1_91' title="bbox 2126 3501 3630 3581; baseline 0.015 -32"><span class='ocrx_word' id='word_1_623' title='bbox 2126 3516 2144 3549; x_wconf 77' lang='grc' dir='ltr'><strong>ι</strong></span> <span class='ocrx_word' id='word_1_624' title='bbox 2192 3501 2313 3556; x_wconf 83' lang='lat' dir='ltr'><strong>aliis</strong></span> <span class='ocrx_word' id='word_1_625' title='bbox 2349 3502 2527 3556; x_wconf 87' lang='lat' dir='ltr'><strong>divina</strong></span> <span class='ocrx_word' id='word_1_626' title='bbox 2563 3504 2959 3569; x_wconf 87' lang='lat' dir='ltr'><strong>transmittunt,</strong></span> <span class='ocrx_word' id='word_1_627' title='bbox 2982 3520 3147 3574; x_wconf 90' lang='lat' dir='ltr'><strong>puros</strong></span> <span class='ocrx_word' id='word_1_628' title='bbox 3180 3517 3234 3562; x_wconf 91' lang='lat' dir='ltr'><strong>et</strong></span> <span class='ocrx_word' id='word_1_629' title='bbox 3257 3523 3287 3563; x_wconf 91' lang='lat' dir='ltr'><strong>a</strong></span> <span class='ocrx_word' id='word_1_630' title='bbox 3334 3516 3630 3581; x_wconf 84' lang='lat' dir='ltr'><strong>reprehen-</strong></span> 
     </span>
    </p>
   </div>
   <div class='ocr_carea' id='block_1_92' title="bbox 2126 3593 3626 3671">
    <p class='ocr_par' dir='ltr' id='par_1_92' title="bbox 2126 3593 3626 3671">
     <span class='ocr_line' id='line_1_92' title="bbox 2126 3593 3626 3671; baseline 0.015 -31"><span class='ocrx_word' id='word_1_631' title='bbox 2126 3608 2146 3640; x_wconf 74' lang='grc' dir='ltr'><strong>ι</strong></span> <span class='ocrx_word' id='word_1_632' title='bbox 2193 3594 2346 3648; x_wconf 89' lang='lat' dir='ltr'><strong>sione</strong></span> <span class='ocrx_word' id='word_1_633' title='bbox 2385 3593 2593 3649; x_wconf 89' lang='lat' dir='ltr'><strong>alienos</strong></span> <span class='ocrx_word' id='word_1_634' title='bbox 2623 3594 2903 3651; x_wconf 91' lang='lat' dir='ltr'><strong>ministros</strong></span> <span class='ocrx_word' id='word_1_635' title='bbox 2937 3597 3173 3653; x_wconf 79' lang='lat' dir='ltr'><strong>efficiant</strong></span> <span class='ocrx_word' id='word_1_636' title='bbox 3198 3639 3212 3664; x_wconf 96' lang='lat'><strong>,</strong></span> <span class='ocrx_word' id='word_1_637' title='bbox 3243 3604 3385 3671; x_wconf 86' lang='lat' dir='ltr'><strong>quod</strong></span> <span class='ocrx_word' id='word_1_638' title='bbox 3424 3604 3626 3661; x_wconf 82' lang='lat' dir='ltr'><strong>intelli-</strong></span> 
     </span>
    </p>
   </div>
   <div class='ocr_carea' id='block_1_93' title="bbox 2124 3688 3630 3769">
    <p class='ocr_par' dir='ltr' id='par_1_93' title="bbox 2124 3688 3630 3769">
     <span class='ocr_line' id='line_1_93' title="bbox 2124 3688 3630 3769; baseline 0.015 -33"><span class='ocrx_word' id='word_1_639' title='bbox 2124 3703 2143 3736; x_wconf 77' lang='grc' dir='ltr'><strong>ι</strong></span> <span class='ocrx_word' id='word_1_640' title='bbox 2187 3688 2365 3756; x_wconf 84' lang='lat' dir='ltr'><strong>gentia</strong></span> <span class='ocrx_word' id='word_1_641' title='bbox 2415 3689 2751 3758; x_wconf 86' lang='lat' dir='ltr'><strong>percipitur,</strong></span> <span class='ocrx_word' id='word_1_642' title='bbox 2809 3694 2985 3762; x_wconf 80' lang='lat' dir='ltr'><strong>magni</strong></span> <span class='ocrx_word' id='word_1_643' title='bbox 3053 3696 3191 3763; x_wconf 88' lang='lat' dir='ltr'><strong>Dei,</strong></span> <span class='ocrx_word' id='word_1_644' title='bbox 3275 3701 3365 3769; x_wconf 91' lang='lat' dir='ltr'><strong>qui</strong></span> <span class='ocrx_word' id='word_1_645' title='bbox 3424 3714 3507 3757; x_wconf 89' lang='lat' dir='ltr'><strong>est</strong></span> <span class='ocrx_word' id='word_1_646' title='bbox 3573 3714 3630 3759; x_wconf 88' lang='lat' dir='ltr'><strong>et</strong></span> 
     </span>
    </p>
   </div>
   <div class='ocr_carea' id='block_1_94' title="bbox 2127 3779 3631 3861">
    <p class='ocr_par' dir='ltr' id='par_1_94' title="bbox 2127 3779 3631 3861">
     <span class='ocr_line' id='line_1_94' title="bbox 2127 3779 3631 3861; baseline 0.017 -33"><span class='ocrx_word' id='word_1_647' title='bbox 2127 3796 2144 3828; x_wconf 75' lang='grc' dir='ltr'><strong>ι</strong></span> <span class='ocrx_word' id='word_1_648' title='bbox 2198 3779 2524 3834; x_wconf 78' lang='lat' dir='ltr'><strong>sacriﬁcium</strong></span> <span class='ocrx_word' id='word_1_649' title='bbox 2574 3790 2628 3835; x_wconf 89' lang='lat' dir='ltr'><strong>et</strong></span> <span class='ocrx_word' id='word_1_650' title='bbox 2668 3780 2947 3847; x_wconf 79' lang='lat' dir='ltr'><strong>Pontifex,</strong></span> <span class='ocrx_word' id='word_1_651' title='bbox 2999 3788 3273 3843; x_wconf 81' lang='lat' dir='ltr'><strong>sacriﬁcio</strong></span> <span class='ocrx_word' id='word_1_652' title='bbox 3323 3793 3532 3861; x_wconf 77' lang='lat' dir='ltr'><strong>dignos,</strong></span> <span class='ocrx_word' id='word_1_653' title='bbox 3572 3807 3631 3853; x_wconf 88' lang='lat' dir='ltr'><strong>et</strong></span> 
     </span>
    </p>
   </div>
   <div class='ocr_carea' id='block_1_95' title="bbox 2123 3872 3628 3954">
    <p class='ocr_par' dir='ltr' id='par_1_95' title="bbox 2123 3872 3628 3954">
     <span class='ocr_line' id='line_1_95' title="bbox 2123 3872 3628 3954; baseline 0.017 -35"><span class='ocrx_word' id='word_1_654' title='bbox 2123 3890 2139 3919; x_wconf 74' lang='grc' dir='ltr'>σ</span> <span class='ocrx_word' id='word_1_655' title='bbox 2188 3886 2308 3939; x_wconf 61' lang='lat' dir='ltr'><strong>quae</strong></span> <span class='ocrx_word' id='word_1_656' title='bbox 2348 3887 2412 3927; x_wconf 77' lang='lat' dir='ltr'><strong>ex</strong></span> <span class='ocrx_word' id='word_1_657' title='bbox 2449 3872 2672 3927; x_wconf 78' lang='lat' dir='ltr'><strong>nefariis</strong></span> <span class='ocrx_word' id='word_1_658' title='bbox 2707 3876 2910 3944; x_wconf 88' lang='lat' dir='ltr'><strong>nuptiis</strong></span> <span class='ocrx_word' id='word_1_659' title='bbox 2950 3878 3013 3932; x_wconf 91' lang='lat' dir='ltr'><strong>iis</strong></span> <span class='ocrx_word' id='word_1_660' title='bbox 3044 3880 3218 3936; x_wconf 89' lang='lat' dir='ltr'><strong>inusta</strong></span> <span class='ocrx_word' id='word_1_661' title='bbox 3260 3893 3388 3937; x_wconf 90' lang='lat' dir='ltr'><strong>sunt</strong></span> <span class='ocrx_word' id='word_1_662' title='bbox 3432 3890 3628 3954; x_wconf 84' lang='lat' dir='ltr'><strong>probra</strong></span> 
     </span>
    </p>
   </div>
   <div class='ocr_carea' id='block_1_96' title="bbox 2124 3963 3627 4048">
    <p class='ocr_par' dir='ltr' id='par_1_96' title="bbox 2124 3963 3627 4048">
     <span class='ocr_line' id='line_1_96' title="bbox 2124 3963 3627 4048; baseline 0.015 -36"><span class='ocrx_word' id='word_1_663' title='bbox 2124 3979 2142 4012; x_wconf 73' lang='grc' dir='ltr'><strong>ι</strong></span> <span class='ocrx_word' id='word_1_664' title='bbox 2189 3976 2253 4017; x_wconf 88' lang='lat' dir='ltr'><strong>ac</strong></span> <span class='ocrx_word' id='word_1_665' title='bbox 2289 3963 2558 4019; x_wconf 90' lang='lat' dir='ltr'><strong>dedecora</strong></span> <span class='ocrx_word' id='word_1_666' title='bbox 2605 3979 2895 4037; x_wconf 82' lang='lat' dir='ltr'><strong>repurgent</strong></span> <span class='ocrx_word' id='word_1_667' title='bbox 2933 3988 2945 4023; x_wconf 92' lang='lat'><strong>:</strong></span> <span class='ocrx_word' id='word_1_668' title='bbox 2988 3982 3041 4024; x_wconf 88' lang='lat' dir='ltr'><strong>et</strong></span> <span class='ocrx_word' id='word_1_669' title='bbox 3073 3983 3334 4039; x_wconf 62' lang='lat' dir='ltr'><strong>praeterea</strong></span> <span class='ocrx_word' id='word_1_670' title='bbox 3376 3978 3465 4031; x_wconf 87' lang='lat' dir='ltr'><strong>alii</strong></span> <span class='ocrx_word' id='word_1_671' title='bbox 3503 3981 3627 4048; x_wconf 86' lang='lat' dir='ltr'><strong>qui-</strong></span> 
     </span>
    </p>
   </div>
   <div class='ocr_carea' id='block_1_97' title="bbox 2121 4055 3627 4125">
    <p class='ocr_par' dir='ltr' id='par_1_97' title="bbox 2121 4055 3627 4125">
     <span class='ocr_line' id='line_1_97' title="bbox 2121 4055 3627 4125; baseline 0.013 -19"><span class='ocrx_word' id='word_1_672' title='bbox 2121 4071 2139 4102; x_wconf 81' lang='grc' dir='ltr'><strong>ι</strong></span> <span class='ocrx_word' id='word_1_673' title='bbox 2189 4055 2309 4108; x_wconf 89' lang='lat' dir='ltr'><strong>dem</strong></span> <span class='ocrx_word' id='word_1_674' title='bbox 2358 4057 2715 4111; x_wconf 70' lang='lat' dir='ltr'><strong>sanctissimae</strong></span> <span class='ocrx_word' id='word_1_675' title='bbox 2758 4061 3131 4116; x_wconf 80' lang='lat' dir='ltr'><strong>Romanorum</strong></span> <span class='ocrx_word' id='word_1_676' title='bbox 3182 4065 3438 4123; x_wconf 59' lang='lat' dir='ltr'><strong>Ecclesia</strong></span> <span class='ocrx_word' id='word_1_677' title='bbox 3497 4085 3627 4125; x_wconf 61' lang='lat' dir='ltr'><strong>era-</strong></span> 
     </span>
    </p>
   </div>
   <div class='ocr_carea' id='block_1_98' title="bbox 2123 4146 3626 4228">
    <p class='ocr_par' dir='ltr' id='par_1_98' title="bbox 2123 4146 3626 4228">
     <span class='ocr_line' id='line_1_98' title="bbox 2123 4146 3626 4228; baseline 0.013 -32"><span class='ocrx_word' id='word_1_678' title='bbox 2123 4146 2484 4202; x_wconf 78' lang='lat' dir='ltr'><strong>tctissimum</strong></span> <span class='ocrx_word' id='word_1_679' title='bbox 2541 4164 2804 4204; x_wconf 90' lang='lat' dir='ltr'><strong>canonem</strong></span> <span class='ocrx_word' id='word_1_680' title='bbox 2874 4154 3199 4207; x_wconf 89' lang='lat' dir='ltr'><strong>servandum</strong></span> <span class='ocrx_word' id='word_1_681' title='bbox 3281 4171 3626 4228; x_wconf 87' lang='lat' dir='ltr'><strong>pr0ponant;</strong></span> 
     </span>
    </p>
   </div>
   <div class='ocr_carea' id='block_1_99' title="bbox 2131 4238 3629 4317">
    <p class='ocr_par' dir='ltr' id='par_1_99' title="bbox 2131 4238 3629 4317">
     <span class='ocr_line' id='line_1_99' title="bbox 2131 4238 3629 4317; baseline 0.013 -30"><span class='ocrx_word' id='word_1_682' title='bbox 2131 4257 2147 4287; x_wconf 75' lang='grc' dir='ltr'><strong>ι</strong></span> <span class='ocrx_word' id='word_1_683' title='bbox 2191 4238 2283 4293; x_wconf 89' lang='lat' dir='ltr'><strong>alii</strong></span> <span class='ocrx_word' id='word_1_684' title='bbox 2314 4253 2464 4304; x_wconf 86' lang='lat' dir='ltr'><strong>vero,</strong></span> <span class='ocrx_word' id='word_1_685' title='bbox 2494 4241 2593 4294; x_wconf 91' lang='lat' dir='ltr'><strong>sub</strong></span> <span class='ocrx_word' id='word_1_686' title='bbox 2627 4239 2727 4294; x_wconf 90' lang='lat' dir='ltr'><strong>hoc</strong></span> <span class='ocrx_word' id='word_1_687' title='bbox 2752 4239 2844 4294; x_wconf 87' lang='lat' dir='ltr'><strong>Dei</strong></span> <span class='ocrx_word' id='word_1_688' title='bbox 2881 4241 3267 4301; x_wconf 88' lang='lat' dir='ltr'><strong>observatricis</strong></span> <span class='ocrx_word' id='word_1_689' title='bbox 3311 4258 3363 4301; x_wconf 90' lang='lat' dir='ltr'><strong>et</strong></span> <span class='ocrx_word' id='word_1_690' title='bbox 3396 4249 3629 4317; x_wconf 89' lang='lat' dir='ltr'><strong>impera-</strong></span> 
     </span>
    </p>
   </div>
   <div class='ocr_carea' id='block_1_100' title="bbox 2124 4330 3631 4402">
    <p class='ocr_par' dir='ltr' id='par_1_100' title="bbox 2124 4330 3631 4402">
     <span class='ocr_line' id='line_1_100' title="bbox 2124 4330 3631 4402; baseline 0.009 -17"><span class='ocrx_word' id='word_1_691' title='bbox 2124 4353 2142 4385; x_wconf 76' lang='grc' dir='ltr'><strong>ι</strong></span> <span class='ocrx_word' id='word_1_692' title='bbox 2192 4332 2344 4387; x_wconf 79' lang='lat' dir='ltr'><strong>toriaa</strong></span> <span class='ocrx_word' id='word_1_693' title='bbox 2387 4330 2538 4385; x_wconf 88' lang='lat' dir='ltr'><strong>urbis</strong></span> <span class='ocrx_word' id='word_1_694' title='bbox 2588 4330 2805 4395; x_wconf 89' lang='lat' dir='ltr'><strong>throno,</strong></span> <span class='ocrx_word' id='word_1_695' title='bbox 2839 4335 2981 4402; x_wconf 88' lang='lat' dir='ltr'><strong>quod</strong></span> <span class='ocrx_word' id='word_1_696' title='bbox 3029 4334 3132 4389; x_wconf 81' lang='lat' dir='ltr'><strong>fuit</strong></span> <span class='ocrx_word' id='word_1_697' title='bbox 3173 4337 3531 4397; x_wconf 90' lang='lat' dir='ltr'><strong>humanitatis</strong></span> <span class='ocrx_word' id='word_1_698' title='bbox 3575 4357 3631 4398; x_wconf 88' lang='lat' dir='ltr'><strong>et</strong></span> 
     </span>
    </p>
   </div>
   <div class='ocr_carea' id='block_1_101' title="bbox 2125 4423 3627 4496">
    <p class='ocr_par' dir='ltr' id='par_1_101' title="bbox 2125 4423 3627 4496">
     <span class='ocr_line' id='line_1_101' title="bbox 2125 4423 3627 4496; baseline 0.007 -19"><span class='ocrx_word' id='word_1_699' title='bbox 2125 4423 2600 4493; x_wconf 33' lang='lat' dir='ltr'><strong>«.tnisericordiae,</strong></span> <span class='ocrx_word' id='word_1_700' title='bbox 2647 4424 2892 4493; x_wconf 87' lang='lat' dir='ltr'><strong>utrisque</strong></span> <span class='ocrx_word' id='word_1_701' title='bbox 2942 4436 3167 4496; x_wconf 89' lang='lat' dir='ltr'><strong>paterne</strong></span> <span class='ocrx_word' id='word_1_702' title='bbox 3213 4431 3373 4484; x_wconf 89' lang='lat' dir='ltr'><strong>simul</strong></span> <span class='ocrx_word' id='word_1_703' title='bbox 3418 4443 3471 4487; x_wconf 91' lang='lat' dir='ltr'><strong>et</strong></span> <span class='ocrx_word' id='word_1_704' title='bbox 3500 4435 3627 4489; x_wconf 85' lang='lat' dir='ltr'><strong>reli-</strong></span> 
     </span>
    </p>
   </div>
   <div class='ocr_carea' id='block_1_102' title="bbox 2124 4516 3627 4587">
    <p class='ocr_par' dir='ltr' id='par_1_102' title="bbox 2124 4516 3627 4587">
     <span class='ocr_line' id='line_1_102' title="bbox 2124 4516 3627 4587; baseline 0.007 -18"><span class='ocrx_word' id='word_1_705' title='bbox 2124 4538 2140 4569; x_wconf 77' lang='grc' dir='ltr'><strong>ι</strong></span> <span class='ocrx_word' id='word_1_706' title='bbox 2189 4518 2341 4587; x_wconf 85' lang='lat' dir='ltr'><strong>giose</strong></span> <span class='ocrx_word' id='word_1_707' title='bbox 2399 4516 2597 4581; x_wconf 88' lang='lat' dir='ltr'><strong>mistis,</strong></span> <span class='ocrx_word' id='word_1_708' title='bbox 2638 4525 2695 4569; x_wconf 93' lang='lat' dir='ltr'><strong>ut</strong></span> <span class='ocrx_word' id='word_1_709' title='bbox 2746 4530 2919 4585; x_wconf 86' lang='lat' dir='ltr'><strong>neque</strong></span> <span class='ocrx_word' id='word_1_710' title='bbox 2972 4519 3114 4587; x_wconf 87' lang='lat' dir='ltr'><strong>quod</strong></span> <span class='ocrx_word' id='word_1_711' title='bbox 3168 4531 3250 4575; x_wconf 90' lang='lat' dir='ltr'><strong>est</strong></span> <span class='ocrx_word' id='word_1_712' title='bbox 3291 4523 3419 4577; x_wconf 90' lang='lat' dir='ltr'><strong>mite</strong></span> <span class='ocrx_word' id='word_1_713' title='bbox 3470 4525 3627 4581; x_wconf 89' lang='lat' dir='ltr'><strong>nimis</strong></span> 
     </span>
    </p>
   </div>
   <div class='ocr_carea' id='block_1_103' title="bbox 2124 4607 3622 4681">
    <p class='ocr_par' dir='ltr' id='par_1_103' title="bbox 2124 4607 3622 4681">
     <span class='ocr_line' id='line_1_103' title="bbox 2124 4607 3622 4681; baseline 0.005 -20"><span class='ocrx_word' id='word_1_714' title='bbox 2124 4629 2142 4661; x_wconf 73' lang='grc' dir='ltr'><strong>ι</strong></span> <span class='ocrx_word' id='word_1_715' title='bbox 2190 4610 2461 4672; x_wconf 87' lang='lat' dir='ltr'><strong>strictum,</strong></span> <span class='ocrx_word' id='word_1_716' title='bbox 2490 4607 2840 4675; x_wconf 90' lang='lat' dir='ltr'><strong>dissolutum,</strong></span> <span class='ocrx_word' id='word_1_717' title='bbox 2862 4623 3036 4677; x_wconf 88' lang='lat' dir='ltr'><strong>neque</strong></span> <span class='ocrx_word' id='word_1_718' title='bbox 3051 4614 3193 4679; x_wconf 81' lang='lat' dir='ltr'><strong>quod</strong></span> <span class='ocrx_word' id='word_1_719' title='bbox 3225 4623 3622 4681; x_wconf 85' lang='lat' dir='ltr'><strong>estauslerum,</strong></span> 
     </span>
    </p>
   </div>
   <div class='ocr_carea' id='block_1_104' title="bbox 2126 4698 3627 4775">
    <p class='ocr_par' dir='ltr' id='par_1_104' title="bbox 2126 4698 3627 4775">
     <span class='ocr_line' id='line_1_104' title="bbox 2126 4698 3627 4775; baseline 0.006 -23"><span class='ocrx_word' id='word_1_720' title='bbox 2126 4718 2143 4752; x_wconf 79' lang='grc' dir='ltr'><strong>ι</strong></span> <span class='ocrx_word' id='word_1_721' title='bbox 2194 4700 2592 4768; x_wconf 85' lang='lat' dir='ltr'><strong>relinquamus;</strong></span> <span class='ocrx_word' id='word_1_722' title='bbox 2661 4708 2715 4752; x_wconf 91' lang='lat' dir='ltr'><strong>et</strong></span> <span class='ocrx_word' id='word_1_723' title='bbox 2762 4698 2995 4753; x_wconf 77' lang='lat' dir='ltr'><strong>maxime</strong></span> <span class='ocrx_word' id='word_1_724' title='bbox 3038 4715 3159 4755; x_wconf 90' lang='lat' dir='ltr'><strong>cum</strong></span> <span class='ocrx_word' id='word_1_725' title='bbox 3205 4718 3267 4757; x_wconf 80' lang='lat' dir='ltr'><strong>ex</strong></span> <span class='ocrx_word' id='word_1_726' title='bbox 3324 4705 3627 4775; x_wconf 79' lang='lat' dir='ltr'><strong>ignorantia</strong></span> 
     </span>
    </p>
   </div>
   <div class='ocr_carea' id='block_1_105' title="bbox 2125 4789 3629 4862">
    <p class='ocr_par' dir='ltr' id='par_1_105' title="bbox 2125 4789 3629 4862">
     <span class='ocr_line' id='line_1_105' title="bbox 2125 4789 3629 4862; baseline 0.006 -19"><span class='ocrx_word' id='word_1_727' title='bbox 2125 4809 2143 4843; x_wconf 78' lang='grc' dir='ltr'><strong>ι</strong></span> <span class='ocrx_word' id='word_1_728' title='bbox 2193 4792 2372 4858; x_wconf 85' lang='lat' dir='ltr'><strong>lapsus</strong></span> <span class='ocrx_word' id='word_1_729' title='bbox 2416 4790 2467 4842; x_wconf 90' lang='lat' dir='ltr'><strong>in</strong></span> <span class='ocrx_word' id='word_1_730' title='bbox 2507 4804 2611 4841; x_wconf 91' lang='lat' dir='ltr'><strong>non</strong></span> <span class='ocrx_word' id='word_1_731' title='bbox 2637 4789 2884 4856; x_wconf 75' lang='lat' dir='ltr'><strong>exiguam</strong></span> <span class='ocrx_word' id='word_1_732' title='bbox 2921 4790 3080 4862; x_wconf 71' lang='grc'><strong>160</strong></span> <span class='ocrx_word' id='word_1_733' title='bbox 3115 4795 3393 4850; x_wconf 87' lang='lat' dir='ltr'><strong>hominum</strong></span> <span class='ocrx_word' id='word_1_734' title='bbox 3442 4798 3629 4851; x_wconf 89' lang='lat' dir='ltr'><strong>multi-</strong></span> 
     </span>
    </p>
   </div>
   <div class='ocr_carea' id='block_1_106' title="bbox 2128 4878 3703 4946">
    <p class='ocr_par' dir='ltr' id='par_1_106' title="bbox 2128 4878 3703 4946">
     <span class='ocr_line' id='line_1_106' title="bbox 2128 4878 3703 4946; baseline 0.005 -15"><span class='ocrx_word' id='word_1_735' title='bbox 2128 4898 2144 4931; x_wconf 84' lang='grc' dir='ltr'><strong>ι</strong></span> <span class='ocrx_word' id='word_1_736' title='bbox 2196 4880 2435 4934; x_wconf 89' lang='lat' dir='ltr'><strong>tudinem</strong></span> <span class='ocrx_word' id='word_1_737' title='bbox 2487 4878 2765 4946; x_wconf 87' lang='lat' dir='ltr'><strong>pervadat,</strong></span> <span class='ocrx_word' id='word_1_738' title='bbox 2819 4892 3010 4934; x_wconf 90' lang='lat' dir='ltr'><strong>omnes</strong></span> <span class='ocrx_word' id='word_1_739' title='bbox 3069 4882 3233 4936; x_wconf 89' lang='lat' dir='ltr'><strong>simul</strong></span> <span class='ocrx_word' id='word_1_740' title='bbox 3281 4883 3625 4939; x_wconf 86' lang='lat' dir='ltr'><strong>decernimus</strong></span> <span class='ocrx_word' id='word_1_741' title='bbox 3698 4879 3703 4885; x_wconf 80' lang='grc'><em>’</em></span> 
     </span>
    </p>
   </div>
   <div class='ocr_carea' id='block_1_107' title="bbox 2127 4969 3625 5042">
    <p class='ocr_par' dir='ltr' id='par_1_107' title="bbox 2127 4969 3625 5042">
     <span class='ocr_line' id='line_1_107' title="bbox 2127 4969 3625 5042; baseline 0.002 -17"><span class='ocrx_word' id='word_1_742' title='bbox 2127 4994 2145 5025; x_wconf 78' lang='grc' dir='ltr'><strong>ι</strong></span> <span class='ocrx_word' id='word_1_743' title='bbox 2191 4988 2284 5027; x_wconf 89' lang='lat' dir='ltr'><strong>eos</strong></span> <span class='ocrx_word' id='word_1_744' title='bbox 2337 4971 2427 5039; x_wconf 91' lang='lat' dir='ltr'><strong>qui</strong></span> <span class='ocrx_word' id='word_1_745' title='bbox 2474 4970 2682 5024; x_wconf 89' lang='lat' dir='ltr'><strong>duobus</strong></span> <span class='ocrx_word' id='word_1_746' title='bbox 2710 4969 2931 5037; x_wconf 89' lang='lat' dir='ltr'><strong>quidem</strong></span> <span class='ocrx_word' id='word_1_747' title='bbox 2970 4973 3332 5027; x_wconf 89' lang='lat' dir='ltr'><strong>matrimoniis</strong></span> <span class='ocrx_word' id='word_1_748' title='bbox 3364 4974 3625 5042; x_wconf 89' lang='lat' dir='ltr'><strong>implicati</strong></span> 
     </span>
    </p>
   </div>
   <div class='ocr_carea' id='block_1_108' title="bbox 2122 5060 3625 5131">
    <p class='ocr_par' dir='ltr' id='par_1_108' title="bbox 2122 5060 3625 5131">
     <span class='ocr_line' id='line_1_108' title="bbox 2122 5060 3625 5131; baseline 0.003 -15"><span class='ocrx_word' id='word_1_749' title='bbox 2122 5085 2139 5116; x_wconf 81' lang='grc' dir='ltr'><strong>ι</strong></span> <span class='ocrx_word' id='word_1_750' title='bbox 2189 5066 2358 5131; x_wconf 82' lang='lat' dir='ltr'><strong>fuere,</strong></span> <span class='ocrx_word' id='word_1_751' title='bbox 2394 5070 2448 5117; x_wconf 88' lang='lat' dir='ltr'><strong>et</strong></span> <span class='ocrx_word' id='word_1_752' title='bbox 2479 5074 2651 5130; x_wconf 84' lang='lat' dir='ltr'><strong>usque</strong></span> <span class='ocrx_word' id='word_1_753' title='bbox 2700 5060 2766 5113; x_wconf 92' lang='lat' dir='ltr'><strong>ad</strong></span> <span class='ocrx_word' id='word_1_754' title='bbox 2794 5061 2863 5115; x_wconf 79' lang='grc'><strong>15</strong></span> <span class='ocrx_word' id='word_1_755' title='bbox 2905 5062 3164 5131; x_wconf 75' lang='lat' dir='ltr'><strong>prrcteriti</strong></span> <span class='ocrx_word' id='word_1_756' title='bbox 3210 5066 3412 5118; x_wconf 90' lang='lat' dir='ltr'><strong>mensis</strong></span> <span class='ocrx_word' id='word_1_757' title='bbox 3451 5065 3625 5122; x_wconf 83' lang='lat' dir='ltr'><strong>Janu-</strong></span> 
     </span>
    </p>
   </div>
   <div class='ocr_carea' id='block_1_109' title="bbox 2120 5149 3624 5224">
    <p class='ocr_par' dir='ltr' id='par_1_109' title="bbox 2120 5149 3624 5224">
     <span class='ocr_line' id='line_1_109' title="bbox 2120 5149 3624 5224; baseline 0 -18"><span class='ocrx_word' id='word_1_758' title='bbox 2120 5172 2138 5206; x_wconf 82' lang='grc' dir='ltr'><strong>ι</strong></span> <span class='ocrx_word' id='word_1_759' title='bbox 2186 5154 2330 5219; x_wconf 89' lang='lat' dir='ltr'><strong>arii,</strong></span> <span class='ocrx_word' id='word_1_760' title='bbox 2365 5152 2653 5224; x_wconf 66' lang='lat' dir='ltr'><strong>praeterita:</strong></span> <span class='ocrx_word' id='word_1_761' title='bbox 2713 5149 2745 5203; x_wconf 76' lang='grc'>4</span> <span class='ocrx_word' id='word_1_762' title='bbox 2799 5149 3127 5216; x_wconf 88' lang='lat' dir='ltr'><strong>indictionis,</strong></span> <span class='ocrx_word' id='word_1_763' title='bbox 3163 5155 3287 5205; x_wconf 88' lang='lat' dir='ltr'><strong>anni</strong></span> <span class='ocrx_word' id='word_1_764' title='bbox 3333 5152 3471 5207; x_wconf 84' lang='grc'><strong>6109</strong></span> <span class='ocrx_word' id='word_1_765' title='bbox 3503 5169 3624 5224; x_wconf 87' lang='lat' dir='ltr'><strong>pec-</strong></span> 
     </span>
    </p>
   </div>
   <div class='ocr_carea' id='block_1_110' title="bbox 1551 5272 2355 5352">
    <p class='ocr_par' dir='ltr' id='par_1_110' title="bbox 1551 5272 2355 5352">
     <span class='ocr_line' id='line_1_110' title="bbox 1551 5272 2355 5352; baseline -0.01 -14"><span class='ocrx_word' id='word_1_766' title='bbox 1551 5275 1751 5338; x_wconf 86' lang='lat' dir='ltr'><strong>Guill.</strong></span> <span class='ocrx_word' id='word_1_767' title='bbox 1781 5272 2116 5352; x_wconf 80' lang='lat' dir='ltr'><strong>Beveregii</strong></span> <span class='ocrx_word' id='word_1_768' title='bbox 2162 5280 2355 5332; x_wconf 67' lang='lat' dir='ltr'><strong>notae.</strong></span> 
     </span>
    </p>
   </div>
   <div class='ocr_carea' id='block_1_111' title="bbox 438 5378 1944 5466">
    <p class='ocr_par' dir='ltr' id='par_1_111' title="bbox 438 5378 1944 5466">
     <span class='ocr_line' id='line_1_111' title="bbox 438 5378 1944 5466; baseline -0.015 -15"><span class='ocrx_word' id='word_1_769' title='bbox 438 5396 555 5466; x_wconf 78' lang='lat'><strong>(57)</strong></span> <span class='ocrx_word' id='word_1_770' title='bbox 603 5397 822 5466; x_wconf 75' lang='grc' dir='ltr'>Ἓτους</span> <span class='ocrx_word' id='word_1_771' title='bbox 886 5380 1422 5466; x_wconf 61' lang='grc' dir='ltr'>ἐξακεσχωζιοστοῦ</span> <span class='ocrx_word' id='word_1_772' title='bbox 1470 5378 1944 5466; x_wconf 51' lang='grc' dir='ltr'>ἀκατοοτοῦνέν-</span> 
     </span>
    </p>
   </div>
   <div class='ocr_carea' id='block_1_112' title="bbox 368 5450 1944 5524">
    <p class='ocr_par' dir='ltr' id='par_1_112' title="bbox 368 5450 1944 5524">
     <span class='ocr_line' id='line_1_112' title="bbox 368 5450 1944 5524; baseline -0.013 0"><span class='ocrx_word' id='word_1_773' title='bbox 368 5450 577 5524; x_wconf 63' lang='grc' dir='ltr'><strong>γιῖτοιύ.</strong></span> <span class='ocrx_word' id='word_1_774' title='bbox 644 5465 741 5517; x_wconf 83' lang='lat' dir='ltr'><strong>l&#39;lie</strong></span> <span class='ocrx_word' id='word_1_775' title='bbox 794 5450 1005 5520; x_wconf 66' lang='lat' dir='ltr'><strong>omnes,</strong></span> <span class='ocrx_word' id='word_1_776' title='bbox 1056 5450 1203 5524; x_wconf 72' lang='lat' dir='ltr'><strong>quod</strong></span> <span class='ocrx_word' id='word_1_777' title='bbox 1252 5454 1442 5521; x_wconf 74' lang='lat' dir='ltr'><strong>miror,</strong></span> <span class='ocrx_word' id='word_1_778' title='bbox 1487 5451 1667 5508; x_wconf 67' lang='grc' dir='ltr'><strong>(ἐι-ςεοί</strong></span> <span class='ocrx_word' id='word_1_779' title='bbox 1723 5450 1944 5505; x_wconf 84' lang='lat' dir='ltr'><strong>codices</strong></span> 
     </span>
    </p>
   </div>
   <div class='ocr_carea' id='block_1_113' title="bbox 375 5523 1942 5597">
    <p class='ocr_par' dir='ltr' id='par_1_113' title="bbox 375 5523 1942 5597">
     <span class='ocr_line' id='line_1_113' title="bbox 375 5523 1942 5597; baseline -0.01 -8"><span class='ocrx_word' id='word_1_780' title='bbox 375 5553 534 5590; x_wconf 87' lang='lat' dir='ltr'><strong>manu</strong></span> <span class='ocrx_word' id='word_1_781' title='bbox 578 5534 814 5595; x_wconf 81' lang='lat' dir='ltr'><strong>exarati,</strong></span> <span class='ocrx_word' id='word_1_782' title='bbox 859 5545 964 5583; x_wconf 88' lang='lat' dir='ltr'><strong>una</strong></span> <span class='ocrx_word' id='word_1_783' title='bbox 991 5523 1115 5582; x_wconf 88' lang='lat' dir='ltr'><strong>cum</strong></span> <span class='ocrx_word' id='word_1_784' title='bbox 1146 5523 1455 5597; x_wconf 79' lang='lat' dir='ltr'><strong>impressis,</strong></span> <span class='ocrx_word' id='word_1_785' title='bbox 1482 5523 1538 5597; x_wconf 82' lang='lat' dir='ltr'><strong>in</strong></span> <span class='ocrx_word' id='word_1_786' title='bbox 1563 5524 1718 5593; x_wconf 73' lang='lat' dir='ltr'><strong>gravi</strong></span> <span class='ocrx_word' id='word_1_787' title='bbox 1750 5534 1942 5574; x_wconf 87' lang='lat' dir='ltr'><strong>errore</strong></span> 
     </span>
    </p>
   </div>
   <div class='ocr_carea' id='block_1_114' title="bbox 372 5592 1941 5674">
    <p class='ocr_par' dir='ltr' id='par_1_114' title="bbox 372 5592 1941 5674">
     <span class='ocr_line' id='line_1_114' title="bbox 372 5592 1941 5674; baseline -0.012 -12"><span class='ocrx_word' id='word_1_788' title='bbox 372 5608 715 5674; x_wconf 83' lang='lat' dir='ltr'><strong>conspirant.</strong></span> <span class='ocrx_word' id='word_1_789' title='bbox 749 5592 939 5656; x_wconf 81' lang='lat' dir='ltr'><strong>l’atres</strong></span> <span class='ocrx_word' id='word_1_790' title='bbox 968 5601 1115 5655; x_wconf 79' lang='lat' dir='ltr'><strong>enim</strong></span> <span class='ocrx_word' id='word_1_791' title='bbox 1172 5592 1279 5655; x_wconf 69' lang='lat' dir='ltr'><strong>bdo</strong></span> <span class='ocrx_word' id='word_1_792' title='bbox 1333 5596 1457 5653; x_wconf 81' lang='lat' dir='ltr'><strong>loco</strong></span> <span class='ocrx_word' id='word_1_793' title='bbox 1509 5592 1726 5661; x_wconf 49' lang='lat' dir='ltr'><strong>detruso</strong></span> <span class='ocrx_word' id='word_1_794' title='bbox 1774 5604 1941 5654; x_wconf 86' lang='lat' dir='ltr'><strong>anno,</strong></span> 
     </span>
    </p>
   </div>
   <div class='ocr_carea' id='block_1_115' title="bbox 2054 5372 3625 5447">
    <p class='ocr_par' dir='ltr' id='par_1_115' title="bbox 2054 5372 3625 5447">
     <span class='ocr_line' id='line_1_115' title="bbox 2054 5372 3625 5447; baseline -0.002 -18"><span class='ocrx_word' id='word_1_795' title='bbox 2054 5392 2166 5447; x_wconf 87' lang='lat' dir='ltr'><strong>quo</strong></span> <span class='ocrx_word' id='word_1_796' title='bbox 2201 5374 2636 5447; x_wconf 24' lang='lat' dir='ltr'><strong>hancAsynodum</strong></span> <span class='ocrx_word' id='word_1_797' title='bbox 2669 5373 2973 5433; x_wconf 80' lang='lat' dir='ltr'><strong>celebrant,</strong></span> <span class='ocrx_word' id='word_1_798' title='bbox 3008 5372 3333 5447; x_wconf 78' lang='lat' dir='ltr'><strong>loquuntur,</strong></span> <span class='ocrx_word' id='word_1_799' title='bbox 3360 5377 3450 5443; x_wconf 91' lang='lat' dir='ltr'><strong>qui</strong></span> <span class='ocrx_word' id='word_1_800' title='bbox 3471 5375 3625 5443; x_wconf 75' lang='lat' dir='ltr'><strong>iuxta</strong></span> 
     </span>
    </p>
   </div>
   <div class='ocr_carea' id='block_1_116' title="bbox 2054 5442 3621 5511">
    <p class='ocr_par' dir='ltr' id='par_1_116' title="bbox 2054 5442 3621 5511">
     <span class='ocr_line' id='line_1_116' title="bbox 2054 5442 3621 5511; baseline 0 -10"><span class='ocrx_word' id='word_1_801' title='bbox 2054 5442 2197 5501; x_wconf 79' lang='lat' dir='ltr'><strong>lianc</strong></span> <span class='ocrx_word' id='word_1_802' title='bbox 2236 5442 2519 5499; x_wconf 79' lang='lat' dir='ltr'><strong>lectionem</strong></span> <span class='ocrx_word' id='word_1_803' title='bbox 2548 5453 2664 5498; x_wconf 89' lang='lat' dir='ltr'><strong>erat</strong></span> <span class='ocrx_word' id='word_1_804' title='bbox 2694 5459 2873 5496; x_wconf 85' lang='lat' dir='ltr'><strong>anuus</strong></span> <span class='ocrx_word' id='word_1_805' title='bbox 2907 5459 2933 5492; x_wconf 92' lang='lat' dir='ltr'><strong>a</strong></span> <span class='ocrx_word' id='word_1_806' title='bbox 2979 5442 3179 5496; x_wconf 88' lang='lat' dir='ltr'><strong>tuundo</strong></span> <span class='ocrx_word' id='word_1_807' title='bbox 3197 5442 3418 5499; x_wconf 83' lang='lat' dir='ltr'><strong>condito</strong></span> <span class='ocrx_word' id='word_1_808' title='bbox 3457 5447 3621 5511; x_wconf 67' lang='lat'><strong>6109,</strong></span> 
     </span>
    </p>
   </div>
   <div class='ocr_carea' id='block_1_117' title="bbox 2055 5512 3623 5572">
    <p class='ocr_par' dir='ltr' id='par_1_117' title="bbox 2055 5512 3623 5572">
     <span class='ocr_line' id='line_1_117' title="bbox 2055 5512 3623 5572; baseline 0.001 -2"><span class='ocrx_word' id='word_1_809' title='bbox 2055 5517 2247 5571; x_wconf 87' lang='lat' dir='ltr'><strong>indict.</strong></span> <span class='ocrx_word' id='word_1_810' title='bbox 2278 5516 2335 5571; x_wconf 69' lang='grc'><strong>4.</strong></span> <span class='ocrx_word' id='word_1_811' title='bbox 2369 5514 2444 5566; x_wconf 81' lang='lat' dir='ltr'><strong>Ex</strong></span> <span class='ocrx_word' id='word_1_812' title='bbox 2480 5514 2801 5567; x_wconf 77' lang='lat' dir='ltr'><strong>indit-timus</strong></span> <span class='ocrx_word' id='word_1_813' title='bbox 2838 5512 3113 5565; x_wconf 82' lang='lat' dir='ltr'><strong>mentione</strong></span> <span class='ocrx_word' id='word_1_814' title='bbox 3145 5524 3361 5568; x_wconf 86' lang='lat' dir='ltr'><strong>constat</strong></span> <span class='ocrx_word' id='word_1_815' title='bbox 3408 5517 3623 5572; x_wconf 77' lang='lat' dir='ltr'><strong>citileut</strong></span> 
     </span>
    </p>
   </div>
   <div class='ocr_carea' id='block_1_118' title="bbox 2054 5584 3624 5653">
    <p class='ocr_par' dir='ltr' id='par_1_118' title="bbox 2054 5584 3624 5653">
     <span class='ocr_line' id='line_1_118' title="bbox 2054 5584 3624 5653; baseline 0.001 -12"><span class='ocrx_word' id='word_1_816' title='bbox 2054 5587 2372 5641; x_wconf 63' lang='lat' dir='ltr'><strong>Graecorum</strong></span> <span class='ocrx_word' id='word_1_817' title='bbox 2395 5600 2559 5639; x_wconf 84' lang='lat' dir='ltr'><strong>aeram</strong></span> <span class='ocrx_word' id='word_1_818' title='bbox 2587 5584 2675 5638; x_wconf 90' lang='lat' dir='ltr'><strong>hic</strong></span> <span class='ocrx_word' id='word_1_819' title='bbox 2706 5589 3022 5653; x_wconf 83' lang='lat' dir='ltr'><strong>usurpatam</strong></span> <span class='ocrx_word' id='word_1_820' title='bbox 3046 5597 3190 5648; x_wconf 87' lang='lat' dir='ltr'><strong>esse,</strong></span> <span class='ocrx_word' id='word_1_821' title='bbox 3215 5600 3336 5651; x_wconf 87' lang='lat' dir='ltr'><strong>quae</strong></span> <span class='ocrx_word' id='word_1_822' title='bbox 3365 5601 3395 5640; x_wconf 88' lang='lat' dir='ltr'><strong>a</strong></span> <span class='ocrx_word' id='word_1_823' title='bbox 3418 5589 3624 5645; x_wconf 87' lang='lat' dir='ltr'><strong>mundo</strong></span> 
     </span>
    </p>
   </div>
  </div>
