4110 6224
462 180 527 244 ΞἾ

503 309 518 338 ι
564 297 688 342 cato
716 289 1044 358 servierunt,
1101 301 1155 346 et
1185 307 1292 349 non
1337 293 1405 347 ab
1439 308 1505 348 eo
1541 295 1858 364 resipiscere
1903 308 2000 347 vo-
2028 303 2075 357 Α

504 401 520 428 ι
572 379 818 445 luerunt,
878 383 1198 450 depositioni
1251 384 1527 437 canonica:
1566 385 1873 453 subjicere:
1913 398 2006 439 eos

502 491 518 518 ι
568 480 772 534 autem,
800 471 892 539 qui
923 471 975 524 in
1011 471 1114 526 tale
1137 472 1350 539 quidem
1383 473 1632 543 bigamize
1659 475 1837 528 scelus
1872 474 2005 543 lapsi

505 579 520 609 ι
567 570 720 624 sunt,
756 573 881 614 ante
903 566 1146 615 nostrum
1174 573 1354 616 autem
1379 566 1652 619 decretum
1683 565 1732 619 id
1758 567 1898 635 quod
1923 573 2006 620 est

485 672 516 699 οι
568 653 697 706 utile
730 663 1087 720 agnoverunt,
1109 663 1163 706 et
1199 657 1394 708 malum
1418 671 1447 707 a
1478 671 1536 711 se
1554 656 1922 723 absciderunt,
1951 666 2006 712 et

566 743 706 795 hanc
753 743 1115 797 adulterinam
1160 754 1219 797 et
1274 745 1503 800 alienam
1560 748 2002 815 congressionem

567 832 751 900 procul
785 833 984 901 scipsis
1016 834 1326 904 abegeruut
1346 877 1362 902 ,
1407 837 1490 892 vel
1518 852 1612 892 eos
1636 841 1798 892 etiam
1823 877 1838 902 ,
1869 855 2004 908 quo-

566 939 684 975 rum
721 938 920 977 uxores
973 924 1026 977 in
1081 925 1332 980 secundis
1381 927 1582 996 nuptiis
1609 929 1720 998 jam
1779 942 2006 984 mortua:

569 1023 716 1075 sunt,
760 1013 844 1067 vel
872 1013 969 1082 ipsi
992 1014 1153 1068 etiam
1198 1013 1262 1066 ad
1301 1018 1710 1072 conversionem
1751 1033 2004 1087 respexe-

483 1120 520 1150 -ἰ
576 1113 724 1166 runt,
769 1112 823 1157 et
852 1103 1239 1156 continentiam
1285 1105 1629 1171 didicerunt,
1673 1117 1725 1159 et
1759 1110 2000 1176 priorum

569 1207 792 1244 suarmn
845 1193 1186 1260 iniquitatqu
1228 1193 1379 1247 obliti
1419 1205 1563 1259 sunt,
1595 1197 1711 1250 sive
1748 1198 1854 1250 siut
1884 1213 2005 1265 pre-

563 1282 786 1350 sbyteri,
817 1285 930 1336 sive
957 1284 1197 1349 diaconi,
1224 1299 1318 1338 eos
1365 1285 1433 1338 ab
1468 1289 1610 1340 muni
1648 1288 1866 1357 quidem
1914 1305 2002 1344 sa-

483 1389 520 1423 -ι
567 1372 827 1426 cerdotali
858 1373 1156 1427 ministerio
1186 1375 1302 1428 sive
1331 1377 1590 1430 exercitio
1613 1377 1725 1446 jam
1760 1393 2000 1446 cessare,

567 1461 833 1530 pra-linito
851 1461 1032 1530 aliquo
1065 1470 1308 1530 tempore
1339 1464 1573 1532 punitos,
1610 1469 1872 1520 honorem
1907 1482 2002 1520 au-

566 1565 672 1606 tem
712 1555 762 1605 in
797 1554 1053 1606 cathedra
1093 1562 1147 1606 et
1178 1556 1410 1608 statione
1447 1557 1800 1624 participare,
1829 1559 2000 1627 prima

567 1645 696 1697 seile
728 1653 1032 1707 contentos,
1077 1651 1130 1696 et
1151 1659 1273 1696 cum
1322 1643 1449 1698 ﬂetu
1488 1660 1517 1698 a
1565 1645 1793 1702 Domino
1825 1626 2007 1716 post'u-
2036 1626 2078 1680 Β

505 1753 524 1786 ι
570 1736 765 1795 iantes,
796 1744 854 1790 ut
876 1737 954 1788 eis
985 1735 1319 1788 condonetur
1351 1747 1628 1803 peccatum
1662 1738 2001 1806 ignorantize.

496 1842 522 1874 ι(
570 1823 755 1892 Neque
806 1825 947 1876 enim
994 1825 1265 1887 convenit,
1299 1833 1357 1877 ut
1400 1826 1444 1879 is
1490 1827 1646 1880 alteri
1681 1827 1987 1893 benedicat,

506 1935 523 1967 ι
571 1917 661 1984 qui
711 1915 873 1971 debet
913 1917 1130 1986 propria
1175 1929 1371 1970 curare
1406 1917 1646 1970 vulnera.
1695 1918 1800 1972 Eos
1851 1934 2003 1984 vero,

482 2026 522 2059 -ι
563 2008 656 2076 qui
686 2008 776 2061 nni
818 2009 1032 2077 quidem
1085 2009 1239 2062 uxori
1270 2007 1502 2074 copulati
1551 2017 1699 2075 sunt,
1749 2011 1792 2066 si
1849 2012 2004 2065 vidua

503 2116 525 2151 ι
568 2105 686 2153 erat
729 2113 848 2168 qua:
894 2110 1114 2168 accepta
1156 2110 1238 2156 est
1281 2116 1296 2165 ;
1331 2101 1586 2155 similiter
1634 2113 1688 2156 et
1741 2117 1856 2168 eos,
1913 2105 2006 2173 qui

501 2207 522 2240 ι
572 2197 691 2259 post
732 2189 1125 2243 ordinationem
1184 2190 1275 2243 uni
1345 2191 1697 2247 matrimonio
1742 2208 1802 2249 se
1837 2196 2008 2264 appli-

505 2299 524 2332 ι
570 2289 786 2346 carunt,
821 2281 922 2335 hoc
957 2291 1061 2347 est,
1099 2283 1466 2351 presbyteros,
1496 2284 1754 2338 diaconos
1811 2295 1868 2338 et
1914 2288 2010 2356 hy-

511 2389 529 2423 ι
578 2371 933 2442 podiacouos,
982 2372 1128 2424 brevi
1161 2372 1344 2440 aliquo
1373 2381 1615 2440 tempore
1643 2388 1672 2428 a
1717 2389 1874 2430 sacro
1905 2376 2007 2428 mi-

507 2481 524 2513 ι
575 2465 802 2518 nistcrio
825 2463 1128 2533 prohibitos
1170 2473 1223 2516 et
1261 2466 1516 2533 punitos,
1551 2480 1739 2519 rursus
1766 2467 2002 2534 propriis

509 2575 526 2606 ι
571 2557 831 2625 gradibus
861 2556 1093 2620 restitui,
1127 2557 1192 2608 ad
1217 2557 1380 2609 alium
1409 2557 1632 2625 gradum
1667 2571 2005 2624 nequaquam

569 2645 988 2714 promovendos,
1019 2645 1098 2699 eis
1135 2646 1340 2700 nefario
1399 2649 1683 2703 mauileste
1737 2647 2006 2704 dissoluto

489 2755 527 2788 -‹
573 2737 842 2806 coniugio.
897 2735 1023 2791 llaec
1073 2749 1252 2791 autem
1305 2739 1357 2792 in
1415 2739 1495 2794 eis
1544 2740 1635 2810 qui
1683 2740 2001 2811 deprehensi

511 2846 528 2878 ι
575 2836 703 2884 sunt
747 2843 919 2896 usque
961 2828 1026 2881 ad
1071 2827 1158 2892 15,
1190 2837 1246 2880 ιιι
1280 2829 1479 2883 dictum
1512 2809 1630 2895 est,
1673 2809 1873 2888 mensis
1921 2833 2006 2887 Ja-
2037 2809 2079 2864 (δ

507 2939 526 2972 ι
575 2937 667 2974 nu.
734 2919 768 2973 4
806 2920 1148 2982 indictionis,
1208 2920 1259 2973 in
1304 2921 1453 2990 prius
1481 2923 1770 2979 declaratis
1801 2924 2010 2982 delictis

508 3031 528 3062 ι
572 3022 625 3064 et
660 3011 832 3066 solum
879 3011 1305 3066 sacerdotalibus
1344 3015 1652 3077 statuimus,
1686 3015 1882 3070 abhinc
1915 3020 2008 3073 de~

511 3121 530 3152 ι
579 3103 846 3164 ﬁnientes,
869 3111 922 3156 et
952 3114 1272 3156 renovautes
1293 3117 1550 3156 cauoncm
1571 3145 1586 3168 ,
1607 3104 1696 3172 qui
1719 3106 2008 3171 diciteum,

505 3212 525 3245 ι
570 3193 664 3264 qui
701 3194 906 3249 duobus
949 3193 1308 3248 matrimoniis
1347 3205 1466 3259 post
1525 3194 1854 3263 baptismum
1910 3200 2010 3252 inn.

500 3304 528 3336 -‹
577 3286 807 3355 plicatus
845 3284 1024 3348 fuerit,
1072 3283 1152 3335 vel
1179 3285 1538 3338 concubinam
1590 3287 1858 3353 habuerit,
1903 3305 2007 3343 non

509 3396 540 3430 ς
587 3394 744 3447 posse
793 3392 916 3432 esse
952 3378 1304 3445 episcopum,
1349 3376 1431 3428 vel
1477 3380 1872 3447 presbyterum,
1925 3380 2007 3433 vel

509 3488 526 3518 ι
578 3468 892 3531 diaconum,
922 3467 1005 3520 vel
1041 3467 1263 3520 omnino
1291 3481 1355 3520 ex
1386 3467 1711 3520 sacerdotali
1737 3470 2005 3538 catalogo.

513 3575 530 3607 ι
578 3556 840 3610 Similiter
879 3563 934 3609 et
987 3556 1076 3624 qui
1122 3556 1334 3608 viduam
1370 3556 1619 3625 accepit,
1685 3559 1768 3612 vel
1823 3559 2012 3613 dimis-

512 3667 530 3700 ι
573 3663 711 3714 sam,
737 3647 820 3702 vel
836 3648 1195 3712 meretricem,
1215 3647 1298 3702 vel
1325 3663 1535 3702 servam
1558 3688 1573 3713 ,
1615 3648 1695 3702 vel
1740 3652 2007 3704 scenicam

512 3761 529 3792 ι
577 3756 683 3795 non
740 3754 899 3807 posse
955 3740 1288 3809 episcopum,
1338 3739 1418 3792 vel
1473 3743 1877 3811 presbyterum,
1929 3743 2011 3796 vel

510 3851 528 3883 ι
573 3833 906 3898 diaconum,
957 3831 1040 3885 vel
1093 3832 1313 3895 omnino
1365 3845 1432 3885 ex
1487 3833 1804 3886 sacerdotali
1862 3844 2012 3887 cata-

515 3945 533 3974 ι
576 3929 714 3994 lego.
752 3940 770 3973 ι

503 1211 520 1240 1

494 1479 519 1512 1

2041 4156 2084 4212 D

505 4323 700 4377 BALS.
737 4323 979 4376 Praesens
1013 4334 1186 4373 canon
1215 4320 1279 4372 de
1301 4319 1646 4386 quibusdam,
1691 4336 1809 4389 qua:
1855 4325 2004 4393 prius

438 4418 578 4470 dicta
625 4424 772 4478 sunt,
801 4414 1078 4467 constituit
1119 4427 1128 4439 ·
1165 4421 1218 4462 et
1246 4421 1528 4478 propterea
1583 4415 1634 4464 iu
1678 4414 1793 4479 ejus
1841 4416 2007 4471 inter—

439 4672 465 4708 C

1689 183 1966 244 TllEOD.
2007 183 2095 241 ΒΑ
2110 183 2402 247 LSAMON

3573 189 3678 251 528

2181 316 2200 348 ο
2246 305 2310 372 τῇ
2362 303 2630 374 ἁμαρτία,
2665 303 2760 355 καὶ
2793 300 2868 372 μὴ
2927 298 3158 369 ὲκνῆψαι
3209 299 3413 369 ταύτης
3449 301 3679 370 προελο-

2194 409 2211 442 ι
2261 395 2476 462 μένους,
2509 395 2836 464 καθαιρέσει
2887 393 3145 460 κανονικῇ
3195 389 3680 453 ὑποδαλείν·τοὺς

2188 503 2204 536 ι
2249 483 2304 536 δὲ
2333 486 2409 552 τῷ
2439 484 2663 552 τοιούτῳ
2690 482 2786 552 μὲν
2814 483 2908 551 τῆς
2941 483 3200 551 διγαμίας
3223 482 3382 548 μύσει
3425 497 3682 551 παραπι-

2184 593 2204 625 ι
2252 576 2466 640 σόντας,
2497 575 2605 646 πρὸ
2626 575 2683 629 δὲ
2728 577 2827 646 τῆς
2855 577 3012 645 ἡμῶν
3040 573 3391 642 ἐπιγνώσεως
3435 575 3496 626 τὸ
3529 590 3679 639 συμο

2183 685 2202 714 ι
2251 669 2415 736 φέρον
2448 667 2848 736 ὲπεγνωκότας,
2888 668 2979 719 καὶ
3027 666 3086 718 τὸ
3149 666 3320 718 κακὸν
3367 666 3425 730 ἐξ
3463 665 3678 716 ἑαυτῶν

2185 776 2202 808 ι
2247 757 2680 826 περικόψαντας,
2734 758 2830 811 καὶ
2883 758 3074 828 πόρρω
3119 758 3217 828 τὴν
3268 756 3426 827 ξένην
3465 758 3677 826 ταύτην

2185 873 2203 900 ο
2251 850 2346 902 καὶ
2378 849 2531 901 νόθον
2564 848 2884 919 συμπλοκὴν
2915 847 3302 913 ὲκδιὼξαντας,
3335 847 3368 918 ἣ
3403 849 3496 901 καὶ
3523 841 3596 900 ὧν
3614 847 3672 900 αί

2186 955 2203 986 ι
2249 938 2392 991 κατά
2423 937 2674 1008 δεύτερον
2697 938 2874 1008 γάμον
2902 938 3159 1006 γυναῖκες
3193 937 3297 1006 ἠδη
3351 937 3684 1006 τετελευτήο

2187 1046 2205 1079 ι
2256 1045 2440 1093 κασιν,
2495 1028 2528 1097 ἢ
2582 1028 2677 1080 καὶ
2734 1029 2890 1082 αὐτοὶ
2943 1029 3082 1099 πρὸς
3153 1027 3490 1096 ἐπιστροφὴν
3536 1025 3678 1081 εἶδον

2188 1137 2206 1170 ι
2259 1119 2670 1189 μεταμαθόντες
2694 1120 2794 1188 τὴν
2818 1119 3194 1190 σωφροσύνην,
3227 1121 3318 1172 καὶ
3344 1119 3454 1172 τῶν
3481 1120 3675 1190 πρώην

2185 1232 2202 1261 ο
2259 1211 2445 1272 αὐτοῖς
2475 1209 2974 1281 παρανομηθέντων
3025 1211 3238 1280 ταχέως
3267 1212 3675 1281 ἐπιλαθόμενοι,

2184 1321 2202 1352 ι
2254 1301 2364 1354 εἴτε
2417 1301 2781 1370 πρεσϐύτεροι
2821 1300 2929 1354 εἴτε
2983 1300 3221 1354 διάκονοι
3267 1300 3418 1364 ὄντες
3468 1303 3672 1374 τυγχά-

2181 1411 2200 1444 ι
2242 1409 2404 1457 νοιεν,
2433 1393 2657 1457 τούτους
2682 1392 2830 1458 ἔδοξε
2857 1393 3304 1462 πεπαῦσθαι·μὲν
3326 1395 3676 1466 πάσηςίερα-

2183 1502 2202 1533 ι
2248 1486 2406 1551 τικῆς
2451 1483 2814 1553 λειτουργίας,
2869 1484 2986 1554 ἦτοι
3048 1485 3349 1552 ἐνεργείας,
3417 1486 3517 1555 ἤδη
3585 1487 3679 1538 ἐπὶ⁸

2185 1595 2203 1626 ι
2254 1578 2416 1648 ῥητόν
2456 1595 2575 1629 τινα
2605 1579 2793 1647 χρόνον
2823 1577 3262 1647 ἐπιτιμηθέντας·
3303 1579 3398 1648 τῆς
3432 1577 3486 1631 δὲ
3505 1577 3677 1648 τιμῆς

2261 1671 2361 1737 τῆς
2395 1669 2535 1722 κατά
2571 1668 2668 1738 τὴν
2718 1669 2984 1738 καθέδραν
3017 1672 3107 1722 καὶ
3163 1670 3352 1723 στάσιν
3405 1669 3672 1740 μετέχειν,

2251 1761 2637 1831 ἀρκουμένους·
2673 1764 2739 1831 τῇ
2773 1761 3059 1832 προεδρίᾳ,
3099 1763 3192 1815 καὶ
3240 1761 3672 1833 προσκλαίοντας
3727 1783 3729 1785 ί

2255 1851 2331 1921 τῷ
2393 1853 2585 1923 Κυρίῳ
2627 1854 3050 1922 συγχωρηθῆναι
3118 1855 3300 1918 αὐτοῖς
3341 1855 3403 1907 τὸ
3465 1855 3530 1906 ὲκ
3577 1856 3676 1924 τῆς

2189 1963 2209 1997 ι
2257 1945 2482 2011 ἀγνοίας
2513 1944 2798 2014 ἀνόμημα.
2824 1945 3083 2013 Εὑλογεῖν
3117 1946 3224 2015 γὰρ
3247 1946 3434 2016 ἕτερον
3484 1947 3574 1998 τὸν
3610 1948 3680 1998 τὰ

2184 2055 2204 2088 ι
2256 2037 2432 2090 οίκεῖα
2460 2037 2717 2105 τημελεῖν
2741 2036 3028 2104 ὀφείλοντα
3053 2036 3346 2105 τραύματα
3377 2037 3676 2089 ἀνακόλους

2189 2147 2205 2179 ι
2256 2126 2369 2183 θον.
2404 2129 2542 2190 Τοὺς
2564 2128 2620 2181 δὲ
2642 2131 2854 2197 γαμετῇ
2896 2126 2995 2196 μὲν
3047 2129 3144 2196 μιᾷ
3183 2126 3576 2194 συναφθέντας,
3627 2131 3678 2179 εί

2189 2237 2205 2270 ι
2249 2220 2393 2288 χήρα
2424 2219 2481 2272 δὲ
2541 2221 2573 2291 ἡ
2609 2205 3018 2290 προσληφθεῖσα
3054 2216 3369 2287 ἐτύγχανεν,
3405 2217 3675 2280 ὡσαύτως

2190 2334 2206 2362 ι
2260 2311 2315 2364 δὲ
2358 2311 2451 2364 καὶ
2495 2312 2620 2374 τοὺς
2681 2310 2819 2381 μετά
2867 2311 2965 2382 τὴν
3020 2311 3356 2381 χειροτονίαν
3393 2310 3558 2380 γάμῳ
3597 2310 3680 2362 ἐνὶ

2187 2421 2207 2454 ι
2254 2402 2785 2472 προσομιλήσαντας,
2814 2403 2959 2455 τοῦτ’
2987 2402 3102 2454 ἔστι
3149 2401 3559 2470 πρεσϐυτέρους
3582 2404 3678 2453 καὶ

2187 2514 2203 2544 ι
2249 2494 2529 2556 διακόνους
2577 2496 2668 2546 καὶ
2719 2495 3130 2556 ὑποδιακόνους,
3169 2494 3270 2564 ἤδη
3330 2493 3422 2544 ἐπὶ
3471 2491 3679 2562 βραχύν

2189 2606 2205 2637 ι
2253 2603 2374 2640 τινα
2403 2585 2592 2656 χρόνον
2640 2585 2957 2656 εἱρχθέντας
2991 2585 3088 2654 τῆς
3119 2586 3270 2654 ἱερᾶς
3327 2584 3678 2652 λειτουργίας

2188 2699 2204 2728 ι
2250 2679 2342 2732 καὶ
2364 2677 2808 2746 ἐπιτιμηθέντας,
2837 2675 2990 2739 αὖθις
3021 2675 3216 2736 αὐτοὺς
3242 2677 3298 2727 ὲν
3327 2677 3437 2736 τοῖς
3456 2675 3682 2737 οίκείοσς

2196 2788 2214 2818 ι
2257 2767 2776 2837 ἀποκατασταθῆναι
2814 2767 3064 2836 βαθμοῖς,
3101 2764 3366 2836 μηδαμῶς
3417 2767 3474 2816 ἐν
3503 2766 3678 2834 ἑτέρῳ

2197 2878 2213 2910 ι
2256 2858 2665 2927 προκόπτοντας
2717 2857 2929 2926 βαθμῷ,
2992 2855 3270 2927 προδήλως
3337 2855 3680 2916 διαλυθέντος

2193 2972 2209 3004 ι
2257 2953 2444 3014 αὐτοῖς
2509 2950 2604 3002 τοῦ
2684 2950 2922 3020 ἀθέσμου
2976 2948 3330 3001 συνοικεσίου.
3387 2946 3572 3000 Ταῦτα
3621 2949 3680 3000 δὲ

2189 3064 2206 3096 ι
2257 3044 2352 3098 ἐπὶ
2385 3046 2494 3106 τοῖς
2530 3042 2960 3112 καταληφθεῖσιν
2993 3041 3157 3111 μέχρι
3189 3041 3288 3110 τῆς
3321 3040 3678 3094 πεντεκαιδε-

2192 3155 2210 3186 ι
2258 3137 2452 3206 κὰτης,
2511 3136 2588 3198 ὡς
2649 3136 2886 3205 εἴρηται,
2945 3133 3038 3185 τοῦ
3103 3132 3432 3204 Ἰανουαρίου
3485 3131 3676 3202 μηνὸς,

2191 3247 2208 3278 ι
2253 3228 2350 3296 τῆς
2374 3227 2640 3298 τετάρτης
2675 3224 3026 3286 ἰνδικτιῶνος,
3055 3226 3113 3277 ἐν
3137 3225 3251 3285 τοῖς
3278 3222 3673 3293 πρφδηλωηεῖπ

2191 3340 2207 3370 ι
2256 3321 2563 3388 πταίσμασι
2618 3319 2712 3371 καὶ
2773 3318 2934 3388 μόνον
2966 3317 3261 3387 ἱερατικοῖς
3293 3316 3680 3383 ἐτυπώσαμεν,

2195 3431 2212 3460 ι
2258 3408 2533 3481 ὁρίζοντες
2563 3409 2673 3461 ἀπὸ
2719 3408 2814 3460 τοῦ
2851 3407 3137 3475 παρόντος,
3169 3407 3262 3458 καὶ
3291 3404 3682 3474 ἀνανεούμενοι

2263 3503 2355 3556 τὸν
2385 3504 2588 3557 κανόνα
2617 3500 2710 3553 τὸν
2747 3498 3159 3568 διαγορεύοντα,
3193 3495 3284 3550 τὸν
3323 3495 3444 3549 δυσὶ
3476 3500 3683 3564 γάμοις

2267 3592 2660 3662 συμπλακέντα
2713 3591 2850 3662 μετά
2879 3592 2938 3642 τὸ
2975 3590 3278 3659 βάπτισμα,
3321 3589 3355 3658 ἢ
3391 3587 3680 3658 παλλακὴν

2265 3683 2630 3754 κτησάμενον,
2681 3681 2755 3750 μὴ
2795 3679 3052 3732 δύνασθαι
3089 3673 3226 3731 εἶναι
3282 3677 3581 3730 ἐπίσκοπον
3645 3678 3679 3739 ἢ

2187 1688 2205 1720 ὶ

2192 3705 2208 3735 ι

2196 3798 2210 3826 ι
2270 3776 2539 3848 πρεσϐύτε
2553 3793 2642 3844 ρον
2674 3773 2706 3845 ἢ
2738 3773 3005 3835 διάκονον,
3032 3773 3064 3842 ἢ
3102 3773 3236 3834 ὅλως
3258 3771 3351 3824 τοῦ
3377 3772 3680 3837 καταλόγου

2193 3894 2208 3921 ο
2255 3869 2348 3921 τοῦ
2399 3865 2695 3938 ἱερατικοῦ.
2739 3865 3016 3926 Ὡσαύτως
3055 3865 3148 3917 καὶ
3186 3864 3276 3916 τὸν
3304 3864 3480 3933 χήραν
3537 3863 3681 3931 λαμ-

2195 3981 2211 4009 »
2257 3956 2571 4027 6ἀνοντα,ἥ
2619 3954 3054 4024 ἐκδεϐλημένην,
3111 3953 3142 4023 ἢ
3179 3953 3423 4021 ἑταίραν,
3457 3951 3490 4022 ἧ
3530 3953 3679 4004 οἰκέε-

2195 4074 2212 4102 ο
2259 4068 2364 4116 τιν,
2417 4050 2451 4119 ἢ
2477 4049 2584 4101 τῶν
2625 4048 2718 4100 ἐπὶ
2751 4047 2850 4115 τῆς
2885 4048 3111 4116 σκηνῆς,
3146 4045 3218 4114 μὴ
3245 4043 3508 4096 δύνασθαι
3538 4038 3680 4093 εἶναι

2197 4163 2215 4193 ι
2268 4141 2567 4194 ἐπίσκοπον
2607 4137 2642 4208 ἢ
2679 4135 3054 4206 πρεσϐύτερον
3093 4134 3125 4205 ἢ
3175 4131 3501 4202 διάκονον,ἢ
3545 4132 3680 4194 ὅλως

2191 4255 2208 4284 ι
2254 4231 2349 4284 τοῦ
2381 4227 2682 4295 καταλόγου
2709 4226 2802 4278 τοῦ
2838 4223 3134 4295 ἱερατικοῦ.
3181 4242 3200 4275 ι

2186 4323 2384 4377 ΒΑΛΣ.
2434 4320 2491 4373 Ὅ
2515 4317 2705 4389 παρὼν
2733 4316 2913 4370 κανὼν
2964 4317 3094 4386 περὶ
3126 4314 3503 4386 προλαϐόντων
3517 4315 3680 4367 τινῶν

2116 4413 2452 4485 θεσμοθετεί,
2478 4413 2572 4464 καὶ
2597 4411 2684 4463 διὰ
2708 4409 2863 4461 τοῦτο
2894 4409 2993 4461 οὐκ
3026 4411 3246 4478 ἐγράφη
3279 4427 3332 4461 τι
3378 4411 3458 4470 εἰς
3506 4408 3681 4476 ἑρμη-

1623 4524 1818 4587 Guill.
1851 4529 2181 4609 Beveregii
2229 4534 2415 4589 notia.

474 4655 660 4706 nmlito
695 4650 758 4704 ad
785 4647 1068 4720 Christum
1122 4657 1328 4720 natum.
1354 4663 1556 4720 annos
1587 4647 1727 4720 5508
1755 4651 1996 4720 comple-

441 4740 523 4778 tos
553 4731 822 4776 numerat.
861 4719 1028 4771 Aufer
1085 4721 1266 4786 itaque
1311 4718 1454 4771 5508
1501 4734 1562 4770 ex
1589 4718 1748 4778 6109,
1782 4728 1837 4772 et
1871 4718 1996 4774 reli-

438 4811 580 4862 quos
637 4793 724 4844 lict
786 4804 962 4862 annus
1016 4787 1233 4862 Christi
1288 4788 1583 4862 6_(_)l,__qtto
1636 4789 1792 4850 juxta
1855 4791 1995 4844 hanc

441 4856 728 4919 lirclintlcnl
791 4859 1036 4927 synodus
1066 4860 1178 4910 haec
1221 4858 1274 4910 in
1304 4856 1491 4909 Trullo
1522 4866 1846 4925 congregata
1887 4872 1992 4917 cst.

427 4935 640 4990 Verum
722 4929 903 4982 habita
970 4927 1093 4990 l'uit,
1163 4938 1219 4980 nt
1269 4928 1412 4980 inter
1466 4941 1660 4980 omnes
1711 4933 1994 4993 convenit,

436 5007 460 5059 .l

472 5004 746 5058 nstiniano
804 4998 1070 5060 secundo,
1137 4997 1484 5052 Constantini
1545 4997 1801 5064 Pogonati
1866 4998 1997 5062 tilio,

440 5077 767 5142 imperante,
817 5069 913 5142 qui
963 5077 1088 5120 ante
1144 5082 1344 5142 annum
1377 5066 1434 5118 υ.
1483 5066 1998 5142 683imperio_non

446 5136 652 5213 potitus
677 5150 779 5213 est.
814 5136 1123 5213 Legendum
1151 5137 1427 5213 estigitur
1452 5137 1593 5189 haud
1631 5136 1814 5213 dubie,
1834 5136 1998 5213 ξτους

440 5223 463 5263 ε

473 5205 909 5278 ξακισχιλιοστοῦ
965 5207 1274 5278 κὲκατοστοῦ
1330 5205 1683 5278 ἐνενηκοστού
1753 5207 1997 5270 ὲννάτου,

441 5275 894 5349 ιιιιοιιιιιίΙιιιοιΙιιιιι
960 5277 1104 5349 Elias
1155 5276 1481 5349 Elimgerus,
1531 5277 1622 5343 qui
1670 5275 1818 5349 hunc
1872 5292 1995 5328 eum

443 5345 564 5404 aliis
590 5360 828 5402 veterum
861 5348 1218 5400 conciliaram
1242 5347 1546 5398 caminibus
1565 5345 1995 5398 ccanonicorum

440 5422 551 5474 divi
588 5419 776 5472 Ililarii
817 5418 1176 5469 l’tctavieusis
1207 5425 1263 5468 et
1291 5417 1607 5483 Augustana
1661 5413 1995 5483 Qibliotheea

440 5493 631 5550 edidit,
689 5490 833 5540 hunc
897 5488 1076 5538 locum
1111 5486 1260 5556 legit.
1313 5481 1401 5538 Sic
1453 5483 1612 5556 etiam
1667 5481 1994 5556 Getttiattum

469 5560 738 5613 lervctum
766 5558 960 5626 legisse
993 5570 1057 5608 ex
1093 5552 1421 5618 eo'eeustat,
1466 5552 1610 5621 quod
1660 5553 1821 5606 vertit
1866 5555 1995 5605 nam“

2103 4654 2262 4708 6l99.
2298 4649 2450 4704 Hanc
2499 4649 2664 4703 etiam
2711 4647 2997 4702 lectionem
3053 4645 3443 4714 Theophantes
3467 4649 3671 4704 contir-

2105 4731 2239 4784 mat,
2269 4740 2296 4774 a
2325 4735 2436 4791 quo
2469 4721 2554 4773 hic
2598 4718 2884 4786 pra-sentis
2912 4718 3141 4791 canonis
3173 4717 3325 4770 locus
3369 4717 3452 4791 his
3474 4721 3675 4774 .verbis

2104 4788 2718 4855 citatum—Decerninms.
2757 4797 2812 4838 ut
2865 4789 2952 4856 qui
3006 4789 3082 4838 bis
3139 4803 3352 4838 uxorem
3405 4788 3678 4850 duxerint,

2103 4871 2296 4914 etante
2323 4865 2456 4913 hunc
2490 4860 2650 4919 diem,
2681 4873 2798 4925 qua:
2845 4857 3045 4908 decima
3099 4858 3282 4925 quinta
3325 4857 3516 4908 mensis
3577 4859 3680 4909 Ju-

2109 4933 2287 4983 nnarii
2320 4927 2653 4988 numeratur,
2709 4936 2913 4994 quarta:
2972 4926 3296 4985 intliwionis,
3341 4927 3467 4977 anui
3512 4928 3682 4981 seaies

2109 5000 2373 5054 millesimi
2417 4998 2680 5050 cen'esimt
2737 4995 3066 5063 nonagesimi
3121 4999 3244 5047 nmt’
3291 4997 3339 5046 ii
3382 4995 3479 5048 huc
3523 5011 3677 5064 cutpa

2107 5070 2326 5136 fuerint.
2364 5069 2518 5136 Apud
2550 5066 2757 5136 και-οη,
2786 5068 2850 5117 ad
2884 5082 2973 5116 an.
2998 5064 3132 5136 7692.
3182 5065 3246 5115 Et
3296 5068 3409 5116 iure
3457 5068 3678 5134 quidem

2109 5135 2273 5192 lectio
2304 5153 2426 5191 cum
2466 5135 2760 5188 Justiniani
2785 5135 3006 5187 secundi
3033 5145 3278 5200 tempore
3309 5135 3372 5184 ad
3413 5150 3674 5188 aniusstm

2107 5211 2360 5277 quadrat.
2411 5204 2464 5258 Si
2506 5206 2784 5277 subductis
2833 5208 2978 5277 enim
3047 5203 3186 5277 5508
3234 5219 3296 5255 ex
3333 5203 3496 5264 (5199,
3540 5207 3680 5257 resi-

2107 5274 2272 5331 tluttm
2307 5277 2532 5329 habebis
2568 5274 2692 5336 (39],
2730 5290 2837 5340 quo
2867 5274 3070 5325 Christi
3125 5288 3268 5324 anno
3323 5283 3596 5337 currente,
3629 5286 3682 5324 et

2108 5349 2410 5417 imperante
2471 5344 2781 5398 Justiniano
2847 5343 3108 5404 secundo,
3161 5356 3401 5417 prteseus
3451 5347 3558 5417 sub
3614 5358 3681 5417 eo

2105 5411 2398 5470 concilium
2458 5416 2861 5481 peragebatur:
2898 5419 2950 5466 in
3010 5426 3172 5480 quem
3231 5415 3398 5464 etiam
3451 5411 3678 5465 indictio

2105 5497 2298 5556 quarta
2344 5486 2640 5540 incidebat.
