4110 6224
395 463 401 468 .
445 411 552 473 529

1497 416 1578 474 ΙΝ
1619 417 1781 476 CAN.
1821 415 1910 474 111
1936 413 2149 475 CONC.
2185 416 2264 476 ΙΝ
2294 418 2622 478 TRU‘LLO.

3604 415 3706 476 539

445 525 598 579 νείαν
632 522 822 577 αὐτοῦ.
858 523 926 578 Ἃ
948 523 1004 580 δὲ
1027 528 1250 596 κρατεῖν
1274 525 1370 580 καὶ
1397 527 1596 597 ἐφεξῆς
1629 528 2008 582 κεκανόνισται
2042 549 2054 587 Α

2160 529 2476 585 relationem
2516 530 2650 585 nihil
2681 529 2941 600 scriptum
2973 537 3076 584 est.
3121 527 3252 594 Qua:
3289 537 3473 583 autem
3520 528 3572 583 in
3611 544 3710 597 po-

449 613 578 684 περὶ
626 613 687 666 τὸ
714 615 894 680 τέλος,
923 617 1033 669 τῶν
1080 617 1254 684 ἁγίων
1299 618 1620 671 ἀποστόλων
1653 621 1760 672 είσὶ
1795 621 2020 684 κανόνες

451 708 518 774 ιζ’
556 710 648 762 καὶ
687 716 780 779 ιη’,
817 710 912 770 οὒς
936 713 1464 784 παραϐαινομένους,
1497 714 1573 776 ὡς
1597 713 1794 780 ἔοικεν,
1824 716 1872 768 οἱ
1908 718 2020 770 Πα-

447 799 604 868 τέρες
635 799 1028 855 ἀνενεώσαντο.
1059 803 1220 869 Ζήτει
1245 803 1336 855 οὖν
1355 803 1455 866 τὰς
1481 803 1687 856 τούτων
1721 805 2022 873 ἑρμηνείας

448 890 654 942 ἐκεῖσε·
682 890 982 960 ἐξαιρέτως
1005 892 1062 945 δὲ
1083 895 1149 944 τὰ
1165 894 1444 963 γραςρέντα
1466 895 1546 956 είς
1569 896 1660 949 τὸν
1713 895 1781 966 ιβ’
1823 899 2024 951 κανόνα

445 983 549 1052 τῆς
582 983 643 1036 ὲν
687 983 935 1055 Ἀγκύρᾳ
967 985 1214 1039 συνόδου.

520 1162 774 1217 ΖΩΝΑΡ.
809 1163 891 1217 Τὰ
933 1164 1034 1234 μὲν
1060 1164 1155 1218 τοῦ
1183 1165 1374 1235 τρίτου
1429 1167 1654 1230 κανόνος
1701 1167 1915 1232 τούτου,
1949 1167 2023 1231 ὡς

456 1253 684 1317 καιρικὰ
720 1250 811 1303 καὶ
851 1251 943 1303 ἐπὶ
974 1255 1085 1314 τοῖς
1113 1253 1232 1306 τότε
1258 1255 1327 1306 δι’
1360 1255 1673 1324 οἰκονομίαν
1719 1256 2023 1324 ὁρισθέντα,

453 1341 514 1391 οὐ
566 1339 755 1410 μέντοι
797 1358 859 1408 γε
889 1342 984 1394 καὶ
1016 1343 1111 1398 ἐπὶ
1135 1345 1248 1408 τοῖς
1277 1345 1404 1414 ἑξῆς
1438 1349 1664 1414 κρατεῖν
1709 1347 2021 1415 ὀφείλοντα,

456 1431 743 1500 εἰάθησαν
773 1433 809 1487 ἃ
846 1433 904 1485 δὲ
941 1438 1163 1505 κρατεῖν
1192 1438 1287 1488 καὶ
1314 1438 1406 1490 ἐπὶ
1456 1439 1564 1490 τῶν
1627 1439 1828 1507 ἑφεξῆς
1859 1455 2028 1492 κεκα-

454 1522 716 1589 νόνισται,
747 1525 852 1577 τῶν
885 1526 1062 1592 ἁγίων
1111 1527 1427 1584 ἀποστόλων
1451 1530 1561 1583 εἰσὶ
1595 1531 1822 1588 κανόνες
1861 1532 2028 1586 ἑπτα-
2053 1562 2063 1572 ι-

457 1613 784 1678 καιδέκατος
823 1617 919 1668 καὶ
954 1617 1448 1682 ὀκτωκαιδέκατος,
1488 1621 1583 1683 οὓς
1614 1623 2027 1692 παραϐαινομέ-

456 1719 585 1765 νους
615 1704 648 1772 ἡ
681 1705 899 1770 σύνοδος
935 1706 1074 1779 αὕτη
1109 1709 1463 1764 ἀνενεώσατο.
1517 1713 1579 1765 Oi
1602 1712 1835 1766 τοιοῦτοι
1864 1713 1918 1764 δὲ
1932 1715 2026 1765 καὶ

455 1791 626 1860 ἄμφω
661 1794 885 1859 κανόνες
909 1797 1277 1869 ὲξηγήθησαν,
1317 1801 1412 1855 καὶ
1437 1803 1464 1854 ό
1493 1801 1674 1870 ζητῶν
1690 1802 1790 1870 τὴν
1820 1803 2026 1856 τούτων

2127 629 2331 678 steer
2391 623 2546 677 ﬁrma
2586 631 2636 678 et
2699 631 2816 677 rata
2865 636 2984 676 esse
3027 622 3172 676 circa
3233 622 3391 675 linem
3444 623 3707 676 canonice

2127 715 2479 768 constitutum
2528 722 2633 778 est,
2686 722 2825 769 sunt.
2851 721 3160 768 sanctorum
3211 713 3582 782 apostolorum
3643 715 3709 765 t7

2130 817 2185 860 et
2223 807 2314 871 l8,
2343 807 2435 876 qui
2463 822 2607 870 cum,
2641 815 2698 860 ut
2731 815 2813 860 est
2838 805 3152 869 verisimile,
3185 820 3287 858 non
3325 804 3599 859 observati
3625 820 3711 859 es-

2129 906 2272 960 sent,
2321 913 2415 952 eos
2463 899 2655 952 Patres
2706 906 3126 953 renovaverunt.
3188 896 3379 962 Quam
3425 910 3554 966 ergo
3602 896 3710 950 illic

2130 1002 2316 1042 eorum
2375 989 2903 1058 interpretationem,
2944 988 3215 1057 praecipue
3250 997 3426 1040 autem
3472 1002 3535 1041 ea
3587 1003 3732 1055 qur--

2131 1080 2538 1148 seriptasuntin
2577 1081 2646 1133 12
2664 1095 2786 1134 can.
2824 1079 3022 1151 Ancyr.
3050 1079 3261 1148 synodi.

2204 1170 2457 1226 ZONAR.
2491 1170 2620 1236 Quae
2664 1171 2731 1225 ad
2787 1171 2930 1225 hunc
2966 1171 3184 1225 tertium
3228 1183 3492 1226 canonem
3543 1170 3711 1239 perti-

2131 1271 2288 1327 nent,
2340 1261 2415 1316 illi
2438 1262 2635 1330 quippe
2664 1261 2837 1316 solum
2881 1260 3133 1328 tempori,
3161 1276 3267 1330 quo
3308 1275 3478 1315 canon
3531 1260 3708 1314 editus

2131 1364 2234 1417 est,
2270 1351 2700 1414 accommodata,
2747 1351 3057 1420 nullamque
3093 1362 3279 1420 postea
3321 1351 3427 1405 vim
3475 1349 3707 1419 amplius

2133 1445 2379 1501 habitura
2401 1445 2763 1515 praetermissa
2791 1442 3074 1510 sunt.Qua3
3095 1452 3272 1498 autem
3299 1442 3442 1513 apud
3468 1454 3712 1510 posteros

2133 1551 2347 1607 quoque
2393 1538 2546 1591 tirma
2608 1535 2799 1590 Patres
2855 1550 2977 1590 esse
3028 1535 3336 1596 voluerunt,
3409 1533 3712 1603 apostolico

2135 1629 2344 1682 decimo
2369 1628 2596 1696 septimo
2621 1637 2672 1680 et
2700 1627 2910 1681 decimo
2949 1634 3140 1680 octavo
3179 1639 3386 1678 canone
3432 1623 3735 1677 contineri--

2136 1723 2269 1769 tur:
2302 1729 2438 1784 quos
2471 1714 2671 1782 passim
2722 1715 2997 1783 neglectos
3046 1714 3160 1770 hate
3220 1712 3459 1782 synodus
3502 1713 3715 1766 censuit

2134 1805 2495 1862 renovandos.
2543 1806 2619 1860 Illi
2670 1822 2803 1861 vero
2844 1809 3004 1860 ambo
3043 1821 3281 1861 canones
3323 1803 3664 1870 explicantur
3697 1821 3712 1856 :

434 1884 728 1955 ’ἐξήγησιν
765 1887 996 1960 εὑρήσει
1024 1890 1194 1960 αὐτὴν
1222 1893 1280 1944 ὲν
1312 1895 1426 1956 τοῖς
1463 1893 1573 1947 τῶν
1604 1894 1777 1962 ἁγίων
1804 1896 2034 1948 ἀποστό-

2160 1903 2196 1950 ιι
2239 1910 2432 1950 eorum
2472 1886 2888 1964 eiplicatiouem
2929 1897 2974 1950 si
3015 1895 3138 1965 quis
3182 1894 3518 1964 qmesiverit,
3549 1892 3718 1946 'iutcr

457 1977 566 2030 λων
589 1979 834 2032 κανόσιν.

460 2089 686 2144 ΔΡΙΣΤ.
748 2109 768 2142 ι
813 2093 1009 2162 Ἰερεῖς
1039 2095 1263 2165 δίγαμοι
1293 2096 1385 2150 καὶ
1432 2098 1836 2168 ἀμεταμέλητοι
1867 2099 2036 2172 καθῄ-

536 2197 558 2232 σ
611 2197 829 2252 ρηνται.
859 2184 922 2236 Oi
949 2184 1007 2237 δὲ
1037 2186 1097 2237 τὸ
1122 2187 1294 2240 κακὸν
1327 2188 1700 2258 ᾴμελήσαντες
1742 2192 1834 2242 ἐπὶ
1873 2192 2036 2260 ρητδν

541 2292 558 2320 ι
609 2273 912 2327 παύσονται
939 2275 1151 2344 χρόνονο
1187 2279 1286 2331 οὐκ
1321 2279 1538 2346 εὐλογεῖ
1574 2280 1682 2346 γὰρ
1731 2281 1760 2332 ό
1791 2297 2037 2350 τραυμα-

544 2381 565 2412 ο
606 2364 748 2426 τίας.
781 2365 893 2418 Καὶ
941 2367 992 2418 οἱ
1029 2365 1367 2439 παρανόμως
1419 2371 1794 2438 γαμήσαντες,
1832 2369 1927 2423 καὶ
1985 2371 2036 2423 οἱ

546 2476 563 2506 σ
619 2456 760 2524 μετὰ
807 2458 909 2528 τὴν
959 2460 1293 2529 χειροτονίαν
1349 2461 1673 2527 συζυγέντες
1731 2462 1868 2529 μετὰ
1946 2460 2038 2513 τὲιν

546 2566 564 2598 α
620 2549 784 2619 ῥητὸν
802 2551 994 2619 χρόνον
1007 2552 1132 2614 τοὺς
1158 2551 1402 2621 βαθμοὺς
1415 2554 1854 2622 γνωριζέτωσαν,
1874 2554 2042 2623 ἀπρό-

551 2660 567 2689 ι
617 2657 779 2693 κοποι
805 2643 1082 2711 μένοντες,
1111 2643 1313 2713 δηλαδὴ
1338 2647 1435 2713 τῆς
1467 2643 1728 2711 συζυγίας
1754 2644 2039 2714 ἀφέμενοι.

546 2749 562 2779 ι
616 2730 679 2782 Ei
708 2729 765 2782 δὲ
808 2731 946 2799 μετὰ
972 2733 1065 2785 τὸν
1112 2733 1238 2802 ὄρον
1274 2733 1631 2802 κωλυόμενοι,
1661 2731 2043 2805 καθῃρημένοι

544 2838 562 2870 ι
621 2821 950 2890 μενέτωσαν.
992 2841 1012 2876 r

545 3023 609 3076 Οἱ
629 3023 730 3092 τῆς
765 3023 989 3078 συνόδου
1017 3027 1224 3096 ταύτης
1249 3027 1518 3098 Πατέρες,
1548 3028 1642 3081 καὶ
1665 3029 1727 3082 τὸ
1760 3030 2050 3098 γινόμενον

477 3115 849 3186 διορθούμενοι
875 3119 1068 3185 κακδν,
1104 3121 1200 3171 καὶ
1259 3119 1322 3173 τὺ
1375 3119 1570 3190 μέλλον
1606 3119 2050 3189 ὲξασφαλιζόμε-

2134 1987 2463 2056 apostolicos
2495 2001 2733 2043 canones
2759 2003 2856 2041 suo
2875 1987 2994 2041 loco
3017 2002 3132 2041 eam
3165 1986 3415 2055 reperiet.

2135 2095 2364 2150 ARIST.
2422 2115 2442 2148 ι
2485 2095 2830 2158 Sacerdotes,
2894 2096 2986 2164 qui
3018 2095 3282 2150 secundas
3322 2101 3714 2147 contraxerunt

2213 2204 2233 2239 ι
2275 2186 2494 2255 nuptias
2542 2194 2598 2240 et
2654 2202 2759 2241 non
2812 2186 3160 2253 resipiscunt,
3206 2184 3571 2252 deponuntur.
3615 2173 3737 2245 Qui:

2216 2297 2233 2327 ι
2277 2286 2455 2331 autem
2486 2292 2514 2329 a
2551 2277 2692 2329 malo
2721 2277 3016 2338 abstinent,
3070 2276 3294 2329 deﬁnito
3336 2283 3577 2342 tempore
3607 2286 3724 2326 ces-

2218 2389 2235 2420 ‹
2280 2370 2494 2423 sabnul.
2533 2367 2856 2421 Vulneratns
2913 2367 3057 2421 enim
3104 2381 3211 2420 non
3258 2362 3556 2418 benedicit.
3619 2360 3720 2426 Qui

2219 2479 2235 2511 ι
2284 2460 2505 2515 uelariis
2543 2469 2720 2513 autent
2763 2459 2965 2528 nuptiis
3017 2455 3277 2526 implicati
3320 2463 3472 2517 sunt,
3521 2460 3577 2505 et
3627 2451 3718 2519 qtti

2222 2570 2239 2600 ι
2285 2561 2403 2618 post
2441 2549 2837 2603 ordinationem
2883 2545 3283 2600 matrimonium
3313 2547 3722 2599 contraxerunt.

2220 2657 2238 2687 ε
2284 2647 2402 2705 post
2425 2645 2636 2706 tempus
2656 2637 2936 2690 deﬁnitum
2971 2635 3036 2687 ad
3060 2633 3260 2704 gradus
3284 2647 3411 2686 suos
3437 2630 3728 2684 restituan-

2223 2750 2239 2780 ι
2287 2737 2396 2792 tur,
2429 2727 2658 2782 ulterius
2682 2743 2786 2781 non
2815 2725 3198 2795 promerendi,
3231 2722 3575 2778 matrimonio
3605 2720 3726 2775 scil.

2224 2843 2242 2872 ι
2288 2819 2572 2876 dissoluto.
2616 2818 2708 2873 Sin
2763 2829 2882 2887 post
2922 2818 3232 2880 decretum,
3297 2829 3420 2868 cum
3467 2809 3734 2882 prohibiti

2229 2933 2248 2966 ι
2298 2913 2516 2976 fuerint,
2548 2911 2777 2980 depositi
2810 2917 3080 2964 maneant.
3122 2925 3140 2960 ι

2226 3026 2427 3097 Synodi
2456 3025 2680 3096 hujusce
2703 3025 2913 3086 Patres,
2935 3031 2990 3075 ut
3015 3020 3212 3075 malum
3233 3018 3377 3088 quod
3393 3017 3502 3087 jam
3530 3016 3736 3070 factum

2156 3119 2256 3175 fuit
2297 3118 2678 3181 emendarem,
2707 3122 2762 3170 et
2793 3114 3031 3169 futurum
3060 3113 3464 3184 propulsarent,
3496 3123 3734 3180 praesen-

477 3226 582 3274 νοι,
622 3207 714 3261 τὸν
742 3208 994 3280 παρόντα
1025 3211 1224 3263 κανόνα
1253 3209 1525 3278 ἐξέθεντο,
1560 3211 1655 3264 και
1723 3211 2051 3282 διορίζονται

2160 3222 2264 3268 tem
2310 3209 2465 3282 16],
2515 3208 2734 3265 edidere
2785 3220 3071 3270 canonem,
3119 3213 3170 3258 et
3219 3203 3542 3264 decernunt,
3585 3200 3731 3268 quod

477 3299 554 3361 ὡς
576 3299 691 3352 ὅσοι
724 3300 824 3368 μὲν
855 3301 962 3353 τῶν
997 3302 1190 3371 ἱερέων
1218 3303 1310 3354 καὶ
1338 3302 1604 3356 διακόνιον
1633 3302 1893 3374 δευτέραν
1928 3304 2050 3358 ἔλα-

480 3388 578 3442 ϐον
606 3390 852 3460 γαμετὴν
875 3391 980 3460 πρὸ
1004 3394 1104 3460 τῆς
1134 3391 1312 3444 αύτῶν
1333 3392 1726 3454 συνελεύσεως.
1770 3392 1864 3445 καὶ
1892 3392 2047 3460 ἔμει-

478 3499 576 3533 ναν
602 3481 763 3552 μέχρι
791 3483 892 3550 τῆς
926 3483 1235 3552 παρουσίας
1256 3484 1434 3538 αὐτῶν
1460 3484 1892 3552 ἀμεταμέλητοι,
1921 3486 2053 3548 τοὺς

483 3572 761 3642 ἀθέσμους
792 3574 1004 3642 γάμους
1030 3575 1103 3643 μὴ
1124 3575 1553 3636 διασπάσαντες,
1598 3574 1921 3644 καθαιρέσει
1949 3592 2052 3628 κα-

479 3663 667 3732 νονικῇ
704 3661 1201 3731 ύποὸληθήσονται,
1255 3663 1348 3714 καὶ
1381 3663 1460 3725 εἰς
1510 3663 1634 3724 τοὺς
1692 3665 1855 3727 λαοὺς
1891 3682 2056 3735 μετα-

483 3751 748 3802 πέσωσινο
779 3752 893 3803 ὅσοι
917 3749 997 3811 δὲ,
1028 3751 1133 3820 πρὸ
1165 3751 1264 3820 τῆς
1318 3751 1688 3816 συνελεύσεως
1728 3755 1910 3808 αὑτων
1963 3773 2059 3824 με·

484 3842 908 3912 ταμεληθέντες,
944 3843 1005 3895 τὸ
1069 3845 1351 3915 συμφέρον
1415 3845 1759 3912 ἐπέγνωσαν,
1819 3847 1915 3900 καὶ
1961 3848 2059 3916 τὴν

490 3936 649 4006 ξένην
684 3939 776 3990 καὶ
814 3935 968 3989 νόθον
1006 3935 1213 4006 ταύτην
1249 3937 1572 4010 συμπλοκὴν
1605 3939 1932 4004 ἁπεδίωξαν,
1960 3940 2059 4007 τῆς

495 4027 594 4095 μὲν
623 4025 926 4096 ἱερωσύνης
962 4025 1357 4094 παυθήσονται,
1406 4026 1824 4096 ὲπιτιμηθέντες
1849 4031 1942 4082 καὶ
1971 4029 2063 4081 ἐπὶ

497 4118 658 4188 ῥητὸν
683 4117 785 4186 ἤδη
822 4116 1041 4185 χρόνον,
1088 4116 1256 4186 μόνης
1299 4116 1357 4169 δὲ
1418 4119 1516 4185 τῆς
1564 4118 1730 4187 τιμῆς
1778 4118 2062 4187 μεθέξουσι

493 4206 593 4274 τῆς
618 4206 762 4259 κατά
790 4205 892 4275 τὴν
927 4205 1196 4274 καθέδραν
1220 4206 1313 4258 καὶ
1349 4207 1555 4268 στάσιν,
1575 4209 1667 4260 καὶ
1698 4208 2067 4279 ἀρκεσθήσον-

496 4313 584 4350 ται
619 4299 684 4366 τῇ
717 4294 1002 4366 προεδρίᾳ,
1044 4295 1122 4364 τῷ
1164 4295 1355 4365 Κυρίῳ
1381 4296 1813 4365 προσκλαίοντες
1848 4313 2064 4367 συγχω-

505 4388 735 4458 ρηθῆναι
773 4387 959 4450 αὐτοῖς
983 4386 1044 4439 τὸ
1089 4387 1153 4439 ὲκ
1187 4389 1286 4457 τῆς
1316 4388 1540 4457 ἀγνοίας
1574 4389 1858 4459 ἀνόμημα.
1909 4390 2072 4442 Ἀνα-

501 4479 756 4532 κόλουθον
795 4478 904 4547 γὰρ
928 4478 1022 4531 τὸν
1070 4481 1416 4550 τραυματίαν
1445 4481 1738 4552 γενόμενον
1765 4482 1954 4554 ἕτερον
1981 4481 2072 4535 εὑ-

498 4573 699 4640 λογεῖν.
754 4571 920 4626 Ἀλλὰ
951 4572 1046 4625 καὶ
1079 4574 1128 4626 oi
1165 4572 1273 4644 πρὸ
1313 4575 1413 4642 τῆς
1460 4575 1801 4644 χειροτονίας
1832 4575 2074 4646 πρεσϐύ-

502 4682 674 4735 τεροι,
731 4666 826 4718 καὶ⁸
891 4663 1150 4729 διάκονοι,
1227 4667 1321 4718 καὶ
1383 4667 1750 4731 ὑποδιάκονοι,
1811 4669 1914 4740 μιᾷ
1974 4668 2077 4738 μὲν

505 4759 716 4841 γαμετῇ
761 4757 1154 4826 συναφθέντες,
1192 4759 1339 4829 χήρᾳ.
1377 4757 1436 4812 δὲ
1478 4759 1845 4832 τυγχανούσῃ’
1889 4760 2073 4816 ὡσαύ-

505 4866 614 4912 τως
639 4849 813 4903 δὲκαὶ
839 4852 886 4902 οἱ
916 4848 1056 4918 μετὰ
1085 4848 1184 4920 τὴν
1220 4850 1559 4919 χειροτονίαν
1589 4851 1669 4903 ἐνὶ
1697 4851 1864 4922 γάμῳ
1895 4870 2070 4923 προσ-

507 4941 868 5012 ομιλήσαντες
914 4941 1014 5008 τῆς
1050 4942 1148 5010 μὲν
1205 4940 1511 5011 ἱερωσύνης
1539 4941 1722 4995 τέλεον
1751 4943 1810 4995 οὐ
1861 4943 2075 5015 παυθῆ-

515 5049 718 5098 σονται,
754 5033 870 5088 ἀλλ’
896 5033 987 5084 ἐπὶ
1014 5032 1177 5103 ῥητόν
1205 5049 1326 5086 τινα
1360 5033 1852 5103 ὲπιτιμηθήσονται
1879 5036 2073 5105 χρόνον

511 5126 734 5197 καὶτῆς
771 5126 925 5196 ἱερᾶς
980 5124 1390 5195 κωλυθήσονται
1429 5126 1794 5197 λειτουργίας,
1859 5131 1952 5181 καὶ
1995 5129 2075 5192 είς

511 5219 638 5280 τοὺς
670 5217 904 5280 οἰκείους
949 5215 1103 5280 αὖθις
1153 5217 1576 5272 ἀποκαταστῶσι
1613 5219 1875 5290 βαθμοὺς,
1937 5238 2076 5286 προ-

509 5307 685 5378 δήλως
752 5308 1099 5377 διαλυόμενοι
1142 5307 1203 5360 τὸ
1253 5309 1490 5380 ἄθεσμον
1564 5313 1922 5378 συνοικέσιον,
1983 5313 2080 5366 καὶ

2155 3306 2463 3376 quicunque
2495 3303 2709 3371 quidem
2754 3299 3064 3354 sacerdotes
3098 3305 3158 3351 et
3195 3293 3407 3349 diaconi
3436 3291 3732 3346 secundam

2156 3399 2424 3452 duxerunt
2477 3407 2698 3448 uxorein
2743 3400 2871 3445 ante
2914 3390 3056 3443 hunc
3085 3401 3271 3443 eorum
3306 3390 3655 3444 conventum,
3679 3389 3735 3434 ct

2157 3505 2330 3558 usque
2355 3488 2418 3542 ad
2449 3487 2686 3556 ipsorum
2722 3486 3011 3539 adventum
3040 3480 3439 3550 impmnitentes
3463 3491 3736 3536 mansere,

2159 3580 2395 3636 ncl‘arias
2431 3579 2562 3633 istas
2592 3593 2696 3632 nou
2726 3575 3091 3630 distralientcs
3133 3571 3369 3640 nuptias,
3410 3568 3743 3638 depositioni.

2161 3670 2435 3728 canonica
2454 3668 2827 3738 s‘ubjicientur,
2848 3676 2901 3720 et
2920 3665 2985 3720 ad
3011 3663 3179 3719 laicos
3204 3663 3474 3717 decidenl.
3496 3658 3738 3725 Quicun-

2161 3779 2269 3834 que
2315 3771 2494 3818 autem
2532 3767 2659 3815 ante
2696 3759 2935 3829 ipsorum
2991 3763 3319 3811 conventum
3357 3748 3741 3819 resipiscentes

2163 3858 2304 3925 quod
2363 3855 2583 3925 expedit
2613 3859 2988 3921 agnoverunt,
3022 3859 3076 3904 et
3123 3848 3357 3902 alienam
3407 3843 3566 3896 istam
3615 3853 3742 3907 spu-

2165 3945 2410 4012 riamque
2441 3940 2880 4009 congressionem
2915 3935 3260 4005 expulerunt,
3293 3929 3601 3986 sacerdotio
3625 3927 3743 3996 qni-

2165 4036 2284 4089 deai
2348 4031 2494 4103 fungi
2553 4029 3014 4098 supersedebunt,
3075 4025 3140 4078 ad
3194 4022 3518 4094 prmlinitum
3577 4017 3742 4072 etiam

2169 4136 2380 4193 tempus
2415 4123 2611 4192 puniti,
2635 4121 2781 4174 illius
2804 4127 2983 4172 autem
3018 4115 3239 4170 honoris
3263 4113 3431 4167 solius
3452 4108 3742 4180 participes

2169 4225 2329 4273 erunt
2372 4216 2460 4284 qui
2503 4215 2556 4268 in
2593 4211 2850 4267 cathedra
2895 4219 2949 4263 et
2982 4207 3238 4272 statione,
3305 4213 3360 4258 et
3396 4203 3582 4272 prima:
3625 4199 3742 4254 sedi

2170 4306 2540 4376 acquiescent,
2569 4300 2802 4356 Domino
2835 4297 3086 4369 lacrymis
3126 4293 3495 4365 supplicantes
3527 4298 3595 4344 ιιιε
3618 4302 3746 4359 pec-
3801 4365 3806 4368 Ι

2173 4408 2294 4453 cato
2333 4410 2431 4451 suo
2479 4410 2574 4464 per
2604 4390 2965 4464 ignorantiam
3011 4387 3248 4443 admisso
3293 4384 3449 4440 venia
3485 4380 3745 4436 conceda-

2178 4498 2285 4540 tur.
2349 4484 2467 4541 Non
2504 4486 2648 4539 enim
2688 4480 2966 4542 convenit,
2993 4479 3163 4548 utqui
3193 4479 3306 4548 ipse
3327 4485 3409 4532 est
3438 4474 3749 4529 vulneratus

2182 4579 2334 4632 alteri
2368 4575 2670 4631 benedicat.
2704 4571 2810 4627 Sed
2838 4580 2893 4627 et
2924 4569 3224 4640 presbyteri
3250 4575 3309 4622 ει·
3330 4565 3541 4622 diaconi
3570 4572 3625 4618 et
3650 4563 3749 4634 hy-

2182 4668 2487 4740 podiaconi,
2535 4666 2623 4735 qui
2661 4673 2788 4719 ante
2829 4661 3226 4716 ordinationem
3271 4672 3432 4711 unam
3481 4655 3753 4710 duxerant

2183 4777 2430 4824 uxorem,
2472 4759 2569 4815 sed
2620 4772 2740 4828 qua:
2770 4757 2929 4811 vidua
2981 4755 3095 4819 sit;
3126 4752 3381 4809 similiter-
3413 4759 3469 4804 οι
3509 4748 3598 4817 qui
3632 4755 3756 4816 post

2183 4851 2576 4908 ordinationem
2616 4848 2708 4904 uni
2759 4846 3107 4902 matrimonio
3137 4859 3197 4899 se
3230 4842 3626 4913 applicuerunt,
3667 4853 3756 4892 sa-

2185 4941 2425 4998 cerdotio
2484 4937 2701 5008 quidem
2763 4952 2869 4990 non
2926 4935 3142 5004 penitus
3173 4931 3495 4994 abscedet-tt,
3543 4926 3638 4981 sed
3688 4925 3753 4978 ad

2185 5032 2506 5100 prmﬂnitum
2526 5028 2744 5098 aliquod
2780 5039 2988 5095 tempus
3012 5024 3397 5093 punientur,‘et
3420 5035 3450 5073 a
3473 5031 3629 5074 sacro
3658 5015 3756 5070 mi-

2186 5127 2413 5182 nisterio
2435 5121 2691 5193 prohibiti
2721 5128 2902 5183 erunt,
2929 5127 2986 5173 et
3018 5117 3083 5171 ad
3114 5115 3363 5185 proprios
3389 5112 3604 5167 tandem
3635 5125 3757 5179 gra-

2188 5220 2286 5273 dus
2320 5218 2510 5272 iterum
2537 5215 2912 5275 restituentur,
2945 5209 3211 5263 nefarium
3245 5203 3548 5272 coniugium
3587 5201 3759 5256 maui-

2188 5305 2788 5369 l‘estodissolventes,et
2812 5301 2883 5356 ad
2910 5299 3078 5354 alium
3106 5296 3334 5368 gradum
3361 5292 3618 5363 majorem
3664 5307 3758 5348 ne-

1695 5468 1896 5529 Guill.
1935 5468 2268 5548 Beveregii
2318 5470 2505 5528 note}.

587 5587 704 5665 ($8)
748 5587 1092 5665 Ἕξξαιρέζως
1148 5590 1220 5665 δέ
1243 5590 1314 5665 re
1359 5590 1678 5665 γραφέντα.
1723 5591 2000 5665 Hiclocus
2027 5593 2081 5665 in

513 5654 820 5729 Parisiensi
874 5654 1114 5714 editione
1179 5662 1258 5716 sic
1294 5654 1515 5728 legitur,
1571 5661 1805 5729 μάλιστα
1833 5662 1890 5714 δὲ
1922 5663 1990 5714 τὰ
2027 5663 2086 5714 ὲν

515 5727 596 5802 τῷ
637 5727 702 5802 ιβέ
738 5733 1018 5802 γραφέντα
1071 5731 1166 5798 τῆς
1205 5733 1262 5783 ὲν
1296 5727 1835 5802 κ’Ᾱςγκύρᾳήσυνόδου.
1880 5731 1938 5802 In
1976 5746 2080 5786 ms.

525 5796 958 5855 Aruerbueliiatto
1015 5796 1159 5857 lotus
1199 5796 1493 5863 omittitur,
1529 5796 1589 5857 ὀι
1628 5811 1772 5857 recte
1800 5801 2028 5873 quidem
2060 5819 2074 5867 ',

2193 5604 2373 5659 neque
2401 5587 2550 5641 enim
2602 5586 2656 5639 in
2695 5584 2864 5659 citato
2897 5577 3221 5659 duodecimo
3260 5575 3364 5659 illo
3401 5571 3760 5659 synodi'ftir

2192 5645 2408 5722 cyr'anre
2445 5670 2658 5711 canone
2681 5654 2748 5709 de
2778 5652 3130 5722 sacerdotum
3164 5645 3516 5722 matrimonio
3540 5645 3760 5722 agitur:

2193 5710 2287 5784 ééit
2313 5710 2400 5782 de,
2443 5710 2536 5789 iis,
2569 5727 2662 5795 qui
2707 5731 2833 5778 ante
2881 5720 3212 5792 baptismum
3267 5715 3670 5772 sacriﬁcarunt,
3709 5710 3764 5764 el-

2197 5807 2386 5870 postea
2421 5796 2676 5868 baptizati
2715 5802 2865 5849 sunt.
