4110 6224
448 404 553 470 531

1711 405 1990 467 THEOD.
2020 407 2114 467 ΒΑ
2124 409 2430 471 ΕΞΑΜΟΝ

3604 406 3712 477 532

443 528 718 584 quaquam
769 513 1139 581 promovendi,
1200 513 1305 567 sed
1336 512 1390 568 in
1420 511 1610 568 eodem
1651 527 1760 582 quo
1820 511 2016 567 inventi

2129 518 2395 588 μηδαμῶς
2428 520 2484 570 ὲν
2540 517 2713 588 ἑτέρῳ
2760 516 2967 587 μείζονι
3027 516 3225 589 βαθμῷ
3271 517 3707 587 προκόπτοντες,

443 607 667 661 fuerunt
710 606 904 659 ordine
932 614 1337 674 permanentes.
1379 605 1443 660 Et
1489 606 1605 660 hzec
1633 605 1849 674 quidem
1887 619 2019 659 cou-

444 698 748 751 stituerunt
776 697 915 761 ﬁeri,
942 705 994 750 et
1023 697 1092 751 ob
1138 697 1534 752 humanitatem
1578 708 1632 752 et
1665 697 2020 753 commisera-

446 788 670 849 tionem,
729 796 856 841 ante
895 801 1103 848 eorum,
1162 796 1220 841 ut
1274 788 1477 841 dictum
1524 797 1625 851 est,
1668 797 2017 842 conventum.

443 877 574 933 Post
602 879 740 933 hanc
772 889 949 932 autem
988 879 1432 934 constitutionem
1475 888 1528 933 ct
1562 894 1824 934 canonem
1885 880 2020 933 nihil

446 969 717 1034 ejusmodi
774 970 887 1023 ﬁeri
945 969 1286 1037 permittunt,
1334 971 1428 1024 sed
1466 978 1519 1024 et
1558 969 1731 1035 illum,
1757 970 1847 1039 qui
1878 970 2021 1024 binis

448 1060 759 1130 implicatus
795 1068 879 1113 est
909 1060 1133 1129 nuptiis,
1188 1070 1309 1129 post
1352 1061 1705 1129 baptismum,
1740 1071 1833 1116 aut
1869 1061 2023 1131 pcili-

448 1162 567 1204 cem
587 1150 805 1211 retinet,
836 1160 927 1202 aut
952 1149 1191 1213 viduam,
1221 1158 1316 1203 aut
1348 1151 1416 1205 ab
1440 1150 1547 1203 alio
1591 1150 1893 1217 dimissam,
1929 1159 2022 1202 aut

451 1242 815 1306 meretricem,
860 1251 951 1294 aut
993 1255 1228 1305 servam,
1272 1250 1367 1294 aut
1395 1241 1664 1297 scenicam
1701 1240 1870 1305 ducit,
1916 1255 2018 1293 non

450 1346 610 1400 posse
640 1332 977 1400 episcopum,
1027 1340 1120 1384 aut
1147 1333 1548 1401 presbyterum,
1583 1340 1677 1385 aut
1700 1330 2020 1395 diaconum,

449 1432 545 1477 aut
573 1423 1001 1493 hypodiaconum
1034 1424 1169 1489 ﬁeri,
1226 1422 1382 1491 juxta
1427 1423 1695 1478 decimum
1731 1425 2020 1493 septimum

448 1522 505 1568 et
534 1513 802 1568 decimum
836 1523 1086 1568 octavum
1131 1514 1501 1585 apostolorum
1547 1530 1787 1571 canones
1830 1516 2021 1571 decer-

452 1616 607 1660 nunt.

1058 1693 1287 1751 CANON
1325 1696 1410 1751 IV.

458 1802 479 1835 ε
510 1784 566 1840 Si
602 1785 725 1853 quis
757 1785 1047 1855 episcopus
1088 1785 1170 1839 vel
1200 1788 1480 1856 presbyter
1522 1787 1606 1842 vel
1641 1788 1903 1844 diaconus
1940 1788 2019 1842 vel

526 1894 547 1925 ι
589 1874 954 1929 subdiaconus
985 1876 1068 1931 vel
1100 1876 1268 1931 lector
1306 1876 1390 1931 vel
1420 1887 1611 1933 cantor
1639 1880 1722 1934 vel
1761 1881 2021 1935 ostiarius

529 1982 549 2015 ο
595 1981 718 2021 cum
748 1967 974 2022 muliere
1016 1968 1128 2022 Deo
1164 1968 1410 2023 dedicata
1453 1970 1667 2034 coierit,
1701 1971 2020 2039 deponatur,

528 2074 545 2104 ι
593 2066 649 2109 ut
678 2056 769 2124 qui
798 2056 1000 2112 Christi
1036 2073 1246 2127 sponsa).
1282 2059 1472 2114 vitium
1499 2060 1738 2115 attulerit
1770 2078 1783 2114 :
1818 2061 1903 2117 sin
1931 2078 2025 2116 au-

530 2164 552 2198 ‹
595 2154 702 2201 tem
738 2146 928 2214 laicus,
960 2157 1291 2219 segregetur.
1318 2168 1338 2202 ι

519 2236 717 2294 BALS.
750 2238 889 2295 Ante
908 2240 1085 2295 omnia
1118 2250 1243 2295 nota
1268 2255 1335 2295 ex
1359 2242 1460 2295 hoc
1488 2244 1736 2311 praesenti
1777 2257 2006 2307 canone,

451 2333 594 2405 quod
624 2334 752 2389 olim
788 2344 1070 2389 cantorum
1117 2335 1272 2397 ordo,
1304 2350 1412 2390 non
1445 2350 1507 2389 ex
1534 2334 1800 2390 eunuchis
1825 2334 2022 2401 solum,

452 2430 513 2479 ut
550 2422 712 2478 hodie
740 2422 822 2488 lit,
871 2423 1321 2489 constituebatur,
1383 2424 1477 2479 sed
1517 2432 1573 2480 et
1598 2439 1666 2479 ex
1694 2424 1758 2479 iis
1796 2424 1886 2493 qui
1918 2439 2022 2478 non

451 2521 609 2570 erant
646 2512 934 2582 ejusmodi.
975 2514 1264 2571 Lectorum
1294 2525 1474 2571 autem
1511 2516 1667 2581 ordo,
1694 2530 1805 2569 non
1840 2523 1896 2570 ut
1922 2514 2022 2585 ipsi

450 2614 758 2672 cantarent,
792 2608 1123 2663 constitutus
1165 2617 1268 2672 est,
1308 2610 1402 2663 sed
1443 2616 1499 2661 ut
1529 2608 1581 2662 in
1617 2606 1853 2662 amboue
1885 2606 2021 2663 divi-

449 2709 552 2751 nas
585 2696 896 2767 Scripturas
934 2697 1193 2768 legerent,
1231 2707 1351 2767 post
1399 2697 1609 2752 ﬁnitum
1658 2696 2020 2765 Matutinum;

2121 605 2324 681 ἀλλ’ἦς
2382 610 2688 679 εὑρέθησαν
2715 610 2969 678 μένοντες
2998 610 3223 673 τάξεως.
3258 611 3370 663 Καὶ
3408 611 3582 663 ταῦτα
3611 611 3714 679 μὲν

2122 700 2474 770 προσέταξαν
2518 699 2800 768 γενέσθαι,
2835 700 2924 752 διὰ
2970 701 3024 753 δὲ
3060 701 3161 768 τὴν
3200 700 3620 768 φιλανθρωπίαν
3643 718 3707 754 τε

2122 792 2217 844 καὶ
2243 791 2610 859 συμπάθειαν,
2656 792 2760 861 πρὸ
2784 791 2887 860 τῆς
2926 792 3128 853 αὐτῶν,
3161 793 3236 853 ὡς
3262 793 3510 861 εἴρηται,
3550 811 3710 845 συνεο

2122 881 2381 943 λεύσεως.
2421 883 2656 935 Ἔκτοτε
2691 883 2748 935 δὲ
2775 883 2914 952 μετὰ
2945 883 3036 935 τον
3076 885 3204 952 ὅρον
3258 885 3455 937 τοῦτον
3489 886 3585 936 καὶ
3613 887 3709 937 τὸν

2122 974 2345 1036 κανόνα,
2400 974 2552 1025 οὐδέν
2608 991 2659 1026 τι
2716 974 2960 1027 τοιοῦτον
3001 974 3251 1041 γίνεσθαι
3302 976 3705 1044 συγχωροῦσιν,

2123 1063 2260 1117 ἀλλά
2294 1064 2387 1116 καὶ
2440 1065 2533 1116 τὸν
2578 1064 2699 1116 δυσὶ
2749 1066 2953 1133 γάμοις
3014 1064 3405 1132 συμπλακέντα
3455 1065 3593 1131 μετά
3646 1066 3709 1118 τὸ

2124 1153 2427 1222 βάπτισμα,
2455 1153 3164 1224 ἦπαλλακὴνκτησάμενον,
3188 1155 3220 1224 ἢ
3247 1157 3425 1225 χήραν
3444 1156 3577 1207 λαὸό
3610 1174 3704 1216 τα.

2122 1244 2154 1312 ἢ
2192 1245 2321 1312 παρ’
2352 1244 2539 1311 ἑτέρου
2585 1244 2997 1314 ἐκϐεϐλημένην
3026 1245 3059 1315 ἢ
3096 1246 3353 1315 πόρνηνῆ
3408 1247 3635 1310 οίκέτιν,
3668 1250 3702 1318 ἦ

2121 1334 2229 1388 τῶν
2268 1334 2362 1387 ἐπὶ
2410 1329 2652 1405 σκηνῆς,
2707 1337 2782 1405 μὴ
2815 1335 3083 1389 δύνασθαι
3119 1331 3606 1400 εῐναιὲπίσκοπον,
3669 1339 3703 1407 ἢ

2125 1424 2526 1494 πρεσϐύτερον,
2568 1424 2601 1492 ἢ
2633 1425 2959 1494 διάκονον,ἢ
2990 1426 3371 1490 ύποδιάκονον,
3410 1427 3555 1479 κατὰ
3574 1427 3707 1489 τοὺς

2123 1514 2517 1575 άποστολικοὺς
2589 1515 2853 1577 κανόνας,
2908 1514 3000 1567 τὸν
3072 1515 3537 1569 ἑπτακαιδέκατον
3607 1517 3708 1569 καὶ

2122 1605 2589 1659 ὀκτωκαιδέκατον
2609 1605 2960 1676 διορίζονται.

2757 1697 3000 1750 ΚΛΝΩΝ
3035 1696 3113 1751 Δ’.

2200 1806 2217 1838 ι
2270 1789 2334 1843 Et
2368 1807 2453 1852 τις
2480 1790 2785 1853 ἐπίσκοπος
2815 1791 2846 1860 ἢ
2878 1790 3251 1861 πρεσόύτερος
3286 1789 3318 1860 ἢ
3354 1791 3618 1855 διάκονος
3667 1793 3702 1861 ἢ

2206 1898 2222 1929 ι
2279 1881 2641 1945 ὑποδιάκονος
2695 1883 2728 1952 ἢ
2775 1882 3131 1951 ἀναγνώστης
3161 1883 3192 1951 ἢ
3222 1883 3488 1951 ψάλτηςῆ
3521 1886 3702 1954 θυρω-

2203 1993 2219 2023 ι
2276 1973 2388 2044 ρδς,
2433 1976 2657 2041 γυναικὶ
2686 1975 3040 2046 ἀφιερωμένῃ
3074 1974 3151 2044 τῷ
3173 1975 3293 2045 Θεῷ
3328 1976 3574 2046 μιχθείη,
3604 1994 3705 2030 καο

2202 2083 2221 2115 ι
2279 2064 2594 2136 θαιρείσθω,
2631 2065 2705 2125 ὡς
2735 2065 2834 2135 τὴν
2869 2065 3092 2136 νύμφην
3130 2064 3228 2118 τοῦ
3284 2067 3528 2137 Χριστοῦ
3576 2068 3701 2120 δια-

2202 2173 2221 2206 (
2268 2154 2520 2225 φθείραςο
2547 2156 2595 2208 εί
2630 2154 2686 2207 δὲ
2710 2154 2922 2219 λαῖκδς,
2959 2154 3327 2222 ἀφοριζέσθω.
3391 2175 3409 2208 ι

2196 2246 2394 2300 ΒΑΔΣ.
2439 2247 2553 2317 Πρὸ
2580 2246 2801 2300 πάντων
2838 2247 3145 2316 σημείωσαι
3170 2246 3278 2299 άπὸ
3302 2250 3395 2299 τοῦ
3432 2247 3704 2315 παρόντος

2126 2337 2349 2400 κανόνος
2383 2336 2465 2389 ὅτι
2497 2338 2558 2389 τὸ
2592 2336 2823 2389 παλαιὸν
2851 2337 2949 2388 οὐκ
2977 2337 3073 2389 ἀπ’
3128 2336 3399 2405 εὐνούχων
3431 2337 3594 2404 μόνον
3642 2336 3705 2387 τὸ

2124 2428 2235 2483 τῶν
2267 2425 2489 2497 ψαλτῶν
2538 2428 2725 2495 τάγμα
2788 2426 3099 2488 συνίστατο,
3162 2425 3344 2488 καθὼς
3373 2426 3583 2492 γίνεται
3617 2427 3707 2495 σή-

2130 2536 2323 2591 μερον,
2353 2518 2493 2572 ἀλλὰ
2525 2517 2621 2570 καὶ
2648 2517 2752 2569 ἀπὸ
2788 2517 2863 2586 μὴ
2882 2515 3163 2569 τοιούτων.
3188 2517 3261 2567 Τὸ
3287 2517 3475 2584 τάγμα
3513 2516 3571 2569 δὲ
3590 2517 3703 2568 τῶν

2127 2608 2516 2677 άναγνωστῶν,
2558 2607 2619 2658 οὺ
2642 2606 2731 2660 διὰ
2772 2607 2831 2658 τὸ
2869 2605 3095 2674 ψάλλειν
3139 2607 3357 2668 αὐτοὺς,
3419 2606 3700 2675 ἐτυπώθη,

2127 2699 2268 2754 ἀλλὰ
2298 2698 2385 2751 διὰ
2435 2698 2496 2749 τὸ
2530 2696 2926 2764 ἀναγινώσκειν
2966 2696 3055 2749 ἐπ’
3099 2698 3352 2765 ἇμϐωνος
3392 2697 3489 2759 τὰς
3547 2698 3705 2759 θείας

2128 2788 2352 2861 Γραφὰς
2381 2788 2519 2857 μετὰ
2546 2788 2645 2858 τὴν
2680 2787 2943 2840 ἀπόλυσιν
2975 2786 3069 2841 τοῦ
3115 2787 3314 2857 ὄρθρου
3336 2799 3351 2814 ⁸
3402 2788 3460 2852 ἐξ
3499 2781 3559 2840 οὖ
3608 2790 3704 2842 καὶ

2126 2882 2478 2951 άναγνῶσται
2516 2879 2831 2934 καλοῦνται.
2860 2879 2998 2948 Φησὶ
3024 2879 3136 2948 γάρ
3166 2878 3553 2948 καθαιρεῖσθαι
3571 2880 3702 2942 τοὺς

451 2791 593 2845 unde
634 2790 797 2846 etiam
844 2791 1075 2847 lectores
1105 2790 1467 2862 appellantur.
1508 2789 1648 2845 Dicit
1671 2789 1817 2845 enim
1858 2787 2025 2858 depo-

450 2884 657 2938 nendos
692 2892 965 2948 cantores,
991 2884 1129 2938 sicut
1158 2892 1211 2938 et
1252 2881 1487 2951 reliquos
1512 2880 1761 2947 clericos,
1784 2880 1879 2950 qui
1901 2894 2022 2934 cun

447 2975 770 3031 mulieribus
805 2974 914 3031 Deo
948 2975 1284 3031 consecratis
1315 2983 1512 3029 coeunt
1550 2992 1564 3028 :
1613 2982 1665 3028 et
1699 2987 1807 3027 non
1849 2972 2016 3026 solum

2123 2973 2332 3043 ψάλτας
2381 2973 2569 3043 ὥσπερ
2602 2973 2850 3035 καὶτοὺς
2879 2971 3103 3035 λοιποὺς
3155 2972 3454 3039 κληρικοῦς
3500 2987 3699 3040 μιγνυ-

447 3065 504 3122 in
559 3079 653 3121 eos
688 3066 1108 3134 animadvertit,
1176 3065 1269 3121 sed
1322 3064 1492 3119 laicos
1548 3063 1711 3119 etiam
1772 3063 1861 3130 qui
1916 3061 2016 3117 tale

2129 3070 2324 3137 μένους
2351 3067 2471 3127 ταῖς
2497 3065 2573 3135 τῷ
2626 3064 2747 3134 Θεῷ
2778 3064 3226 3135 ἁφιερωθείσαις·
3276 3065 3374 3116 καὶ
3423 3064 3486 3116 ού
3536 3064 3698 3133 μόνον

447 3156 576 3224 quid
631 3157 858 3222 faciunt,
911 3165 1179 3227 segregat.
1214 3155 1331 3210 Non
1377 3163 1463 3210 est
1502 3163 1683 3209 autem
1726 3168 1925 3208 novum
1973 3152 2016 3208 si

2126 3156 2351 3220 τούτους
2402 3156 2641 3220 κολάζει,
2696 3156 2831 3211 ἀλλὰ
2889 3156 3145 3219 καὶτοὺς
3178 3156 3403 3217 λαῖκοὺς
3451 3154 3700 3207 τοιοῦτόν

446 3250 681 3307 clericus
731 3262 951 3320 propter
1007 3250 1112 3305 tale
1149 3249 1401 3305 delictum
1445 3249 1766 3315 deponatur.
1821 3245 1897 3299 Ex
1948 3244 2016 3300 25

2123 3264 2177 3300 τι
2208 3247 2496 3309 ποιοῦντας
2546 3244 2816 3316 ἀφορίζει.
2880 3246 2993 3298 Οὐκ
3037 3244 3153 3297 ἔστι
3203 3244 3260 3297 δὲ
3319 3244 3528 3308 καινὸν,
3603 3244 3701 3296 ἐὰν

446 3341 594 3396 enim
626 3355 836 3397 canone
884 3342 1202 3412 apostolico,
1251 3340 1415 3395 etiam
1465 3339 1559 3407 qui
1591 3336 2016 3407 qualemcunque

2124 3335 2460 3405 καθαιρῆται
2494 3334 2755 3406 κληρικδς
2795 3335 2860 3385 ὲκ
2909 3332 3105 3386 τούτου
3138 3332 3231 3386 τοῦ
3272 3334 3697 3403 ἁμαρτήματος.

445 3432 731 3489 mulierem
801 3435 1074 3503 szupravit
1127 3431 1396 3496 clericus,
1451 3430 1785 3497 deponitur:
1853 3428 2016 3483 multo

2137 3427 2267 3482 Ἀπὸ
2290 3426 2397 3498 γάρ
2433 3426 2527 3479 τοῦ
2580 3423 2661 3479 κε’
2708 3424 3073 3482 ἀποστολικοῦ
3136 3426 3358 3487 κανόνος
3390 3426 3483 3477 καὶ
3503 3426 3530 3477 ό
3554 3424 3703 3477 οίαν-

446 3535 629 3580 autem
664 3524 836 3593 magis
865 3526 953 3591 qui
985 3538 1233 3592 sponsam
1256 3523 1458 3579 Christi
1488 3532 1541 3578 et
1565 3536 1659 3576 vas
1678 3520 1786 3574 Deo
1807 3520 2016 3574 dedica«

2124 3521 2312 3591 δήτινα
2365 3520 2671 3587 πορνεύσας
2707 3520 2942 3585 γυναῖκα
2993 3517 3255 3587 κληρικὸς
3308 3517 3697 3587 καθαιρεῖταιο

449 3627 563 3673 tum
600 3618 810 3689 polluit,
841 3619 1163 3688 deponetur.
1191 3617 1333 3689 Lege
1364 3630 1418 3672 et
1446 3616 1618 3671 sancti
1639 3614 1821 3669 Basilii
1851 3627 2018 3667 cano-

445 3725 571 3764 nem
594 3709 683 3773 18,
714 3709 851 3764 20et
868 3709 956 3763 60.
985 3709 1118 3765 Cum
1142 3720 1320 3764 autem
1359 3709 1525 3764 discis
1545 3750 1559 3773 ,
1585 3706 1853 3775 quomodo
1870 3704 2023 3773 puni-

446 3806 539 3854 tur
581 3800 672 3870 qui
710 3815 831 3854 cum
884 3800 1081 3854 talibus
1142 3798 1460 3875 mulieribus
1519 3812 1635 3853 rem
1691 3796 1911 3861 habent,
1954 3810 2023 3850 ne

446 3890 854 3961 subdistinguas
897 3891 1159 3960 virginem
1207 3906 1275 3945 an
1310 3890 1552 3954 viduam,
1582 3888 1697 3942 -sed
1746 3886 1815 3942 de
1870 3883 2019 3941 omni

445 3983 674 4040 muliere
705 3984 814 4038 Deo
848 3991 1161 4038 consecrata
1194 3982 1279 4036 dic
1310 3980 1547 4035 locutum
1589 3992 1708 4035 esse
1735 3990 2018 4033 canonem.

446 4072 600 4131 Scias
626 4086 808 4131 autem
838 4077 981 4144 quod
1016 4073 1205 4141 laicus,
1239 4073 1333 4144 qui
1370 4088 1492 4127 cum
1523 4071 1610 4126 tali
1642 4070 1873 4126 muliere
1902 4084 2017 4125 rem

446 4167 650 4232 habet,
704 4182 733 4220 a
767 4166 1019 4237 praesenti
1066 4166 1283 4235 quidem
1325 4178 1533 4220 canone
1571 4173 1885 4233 scgregatur
1922 4179 1937 4217 :
1990 4177 2019 4216 a

442 4274 477 4311 v
499 4268 680 4314 autem
709 4273 830 4328 cap.
864 4258 1024 4328 primi
1056 4257 1140 4315 tit.
1168 4272 1218 4312 tv
1270 4257 1366 4312 lih.
1417 4255 1639 4311 Basilio.
1667 4253 1892 4324 seu1123
1915 4253 2021 4311 Νο-

356 4354 359 4357 ’
445 4353 551 4409 vel.
576 4351 753 4421 capite
796 4353 1036 4421 punitur.
1060 4351 1201 4419 Lege
1232 4360 1286 4405 et
1311 4348 1379 4404 50
1406 4364 1527 4417 cap.
1554 4347 1586 4401 9
1636 4347 1717 4400 tit.
1736 4349 2021 4416 praesentis

443 4459 647 4513 operis.

2127 3611 2310 3681 πολλῷ
2339 3605 2433 3664 οὗν
2455 3609 2617 3662 πλέον
2645 3610 2672 3661 ὁ
2699 3609 2798 3679 τὴν
2847 3609 3067 3680 νύμφην
3109 3610 3205 3663 τοῦ
3239 3608 3479 3679 Χριστοῦ
3509 3608 3605 3662 καὶ
3637 3610 3699 3661 τὸ

2127 3702 2319 3766 σκεῦος
2355 3702 2416 3755 τὸ
2443 3700 2865 3770 ἀνατεθειμένον
2908 3699 2987 3769 τῷ
3038 3700 3159 3769 Θεῷ
3219 3700 3462 3769 μολύνων
3501 3700 3700 3753 καθαι-

2129 3794 2438 3865 ρεθήσεται.
2498 3791 2796 3859 Ἀνάγνωθι
2830 3792 2929 3844 καὶ
2956 3790 3049 3844 τοῦ
3085 3792 3239 3858 ἁγίου
3272 3790 3555 3844 Βασιλείου
3588 3807 3694 3861 κα-

2125 3886 2255 3942 νόνα
2294 3882 2385 3955 ιη’,
2414 3882 2461 3937 κ’
2526 3883 2622 3938 καὶ
2657 3882 2722 3950 ξ’.
2770 3883 3075 3937 Μανθάνων
3134 3883 3321 3954 μέντοι
3354 3883 3473 3945 πῶς
3517 3898 3697 3951 τιμωο

2126 3977 2347 4050 ροῦνται
2395 3980 2443 4030 οί
2475 3975 2757 4039 τοιαύταις
2785 3974 3001 4044 γυναιξὶ
3056 3974 3399 4043 μιγνύμενοι,
3432 3973 3509 4044 μὴ
3558 3973 3698 4026 ἀπο-

2123 4072 2431 4144 διαστείλῃς
2492 4070 2792 4141 παρθενίαν
2822 4069 2856 4137 ἢ
2906 4069 3160 4140 χηρείαν,
3184 4069 3321 4123 ἀλλὰ
3352 4069 3481 4138 περὶ
3510 4067 3694 4136 πάσης

2124 4162 2379 4232 γυναικὸς
2430 4160 2834 4233 ἀφιερωθείσης
2870 4160 2947 4227 τῷ
2996 4159 3117 4229 Θεῴ
3176 4158 3311 4227 λέγε
3366 4158 3458 4212 τὸν
3492 4158 3697 4212 κανόνα

2126 4254 2532 4324 ἐκφωνηθῆναι.
2582 4255 2714 4305 "Eoo
2740 4254 2794 4306 δὲ
2846 4251 3002 4316 εἰδὼς
3047 4252 3130 4305 ὅτι
3161 4254 3188 4304 ό
3216 4251 3445 4321 τοιαύτῃ
3472 4253 3696 4317 γυναικὶ

2127 4348 2458 4419 μιγνύμενος
2488 4347 2673 4410 λαῖκὸς
2704 4348 2811 4401 ἀπὸ
2868 4346 2967 4416 μὲν
3004 4345 3098 4399 τοῦ
3134 4345 3408 4414 παρόντος
3466 4342 3695 4405 κανόνος

2123 4438 2466 4511 ἀφορίζεται,
2507 4438 2614 4491 ἀπὸ
2662 4437 2718 4489 δὲ
2784 4436 2878 4490 τοῦ
2938 4437 2981 4490 ε’
3028 4434 3323 4503 κεφαλαίου
3357 4436 3450 4485 τοῦ
3488 4432 3536 4485 α’
3575 4434 3695 4486 τίτ-

444 4534 538 4587 λου
591 4533 687 4587 τοῦ
754 4532 793 4586 δ’
887 4533 1093 4602 βιϐλίου
1172 4531 1280 4584 τῶν
1356 4530 1689 4596 Βασιλικῶν,
1751 4531 1920 4601 ἤγουν
1976 4532 2074 4601 τῆς
2133 4538 2254 4601 ρκγ¹
2322 4532 2564 4601 Νεαρᾶς,
2607 4529 2917 4599 κεφαλικῶς
2985 4529 3331 4597 τιμωρεῖται.
3392 4524 3693 4592 Ἀνάγνωθι

441 4628 539 4683 καὶ
593 4626 654 4680 τὸ
680 4625 725 4679 λ’
768 4642 890 4693 κεφ.
929 4624 1024 4678 τοῦ
1056 4624 1084 4677 θ
1125 4623 1304 4676 τίτλον
1335 4622 1427 4676 τοῦ
1459 4623 1727 4694 παρόντος
1755 4621 2156 4692 συντάγματος.

512 4714 765 4772 ZONAR.
802 4717 870 4772 Ut
897 4732 990 4770 vas
1022 4716 1380 4786 quodcunque
1410 4726 1502 4771 aut
1532 4724 1739 4771 vestem
1780 4715 1888 4769 Deo
1930 4716 2011 4769 di-

2196 4716 2439 4769 ΖΩΝΔΡ.
2469 4716 2682 4783 ’Ὠσπερ
2728 4712 2921 4774 σκεῦος
2985 4710 3363 4780 οἱονδηποτοῦν
3418 4711 3451 4781 ἢ
3499 4709 3691 4778 ὀθόνην

438 4819 641 4873 catam,
671 4822 735 4863 ac
762 4806 989 4876 proinde
1019 4817 1289 4870 sanctam,
1319 4808 1385 4861 ad
1421 4822 1479 4862 se
1504 4806 1812 4876 quempiam
1853 4820 2010 4861 aver-

438 4911 574 4967 tere,
630 4899 804 4969 iisque
848 4897 945 4963 uti,
980 4898 1205 4953 vetitum
1227 4906 1329 4963 est,
1366 4906 1460 4951 aut
1491 4897 1581 4966 qui
1619 4897 1668 4950 id
1707 4911 1870 4951 ausas
1901 4897 2014 4951 l'ue-

436 4996 509 5051 rit
537 4990 1315 5067 secundum__septuagesimum
1353 4990 1510 5060 162
1544 4990 1761 5044 tertiqu
1798 4998 2012 5044 sancto-

437 5103 557 5144 rum
585 5086 950 5157 apostolorum
981 5097 1240 5139 canonem
1281 5093 1598 5154 segregatur
1631 5101 1644 5139 :
1676 5084 1777 5149 sic,
1809 5084 2011 5139 multov

436 5193 543 5248 que
568 5178 739 5246 magis
784 5176 878 5247 qui
930 5174 1041 5232 Deo
1069 5181 1377 5237 sacratam,
1417 5175 1531 5229 sive
1574 5175 1862 5243 virginem,
1896 5175 2012 5229 sive

435 5269 599 5324 etiam
632 5267 944 5324 commercii
973 5266 1142 5323 virilis
1165 5267 1306 5322 haud
1337 5268 1673 5336 inexpertam
1703 5265 2006 5332 mulierem,

434 5360 740 5425 violaverit,
774 5375 878 5415 non
901 5361 1134 5431 impunis
1151 5360 1319 5414 abibit
1346 5377 1359 5425 ;
1391 5361 1481 5411 sed
1522 5359 1565 5412 si
1599 5360 1771 5414 sacris
1804 5359 2010 5411 ordini-

432 5449 537 5504 bus
579 5448 821 5503 initiatus
854 5459 943 5502 aut
984 5449 1204 5504 omnino
1253 5450 1306 5503 in
1342 5448 1547 5503 clerum
1593 5457 1879 5517 cooptatus
1911 5449 2004 5511 sit,

432 5552 490 5593 ut
522 5538 819 5608 sacrilegus
848 5541 929 5593 vel
955 5542 1116 5593 etiam
1150 5540 1412 5610 gravioris
1443 5540 1614 5607 culpae
1641 5555 1782 5603 rcus,
1810 5541 2006 5608 quippe

432 5629 527 5699 qui
573 5628 830 5683 feminam
892 5630 1001 5684 Deo
1034 5640 1400 5685 consecratam
1446 5630 1877 5697 desponsamque
1922 5644 2007 5682 ra-

434 5720 576 5786 puit,
611 5719 943 5788 deponctur;
982 5721 1025 5775 si
1062 5736 1190 5774 vero
1228 5721 1397 5775 laicus
1423 5720 1494 5775 sit
1520 5720 1611 5789 qui
1644 5719 1770 5775 talia
1819 5720 2003 5785 audet,

430 5812 805 5886 segregatione
848 5812 1189 5869 multabitur.
1262 5811 1367 5869 Sed
1408 5808 1453 5867 si
1514 5811 1764 5867 initiatus
1808 5812 2005 5882 aliquis

2124 4808 2456 4860 ἀνατεθέντα
2500 4806 2640 4874 Θεῷ,
2679 4805 2975 4859 κάντεῦθεν
3037 4804 3375 4871 ἁγιασθέντα
3437 4804 3694 4872 σφετερί-

2122 4898 2313 4962 ζεσθαί
2338 4916 2421 4960 τις
2450 4898 2543 4950 καὶ
2577 4897 2812 4967 χρᾶσθαι
2876 4896 3059 4959 αὐτοῖς
3110 4895 3404 4959 κωλύεται,
3457 4894 3491 4964 ἢ
3532 4893 3692 4947 τοῦτο

2122 4989 2294 5043 ποιῶν
2326 4988 2649 5059 ἀφορίζεται
2712 4987 2855 5040 κατὰ
2907 4987 2999 5040 τὸν
3043 4985 3444 5056 ἑϐδομηκοστὸν
3506 4985 3691 5054 τρίτον

2121 5082 2322 5135 κανόνα
2382 5081 2494 5133 τῶν
2558 5079 2721 5150 ίερῶν
2772 5077 3105 5132 ἀποστόλωνο
3152 5075 3297 5131 οὕτω
3360 5076 3455 5129 καὶ
3510 5073 3689 5143 πολλῷ

2119 5174 2282 5228 πλέον
2310 5173 2405 5241 τὴν
2435 5171 2837 5242 άφιερωθεῖσαν
2872 5170 2993 5240 Θεῷ
3026 5168 3260 5239 φθείρων
3280 5185 3388 5233 τις,
3413 5168 3519 5222 κᾶν
3548 5182 3691 5237 παρ-

2118 5265 2272 5327 θένος
2315 5262 2371 5337 ᾖ,
2409 5263 2514 5317 κάν
2545 5262 2742 5331 ἀνδρὸς
2790 5263 2849 5314 ὲν
2877 5261 3043 5332 πείρα
3077 5258 3345 5328 πρότερον
3394 5260 3687 5329 γενομένη,

2116 5358 2216 5409 οὐκ
2281 5355 2633 5426 ἀτιμώρητος
2679 5354 2867 5417 ἔσται,
2898 5352 3013 5406 ἀλλ’
3055 5351 3104 5403 εἰ
3137 5350 3233 5419 μὲν
3270 5351 3569 5421 ίερωμένος
3600 5351 3688 5421 εἴη

2114 5448 2143 5500 ὁ
2175 5446 2331 5501 τοῦτο
2380 5450 2633 5517 ποιήσας,
2669 5446 2702 5514 ἢ
2732 5447 2866 5501 ὅλως
2902 5447 2960 5498 ὲν
3004 5443 3193 5513 κλήρῳ
3244 5443 3686 5511 κατειλεγμένος.

2120 5540 2573 5610 καθαιρεθήσεται
2608 5539 2680 5601 ὡς
2713 5536 3010 5609 ἱερόσυλος,
3062 5534 3096 5591 ἢ
3148 5535 3244 5587 καὶ
3296 5532 3594 5605 βαρύτερόν
3626 5548 3681 5584 τι

2113 5631 2427 5700 τολμήσας’
2490 5630 2589 5699 τὴν
2644 5629 2754 5699 γὰρ
2804 5629 2881 5698 τῷ
2930 5628 3049 5695 Θεῷ
3092 5626 3493 5695 ἀφιερωθεῖσαν
3543 5624 3675 5673 ἐαυ-

2112 5722 2300 5793 ληοεν·
2329 5724 2376 5773 εί
2425 5721 2481 5774 δὲ
2515 5721 2702 5783 λαῖκδς
2752 5723 2781 5773 ὁ
2820 5719 3119 5790 τολμητίας
3164 5717 3335 5779 ἐστὶν,
3390 5716 3686 5785 άφορισμῷ

2114 5814 2577 5886 ὑποϐληθήσεται.
2631 5811 2751 5869 Κᾶν
2801 5812 2859 5865 δὲ
2922 5812 2997 5883 μὴ
3053 5809 3405 5883 ἀφιερωμένῃ
3464 5808 3684 5877 γυναικὶ
