4110 6224
421 394 530 458 533

1549 397 1633 460 IN
1666 396 1832 460 CAN.
1866 392 1944 455 Vl
1980 389 2189 452 CONC.
2234 389 2314 450 lN
2349 388 2678 450 TIlULUl.

3596 386 3701 448 534

425 506 601 581 μιχθῇ
635 462 728 567 ’τις
756 503 866 558 τῶν
904 502 1246 574 ἱερωμένων,
1266 504 1406 560 ἀλλὰ
1452 504 1641 579 λαῖκῇ,
1679 506 2010 577 καθαιρεθή·

2124 515 2245 555 cum
2273 515 2378 554 non
2415 514 2593 562 saera,
2636 506 2685 551 at
2718 496 2837 551 laiei
2870 494 3081 551 ordinis
3109 496 3307 551 l'cmina
3346 512 3461 551 rem
3500 498 3705 554 habue-v

423 616 600 655 σεται.

420 783 649 838 ΔΡΙΣΤ.

542 892 562 926 ι
619 872 1020 942 καθαιρείσθω·
1055 875 1084 926 ὁ
1114 872 1171 926 δὲ
1204 872 1414 937 λαῖκδς,
1451 872 1831 944 ,ἀφοριζέσθω.
1879 892 1899 926 ι

526 965 571 1016 O
604 964 705 1032 μὲν
735 962 922 1017 κανὼν
955 954 1111 1025 οὗτος
1133 961 1226 1015 τὸν
1266 962 1524 1032 γαμικῶς
1554 962 1895 1031 συναφθέντα
1941 964 2007 1031 τῇ

428 1055 691 1125 παρθένῳ
718 1058 785 1126 τῇ
828 1055 1239 1129 καθιερωθείσῃ
1276 1056 1372 1108 καὶ
1394 1055 1769 1125 νυμφευθείσῃ
1796 1053 1934 1124 Θεῷ,
1961 1055 2011 1107 εί

431 1149 533 1216 μὲν
552 1146 822 1219 κληρικός
859 1147 996 1211 ἐστι,
1062 1147 1319 1219 καθαιρεῖ
1374 1149 1560 1202 αὐτόν’
1616 1149 1664 1201 εί
1713 1149 1771 1201 δὲ
1801 1147 2008 1212 λαῖκδς,

427 1241 726 1311 ἀφορίζει·
769 1243 796 1293 6
854 1240 912 1293 δὲ
967 1241 1437 1305 ὀκτωκαιδέκατος
1492 1240 1588 1294 τοῦ
1624 1240 1867 1310 μεγάλου
1900 1241 2012 1293 Βα-

429 1332 632 1386 σιλείου
666 1331 849 1385 κανὼν
880 1332 955 1395 ὡς
988 1331 1173 1403 μοιχὸν
1203 1332 1299 1385 καὶ
1326 1331 1570 1386 τοιοῦτον
1596 1331 1892 1401 λογίζεται,
1914 1332 2010 1385 καὶ

435 1426 521 1487 εἰς
555 1423 845 1477 κοινωνίαν
869 1424 1034 1477 αὐτὸν
1086 1425 1261 1488 ἄλλως
1314 1426 1375 1479 οὐ
1409 1425 1805 1499 παραδέχεται,
1841 1426 1890 1479 εί
1934 1425 2012 1496 μὴ

428 1515 702 1587 πρότερον
730 1517 830 1587 τῆς
854 1516 1139 1587 ἁμαρτίας
1164 1518 1371 1589 παυθῇ.

1028 1612 1270 1665 ΚΑΝΩΝ
1293 1613 1369 1668 E'.

430 1718 453 1753 ι
508 1700 718 1771 Μηδεὶς
751 1701 862 1756 τῶν
913 1704 970 1756 ὲν
1004 1704 1269 1775 ἱερατικῷ
1303 1704 1616 1777 καταλόγῳ,
1647 1705 1760 1759 τῶν
1811 1708 1872 1760 ὲν
1929 1707 2009 1777 τῷ

504 1812 523 1845 ι
580 1795 772 1848 κανόνι
831 1795 1230 1867 ἐμφερομένων
1303 1799 1639 1852 ἀνυπόπτων
1697 1798 2009 1871 προσώπων

508 1908 527 1939 σ
579 1886 738 1952 ἐκτὸς
764 1888 992 1955 διάγων,
1051 1890 1292 1957 γυναῖκα
1348 1890 1643 1959 κεκτήσθω
1672 1891 1704 1961 ἢ
1738 1893 2007 1961 θεραπαι-

500 1998 523 2030 ‹
576 1980 718 2041 νίδα,
763 1979 827 2032 τὸ
859 1979 1238 2051 ἀνεπίληπτον
1289 1981 1474 2051 ἑαυτῷ
1514 1982 1771 2036 ἐντεῦθεν
1800 1985 2007 2052 τηρῶν.

503 2090 524 2123 ι
575 2071 637 2125 Εἰ
662 2071 721 2124 δὲ
754 2073 1091 2142 παραϐαίνει
1115 2089 1200 2136 τις
1221 2073 1288 2126 τά
1322 2075 1454 2143 παρ’
1484 2074 1643 2144 ἡμῶν
1690 2075 2006 2144 ὁρισθέντα,

503 2182 523 2216 ι
577 2164 974 2235 καθαιρείσθω.
1007 2164 1081 2218 Τὸ
1124 2165 1258 2218 αὐτὸ
1289 2165 1346 2218 δὲ
1380 2165 1538 2219 τοῦτο
1572 2166 1667 2220 καὶ
1711 2168 1764 2220 οί
1822 2168 2011 2221 εὐνοῦο

502 2275 523 2307 ι
580 2273 667 2325 χοι
717 2255 1365 2324 παραφυλαττέσθωσαν,
1410 2256 1472 2309 τὸ
1527 2257 1824 2327 ἄμεμπτον
1880 2260 2010 2312 ἐαυ-

506 2365 528 2397 ‹
581 2348 696 2410 τοῖς
743 2347 1162 2417 προνοούμενον
1204 2347 1643 2418 παραϐαίνοντες
1695 2349 1777 2413 δὲ,
1812 2352 1861 2403 εί
1911 2350 2011 2420 μὲν

503 2458 522 2490 ι
579 2438 838 2509 κληρικοὶ
892 2437 1026 2503 εἷεν,
1096 2439 1601 2511 καθαιρείσθωσαν,
1634 2440 1774 2493 εἰδὲ
1806 2440 2006 2508 λαῖκοὶ,

507 2551 526 2582 ι
577 2531 1064 2602 ἀφοριζέσθωσαν.
1102 2550 1121 2584 ι

512 2624 710 2678 ΒΑΛΣ.
747 2625 838 2677 Ἐν
870 2624 947 2693 τῷ
972 2624 1145 2695 τρίτῳ
1169 2624 1358 2679 κανόνι
1387 2624 1491 2693 τῆς
1522 2626 1581 2678 ὲν
1610 2625 1820 2696 Νικαίᾳ
1857 2626 2011 2697 πρώ-

431 2732 533 2784 της
572 2716 799 2769 συνόδου
852 2715 1198 2786 πλατύτερον
1248 2715 1575 2785 ἐγράψαμεν
1606 2716 1734 2786 περὶ
1763 2710 1838 2770 ὧν
1870 2734 2011 2787 φησι

438 2806 537 2860 καὶ
570 2805 601 2858 ὁ
628 2803 821 2874 παρὼν
873 2804 1078 2860 κανών·
1129 2804 1226 2857 καὶ¹
1261 2804 1414 2874 ζήτει
1445 2803 1515 2857 τά
1553 2804 1613 2857 ὲν
1653 2804 1847 2875 ἐκείνῳ
1906 2822 2011 2858 πα-

429 2898 810 2969 ραγραφὼτα.
872 2898 987 2951 Καὶ
1024 2896 1336 2968 σημείωσαι
1367 2898 1431 2949 ἐκ
1462 2897 1683 2951 πάντων
1713 2898 1797 2951 ὅτι
1839 2898 1935 2950 καὶ
1959 2899 2008 2951 οί

426 2992 679 3063 εὐνοῦχοι
736 2993 1095 3064 ἀφορίζονται
1162 2990 1652 3063 μετά“γυναικῶν
1714 2991 2010 3063 ἀλλοτρίων

430 3084 839 3148 συνοικοῦντες.

738 802 758 834 ε
824 781 1109 852 Κληρικδς
1155 781 1344 851 νύμφῃ
1416 780 1552 834 Θεοῦ
1605 782 2012 850 συναπτόμενος

2127 594 2231 657 rit,
2290 592 2645 663 depositionis
2699 589 2921 644 multam
2980 589 3333 644 nihilominus
3402 606 3506 645 non
3571 591 3705 646 (³Πύ-

2123 685 2251 751 giet.

2124 774 2349 830 ARIST.
2391 793 2407 827 ι
2457 773 2700 829 Clericus
2744 773 2834 829 Dei
2869 789 3077 842 spouste
3121 774 3443 842 eonjnnetns
3482 773 3706 842 deponi-

2372 877 2456 922 tur
2478 885 2490 921 :
2512 867 2682 921 laicus
2703 874 2880 920 autem
2905 867 3429 921 cxcommunicﬂur.
3464 885 3482 917 ι

2195 959 2294 1016 llic
2329 961 2545 1030 quidem
2587 975 2760 1016 canon
2799 974 2944 1020 eum,
2981 959 3072 1028 qui
3123 959 3315 1027 virgini
3369 968 3703 1014 consecrata:

2140 1063 2196 1107 rt
2242 1054 2587 1123 desponsata:
2636 1052 2747 1106 Deo
2787 1067 2869 1121 eo;
2904 1042 2973 1103 ﬁn
3026 1052 3416 1105 matrimoniali
3473 1052 3704 1119 conjun-

2122 1148 2285 1218 gitur,
2335 1147 2381 1202 si
2407 1147 2620 1216 quidem
2651 1146 2881 1201 clericus
2914 1156 3014 1212 est,
3053 1147 3320 1215 deponit:
3376 1147 3458 1199 sin
3505 1146 3700 1212 luieus,

2118 1238 2579 1297 excommunicat.
2637 1238 2706 1292 At
2742 1239 2983 1294 decimus
3030 1247 3253 1292 octavus
3291 1238 3474 1292 Basilii
3526 1242 3700 1308 magni

2119 1347 2298 1388 canon
2365 1332 2522 1387 talem
2565 1340 2623 1386 ut
2680 1332 2984 1387 adulterum
3049 1340 3296 1401 reputat,
3353 1348 3588 1401 ettmqttc
3636 1337 3703 1385 ad

2120 1424 2557 1481 communionem
2613 1439 2717 1480 non
2761 1425 2921 1480 aliter
2952 1424 3211 1489 admittit,
3259 1427 3359 1478 nisi
3396 1442 3423 1479 a
3472 1436 3729 1495 peccato,

2119 1518 2270 1587 prius
2306 1520 2625 1574 cessaverit.

2735 1608 2967 1665 CANON
3022 1608 3088 1662 Υ.

2124 1716 2143 1749 ‹
2186 1696 2372 1754 Nullus
2415 1715 2604 1755 eorum
2641 1702 2732 1772 qui
2770 1703 2822 1756 in
2863 1703 3186 1757 sacerdotali
3232 1706 3479 1772 catolOgo
3510 1718 3700 1757 recen-

2195 1810 2214 1842 ι
2251 1801 2460 1859 sentur,
2488 1801 2639 1847 extra
2677 1809 2792 1859 eas,
2820 1810 2939 1865 qure
2968 1796 3019 1849 in
3054 1811 3257 1851 canone
3286 1798 3623 1863 inseruntur,
3670 1813 3698 1851 a

2193 1904 2211 1936 ι
2249 1885 2556 1955 suspicione
2583 1886 2786 1943 alienas
2830 1902 3109 1955 personas,
3153 1890 3375 1960 degens,
3422 1890 3698 1943 mulierem

2192 1992 2212 2026 ι
2256 1975 2528 2043 possideat
2573 1976 2656 2031 vel
2695 1978 2968 2040 ancillam,
3016 1993 3075 2033 se
3107 1979 3233 2033 nulli
3290 1979 3701 2048 reprehensimti

2191 2083 2209 2115 ι
2257 2065 2549 2119 obnoxium
2596 2080 2662 2120 ex
2698 2068 2800 2121 hoc
2827 2083 3071 2123 servans.
3109 2067 3166 2123 Si
3199 2069 3320 2136 quis
3361 2079 3538 2122 autem
3576 2082 3699 2138 quae

2192 2175 2209 2206 ι
2253 2170 2279 2208 a
2312 2157 2469 2210 nobis
2522 2158 2744 2212 deﬁnita
2802 2168 2928 2214 sunt
2975 2160 3310 2224 transilierit,
3367 2161 3697 2228 deponatur.

2191 2266 2210 2300 ι
2251 2247 2363 2305 lloe
2389 2248 2565 2316 ipsum
2595 2260 2770 2303 autem
2799 2251 2959 2303 etiam
2983 2251 3218 2304 eunuchi
3253 2260 3491 2316 servent,
3528 2261 3584 2304 ut
3613 2252 3694 2305 in-

2191 2358 2211 2390 ι
2248 2340 2448 2409 culpati
2490 2342 2597 2397 sint
2644 2344 3010 2410 providentes.
3051 2342 3149 2408 Qui
3183 2352 3359 2396 autem
3400 2352 3696 2412 transgre-

2191 2449 2209 2481 ‹
2250 2432 2493 2497 diuntur,
2529 2433 2572 2487 si
2608 2434 2715 2486 sint
2749 2432 2967 2501 quidem
2999 2432 3205 2498 clerici,
3233 2432 3609 2501 deponantur:
3641 2433 3684 2487 si

2192 2541 2210 2573 ι
2245 2539 2375 2579 vero
2400 2524 2548 2590 laici,
2573 2534 2947 2594 segregentur.
2972 2544 2992 2577 ι

2187 2616 2379 2670 BALS.
2414 2614 2471 2668 ln
2510 2615 2543 2667 5
2577 2631 2702 2670 can.
2731 2615 2918 2685 primae
2946 2630 3067 2685 syn.
3100 2614 3333 2671 Nicrentn
3364 2616 3538 2669 fusius
3566 2616 3701 2671 scri-

2114 2703 2315 2775 psimus
2360 2703 2426 2756 de
2471 2702 2536 2757 iis
2588 2718 2709 2772 qua:
2752 2703 2885 2757 dicit
2915 2718 3155 2772 praesens
3193 2719 3367 2758 canon
3396 2746 3410 2770 ,
3439 2715 3489 2759 et
3520 2718 3703 2773 qumre

2112 2810 2232 2866 qu:e
2278 2795 2331 2847 in
2389 2793 2477 2847 illo
2519 2796 2791 2862 adscripta
2840 2804 2988 2849 sunt.
3038 2794 3100 2849 Et
3138 2806 3264 2849 nota
3310 2812 3375 2850 ex
3420 2796 3699 2863 omnibus,

2112 2888 2254 2956 quod
2293 2886 2459 2941 etiam
2508 2886 2745 2942 eunuchi
2773 2897 3148 2958 segregantur,
3192 2888 3284 2957 qui
3328 2904 3451 2945 cum
3507 2888 3707 2945 alienis

2116 2978 2431 3034 mulieribus
2462 2977 2801 3034 cobabitant.

500 3176 752 3232 ΖΩΝΑΡ.
805 3176 886 3230 Τά
918 3177 1057 3230 αὐτὰ
1089 3176 1186 3230 καὶ
1218 3179 1246 3231 6
1272 3177 1456 3247 τρίτος
1478 3176 1661 3231 κανὼν
1686 3180 1787 3246 τῆς
1816 3180 1873 3232 ὲν
1898 3180 1972 3233 Νι
1990 3205 2008 3220 ι

2182 3157 2437 3214 ZONAll.
2472 3159 2740 3226 Quoniam
2778 3161 2964 3215 eadem
3008 3160 3110 3215 hoc
3142 3159 3261 3214 loco
3286 3174 3407 3230 qua:
3459 3160 3693 3218 Nicaeum

428 3270 565 3339 καίᾳ
594 3268 818 3341 πρώτης
848 3270 1069 3325 συνόδου
1108 3270 1373 3336 ὡρίσατο,
1403 3269 1501 3323 καὶ
1527 3268 1792 3340 ζητητέον
1820 3271 1891 3324 τὰ
1948 3272 2009 3326 ὲν

429 3359 629 3430 ἐκείνῳ
657 3361 779 3432 είρη
789 3360 947 3428 μένα.

426 3450 656 3505 ΑΡΙΣΤ.
724 3472 744 3506 ‹
791 3454 901 3506 Καὶ
958 3453 1212 3523 εὐνοῦχος
1281 3457 1464 3522 ἱερεύς
1534 3453 1895 3523 θεραπαινίδα
1975 3456 2008 3525 ἢ

512 3560 531 3594 ι
578 3544 795 3615 ἑτέραν,
824 3546 968 3616 πλὴν
1028 3545 1139 3599 τῶν
1170 3547 1521 3610 ἀνυπόπτων,
1568 3544 1644 3617 μὴ
1698 3545 2008 3617 κεκτήσθω,

508 3654 528 3684 σ
576 3637 913 3706 προσώπων.

504 3727 580 3780 Τὸ
608 3727 971 3786 ἐπεισάκτους
999 3724 1147 3795 ἔχειν
1186 3726 1313 3790 τοὺς
1344 3727 1681 3795 ἱερωμένους
1713 3731 2008 3797 γυναῖκας,

430 3818 538 3873 κᾶν
566 3816 816 3886 εὐνοῦχοί
850 3818 977 3878 εἰσι.
1009 3817 1119 3869 κᾶν
1147 3817 1290 3884 ἀγαν
1323 3819 1574 3888 γηραιοὶ,
1620 3819 1715 3872 καὶ
1756 3820 1784 3871 6
1816 3819 2010 3888 παρὼν

431 3910 616 3965 κανὼν
646 3911 742 3963 καὶ
774 3911 807 3980 ἡ
831 3909 926 3961 τοῦ
959 3908 1199 3979 μεγάλου
1234 3908 1522 3962 Βασιλείου
1545 3909 1682 3980 πρὸς
1708 3910 2009 3981 Γρηγόριον

430 4003 809 4074 πρεσϐύτερον
835 4000 1092 4070 ἐπιστολὴ
1125 3999 1348 4065 κωλύει,
1385 4002 1435 4053 εί
1501 4002 1574 4070 μή
1630 4018 1736 4053 που
1768 4001 1878 4054 τῶν
1921 4002 2012 4055 ἀν-

430 4097 690 4147 υπόπτων
727 4092 1036 4162 προσώπων
1066 4092 1204 4144 εἰσὶν
1231 4092 1289 4144 αἱ
1318 4092 1596 4158 γυναῖκες,
1620 4089 1731 4144 οἷον
1752 4091 2009 4160 μητέρες,

435 4184 689 4250 ἀδελφαὶ,
724 4181 820 4235 καὶ
880 4181 1018 4252 πρὸς
1064 4178 1274 4249 πατρὸς
1319 4179 1353 4248 ἦ
1408 4179 1545 4249 πρὸς
1591 4179 1795 4249 μητρὸς
1841 4179 2008 4245 θεῖαι,

435 4278 534 4329 καὶ
571 4275 729 4329 ἄλλαι
776 4273 924 4335 τινὲς
955 4271 1226 4325 τοιαῦται.
1279 4271 1420 4333 Τοὺς
1471 4270 1530 4324 δὲ
1564 4270 2010 4341 παραϐαίνοντας

433 4369 502 4421 τά
547 4366 838 4435 ὁρισθέντα
886 4362 1277 4433 καθαιρεῖσθαι
1350 4363 1809 4433 προστάττουσιν.
1885 4364 2012 4417 Ἐπὶ

432 4460 492 4512 δὲ
522 4460 631 4511 τῶν
674 4457 953 4526 εὐνούχων
1006 4455 1068 4507 τὸ
1100 4453 1261 4508 πλέον
1293 4456 1321 4508 6
1343 4454 1536 4525 παρὼν
1556 4453 1758 4521 ἐπάγει
1799 4453 2007 4519 κανὼν,

432 4551 517 4604 ὅτι
536 4550 641 4603 κᾶν
668 4546 1102 4613 λαῖκοίεὶσι,καὶ
1139 4546 1433 4599 συνοικῶσι
1465 4543 1682 4615 γυναιξὶ
1718 4545 1793 4614 μὴ
1824 4543 2011 4606 οὔσαις

438 4644 548 4697 ἀπὸ
587 4642 700 4694 τῶν
738 4639 1073 4695 ἀνυπόπτων
1113 4639 1460 4713 συγγενικῶν
1510 4636 1839 4709 προσώπων,
1873 4637 2012 4704 ἀφο-

441 4734 704 4807 ρίζονται.

1072 4821 1311 4875 ΚΑΝΩΝ
1352 4820 1444 4888 τῖ’.

441 4937 466 4973 ε
520 4919 740 4988 Ἐπειδὴ
770 4916 919 4987 παρά
957 4918 1071 4980 τοῖς
1119 4916 1502 4978 ἀποστολικοῖς
1540 4915 1765 4970 κανόσιν
1795 4919 2013 4987 εἴρηται

515 5029 534 5060 ι
582 5009 692 5061 τῶν
736 5010 817 5072 είς
850 5006 1056 5078 κλῆρον
1089 5005 1521 5077 προσαγομένων
1557 5005 1789 5077 ἀγάμων
1816 5008 2014 5076 μόνους

515 5122 533 5154 ι
580 5098 935 5168 ἀναγνώστας
964 5098 1058 5151 καὶ
1077 5098 1288 5166 ψάλτας
1304 5098 1524 5165 γαμεῖν·
1550 5096 1640 5149 καὶ
1669 5099 1833 5167 ἡμεῖς
1854 5096 2015 5151 τοῦτο

505 5210 524 5243 ι
584 5188 1105 5260 παραφυλάττοντες
1131 5184 1392 5256 ὁρίζομεν
1423 5185 1533 5238 ἀπὸ
1569 5186 1666 5239 τοῦ
1700 5187 1796 5239 νῦν
1832 5188 2010 5258 μηδα-

512 5302 531 5337 ι
590 5283 707 5353 μῶς
757 5280 1111 5335 ὐποδιάκονον
1161 5278 1194 5348 ἦ
1241 5278 1490 5332 διάκονον
1547 5277 1579 5347 ἢ
1641 5278 2013 5349 πρεσϐύτερον

510 5396 529 5428 ι
590 5374 729 5443 μετὰ
768 5374 869 5445 τὴν
914 5373 1000 5426 ἐπ’
1049 5370 1197 5441 αὐτῷ
1248 5368 1588 5440 χειροτονίαν
1626 5367 1774 5437 ἔχειν
1830 5369 2014 5423 ἄδειαν

510 5486 530 5520 ι
579 5465 756 5536 ἑαυτῷ
773 5466 1026 5535 συνιστᾷν
1048 5463 1403 5516 συνοικέσιον.
1426 5460 1489 5514 Εἰ
1513 5460 1570 5512 δὲ
1586 5458 2014 5531 τοῦτοτολμήσοι

508 5580 526 5613 ι
585 5560 869 5629 πσιυῆσαι,
913 5555 1282 5626 καθαιρείσθω
1314 5552 1426 5625 (59)
1447 5568 1461 5582 ⁸
1489 5552 1537 5605 εί
1564 5551 1618 5603 δὲ
1652 5549 1899 5620 βούλοιτό
1929 5568 2014 5615 τις

2116 3264 2333 3319 quoque
2394 3250 2582 3318 primm
2626 3252 2817 3323 synodi
2868 3265 3079 3306 canone
3130 3253 3289 3308 tertio
3345 3253 3695 3321 deﬁniuntur,

2114 3340 2241 3395 vide
2269 3355 2387 3406 quas
2412 3341 2483 3394 ibi
2519 3340 2778 3396 diximus.

2114 3430 2344 3485 ARIST.
2388 3450 2407 3483 ι
2454 3430 2751 3486 Eunuchus
2777 3432 2941 3486 etiam
2981 3432 3242 3489 sacerdos
3290 3434 3562 3497 ancillam,
3611 3433 3696 3490 vel

2195 3542 2215 3575 ι
2261 3524 2444 3587 aliam,
2468 3524 2708 3593 exceptis
2734 3525 2820 3587 iis,
2854 3525 2907 3579 in
2934 3540 3069 3594 quas
3097 3527 3242 3580 nulla
3275 3526 3694 3596 caditsuspieio».

2191 3633 2211 3667 ε
2255 3616 2526 3684 personis,
2562 3631 2628 3669 ne
2659 3617 2957 3683 possideat.
2998 3636 3017 3669 ι

2186 3705 2444 3763 Sacratos
2492 3707 2826 3760 introductas
2866 3708 3068 3762 habere
3116 3708 3390 3773 mulieres,
3437 3711 3563 3766 licet
3599 3727 3695 3767 eu-

2115 3799 2276 3852 nuchi
2330 3798 2463 3861 sint,
2522 3810 2616 3852 aut
2661 3799 2953 3852 admodum
2994 3816 3175 3867 senes,
3215 3812 3268 3855 et
3312 3817 3551 3870 praesens
3597 3818 3692 3858 ea-

2114 3904 2244 3951 non,
2276 3900 2329 3942 et
2360 3888 2551 3945 Basilii
2602 3890 2783 3959 magni
2831 3892 2897 3943 ad
2941 3890 3274 3961 Gregorium
3312 3894 3690 3963 presbyterum

2113 3979 2338 4047 epistola
2376 3979 2646 4048 prohibet,
2681 3980 2783 4032 nisi
2820 3979 2959 4034 forte
2986 3981 3243 4034 mulieres
3292 3982 3400 4035 sint
3448 3999 3692 4049 persona:

2112 4078 2264 4123 extra
2287 4085 2503 4123 omnem
2527 4069 2852 4137 suspicienis
2877 4071 3047 4125 aleam
3072 4072 3279 4140 positae,
3308 4084 3434 4139 puta
3465 4086 3689 4133 matres.

2114 4176 2352 4227 sorores,
2404 4163 2603 4227 amitae,
2644 4170 2984 4225 materterae,
3016 4172 3069 4216 et
3105 4163 3368 4229 ejusmodi
3407 4165 3544 4218 aliae.
3588 4165 3692 4219 Eos

2114 4262 2316 4316 autem,
2342 4254 2430 4321 qui
2462 4252 2574 4307 haec
2602 4254 2817 4307 decreta
2845 4253 3225 4318 transilierint,
3251 4255 3449 4324 deponi
3475 4255 3686 4322 juhent.

2116 4344 2190 4398 De
2235 4345 2501 4398 eunuchis
2549 4354 2728 4398 autem
2760 4345 2880 4413 plus
2911 4343 3075 4399 etiam
3125 4345 3275 4398 addit
3324 4347 3411 4400 hic
3452 4363 3692 4415 praesens

2113 4452 2310 4500 canon,
2352 4438 2495 4504 quod
2524 4437 2648 4492 licet
2682 4436 2806 4491 laici
2828 4437 2958 4501 sint,
2991 4446 3045 4491 et
3068 4452 3172 4490 una
3195 4451 3317 4491 eum
3353 4440 3690 4500 mulieribus,

2046 4514 2087 4569 ί)
2118 4545 2239 4598 qua:
2268 4544 2373 4582 non
2401 4538 2611 4583 suntex
2634 4529 2879 4597 cognatis
2923 4528 3042 4582 istis
3071 4530 3319 4596 personis
3349 4544 3565 4584 omnem
3601 4545 3694 4583 su-

2119 4620 2419 4691 Spicionem
2458 4619 2863 4691 elfugieutibus,
2919 4620 3273 4686 eohabitent,
3316 4623 3697 4678 excommuni-

2121 4722 2335 4768 cantur.

2683 4805 2766 4860 CA
2780 4804 2918 4860 NON
2970 4803 3057 4860 Vl.

2126 4920 2144 4953 ‹
2192 4899 2459 4965 Quoniam
2494 4899 2548 4954 in
2605 4898 2919 4967 apostolicis
2964 4898 3264 4953 canonihus
3322 4900 3522 4953 dictum
3573 4907 3691 4960 est,

2198 5013 2217 5045 ι
2260 5007 2449 5049 eorum
2493 4991 2585 5062 qui
2621 5006 2727 5045 non
2754 4990 2914 5046 ducta
2941 5006 3110 5045 uxore
3149 4991 3202 5043 in
3233 4990 3437 5044 elerum
3479 5004 3694 5058 promo-

2201 5106 2219 5138 ι
2265 5094 2484 5151 ventur,
2513 5086 2659 5140 solos
2684 5085 2917 5139 lectores
2940 5093 2992 5139 et
3014 5093 3266 5137 cantores
3289 5097 3506 5135 uxorem
3537 5096 3695 5149 posse

2201 5198 2218 5229 ι
2265 5179 2462 5233 ducere
2490 5195 2502 5231 :
2533 5186 2585 5230 et
2627 5192 2723 5231 nos
2757 5177 2855 5230 hoc
2884 5183 3162 5229 servantes
3184 5215 3198 5234 ,
3240 5172 3604 5236 decernimus,
3638 5184 3696 5228 ut

2201 5290 2219 5323 ‹
2261 5270 2520 5338 deinceps
2563 5268 2692 5323 nulli
2744 5268 2956 5337 penitus
2989 5265 3362 5336 hypodiarono
3391 5304 3405 5326 ,
3450 5264 3531 5317 vel
3582 5267 3695 5321 dia-

2200 5383 2218 5415 ι
2265 5378 2427 5425 cono,
2480 5361 2561 5415 vel
2606 5359 2940 5429 presbytero,
2972 5367 3093 5428 post
3140 5356 3223 5411 sui
3269 5356 3693 5419 ordinationem,

2202 5474 2220 5506 ι
2268 5452 2579 5521 eonjuginm
2621 5450 2951 5504 contrahere
3004 5449 3184 5501 liceat.
3222 5446 3279 5500 Si
3324 5456 3501 5501 autem
3537 5448 3695 5502 fuerit

2203 5566 2222 5598 ι
2272 5547 2373 5600 hoc
2408 5559 2571 5598 ausus
2600 5542 2797 5605 facere,
2820 5540 3143 5607 deponatur.
3173 5537 3229 5593 Si
3253 5539 3376 5608 quis
3401 5548 3577 5592 autem
3602 5554 3694 5593 eo-

1634 5644 1836 5708 Guill.
1868 5644 2205 5724 Beveregii
2248 5647 2441 5704 noue.

515 5753 633 5823 (59)
672 5749 1097 5823 ΚαθαιρεΙσΟῳ.
1128 5746 1581 5823 llarmcnopulns
1601 5760 1827 5823 sensum
1855 5745 2021 5813 hujus

437 5814 672 5881 canonis
706 5814 945 5881 breviter
1004 5821 1082 5876 sic
1137 5814 1421 5890 exprimit,
1448 5815 1652 5887 ἱερεὺς,
1682 5814 1714 5885 ἧ
1747 5816 2017 5883 διάκονος,

2128 5746 2161 5815 ἦ
2195 5742 2553 5815 ὑπᾼοδιάκρνος
2584 5736 2723 5815 μετά
2768 5735 2866 5807 τὴν
2894 5733 3232 5815 χειροτονίαν
3262 5732 3692 5815 ﬂutat},scazon:7

2132 5803 2353 5884 ῥείσθω.
2409 5803 2668 5867 Sacerdos
2727 5803 2833 5862 aut
2877 5806 3161 5871 diaconus,-
3219 5814 3313 5858 aut
3340 5803 3691 5858 subdiaconus
