4110 6224
430 275 536 336 535

518 501 537 532 ι
581 482 915 536 matrimonii
953 485 1166 540 mulieri
1199 486 1477 556 conjungi,
1517 496 1805 557 antequam
1838 489 2006 559 hypo—

514 595 532 624 ι
581 575 840 630 diaconus
873 577 958 629 vel
995 577 1256 632 diaconus
1287 578 1370 632 vel
1399 578 1684 648 presbyter
1705 578 2004 645 ordinetur,

509 688 528 720 ι
575 668 677 724 hoc
708 669 887 722 faciat.
925 688 944 722 ι

501 756 697 811 BALS.
735 755 1033 812 Vicesimus
1075 768 1263 816 sextus
1304 749 1478 816 canon
1522 761 1852 830 apostolicus
1905 762 2000 815 de-

431 849 626 912 cernit,
671 857 728 902 ut
774 848 872 903 soli
906 849 1136 905 lectores
1173 861 1226 904 et
1263 862 1516 907 cantores
1543 853 1782 922 legitima
1817 854 2008 908 matri-

437 942 614 996 monia
676 942 1024 997 contrahant.
1085 943 1162 998 De
1211 945 1331 1000 aliis
1382 955 1563 999 autem
1602 945 1817 1000 clericis
1874 944 2008 998 nihil

435 1033 588 1088 dicit.
623 1034 688 1088 Et
722 1044 1009 1104 propterea
1042 1051 1228 1090 eorum
1267 1037 1568 1091 doctrinam
1607 1037 1778 1092 sancti
1820 1037 2010 1090 Patres

437 1136 833 1194 consequenter
879 1126 1254 1194 extendentes,
1292 1129 1378 1186 hic
1430 1130 1644 1199 quidem
1685 1129 1915 1184 lectores
1956 1135 2010 1182 et

435 1228 688 1274 cantores
719 1235 918 1276 uxores
970 1221 1166 1277 ducere
1218 1237 1378 1290 posse
1421 1223 1718 1277 decernunt
1750 1237 1764 1275 :
1803 1219 2006 1276 nullum

436 1319 614 1366 autem
651 1311 816 1366 alium
865 1322 1060 1380 praeter
1110 1314 1227 1378 Iros,
1262 1314 1377 1368 sive
1410 1314 1841 1384 bypodiaconum
1891 1313 2009 1368 sive

434 1401 722 1457 diaconum
756 1404 872 1458 sive
906 1405 1300 1474 presbyterum,
1340 1414 1464 1474 post
1498 1405 1894 1460 ordinationem
1935 1404 2012 1459 lc-

437 1496 679 1565 gitimam
741 1511 964 1549 uxorem
1035 1497 1328 1570 accipere,
1379 1498 1459 1551 vel
1517 1506 1736 1565 propter
1789 1497 2012 1550 canonis

439 1588 924 1656 transgress’onem
948 1589 1165 1660 deponi.
1194 1588 1473 1654 Quomodo
1500 1599 1678 1642 autem
1709 1587 1762 1642 bi
1788 1587 2009 1656 degunt,

438 1679 530 1746 qui
573 1679 970 1736 ordinationem
1034 1691 1287 1736 recusant
1340 1691 1395 1734 et
1449 1696 1648 1735 uxores
1699 1679 2008 1750 accipiunt,

440 1768 618 1823 disces
649 1785 711 1824 ex
747 1771 815 1825 79
867 1771 1205 1840 imperatoris
1243 1774 1440 1828 domini
1493 1773 1688 1828 Leonis
1744 1774 2015 1844 Sapientis

438 1857 684 1926 Novella,
721 1862 835 1918 inec
866 1863 1061 1930 partim
1087 1878 1346 1934 expresse
1363 1866 1595 1921 dicentis
1624 1880 1638 1918 :
1670 1866 1787 1920 Non
1821 1868 2016 1920 admit-

443 1960 616 2005 tentes
671 1968 798 2017 crgo
845 1954 946 2008 hac
987 1955 1038 2010 itt
1088 1971 1145 2009 re
1188 1964 1424 2011 veterem
1477 1957 1866 2026 legislaturem.
1921 1958 2015 2026 qui

441 2042 554 2096 vult
583 2046 956 2115 presbyterum
986 2047 1068 2101 vel
1113 2049 1402 2102 diaconum
1449 2048 1531 2102 vel
1577 2049 1968 2104 subdiaconum
1995 2090 2009 2115 ,

443 2146 564 2204 post
613 2137 695 2191 sui
751 2137 1146 2196 ordinationem
1197 2139 1349 2193 uxori
1402 2138 1780 2207 coniunctum,
1837 2155 1868 2196 a
1921 2141 2012 2196 tali

441 2231 664 2284 omnino
711 2231 902 2286 habitu
959 2233 1235 2298 recedere,
1275 2242 1328 2288 et
1365 2234 1625 2292 ad,vitam
1666 2233 1859 2288 laicam
1893 2248 2020 2287 cou-

443 2323 603 2388 verti,
631 2324 907 2379 decretum
935 2322 1274 2380 inlirmamus
1300 2341 1316 2378 :
1344 2326 1620 2380 sancimus
1661 2333 1842 2382 autem
1875 2325 2021 2380 sulli-

446 2415 676 2469 cientem
710 2416 776 2469 iis
809 2431 928 2470 esse
964 2430 1202 2485 penam,
1241 2416 1286 2472 si
1321 2417 1438 2473 solo
1475 2418 1665 2473 ordine
1709 2428 1932 2474 careant
1963 2421 2016 2473 in

442 2523 550 2577 quo
580 2518 702 2563 ante
739 2509 1142 2564 matrimonium
1168 2510 1623 2580 dignoscebanlur
1656 2526 1671 2564 :
1698 2511 1816 2566 Non
1840 2520 2018 2565 autem

444 2616 472 2653 a
515 2600 754 2656 clericali
797 2601 982 2656 ltabitu
1019 2612 1072 2656 et
1113 2601 1218 2656 alio
1267 2602 1320 2656 in
1374 2601 1623 2659 ecclesiis
1673 2603 1976 2658 ministerio
2003 2643 2016 2667 ,

443 2695 588 2764 quod
622 2703 841 2763 tangere
881 2709 987 2748 non
1017 2703 1099 2748 est
1134 2693 1380 2748 illicitum
1402 2733 1417 2757 ,
1447 2693 1669 2749 omnino
1703 2694 1860 2748 alieni
1901 2709 2024 2749 esse

447 2787 900 2844 condemnentur.
940 2788 1035 2840 Est
1074 2796 1255 2842 autem
1297 2786 1380 2840 lex
1420 2801 1539 2855 quae
1574 2787 1641 2840 ab
1673 2786 1774 2842 hac
1805 2785 2023 2842 Novella

448 2879 661 2933 sublata
689 2887 772 2933 est
797 2894 918 2948 cap.
953 2878 1022 2932 50
1051 2881 1137 2932 tit.
1165 2879 1224 2931 ll
1262 2878 1355 2930 lib.
1387 2893 1448 2932 nr
1501 2878 1718 2934 Basilic.
1746 2878 1892 2947 quod
1937 2888 2024 2934 est

447 2969 519 3023 27
551 2984 673 3039 cap.
706 2969 942 3025 Novellae
967 2969 1255 3024 Iustiniani
1285 2969 1374 3023 ‘25.

523 3239 776 3301 ZONAR.
807 3239 1115 3308 Apostolico
1150 3253 1355 3292 canone
1381 3238 1638 3292 vicesimo
1673 3247 1850 3303 sexto,
1875 3239 2027 3306 cujus

451 3335 558 3396 ltoc
590 3332 709 3387 loco
755 3331 942 3384 Patres
977 3331 1356 3384 auctoritatem
1391 3329 1563 3385 secuti
1594 3330 1874 3386 decretum
1925 3332 2029 3388 hoc

453 3425 694 3490 edidere,
714 3424 829 3479 lucc
852 3422 1037 3477 eadem
1063 3422 1355 3476 constituta
1389 3420 1648 3489 reperias.
1676 3419 1752 3473 Ne
1775 3420 2027 3490 cuiquam

459 3517 642 3588 igitur,
668 3517 936 3586 inquiunt,
966 3517 1051 3571 ubi
1079 3514 1245 3568 semel
1278 3513 1330 3566 in
1361 3513 1564 3567 clerum
1597 3521 1680 3566 est
1710 3519 2020 3580 coaptatus,

459 3621 659 3681 praeter
683 3627 777 3667 eos
811 3612 900 3680 qui
930 3611 1060 3667 solis
1085 3618 1370 3663 cantorum
1407 3617 1499 3662 aut
1524 3608 1792 3664 lectorum
1821 3609 2030 3664 ordini-

465 3707 569 3763 bus
597 3705 793 3760 initiati
823 3707 984 3769 sunt,
1023 3718 1244 3758 uxorem
1278 3711 1460 3770 postea
1498 3702 1692 3758 ducere
1723 3701 1831 3756 ullo
1879 3703 2036 3757 modo

462 3798 647 3854 liceat.
675 3796 1016 3868 Prcsbyteris
1059 3804 1258 3855 autem,
1295 3793 1542 3849 diaconis
1572 3803 1626 3849 et
1649 3794 2039 3864 bypodiaconis

462 3893 625 3948 etiam
659 3891 803 3948 nullo
823 3891 1012 3949 modo.
1045 3889 1116 3943 lis
1145 3887 1290 3942 enim
1324 3897 1449 3941 ante
1471 3886 1870 3943 ordinationem
1903 3901 2040 3941 uxo-

469 4001 555 4042 res
585 3986 783 4040 ducere
809 3982 1076 4054 permittit
1109 3996 1282 4036 canon
1304 4021 1319 4045 ,
1352 3989 1476 4049 post
1505 3979 1905 4034 ordinationem
1942 3993 2040 4032 au-

469 4089 576 4135 tem
606 4077 875 4132 abstinere
910 4075 1153 4135 mandat,
1181 4071 1262 4126 vel
1295 4073 1362 4125 ad
1394 4070 1800 4125 matrimonium
1833 4084 1894 4124 se
1915 4083 2046 4124 con-

471 4179 742 4226 vertentes
776 4168 998 4235 deponi.

535 4257 765 4313 ARIST.
806 4276 825 4310 ι
865 4257 967 4322 Qui
1016 4255 1320 4317 ordinatur,
1368 4253 1412 4306 si
1466 4250 1871 4305 matrimonium
1906 4263 2045 4304 cono

471 4370 491 4403 ι
528 4351 712 4410 trahit.
751 4347 1036 4416 deponitur
1069 4362 1083 4399 :
1140 4345 1184 4398 si
1215 4344 1359 4399 enim
1393 4343 1542 4406 velit,
1578 4349 1733 4396 antea
1770 4339 2049 4394 matrimo—

471 4462 490 4495 ι
534 4445 624 4497 nio
651 4441 902 4509 conjungi
935 4440 1109 4492 debet.
1151 4455 1172 4490 ι

539 4529 791 4583 Decimus
818 4526 1033 4593 quidem
1084 4523 1274 4591 synodi
1323 4521 1620 4592 Attcyranze
1669 4533 1842 4572 canon
1890 4520 2044 4587 jubet

471 4634 617 4684 cum,
652 4618 742 4687 qui
773 4615 1074 4686 presbyteri
1107 4623 1196 4666 aut
1227 4613 1440 4665 diaconi
1486 4613 1710 4682 gradum
1745 4621 1827 4670 est
1859 4627 2042 4665 susce-

471 4723 685 4781 pturus,
717 4719 770 4764 et
818 4723 940 4762 cum
974 4722 1094 4767 eum
1147 4705 1476 4773 susceperit,
1520 4713 1647 4758 ante
1700 4713 1926 4758 testatus
1963 4713 2044 4757 cst

473 4820 532 4861 se
559 4820 662 4860 non
696 4817 856 4873 posse
906 4801 1190 4868 innuptum
1226 4811 1463 4861 manere,
1497 4799 1590 4852 sed
1634 4795 1770 4850 velle
1823 4811 2040 4849 uxorem

473 4903 713 4961 ducere,
769 4899 931 4951 etiam
997 4903 1116 4963 post
1169 4893 1571 4948 ordinationem
1631 4890 2039 4944 matrimonium

476 4991 634 5055 inire,
670 5000 726 5044 et
772 4989 824 5043 in
871 4987 1091 5057 pr0prio
1142 4999 1359 5038 manere
1413 4981 1732 5036 ministerio.
1794 4980 2042 5035 Prtesei-s

1693 283 1965 343 THEOD.
2018 285 2417 348 BALQAMON

511 409 528 438 ‹
579 404 721 450 rum,
751 390 841 458 qui
885 391 1040 462 163
1082 392 1134 445 in
1166 393 1368 447 clerum
1395 395 1682 460 accedunt,
1724 397 1854 452 velit
1884 397 1998 465 lege
2034 403 2078 460 Α

2079 4387 2122 4442 D

3581 291 3686 355 δῖε

2195 419 2213 450 ‹
2267 401 2371 453 τῶν
2420 405 2498 464 εἰς
2548 402 2751 472 κλῆρον
2799 405 3216 474 προερχομένων
3281 404 3462 474 γάμου
3531 408 3684 476 νόμῳ

2186 516 2200 542 ι
2254 494 2620 547 συνάπτεσθαι
2651 495 2895 562 γυναικὶ,
2925 497 3032 565 πρὸ
3065 497 3161 565 τῆς
3187 496 3279 549 τοῦ
3321 497 3685 551 ὑποδιακόνου

2189 608 2204 636 ι
2259 587 2641 659 ἢδιακόνουῆ
2694 589 3070 658 πρεσϐυτέρου
3129 592 3468 660 χειροτονίας
3521 591 3686 645 τοῦτο

2187 699 2202 728 ι
2263 679 2574 748 πραττέτω.
2607 696 2626 729 ι

2183 769 2376 824 ΒΑΛΣ.
2446 769 2506 822 ⁸0
2567 767 2659 830 κς⁹
2737 770 3092 834 ἁποστολικὸς
3151 770 3336 826 κανὼν
3389 774 3687 846 διορίζεται

2113 862 2306 933 μόνους
2343 860 2696 929 ἀναγνώστας
2727 863 2819 915 καὶ
2855 862 3062 932 ψάλτας
3091 864 3356 934 νομίμους
3396 870 3690 923 συνάπτειν

2110 953 2344 1022 γάμους.
2375 953 2507 1020 Περὶ
2537 952 2592 1008 δὲ
2619 952 2727 1005 τῶν
2757 953 2932 1006 ἄλλων
2963 953 3241 1023 κληρικῶν
3267 955 3418 1010 οὐδέν
3447 958 3498 1010 τί
3527 975 3684 1028 φησι.

2111 1045 2221 1106 Καὶ
2258 1044 2344 1098 διὰ
2376 1045 2530 1098 τοῦτο
2561 1044 2920 1108 πλατύνοντες
2953 1045 3264 1109 ἀκολούθως
3288 1047 3460 1117 τούτῳ
3486 1048 3582 1120 τὴν
3613 1050 3694 1102 δι-

2111 1131 2425 1196 δασκαλίαν,
2449 1133 2497 1184 οἱ
2520 1133 2660 1200 ἇγιοι
2687 1133 2923 1203 Πατέρες
2953 1134 3276 1205 διορίζονται
3301 1137 3533 1190 ἐνταῦθα
3562 1140 3694 1193 ἀνα-

2112 1221 2356 1292 γνώστας
2382 1225 2479 1296 μὲν
2508 1225 2599 1278 καὶ
2622 1225 2828 1293 eam;
2852 1229 3048 1294 γαμεῖν
3069 1243 3084 1259 ·
3105 1227 3293 1296 ἕτερον
3319 1229 3376 1282 δέ
3397 1247 3518 1283 τινα
3541 1233 3693 1300 παρὰ

2111 1315 2356 1378 τούτους,
2397 1316 2566 1386 ἤγουν
2607 1317 2960 1371 ὑποδιάκοιον
2991 1319 3025 1388 ἢ
3057 1318 3302 1374 διάκονον
3332 1320 3692 1391 ῆπρεσϐύτε-

2117 1424 2229 1478 ρον,
2265 1407 2403 1477 μετὰ
2431 1407 2527 1478 τὴν
2548 1410 2884 1478 χειροτονίαν
2918 1410 2992 1480 μὴ
3015 1404 3314 1480 λαμϐάνειν
3341 1413 3572 1482 νόμιμον
3593 1431 3696 1482 γυο

2113 1499 2343 1569 ναῖκα,ἢ
2365 1500 2471 1568 μὴν
2493 1501 2555 1553 ἐκ
2577 1500 2925 1570 παραϐασίας
2940 1501 3033 1554 τοῦ
3052 1503 3274 1566 κανόνος
3291 1504 3692 1571 καθαιρεῖσθαι.

2119 1591 2305 1654 Ὅπως
2347 1591 2402 1643 δὲ
2437 1591 2716 1658 διάγουσιν
2749 1587 2894 1646 οὗτοι
2929 1591 3350 1662 παραιτούμενοι
3385 1593 3482 1664 τὴν
3515 1611 3698 1664 χειροο

2117 1679 2297 1734 τονίαν
2331 1680 2422 1734 καὶ
2459 1683 2720 1747 γυναῖκας
2752 1681 3123 1751 λαμϐάνοντες
3145 1723 3161 1747 ,
3202 1683 3422 1756 μαθήσῃ
3450 1685 3558 1739 ἀπὸ
3595 1690 3698 1756 τῆς

2119 1771 2193 1824 οθ¹
2236 1773 2437 1844 νεαρᾶς
2487 1772 2580 1825 τοῦ
2616 1772 2879 1842 βασιλέως
2914 1773 3081 1844 κυροῦ
3115 1774 3343 1836 Λέοντος
3369 1774 3463 1828 τοῦ
3495 1775 3696 1846 Σοφοῠ,

2117 1864 2383 1933 λεγούσης
2420 1865 2476 1916 ἐν
2513 1865 2667 1934 μέρει
2699 1864 2870 1918 ταῦτα
2903 1865 3085 1934 ῥητῶς
3109 1880 3123 1895 ο
3163 1866 3275 1918 Ούκ
3305 1865 3697 1936 ἀποδεχόμενοι

2119 1957 2210 2011 οὖν
2233 1959 2330 2032 τῆς
2360 1959 2733 2028 προαιρέσεως
2756 1959 2847 2011 τὸν
2879 1959 3108 2013 παλαιὸν
3138 1959 3455 2029 νομοθέτην,
3485 1959 3544 2023 ὃς
3571 1959 3698 2030 βού-

2119 2051 2269 2106 λεται
2315 2051 2682 2122 πρεσϐύτερον
2725 2053 2756 2122 ἢ
2797 2052 3042 2110 διάκονον
3083 2053 3114 2122 ἢ
3163 2052 3514 2108 ύποδιάκονον
3558 2055 3699 2122 μετά

2119 2144 2218 2213 τὴν
2268 2145 2354 2196 ἐπ’
2387 2143 2535 2211 αὐτῷ
2565 2141 2903 2213 χειροθεσίαν
2937 2142 3276 2211 συναφθέντα
3313 2143 3533 2210 γυναικὶ
3561 2159 3701 2195 παν-

2120 2237 2288 2302 τελῶς
2313 2239 2406 2289 τοῦ
2429 2235 2670 2289 τοιούτου
2696 2234 3083 2298 ὑπεξίστασθαι
3108 2234 3405 2303 σχήματος,
3441 2233 3534 2286 καὶ
3563 2232 3702 2300 πρὸς

2122 2331 2212 2382 τὸν
2274 2328 2461 2382 λαϊκον
2525 2326 2638 2398 βίον
2696 2326 3226 2396 ὲπαναστρέφεσθαι,
3283 2323 3595 2393 ἀκυροῦμεν
3640 2323 3702 2374 τὸ

2121 2423 2328 2490 δόγμαο
2365 2421 2692 2489 θεσπίζομεν
2746 2419 2800 2471 δὲ
2837 2420 2971 2488 μόνῃ
3003 2420 3067 2488 τῇ
3098 2418 3444 2485 ὑποχωρήσει
3479 2415 3578 2482 τῆς
3605 2415 3703 2466 τά·

2126 2515 2281 2577 ξεως,
2321 2511 2406 2581 ἐφ’
2517 2511 2622 2580 πρὸ
2658 2510 2750 2562 τοῦ
2783 2511 2966 2576 γάμου
3001 2507 3378 2577 ὲγνωρίζοντο,
3411 2506 3701 2574 ἀρκεῖσθαι

2124 2606 2221 2673 τὴν
2249 2597 2404 2672 δίκην
2432 2603 2632 2664 αὐτοῖς.
2664 2599 2769 2652 Τοῦ
2795 2600 2850 2654 δὲ
2880 2598 3143 2668 κληρικού
3177 2599 3454 2667 σχήματος
3480 2595 3574 2649 καὶ
3603 2595 3702 2664 τῆς

2126 2697 2292 2765 ἄλλης
2321 2696 2379 2747 ἐν
2409 2697 2529 2756 ταῖς
2559 2690 2875 2761 ἐκκλησίαις
2906 2689 3232 2759 ὑπηρεσίας,
3262 2683 3329 2757 ἧς
3359 2685 3702 2755 ἐφάπτεσθαι

2127 2793 2226 2844 οὐκ
2259 2790 2534 2858 ἀθέμιτον,
2573 2788 2648 2859 μὴ
2681 2786 2990 2839 παντάπασι
3025 2783 3122 2853 τὴν
3153 2781 3504 2849 ἀλλοτρίωσιν
3535 2792 3706 2851 κατα-

2126 2884 2464 2948 δικάζεσθαι.
2520 2881 2676 2933 Ἔστι
2719 2880 2798 2932 δὲ·
2823 2881 2850 2932 ὁ
2879 2877 3030 2946 παρὰ
3070 2876 3168 2944 τῆς
3197 2874 3452 2942 τοιαύτης
3499 2873 3700 2941 νεαρᾶς

2130 2975 2436 3046 ἀναιρεθεὶς
2475 2973 2638 3041 νόμος
2709 2987 2832 3038 κεφ.
2881 2967 2921 3020 λ’
2980 2967 3073 3020 τοῦ
3133 2973 3201 3020 ια’
3250 2967 3430 3019 τίτλου
3483 2965 3578 3019 τοῦ
3637 2969 3689 3031 γ’

2051 3060 2094 3116 C
2131 3066 2332 3137 βιϐλίου
2363 3064 2471 3116 τῶν
2505 3062 2826 3128 Βασιλικῶν,
2859 3056 3050 3127 κεφάλ.
3081 3055 3162 3119 κζ’
3200 3055 3301 3126 τῆς
3347 3061 3430 3123 κγ’
3489 3056 3708 3112 ’1ουστιο

2126 3161 2354 3216 νιανείου
2389 3156 2625 3225 Νεαρᾶς.

2199 3253 2440 3306 ΖΩΝΑΡ.
2500 3247 2561 3301 '0
2615 3244 2855 3302 εἰκοστὸς
2907 3242 3064 3300 ἕκτος
3113 3235 3472 3300 ἀποστολικὸς
3526 3235 3708 3291 κανὼν

2130 3343 2261 3414 περὶ
2290 3341 2480 3395 τούτου
2510 3334 2851 3406 θεσμοθετεῖ,
2879 3326 2923 3400 ᾧ
2946 3332 3202 3401 ἑπόμενοι
3231 3330 3323 3383 καὶ
3349 3329 3398 3381 oi
3424 3327 3526 3400 τῆς
3554 3327 3711 3380 συνό-

2130 3439 2224 3492 δου
2280 3434 2483 3502 ταύτης
2528 3430 2596 3482 τὰ
2642 3427 2782 3482 αὐτὰ
2829 3424 3226 3486 διατάττονται,
3275 3420 3382 3474 τῶν
3431 3419 3708 3491 κὶηρικῶν

2136 3531 2272 3601 μετὰ
2303 3527 2402 3596 τὴν
2439 3527 2516 3586 εἰς
2548 3521 2748 3589 κλῆρον
2794 3515 3106 3584 καταταγὴν
3136 3514 3330 3579 μόνους
3355 3511 3709 3579 ἀναγνώστας

2135 3597 2459 3687 inﬁgam;
2485 3611 2745 3682 νομίμους
2775 3607 2981 3674 γάμους
2999 3601 3386 3656 συναλλάσσειν
3410 3597 3706 3668 ὁρίζοντες,

2137 3711 2198 3764 ού
2233 3709 2415 3779 μέντοι
2445 3701 2852 3772 πρεσϐυτέρους
2886 3696 2917 3766 ἢ
2951 3692 3254 3754 διακόνους,
3291 3689 3410 3742 οὐδὲ
3439 3690 3547 3760 μὴν
3580 3688 3712 3740 ὑπο-

2137 3801 2438 3861 διακόνους.
2467 3794 2705 3854 Τούτους
2733 3791 2840 3858 γὰρ
2875 3787 2984 3857 πρὸ
3013 3786 3110 3853 τῆς
3140 3781 3470 3854 χειροτονίας
3501 3779 3706 3845 λαμϐά·

2141 3911 2252 3950 νειν
2286 3892 2547 3960 γυναῖκας
2589 3885 2806 3952 ἐφίησιν
2841 3883 2868 3933 ὁ
2901 3877 3105 3942 κανὼν,
3150 3875 3286 3948 μετὰ
3319 3873 3375 3926 δὲ
3405 3875 3502 3942 τὴν
3535 3887 3715 3942 χειρο-

2142 3984 2324 4039 τονίαν
2355 3978 2650 4049 σωφρονεῖν
2679 3973 2985 4035 ἐπιτάσσει,
3011 3969 3042 4037 ἢ
3076 3966 3210 4036 πρὸς
3239 3963 3414 4031 γάμον
3435 3963 3714 4018 ἐκκλίναν·

2143 4093 2241 4138 τας
2280 4066 2685 4139 καθαιρεῖσθαι.

2154 4277 2172 4308 ι
2213 4250 2430 4307 ΑΡΙΣΤ.
2488 4246 2548 4299 '0
2579 4237 2999 4314 χειροτονηθεὶς,
3022 4236 3070 4289 εί
3099 4233 3411 4299 ζεύγνυται,
3438 4227 3721 4297 καθαιρεῖ-

2261 4365 2280 4397 ι
2322 4358 2444 4396 ταιο
2476 4341 2526 4392 εἰ
2546 4335 2654 4407 γὰρ
2679 4331 2938 4404 βούλοιτο,
2964 4324 3364 4398 προζευχθῆναι
3389 4321 3612 4392 ὀφείλει.
3653 4338 3672 4372 ι

2229 4521 2286 4575 '0
2327 4519 2423 4590 μὲν
2465 4516 2689 4577 δέκατος
2741 4508 2918 4565 κανὼν
2959 4505 3155 4572 τῆςοὲν
3212 4499 3455 4570 Ἀγκύρῃ
3501 4497 3722 4590 συνόδου

2151 4589 2480 4684 προστάττει
2545 4607 2635 4660 τὸν
2705 4596 3281 4674 μέλλονταξγενέσθαι
3350 4589 3725 4661 πρεσϐύτερον

2148 4705 2474 4777 ἢδιάκονον,
2507 4701 2602 4752 καὶ
2641 4694 3194 4768 προμαρτυράμενον,
3238 4689 3294 4741 ὲν
3332 4687 3409 4757 τῷ
3445 4685 3724 4777 γίνεσθαι,

2281 4792 2544 4850 δύνασθαι
2597 4789 2780 4860 μένειν
2837 4789 3072 4852 ἀγαμον,
3117 4778 3474 4844 ἀλλὰμλαϐεῖν
3522 4775 3727 4828 ἐθέλειν

2148 4893 2380 4958 γυναῖκα
2401 4929 2415 4951 ,
2443 4887 2534 4940 καὶ
2581 4884 2718 4954 μετὰ
2743 4882 2840 4951 τὴν
2869 4881 3202 4950 χειροτονίαν
3249 4877 3328 4937 είς
3353 4873 3528 4942 γάμον
3557 4869 3685 4938 ἕργε
3703 4895 3729 4906 -

2152 4985 2298 5044 σθαι,
2331 4982 2422 5034 καὶ
2471 4984 2527 5032 ἐν
2554 4979 2620 5046 τῇ
2657 4975 2760 5028 ἰδία
2791 4972 2973 5042 μένειν
3013 4968 3322 5039 ὑπηρεσίᾳο
3354 4968 3382 5018 ὁ
3425 4963 3482 5016 δὲ
3537 4958 3728 5032 παρὼν

1671 5094 1862 5155 Guill.
1901 5096 2230 5175 Beveregii
2279 5101 2466 5156 noue.

481 5230 566 5294 qui
593 5239 704 5294 post
759 5229 1141 5282 ordinationem
1193 5238 1409 5294 uxorem
1465 5218 1674 5294 cluserit
1717 5218 2052 5294 deponatur.

483 5289 938 5352 Ubi'scltoliastes
967 5298 1032 5348 ad
1068 5299 1286 5346 verbum
1317 5289 1690 5359 καθαιρείσθω
1715 5289 1830 5359 inec
1863 5295 2012 5359 nptat
2033 5303 2051 5359 ⁵τ

487 5367 694 5432 Ἤγουν
723 5367 820 5433 τῆς
876 5369 970 5432 μὲν
1026 5363 1348 5433 ἱερωσύνης
1383 5355 1802 5433 μετακινείσθω·
1848 5355 1960 5433 τῆς-
2000 5356 2055 5433 δὲ

487 5425 651 5504 τιμίῆς
684 5425 980 5502 μετεχέτω,
1016 5425 1121 5504 καὶ,
1141 5435 1238 5500 τῆς
1258 5425 1549 5504 καθέδρας,
1581 5427 1892 5504 Πορνεύσαξ
1917 5427 1971 5478 δὲ
1999 5425 2032 5494 ἥ

493 5495 784 5572 μοιχεύσας
817 5495 1022 5572 ’τέλεον
1079 5495 1402 5565 ἐξωθείσθω,
1433 5495 1692 5572 ’καὶ-μείς
1751 5495 2046 5572 μ-ετάνριαν

491 5565 724 5638 ογὲσθω.
795 5571 950 5623 Ούτω
1013 5576 1120 5637 γὰρ
1152 5573 1208 5621 ἕν
1243 5589 1351 5623 τισι
1403 5569 1510 5621 τῶν
1559 5565 1842 5634 ἐξηγητῶν
1885 5565 2054 5638 εὖρητ

488 5633 600 5695 τάς.
636 5640 746 5693 Hoc
775 5652 872 5700 est,
925 5658 954 5692 α
1001 5633 1291 5691 sacerdotio
1339 5638 1543 5703 quidem
1595 5633 1914 5697 removelor;
1962 5633 2051 5686 sed

497 5712 710 5768 honoris
745 5719 914 5765 tamen
938 5708 1173 5777 sedisque
1197 5709 1452 5776 particeps
1477 5717 1602 5761 esto.
1640 5705 1741 5770 Qui
1768 5719 1882 5757 vero
1906 5718 2050 5756 scor-

2153 5221 2406 5274 tationem
2435 5216 2511 5270 vel
2539 5212 2863 5268 adulterium
2903 5204 3245 5282 commiserit.
3294 5214 3517 5282 prorsus
3558 5192 3731 5282 expert-

2156 5272 2298 5353 litor,
2333 5300 2379 5341 et
2404 5288 2471 5340 ad
2497 5282 2856 5353 paenitentiam
2891 5280 3140 5353 adigitur.
3165 5272 3278 5353 “Sic
3317 5272 3455 5323 enim
3500 5272 3554 5319 in
3585 5280 3734 5353 Lup:-

2334 5333 2772 5423 viritérjiretibitﬂ
2798 5333 3078 5423 inuenitur.
3163 5333 3729 5423 ίιιιτιηιιιιοιι,,ηιξρὶιζ

2835 5417 2978 5470 Sane
3013 5416 3127 5484 limo
3164 5414 3218 5466 in
3275 5401 3726 5484 interpretibusa

2158 5469 2458 5550 ιδἰξςτξε·
2480 5469 2915 5560 “anausim.
2950 5483 3312 5560 εηνεμιίιιιιιυτ
3341 5496 3365 5560 =.
3396 5469 3546 5560 ιιήείθ
3569 5469 3731 5560 $399:

2161 5538 2992 5629 Il'i‘a-sltetr-twis't't't-tln,"quicunque
3056 5554 3272 5607 demunt
3344 5545 3529 5610 fuerit,
3585 5538 3730 5593 alios

2154 5637 2364 5698 vidisse
2398 5635 2572 5705 palam
2605 5641 2711 5687 est.
