4110 6224
394 432 497 499 541

350 518 525 535 Ν

1450 437 1530 496 IN
1563 440 1736 502 CAN.
1774 442 1885 501 VII
1926 442 2132 509 CONC.
2172 446 2255 509 IN
2285 447 2605 509 TRULLO.

3545 458 3651 524 5l2

296 536 335 605 ς
392 528 520 604 τοὺς
555 526 826 607 τέσσαρας
861 526 1210 617 πατριάρχας
1237 538 1329 611 καί
1358 558 1511 607 τινας
1542 543 1951 619 μητροπολίτας

2079 552 2441 620 patriarchas;
2489 554 2626 607 sicut
2669 560 2721 607 ct
2750 553 2930 607 exteri
2964 553 3148 625 legati,
3177 557 3386 614 scilicet
3418 546 3652 617 Thessa-

407 622 548 684 Ἀλλ’
575 622 649 689 ὡς
679 626 827 679 ἔοικε
850 628 948 679 και
965 626 1130 691 ’ἀύτὺς
1158 628 1383 697 λεγάτος
1405 626 1474 700 ἦν
1490 630 1584 685 τοῦ
1612 622 1950 688 πάππᾶίκα

2076 642 2372 700 lonicensis
2423 645 2708 713 cpiscOpus
2754 656 2809 701 et
2856 644 3225 704 Heracleanus
3260 660 3313 706 et
3346 652 3462 706 alii.
3511 652 3652 708 Con-

396 721 488 775 διὰ
521 719 681 773 τοῦτο
712 719 852 789 μετὰ
878 720 1002 783 τοὺς
1030 722 1376 790 πατριάρχας
1405 722 1745 793 ὑπέγραψεν,
1778 723 1969 797 ὥσπερ

391 814 486 865 καὶ
516 815 564 863 oi
592 813 766 864 λοιποὶ
799 812 1041 879 λεγάτοι,
1082 813 1201 881 ἦτοι
1233 816 1259 866 ὁ
1290 813 1712 882 Θεσσαλονίκης,
1737 817 1765 867 ό
1804 813 1972 887 Ἦρα-

392 903 577 960 κλείας
604 904 700 953 καὶ
729 901 931 967 ἐτεροι.
966 902 1023 953 '0
1049 902 1105 954 δὲ
1129 903 1476 971 χαρτοςρύλαξ
1503 905 1594 973 τῆς
1627 908 1973 959 Κωνσταντι-

388 991 717 1054 νουπόλεως,
737 993 884 1053 ὅπως
904 992 1241 1062 προκάθηται
1262 992 1369 1046 τῶν
1389 996 1712 1066 ἀρχιερέων,
1729 997 1972 1061 διάκονος

387 1081 484 1147 ὢν,
514 1080 729 1149 εἴρηται
764 1082 820 1130 ἐν
863 1079 942 1148 τῷ
987 1086 1054 1149 ιη’
1103 1081 1289 1146 κανύν,
1325 1083 1422 1150 τῆς
1463 1086 1686 1155 πρώτης
1730 1087 1967 1141 συνόδου.

387 1170 704 1238 Σημείωσαι
744 1168 801 1222 δὲ
827 1170 918 1220 τὸν
945 1168 1145 1221 κανόνα
1173 1170 1399 1237 λέγοντα
1429 1173 1714 1241 κρείττονα
1739 1171 1879 1228 εἶναι
1902 1175 1972 1229 τὰ

386 1261 739 1329 πνευματικὰ
763 1260 1050 1330 ἀξιώματα
1075 1262 1183 1315 τῶν
1207 1264 1348 1315 κατὰ
1373 1265 1576 1331 κόσμον
1606 1266 1931 1333 ἀξιωμάτων
1949 1282 1968 1299 ο

383 1350 527 1421 πλὴν
561 1350 638 1419 μὴ
687 1351 921 1422 έλκύσῃς
961 1351 1151 1416 τοῦτο,
1191 1353 1266 1415 ὥς
1294 1371 1437 1416 τινες
1467 1351 1649 1419 εἷπον,
1684 1358 1845 1425 χάριν
1874 1358 1967 1411 τοῦ

385 1444 761 1514 προτιμᾶσθαι
797 1444 865 1495 τὰ
896 1442 1328 1513 ἐκκλησιαστικὰ
1357 1446 1646 1515 ἀξιώματα
1671 1451 1779 1501 τῶν
1811 1450 1969 1518 βασι-

380 1533 571 1585 λικῶν.
620 1533 989 1603 Ἐρμήνευσον
1013 1532 1170 1585 τοῦτο
1194 1538 1271 1596 είς
1310 1536 1437 1598 τοὺς
1468 1538 1969 1608 καταυθαειαζομέ-

378 1642 505 1686 νους
528 1626 691 1694 τυχὸν
722 1625 1111 1687 ὑποδιακόνους
1142 1626 1283 1679 κατὰ
1308 1628 1591 1695 διακόνων,
1628 1629 1659 1699 ἦ
1688 1631 1969 1695 διακόνους

383 1716 529 1770 κατὰ
565 1716 989 1785 πρεσϐυτέρωνο
1017 1718 1112 1770 καὶ
1149 1718 1271 1770 εἰπὲ
1304 1718 1388 1772 ὅτι
1409 1758 1423 1783 ,
1453 1722 1501 1773 εί
1539 1722 1595 1773 ὲν
1626 1724 1737 1785 τοῖς
1766 1740 1966 1791 κοσμι-

376 1808 495 1869 κοϊς
531 1804 840 1873 ἀξιώμασιν
870 1806 971 1859 οὐκ
1005 1807 1184 1872 ἔξεστι
1213 1808 1291 1880 τῷ
1319 1811 1505 1880 ἥττονι
1532 1810 1659 1881 ἀξίᾳ
1687 1813 1800 1864 ὄντι
1831 1831 1965 1883 προ-

2076 736 2601 805 stantinopolitanns
2653 746 2831 791 autem
2888 738 3314 810 chartopbylax,
3382 745 3652 813 quomodo

2076 841 2198 879 cum
2230 826 2302 879 sit
2330 825 2611 889 diaconus,
2657 837 2781 881 ante
2814 829 3081 883 antistites
3131 833 3301 896 sedet,
3346 832 3398 885 in
3451 834 3640 901 prima!

2077 915 2267 985 synodi
2300 915 2366 967 18
2395 930 2515 968 can.
2561 916 2760 970 dictum
2792 928 2889 971 est.
2931 916 3060 970 Nota
3095 926 3270 972 autem
3305 928 3359 973 et
3387 936 3648 975 canonem

2073 1006 2165 1075 qui
2193 1005 2348 1066 dicit,
2377 1006 2683 1075 spirituales
2726 1008 3017 1076 dignitates
3061 1024 3182 1064 esse
3236 1014 3643 1077 praestantiores

2074 1100 2424 1155 smcularihns
2452 1101 2823 1169 dignitatibus.
2856 1101 2960 1154 Sed
2992 1118 3056 1154 ne
3086 1103 3186 1155 hoc
3213 1117 3278 1157 eo
3304 1106 3558 1169 traxeris,
3586 1115 3647 1160 ut

2073 1188 2323 1243 nonnulli
2363 1188 2637 1249 dicebant,
2669 1190 2735 1241 ad
2768 1190 3165 1246 ecclesiasticas
3208 1193 3496 1261 dignitates
3548 1197 3618 1250 im

2072 1281 2359 1349 peratoriis
2397 1280 2785 1349 prtefcrendas.
2814 1280 3175 1350 Interpretare
3202 1293 3382 1337 autem
3418 1287 3520 1340 hoc
3549 1288 3641 1341 ad-

2072 1383 2262 1422 versus
2288 1367 2718 1439 hypodiaconos,
2753 1371 2840 1438 qni
2881 1370 3113 1425 fortasse
3146 1376 3377 1441 superbe
3400 1387 3454 1430 et
3492 1376 3642 1432 inso-

2070 1457 2245 1512 lenter
2267 1474 2326 1514 se
2368 1469 2563 1528 gerunt
2600 1460 2861 1517 adversus
2918 1463 3200 1531 diaconos,
3246 1466 3332 1519 vel
3386 1468 3643 1524 diaconos

2069 1549 2159 1619 qui
2206 1550 2465 1605 adversus
2512 1550 2852 1623 presbyteros
2885 1570 2899 1608 :
2936 1562 2991 1607 et
3019 1554 3107 1607 die
3134 1594 3149 1616 ,
3186 1556 3326 1621 quod
3362 1558 3405 1611 si
3446 1559 3497 1612 in
3531 1576 3636 1614 sac-

2070 1637 2343 1693 cularibus
2377 1640 2727 1708 dignitatibus
2755 1657 2861 1695 non
2897 1641 3020 1695 licet
3049 1642 3121 1706 ei,
3151 1645 3244 1712 qui
3292 1654 3373 1698 est
3411 1648 3637 1702 minoris

2069 1728 2365 1797 dignitatis,
2400 1731 2691 1798 prarsidere
2722 1732 2803 1784 vel
2833 1732 3078 1801 praeferri
3109 1733 3181 1795 ei,
3218 1735 3413 1803 quiest
3438 1740 3640 1805 majore

2068 1819 2333 1888 dignitate
2363 1822 2686 1886 honoratus,
2725 1822 2895 1876 multo
2925 1821 3096 1892 magis
3132 1838 3236 1877 non
3267 1824 3390 1879 licet
3420 1827 3519 1880 hoc
3556 1828 3635 1881 fa-

375 1898 651 1968 καθῆσθαι
701 1898 732 1966 ἢ
777 1898 1149 1967 προτιμᾶσθαι
1199 1900 1294 1953 τοῦ
1338 1900 1547 1971 μείζονι
1592 1906 1951 1973 τετιμημένου

2060 1925 2184 1966 cere
2206 1911 2272 1964 iis
2302 1910 2393 1981 qui
2418 1920 2543 1965 sunt
2563 1911 2944 1967 ecclesiasticis
2965 1912 3320 1982 dignitatibus
3352 1916 3509 1985 165
3539 1918 3634 1972 bo-

372 1989 669 2058 ἀξιὼματι,
704 1989 885 2059 πολλῷ
915 1990 1075 2043 πλέον
1106 1991 1207 2044 οὐκ
1238 1991 1418 2056 ἔξεστι
1449 1992 1606 2045 τοῦτο
1634 1998 1807 2047 ποιεῖν
1836 1999 1957 2060 ταῖς

373 2080 857 2149 ἐκκλησιαστικαῖς
874 2079 1054 2145 ἀξίαις
1078 2083 1481 2153 τετιμημένοις,
1507 2082 1573 2147 ἃς
1595 2086 1688 2136 καὶ
1714 2103 1960 2154 πνευμα-

372 2170 535 2230 τικὰς
584 2169 837 2236 ἐκάλεσε,
866 2172 957 2223 καὶ
1000 2172 1337 2241 χρεωστοῦσι
1387 2174 1569 2226 πᾶσαν
1601 2175 1859 2241 εὐταξίαν
1894 2178 1958 2229 ἐκ

371 2261 470 2313 τοῦ
500 2263 917 2331 ἐπαγγέλματος
947 2262 1145 2318 αὐτῶν.
1174 2263 1490 2332 Σημεέωσαι
1518 2260 1611 2317 οὖν
1637 2266 1728 2318 τὸν
1758 2267 1958 2321 κανόνα

370 2351 711 2423 ὀνομάζοντα
740 2354 869 2421 περὶ
892 2354 953 2404 τὸ
980 2351 1131 2415 τέλος
1156 2354 1282 2416 τοὺς
1306 2354 1793 2422 ἐκκλησιαστικοὺς
1825 2356 1954 2425 βαθ-

377 2444 516 2513 μοὺς
567 2444 874 2513 ἀξιώματα.
916 2444 1182 2506 Πολλάκις
1230 2444 1336 2515 γάρ
1372 2448 1452 2509 εἰς
1499 2451 1560 2501 τὸ
1602 2451 1955 2523 δικαστήριον

373 2532 531 2589 εἶπόν
580 2552 725 2598 τινες
775 2536 910 2605 μήτε
962 2535 1090 2599 τοὺς
1149 2536 1640 2607 ἐκκλησιαστικοὺς
1686 2542 1954 2612 ἄρχοντας

374 2628 514 2698 μήτε
548 2628 675 2690 τοὺς
709 2628 1111 2697 μητροπολίτας
1141 2628 1200 2679 ἐν
1228 2628 1601 2698 ἀξιωματικοῦ
1632 2637 1799 2705 μοίρᾳ
1826 2651 1953 2687 συν-

370 2719 683 2783 τάττεσθαι,
745 2721 840 2772 καὶ
890 2721 978 2772 διὰ
1028 2719 1186 2775 τοῦτο
1239 2722 1373 2791 μηδὲ
1410 2724 1633 2776 δυνατὸν
1677 2720 1819 2779 εἶναι
1861 2726 1952 2779 τὸν

372 2811 561 2881 στίχον
608 2811 703 2863 τοῦ
738 2812 1195 2881 ἐκκλησιαστικοῦ
1241 2813 1679 2867 κουϐουκλεισίου
1709 2817 1826 2886 ἦτοι
1856 2818 1951 2871 τοῦ

370 2904 710 2969 ἐπισκόπου,
742 2904 879 2959 ἀλλὰ
912 2905 1189 2962 ταπεινόν.
1235 2906 1389 2975 Ἐμοὶ
1415 2906 1472 2960 δέ
1503 2906 1661 2961 τοῦτο
1688 2907 1748 2961 ού
1780 2908 1949 2966 δοκεῖ.

367 2996 482 3050 Καὶ
508 2996 783 3070 ἀνάγνωθι,
802 2997 863 3049 τὸ
895 3004 943 3050 α’
976 2998 1270 3067 κεφάλαιον
1298 2998 1392 3050 τοῦ
1408 3005 1459 3067 η’
1485 2998 1664 3051 τίτλου
1690 2999 1783 3051 τοῦ
1809 3017 1917 3070 παρ
1936 3031 1948 3039 ο

367 3091 526 3151 ὄντος
582 3090 992 3158 συντάγματος,
1068 3091 1164 3143 καὶ
1208 3089 1271 3142 τὸ
1331 3090 1510 3142 ἐκεῖσε
1564 3092 1953 3160 καταστρωθὲν

2056 2003 2251 2069 norati,
2273 2016 2407 2072 quas
2433 2003 2593 2057 etiam
2616 2004 2923 2073 spirituales
2951 2004 3269 2074 appellavit;
3301 2009 3391 2076 qui
3421 2008 3635 2076 quidem

2054 2107 2123 2146 ex
2154 2108 2249 2146 sua
2274 2093 2605 2160 professione
2637 2094 2833 2149 debent
2866 2108 3085 2147 onmem
3135 2094 3335 2149 bonum
3390 2100 3635 2154 ordinem

2055 2185 2367 2239 observare.
2400 2182 2534 2237 Nota
2565 2198 2693 2252 ergo
2722 2199 3011 2249 canOnem,
3044 2191 3133 2256 qui
3163 2190 3308 2245 circa
3340 2189 3499 2244 linem
3537 2207 3636 2245 no-

2059 2276 2229 2330 minat
2287 2275 2688 2332 ecclesiasticos
2742 2278 2942 2346 gradus
2987 2282 3297 2353 dignitates.
3361 2283 3624 2338 Nonnulli

2054 2366 2195 2419 enim
2229 2380 2370 2435 saepe
2398 2367 2450 2419 in
2478 2367 2686 2435 judicio
2712 2371 2914 2437 dixere,
2944 2389 3043 2429 nec
3072 2376 3470 2431 ecclesiasticos
3498 2393 3631 2448 przco

2053 2455 2245 2520 rectos,
2280 2471 2384 2510 nec
2415 2459 2861 2528 metropolitanos
2883 2463 3023 2517 inter
3045 2466 3335 2535 dignitates
3358 2468 3632 2535 collocari,

2052 2554 2106 2599 et
2137 2554 2419 2615 propterea
2479 2562 2579 2600 nec
2625 2558 2898 2616 potentem
2946 2556 3161 2623 quidem
3203 2572 3327 2611 esse
3362 2558 3632 2612 ecclesia-

2052 2638 2176 2692 stici
2223 2639 2539 2694 cubicularii
2588 2641 2669 2696 vel
2714 2644 2950 2713 episcopi
2999 2648 3267 2715 ordinem,
3307 2651 3400 2704 sed
3438 2651 3621 2704 vilem.

2054 2727 2170 2783 Hoc
2196 2738 2373 2785 autem
2411 2732 2542 2786 mihi
2578 2733 2648 2786 ita
2681 2748 2800 2789 esse
2832 2752 2939 2791 non
2989 2739 3221 2795 videtur.
3258 2742 3320 2795 Et
3370 2742 3485 2811 lege
3518 2743 3613 2810 pri-

2055 2835 2202 2875 mum
2239 2834 2362 2892 cap.
2387 2819 2420 2877 8
2474 2824 2558 2877 tit.
2604 2829 2888 2894 praesentis
2933 2831 3133 2899 operis,
3162 2841 3218 2885 et
3252 2833 3360 2887 illic
3396 2834 3626 2902 positunt

2054 2912 2380 2980 scriptisque
2416 2913 2730 2969 mandatum
2778 2919 2964 2985 sancti:
3010 2920 3350 2975 Constantini
3404 2923 3580 2994 Magni

2056 3002 2149 3069 qui
2183 3009 2268 3055 est
2302 3001 2559 3069 apostolis
2586 3004 2836 3072 aequalis.
2867 3008 3171 3073 decretum,
3199 3018 3256 3064 et
3288 3021 3625 3066 commenta.

2057 3092 2196 3145 rium
2231 3092 2300 3146 56
2329 3106 2450 3159 cap.
2480 3092 2637 3157 primi
2673 3095 2753 3146 tit.
2791 3097 3072 3163 praesentis
3100 3100 3301 3168 operis.

366 3180 644 3246 ἔγγραφον
670 3177 944 3246 θέσπισμα
977 3177 1071 3231 τοῦ
1122 3178 1473 3231 ίσαποστόλου
1503 3179 1661 3247 ἁγίου
1703 3182 1938 3249 μεγάλου
1978 3182 2414 3246 Κωνσταντίνου,
2443 3182 2622 3235 καὶτὸ
2649 3184 2858 3253 σχόλιον
2885 3186 2976 3238 τοῦ
3028 3185 3118 3250 λς’
3178 3189 3471 3257 κεφαλαίου
3529 3193 3632 3249 τοῦ

366 3277 418 3324 α’
441 3272 621 3325 τίτλου
651 3270 745 3323 τοῦ
779 3269 1044 3339 παρόντος
1074 3271 1479 3341 συντάγματος.

436 3363 682 3416 ΖΩΝΑΡ.
728 3362 787 3414 '0
818 3360 1288 3423 ὀκτωκαιδέκατος
1321 3360 1500 3413 κανὼν
1528 3361 1629 3431 τῆς
1657 3363 1714 3415 ἐν
1741 3361 1943 3432 Νικαέᾳ

2122 3358 2378 3417 ZONAR.
2410 3359 2489 3416 Ne
2533 3362 2770 3416 medium
2802 3362 2855 3415 in
2898 3374 3335 3435 presbyterorum
3368 3382 3625 3424 consessu

364 3453 595 3524 πρώτης
645 3450 866 3503 συνόδου
913 3449 986 3518 μὴ
1033 3450 1091 3501 ἐν
1140 3449 1289 3518 μέσῳ
1340 3450 1731 3518 πρεσϐυτέρων
1780 3448 1949 3517 καθῆ-

367 3548 491 3599 σθαι
534 3545 664 3606 τοὺς
705 3541 989 3603 διακόνους
1037 3540 1287 3605 κελεύει,
1338 3541 1465 3602 τοὺς
1519 3540 1574 3593 δὲ
1617 3541 1691 3610 μὴ
1724 3540 1951 3609 πειθαρ-

365 3638 596 3707 χοῦντες
632 3632 905 3686 παύεσθαι
950 3633 1051 3700 τῆς
1096 3631 1393 3693 διακονίας.
1454 3630 1512 3683 Ὀ
1539 3631 1595 3683 δὲ
1629 3632 1821 3702 παρὼν
1852 3647 1951 3682 κα-

366 3727 474 3781 νὼν
509 3729 623 3785 τοῖς
675 3723 921 3784 αὐθαδῶς
960 3723 1067 3792 πρὸ
1100 3722 1210 3775 τῶν
1253 3721 1643 3792 πρεσδυτέρων
1677 3721 1949 3789 καθῆσθαι

364 3817 811 3885 ἅναιδευομένοις
841 3816 944 3867 οὐκ
975 3814 1251 3868 ἔκπτωσιν
1280 3814 1383 3883 τῆς
1433 3813 1709 3877 διακονίας
1749 3815 1826 3876 είς
1860 3812 1951 3866 κό·

363 3910 525 3962 λασιν
566 3907 666 3975 τῆς
715 3904 1005 3966 αὐθαδείας
1037 3904 1257 3970 ἐπάγει,
1297 3904 1433 3957 ἀλλὰ
1464 3904 1843 3970 ύποϐιὸασμὸν
1883 3905 1975 3956 ἐκ’

360 3999 460 4054 τοῦ
495 3998 702 4052 οἰκείου
748 3994 979 4067 βαθμοῦ.
1006 3996 1069 4048 El
1113 3994 1211 4064 γὰρ
1242 3994 1403 4064 τυχὸν
1431 3994 1538 4047 τῶν
1566 3994 1741 4049 ἄλλων
1767 3995 1947 4048 διακό-

362 4108 471 4144 νων
507 4087 992 4159 προδαθμιώτερος
1027 4083 1095 4157 ἦν
1131 4089 1159 4139 ό
1185 4085 1670 4156 ἁναιδευσάμενος,
1705 4087 1799 4138 καὶ
1841 4085 1946 4155 πρὸ

358 4182 474 4235 τῶν
518 4180 909 4251 πρεσσυτέρων
956 4180 1211 4243 καθίσας,
1246 4176 1707 4248 κατενεχθήσεται
1740 4179 1816 4239 είς
1844 4177 1946 4231 ’τὸν

359 4271 594 4341 ἔσχατον
617 4271 805 4330 τόπον,
837 4269 933 4321 καὶ
966 4268 1120 4321 ἔσται
1151 4268 1369 4321 πάντων
1404 4266 1763 4337 ὑποσάθμιος.
1795 4268 1855 4319 Εἰ
1887 4266 1944 4319 δὲ

358 4364 471 4417 ὑπὸ
492 4362 587 4415 τοῦ
617 4362 822 4414 οίκείου
859 4360 1202 4430 πατριάρχου
1235 4359 1267 4430 ἢ
1313 4359 1717 4429 μητροπολίτου
1749 4359 1807 4412 ἐν
1837 4375 1944 4412 τινι

358 4453 516 4506 πόλει
562 4453 754 4521 σταλῇ,
796 4454 872 4514 ὠς
902 4453 992 4505 τὸν
1036 4452 1200 4504 τόπον
1252 4450 1461 4504 ἐκείνου
1511 4449 1940 4521 άναπληρώσων,

355 4545 484 4597 τότε
517 4543 593 4607 ὡς
624 4544 789 4604 αὐτὸς
818 4546 844 4595 ό
875 4542 1091 4605 στείλας
1129 4543 1289 4595 αὑτὸν
1321 4543 1709 4613 λογισθήσεται
1741 4544 1833 4595 καὶ
1864 4559 1945 4594 τι-

361 4636 694 4707 μηθήσεται.
730 4634 860 4697 Πῶς
891 4633 983 4687 οὖν
1013 4635 1041 4687 ό
1066 4634 1163 4703 μὲν
1190 4634 1299 4686 τῶν
1328 4635 1569 4687 κανόνων
1590 4633 1678 4685 τὸν
1706 4636 1764 4686 ἐν
1792 4634 1943 4701 μέσῳ

358 4727 752 4798 πρεσϐυτέρων
798 4726 1099 4779 καθίσαντα
1138 4724 1437 4796 βαρύτερον
1469 4725 1715 4789 κολάζει,
1748 4727 1940 4779 παύων

355 4818 527 4872 αὐτὸν
569 4818 668 4886 τῆς
720 4817 1018 4878 διακονίας,
1068 4810 1225 4877 οὗτος
1262 4815 1318 4867 δὲ
1371 4815 1712 4884 κουφοτέραν
1746 4815 1942 4883 ἐπάγει

350 4912 459 4978 τὴν
488 4909 763 4979 τιμωρίαν
794 4909 869 4978 τῷ
910 4906 1300 4978 προκαθίσαντι
1334 4906 1736 4975 πρεσϐυτέρου,
1769 4921 1942 4959 καταο

352 5001 603 5065 ϐιϐάζων
651 5001 811 5052 αὑτὸν
858 5000 937 5062 είς
980 4998 1069 5049 τὸν
1122 4999 1350 5067 ἔσχατον
1387 4997 1551 5049 τόπον
1590 4996 1684 5050 τοῦ
1736 4996 1939 5050 οἰκείου

354 5093 604 5165 βαθμοῦ;
644 5093 811 5145 Φασὶν
850 5086 942 5144 οὖν
986 5082 1127 5143 ὅτιὸ
1164 5089 1268 5159 μέν
1314 5090 1411 5158 τῆς
1454 5088 1682 5159 πρώτης
1720 5090 1937 5143 συνόδου

354 5188 537 5240 κανὼν
572 5184 700 5253 περὶ
720 5183 829 5235 τῶν
864 5183 921 5234 ἐν
954 5181 1158 5251 βήματι
1188 5181 1247 5233 ὲν
1277 5180 1591 5251 ἱερουργίας
1626 5179 1803 5249 καιρῴ
1834 5195 1935 5232 κα-

354 5278 667 5347 θεζομένων
714 5277 771 5327 ἐν
802 5276 949 5345 μέσῳ
987 5273 1380 5343 πρεσύυτέρων
1410 5274 1593 5342 φησὶν,
1634 5272 1721 5325 ὅτε
1749 5272 1934 5325 διακο-

354 5375 465 5421 νεῖν
502 5367 707 5435 μᾶλλον
753 5364 848 5416 καὶ
900 5364 1197 5432 ὑπηρετεῖν
1236 5364 1348 5422 τοῖς
1389 5360 1625 5431 ἱερεῦσιν
1659 5362 1930 5429 ὀφείλουσι

353 5460 449 5512 καὶ
481 5456 825 5527 παρεστάναι
876 5456 1094 5517 αὐτοῖς⁸
1140 5457 1166 5506 ό
1198 5454 1255 5507 δὲ
1307 5453 1407 5522 τῆς
1453 5454 1671 5506 συνόδου
1725 5454 1931 5521 ταύτης

352 5548 481 5616 περὶ
510 5548 619 5601 τῶν
654 5548 809 5609 ἐκτὸς
842 5546 1085 5615 βήματος
1116 5544 1172 5595 ἐν
1198 5543 1433 5613 τυλοᾶσῃ
1458 5544 1697 5614 καθέδρᾳ
1721 5561 1929 5614 προκα-

352 5640 623 5694 θισάντων
686 5638 1101 5706 πρεσϐυτέρων.
1163 5635 1447 5703 Πανταχοῦ
1512 5636 1611 5704 μὲν
1655 5638 1763 5704 γάρ
1818 5640 1927 5698 τοῖς

351 5730 594 5799 ἱερεῦσιν
621 5732 671 5781 οἱ
711 5728 949 5781 διάκονοι
992 5724 1323 5795 χρεωστοῦσι
1367 5726 1553 5793 τιμὴν,
1605 5726 1841 5795 μάλιστα
1869 5728 1925 5779 δὲ,

346 5820 408 5873 ἐν
444 5819 748 5892 ἱερουργίᾳ.
783 5816 1044 5887 Ὀφφίκια
1071 5816 1127 5869 δὲ
1164 5815 1597 5885 ἑκκλησιαστικὸ.
1629 5816 1696 5870 τὰ
1724 5818 1921 5888 ἀρχονο

2051 3451 2228 3505 locum
2261 3452 2475 3506 diaconi
2500 3463 2791 3523 occupent,
2829 3454 2894 3508 i8
2926 3458 3115 3523 prima:
3149 3459 3200 3510 in
3228 3456 3403 3513 Nicaea
3431 3462 3622 3528 synodi

2049 3554 2257 3595 canone
2282 3542 2626 3595 interdictum
2655 3554 2757 3607 cst,
2779 3555 3234 3615 contumacesque
3261 3563 3289 3601 a
3320 3550 3623 3604 ministerio

2052 3631 2226 3685 arceri
2283 3633 2469 3687 eadem
2534 3634 2929 3690 constitutione
2979 3636 3283 3694 decretum.
3343 3638 3441 3693 Hic
3497 3656 3625 3696 vero

2049 3737 2248 3785 canon.
2276 3724 2369 3793 qui
2409 3725 2780 3781 honestiorem
2827 3727 3049 3781 sedendi
3103 3728 3277 3785 locum
3327 3734 3621 3801 impudenti

2050 3816 2359 3870 temeritate
2390 3817 2771 3871 sacerdotibus
2804 3819 3172 3888 praeripuerit,
3209 3838 3333 3876 enm
3382 3826 3432 3876 in
3465 3838 3623 3879 arro-

2049 3906 2245 3976 gantiae
2268 3921 2378 3960 sum
2408 3922 2619 3975 poenam
2648 3923 2754 3964 non
2785 3925 2811 3962 a
2838 3912 3135 3966 ministerio
3160 3914 3378 3979 quidem
3414 3916 3621 3983 repelli,

2049 3996 2143 4049 sed
2177 3995 2242 4048 de
2272 4010 2371 4050 suo
2396 3997 2562 4066 gradu
2607 3997 2886 4051 deturbari
2915 3998 3089 4068 jubet.
3143 3998 3377 4052 Proinde
3423 4001 3469 4054 si
3509 4000 3622 4069 pri-

2047 4099 2196 4138 mum
2247 4084 2389 4140 forte
2441 4086 2618 4140 locum
2670 4088 2812 4141 inter
2852 4088 3112 4141 diaconos
3154 4089 3484 4152 obtinuerat,
3529 4090 3620 4158 qui

2047 4178 2184 4231 adeo
2209 4177 2547 4245 impudenter
2570 4193 2630 4232 se
2658 4178 2797 4247 gerit
2820 4186 2875 4232 et
2903 4186 3029 4231 ante
3054 4179 3404 4249 pre~bytcros
3441 4181 3618 4244 sedet,

2048 4268 2101 4322 in
2144 4278 2480 4336 postremum
2530 4269 2868 4332 detrudetur,
2907 4268 3220 4335 honoreque
3259 4270 3472 4324 castoris
3501 4287 3623 4324 om-

2048 4357 2209 4411 nibus
2236 4356 2461 4411 inferior
2494 4357 2801 4413 habebitur.
2831 4358 2887 4412 Si
2915 4373 3074 4428 quem
3104 4370 3281 4413 tamen
3308 4360 3617 4426 diaconum,

2044 4448 2289 4503 muneris
2319 4446 2402 4503 sui
2432 4450 2719 4513 vicarium,
2750 4449 2802 4504 in
2828 4451 3015 4505 urbem
3046 4451 3282 4520 aliquam
3314 4453 3618 4520 patriarcha

2041 4539 2126 4593 vel
2148 4540 2595 4608 metropolitanus
2614 4543 3135 4607 destinarit,debitos
3159 4543 3285 4612 ipsis
3308 4543 3626 4612 praesulibus

2046 4630 2280 4685 honores
2314 4632 2493 4700 legato
2520 4631 2744 4698 deferri,
2776 4634 3077 4703 eodemque
3100 4648 3206 4701 quo
3241 4633 3331 4687 ille
3374 4633 3493 4688 loco
3529 4635 3624 4688 ha-

1976 4693 2019 4749 D
2046 4722 2163 4776 beri
2217 4693 2415 4791 placel.
2458 4723 2575 4778 Sed
2629 4693 2750 4778 cum
2796 4693 3250 4788 altero-canone,
3290 4726 3380 4794 qui
3415 4726 3625 4779 medius

2046 4813 2190 4866 inter
2212 4814 2563 4885 presbyteros
2587 4816 2913 4880 consederit,
2943 4814 3016 4869 illi
3049 4816 3374 4871 cessationis
3400 4830 3427 4867 a
3458 4815 3622 4869 mini-

2046 4903 2214 4957 sterio
2241 4918 2399 4971 paena
2423 4906 2645 4973 gravior
2673 4904 2873 4959 inﬂicta
2905 4906 3001 4968 sit,
3032 4919 3135 4974 qua
3169 4907 3379 4960 ratione
3414 4906 3618 4959 factum

2044 4995 2395 5062 arbitremur,
2437 4996 2628 5065 utqui
2683 4996 3052 5050 honestiorem
3110 4996 3287 5049 locum
3340 4999 3620 5050 sacerdote

2006 5084 2316 5139 ‘assidente
2348 5086 2650 5156 occuparit,
2697 5101 2818 5140 cum
2869 5100 2934 5140 eo
2983 5086 3070 5139 hic
3097 5099 3271 5138 canon
3326 5083 3615 5138 remissius

2041 5187 2189 5246 agat,
2219 5178 2528 5246 levioreque
2555 5177 3047 5232 animadversionis
3077 5190 3277 5246 genere
3302 5175 3432 5228 nihil
3465 5174 3612 5230 aliud

2040 5285 2200 5339 quam
2235 5279 2566 5339 postremum
2600 5271 2740 5325 inter
2769 5269 2852 5323 sui
2883 5267 3090 5323 ordinis
3121 5266 3369 5321 homines
3390 5266 3614 5336 gradum

2037 5360 2539 5430 obtinerejubeat?
2586 5362 2643 5416 Id
2678 5363 2845 5434 igitur
2892 5362 2965 5414 ita
3012 5359 3257 5414 nonnulli
3318 5360 3617 5428 explicant,

2036 5464 2097 5507 ut
2124 5454 2191 5507 de
2214 5454 2483 5520 diaconis,
2520 5456 2611 5526 qui
2640 5457 2763 5510 dum
2795 5468 2946 5508 sacra
2974 5453 3234 5523 mysteria
3263 5462 3616 5522 peraguntur,

2040 5547 2091 5599 in
2127 5548 2366 5600 sacrario
2401 5548 2563 5601 medii
2593 5548 2735 5600 inter
2775 5546 3126 5616 presbyteros
3159 5546 3478 5609 consedere,
3507 5560 3616 5613 quo

2037 5637 2256 5704 quidem
2287 5646 2526 5707 tempore
2555 5651 2649 5690 eos
2682 5637 2914 5689 Inarime
2938 5635 3313 5689 sacerdotibus
3345 5634 3610 5690 inservire

2035 5736 2201 5795 atque
2256 5734 2437 5781 astare
2488 5735 2824 5794 oportuerat,
2886 5724 3071 5793 prima:
3120 5726 3308 5794 synodi
3344 5739 3609 5777 canoncm

2031 5819 2205 5890 accipi
2226 5819 2390 5875 velint
2412 5837 2426 5875 :
2449 5820 2594 5875 hunc
2619 5833 2749 5875 vero
2783 5820 2848 5873 de
2873 5819 2957 5883 iis,
2984 5816 3077 5887 qui
3110 5826 3264 5873 extra
3288 5816 3602 5877 sacrarium,
