4110 6224
464 314 570 378 543

1722 317 1998 378 ΤΗΕΟΙ).
2043 317 2443 379 BALSAMON

3629 315 3735 382 5H

462 427 571 481 alio
617 440 941 496 quocunque
990 439 1273 491 consessu,
1316 426 1614 497 digniorem
1647 427 1747 482 sibi
1778 428 1921 482 inter
1965 440 2052 481 sa-

2157 429 2306 482 τίκια
2352 429 2526 496 λέγει.
2575 426 2648 481 To
2677 426 2808 481 αὐτὸ
2842 429 2900 483 δὲ
2948 429 3175 498 κρατεῖν
3214 427 3528 498 βούλεταιὸ
3586 432 3749 484 κανὺη

463 519 714 573 cerdotes
744 518 920 572 locum
952 520 1277 588 arrogarint,
1308 519 1717 587 intelligendum
1748 532 1867 573 esse
1900 517 2045 571 arbi-

467 617 699 661 trentur.
729 609 862 663 Cum
892 609 1034 664 enim
1061 611 1258 680 ubique
1287 612 1601 664 sacerdotes
1628 610 1802 664 vereri
1833 609 2044 663 diaconi

467 699 722 763 debeant,
757 708 867 751 tum
909 700 956 753 id
989 714 1104 764 eos,
1148 703 1271 753 dum
1312 716 1477 770 opera
1524 701 1604 756 rei
1653 700 1846 753 divinae
1883 698 2047 752 mini-

468 792 637 841 sterio
670 789 1021 857 impenditur,
1053 802 1315 859 prmstare
1365 791 1600 845 maxime
1632 789 1812 844 decet.
1860 786 2046 842 Oliicia

466 893 599 933 vero
671 882 1037 937 ecclesiastica
1088 884 1407 954 ἀρχοντίκια
1453 894 1632 939 vocat.
1688 882 1832 937 Idem
1885 895 2048 950 porro

468 982 526 1025 ιιι
560 973 612 1025 in
643 973 764 1027 aliis
797 987 1013 1041 quoque
1042 982 1298 1028 servetur
1337 974 1512 1029 sacris
1543 972 1849 1035 ordinibus,
1887 984 2045 1033 neve,

468 1066 594 1135 quia
631 1068 916 1135 profanam
972 1069 1182 1123 scilicet
1230 1068 1550 1137 dignitatem
1602 1067 2050 1135 magistratumve

468 1158 589 1224 quis
620 1159 884 1223 obtineat,
923 1160 1220 1215 insolenter
1272 1160 1475 1225 eﬂ'erri,
1537 1175 1601 1215 ac
1656 1161 1709 1213 in
1767 1157 2036 1226 superiori

470 1250 661 1302 ordine
693 1252 1024 1314 constitutis,
1063 1252 1290 1306 diacono
1317 1252 1466 1307 verbi
1515 1266 1680 1306 causa
1715 1249 2049 1319 hypodiaco—

472 1353 595 1403 nus,
631 1350 723 1394 aut
748 1342 871 1395 huic
906 1341 1076 1396 lector
1106 1343 1366 1398 insultare
1428 1355 1627 1397 temere
1683 1343 1903 1406 audeat,
1950 1340 2053 1392 hac

472 1430 859 1485 constitutione
891 1433 1192 1488 decretum.
1247 1435 1340 1490 Est
1378 1434 1749 1490 ecclesiastica
1777 1431 2043 1500 siquidem

469 1519 971 1594 civilﬁquacunque
1008 1526 1265 1594 dignitate
1297 1527 1664 1594 pra‘stantior.
1719 1525 1887 1594 Cujus
1926 1521 2052 1591 qui-

470 1609 591 1663 dem
620 1616 921 1683 argumenti
954 1632 1014 1669 ea
1044 1618 1124 1671 vis
1154 1628 1258 1682 est,
1290 1627 1345 1674 ut
1373 1620 1638 1687 quoniam
1672 1618 1813 1671 inter
1841 1629 1938 1669 cos
1961 1612 2050 1680 qni

470 1703 728 1774 profanos
757 1708 1107 1777 magistratus
1135 1721 1353 1779 gerunt,
1403 1720 1479 1777 ct,
1507 1712 1595 1780 qui
1651 1707 1924 1764 inferioris
1972 1709 2055 1758 est

2148 520 2244 569 καὶ
2274 518 2365 570 ἐπὶ
2394 517 2502 570 τῶν
2537 516 2713 570 ἄλλων
2750 517 2911 588 ἱερῶν
2938 518 3259 586 ταγμάτων,
3307 518 3449 572 ὥστε
3495 520 3570 589 μή
3614 538 3745 575 τινα

2149 606 2427 676 ἀξιώματι
2476 608 2727 676 κοσμικῷ
2762 607 3073 680 θαρροῦντα
3105 608 3139 677 ἢ
3169 609 3412 679 ὀφφικίῳ
3473 627 3741 664 καταναι-

2150 699 2405 752 δεύεσθαι
2429 699 2538 753 τῶν
2561 700 2757 763 ἄλλων,
2785 702 2883 754 καὶ
2910 700 3274 771 θρασύνεσθαι
3296 701 3440 754 κατὰ
3466 702 3576 754 τῶν
3600 718 3743 771 προ-

2150 791 2428 861 δαομιωτέ
2439 810 2545 862 ρων
2567 792 2756 855 αὐτοῦ,
2782 793 3136 848 ὑποδιάκονον
3150 794 3310 863 τυχὸν
3327 794 3469 847 κατὰ
3479 795 3731 848 διακόνου

2151 881 2185 951 ἦ
2209 882 2560 951 ἀναγνώστην
2584 884 2725 935 κατὰ
2751 884 3139 938 ὑποδιακόνου.
3157 885 3404 954 Κρείττω
3429 889 3560 956 γὰρ,
3578 888 3741 957 φησὶ,

2155 969 2222 1021 τὰ
2254 971 2600 1038 πνευματικὰ
2637 970 2925 1039 ἀξιώματα
2962 972 3071 1023 τῶν
3104 971 3409 1038 κοσμικῶν,
3450 972 3738 1040 μονονουχὶ

2149 1059 2309 1111 τοῦτο
2353 1059 2563 1127 λέγων⁸
2594 1061 2659 1113 Et
2702 1061 2759 1113 ὲν
2802 1063 2915 1124 τοῖς
2961 1063 3250 1129 κοσμικοίς
3299 1059 3606 1130 ἀξιώμασιν
3636 1061 3740 1113 οὐκ

2152 1148 2328 1212 ἔξεστι
2356 1150 2435 1219 τῷ
2464 1150 2685 1220 ἥττονος
2745 1148 2901 1214 ἀξίας
2930 1150 3045 1202 ὄντι
3074 1151 3457 1220 προκαθῆσθαι
3477 1152 3510 1218 ἢ
3538 1168 3739 1219 προτε-

2148 1241 2412 1310 τιμῆσθαι
2436 1242 2527 1294 τοῦ
2555 1243 2765 1311 μείζονι
2822 1246 3195 1313 τετιμημένου
3224 1244 3526 1312 ἀξιώματι,
3552 1243 3742 1312 πολλῷ

2152 1332 2315 1386 πλέον
2346 1333 2446 1386 οὐκ
2475 1334 2656 1397 ἔξεστι
2700 1334 2859 1386 τοῦτο
2895 1337 3070 1388 ποιεῖν
3103 1338 3217 1397 τοῖς
3247 1335 3743 1402 ἐκκλησιαστικαῖς

2153 1421 2332 1484 ἀξίαις
2374 1421 2782 1491 τετιμημένοις,
2817 1422 2885 1482 ἃς
2913 1423 3009 1475 καὶ
3047 1423 3426 1493 πνευματικὰς
3455 1423 3738 1488 ἐκάλεσεν,

2153 1512 2226 1575 ὡς
2248 1513 2307 1565 οὐ
2326 1514 2467 1566 κατὰ
2493 1513 2840 1583 ἀνθρωπίνην
2856 1513 3015 1584 χάριν
3034 1513 3369 1585 παρέχεσθαι
3391 1512 3739 1582 ὀφειλούσας,

2154 1604 2292 1657 ἀλλὰ
2322 1604 2464 1657 κατὰ
2513 1604 2665 1658 θείαν
2701 1605 2863 1675 χάριν
2892 1606 3179 1678 ἐπικλήσει
3226 1606 3323 1659 τοῦ
3372 1606 3517 1660 θείου
3568 1604 3741 1658 Πνεῦ-

2159 1710 2348 1763 ματος.

477 1799 780 1867 dignitatis,
849 1804 1167 1859 antesedere
1221 1814 1315 1858 aut
1356 1802 1600 1873 praeferri
1645 1803 1719 1867 ei,
1790 1798 1881 1869 qui
1929 1789 2119 1859 majori
2199 1786 2462 1853 dignitate
2516 1785 2840 1848 honoratur,
2892 1801 3002 1840 non
3046 1786 3205 1851 licet;
3259 1788 3426 1841 multo
3475 1788 3647 1858 magis
3672 1786 3746 1841 iis

473 1889 615 1944 idem
660 1906 766 1946 non
833 1893 1012 1960 liccat,
1077 1898 1170 1965 qui
1240 1895 1625 1951 ecclesiasticis
1664 1901 1929 1949 ornantur
1973 1879 2351 1954 dignitatibus,
2400 1893 2534 1946 quas
2631 1878 2796 1932 etiam
2849 1878 3163 1947 spirituales
3223 1887 3400 1933 cauea
3460 1879 3562 1934 hoc
3618 1886 3745 1938 loco

474 1981 740 2047 nominat,
769 1985 966 2054 quippe
991 2001 1109 2055 qum
1140 2003 1246 2040 non
1278 1987 1577 2049 hominum,
1607 1986 1700 2038 sed
1729 1981 1820 2035 Dei
1855 1976 2049 2049 gratia,
2088 1967 2325 2037 Spiritus
2357 1966 2532 2022 sancti
2567 1968 2928 2031 invocatione,
2961 1966 3198 2020 conferri
3230 1968 3450 2021 debent.

478 2075 707 2141 ARIST.
748 2096 766 2129 ι
806 2078 1075 2135 Diaconns
1114 2084 1274 2135 etiam
1308 2082 1539 2137 otiicium
1594 2088 1896 2141 assecutus,
1941 2070 2047 2127 nisi

2157 2065 2373 2118 ΑΡΙΣΤ.
2412 2082 2431 2114 ι
2470 2064 2581 2117 Καὶ
2639 2062 2894 2132 όφιρίκιον
2925 2062 3063 2132 ἔχων
3085 2061 3352 2124 διάκονος,
3391 2061 3440 2114 εί
3468 2062 3542 2133 μὴ
3570 2080 3739 2119 τοπομ-

557 2187 577 2221 ι
618 2170 939 2235 patriarehae
972 2171 1051 2225 vel
1085 2174 1324 2242 episcopi
1360 2174 1537 2228 locum
1576 2178 1781 2233 teneat,
1834 2170 1877 2222 si
1925 2176 2051 2225 ante

558 2280 577 2314 ι
615 2264 967 2334 presbyteros
997 2266 1221 2329 sederit,
1255 2268 1495 2321 omnium
1527 2266 1631 2321 erit
1659 2264 1895 2319 intimus.
1919 2279 1938 2313 ι

551 2446 747 2501 Fastus
776 2447 1065 2502 szeculares
1102 2457 1155 2501 et
1183 2448 1388 2515 primos
1423 2446 1711 2502 accubitus
1758 2447 1944 2501 Patres
1972 2446 2053 2498 di-

483 2536 595 2592 vini
653 2536 721 2590 ab
779 2536 1021 2591 Ecclesia
1076 2545 1437 2604 amputautes,
1488 2543 1730 2593 statuunt
1783 2535 2051 2590 neminem

486 2627 876 2692 diaconorum,
931 2626 1309 2695 qualecunque
1375 2626 1806 2682 ecclesiasticum
1860 2626 2058 2680 habeat

487 2717 744 2783 olIicittm,
796 2729 924 2773 ante
971 2719 1314 2788 presbyteros
1362 2721 1590 2784 sedere;
1649 2717 1752 2773 nisi
1799 2720 1957 2780 forte,
2003 2726 2062 2772 ut

486 2810 750 2873 vicarius,
796 2810 1121 2878 patriarchae
1169 2811 1252 2865 sui
1302 2819 1395 2863 aut
1452 2808 1845 2879 metrOpolitani
1886 2808 2059 2862 vicem

483 2912 659 2973 gerat,
688 2902 739 2955 in
772 2899 933 2956 aliam
967 2902 1245 2956 civitatem
1279 2902 1476 2957 missus
1512 2900 1896 2955 canonicarum
1923 2914 2057 2966 qua.

484 2993 734 3045 rumtlam
787 3002 842 3047 et
877 2992 1371 3048 ecclesiasticarum
1424 3006 1589 3046 causa
1626 2992 2002 3060 quaestionum
2041 3005 2054 3043 :

488 3090 621 3135 tunc
647 3081 819 3146 enim,
844 3090 902 3135 ut
935 3082 1081 3137 illius
1109 3082 1288 3137 locum
1328 3081 1559 3152 impleas
1586 3080 1967 3136 honorabitur.
2002 3078 2059 3133 Si

491 3173 614 3240 quis
646 3184 823 3226 autem
862 3174 1124 3228 diaconus
1184 3174 1460 3243 tyrannica
1516 3174 1781 3227 adductus
1814 3171 2061 3235 audacia,

493 3264 655 3335 166
676 3264 835 3319 aliter
868 3279 1032 3319 ausus
1056 3265 1217 3320 fuerit
1250 3280 1412 3333 supra
1439 3266 1813 3334 presbyterum
1847 3264 2058 3327 sedere,

2236 2173 2255 2205 ι
2301 2152 2542 2221 τηρητὴς
2571 2152 2662 2221 εἴη
2691 2152 3033 2221 πατριάρχου
3068 2152 3101 2219 ἢ
3137 2155 3455 2218 ἐπισκόπου,
3492 2155 3598 2222 πρὸ
3630 2154 3747 2206 τῶν

2238 2265 2255 2296 ι
2299 2244 2692 2315 πρεσϐυτέρων
2752 2243 3139 2313 καθεζόμενος,
3189 2245 3451 2299 ἁπάντων
3489 2246 3746 2315 ἐσχατώ-

2166 2355 2185 2388 ι
2230 2352 2383 2405 τερος
2410 2335 2607 2389 ἔσοιτο.
2656 2352 2677 2385 ι

2230 2426 2371 2489 Τοὺς
2402 2427 2702 2495 κοσμικοὺς
2745 2426 2949 2493 τόφους
2983 2427 3076 2479 καὶ
3122 2426 3223 2489 τὰς
3259 2427 3664 2497 πρωτοκλισίας
3689 2428 3747 2481 οι

2162 2518 2296 2570 θεῖοι
2346 2517 2588 2585 Πατέρες
2642 2516 2707 2568 ὲκ
2754 2519 2851 2586 τῆς
2907 2517 3235 2586 Ἐκκλησίας
3289 2519 3744 2587 περιαιροῦντες,

2162 2609 2560 2677 προστάττουσι
2592 2608 2798 2679 μηδένα
2840 2608 2949 2661 τῶν
2976 2609 3261 2673 διακόνων,
3294 2610 3399 2662 κᾶν
3425 2609 3743 2680 οίονδήποτε

2158 2700 2614 2769 ἐκκλησιαστικὸν
2642 2701 2901 2770 ὀφφίκιον
2935 2700 3055 2771 ἔχῃ,
3087 2700 3195 2753 τῶν
3223 2701 3615 2770 πρεσϐυτέρων
3644 2718 3745 2754 κα-

2161 2791 2414 2854 θέζεσθαι
2452 2792 2676 2856 ἄνωθεν,
2729 2794 2778 2845 εί
2819 2793 2893 2861 μή
2948 2808 3072 2855 που,
3124 2792 3201 2856 ὡς
3234 2792 3632 2861 τοποτηρητὴς,
3678 2792 3746 2845 τὸ

2163 2882 2459 2951 πρόσωπον
2488 2882 2677 2951 ἐπέχει
2730 2882 2825 2934 τοῦ
2861 2883 3064 2935 οἰκείου
3094 2882 3436 2952 πατριάρχου
3468 2882 3501 2951 ἢ
3537 2898 3748 2951 μητροο

2163 2973 2420 3039 πολίτου,
2461 2974 2519 3026 ὲν
2553 2975 2715 3043 ἑτέρᾳ
2776 2973 2930 3026 πόλει
2980 2974 3194 3036 σταλεὶς
3242 2975 3402 3044 χάριν
3443 2972 3749 3025 κανονικῶν

2164 3065 2258 3117 καὶ
2292 3064 2763 3132 ἐκκλησιαστικῶν
2798 3065 3166 3133 ζητημάτωνσ
3211 3064 3332 3118 τότε
3366 3064 3499 3132 γὰρ,
3542 3062 3616 3124 ὡς
3651 3062 3747 3117 τὸν

2164 3157 2378 3209 ἐκείνου
2406 3157 2571 3209 τόπον
2598 3156 2951 3225 ἀναπληρῶν,
2982 3155 3368 3225 τιμηθήσεται.
3402 3156 3462 3205 Et
3492 3154 3547 3205 δὲ
3569 3153 3755 3217 ἄλλως

2163 3245 2429 3315 τολμήσει
2461 3262 2545 3308 τις
2576 3246 2685 3298 τῶν
2711 3246 2994 3308 διακόνων,
3030 3244 3338 3315 τυραννικῷ
3369 3244 3558 3313 θράσει
3595 3242 3749 3313 χρώ-

488 3333 589 3407 suo
617 3333 785 3424 gradu
826 3353 1065 3421 dejectus
1091 3353 1222 3419 erit,
1255 3362 1308 3409 et
1340 3352 1583 3411 omnium
1607 3333 1833 3408 ultimus
1878 3352 2056 3408 diaco-

2173 3347 2368 3404 μενος,
2406 3337 2516 3389 τῶν
2558 3336 2952 3408 πρεσὸυτέρων
2998 3337 3208 3391 ἄνωθεν
3251 3335 3606 3405 καθεσθῆναι,
3656 3333 3759 3389 τοῦ

489 3461 681 3501 norum
703 3448 914 3503 evadet.

1080 3650 1313 3707 CANON
1356 3651 1488 3707 Vill.

502 3801 523 3837 ι
569 3783 623 3836 In
659 3785 908 3836 omnibus
943 3800 1028 3847 ea,
1064 3799 1184 3852 qua:
1218 3799 1247 3837 a
1297 3785 1501 3838 nostris
1555 3784 1758 3839 sanctis
1811 3784 2066 3843 Patribus

575 3894 592 3923 ι
632 3879 842 3931 decreta
873 3885 1019 3939 sunt,
1059 3890 1156 3929 nos
1201 3891 1416 3945 quoque
1467 3886 1580 3930 rata
1625 3892 1689 3930 ac
1742 3878 1893 3930 ﬁrma
1946 3893 2065 3933 esse

576 3986 593 4016 ι
638 3967 898 4027 volentes,
948 3982 1207 4021 canonem
1236 3982 1447 4039 quoque
1491 3982 1828 4032 renovamus,
1864 3969 1953 4037 qui
1985 3971 2070 4038 ju-

577 4077 593 4109 ι
642 4058 733 4111 bet
791 4057 1017 4127 singulis
1064 4058 1219 4111 anuis
1282 4057 1703 4127 uniuscujusque
1780 4062 2068 4128 provincia:

575 4167 594 4199 ι
642 4150 1016 4220 episcoporum
1052 4149 1290 4220 synodos
1318 4150 1455 4215 licri,
1491 4151 1580 4206 ubi
1620 4154 2069 4221 metropolitanus

577 4258 593 4288 ι
641 4239 927 4309 episcopus
962 4242 1131 4293 satius
1153 4255 1278 4296 esse
1308 4245 1550 4298 duxerit.
1577 4244 1841 4310 Quoniam
1890 4256 2069 4301 autem

578 4348 597 4380 ι
643 4339 862 4398 propter
921 4330 1129 4398 aliquas
1222 4332 1584 4387 Barbarorum
1634 4335 1969 4389 incursiones
2019 4347 2075 4393 et

577 4440 594 4470 ‹
642 4421 900 4487 quasdam
934 4422 1070 4475 alias
1110 4422 1408 4477 incidentes
1441 4439 1656 4490 causas,
1707 4440 1811 4479 non
1850 4438 2075 4493 possunt

582 4527 599 4557 ι
644 4509 733 4575 qui
755 4508 999 4563 ecclesiis
1034 4510 1323 4578 praesident
1353 4513 1591 4580 synodos
1624 4513 1706 4567 bis
1743 4514 1793 4567 in
1829 4529 1971 4570 anno
1995 4515 2075 4570 fa-

585 4616 602 4646 ι
650 4612 795 4662 cere,
831 4601 1004 4652 visum
1035 4610 1137 4666 est,
1173 4609 1229 4655 ut
1251 4603 1472 4657 omnino
1504 4604 1667 4658 semel
1699 4604 1750 4658 in
1775 4619 1917 4660 anno
1954 4623 2077 4676 pro-

586 4709 602 4739 ι
652 4698 772 4759 pter
796 4690 1193 4746 ecclesiasticas
1249 4694 1600 4762 quaestiones,
1670 4704 1731 4749 ut
1782 4696 2075 4754 verisimile
2106 4688 2152 4744 Ῑ)

588 4807 605 4839 ι
650 4798 757 4853 est,
784 4798 1144 4856 emergentes,
1178 4789 1561 4856 praedictorqu
1613 4791 1990 4861 episcoporum
2024 4794 2076 4846 in

588 4900 605 4929 ι
654 4894 975 4947 unaquaque
1024 4880 1297 4948 provincia
1345 4880 1435 4934 fiat
1500 4883 1758 4951 synodus,
1814 4899 1843 4935 a
1892 4894 2080 4941 sancto

589 4993 604 5023 ι
652 4973 870 5027 Pascha:
918 4971 1077 5037 festo,
1127 4981 1181 5024 et
1233 4986 1401 5040 usque
1455 4973 1521 5026 ad
1570 4973 1818 5029 Octobris
1878 4978 2081 5035 mensis

590 5082 607 5115 ι
655 5064 1134 5135 complementum,
1168 5064 1393 5131 singulis
1427 5066 1604 5129 annis,
1644 5066 1696 5119 in
1740 5067 1857 5121 loco
1896 5084 2079 5137 quem,

593 5172 611 5206 ι
657 5166 715 5210 ιιι
765 5156 1079 5225 praedictum
1136 5164 1240 5221 est,
1305 5157 1753 5226 metropolitanus
1801 5162 2085 5229 cpiscopus

600 5263 617 5295 ι
665 5249 926 5315 aptiorem
958 5247 1284 5314 iudicaverit
1314 5264 1329 5300 :
1358 5247 1394 5300 ii
1440 5257 1641 5313 autem,
1689 5251 1778 5318 qui
1824 5268 1926 5306 non
1955 5268 2089 5308 con-

603 5352 621 5384 ι
668 5336 909 5404 veniunt,
938 5338 1195 5409 episcopi,
1227 5353 1349 5393 cum
1383 5337 1435 5392 in
1464 5339 1578 5393 suis
1599 5340 1905 5397 civitatibus
1930 5352 2093 5412 agant

2176 3428 2311 3483 ιδίου
2345 3427 2557 3501 βαθμοῦ
2592 3428 3165 3499 καταϐιϐασθήσεται,
3200 3430 3297 3483 καὶ
3336 3430 3556 3483 πάντων
3586 3428 3753 3499 ἐσχαο

2176 3538 2268 3585 τος
2305 3522 2415 3576 τῶν
2444 3522 2709 3576 διακόνων
2729 3522 3039 3593 γενήσεται.

2774 3655 3018 3710 ΚΛΝΩΝ
3067 3654 3151 3708 Π’.

2182 3814 2200 3845 ι
2249 3793 2338 3846 Ἐν
2380 3794 2515 3845 πᾶσι
2542 3792 2611 3843 τὰ
2663 3790 2768 3843 ὑπὸ
2806 3791 2914 3843 τῶν
2964 3790 3136 3858 ἁγίων
3175 3788 3434 3860 Πατέρων
3468 3790 3623 3859 ἡμῶν
3669 3791 3759 3844 θεν

2259 3904 2275 3936 ι
2328 3881 2625 3936 σπισθὲντα
2670 3882 2763 3934 καὶ
2790 3883 2953 3951 ἡμεῖς
2981 3883 3202 3950 κρατεῖν
3250 3880 3596 3947 βουλόμενοι,
3628 3882 3759 3934 ἀναν

2255 3994 2271 4023 ι
2319 3973 2547 4043 νεοῦμεν
2581 3974 2677 4026 καὶ
2713 3972 2803 4024 τὸν
2832 3973 3037 4025 κανόνα
3078 3973 3169 4025 τὸν
3202 3973 3592 4043 διαγορεύοντα
3631 3960 3761 4024 καθ’

2253 4089 2269 4115 ι
2318 4068 2549 4119 ’ἑκαστον
2596 4065 2716 4127 ἔτος
2762 4063 3011 4127 συνόδους
3065 4063 3171 4115 τῶν
3202 4065 3439 4132 ἑκάστης
3489 4063 3760 4131 ἐπαρχίας

2255 4176 2271 4206 ι
2320 4156 2569 4222 γίνεσθαι
2613 4153 2952 4218 ἐπισκόπων,
3000 4153 3128 4206 ἔνθα
3174 4154 3241 4207 ἂν
3282 4156 3310 4207 ό
3339 4154 3441 4223 τῆς
3481 4153 3762 4223 μητροπόο

2260 4267 2277 4297 ι
2326 4248 2463 4305 λεως
2497 4244 2769 4314 δοκιμάσῃ
2795 4245 3113 4306 ἐπίσκοπος.
3160 4244 3377 4313 Ἐπειδὴ
3414 4243 3471 4296 δὲ
3498 4244 3584 4296 διά
3608 4243 3765 4305 τινάς

2260 4354 2279 4388 ι
2325 4354 2385 4389 τε
2440 4336 2548 4388 τῶν
2612 4334 2902 4405 βαρϐάρων
2949 4334 3272 4402 ἐπιδρομὰς,
3322 4334 3411 4388 διά
3464 4351 3525 4386 τε
3556 4350 3765 4402 προπι-

2259 4448 2274 4476 ι
2326 4426 2564 4485 πτούσας
2611 4425 2805 4493 ἑτέρας
2854 4421 3055 4487 αἰτίας,
3092 4423 3368 4485 ἀδυνάτως
3423 4425 3471 4475 οἱ
3513 4424 3622 4475 τῶν
3672 4425 3763 4477 ὲκ-

2262 4536 2281 4570 ι
2330 4516 2569 4580 κλησιῶν
2617 4515 2868 4584 πρόεδροι
2920 4512 3104 4582 ἔχουσι
3140 4512 3221 4573 δὶς
3255 4511 3351 4565 τοῦ
3386 4512 3632 4566 ἐνιαυτοῦ
3666 4513 3767 4575 τὰς

2266 4627 2285 4660 ι
2333 4608 2582 4670 συνόδους
2624 4606 2925 4668 ποιεῖσθαι,
2954 4601 3151 4667 ἔδοξεν,
3182 4603 3324 4656 ὥστε
3369 4604 3557 4675 τρόπῳ
3604 4606 3769 4657 παντὶ

2260 4720 2277 4752 ι
2329 4699 2476 4765 ἅπαξ
2523 4696 2617 4749 τοῦ
2669 4695 2918 4750 ὲνιαυτοῦ
2954 4696 3065 4766 (65)
3115 4696 3212 4766 τὴν
3252 4695 3360 4746 τῶν
3410 4712 3770 4765 προγεγραμο

2262 4812 2280 4844 ι
2333 4792 2511 4861 μένων
2539 4787 2856 4842 ἐπισκόπων
2897 4786 3098 4853 διὰζτά
3132 4788 3206 4848 ὡς
3236 4787 3381 4850 εἰκὸς
3416 4786 3769 4855 ἀναφυόμενα

2264 4904 2281 4937 ι
2332 4880 2760 4951 ἐκκλησιαστικᾶ
2782 4880 3054 4947 κεφάλαια
3088 4881 3145 4932 ὲν
3176 4879 3382 4949 ἑκάστῃ
3413 4879 3652 4950 ἐπαρχίᾳ
3684 4878 3771 4947 γί..

2266 4996 2283 5028 ι
2328 4975 2515 5029 νεσθαι
2548 4972 2759 5024 σύνοδον
2781 4972 2887 5023 ἀπὸ
2914 4971 3013 5038 τῆς
3045 4969 3204 5037 ἁγίας
3228 4969 3321 5022 τοῦ
3352 4970 3544 5039 Πάσχα
3576 4971 3774 5039 ἑορτῆς

2267 5087 2285 5118 ι
2332 5067 2424 5119 καὶ
2450 5066 2608 5135 μέχρι
2638 5060 3087 5130 συμπληρώσεως
3110 5059 3202 5111 τοῦ
3242 5059 3573 5127 Ὀκτωϐρίου
3606 5056 3775 5127 μηνός

2271 5176 2290 5209 ι
2338 5155 2570 5210 ἑκάστου
2600 5154 2753 5220 ἔτους
2780 5156 2922 5209 κατὰ
2951 5154 3044 5207 τὸν
3078 5153 3263 5217 τόπον,
3287 5150 3346 5203 ὃν
3375 5152 3402 5203 ὁ
3436 5153 3535 5218 τῆς
3573 5164 3778 5218 μητρο-

2274 5269 2291 5299 ι
2340 5248 2572 5312 πόλεως,
2596 5246 2741 5300 καθὰ
2769 5246 3115 5317 προείρηται,
3140 5241 3428 5312 δοκιμάσει
3455 5241 3777 5299 ἐπίσκοπος.

2279 5362 2296 5392 ι
2341 5339 2479 5405 Τοὺς
2511 5341 2569 5393 δὲ
2598 5340 2672 5410 μὴ
2704 5340 2977 5400 συνιόντας
3009 5334 3379 5399 ἐπισκόπους,
3414 5331 3780 5402 ἐνδημοῦντας

1678 5518 1880 5580 Guill.
1921 5517 2250 5595 Beveregii
2293 5526 2481 5582 nota).

612 5637 725 5705 (65)
757 5637 956 5701 Ἀπαξ
990 5638 1099 5693 τοῦ
1136 5639 1435 5694 ἐνιαυτοῦ.
1468 5640 1593 5694 limo
1629 5654 1805 5707 usque
1863 5638 1930 5693 ad
1987 5637 2056 5707 γίε

2157 5636 2236 5694 θαι
2310 5642 2528 5695 σύνοδον
2595 5639 2866 5696 inclusive
2907 5637 2961 5692 in
3037 5651 3141 5692 ms.
3192 5631 3623 5691 Amerbachiano
3666 5647 3780 5688 non

535 5710 660 5769 sine
676 5723 890 5764 suntme
917 5712 1142 5764 canonis
1175 5710 1499 5766 detrimento
1523 5709 1743 5764 desunt.
