4110 6224
342 236 453 299 545

427 458 444 491 ι
490 454 712 507 γοντας,
744 436 837 489 καὶ
870 436 1046 503 πάσης
1078 434 1457 505 ἀπαραιτήτου
1495 439 1587 490 καὶ
1609 435 1932 503 ,ἀναγκαίας

424 549 444 581 ι
494 527 752 598 ἀσχολίας
813 530 971 590 ὖντας
1032 524 1379 595 ἐλευθέρους,
1438 525 1745 594 ἀδελφικῶς
1808 527 1932 578 ἐπι-

424 639 441 669 ι
486 616 839 687 πλήττεσθαι.

419 708 616 762 ΒΔΛΣ.
662 706 804 775 Περὶ
858 707 951 759 τοῦ
1006 707 1124 770 πῶς
1188 710 1281 762 καὶ
1343 712 1473 761 πότε
1522 707 1824 776 ὀφείλουσιν
1887 706 1938 759 oi

350 803 647 853 ἐπίσκοποι
707 799 861 869 παρὰ
893 802 1008 862 τοῖς
1053 801 1291 871 πρώτοις
1322 801 1502 853 αὐτῶν
1556 799 1933 871 συνέρχεσθαι,

347 894 491 945 ὥστε
524 892 773 959 γίνεσθαι
827 897 1100 954 συνόδους,
1148 894 1241 944 καὶ
1272 892 1500 945 λύεσθαι
1533 893 1602 945 τὰ
1637 893 1935 959 ἐκκλησια-

349 986 513 1039 στικὰ
545 986 866 1053 ζητήματα,
904 986 1123 1054 εἴρηται
1169 986 1227 1037 ὲν
1270 984 1548 1054 διαφόροις
1599 983 1935 1053 προλαϐοῦσι

344 1076 585 1129 κανόσιν.
624 1074 921 1141 Ἀνόιγνωθι
970 1077 1061 1127 καὶ
1089 1092 1214 1142 κεφ.
1262 1073 1508 1143 η’τίτλου
1544 1071 1598 1142 η’
1645 1073 1739 1126 τοῦ
1785 1091 1933 1144 παρ-

340 1164 496 1227 όντος
555 1166 953 1235 συντάγματος,
1001 1165 1095 1215 κα)⁵
1129 1166 1200 1215 τὰ
1233 1166 1289 1215 ἐν
1328 1162 1498 1233 αὐτῷ.
1538 1163 1600 1216 ’0
1639 1163 1696 1215 δὲ
1744 1162 1937 1233 παρὼν

346 1253 533 1305 κανὼν
588 1255 740 1307 οὐδέν
791 1270 841 1305 τι
889 1252 1051 1304 πλέον
1094 1252 1204 1304 τῶν
1237 1252 1414 1306 ἄλλων
1448 1254 1613 1323 φησιν
1645 1253 1761 1306 ἀλλ’
1800 1256 1833 1323 ἢ
1878 1254 1939 1307 ἰδ

346 1343 600 1410 γξνιεθαι
652 1342 801 1406 ἅπαξ
848 1343 941 1394 τοῦ
998 1342 1251 1393 ἐνιαυτοῦ
1303 1344 1401 1404 τὰς
1453 1343 1724 1405 συνόδους.
1780 1345 1939 1397 Ἀνὰ-

344 1433 517 1497 γνωοι
553 1434 649 1485 καὶ
697 1433 798 1501 τῆς
839 1433 880 1485 δ’
943 1433 1164 1485 συνόδου
1216 1434 1417 1485 κανόνα
1459 1430 1547 1495 ιϐ’,
1588 1434 1684 1485 καὶ
1724 1433 1823 1501 τῆς
1890 1440 1939 1485 α’

345 1527 566 1578 συνόδου
616 1529 815 1578 κανόνα
862 1524 925 1591 ε’,
964 1526 1058 1579 καὶ
1112 1526 1219 1579 τῶν
1270 1527 1441 1593 ἁγίων
1479 1526 1794 1579 ἀποστόλων
1838 1543 1937 1579 κα-

345 1618 474 1669 νόνα
496 1615 595 1678 λζ’.
630 1617 791 1669 Εἴποι
821 1619 874 1668 δέ
897 1634 978 1679 τις
1002 1615 1112 1686 (66)
1144 1616 1239 1681 ὡς,
1275 1618 1380 1669 τῶν
1412 1618 1729 1670 ἐπισκόπων
1756 1618 1925 1686 ἀναγ-

353 1707 674 1775 καζομένων
705 1707 856 1776 παρὰ
883 1709 995 1768 τοῖς
1023 1707 1450 1777 μητροπολίταις
1479 1709 1709 1774 ὲτησίως
1742 1711 1932 1779 συνέρ-

354 1797 574 1863 χεσθαι,
605 1798 653 1848 οἱ
690 1798 1089 1867 μητροπολῐται
1120 1800 1220 1850 οὐκ
1245 1800 1930 1870 ἁναγκασθήσονται,παρὰ

348 1886 426 1954 τῷ
475 1888 793 1959 πατριάρχῃ
843 1888 1142 1943 συνελθεῖν.
1198 1891 1269 1941 'll
1314 1890 1422 1960 γὰρ
1457 1887 1602 1944 οὗτοι
1636 1895 1784 1962 παρὰ
1817 1910 1923 1945 πα-

342 1976 581 2045 τριάρχῃ
618 1978 990 2046 συνέρχονται,
1038 1979 1131 2029 καὶ
1175 1980 1466 2047 συμϐαίνει
1495 1980 1591 2040 τὰς
1621 1983 1727 2033 τῶν
1762 1984 1931 2049 ἐπαρ-

348 2068 565 2138 χιωτῶν
592 2070 913 2121 ἐπισκόπων
938 2070 1188 2133 συνόδους
1213 2072 1550 2140 ἀπράκτους,
1578 2073 1610 2142 ἢ
1642 2074 1700 2125 οὐ
1740 2075 1929 2145 συνέρ-

348 2176 561 2227 χονται,
602 2161 697 2211 καὶ
734 2161 789 2211 αἱ
822 2164 1222 2231 πατριαρχικαὶ
1256 2163 1464 2215 σύνοδοι
1495 2165 1555 2216 οὑ
1585 2168 1926 2233 γενήσονται.

342 2252 459 2302 Καὶ
487 2249 665 2303 ταῦτα
696 2250 795 2319 μὲν
825 2254 954 2312 ἴσως
988 2254 1102 2321 ἐρεῖ
1137 2268 1252 2315 τις·
1294 2254 1356 2305 σὺ
1412 2255 1466 2307 δὲ
1500 2255 1772 2321 ἀνάγνωθι
1810 2258 1931 2309 ἐπιο

355 2342 764 2412 στατικώτερον
829 2343 888 2396 τὸ
941 2342 989 2395 κ’
1044 2345 1239 2412 κεςιὰλ.
1292 2345 1384 2397 τοῦ
1435 2344 1484 2398 α’
1520 2347 1700 2400 τίτλου
1744 2348 1839 2401 τοῦ
1882 2326 1967 2415 1'"

346 2432 555 2501 βιϐλίου
589 2432 747 2499 λέγον
779 2436 833 2485 ὲν
872 2436 1029 2504 μέρει
1058 2437 1269 2498 οὕτως’
1306 2438 1615 2508 Κελεύομεν
1647 2441 1780 2493 πᾶσι
1810 2442 1933 2511 τρό-

344 2538 473 2580 ποις
529 2523 656 2591 μῐαν
700 2523 923 2577 σύνοδον
978 2526 1224 2593 γίνεσθαι
1266 2528 1389 2580 καθ’
1435 2527 1666 2581 ἕκαστον
1723 2531 1841 2594 ἔτος
1875 2535 1929 2584 ἐν

343 2614 555 2686 ἑκάστῃ
602 2616 843 2686 ἐπαρχίᾳ
887 2617 919 2685 ἦ
972 2617 1048 2687 τῷ
1096 2619 1301 2689 Ἰουνίῳ
1345 2620 1376 2689 ἢ
1435 2620 1511 2690 τῷ
1570 2623 1930 2693 Σεπτεμϐρξῳ

349 2708 506 2773 μηνὶ,
539 2707 635 2759 καὶ
692 2708 930 2760 συνιέναι
985 2709 1137 2779 παρά
1194 2711 1292 2779 μὲν
1323 2713 1433 2771 τοῖς
1489 2715 1927 2784 μακαριωτάτοις

347 2799 721 2868 πατριάρχαις
758 2801 999 2862 ἐκείνους
1045 2802 1173 2863 τοὺς
1216 2801 1345 2872 παρ’
1378 2802 1558 2855 αὐτῶν
1590 2821 1929 2875 χειροτονου-

348 2889 568 2956 μὲνους,
621 2891 695 2960 μὴ
743 2891 965 2959 ἔχοντας
1008 2892 1063 2944 δὲ
1111 2892 1321 2947 δίκαιον
1365 2894 1561 2957 ἄλλους
1596 2896 1930 2959 ἐπισκόπους

1371 236 1449 295 1N
1483 236 1646 311 CAN.
1682 235 1825 295 vui
1868 222 2074 299 CONC.
2108 237 2193 299 IN
2234 239 2555 304 'mULLo.

428 369 447 402 ι
489 348 614 412 ταῖς
646 346 857 401 ἑαυτῶν
907 345 1119 410 πόλεσι,
1168 346 1263 400 καὶ
1322 346 1500 400 ταῦτα
1531 348 1587 401 ὲν
1623 347 1782 417 ὑγεία
1811 347 1930 400 διά·
1961 356 2004 410 Α

3514 249 3617 313 5m

2112 368 2129 400 ι
2172 362 2225 405 ct
2258 355 2373 407 sani
2401 357 2532 419 sint,
2553 366 2606 410 et
2633 356 2700 411 ab
2728 358 2876 413 omni
2904 358 3197 416 inevitabili
3221 372 3273 417 et
3305 368 3614 421 necessario

2119 461 2136 493 ι
2181 443 2395 514 negotio
2426 445 2603 511 liberi,
2640 446 2877 503 fraterne
2906 452 3292 520 corripiantur.
3338 470 3358 505 ι

2114 708 2306 763 BALS.
2332 708 2612 775 Quomodo
2643 720 2694 763 et
2722 712 2939 777 quando
2981 712 3212 766 debeant
3263 715 3499 785 cpisc0pi
3546 722 3611 771 ad

2046 816 2175 855 suos
2203 801 2407 869 primos
2432 801 2747 864 convenire,
2781 810 2830 853 nt
2857 802 3048 867 synodi
3081 803 3399 866 habeantur,
3442 815 3493 857 et
3522 821 3613 859 ec-

2038 892 2355 947 clesiasticae
2388 891 2713 960 quaestiones
2738 892 3035 955 solvantur,
3071 894 3121 945 in
3149 893 3375 946 diversis
3408 910 3612 962 praece-

2038 982 2293 1037 dentibus
2318 984 2616 1036 canonihus
2648 982 2845 1035 dictum
2879 994 2984 1036 est.
3025 982 3163 1053 Lege
3188 993 3241 1038 et
3266 994 3425 1052 caput
3453 996 3611 1039 octa-

2035 1090 2159 1127 vum
2196 1073 2332 1127 tituli
2374 1073 2549 1126 octavi
2584 1074 2866 1142 praesentis
2895 1076 3093 1141 operis.
3126 1083 3179 1127 et
3223 1091 3344 1143 quae
3371 1076 3442 1127 ibi
3475 1078 3614 1129 scri-

2038 1173 2124 1233 pta
2161 1174 2307 1218 sunt.
2338 1162 2584 1217 Praesens
2617 1172 2798 1217 autem
2823 1179 2996 1217 canon
3024 1164 3156 1216 nihil
3186 1165 3302 1233 plus
3329 1180 3489 1231 quam
3520 1167 3609 1218 alii

2039 1257 2193 1319 dicit,
2226 1260 2586 1323 prmterquam
2618 1264 2673 1307 ut
2725 1256 2890 1309 semel
2926 1255 3054 1307 liant
3104 1256 3155 1308 in
3197 1272 3337 1309 anno
3394 1258 3611 1325 synodi.

2040 1349 2179 1415 Lege
2212 1356 2267 1400 et
2302 1356 2509 1415 quarta!
2564 1346 2754 1414 synodi
2811 1361 3007 1400 canon.
3062 1346 3327 1399 decimum
3385 1364 3608 1412 nonum,

2037 1450 2086 1493 et
2118 1441 2302 1508 prima:
2334 1438 2528 1504 synodi
2573 1452 2834 1490 cannnem
2884 1438 3153 1501 quintum,
3199 1448 3250 1491 et
3301 1448 3609 1492 sanctorum

2040 1530 2400 1598 apostolorum
2431 1544 2695 1582 canonem
2745 1519 3080 1583 tricesimum
3113 1530 3422 1597 septimum.
3460 1529 3613 1583 Dicat

2042 1630 2221 1673 autem
2272 1634 2379 1671 non
2426 1632 2605 1681 nemo,
2663 1619 2803 1684 quod
2859 1634 2981 1670 cum
3035 1618 3269 1686 episcopi
3317 1621 3611 1686 quotannis

2036 1714 2174 1781 apud
2209 1712 2653 1781 metropolitanos
2687 1711 2981 1765 convenire
3013 1720 3297 1777 cogantur,
3333 1720 3607 1778 metropo-

2033 1804 2184 1859 litani
2234 1804 2375 1871 apud
2416 1803 2779 1871 patriarcham
2831 1801 3125 1855 convenire
3177 1816 3279 1853 non
3323 1814 3607 1869 cogentur.

2033 1894 2131 1950 Vel
2160 1895 2305 1948 enim
2345 1895 2418 1947 illi
2457 1895 2596 1962 apud
2633 1893 2999 1962 patriarcham
3032 1893 3377 1956 conveniunt,
3407 1904 3460 1947 et
3480 1908 3611 1961 pro-

2032 1987 2341 2041 vincialium
2378 1985 2755 2054 episcoporum
2782 1986 3018 2053 synodos
3049 1999 3270 2038 cessare
3304 1999 3400 2037 usu
3437 1985 3605 2046 venit,

2032 2079 2116 2131 vel
2144 2093 2247 2131 non
2278 2080 2625 2139 conveniunt,
2656 2084 2707 2129 et
2740 2074 3061 2143 patriarcha:
3086 2074 3275 2142 synodi
3308 2090 3411 2127 non
3457 2076 3605 2128 ﬁent.

2034 2173 2101 2226 Et
2129 2170 2241 2223 haec
2265 2169 2479 2236 quidem
2514 2167 2663 2221 dicat
2688 2166 2908 2233 aliquis,
2944 2166 3234 2219 verisimile
3265 2173 3367 2218 est.
3400 2165 3477 2218 Tu
3514 2182 3609 2217 au-

2034 2270 2139 2314 tem
2169 2259 2477 2328 diligentius
2513 2258 2628 2324 lege
2654 2267 2819 2325 caput
2875 2257 3193 2309 vicesimum
3252 2256 3391 2309 tituli
3446 2256 3605 2325 primi

2034 2350 2127 2404 lib.
2181 2349 2348 2413 tertii,
2386 2348 2502 2401 haec
2536 2363 2599 2401 ex
2635 2356 2786 2415 parte
2838 2346 3047 2401 dicens.
3074 2344 3401 2400 Omnimodo
3446 2364 3605 2401 unam

2033 2441 2299 2510 synodum
2324 2438 2614 2506 quotannis
2644 2436 2905 2490 celebrari
2937 2437 3256 2491 mandamus
3289 2438 3341 2491 in
3370 2455 3609 2508 unaqua-

2033 2547 2139 2601 que
2170 2530 2472 2598 provincia,
2507 2528 2588 2581 vel
2634 2526 2910 2581 Junio‘vel
2947 2527 3248 2594 Septembri
3300 2546 3506 2593 mense,
3555 2541 3608 2584 ct
3644 2568 3653 2575 .

2035 2636 2129 2675 eos
2159 2621 2249 2687 qui
2289 2620 2355 2671 ah
2388 2618 2493 2671 illis
2526 2616 2869 2676 ordinantur,
2922 2618 3062 2669 alios
3105 2629 3283 2671 autem
3320 2620 3606 2689 epierpos

2034 2709 2321 2765 ordinandi
2345 2709 2433 2779 jus
2465 2723 2568 2761 non
2603 2706 2803 2759 habent
2826 2713 2966 2773 apud
3001 2709 3341 2762 beatissimos
3372 2713 3601 2779 patriar-

2034 2805 2167 2857 chas
2196 2802 2509 2855 convenire.
2545 2798 2698 2866 Apud
2732 2798 3172 2865 religiosissimos
3203 2810 3379 2854 autem
3410 2813 3607 2855 metro-

2038 2897 2309 2967 politanos
2357 2892 2617 2960 cujusque
2664 2891 2955 2959 provincia:
3000 2893 3087 2959 qui
3140 2891 3208 2944 ab
3258 2893 3322 2946 iis
3369 2895 3605 2948 ordinati

346 2984 677 3050 χειροτονεῖν
704 2982 851 3053 (67)·
908 2983 1055 3054 παρὰ
1100 2984 1154 3037 δὲ
1197 2986 1311 3047 τοῖς
1359 2987 1677 3050 όσιωτὰτοις
1719 3004 1926 3059 μητρο-

2035 2998 2181 3045 sunt.
2211 2986 2348 3041 Nota
2382 2986 2543 3054 igitur
2567 3000 2632 3039 ex
2662 2985 2760 3038 hac
2791 2981 3012 3037 Novella
3043 3000 3203 3053 quam
3237 2986 3304 3039 ob
3339 3001 3449 3040 rem
3480 3001 3607 3056 pro-

1545 3097 1753 3162 Guill.
1799 3102 2133 3180 Beveregii
2165 3107 2354 3160 notas.

422 3209 534 3277 (66)
557 3206 729 3277 Εἴποι
763 3204 829 3256 δέ
857 3221 967 3268 τις.
1000 3204 1124 3277 Πιιξε
1151 3220 1324 3273 usque
1346 3206 1411 3259 ad
1440 3205 1597 3277 linem
1646 3206 1806 3275 hujus
1841 3210 1927 3261 in-

348 3276 766 3349 terpretalionis
798 3276 1213 3349 nunepriinnni
1272 3292 1335 3328 ex
1371 3291 1475 3349 ius.
1520 3276 1847 3349 Bodleiano
1876 3281 1927 3331 in

348 3344 532 3404 lucem
568 3345 757 3400 Graece
789 3344 1118 3412 emittimus.
1152 3344 1341 3397 Grzece
1371 3345 1615 3411 inquam,
1661 3350 1805 3412 nam}
1829 3346 1931 3399 La-

343 3422 465 3473 tine
484 3416 717 3469 antehac
753 3413 805 3465 in
826 3411 1073 3466 Gulielmi
1105 3412 1306 3465 Murelii
1335 3414 1572 3467 editione
1594 3416 1737 3467 edita
1773 3411 1924 3470 sunt.

348 3486 664 3554 Quinetiam
701 3484 753 3535 in
790 3496 892 3534 ms.
925 3482 1360 3535 Amerbarhiano
1415 3484 1691 3552 leguntur,
1735 3494 1926 3539 eodem

351 3553 537 3618 modo,
565 3568 671 3622 quo
694 3554 745 3603 in
776 3560 1002 3617 nostro;
1037 3553 1139 3605 nisi
1169 3555 1312 3621 quod
1350 3568 1446 3620 pro
1491 3554 1813 3622 ἀπράκτους
1848 3557 1921 3608 ibi

350 3630 571 3696 legatur
623 3622 947 3696 ᾴπρακτεῖν.

423 3687 534 3765 (67)
570 3694 661 3756 Μὴ
696 3687 1066 3765 ἕχονζαςῌὲξὲ
1113 3690 1348 3765 δέκᾳιον
1400 3690 1630 3757 ἄλλους
1684 3692 1927 3765 ἐπισκό-

350 3758 917 3830 ποὺδχειροτονεῖν.
953 3760 1174 3813 Etiamsi
1207 3760 1321 3811 hinc
1372 3770 1633 3815 constans
1686 3764 1755 3815 sit
1817 3763 1921 3818 luci

352 3836 585 3902 hujusce
619 3830 803 3889 lectio,
842 3844 945 3881 non
985 3830 1147 3902 modo
1180 3830 1522 3902 inmunibus
1575 3831 1915 3902 Balsamonis

352 3898 634 3959 codicibus
672 3915 806 3953 mss.
836 3914 1020 3951 verum
1054 3900 1216 3967 etiam
1249 3900 1299 3951 in
1338 3900 1453 3967 ipsa
1484 3898 1783 3953 Justiniani
1814 3918 1915 3956 no-

355 3975 495 4028 vella
522 3971 622 4025 1'57
657 3983 781 4036 cap.
813 3967 867 4030 4,
894 3970 1034 4022 unde
1056 3967 1109 4019 in
1145 3966 1375 4021 Basilica
1406 3984 1433 4020 a
1477 3968 1803 4025 Balsamone
1846 3974 1923 4022 ci—

353 4047 713 4105 tatarelatus
741 4048 824 4090 est
847 4038 960 4106 (sed
996 4037 1155 4090 hodie
1175 4038 1245 4090 ibi
1276 4052 1381 4089 non
1410 4040 1632 4107 exstat),
1672 4039 1921 4105 suspicor

354 4121 541 4165 tamen
573 4109 831 4162 tuendum
858 4108 910 4159 in
935 4122 1055 4159 eum
1089 4108 1394 4173 irrepsisse.
1424 4106 1586 4160 Juxta
1615 4111 1752 4160 hanc
1775 4110 1920 4160 enim

356 4182 650 4234 lectionem
685 4178 897 4243 iussum
930 4186 1013 4230 est
1040 4176 1107 4229 ab
1140 4176 1494 4243 imperatore,
1559 4186 1616 4229 ιιι
1658 4179 1799 4244 apud
1828 4193 1922 4245 pa-

358 4251 632 4305 triarchas
658 4246 923 4315 cujnstjue
952 4246 1253 4299 dimeeseos
1286 4246 1527 4312 episcopi
1582 4246 1649 4299 ab
1679 4248 1747 4299 iis
1776 4247 1924 4315 ordi-

2036 3206 2288 3275 κέφαλοι,
2324 3212 2376 3254 ιιι
2399 3217 2462 3255 ex
2498 3201 2611 3269 ipsa
2641 3203 3057 3275 episcopatunm
3088 3206 3280 3257 notitia
3331 3216 3545 3262 constat
3588 3228 3600 3264 :

2037 3273 2129 3343 qui
2164 3275 2395 3344 proinde
2427 3287 2527 3325 nec
2560 3286 2586 3322 a
2614 3273 2920 3344 patriarcha
2952 3275 3139 3340 aliquo
3179 3276 3418 3328 ordinati
3451 3286 3602 3335 sunt.

2037 3341 2243 3400 Vereor
2264 3344 2469 3411 itaque,
2498 3356 2564 3394 ne
2594 3342 2666 3416 μὴ
2694 3341 2795 3393 hoc
2824 3342 2942 3395 loco
2974 3358 3070 3416 pro
3097 3345 3191 3395 καὶ
3218 3346 3477 3416 mendose
3509 3362 3605 3416 po-

2037 3426 2235 3479 natur;
2268 3422 2325 3463 ιιι
2364 3410 2566 3485 εειιδιιε
2596 3410 2687 3473 sit,
2727 3426 2823 3464 eos
2846 3415 2994 3485 apud
3024 3414 3361 3485 patriarchas
3414 3416 3466 3469 in
3509 3410 3603 3485 sy-

2036 3486 2182 3539 nodo
2210 3482 2856 3553 quotanniscongregari
2884 3482 3114 3553 debere
3144 3482 3452 3551 Episcopos.
3508 3482 3602 3553 qui

2036 3556 2101 3607 ab
2134 3550 2262 3620 ipsis
2298 3550 2531 3623 ordinati
2551 3559 2691 3609 sunt,
2729 3560 2775 3602 et
2836 3552 2993 3623 alios
3023 3552 3306 3605 ordinandi
3334 3550 3601 3623 episcopos

2026 3626 2118 3692 jus
2151 3625 2362 3687 habent,
2404 3620 2523 3694 _l_toc
2546 3628 2655 3694 est,
2711 3622 3295 3694 nietropolita_nos,qui
3348 3634 3457 3677 eta
3510 3620 3605 3694 pa-

2036 3694 2292 3747 triarehis
2322 3689 2556 3743 ordinati
2587 3697 2750 3760 sunt1
2780 3698 2833 3743 et
2866 3692 2966 3758 ipsi
3003 3692 3137 3745 alios
3161 3695 3453 3760 episc0pos
3497 3689 3593 3747 or-

2032 3764 2313 3816 dinarunt.
2347 3760 2437 3814 Sic
2465 3759 2684 3827 quidem
2725 3758 2953 3814 Photius
2984 3758 3208 3829 legisse
3244 3758 3475 3829 videtur,
3522 3779 3588 3816 eo

2029 3832 2174 3901 quod
2205 3833 2345 3884 hanc
2368 3830 2530 3883 etiam
2559 3830 2824 3901 novellam
2862 3833 3123 3898 producat
3154 3830 3222 3883 ad
3260 3834 3600 3899 probandum

2025 3898 2573 3971 iiietropnlitanoritm
2614 3898 2857 3971 synodos
2890 3901 3033 3967 apud
3068 3898 3461 3967 patriarcham,
3490 3905 3602 3971 epi-

2024 3966 2316 4039 scOpui-um
2352 3966 2494 4039 apud
2530 3966 2981 4039 metropolitanos
3017 3971 3361 4038 peragendas
3420 3966 3546 4026 esse
3582 3987 3599 4035 ;

2022 4036 2271 4105 γίνεσθαι
2302 4036 2550 4108 συνόδους
2580 4036 2993 4108 μητροπολιτῶν
3016 4036 3303 4106 παρὲίτοίς
3334 4042 3605 4108 πατριάρ-

2020 4126 2164 4177 χαις,
2198 4108 2293 4177 καὶ
2328 4106 2436 4157 τῶν
2464 4107 2779 4177 ἐπισκόπων
2814 4107 2965 4177 παρα
2993 4109 3105 4177 τοῖς
3143 4106 3596 4175 μητροπολίταις.

2028 4174 2190 4231 Phot.
2223 4175 2524 4229 Nomocan.
2561 4176 2643 4227 tit.
2677 4174 2729 4235 8,
2758 4189 2881 4243 cap.
2932 4176 2985 4228 8.
3030 4174 3241 4229 Sed’n’e
3264 4174 3400 4244 quid
3431 4178 3599 4230 dissi-

2032 4250 2328 4307 niulemus,
2368 4244 2472 4297 hoc
2500 4247 2689 4313 saltem
2721 4259 2818 4311 pro
2849 4245 3019 4296 altera
3045 4253 3098 4297 et
3120 4245 3330 4313 vulgari
3366 4247 3602 4298 lectione

358 4319 589 4390 nati,‘et
625 4312 850 4390 qui'non
882 4315 1082 4367 habent
1103 4315 1192 4390 jus
1234 4316 1373 4366 alios
1433 4315 1720 4390 episcopos
1773 4314 1924 4390 ordif
1957 4332 2004 4390 ι)
2032 4316 2138 4390 dici
2169 4323 2365 4390 potest,
2420 4312 2566 4390 quod
2594 4312 2745 4390 juxta
2775 4328 2895 4390 eain
2950 4314 3189 4390 episcopi
3228 4312 3599 4390 snll'raganei,

361 4388 548 4448 nandi,
575 4388 869 4454 quotannis
904 4387 1232 4454 conveniant
1253 4399 1267 4447 ;
1288 4385 1529 4450 ep.scopi
1556 4396 1738 4447 autem
1779 4385 1922 4451 apud

361 4471 502 4511 suos
530 4452 1005 4521 tnetropolitanos.
1041 4452 1331 4505 Enimvero
1363 4457 1581 4520 quinam
1614 4455 1686 4505 illi
1711 4455 1925 4520 episco-

362 4528 418 4594 pi
459 4541 580 4579 esse
606 4522 978 4594 possunt,qni
1009 4538 1035 4573 a
1091 4522 1446 4594 patriarchis
1477 4524 1712 4594 ordinati
1769 4534 1922 4586 sunt,

362 4591 419 4647 et
443 4591 622 4646 tamen
644 4593 1080 4659 alinscpiscopos
1113 4591 1401 4643 ordinandi
1432 4592 1520 4659 jus
1548 4608 1654 4644 non
1687 4591 1890 4645 habent
1914 4610 1923 4641 τ

365 4664 433 4715 lat
468 4673 725 4731 praeterea
761 4664 981 4727 quinam
1016 4677 1080 4713 ex
1114 4661 1250 4726 lege,
1292 4672 1397 4711 tam
1456 4661 1719 4714 canonica
1761 4678 1922 4727 quam

361 4734 535 4793 civili,
572 4731 713 4800 apud
761 4732 1101 4798 patriarchas
1139 4734 1434 4782 convenire
1466 4732 1688 4793 debent,
1729 4743 1925 4798 praeter

368 4800 868 4869 metropolitanos?
911 4800 981 4851 At
1004 4814 1195 4852 omnes
1245 4801 1672 4867 metropolitani,
1707 4816 1774 4853 eo
1807 4801 1925 4868 ipso

364 4873 609 4931 nomine,
645 4871 785 4939 quod
822 4877 950 4922 sunt
982 4871 1411 4939 metropolitani,
1437 4871 1575 4921 alios
1630 4870 1925 4937 episcopos

366 4928 1002 5009 ordinan'di'potestatciu
1041 4928 1259 4990 habent.
1306 4928 1422 4989 Non
1465 4928 1737 5009 inclinet,
1784 4928 1922 5009 nona

366 5012 553 5065 nullos
586 5013 753 5063 luisse
784 5009 1225 5075 archiepiscopus
1256 5017 1308 5060 et
1332 5008 1801 5074 metropolitanos,
1831 5008 1923 5075 qui

368 5085 552 5135 nullos
581 5079 681 5133 sibi
717 5080 1303 5147 subjectosepisCopos
1345 5079 1690 5142 habuerunt;
1738 5093 1925 5130 verum

362 5150 689 5212 Justiniani,
724 5163 751 5201 a
776 5146 883 5215 quo
910 5154 994 5199 est
1039 5148 1151 5198 [nec
1184 5146 1412 5210 novella,
1450 5148 1784 5211 temporibus
1819 5147 1927 5198 liu-

358 5221 608 5290 jusniodi
661 5220 1197 5290 archiespicoporniu
1254 5224 1323 5290 et.
1359 5216 1925 5290 metropolitanorum,

367 5285 574 5359 quibus
604 5288 735 5342 nulli
774 5290 1038 5341 suberant
1087 5286 1339 5359 chscopi
1384 5285 1641 5359 dignitas,
1683 5286 1925 5359 nonduin

368 5355 624 5413 instituta
654 5365 794 5418 erat,
830 5359 921 5411 sed
953 5370 982 5407 a
1036 5355 1431 5423 posterioribus
1502 5356 1927 5421 imperatoribus

367 5432 683 5483 introducta
725 5437 827 5481 est.
878 5425 1124 5494 Episcopi
1179 5436 1363 5477 autem
1410 5424 1586 5485 Derei,
1639 5423 1925 5486 Messenae,

370 5499 721 5567 Pauii,Apri,
790 5512 817 5549 a
868 5497 1186 5549 Balsamone
1241 5495 1308 5547 ad
1356 5509 1509 5567 suam
1574 5494 1924 5567 astruendani

370 5563 683 5639 Opinionem
731 5567 1162 5639 commemorati,
1196 5580 1295 5639 nec
1352 5563 1750 5639 archiepiscopi
1804 5577 1971 5639 pro-.

372 5634 483 5705 prie
519 5646 700 5702 erant,
728 5652 828 5691 nec
856 5635 1282 5704 metropolitani,
1312 5636 1403 5687 sed
1456 5635 1694 5701 episcopi
1766 5634 1927 5683 αὑτο-

2031 4386 2148 4438 sive
2190 4383 2561 4451 provinciales
2592 4383 2918 4448 patriarcha:
2952 4384 3207 4450 alicujus,
3243 4384 3443 4452 quibus
3490 4399 3597 4438 noii

2031 4454 2134 4507 sub
2162 4452 2489 4521 patriarcha:
2520 4452 2613 4521 sed
2648 4453 3052 4521 metropolitani
3106 4455 3323 4506 nomine
3380 4464 3600 4520 praeest,

2029 4520 2179 4591 apud
2196 4538 2320 4576 eum
2359 4520 2657 4573 convenire
2686 4520 2881 4591 debent
2918 4538 2930 4573 :
2966 4521 3021 4573 hi
3050 4524 3196 4574 enim
3238 4526 3305 4573 ab
3344 4537 3408 4573 eo
3475 4527 3599 4590 qni-

2029 4590 2153 4645 dem
2194 4600 2455 4657 tanquam
2485 4603 2514 4640 a
2549 4590 2968 4656 metropolitano
3012 4591 3245 4643 ordinati
3298 4601 3447 4655 sunt,
3503 4594 3600 4645 sed

2031 4663 2168 4715 alios
2198 4670 2379 4713 tamen
2431 4658 2739 4725 episcopos,
2798 4660 3344 4726 metropolitanorum
3420 4677 3600 4723 more,

2029 4728 2321 4785 ordinandi
2361 4735 2685 4797 potestatein
2716 4742 2822 4779 non
2874 4729 3096 4782 habent.
3149 4730 3213 4781 Et
3238 4730 3352 4795 ipse
3375 4732 3594 4797 qurdein

2028 4799 2373 4853 Justinianus
2403 4798 2529 4848 huic
2558 4796 2993 4863 interpretationi
3026 4800 3210 4851 favere.
3244 4796 3479 4857 videtur,
3508 4800 3597 4849 ubi

2030 4869 2086 4923 in
2117 4870 2287 4922 altera
2312 4867 2522 4919 novella
2545 4865 2693 4931 jubet
2727 4882 3140 4935 unumquemque
3156 4868 3364 4918 beatum
3396 4868 3600 4918 archie-

2028 4940 2298 5007 piscopum
2329 4946 2375 4988 et
2410 4935 2793 5007 patrium/iani,
2832 4948 2879 4987 et
2906 4937 3296 5007 metropolitani
3326 4938 3602 5007 sanctissi-

2032 5005 2142 5060 inos
2175 5022 2440 5074 episcopos
2478 5005 2569 5056 sub
2608 5020 2662 5062 se
2696 5008 3009 5057 συιιδιιιιιιυδ
3032 5008 3084 5056 in
3114 5006 3293 5057 eadem
3328 5005 3600 5069 provincia

2036 5080 2195 5131 semel
2228 5085 2318 5128 aut
2356 5075 2585 5143 secundo
2612 5089 2702 5139 per
2731 5076 2969 5143 singulos
3002 5091 3170 5125 annos
3202 5075 3271 5125 ad
3301 5090 3355 5126 se
3404 5088 3599 5143 convo-

2031 5162 2177 5203 care.
2206 5145 2408 5199 Justiti.
2431 5142 2619 5196 Novel.
2647 5143 2769 5206 125,
2793 5142 2913 5210 cap.
2942 5145 3027 5197 l0.
3060 5144 3337 5205 Hicenim,
3370 5150 3427 5195 ut
3454 5142 3605 5193 vide-

2033 5232 2091 5270 re
2125 5225 2231 5277 est,
2261 5229 2368 5267 non
2425 5216 2605 5267 solum
2664 5213 3059 5280 archiepiscopi
3111 5222 3163 5263 et
3221 5210 3604 5280 ritett'opolita,

2030 5286 2128 5339 sed
2156 5297 2204 5339 et
2239 5284 2561 5351 patriarchae
2592 5281 2872 5348 episcopos
2895 5279 3096 5334 habent
3115 5280 3219 5334 sub
3242 5295 3299 5332 se
3332 5283 3383 5331 in
3410 5279 3602 5333 eadem

2032 5354 2327 5421 provincia,
2354 5354 2711 5421 constitutos,
2744 5366 2883 5416 quos
2913 5351 2978 5402 ad
3003 5351 3267 5421 synodum
3301 5361 3609 5421 convocare

2032 5418 2252 5477 debent.
2294 5420 2358 5474 Et
2391 5422 2473 5474 sic
2502 5420 2720 5487 quidem
2758 5420 3061 5480 Romanus,
3103 5418 3502 5478 Antiochenns,
3552 5425 3607 5487 ct

2030 5493 2440 5546 Alexandrinus
2471 5486 2784 5541 habuerunt
2810 5505 2823 5553 ;
2863 5491 2956 5542 sed
2988 5504 3095 5540 non
3130 5490 3257 5541 item
3286 5486 3610 5541 Constanti-

2031 5563 2382 5630 nopolitanns
2436 5571 2489 5612 et
2517 5558 3068 5630 llierosolymitanus.
3104 5558 3183 5610 Illi
3215 5563 3611 5630 enimmctro-

2033 5627 2257 5701 politani
2286 5633 2607 5699 priusquam
2658 5627 2985 5698 patriarcha:
3014 5627 3264 5701 fuerunt
3294 5646 3307 5684 :
3338 5629 3389 5682 hi
3419 5636 3600 5680 autem
