4110 6224
383 238 490 305 549

461 373 478 407 ι
511 368 631 422 ριον
670 349 837 419 ἔχειν.
889 346 953 400 El
986 345 1093 415 γὰρ
1147 344 1223 415 τῷ
1254 341 1743 412 τοιούτῳείσιέναι
1786 341 1844 391 ἐν
1880 356 1970 390 κα.
2002 343 2048 403 Α

462 466 480 497 ι
518 442 732 512 πηλείῳ
761 441 863 493 οὐκ
914 439 1337 503 ἐπιτέτραπται,
1370 435 1522 505 πόσῳ
1569 432 1769 503 μᾶλλον
1796 431 1975 493 ἄλλοις

464 553 483 583 ι
520 533 576 583 ἐν
628 529 805 595 τούτῳ
853 525 1261 585 διακονεῖσθαι,
1313 522 1463 577 καὶᾶ
1501 522 1576 592 μὴ
1627 522 1783 590 θέμις
1826 521 1977 592 αὐτῷ

466 642 483 671 ι
511 622 781 690 ἐγχειρεῖν
807 635 821 680 ;
854 619 915 671 Εἰ
938 619 995 671 δέ
1015 635 1067 670 τι
1099 615 1339 670 τοιοῦτον
1363 615 1736 687 διαπράξοιτο,
1773 613 1806 684 ἢ
1835 630 1975 667 παυ-

466 732 484 762 ι
526 712 730 775 σάσθω,
758 709 1201 779 ἢκαθαιρείσθω.
1244 727 1262 761 ι

463 804 657 856 ΒᾹΛΣ.
704 801 765 854 Ὀ
828 800 928 869 μὲν
960 798 1033 853 νδ⁹
1089 799 1271 853 κανὼν
1304 799 1410 853 τῶν
1457 798 1627 866 ἁγίων
1660 797 1975 851 ἀποστόλων

384 893 743 965 ἀφορίζεσθαι
786 892 933 960 λέγει
966 893 1090 955 τοὺς
1121 891 1398 953 ἐσθίοντας
1442 891 1500 943 ἐν
1534 889 1812 958 καπηῖετῳ
1848 890 1978 958 κλη-

388 985 611 1056 ρικούς·
643 985 670 1036 ὁ
723 983 779 1035 δὲ
822 980 1012 1051 παρὼν
1041 981 1338 1049 διορίζεται
1392 980 1467 1049 μὴ
1524 979 1671 1047 ἔχειν
1719 979 1977 1049 κληρικον

388 1076 697 1145 καπηλικὸν
728 1075 1113 1144 ἐργαστήριον,
1144 1074 1308 1143 ἤγουν
1331 1072 1407 1142 μὴ
1437 1073 1682 1141 ἐνεργεῖν
1702 1070 1975 1141 ἐμπορίαν

387 1168 727 1238 καπηλικήν.
768 1169 829 1221 El
862 1168 969 1237 γὰρ
996 1168 1138 1221 κατᾶ
1170 1168 1492 1221 δεσποτείαν
1524 1167 1639 1237 ἔχει
1667 1164 1976 1235 καπηλικὸν

389 1258 777 1327 ἐργαστήριον,
820 1256 912 1309 καὶ⁸
942 1259 1078 1326 πρ“ς
1107 1256 1328 1325 ἐτέρους
1358 1257 1517 1311 τοῦτο
1545 1257 1815 1317 ἐκδίδωσι.
1850 1272 1975 1309 και-

394 1348 482 1398 νὸν
506 1346 607 1399 οὑκ
650 1346 786 1399 ἐστι.
819 1347 989 1399 Τοῦτο
1013 1348 1119 1416 γὰρ
1146 1347 1239 1401 καὶ
1284 1346 1438 1415 παρά
1466 1344 1845 1417 μοναστηρίων
1880 1344 1977 1398 καὶ

388 1437 700 1507 ἐκκλησιῶν
731 1436 1002 1505 διαφόρων
1018 1437 1225 1503 γίνεται
1251 1453 1266 1469 ·
1303 1437 1442 1492 ὥστε
1473 1439 1532 1491 τὸ
1562 1438 1708 1508 ἔχειν
1741 1437 1975 1490 ἐνταῦθα

389 1527 514 1578 ἀντὶ
540 1526 637 1579 τιῦ
664 1527 912 1595 ἐνεργεῖν
981 1527 1313 1597 ἐκλάμὸανε.
1360 1528 1512 1580 Ἐπεὶ
1560 1527 1617 1580 δὲ
1646 1528 1834 1596 ἕτερόν
1858 1528 1975 1580 ἐστι

390 1613 455 1666 τὸ
484 1615 827 1686 είσέρχεσθαι
881 1616 938 1667 ἐν
976 1616 1260 1687 καπηλείῳ
1313 1616 1581 1686 ἀλλοτρίῳ
1613 1616 1706 1669 καὶ
1747 1614 1972 1681 ἐσθίειν,

1415 231 1494 293 ΙΝ
1520 228 1681 291 CAN.
1724 227 1808 288 IX
1846 226 2058 289 CONC.
2102 227 2177 288 ΙΝ
2226 227 2551 289 ’I‘RULLO.

3539 235 3647 301 55-0

2154 358 2172 391 ι
2211 339 2266 393 Si
2303 341 2352 393 ci
2384 339 2529 392 enim
2559 337 2610 391 in
2636 352 2940 407 cauponam
2978 339 3186 411 ingredi
3244 357 3349 397 non
3404 353 3489 399 est
3533 361 3653 413 pero

2160 448 2179 481 ι
2220 430 2470 495 missum,
2495 444 2698 500 quanto
2731 431 2903 498 magis
2928 439 2982 484 et
3010 432 3130 486 aliis
3158 433 3210 487 in
3235 449 3298 488 ea
3329 436 3658 498 ministrare,

2158 541 2177 575 ι
2217 537 2304 589 ea,
2333 537 2451 591 quae
2485 537 2589 577 non
2619 521 2743 576 licet
2770 522 2871 593 ipsi
2911 525 3185 578 tractare?
3212 526 3267 580 Si
3301 527 3430 595 quid
3479 538 3658 584 autem

2160 633 2178 667 ι
2219 615 2325 670 tale
2357 615 2565 680 fecerit,
2600 615 2681 670 vel
2710 624 2905 681 cesset,
2950 615 3033 669 vel
3069 616 3386 685 deponatur.
3423 638 3442 672 ι

2152 792 2347 848 BALS.
2423 794 2913 864 Quinquagesimus
2992 804 3219 864 quartus
3292 797 3657 864 apostolorum

2083 902 2254 942 canon
2286 886 2511 941 clericos
2544 889 2812 958 segregari
2853 886 3025 953 jubet,
3062 889 3153 955 qui
3202 888 3251 941 in
3299 903 3540 957 caupona
3567 904 3660 943 co-

2085 978 2323 1034 tuedunt.
2357 976 2608 1031 Decernit
2640 988 2819 1031 autem
2851 994 3088 1047 prmseus
3122 993 3323 1043 canon,
3380 995 3446 1033 ne
3502 980 3663 1035 cleri-

2082 1085 2180 1123 cus
2212 1069 2412 1123 habeat
2440 1068 2761 1137 cauponiam
2788 1069 3083 1132 omcinam,
3114 1072 3226 1123 sive
3252 1085 3318 1123 ne
3340 1073 3661 1139 cauponiam

2085 1171 2444 1215 mercaturam
2481 1170 2754 1215 exerceat.
2784 1158 2839 1213 Si
2872 1161 3013 1214 enim
3050 1162 3371 1229 cauponiam
3400 1162 3663 1217 oﬂicinam

2083 1250 2136 1304 in
2168 1249 2407 1305 dominio
2436 1249 2618 1314 habet,
2650 1259 2703 1304 et
2732 1265 2851 1304 eam
2889 1251 3011 1306 aliis
3055 1252 3251 1319 eloeat,
3299 1268 3496 1308 novum
3550 1271 3657 1309 non

2083 1351 2183 1396 est.
2220 1341 2332 1395 [loc
2360 1341 2501 1395 enim
2533 1340 2696 1393 etiam
2749 1342 2887 1409 apud
2941 1344 3268 1396 monasteria
3317 1353 3370 1399 et
3418 1346 3662 1399 diversas

2086 1431 2142 1485 fit
2172 1431 2456 1486 ecclesias.
2487 1430 2873 1498 Quamobrem,
2904 1432 3107 1488 habere
3146 1433 3255 1498 hic,
3300 1450 3396 1503 pro
3424 1449 3489 1490 eo
3522 1436 3663 1504 quod

2081 1535 2165 1579 est
2193 1539 2472 1586 exercere,
2509 1527 2715 1595 accipe.
2777 1526 3044 1592 Quoniam
3080 1535 3258 1582 autem
3297 1528 3441 1584 aliud
3476 1540 3560 1586 est
3609 1531 3663 1585 in

2084 1614 2314 1668 alienam
2371 1630 2675 1684 cauponam
2727 1616 2932 1685 ingredi
2970 1627 3024 1672 et
3068 1620 3375 1684 comedere,
3432 1630 3487 1676 et
3519 1621 3667 1676 aliud

394 1705 491 1756 καλ⁵
522 1705 711 1774 ἕτερον
744 1704 805 1757 τὸ
833 1705 1236 1774 ἐμπορεύεσθαι
1288 1705 1599 1774 καπηλικήν
1647 1706 1864 1776 τέχνην,
1919 1709 1978 1758 ἐν

2084 1706 2462 1772 cauponariam
2495 1721 2757 1761 exercere
2795 1722 2811 1761 :
2848 1707 2902 1761 in
2946 1723 3155 1763 canone
3184 1709 3401 1778 quidem
3445 1721 3667 1781 aposto-

396 1797 498 1864 μὲν
528 1796 607 1866 τῷ
640 1796 985 1865 ἀποστολικῷ
1046 1798 1229 1850 κανόνι
1283 1796 1641 1866 ἀφορίζεσθαι
1701 1814 1835 1866 φησι
1885 1797 1976 1849 τὸν

395 1887 647 1940 ἐσθίοντα
676 1889 734 1940 ἐν
765 1888 1049 1957 καπηλείῳ
1083 1888 1344 1957 κληρικὸν
1369 1927 1383 1950 ,
1445 1886 1539 1940 καὶ
1576 1888 1713 1957 μετά
1758 1904 1975 1957 παραγ-

396 1979 581 2046 γελίαν
617 1977 692 2049 μὴ
723 1978 1127 2047 διορθούμενον,
1150 1977 1365 2042 πάντως
1397 1980 1483 2032 διὰ
1516 1980 1576 2032 τὸ
1604 1979 1975 2051 μετριώτερον

395 2071 491 2124 τοῦ
521 2072 957 2141 ἁμαρτήματος·
990 2070 1080 2125 τὸν
1104 2071 1159 2123 δὲ
1209 2071 1536 2141 ἐνεργοῦντα
1582 2072 1843 2142 κληρικδν
1874 2092 1975 2127 κα-

396 2162 633 2232 πηλικδν
657 2162 1041 2231 ἐργαστήριον,
1069 2162 1142 2232 μὴ
1180 2161 1561 2231 διορθούμενον
1594 2164 1730 2233 μετά
1764 2181 1980 2234 παραγ-

408 2255 604 2320 τελῖαν,
639 2251 1022 2322 καθαιρεῖσθαὶ
1054 2269 1220 2322 φησιν
1242 2254 1270 2305 ό
1304 2253 1498 2323 παρὼν
1519 2254 1719 2321 κανὼν,
1759 2256 1977 2318 πάντως

398 2346 570 2399 διὰτὸ
606 2344 907 2415 βαρύτερον
956 2345 1049 2397 τοῦ
1082 2345 1498 2415 ἁμαρτήματος.
1556 2347 1855 2412 ’Λναγνωθι
1910 2348 1980 2402 τά

402 2436 835 2506 παραγραφὼτα
870 2438 926 2489 ἐν
978 2436 1055 2506 τῷ
1088 2436 1309 2506 ῥηθέντι
1364 2436 1435 2489 νδ⁴
1479 2437 1824 2510 ἀποστολικῷ
1880 2458 1982 2493 καο

401 2530 538 2593 νόνι,
571 2529 663 2580 καλ⁸
722 2527 941 2580 συνόδου
1002 2526 1319 2592 Λαοδικείας
1381 2529 1582 2583 κανόνα
1614 2528 1713 2595 κδ’,
1762 2533 1982 2586 συνόδου

404 2618 768 2688 Καρθαγένης
801 2621 1002 2671 κανόνα
1044 2616 1118 2688 μ’,
1170 2620 1263 2672 καὶ
1297 2620 1502 2691 βιϐλίου
1535 2619 1578 2673 δ’
1630 2623 1738 2674 τῶν
1768 2622 1984 2677 Βασιλι-

407 2710 518 2762 κῶν
544 2709 722 2761 τίτλον
772 2714 821 2760 α’
862 2725 989 2776 κεφ.
1044 2709 1388 2771 τελευταῖον,
1439 2711 1576 2781 ὅπερ
1628 2713 1981 2783 κατεστρώθη

404 2801 603 2865 ἔξωθεν
631 2798 725 2852 τοῦ
770 2796 842 2851 λε’
868 2816 992 2868 κεφ.
1024 2797 1118 2852 τοῦ
1141 2797 1185 2853 θ’
1238 2800 1415 2854 τίτλου
1440 2802 1532 2855 τοῦ
1566 2804 1831 2873 παρόντος
1862 2821 1985 2858 συν-

402 2892 709 2958 τάγματος.

479 2983 724 3035 ΖΩΝΑΡ.
756 2982 830 3034 Τὸ
859 2979 1003 3050 ἔχειν
1053 2982 1358 3051 καπηλικὸν
1402 2984 1763 3055 ἐργαστήριον
1793 2986 1985 3058 κληριο

404 3076 502 3127 κον
535 3075 756 3144 νοητέον
797 3074 857 3127 τὸ
891 3074 957 3126 δι’
990 3074 1186 3127 ἑαυτοῦ
1240 3076 1483 3144 ἐνεργεῖν
1530 3077 1695 3131 αὑτὸν
1728 3080 1787 3130 ἐν
1831 3080 1982 3150 αὐτῷ

406 3171 499 3221 καὶ
528 3169 844 3238 ὑπηρετεῖν.
903 3169 976 3220 Οὐ
1029 3167 1137 3237 γὰρ
1166 3166 1480 3238 εὔσχημον,
1533 3168 1669 3222 ἀλλὰ
1714 3170 1806 3224 καὶ
1862 3171 1984 3227 λίαν

406 3261 554 3311 ἐστὶν
585 3260 833 3329 ἀπρεπὲς
864 3260 924 3310 τὸ
959 3258 1261 3328 καπηλείου
1303 3260 1672 3328 προΐστασθαι
1703 3259 1980 3331 κληρικὺν,

407 3352 500 3402 καὶ
528 3351 655 3410 τοὺς
692 3350 772 3410 είς
800 3349 932 3401 αὐτὸ
961 3349 1229 3410 εἰσιόντας
1282 3348 1661 3419 ὑποδέχεσθαι,
1704 3350 1799 3401 καὶ
1836 3350 1982 3419 βρώ-

408 3458 553 3510 ματα
588 3439 941 3508 παρατιθέναι
965 3439 1166 3501 αὐτοῖς,
1206 3439 1298 3492 καὶ
1326 3434 1469 3491 οἶνον
1499 3441 1740 3507 ἐγχέειν.
1771 3433 1843 3511 τῼ
1876 3441 1985 3510 γὰρ

405 3533 787 3604 ἀπηγόρευται
814 3532 872 3583 τὸ
888 3530 1024 3593 ὅλως
1054 3533 1131 3592 είς
1164 3530 1455 3600 καπηλεῖον
1473 3532 1816 3599 είσέρχεσθαι
1847 3531 1987 3584 κατὰ

403 3627 494 3676 τὸν
524 3624 596 3676 νδ¹
632 3622 830 3676 κανόνα
874 3620 983 3672 τῶν
1011 3620 1180 3687 ἀγίων
1211 3621 1547 3684 ἀποστόλων,
1602 3621 1719 3683 πῶς
1743 3614 1898 3682 οὗτος
1929 3623 1986 3671 ἐν

404 3716 556 3784 αὐτῷ
584 3713 847 3784 διηνεκῶς
875 3713 1026 3765 ἔσται
1048 3711 1555 3778 ἀναστρεφόμενος;
1586 3710 1689 3762 Τόν
1736 3727 1794 3762 τε
1827 3708 1985 3762 τοῦτο

408 3806 666 3859 ποιοῦντα
695 3804 728 3875 ἢ
761 3802 1029 3857 παύεσθαι
1067 3801 1310 3872 βούλεται
1341 3804 1368 3866 ό
1405 3800 1586 3854 κανὼν
1616 3802 1646 3871 ἢ
1701 3801 1983 3871 καθαιρεῖ-

410 3901 554 3954 σθαι.
588 3900 651 3951 Εἰ
679 3900 737 3952 δέ
767 3916 849 3959 τις
892 3897 1150 3967 κληρικὸς
1181 3897 1389 3948 τοιοῦτο
1442 3896 1804 3965 ἐργαστήριον
1841 3896 1981 3965 ἔχων

407 3993 585 4061 ἐτέρῳ
617 3990 748 4044 αὐτὸ
778 3987 1131 4059 ἐκμισθὼσει,
1165 3987 1293 4057 περὶ
1319 3986 1417 4057 τὴν
1466 3987 1670 4039 οίκείαν
1703 3986 1977 4039 κατάστα-

410 4102 493 4137 σιν
527 4084 587 4137 οὑ
621 4082 969 4153 βλαϐήσεται.

2080 1794 2184 1849 lico
2213 1795 2493 1862 clericum,
2523 1797 2614 1867 qui
2643 1797 2695 1852 in
2722 1812 2971 1867 caupona
3014 1801 3268 1865 comedit,
3325 1813 3379 1855 et
3413 1813 3535 1869 post
3567 1803 3666 1858 de-

2080 1885 2475 1942 nuntiationem
2545 1903 2649 1943 non
2719 1891 3053 1958 corrigitur,
3113 1907 3183 1946 eo
3244 1892 3466 1947 omnino
3516 1895 3661 1963 quod

2081 1984 2356 2042 peccatum
2405 1977 2473 2030 sit
2502 1976 2693 2041 levius,
2731 1981 3125 2048 segregandum
3178 1983 3327 2036 dicit.
3380 1981 3655 2038 Clericum

2081 2072 2264 2116 autem
2323 2063 2413 2131 qui
2439 2065 2758 2133 cauponiam
2798 2067 3079 2120 tabernam
3116 2077 3358 2134 exercet,
3390 2084 3490 2124 nec
3542 2077 3666 2138 post

2082 2153 2542 2209 denuntiationem
2578 2158 2890 2227 corrigitur,
2923 2174 3160 2226 praesens
3183 2173 3381 2225 canon,
3406 2161 3661 2229 quoniam

2083 2246 2300 2313 gravius
2328 2247 2547 2302 omnino
2578 2260 2862 2318 peccatum
2900 2261 3003 2316 est,
3058 2252 3188 2305 dicit
3232 2267 3354 2307 esse
3393 2253 3671 2321 deponen-

2083 2336 2232 2391 dum.
2269 2338 2410 2408 Lege
2441 2356 2560 2408 qua:
2608 2342 2839 2412 ascripta
2899 2352 3029 2397 sunt
3064 2345 3115 2398 in
3148 2345 3294 2400 dicto
3333 2345 3671 2415 quinquage-

2084 2428 2222 2482 simo
2258 2440 2450 2499 quarto
2490 2447 2701 2487 canone
2733 2435 3056 2503 apostolico,
3095 2447 3148 2490 et
3196 2438 3384 2506 synodi
3436 2437 3660 2491 Laodic.

2084 2534 2208 2572 can.
2242 2519 2311 2573 24
2342 2522 2530 2591 synod.
2563 2523 2748 2577 Carth.
2789 2540 2994 2581 canone
3027 2526 3094 2580 40
3129 2537 3182 2581 et
3230 2528 3262 2582 4
3294 2527 3413 2582 libri
3447 2528 3665 2581 Basilio.

2088 2610 2170 2664 tit.
2210 2612 2365 2680 primi
2403 2627 2523 2681 cap.
2561 2615 2803 2668 ultimmn
2837 2619 2977 2685 quod
3011 2630 3164 2671 extra
3202 2619 3270 2673 35
3312 2634 3433 2687 eap.
3466 2619 3499 2673 9
3562 2621 3647 2673 tit.

2086 2702 2366 2768 prmsentis
2389 2703 2588 2772 operis,
2622 2706 2855 2773 positum
2888 2719 2987 2761 est.

2158 2986 2412 3042 ZONAR.
2449 2986 2601 3052 Quod
2630 2986 2949 3056 cauponiam
2980 2986 3195 3041 domum
3235 2986 3436 3043 habere
3479 2989 3664 3045 clerici

2093 3078 2192 3131 hoc
2221 3091 2429 3132 canone
2460 3076 2832 3145 prohibentur,
2866 3075 2917 3129 id
2951 3076 3023 3129 ita
3055 3076 3433 3145 accipiendum
3460 3088 3562 3143 est,
3611 3089 3669 3132 ut

2088 3167 2167 3222 eis
2196 3166 2441 3220 videlicet
2467 3180 2662 3235 operas
2694 3165 2745 3218 in
2778 3179 3021 3233 caupona
3074 3165 3271 3225 locare,
3302 3165 3525 3235 ejusque
3566 3170 3668 3219 mi-

2091 3256 2330 3311 nisteriis
2358 3255 2631 3309 inservire
2655 3272 2721 3309 ne
2753 3254 2929 3309 liceat.
2969 3253 3148 3324 Turpe
3188 3256 3473 3325 siquidem,
3507 3267 3671 3326 atque

2086 3347 2152 3399 ab
2186 3344 2392 3399 ordinis
2417 3345 2678 3415 dignitate
2704 3345 3049 3401 vehementer
3069 3348 3327 3410 alienum,
3351 3350 3667 3402 exercenda:

2085 3452 2344 3505 caupona:
2386 3437 2645 3491 clericum
2680 3437 2994 3505 prmsidere,
3050 3438 3383 3507 excipiendis
3432 3440 3667 3493 homini-

2086 3530 2207 3594 bus,
2240 3529 2573 3597 apponendis
2606 3528 2828 3584 ferculis
2872 3538 3069 3600 prtesto
3112 3546 3251 3594 esse,
3289 3533 3668 3601 piucernzeque

2086 3621 2487 3689 quodammodo
2518 3635 2739 3690 operam
2781 3635 2844 3675 ac
2885 3622 3182 3677 ministeria
3226 3622 3527 3691 hospitibus
3562 3639 3665 3677 ex-

2093 3712 2298 3764 hibere.
2332 3710 2429 3765 Cui
2461 3711 2605 3766 enim
2641 3721 2697 3765 ut
2739 3711 3036 3780 apostolico
3079 3728 3290 3767 canone
3329 3715 3662 3784 quinquage-

2088 3801 2228 3854 simo
2276 3812 2472 3869 quarto
2521 3801 2705 3856 videre
2756 3811 2863 3869 est,
2922 3803 2986 3856 ad
3046 3818 3349 3872 cauponam
3403 3803 3668 3857 divertere

2088 3893 2312 3947 Omnino
2350 3906 2454 3946 non
2489 3892 2836 3962 permissum,
2873 3909 2981 3963 quo
3011 3903 3167 3961 pacto
3198 3893 3315 3946 talis
3369 3892 3419 3946 in
3454 3908 3517 3946 eo
3544 3908 3667 3961 per-

2084 3994 2245 4053 petuo
2304 3984 2645 4038 versabitur?
2703 3984 2801 4049 Qui
2859 3985 3020 4053 igitur
3066 3985 3117 4038 id
3169 3985 3381 4047 fecerit,
3443 3998 3533 4039 aut
3600 3989 3668 4039 ab

2082 4089 2147 4128 eo
2181 4074 2425 4128 instituto
2462 4089 2697 4138 cessare,
2730 4085 2820 4128 aut
2848 4074 3186 4141 depositione
3222 4076 3437 4128 multari
3492 4092 3665 4129 canon

402 4178 577 4245 jubet.
614 4179 836 4232 Domum
870 4185 1044 4231 tamen
1125 4172 1385 4241 ejusmodi
1444 4174 1661 4238 habere,
1711 4186 1775 4226 ac
1858 4169 2037 4225 locare
2073 4170 2248 4233 alteri,
2292 4168 2505 4224 clericis
2548 4182 2761 4255 quoque
2796 4168 2912 4223 sine
2958 4169 3064 4222 ulla
3118 4169 3403 4237 dignitatis
3449 4165 3663 4240 jactura

388 4283 663 4351 .(‘ODL‘CSBU
672 4283 721 4322 m
752 4275 855 4321 est.

408 4365 630 4421 ΔΡΙΣΤ.
692 4380 712 4414 ‹
755 4361 818 4414 Εί
848 4357 1145 4413 είσιέναιέν
1173 4354 1450 4424 καπηλείῳ
1480 4354 1781 4408 κεκώλυται
1811 4353 1978 4423 κληρι

2105 4353 2327 4409 ARIST.
2391 4371 2409 4404 ι
2453 4353 2509 4407 Si
2553 4367 2849 4422 cauponam
2894 4350 3099 4420 ingredi
3158 4352 3473 4419 prohibetur
3512 4354 3669 4410 cleri-

482 4476 501 4507 ι
543 4456 659 4519 κὸς,
712 4454 805 4505 καὶ
835 4451 980 4519 ἔχειν
1028 4447 1403 4518 κωλυθήσεται
1453 4446 1655 4515 μᾶλλον
1680 4462 1693 4476 ·
1731 4445 1764 4515 ἢ
1798 4446 1981 4499 τοίνυν

486 4568 505 4601 ι
546 4536 1532 4614 παυθήσονται,ηῆκαθαιρεθήσονται.
1578 4555 1597 4587 ι

476 4639 591 4694 Οὐκ
612 4636 788 4701 ἔξεστι
811 4632 1071 4704 κληρικον
1099 4630 1402 4701 καπηλικὸν
1425 4630 1788 4701 ἐργαστήριον
1808 4628 1972 4700 ἔχειν,

406 4735 501 4787 καλ⁵
528 4731 769 4800 ἐνεργεῖν
799 4727 855 4779 ἐν
906 4724 1090 4794 αὐτῷ·
1141 4723 1192 4774 εἱ
1238 4722 1345 4792 γάρ
1379 4721 1683 4774 κεκώλυται
1730 4724 1787 4773 ἐν
1823 4721 1980 4774 ἀλλο-

404 4824 541 4895 τρίῳ
559 4818 840 4890 καπηλείῳ
875 4813 1241 4886 εἰσέρχεσθαι,
1272 4814 1320 4865 εί
1357 4812 1433 4883 μὴ
1461 4812 1528 4865 δι’
1551 4812 1796 4882 ἀνάγκην
1820 4812 1979 4865 τοῦτο

408 4917 644 4985 ποιήσει,
680 4910 857 4979 πολλῷ
890 4909 1051 4960 πλέον
1073 4907 1215 4975 ἔχειν
1237 4906 1399 4959 αὑτὸν
1422 4905 1711 4974 καπηλεῖον
1734 4905 1795 4956 οὐ
1851 4906 1978 4974 χρὴ,

405 5012 504 5064 καὶ
532 5009 713 5067 ἄλλοις
745 5006 802 5057 ἐν
842 5002 1017 5073 τούτῳ
1049 5002 1336 5054 διακονεῖν.
1386 5000 1444 5053 Ὀ
1472 5000 1528 5051 δὲ
1555 4998 1771 5066 τολμῶν
1819 4997 1976 5050 τοῦτο

2166 4465 2183 4498 ι
2224 4462 2340 4506 cus,
2373 4455 2426 4500 et
2457 4446 2653 4500 habere
2691 4443 2860 4511 magis
2906 4443 3279 4512 prohibebitur
3312 4462 3323 4497 :
3357 4446 3438 4500 vel
3486 4447 3667 4517 itaque

2168 4556 2187 4589 ι
2222 4538 2506 4600 desistant,
2542 4535 2625 4589 vel
2657 4536 3014 4604 deponuntur.

2161 4628 2277 4682 Non
2309 4628 2430 4681 licet
2455 4626 2654 4681 clerico
2689 4626 3072 4693 caupouariam
3118 4627 3316 4680 habere
3370 4628 3662 4695 ollicinaru,

2086 4722 2225 4776 etin
2255 4736 2315 4773 ea
2353 4718 2590 4788 operari.
2649 4716 2705 4771 Si
2757 4719 2900 4771 enim
2949 4718 3177 4773 alterius
3239 4735 3537 4788 cauponam
3581 4723 3664 4775 in-

2086 4813 2231 4883 gredi
2265 4810 2598 4881 prohibetur,
2632 4808 2731 4862 nisi
2770 4808 2995 4862 forsitan
3031 4809 3099 4863 ob
3134 4814 3502 4867 necessitatem
3533 4813 3662 4867 illud

2088 4904 2327 4958 fecerit:
2401 4900 2569 4954 multo
2628 4900 2798 4969 magis
2870 4914 2991 4953 eum
3048 4901 3208 4972 168
3273 4903 3470 4956 habere
3534 4917 3665 4954 cau-

2084 5010 2276 5064 ponam
2313 5004 2369 5047 et
2408 4992 2529 5046 aliis
2570 4996 2623 5044 in
2672 5006 2733 5044 ea
2771 4991 3077 5045 ministrare
3121 5007 3226 5045 non
3291 5002 3524 5061 oportet.
3559 4992 3661 5059 Qui

1603 5141 1808 5204 Guill.
1849 5135 2184 5215 Beveregii
2220 5140 2407 5197 noue.

398 5282 650 5349 όφφίκια,
685 5277 717 5345 ἦ
745 5275 1119 5349 πρακτοοικὲις
1151 5272 1451 5349 ἐνεργείας,
1479 5270 1510 5338 ἢ
1544 5286 1959 5349 κονρατωρειας

402 5338 525 5411 τοὺ-ς
572 5338 868 5416 κληρικοὺέ
914 5338 1254 5416 ἐπισκήπτει
1298 5341 1383 5392 δια
1442 5338 1829 5416 σημειώματος
1888 5338 1961 5416 μὴ

401 5409 782 5485 ἀναδέχεσθαι.
820 5414 1145 5485 Patriarclia
1208 5411 1378 5485 Lucas
1427 5409 1963 5485 etianrseplasiarias

401 5476 661 5559 ofﬁcinas,
687 5494 777 5555 ᾳιιι
810 5483 1106 5559 balnearia}
1132 5501 1161 5533 ιι
1186 5479 1605 5559 clericis-curari
1650 5493 1742 5559 per
1796 5478 1970 5559 adno-

402 5544 659 5615 ιέιίῡοηεηί
690 5544 852 5607 uetuit
874 5568 892 5605 .·
926 5553 1081 5604 veluti
1120 5567 1235 5619 qua:
1272 5551 1413 5617 turpi
1440 5549 1586 5601 lucro
1611 5556 1660 5600 et
1693 5548 1965 5599 mendacio

398 5630 732 5687 occasionem
763 5624 1013 5691 praebent.
1067 5619 1344 5674 Inierdicit
1397 5620 1550 5671 etiam
1588 5620 1851 5678 diarom’s,
1910 5632 1971 5669 ne

2072 5264 2384 5318 medicinam
2418 5263 2663 5331 faciant:
2694 5271 2742 5317 et
2771 5261 3117 5331 θερί-εραιὶοηί
3181 5259 3395 5326 subjici:
3437 5260 3658 5331 clericos

2073 5339 2163 5403 qui
2201 5335 2472 5386 mundana
2507 5330 2837 5400 publicaque
2864 5331 3093 5403 negotia
3155 5339 3406 5403 (metant.
3468 5330 3658 5385 Iliaem

2074 5397 2384 5473 patriarcha
2423 5397 2646 5455 Michael
2703 5397 3056 5473 dnclzialrnus
3118 5416 3208 5473 per
3256 5397 3657 5473 adnotationem

2086 5476 2328 5537 mandat,
2359 5483 2413 5523 ut
2448 5473 2625 5525 clerici
2650 5472 2815 5539 officia
2878 5470 3183 5529 swcularia.
3221 5470 3297 5522 vel
3349 5480 3658 5524 exartorum

2087 5544 2290 5606 munia,
2329 5542 2406 5594 vel
2431 5555 2741 5594 curaiorum
2808 5555 2909 5591 non
2964 5540 3281 5607 suscipiant.
3323 5541 3658 5611 Harntetmp.

2084 5614 2230 5681 Epit.
2264 5628 2386 5667 can.
2421 5620 2556 5666 sect.
2591 5612 2623 5664 '5
2686 5611 2771 5664 tit.
2797 5610 2846 5662 2.
