4110 6224
393 151 494 219 551

1651 139 1922 198 ΤΗΕΟῙ).
1955 135 2186 196 BALSA
2196 133 2350 193 ΜοΝ

3523 131 3624 194 552

392 267 496 320 hoc
523 272 702 316 autem
733 259 911 315 facere
936 271 1096 313 ausus
1122 253 1302 313 fuerit,
1330 261 1382 305 et
1425 265 1638 306 cessare
1689 265 1792 304 non
1837 262 1957 319 per-
1989 291 1998 314 γ

2101 244 2346 313 εράττειν,
2398 242 2491 294 καὶ
2533 239 2608 311 μὴ
2634 241 2922 295 ὑπακούων
2967 240 3264 313 παυθῆναι,
3309 241 3638 314 καθαιρεθήσ

392 363 670 419 suadetur,
707 353 1020 422 deponatur.

1011 437 1238 494 CANON
1278 436 1346 490 Χ.

401 553 421 585 τ
464 532 784 604 Episcopus,
818 530 900 584 vel
934 530 1238 599 presbyter,
1277 525 1357 579 vel
1404 524 1682 590 diaconus,
1714 521 1804 590 qui
1841 535 1968 575 usu-

475 645 494 677 ι
530 641 641 690 ras,
673 627 752 678 vcl
794 637 913 690 qum
964 621 1214 672 dicuntur
1242 617 1571 679 centesima,
1603 613 1820 682 accipit,
1883 610 1966 664 vel

475 735 492 767 ι
533 722 725 774 cesset,
755 714 838 766 vel
867 711 1183 779 deponatur.
1226 727 1244 760 ι

471 804 667 858 BALS.
730 803 785 854 lu
837 802 1049 855 decimo
1099 801 1327 867 septimo
1370 811 1576 851 canone
1617 794 1804 863 prima:
1848 807 1969 863 syn.

402 898 536 949 satis
563 895 878 962 scripsimus
908 893 973 946 de
995 889 1243 944 omnibus
1266 887 1658 947 sacerdotibus,
1685 898 1778 937 seu
1805 883 1973 936 sacris

410 986 636 1042 initiatis
691 985 780 1051 qui
828 997 1020 1035 usuras
1077 981 1370 1048 accipiunt,
1422 977 1504 1029 vel
1561 975 1775 1043 aliquod
1830 973 1972 1026 aliud

409 1088 562 1145 turpe
596 1076 802 1127 lucrum
834 1074 934 1127 sibi
966 1072 1292 1140 excogitant.
1331 1070 1398 1122 Et
1446 1070 1562 1136 lege
1611 1082 1729 1136 quae
1778 1065 1828 1117 in
1886 1064 1975 1117 illo

409 1171 611 1236 scripta
645 1175 804 1229 sunt;
845 1174 898 1217 et
953 1163 1195 1216 invenies
1233 1160 1558 1215 solutionem
1607 1156 1976 1225 repugnantia:

407 1275 526 1329 qua:
549 1272 669 1311 esse
699 1254 1060 1308 videturillius
1079 1253 1300 1306 canonis
1319 1262 1371 1306 et
1401 1252 1700 1318 praesentis.
1732 1250 1976 1303 Praesens

410 1351 550 1404 enim
609 1361 805 1410 canon,
842 1353 896 1398 et
953 1343 1287 1411 apostolicus
1343 1341 1412 1394 44
1456 1341 1537 1393 vel
1597 1354 1831 1404 cessare,
1895 1339 1975 1391 vel

412 1440 604 1510 deponi
663 1438 852 1506 jubent
902 1451 1024 1490 eum
1069 1436 1158 1504 qui
1215 1434 1317 1488 tale
1367 1433 1492 1502 qttid
1524 1432 1670 1486 facit.
1732 1431 1980 1486 Decimus

2071 351 2246 387 σεται.

2676 425 2916 477 ΚΔΝΩΝ
2954 423 3012 479 l'.

2077 537 2096 571 ι
2133 518 2479 585 Ἐπίσκοπος,
2511 518 2544 588 ἢ
2577 517 2969 588 πρεσϐύτερος,
3008 517 3040 587 ἢ
3068 518 3334 584 διάκονος,
3369 518 3563 580 τόκους
3611 518 3645 586 ἦ

2150 627 2170 660 ι
2207 609 2305 671 τὰς
2327 608 2623 676 λεγομένας
2657 608 2952 670 ὲκατοστᾶς
3010 608 3323 678 λαμϐάνων,
3358 608 3390 658 ii
3433 608 3652 661 παυυάο

2149 719 2168 752 ι
2201 704 2331 764 σθω,
2360 699 2392 769 ἦ
2426 699 2822 769 καθαιρείσθω.
2853 719 2873 766 ρ

2144 796 2340 848 ΒΑΛΣ.
2391 795 2480 847 Ἐν
2505 793 2582 863 τῷ
2635 794 2700 857 ιζ’
2755 794 2940 846 κανόνι
2971 795 3067 863 τῆς
3115 792 3162 847 α’
3196 794 3414 846 συνόδου
3449 793 3656 854 ἱκανῶς

2075 886 2396 956 ἐγράψαμεν
2422 888 2548 953 περὶ
2573 885 2786 936 πάντων
2814 885 2922 937 τῶν
2951 885 3280 955 ίερωμὲνων,
3307 885 3416 935 τῶν
3438 883 3654 952 λαμϐα-

2076 977 2274 1030 νόντων
2303 979 2512 1039 τόκους,
2547 977 2580 1046 ἢ
2615 978 2708 1028 καὶ
2735 977 2921 1043 ἔτερόν
2949 994 3001 1028 τι
3032 977 3255 1045 αἰσχρὸν
3299 975 3491 1045 κέρδος
3527 976 3658 1027 ἐαυ-

2078 1072 2189 1132 τοῖς
2221 1068 2638 1138 ὲπινοουμένων.
2668 1068 2774 1121 Καὶ
2799 1050 3072 1134 ἀνάγνωθι
3110 1069 3178 1117 τὰ
3209 1068 3266 1117 ἐν
3295 1066 3490 1131 ἐκείνῳ
3521 1082 3660 1133 γρα-

2081 1160 2249 1227 φέντα
2269 1176 2283 1190 ⁸
2319 1162 2410 1212 καὶ
2426 1160 2676 1230 εὑρήσεις
2699 1157 2794 1229 τὴν
2821 1157 2973 1210 λύσιν
3001 1157 3103 1223 τῆς
3135 1157 3397 1226 δοκούσης
3416 1158 3652 1209 ἐναντιο-

2081 1251 2304 1319 φανείας
2324 1251 2532 1303 ἐκείνου
2564 1267 2624 1301 τε
2657 1250 2747 1301 τοῦ
2767 1249 2984 1310 κανόνος
3015 1250 3106 1300 καὶ
3141 1248 3232 1300 τοῦ
3270 1247 3554 1316 παρόντος.
3597 1251 3656 1301 ’0

2085 1349 2184 1411 μὲν
2211 1345 2318 1412 γὰρ
2351 1340 2540 1412 παρὼν
2561 1341 2741 1394 κανὼν
2773 1342 2865 1393 καὶ
2892 1342 2920 1392 ό
2943 1338 3299 1400 ἁποστολικδς
3338 1339 3418 1407 μᾶ
3449 1339 3480 1407 ἢ
3514 1341 3660 1391 παύ-

2087 1436 2282 1489 σασθαι
2313 1436 2346 1506 ἦ
2380 1435 2761 1506 καθαιρεῖσθαί
2797 1451 2930 1504 φησι
2961 1435 3052 1487 τὸν
3080 1433 3318 1486 τοιοῦτόν
3345 1452 3396 1486 τι
3435 1433 3661 1486 ποιοῦν·

411 1531 670 1598 septimus
701 1541 879 1582 autem
916 1541 1086 1580 canon
1126 1526 1312 1593 primae
1361 1523 1556 1592 synodi
1607 1537 1729 1576 eum
1784 1522 1974 1591 deponi

2101 1543 2154 1580 ια
2183 1539 2196 1552 ⁸
2234 1525 2346 1578 όδὲ
2401 1525 2467 1589 ιζ’
2517 1525 2695 1578 κανὼν
2753 1526 2849 1592 τῆς
2893 1525 2941 1576 α’
2996 1526 3213 1577 συνόδου
3267 1523 3655 1592 καθαιρεῖσθαι

411 1619 581 1690 jubet.
613 1619 756 1690 Lege
784 1629 839 1674 et
864 1619 932 1672 27
965 1633 1085 1688 cap.
1131 1619 1163 1671 9
1190 1619 1272 1670 tit.
1306 1621 1582 1687 praesentis
1602 1616 1802 1685 operis.

485 1792 738 1848 ZONAR.
775 1791 981 1847 Usuras
1029 1792 1270 1861 exigere,
1326 1808 1430 1846 non
1488 1789 1725 1861 episcopi
1785 1789 1984 1855 solum,

415 1886 739 1955 presbyteri,
767 1892 821 1937 et
847 1883 1080 1948 diaconi,
1107 1885 1198 1936 sed
1233 1891 1289 1938 ct
1341 1898 1529 1937 omnes
1560 1885 1610 1935 in
1655 1895 1862 1936 canone
1897 1894 1986 1934 re-

418 1976 634 2039 censiti,
670 1977 851 2046 primae
879 1974 1068 2044 synodi
1099 1974 1306 2026 decimo
1334 1975 1560 2039 septimo
1583 1987 1788 2026 canone
1807 1973 1988 2042 prohi-

420 2069 636 2122 bentur.
671 2067 745 2121 lbi
779 2083 895 2129 nos,
919 2077 972 2120 et
995 2066 1120 2135 quid
1152 2067 1445 2119 centesima
1468 2066 1537 2118 sit
1577 2065 1986 2134 explicavimus,

421 2170 476 2214 et
507 2160 702 2224 fusius,
740 2175 860 2236 qua;
879 2161 943 2213 ad
976 2159 1144 2227 ipsius
1175 2157 1398 2213 canonis
1424 2157 1837 2224 explicationem
1869 2171 1986 2226 per-

429 2257 622 2317 tinent,
655 2253 893 2307 exsecuti
929 2267 1135 2306 sumus.
1167 2251 1247 2305 Ad
1297 2266 1359 2304 ea
1393 2253 1554 2321 igitur
1603 2249 1859 2304 lectorem
1907 2263 1991 2302 re-

423 2346 708 2400 mittimus.
741 2343 842 2397 Sed
876 2356 929 2397 et
958 2344 1166 2408 eadem,
1204 2359 1322 2412 qua:
1354 2345 1453 2398 bne
1500 2343 1637 2406 loco,
1680 2341 1993 2396 [.aodicettaa

423 2451 638 2506 quoque
664 2436 849 2504 synodi
887 2443 1083 2503 quarto
1124 2448 1329 2487 canone
1370 2433 1778 2504 przeeipiuntur.

425 2523 655 2579 ARIST.
725 2525 1107 2593 «Episcopus,
1144 2527 1427 2594 presbyter
1480 2534 1536 2578 et
1586 2523 1847 2579 diaconus
1898 2524 1993 2593 qui

501 2631 526 2662 ι
567 2629 756 2668 usuras
806 2613 1021 2682 accipit,
1054 2613 1158 2668 nisi
1206 2623 1402 2678 cesset,
1427 2615 1749 2683 deponatur.
1799 2631 1818 2665 ι
1855 2611 1992 2668 Per-

499 2709 713 2777 spicua:
726 2745 739 2759 .

1015 2792 1243 2849 CANON
1284 2794 1377 2848 XI.

2008 1589 2053 1646 Β
2085 1616 2176 1646 --.~:

2085 1616 2271 1670 τοῦτόν
2298 1633 2484 1686 φησιν.
2530 1616 2829 1683 Ἀνάγνωθι
2859 1617 2953 1668 καὶ
2992 1617 3051 1667 τὸ
3095 1616 3177 1678 κζ’
3220 1614 3514 1682 κεφάλαιον
3560 1613 3658 1668 τοῦ

2085 1706 2129 1772 θῗ
2152 1707 2330 1760 τίτλου
2361 1707 2453 1760 τοῦ
2482 1708 2752 1776 παρόντος
2779 1708 3182 1776 συντάγματος.

2154 1798 2402 1852 ΖΩΝΑΡ.
2449 1799 2507 1849 '0
2537 1797 2592 1850 δὲ
2621 1797 2722 1866 τῆς
2753 1795 2975 1867 πρώτης
3010 1798 3228 1852 συνόδου
3255 1799 3660 1854 ἑπτακαιδέκα-

2086 1908 2176 1953 τος
2203 1889 2380 1944 κανὼν
2418 1890 2477 1942 οὗ
2506 1890 2628 1952 τοὺς
2651 1890 2979 1953 ἐπισκόπους
3009 1891 3103 1943 καὶ
3128 1888 3536 1963 πρεσϐυτέρους
3567 1893 3665 1944 καὶ

2087 1983 2366 2044 διακόνους
2392 1983 2553 2050 μόνον
2585 1980 2783 2034 κωλύει
2818 1981 3114 2050 λαμϐάνειν
3146 1983 3358 2048 τόκους,
3395 1983 3535 2036 ἀλλὰ
3567 1983 3666 2036 καὶ

2089 2075 2213 2136 τοὺς
2243 2075 2300 2125 έν
2327 2074 2402 2143 τῷ
2425 2072 2607 2124 κανόνι
2631 2070 3073 2138 ἐξεταζομένους.
3113 2073 3281 2125 Ἔνθα
3310 2073 3406 2126 καὶ
3429 2073 3481 2125 τί
3511 2075 3663 2126 ἐστιν

2091 2167 2358 2231 έκατοστὴ
2386 2165 2750 2235 ἡρμήνευται,
2782 2152 2876 2216 καὶ
2929 2161 3264 2232 πλατύτερον
3292 2164 3359 2216 τὰ
3391 2165 3517 2233 περὶ
3565 2163 3664 2216 τοῦ

2092 2257 2313 2320 κανόνος
2339 2255 2618 2326 ἐξὴγηται.
2649 2255 2758 2307 Καὶ
2788 2255 3049 2323 ζητητέον
3078 2256 3281 2306 ἐκεῖνα.
3310 2254 3392 2307 Τὰ
3420 2254 3556 2307 αὐτὰ
3605 2255 3666 2307 δὲ

2093 2350 2190 2403 καὶ
2217 2351 2244 2403 ό
2272 2349 2529 2418 τέταρτος
2579 2345 2758 2399 κανὼν
2794 2346 2893 2416 τῆς
2925 2348 2982 2399 ἐν
3009 2345 3299 2415 Λαοδικείᾳ
3325 2347 3543 2398 συνόδου
3565 2361 3668 2398 κε-

2098 2440 2267 2494 λεύει.

2093 2530 2315 2584 ΑΡιΣΤ.
2367 2545 2386 2580 ι
2441 2527 2791 2591 Ἐπίσκοπος,
2824 2526 3214 2596 πρεσϐύτερος,
3275 2530 3370 2582 καὶ
3421 2527 3667 2588 διάκονος

2171 2641 2189 2673 ι
2221 2620 2410 2683 τόκους
2447 2617 2763 2688 λαμϐάνων,
2793 2619 2843 2671 εί
2885 2618 2960 2689 μὴ
2987 2617 3666 2689 παύοιτο,καθαιρείσθω.ο

2169 2708 2389 2778 Σαφήςο

2692 2799 2928 2851 ΚΑΝΩΝ
2972 2797 3073 2852 IA’.

440 2907 459 2941 ι
493 2888 661 2944 Nemo
691 2904 889 2953 eorum
919 2888 1011 2956 qui
1059 2887 1111 2940 in
1159 2885 1478 2941 sacerdotali
1531 2886 1722 2940 ordine
1770 2900 1992 2942 enume-

2105 2911 2122 2942 t
2158 2892 2364 2963 Μηδεὶς
2399 2890 2506 2944 τῶν
2538 2891 2595 2942 ὲν
2646 2889 2905 2959 ίερατικῷ
2938 2889 3390 2956 καταλεγομένων
3419 2890 3666 2958 τάγματι

505 3001 525 3033 ι
565 2993 771 3047 rantur,
805 2981 884 3035 vel
934 2979 1125 3043 laicus,
1159 2976 1467 3031 Iudaeorum
1505 2993 1693 3048 azyma
1724 2978 1994 3044 comedat,

508 3093 526 3126 ι
569 3075 651 3126 vel
688 3074 849 3127 ullam
883 3087 1005 3126 cum
1064 3073 1144 3125 eis
1178 3071 1594 3124 familiaritatem
1639 3073 1806 3138 ineat,
1835 3071 1915 3125 vel
1945 3073 1996 3126 in

509 3185 529 3218 ι
566 3165 770 3221 morbis
795 3172 1058 3227 accersat,
1085 3164 1166 3218 vel
1196 3163 1263 3216 ab
1290 3163 1368 3216 eis
1395 3163 1689 3217 medicinas
1748 3163 1999 3232 accipiat,

515 3279 529 3310 t
575 3259 657 3313 vel
683 3274 785 3311 una
818 3272 940 3310 cum
965 3257 1044 3310 eis
1077 3256 1127 3308 itt
1158 3254 1362 3308 balneis
1393 3257 1614 3308 omnino
1659 3255 1890 3308 lavetur.
1942 3256 1999 3308 Si

512 3372 528 3402 ι
569 3351 689 3421 quis
719 3359 897 3404 autem
930 3349 1030 3403 ltoc
1072 3346 1250 3401 facere
1283 3361 1564 3414 aggressus
1613 3347 1793 3414 fuerit,
1837 3347 1880 3401 si
1933 3348 2004 3400 sit

513 3462 529 3494 ι
569 3443 780 3512 quidem
815 3439 1065 3504 clericus,
1116 3439 1456 3508 deponatur:
1503 3437 1550 3492 si
1593 3450 1768 3491 autem
1812 3437 2002 3502 laicus,

512 3553 529 3584 t
567 3540 898 3601 segregetttr.
940 3549 958 3582 ι

508 3622 704 3674 BALS.
773 3619 954 3672 Sancti
988 3614 1176 3671 Patres
1235 3631 1332 3671 nos
1380 3632 1502 3670 cum
1555 3615 1754 3669 Iudaeis
1805 3616 2041 3670 nullam.

440 3715 874 3771 communionem
908 3715 1106 3767 habere
1137 3715 1404 3776 volentes,
1458 3720 1704 3765 statuunt
1752 3725 1850 3766 nos
1899 3726 2004 3766 non

439 3805 634 3861 debere
662 3821 781 3860 eutn
811 3805 889 3858 eis
919 3803 1055 3858 festa
1107 3805 1403 3867 celebrare,
1454 3817 1552 3856 nec
1596 3803 1864 3870 accipere,
1908 3818 2006 3857 nec

441 3895 743 3955 comedere,
774 3909 893 3962 qua:
927 3907 1070 3947 nunc
1100 3894 1167 3946 ab
1215 3891 1322 3946 illis
1373 3891 1507 3946 liunt
1547 3906 1758 3962 azyma,
1803 3906 1903 3946 nec
1942 3893 2036 3966 ab“

444 3985 512 4040 iis
551 3983 879 4038 medicinam
923 3984 1190 4052 accipere,
1224 3996 1326 4037 nec
1376 3998 1496 4036 cum
1549 3982 1631 4038 eis
1675 3984 1864 4037 lavari.
1902 3984 2008 4039 Eos

445 4079 749 4144 autem.qui
782 4085 974 4144 praeter
1021 4077 1134 4129 haec
1164 4074 1390 4138 faciunt,
1428 4075 1472 4128 si
1525 4075 1742 4144 quidem
1801 4075 2008 4142 clerici,

447 4167 637 4233 deponi
657 4167 850 4236 jubent
870 4183 883 4216 :
907 4165 952 4218 si
978 4179 1106 4219 vero
1133 4164 1277 4229 laici,
1305 4167 1597 4234 segregari.
1624 4166 1815 4232 Quaere
1838 4165 2006 4219 Laod.

2175 3003 2193 3034 ι
2229 2984 2264 3055 ἢ
2313 2982 2496 3045 λαῖκδς
2521 2981 2588 3034 τὰ
2615 2981 2766 3052 παρὰ
2785 2979 2894 3032 τῶν
2911 2979 3182 3033 Ἰουδαίων
3206 2979 3391 3049 ἄζυμα
3420 2980 3673 3044 ἐσθιέτω,

2177 3094 2194 3125 ι
2234 3077 2268 3146 ἢ
2299 3074 2509 3136 τούτοις
2551 3071 3035 3144 προσοικειούσθω,
3065 3072 3098 3142 ἢ
3137 3073 3194 3123 ὲν
3225 3072 3403 3135 νόσοις
3431 3088 3666 3141 προσκαο

2171 3188 2189 3219 ι
2227 3166 2444 3230 λείσθω,
2478 3167 2572 3220 καὶ
2605 3166 2846 3236 ἰατρείας
2883 3164 3010 3236 παρ’
3042 3163 3222 3216 αὐτῶν
3265 3163 3610 3230 λαμϐανέτω,
3638 3163 3674 3234 ἢ

2181 3278 2198 3310 ι
2239 3262 2294 3312 ἐν
2319 3257 2623 3328 βαλανείοις
2647 3256 2856 3316 τούτοις
2879 3253 3157 3316 παντελῶς
3177 3253 3514 3306 συλλουέσθω
3537 3252 3676 3323 (69).

2179 3371 2196 3400 ι
2235 3348 2299 3400 Εί
2328 3348 2384 3400 δέ
2417 3364 2503 3410 τις
2530 3345 2688 3399 τοῦτο
2733 3344 2939 3414 πρᾶξαι
2972 3343 3302 3413 ἐπιχειροίη,
3332 3344 3381 3395 εἰ
3411 3345 3509 3413 μὲν
3535 3343 3672 3413 κλη-

2177 3461 2195 3492 ‹
2239 3440 2389 3510 ρικδς
2417 3438 2526 3508 εἴη,
2562 3435 2929 3506 καθαιρείσθω
2948 3450 2962 3464 ·
2994 3435 3043 3487 εί
3069 3435 3125 3487 δὲ
3155 3434 3364 3499 λαϊκδς,
3413 3435 3676 3504 ἀφοριζέ-

2176 3551 2195 3583 ι
2233 3531 2366 3584 σθω.
2408 3550 2427 3582 ι

2175 3622 2370 3676 ΒΑΛΣ.
2401 3618 2687 3690 Μηδεμίαν
2727 3617 3011 3672 κοινωνίαν
3036 3616 3182 3687 ἔχειν
3229 3617 3376 3684 ἡμᾶς
3411 3615 3548 3686 μετὰ
3567 3615 3682 3668 τῶν

2117 3712 2381 3768 Ἰουδαίων
2413 3713 2461 3764 οί
2492 3711 2624 3763 θεῖοι
2661 3709 2901 3778 Πατέρες
2949 3708 3211 3772 θέλοντες,
3246 3707 3572 3776 διορίζονται
3599 3707 3678 3775 μὴ

2112 3803 2489 3876 συνεορτὰξειν
2538 3801 2746 3863 τούτοις
2787 3801 2979 3871 ιήμᾶς,
3036 3800 3170 3868 μηδὲ
3221 3798 3524 3868 λαμϐάνειν
3578 3799 3682 3853 καὶ

2109 3897 2310 3950 ὲσθίειν
2345 3896 2411 3948 τὰ
2445 3893 2574 3962 παρ’
2601 3892 2782 3945 αὐτῶν
2805 3890 3109 3962 τηνικαῦτα
3157 3891 3421 3959 γινόμενα
3471 3892 3682 3961 ἄζυμα,

2114 3990 2248 4059 μηδὲ
2281 3984 2630 4054 ἰατρεύεσθαι
2660 3983 2813 4054 παρὰ
2837 3981 3057 4048 τούτων,
3089 3981 3514 4052 ἢσυλλούεσθαι.
3544 3983 3685 4046 Τοὺς

2110 4081 2168 4134 δὲ
2198 4078 2483 4137 ποιοῦντας
2516 4074 2666 4146 παρὰ
2689 4073 2884 4136 ταῦτα,
2913 4071 3214 4142 κληρικοὺς
3240 4072 3338 4141 μὲν
3365 4071 3548 4136 ὄντας,
3581 4087 3690 4124 πα-

2117 4166 2466 4240 ρακελεύεται
2495 4164 2897 4233 καθαιρεῖσθαι,
2929 4161 3150 4224 λαῖκοὺς
3183 4161 3272 4224 δὲ,
3295 4160 3684 4229 ἀφορίζεσθαι.

445 4272 565 4328 syn.
592 4272 713 4312 can.
745 4257 834 4320 51,
868 4255 959 4320 '52,
991 4255 1083 4314 37.
1106 4256 1175 4310 38
1221 4266 1274 4309 et
1307 4265 1620 4310 sanctorum
1645 4256 1998 4324 apostolorum

2115 4238 2276 4326 Ζήτει
2307 4258 2404 4326 τῆς
2445 4257 2503 4309 ὲν
2523 4254 2814 4324 Λαοδικείᾳ
2845 4251 3063 4306 συνόδου
3092 4252 3294 4307 κανόνα
3345 4251 3450 4317 λα’,
3478 4250 3577 4320 λβ’,
3609 4248 3691 4316 λζ’
3725 4238 3735 4249 ’

446 4362 710 4402 canonetn
749 4346 840 4411 70,
884 4354 938 4399 et
981 4346 1100 4414 ejus
1143 4345 1665 4414 interpretationem.
1720 4346 1829 4400 Nec
1871 4347 2013 4401 dicat

449 4437 742 4506 quispiam,
769 4436 911 4502 quod
963 4434 1052 4486 illa
1099 4447 1284 4501 azyma
1337 4435 1490 4486 vetiti
1549 4441 1675 4485 sunt
1727 4433 2012 4487 comedere

449 4539 568 4594 qua:
610 4526 808 4577 dantur
855 4527 922 4577 ab
975 4522 1264 4585 haereticis,
1304 4537 1407 4575 non
1457 4533 1638 4576 autem
1687 4523 2011 4576 sacriﬁcium

453 4615 632 4670 facere
662 4628 758 4684 per
795 4629 1006 4684 azyma,
1039 4613 1130 4667 vel
1167 4613 1409 4667 absolute
1460 4615 1743 4668 comedere
1789 4628 2013 4682 azyma;

451 4705 706 4778 quoniam
743 4719 840 4758 nos
868 4718 1082 4773 quoque
1128 4702 1341 4758 diverso
1391 4705 1549 4758 modo
1604 4718 1793 4774 azyma
1835 4717 2017 4760 come-

452 4798 650 4862 dimus,
705 4810 823 4863 qua:
873 4796 1124 4848 dicuntur
1171 4793 1562 4848 λειπανάϐατα.
1623 4795 1821 4848 Audiet
1872 4795 2012 4848 enim

454 4889 597 4960 quod
639 4903 741 4942 non
775 4901 962 4955 azyma
996 4885 1280 4938 comedere
1312 4886 1382 4938 sit
1411 4885 1759 4954 prohibitum,
1800 4884 1892 4940 sed
1923 4899 2017 4954 per

455 4995 642 5050 azyma
696 4974 1116 5056 tnore‘Judaico
1174 4974 1306 5029 festa
1377 4975 1672 5030 celebrare.
1728 4973 1883 5040 Quod
1934 4985 2018 5030 est

456 5085 635 5126 autem
695 5074 868 5140 majus
922 5070 1119 5125 festum
1181 5070 1462 5124 incruento
1523 5068 1816 5131 sacriﬁcio,
1873 5069 2018 5136 quod

2057 4392 2059 4395 .
2119 4349 2214 4402 καὶ
2235 4346 2319 4416 λη’
2351 4385 2366 4411 ,
2401 4347 2494 4399 καὶ
2526 4345 2634 4399 τῶν
2670 4345 2838 4413 ἁγίων
2883 4343 3196 4398 ἀποστόλων
3242 4342 3443 4396 κανόνα
3485 4339 3548 4407 0',
3576 4343 3694 4415 κκαὶ.

2117 4440 2217 4508 τὴν
2245 4437 2540 4506 ἑρμηνείαν
2571 4435 2758 4490 αὑτοῦ.
2790 4433 2899 4488 Καὶ
2941 4434 3015 4503 μή
3049 4449 3132 4495 τις
3170 4432 3374 4500 λεγέτω
3403 4433 3476 4496 ὼς
3507 4432 3692 4483 ἐκεῖνα

2123 4531 2188 4583 τὰ
2221 4528 2403 4597 ἄζυμα
2429 4527 2782 4596 ἐκωλύθησαν
2817 4525 3095 4578 ἐσθίεσθαι
3120 4525 3188 4578 τὰ
3223 4525 3374 4594 παρὰ
3397 4524 3505 4576 τῶν
3537 4525 3692 4592 αἱρε-

2121 4622 2291 4676 τικῶν
2311 4621 2584 4692 διδόμενα,
2610 4621 2668 4673 οὐ
2701 4619 2806 4689 μὴν
2840 4619 2899 4672 τὸ
2925 4618 3174 4686 γίνεσθαι
3224 4616 3412 4671 θυσίαν
3441 4616 3526 4669 διὰ
3561 4615 3694 4678 ἀζύ-

2127 4727 2260 4782 μων,
2291 4711 2324 4780 ἣ
2361 4711 2544 4772 ἁπλῶς
2589 4709 2649 4762 τὸ
2681 4709 2882 4761 ἐσθίειν
2906 4707 3123 4776 ἄζυμαο
3153 4708 3237 4759 δτι
3281 4707 3373 4760 καὶ
3401 4707 3560 4775 ἡμεῖς
3578 4704 3694 4756 δια-

2125 4803 2300 4870 φόρως
2321 4802 2570 4871 ἐσθίομεν
2589 4800 2688 4865 ἄζυ
2697 4819 2772 4870 μα
2790 4802 2857 4853 τὰ
2876 4800 3142 4869 λεγόμενα
3164 4797 3535 4851 λειπανάϐατα
3555 4797 3690 4867 (70).

2135 4892 2380 4946 ’Λκούσει
2428 4895 2536 4964 γὰρ
2563 4893 2635 4956 ὡς
2668 4893 2730 4946 οὐ
2780 4893 2840 4945 τὸ
2891 4893 3092 4946 ἐσθίειν
3147 4891 3331 4960 ἄζυμα
3361 4889 3693 4956 κεκώλυται,

2125 4983 2260 5037 ἀλλὰ
2286 4983 2344 5036 τὸ
2373 4984 2459 5036 διὰ
2489 4983 2713 5053 ἀζύμων
2745 4984 2883 5036 κατὰ
2910 4983 3037 5046 τοὺς
3085 4982 3371 5044 Ἰουδαίους
3391 4979 3694 5050 ἑορτάζειν.

2130 5073 2266 5124 Ποία
2290 5072 2349 5124 δὲ
2389 5071 2590 5140 μείζων
2621 5070 2780 5142 ἑορτὴ
2817 5071 2914 5140 τῆς
2933 5071 3271 5140 ἀναιμάκτου
3298 5069 3491 5133 θυσίας
3526 5070 3696 5134 ἐστὶν,

1678 5158 1869 5221 Guill.
1903 5163 2236 5242 Beveregii
2272 5175 2464 5226 notae.

531 5264 638 5332 (69)
684 5264 783 5318 ‘Er
810 5265 1170 5330 ,βαλανείοις
1220 5265 1452 5329 τούτοις
1509 5263 1818 5329 παντελῶς
1874 5267 2029 5317 συλο

1728 5335 2026 5402 βαλανείοις

462 5403 735 5480 παντελῶς
766 5404 990 5467 τούτους
1022 5404 1379 5480 λαμϐανέτω.
1414 5402 1548 5480 sed,
1579 5420 1796 5480 omncs_
1826 5402 2023 5480 reliqui

463 5471 817 5544 codicesuua
857 5489 979 5526 eum
1019 5471 1414 5544 interpretibus
1453 5473 1506 5528 itt
1554 5483 1742 5530 nostra
1787 5474 2024 5529 lectione

461 5333 755 5389 λουέσθω.
799 5334 900 5388 Ms.
956 5335 1428 5388 Atnerbacltianus
1478 5335 1604 5403 legit
1633 5337 1688 5389 ὲν

463 5539 827 5594 consentiunt.

2208 5265 2320 5336 (70)
2377 5266 2816 5336 Λειπανάσατα.
2853 5264 2988 5328 Hoc,
3039 5267 3094 5319 ni
3145 5264 3324 5336 fallor,
3371 5265 3697 5336 vocabulum

2134 5336 2262 5389 alibi
2288 5335 2395 5390 non
2416 5339 2678 5391 occurrit.
2715 5335 2790 5389 Ex
2820 5337 2923 5390 huc
2961 5344 3142 5389 autem
3197 5335 3535 5390 Ba‘lsamunis
3576 5335 3698 5385 loco

2134 5414 2349 5460 constat
2383 5407 2604 5476 aliquod
2642 5407 2756 5476 cibi
2787 5407 2909 5460 sine
2929 5404 3203 5476 territento
3235 5405 3472 5459 conlecti
3522 5416 3696 5474 genus

2136 5476 2210 5528 ita
2252 5474 2683 5541 dictum'l'uisse,
2721 5474 2926 5530 Graecis
2953 5475 3116 5546 vulgo
3137 5476 3421 5530 usitatum.
