4110 6224
352 322 461 383 δῖὲ]

1391 323 1475 385 ΙΝ
1510 322 1673 383 CAN.
1709 320 1825 380 XII
1859 318 2071 382 CONC.
2108 322 2191 383 IN
2220 325 2551 388 TRULLO.
2612 342 2615 345 ’

3501 336 3603 403 554

328 422 418 506 ’ἦθ’
448 406 709 501 δΙΚῦριος
743 433 899 503 ἡμῶν
949 434 1139 504 Ιησοῦς
1170 436 1406 506 Χριστὸς
1460 438 1593 505 ἡμῖν
1639 435 1909 507 παρέδωκε

2027 434 2286 499 Dominus
2342 453 2534 498 noster
2587 441 2744 499 Jesus
2789 443 3037 503 Christus
3087 450 3311 507 tradidit
3366 462 3606 539 lempnre

353 526 495 579 κατὰ
519 526 609 578 τὸν
636 526 827 596 καιρὸν
872 525 969 580 τοῦ
1001 528 1232 580 θανάτου
1262 526 1428 581 αὐτοῦ
1458 528 1554 581 καὶ
1579 527 1683 597 τῆς
1707 528 1926 598 Πασχα·

351 618 471 669 λίου
500 617 686 687 ἑορτῆς
710 634 723 679 ;
753 618 874 671 Ὀτι
925 618 981 670 δὲ
1006 620 1126 673 ούδὲ
1161 621 1241 681 είς
1270 617 1397 673 νοῦν
1423 614 1555 690 ἦλθε
1582 620 1697 681 τοῖς
1748 619 1928 687 ἁγίοις

353 708 677 781 Πατράσιητδ
707 709 1146 781 ἑορτάξειν-ἡμᾶς
1160 710 1248 765 διὰ
1276 710 1524 783 ἀζύμων,
1555 710 1739 774 καθὼς
1766 710 1925 764 τοῦτο

350 800 447 853 καὶ
482 798 632 870 παρὰ
675 798 786 852 τῶν
820 799 1091 854 Ἰουδαίων
1143 801 1376 870 γίνεται,
1430 802 1539 856 τῶν
1590 802 1925 874 ὁρισθέντων

353 895 495 963 μετὰ
535 892 711 963 ἀμνοῦ
745 894 837 947 καὶ
864 894 1089 964 ἀζύμων
1123 897 1217 950 καὶ
1252 897 1519 968 πικρίδων
1547 896 1646 963 τὴν
1665 897 1761 950 τοῦ
1807 897 1933 952 Hd-

348 988 658 1053 σχα.ποιεῖν
686 985 901 1057 ἑορτὴν,
945 986 1101 1057 δῆλόν
1128 989 1276 1042 ἐστιν
1301 990 1409 1043 ἀπὸ
1442 988 1537 1042 τοῦ
1567 990 1919 1061 καταργῆσαι

346 1078 541 1139 αὐτοὺς
605 1081 786 1133 πᾶσαν
834 1080 1127 1152 Ἰουδαῖκὴν
1188 1082 1381 1153 ἑορτὴν
1433 1083 1521 1137 διὰ
1578 1084 1707 1147 τοὺς
1758 1082 1924 1137 Λατί-

348 1186 474 1232 νους
507 1166 621 1239 (Ἠ)
654 1171 784 1233 τοὺς
835 1168 1191 1241 ἑορτάζοντας
1248 1173 1388 1242 μετὰ
1415 1172 1666 1243 ἀζύμων.
1703 1174 1799 1227 καὶ
1827 1173 1916 1228 διὰ

348 1261 476 1322 τοὺς
512 1263 933 1332 ίατρευομένους
963 1253 1114 1333 παρὰ
1156 1263 1444 1330 Ἰουδαίων,
1476 1264 1509 1335 ῆ
1542 1264 1745 1318 λοιπῶν
1772 1267 1923 1334 αἱρε-

346 1352 515 1405 τικῶν
533 1368 549 1383 ·
580 1354 779 1417 πάντες
808 1354 916 1424 γὰρ
937 1349 1083 1408 οὗτοι
1106 1356 1479 1426 ἀφωρισμένοι
1502 1357 1922 1429 είσίν.Σημείω-

348 1462 437 1511 σαι
467 1444 562 1499 τὸν
593 1447 839 1517 παρόντα
868 1447 1076 1503 κανόνα
1102 1450 1421 1504 διδάσκοντα
1471 1452 1597 1527 περὶ
1643 1451 1754 1507 τῶν
1783 1451 1919 1516 ἀζύ-

346 1555 462 1605 μων
486 1554 500 1567 ο
531 1540 625 1591 καὶ
646 1540 727 1591 ὅτι
758 1540 815 1607 οἱ,
842 1539 995 1606 παρὰ
1032 1539 1305 1595 Ἰουδαίων
1339 1540 1372 1611 ἢ
1406 1540 1583 1596 ἄλλων
1617 1543 1913 1616 αίρετικῶν

345 1629 723 1699 ἰατρευόμενοι
752 1630 1096 1693 κολάζονται.

412 1700 653 1775 ΖῺΝΑΡ.
714 1723 822 1776 Καὶ
853 1725 883 1777 ό
916 1723 1319 1796 ἐϐδομηκοστδς
1365 1726 1544 1782 κανὼν
1595 1728 1707 1781 τῶν
1742 1728 1917 1799 ἁγίων

339 1815 654 1868 ἀποστόλων
692 1814 860 1887 ὁρίζει
891 1818 1030 1888 μήτε
1061 1818 1447 1891 συνεορτάζειν
1472 1823 1586 1885 τοῖς
1614 1821 1913 1889 Ἰουδαίοις,

342 1908 478 1975 μήτε
507 1907 632 1959 τινὰ
664 1908 793 1977 παρ’
839 1909 1020 1962 αὐτῶν
1048 1909 1298 1980 δέχεσθαι
1335 1912 1485 1979 ξένια
1515 1913 1625 1966 τῶν
1662 1915 1796 1986 παρ’
1819 1915 1919 1969 αύ-

342 2005 455 2061 τοίς
479 1998 704 2067 ἑορτῶν.
755 1992 921 2062 Οὗτος
958 2000 1014 2052 δὲ
1037 2004 1064 2052 ὁ
1096 2000 1274 2055 κανὼν
1312 2002 1437 2055 οὐδὲ
1460 2002 1792 2058 οίκειοῦσθαι
1818 2003 1918 2057 αύ-

334 2094 469 2154 τοῑς,
493 2092 611 2143 ἀντὶ
636 2089 728 2143 τοῦ
756 2091 1087 2160 φιλιοῦσθαι,
1120 2096 1411 2166 συγχωρεῖ,
1438 2094 1565 2171 οὔτε
1591 2095 1915 2167 παρ’ᾳύτῶν

345 2182 693 2252 ἰατρεύεσθαι
726 2182 1037 2249 νοσοῦντας,
1085 2185 1207 2238 οὔτε
1249 2186 1602 2241 συλλούεσθαι
1646 2189 1782 2253 ὅλως
1813 2188 1913 2242 αύ-

336 2278 471 2333 τοίς.
499 2274 607 2325 Καὶ
657 2274 684 2325 ὁ
706 2274 735 2325 λ
744 2271 786 2343 β’
818 2272 996 2327 κανὼν
1021 2274 1119 2342 τῆς
1140 2278 1198 2330 ὲν
1216 2276 1505 2349 Λαοδικείᾳ
1522 2277 1741 2331 συνόδου
1768 2279 1913 2331 ἁπα-

333 2364 551 2434 γορεύει
610 2366 903 2435 αίρετικῶν
952 2366 1201 2434 εὐλογίας
1244 2367 1582 2439 λαμϐάνειν*
1635 2369 1729 2423 καὶ
1783 2369 1912 2435 όλζ⁹

330 2457 433 2525 τῆς
462 2458 630 2527 αὐτῆς
681 2458 898 2512 συνόδου
944 2458 1122 2511 κανὼν
1176 2460 1272 2514 καὶ
1302 2461 1331 2512 ό
1389 2459 1472 2530 λη’
1503 2459 1577 2533 μὴ
1619 2461 1730 2515 δεῖν
1778 2479 1912 2534 φησι

334 2549 488 2618 παρὰ
518 2548 785 2602 Ἰουδαίων
817 2549 850 2620 ἧ
905 2550 1198 2620 αίρετικῶν
1243 2552 1313 2604 τὰ
1359 2553 1689 2623 πεμπόμενα
1720 2554 1913 2625 ἑορτα-

336 2641 498 2694 στικὰ
532 2640 851 2711 λαμϐάνειν,
896 2643 1031 2712 μηδὲ
1059 2634 1443 2714 συνεορτάζειν
1466 2645 1675 2710 αὐτοῖς,
1714 2644 1747 2717 ἢ
1783 2645 1912 2710 ἄζυ-

335 2750 414 2801 μα
434 2732 756 2803 λαμϐάνειν,
789 2735 884 2787 καὶ
938 2736 1215 2788 κοινωνεῖν
1241 2739 1360 2798 ταῖς
1388 2736 1670 2800 ἀσεϐείαις
1702 2737 1907 2791 αὐτῶν.

344 2825 572 2891 Ἐπᾶγει
624 2825 682 2878 δὲ
733 2828 761 2879 ό
817 2825 999 2879 κανὼν
1052 2820 1207 2890 οὗτος
1253 2830 1367 2892 τοῖς
1406 2829 1806 2900 παραϐαίνουσι
1834 2828 1904 2883 τὰ

334 2916 619 2985 ὡρισμένα
647 2916 894 2982 κόλασιν,
921 2919 1034 2981 τοῖς
1064 2919 1166 2989 μὲν
1216 2920 1275 2972 ὲν
1324 2920 1514 2992 κλήρῳ
1559 2921 1906 2993 καθαίρεσιν,

334 3012 450 3073 τοῖς
475 3009 530 3063 δὲ
556 3009 767 3075 λαῖκοῖς
803 3013 1127 3083 ἀφορισμόν.

330 3281 557 3335 ΔΙἸΣΤ.
616 3299 634 3333 ι
694 3282 912 3351 ’Δζυμα
952 3281 1223 3335 Ἰουδαίων
1266 3282 1619 3360 ἀπόπτυστα·
1650 3284 1679 3338 ὁ
1718 3285 1775 3340 δὲ
1806 3287 1904 3340 καὶ

414 3391 435 3423 ι
473 3371 690 3442 ἰατροὺς
719 3372 915 3435 αὐτοὺς
952 3371 1448 3444 προσκαλούμενος,
1485 3374 1517 3445 ἢ
1567 3374 1900 3447 συλλουόμε-

409 3482 428 3515 ι
470 3481 579 3527 νος,
606 3464 901 3527 ἐκπτωτος.
931 3483 950 3516 ι

408 3556 649 3625 Οὐδεμία
705 3557 1053 3627 Χριπιανοῖς
1102 3556 1357 3610 κοινωνία
1404 3558 1541 3629 πρὸς
1574 3559 1897 3623 Ἰουδαίους·

2031 530 2223 593 mortis
2246 546 2360 587 suas
2394 542 2447 588 et
2475 533 2596 590 festi
2637 534 2951 592 Paschalis?
2983 538 3119 606 Quia
3168 552 3345 600 autem
3399 530 3601 603 sanctis

2032 617 2287 676 Patribus
2317 639 2385 679 ne
2409 624 2465 679 in
2490 636 2722 682 mentem
2748 628 2964 697 quidem
2988 631 3135 686 venit
3164 648 3263 688 nos
3290 651 3389 705 per
3408 654 3600 710 azyma

2029 713 2422 780 celebraturos,
2485 722 2940 787 quemadmodum
2998 723 3101 779 hoc
3159 741 3374 798 quoque
3442 731 3504 785 ﬁt
3569 749 3599 787 a

2026 803 2252 872 ludatis,
2288 806 2484 876 quibus
2512 818 2773 865 Statutum
2807 823 2891 869 est
2923 830 3044 869 cum
3070 832 3208 887 agno
3236 830 3290 874 et
3316 823 3521 893 azymis
3548 835 3605 879 et

2027 891 2262 948 lactucis
2287 897 2589 963 agrestibus
2620 899 2838 956 Paschae
2867 903 3065 959 festum
3115 891 3411 976 celebrare,
3446 928 3511 968 ex
3535 931 3600 969 eo

2026 984 2228 1041 clarum
2264 988 2408 1056 quod
2464 1003 2625 1046 omne
2672 992 2867 1050 festum
2918 995 3201 1055 Iudaicum
3247 1002 3597 1071 aboleverint,

2023 1089 2246 1150 propter
2279 1082 2499 1139 Latinos
2530 1086 2619 1155 qui
2651 1103 2772 1142 cum
2823 1092 3028 1161 azymis
3057 1091 3191 1148 festa
3222 1097 3518 1163 celebrant,
3545 1111 3603 1155 et

2026 1184 2250 1243 pr0pter
2275 1191 2376 1231 eos
2402 1178 2497 1248 qui
2527 1194 2554 1232 a
2589 1177 2788 1236 Judaeis
2819 1182 2900 1237 vel
2935 1184 3156 1253 reliquis
3191 1186 3459 1245 haereticis
3484 1207 3601 1246 me-

2022 1262 2327 1322 dicamenta
2364 1270 2639 1337 accipiunt
2675 1290 2688 1327 :
2724 1288 2915 1329 omnes
2940 1276 3081 1330 enim
3110 1278 3194 1332 isti
3218 1293 3597 1350 segregantur.

2027 1354 2187 1426 169
2237 1356 2371 1413 Nota
2414 1370 2733 1428 praesentem
2787 1379 3071 1431 canonem,
3130 1369 3221 1438 qui
3268 1372 3334 1427 de
3394 1376 3599 1445 azymis

2022 1446 2276 1517 instruit;
2315 1459 2369 1505 et
2400 1455 2542 1522 quod
2579 1453 2677 1521 illi,
2717 1457 2807 1527 qui
2844 1473 2875 1512 a
2906 1457 3107 1515 Judazis
3152 1462 3237 1516 vel
3270 1466 3429 1520 etiam
3475 1467 3599 1522 aliis

2020 1536 2295 1598 hareticis
2325 1544 2549 1600 medicis
2585 1558 2875 1615 curantur,
2921 1538 3263 1621 puniuntur;

2089 1717 2341 1777 ZONAR.
2373 1723 2454 1779 Ne
2475 1722 2644 1782 festos
2672 1719 2811 1784 dies‘
2833 1746 2955 1787 cum
2997 1732 3197 1792 Judzeis
3241 1738 3402 1794 simul
3450 1744 3595 1799 c‘ele-

2037 1809 2220 1880 brare,
2253 1829 2389 1871 neve
2410 1820 2727 1875 munuscula
2764 1823 2830 1877 ab
2872 1824 2958 1887 iis.
2979 1828 3365 1887 anniversariis
3404 1848 3591 1890 eorum

2020 1904 2424 1965 celebritatihus
2454 1911 2590 1967 mitti
2622 1914 2777 1970 solita
2802 1956 2817 1980 ,
2850 1917 3099 1988 accipere
3146 1922 3326 1992 liceat,
3368 1939 3587 1983 sanctu-

2018 2012 2139 2052 rum
2175 2000 2339 2056 etiam
2380 2004 2738 2073 apostolorum
2800 2013 3193 2081 septuagesimo
3240 2031 3453 2073 canone
3512 2022 3595 2074 in-

2017 2089 2308 2144 terdictum
2356 2092 2476 2147 fuit.
2517 2094 2632 2151 Hoc
2681 2105 2861 2153 autem
2908 2115 3115 2158 canone
3160 2120 3284 2161 cum
3332 2108 3398 2163 iis
3448 2114 3592 2165 ami-

2015 2180 2200 2236 citiam
2259 2183 2531 2255 iungere,
2571 2188 2646 2257 (id
2698 2191 2802 2260 est)
2853 2192 3274 2252 lamiliaritatem
3330 2200 3487 2266 inire,
3538 2215 3596 2259 et

2015 2270 2228 2328 illorum
2265 2292 2428 2343 opera
2460 2290 2785 2349 aegrotantes
2806 2287 3007 2349 curari,
3039 2295 3093 2342 et
3117 2274 3447 2347 eodemeum
3481 2295 3591 2351 illis

2014 2364 2206 2419 balneo
2240 2369 2314 2421 uti
2349 2369 2573 2424 omnino
2608 2372 2980 2440 prohibemur.
3014 2375 3399 2436 Hrereticorum
3424 2385 3584 2438 etiam

2011 2454 2416 2514 hen‘edictiones
2447 2460 2772 2519 Laodicente
2828 2469 3028 2537 synodi
3067 2470 3374 2528 tricesimus
3399 2490 3593 2531 secun-

2012 2544 2114 2603 dus
2144 2562 2317 2604 canon
2355 2552 2603 2621 accipere
2642 2565 2806 2611 vetat.
2846 2557 3099 2627 Ejusdem
3128 2578 3343 2632 quoque
3393 2570 3585 2635 synodi

2012 2639 2082 2693 3'7
2121 2651 2174 2696 et
2205 2642 2570 2700 58a'Juda2is
2618 2648 2700 2701 vel
2749 2650 3019 2706 haereticis
3065 2655 3231 2710 missa
3277 2673 3343 2712 ex
3396 2660 3590 2715 festivo

2012 2743 2278 2802 apparatu
2308 2737 2467 2791 xenia
2508 2740 2768 2810 recipere,
2819 2754 2910 2796 aut
2964 2760 3084 2799 eum
3137 2749 3216 2802 eis
3264 2749 3429 2806 festos
3471 2754 3589 2808 dies

2010 2824 2307 2891 celebrare,
2342 2836 2434 2881 aut
2467 2812 2655 2900 azyma
2691 2831 2759 2885 ab
2810 2833 2915 2889 illis
2961 2837 3230 2905 accipere.
3287 2856 3589 2912 eorumque
3640 2859 3655 2882 ’

2007 2914 2239 2981 proinde
2297 2918 2558 2987 impietati
2622 2927 3024 2982 communicare
3094 2942 3257 2999 negat
3310 2945 3581 3003 oportere.

2011 3002 2201 3063 Indicit
2230 3018 2412 3065 autem
2440 3013 2529 3067 hic
2559 3028 2735 3069 canon
2769 3032 2874 3071 non
2906 3002 3408 3090 obtemperantibus
3443 3029 3587 3081 mul-

1924 3129 1971 3193 ο
2019 3108 2162 3163 tam.
2213 3102 2426 3159 clericis
2474 3106 2695 3175 quidem
2745 3108 3133 3180 depositionem
3162 3152 3178 3177 ,
3242 3115 3396 3172 laicis
3454 3133 3585 3174 vero

2009 3194 2462 3261 segregationem.

2004 3283 2234 3340 ARIST.
2268 3307 2287 3339 ι
2329 3288 2528 3361 Azyma
2557 3288 2789 3348 Judaica
2835 3305 2964 3349 sunt
3037 3301 3361 3369 respuenda.
3412 3303 3584 3369 Quin-

2081 3395 2100 3428 ι
2140 3378 2302 3434 etiam
2336 3382 2425 3457 qui
2463 3396 2556 3436 eos
2605 3384 2844 3441 medicos
2869 3389 3129 3456 accersit,
3162 3392 3243 3445 vel
3286 3408 3389 3448 una
3438 3411 3560 3450 cum

2079 3491 2096 3521 ι
2142 3470 2207 3525 iis
2238 3471 2404 3538 lavat,
2431 3474 2742 3544 deponitur.
2778 3497 2798 3531 ι

2073 3562 2228 3617 Nulla
2279 3574 2363 3619 est
2411 3566 2740 3626 Christianis
2787 3587 2909 3627 cum
2983 3573 3182 3631 Iudaeis
3238 3580 3571 3635 communio.

325 3649 416 3703 διὰ
481 3646 638 3700 τοῦτο
688 3646 820 3716 γοῦν
869 3648 1020 3710 ὅστις
1070 3647 1264 3718 εὑρεθῇ
1329 3648 1399 3702 τὰ
1445 3648 1651 3738 τούτων
1714 3651 1901 3722 ἄζυμα

2008 3649 2290 3723 Propterea
2336 3657 2519 3725 itaque
2563 3659 2874 3732 quicunque
2926 3678 3114 3719 eorum
3163 3682 3351 3738 azyma
3394 3683 3603 3723 COIllP-i

327 3738 548 3802 ἐσθίων,
604 3737 744 3808 ῆείς
779 3737 1022 3808 ίατρείαν
1080 3738 1277 3801 αὐτοὺς
1307 3736 1808 3810 προσκαλούμενος,
1864 3742 1897 3812 ἢ

330 3831 720 3900 συλλουόμενος
750 3830 1035 3901 τούτοις,ἢ
1084 3828 1257 3892 ἄλλως
1309 3820 1639 3895 πωςάύτοῖς
1667 3831 1899 3885 οἰκειού-

331 3942 520 3995 μενος,
554 3927 601 3977 εί
647 3924 745 3995 μὲν
785 3923 1047 3994 κληρικός
1067 3924 1205 3989 ἐστι,
1243 3923 1723 3995 καθαιρεθήσεται,
1759 3925 1807 3977 εί
1836 3925 1895 3979 δὲ

323 4016 538 4079 λαῑκδς,
565 4014 1013 4085 ἀφορισθήσεται.

927 4105 1167 4157 ΚᾹΝΩΝ
1204 4098 1304 4158 ῙΒδ.
1604 4098 1609 4103 ’
1718 4146 1719 4149 η

328 4214 352 4248 ι
379 4196 488 4249 Καὶ
510 4196 666 4249 τοῦτο
684 4197 738 4249 δὲ
758 4198 834 4258 εἰς
864 4196 1063 4264 γνῶσιν
1082 4195 1354 4265 ἡμετέραν
1374 4190 1558 4265 ἦλθεν,
1577 4196 1652 4260 ὠς
1672 4197 1728 4250 ἔν
1750 4215 1811 4251 τε
1832 4200 1897 4269 τῇ

410 4311 429 4340 τ
472 4288 707 4358 Ἀφρικῇ
749 4288 844 4340 καὶ
876 4287 1049 4357 Λιϐύῃ
1100 4288 1192 4340 καὶ
1222 4286 1430 4357 ἑτέροις
1476 4294 1665 4351 τόποις
1696 4291 1747 4342 οί
1789 4291 1900 4344 τῶν

404 4399 425 4432 ι
468 4382 645 4433 ἐκεῖσε
702 4379 1102 4448 θεοφιλέστατοι
1153 4378 1405 4449 πρόεδροι
1454 4372 1725 4433 συνοικεῖν
1771 4383 1892 4444 ταῖς

403 4492 423 4525 ι
460 4473 620 4535 ίδξαις
648 4475 917 4541 γαμεταῖς
958 4473 1051 4525 καὶ
1084 4471 1221 4539 μετὰ
1250 4473 1350 4540 τὴν
1381 4472 1466 4523 ἐπ’
1494 4473 1686 4535 αὐτοὺς
1704 4474 1895 4543 προελο
1926 4464 1970 4518 Ῐ)

401 4586 421 4617 ι
454 4564 648 4618 θεδῦσαν
672 4564 1003 4635 χειροτονίαν
1067 4561 1176 4633 (7'2)
1223 4564 1284 4616 ού
1334 4564 1695 4636 παρῃτοῦντο,
1726 4567 1896 4636 πρόσ-

400 4675 423 4709 σ
458 4674 645 4726 κομμα
676 4660 784 4717 τοῖς
832 4653 1081 4707 ἐντεῦθεν
1119 4655 1296 4716 ἄλλοις
1324 4656 1561 4719 τιθέντες
1596 4657 1690 4710 καὶ
1733 4661 1896 4714 σκάν-

397 4769 415 4800 ι
451 4750 629 4803 δαλον.
659 4747 865 4819 Πολλῆς
886 4746 979 4799 οῦν
1005 4749 1137 4816 ἡμῖν
1165 4748 1401 4815 σπουδῆς
1427 4747 1588 4819 ούσης
1603 4750 1697 4803 τοῦ
1718 4754 1893 4806 πάντα

388 4860 408 4891 ι
452 4843 583 4909 πρὸς
613 4841 879 4909 ὠφέλειαν
910 4840 1016 4892 τῶν
1042 4840 1144 4891 ὑπὸ
1166 4844 1321 4907 χεῖρα
1339 4842 1603 4908 ποιμνίων
1622 4844 1893 4915 διαπράτ-

393 4955 410 4986 ι
452 4938 655 4995 τεσθαι,
711 4935 887 5001 ἔδοξεν
933 4933 1071 4985 ὥστε
1120 4932 1384 5002 μηδαμῶς
1416 4934 1476 4986 τὸ
1508 4934 1754 4988 τοιοῦτον
1787 4941 1894 4994 ἀπὸ

2002 3744 2151 3810 dere,
2204 3756 2302 3801 aut
2344 3749 2410 3803 ad
2459 3751 2871 3808 medicationem
2923 3770 3021 3810 eos
3062 3771 3276 3823 vocare,
3316 3771 3407 3814 aut
3450 3777 3572 3816 cum

2001 3837 2069 3890 iis
2122 3853 2223 3891 una
2278 3838 2476 3905 lavare,
2529 3850 2623 3895 aut
2663 3842 2820 3897 aliter
2862 3860 2983 3899 cum
3038 3847 3102 3901 iis
3149 3848 3569 3905 faniiliaritatem

2003 3927 2142 3981 inire
2171 3929 2629 3998 deprehendatur,
2658 3934 2701 3988 si
2735 3936 2950 4002 quidem
3000 3939 3231 3994 clericus
3262 3952 3366 4008 est,
3408 3947 3574 4013 depo-

2004 4029 2181 4085 netttr,
2213 4023 2257 4075 si
2292 4039 2418 4078 vero
2444 4024 2635 4089 laicus,
2667 4032 3252 4087 excommunicabitur.

2585 4117 2818 4192 cANON
2858 4120 2973 4177 xu.

2009 4222 2029 4256 ι
2065 4204 2233 4259 Porro
2269 4206 2369 4260 hoc
2402 4221 2616 4277 quoque
2646 4212 2711 4263 ad
2740 4222 2977 4267 nostram
3029 4217 3391 4287 cognitionem
3417 4221 3567 4291 {per-

2083 4316 2101 4349 ι
2144 4298 2312 4365 venit,
2342 4300 2486 4369 quod
2521 4302 2573 4355 in
2623 4301 2807 4357 Africa
2843 4315 2896 4360 et
2944 4305 3211 4379 Libya‘et
3255 4309 3374 4367 aliis
3412 4313 3564 4377 locis,

2081 4409 2100 4442 ι
2139 4392 2358 4460 quidam
2391 4408 2456 4446 ex
2484 4395 2569 4459 iis,
2600 4397 2689 4462 qui
2721 4397 2831 4452 illic
2856 4409 2983 4453 sunt
3015 4402 3403 4471 religiosissimi
3431 4422 3565 4475 prae-

2079 4503 2097 4536 ι
2137 4486 2301 4547 sules,
2335 4501 2454 4539 cum
2483 4487 2716 4555 propriis
2745 4492 3022 4556 uxoribus,
3079 4496 3239 4548 etiam
3280 4507 3562 4568 postquam

2077 4597 2094 4628 ι
2138 4578 2204 4631 ad
2234 4593 2328 4632 eos
2363 4572 2625 4648 processit
2672 4580 2964 4644 ordinatio,
3001 4600 3103 4637 una
3163 4588 3406 4644 habitare
3459 4608 3563 4645 non

2076 4688 2096 4722 ι
2137 4679 2417 4734 recusant,
2452 4683 2514 4723 ex
2550 4671 2856 4740 eo_populis
2907 4672 3287 4730 oﬂendiculnm
3317 4689 3370 4733 et
3412 4697 3560 4735 scan-

2078 4781 2097 4813 ι
2141 4762 2319 4815 dalum
2356 4762 2662 4815 alierentes.
2688 4762 2818 4817 Cum
2846 4764 3025 4832 itaque
3053 4768 3291 4820 studium
3321 4784 3561 4824 nostrum

2074 4871 2092 4903 ι
2134 4852 2188 4905 in
2217 4866 2281 4905 eo
2314 4866 2640 4919 magnopere
2671 4851 2896 4913 laboret,
2954 4865 3012 4906 ut
3056 4855 3235 4908 omnia
3284 4857 3350 4909 ad
3386 4863 3564 4927 gregis

2078 4963 2097 4995 ι
2141 4944 2193 4996 in
2246 4958 2436 4997 manus
2476 4952 2688 4996 nostras
2738 4944 2917 4997 traditi
2975 4946 3235 5014 nobisque
3281 4950 3554 5004 commissi

1543 5052 1740 5121 Guill.
1792 5061 2119 5142 Beveregii
2155 5058 2340 5121 notie.

386 5180 619 5255 (τι)Δώ
639 5179 779 5255 τοὺς
804 5179 1257 5255 Λατίνουςᾎίὶαξσ
1281 5179 1540 5255 usquead
1570 5182 1889 5255 ᾀφωρισμέ-

313 5250 551 5305 νοιίεξσίν
583 5252 860 5311 inclusive,
896 5268 959 5303 ex
985 5266 1087 5303 ins.
1111 5250 1404 5304 Bodleiano
1437 5250 1560 5304 ltuic
1588 5250 1709 5307 loco
1738 5250 1887 5311 inite-

324 5327 561 5376 ruimus.
592 5321 696 5375 Sed
734 5322 787 5375 in
809 5320 996 5392 codice
1012 5320 1574 5392 Amerbacbianonon
1601 5324 1879 5392 leguntur.

317 5392 429 5445 Nec
462 5393 679 5461 quidem
724 5391 896 5460 ipsius
959 5391 1323 5453 lialsamoiiis,
1370 5390 1463 5443 sed
1518 5390 1881 5461 descriptoris

320 5460 560 5529 alicujus
592 5465 753 5516 verba
786 5479 906 5516 esse
948 5462 1217 5521 Videntur,
1271 5472 1326 5512 et
1360 5460 1603 5527 margine
1660 5460 1718 5517 in
1762 5475 1877 5519 tex-

316 5535 845 5611 tunt_tt::it'iscrip_ta._
901 5603 914 5611 _
1004 5604 1015 5611 _
1109 5603 1121 5611 _
1385 5604 1438 5611 __
1487 5601 1512 5611 η

353 5604 465 5686 (η)
497 5601 653 5686 Mair}
686 5603 800 5686 τὴν
822 5603 914 5686 ἐᾷ’
950 5603 1170 5686 αύτούς
1208 5601 1640 5686 ’προεᾼθοῦσαις
1687 5621 1879 5686 χριρρ-

313 5676 545 5727 τοτ’ίσν.
581 5673 688 5727 Ms.
722 5675 1187 5752 Atttcrltacltt:ititts
1208 5676 1351 5752 illi-HC
1383 5674 1561 5752 locum
1589 5673 1672 5752 sic
1698 5677 1873 5752 -legit,

317 5744 460 5815 μετὰ
501 5745 599 5815 τὴν
628 5743 714 5794 ἐπ’
774 5743 969 5806 αὐτοὺς
1024 5745 1377 5813 χειροτονίαν.
1426 5744 1525 5801 οὐκ
1574 5743 1871 5811 αἰτοῦνται,

646 5842 919 5902 ΡΑΤιιοι..
966 5844 1081 5902 Gtt.
1129 5838 1505 5901 CXXXV“.
1568 5888 1577 5897 κ

1997 5189 2334 5257 πρόσκομμα
2364 5180 2456 5238 οῦν
2479 5185 2690 5247 πολλοῖς
2715 5203 2771 5238 τε
2800 5186 2977 5257 ἄλλοις
3008 5186 3244 5257 τίθενται
3268 5191 3361 5242 καὶ
3389 5208 3559 5247 σκαν-

1992 5255 2174 5320 δαλον,
2207 5255 2339 5327 ἡμῖν
2380 5255 2436 5308 δὲ
2473 5257 2675 5325 πολλῆς
2710 5256 2945 5322 σπουδῆς
2977 5255 3164 5327 οὔσης.
3213 5271 3315 5312 etc.
3357 5259 3555 5318 Verum

1993 5345 2090 5398 pro
2110 5326 2387 5398 αἰτοῦνται
2416 5326 2704 5394 legendum
2734 5335 2919 5395 procul
2944 5329 3108 5380 dubio
3139 5331 3556 5398 παραιτοῦνται,

1989 5395 2074 5453 νει
2110 5395 2576 5474 παρῃτοῦντοηιιιὶ
2603 5397 2664 5474 in
2699 5406 2886 5449 nostro
2925 5414 3028 5450 tns.
3067 5395 3281 5474 legitur;
3319 5418 3415 5470 pro
3443 5395 3554 5474 quo

1990 5469 2045 5522 in
2065 5463 2304 5539 editione
2324 5463 2906 5539 Pzirisiensiscriptuin
2934 5478 3019 5520 est
3046 5463 3474 5539 παρατίθενται]
3492 5476 3555 5532 Et

1926 5542 1929 5545 λ
1991 5537 2215 5606 quidem
2287 5537 2339 5588 in
2410 5534 2765 5591 variantibus,
2810 5534 3039 5592 Zonaras
3107 5534 3433 5599 lectionibus
3490 5564 3555 5603 ex

1986 5625 2092 5687 ms.
2143 5606 2304 5662 etiam
2360 5606 2794 5662 Amcrbaehiauo
2852 5620 2994 5664 recte
3049 5614 3305 5665 scribitur
3347 5630 3554 5685 παραι-

1982 5695 2218 5732 τουνται.

3168 5836 3236 5900 18
