4110 6224
408 353 415 359 ~
467 316 566 379 557

1513 320 1595 379 1N
1626 318 1789 379 CAN.
1836 316 1953 377 x11
1994 314 2200 381 CONC.
2230 317 2312 379 IN
2343 294 2664 379 TRULLO.

3593 310 3701 374 558

462 431 801 503 χειροτονίαν
861 432 1131 485 συνοικεῖν
1170 433 1289 495 ταῖς
1321 432 1427 503 πρὸ
1462 431 1562 501 τῆς
1595 431 1897 502 ἱερωσύνης
1934 447 2035 499 γυ·

2141 445 2265 485 vero
2314 444 2554 497 canone,
2599 429 2691 483 ubi
2748 424 3083 482 renuntiatus
3148 422 3343 493 aliquis
3414 422 3698 491 episcopus

466 525 634 589 νυξὶν
675 526 873 587 αὐτῶν,
935 524 1029 577 καί
1068 541 1231 591 φασιν
1280 525 1328 577 οἱ
1373 523 1563 577 τοῦτον
1628 523 1914 593 ὲκθέμενοι
1945 522 2037 575 τὸν

468 619 664 672 κανόνα
719 619 801 670 ὅτι
856 616 971 669 Ούκ
1031 616 1429 685 ἀνατρέποντες
1464 617 1532 670 τὰ
1565 616 2040 687 νενομοθετημένα

468 710 580 769 τοῖς
624 704 948 768 ἀποστόλοις
992 705 1091 758 καὶ⁹
1148 706 1690 777 ἀντινομοθετοῦντες
1750 705 2037 777 κωλύομεν

464 798 575 859 τοῖς
629 795 957 857 ἐπισκόποις
995 796 1096 865 τὴν
1144 794 1285 864 μετὰ
1311 796 1422 848 τῶν
1453 796 1736 866 προτέρων
1771 796 2023 867 συμϐίων

466 886 645 941 αὐτῶν
702 885 1039 956 συνοίκησιν,
1101 886 1237 940 ἀλλά
1294 886 1542 951 θέλοντες
1600 889 1700 957 τὴν
1755 890 2032 957 σωτηρίαν

463 975 574 1028 τῶν
593 974 760 1039 λαῶν,
792 976 885 1027 καὶ
906 975 1005 1045 τὴν
1035 974 1129 1027 ἐπὶ
1152 975 1213 1028 τὺ
1235 976 1485 1047 κρεῖττον
1514 977 1698 1030 αὐτῶν
1725 979 2034 1047 προκοπὴν,

465 1069 562 1121 καὶ
594 1066 737 1119 ὥστε
771 1069 845 1136 μῆ
878 1083 999 1121 τινα
1038 1067 1229 1138 μῶμον
1272 1069 1335 1121 ἐκ
1372 1068 1565 1122 τούτου
1602 1068 2033 1139 προστρίϐεσθαι

466 1161 533 1228 τῇ
582 1158 877 1229 ἱερωσύνῃ,
907 1161 1193 1230 μονονουχὶ
1223 1160 1382 1213 τοῦτο
1411 1161 1681 1228 λέγοντες,
1709 1162 1793 1215 ὅτι
1824 1164 1872 1214 oi
1933 1162 2054 1239 μὲν¹

470 1252 604 1303 θεῖοι
638 1250 954 1316 ἀπόστολοι,
989 1252 1166 1323 ἀρχὴν
1214 1253 1441 1323 ἐχούσης
1485 1258 1584 1324 τῆς
1635 1256 1891 1321 πίστεως,
1941 1259 2036 1310 καὶ

465 1341 557 1393 τοῦ
576 1341 723 1393 θείου
745 1340 1099 1411 κηρύγματος
1122 1341 1274 1396 οὔπω
1295 1344 1716 1409 πλατυνθέντος,
1747 1363 2027 1414 συγκατα-

464 1433 830 1501 ϐατικώτερον
855 1432 1146 1487 διετίθεντο
1177 1430 1319 1504 πρδς
1345 1434 1473 1496 τοὺς
1496 1438 1560 1507 τῇ
1589 1439 1765 1489 πίστει
1796 1454 2037 1508 προτερ-

464 1526 750 1594 χομὲνους,
807 1527 900 1579 καὶ¹
945 1528 1122 1596 πάντη
1194 1527 1438 1598 ἀπῄτουν
1502 1530 1563 1580 τὸ
1617 1530 1839 1597 τέλειον,
1915 1531 2033 1584 ἀλλ’

466 1617 731 1669 ἐνεδίδουν
785 1620 852 1686 τῇ
901 1615 1163 1687 ἀσθενείᾳ
1202 1616 1380 1670 αὐτῶν
1415 1619 1507 1670 καὶ
1564 1622 1679 1682 τοῖς
1716 1618 1863 1671 ἔθεσι
1923 1623 2034 1683 τοῖς

465 1708 698 1769 ὲθνικοίς
737 1708 831 1758 καὶ
880 1704 1234 1770 Ἰουδαϊκοῖς·
1269 1708 1324 1760 οῖ
1368 1724 1427 1760 τε
1472 1707 1582 1778 γάρ
1619 1710 1726 1762 τῶν
1764 1710 2032 1793 ’ίουδαίων

2139 520 2324 583 fuerit,
2358 534 2600 584 uxorem,
2653 519 2696 572 si
2749 530 2870 586 qua:
2922 516 3156 569 nondum
3210 513 3381 569 sacris
3415 511 3699 566 ordinibus

2136 612 2349 666 initiato
2405 612 2562 665 ducta
2609 608 2771 672 foret,
2813 608 2913 662 sub
2950 608 3139 661 eodem
3180 614 3320 659 tecto
3368 618 3435 658 ne
3478 601 3698 668 habeat,

2136 704 2510 759 constitutum.
2548 701 2611 755 Et
2640 716 2770 756 vero
2806 716 2908 755 non
2938 714 2998 753 se
3025 701 3204 753 studio
3244 697 3551 752 evertendis
3576 712 3702 751 con-
3750 690 3755 693 ⁷

2138 796 2324 850 trariis
2374 793 2753 849 sanctionibus
2792 793 3019 861 apostol.
3081 789 3483 845 constitutionis
3532 788 3702 842 addu-

2137 898 2273 952 ctos,
2321 887 2415 943 sed
2449 886 2789 956 populorum
2830 860 3029 947 saluti,
3084 892 3251 952 atque
3304 880 3356 933 in
3413 860 3705 933 \iirtutibus

2134 978 2498 1051 progressioni
2549 976 2913 1038 consulentes,
2969 987 3034 1028 ac
3086 987 3152 1026 ne
3211 986 3314 1040 qua
3378 969 3503 1023 inde
3546 980 3704 1023 sacro

2137 1072 2315 1128 ordini
2374 1070 2588 1125 macula
2646 1072 2955 1125 inureretur
3009 1066 3376 1136 providentes,
3434 1062 3704 1133 episcOpis

2142 1182 2365 1221 uxorum
2392 1206 2409 1230 ,
2443 1180 2576 1233 quas
2611 1174 2769 1218 antea
2798 1166 3082 1226 duxerant,
3132 1158 3455 1214 commercio
3483 1166 3538 1210 et
3581 1170 3709 1209 con-

2134 1261 2420 1313 suetudine
2447 1257 2870 1310 interdicendum
2912 1253 3209 1313 censuisse.
3248 1260 3494 1305 auctores
3540 1262 3705 1302 cano-

2137 1352 2220 1405 nis
2305 1348 2556 1403 addidere
2606 1347 2806 1416 :quasi
2866 1346 3073 1398 divinos
3139 1342 3343 1398 scilicet
3414 1338 3704 1409 apostolos,

2136 1453 2391 1499 nascente
2445 1458 2508 1496 ac
2545 1449 2850 1510 emcrgcnte
2900 1449 3011 1492 tum
3055 1438 3290 1506 primum
3345 1434 3466 1497 ﬁde,
3535 1448 3709 1502 neque

2135 1536 2312 1589 adhuc
2364 1536 2543 1588 sonitu
2577 1532 2768 1586 divinte
2815 1528 3210 1599 praedicatiOnis
3256 1527 3418 1581 latius
3457 1525 3708 1594 evulgato

2137 1629 2318 1682 mitius
2350 1643 2468 1682 cum
2505 1627 2590 1689 iis,
2624 1626 2710 1693 qui
2766 1624 2923 1677 iidem
2974 1621 3461 1691 amplecterentur,
3506 1634 3567 1673 ac
3619 1632 3705 1671 re-

2137 1720 2355 1775 missius
2381 1719 2575 1789 egisse,
2607 1732 2707 1770 nec
2739 1717 2805 1768 ah
2834 1717 2913 1767 eis
2959 1728 3148 1767 omnes
3207 1710 3553 1779 perfectionis
3584 1724 3712 1771 _nu-

468 1800 749 1870 ἀρχιερεῖς
794 1798 1009 1865 γυναιξὶ
1051 1801 1319 1852 συνοικεῖν
1350 1790 1841 1871 συγκεχωρημένον
1889 1800 2032 1873 εἶχον

2141 1828 2318 1869 meros
2353 1812 2652 1879 exigentes,
2679 1807 2881 1876 aliquid
2908 1815 3017 1859 turn
3052 1803 3409 1868 imbecillitati
3441 1802 3706 1869 ipsorum,

467 1892 533 1943 ἐκ
559 1891 657 1943 τοῦ
702 1892 891 1960 νόμον,
948 1894 1043 1945 καὶ
1099 1896 1213 1954 τοῖς
1276 1890 1546 1961 Ἐλλήνων
1595 1893 1943 1971 ἀρχεερεῦσιν
2004 1898 2031 1949 ὁ

463 1985 641 2053 γάμος
663 1984 938 2047 ἀκώλυτος
966 1980 1031 2054 ἦν
1057 2000 1071 2013 ·
1107 1985 1231 2055 ἄρτι
1262 1984 1320 2036 δὲ
1343 1984 1437 2038 τοῦ
1491 1985 1846 2054 κηρύγματος
1882 1988 2034 2047 ,πλα-

463 2073 749 2134 τυνθέντος
804 2073 898 2124 καὶ
940 2076 1021 2136 είς
1072 2075 1310 2144 κρείττω
1361 2074 1699 2127 κατάστασιν
1750 2079 1844 2128 καὶ
1882 2075 2035 2141 τάξιν

464 2162 572 2215 τῶν
604 2161 811 2215 πιστῶν
837 2163 1195 2233 ἐληλυθότων,
1228 2164 1449 2233 καὶτῆς
1479 2164 1845 2234 εύαγγελικῆς
1878 2168 2031 2220 πολι-

470 2254 623 2317 τείας
650 2255 1015 2325 ὲπιδιδούσης,
1051 2257 1250 2327 χρῆναί
1286 2273 1418 2324 φασι
1449 2259 1547 2309 καὶ
1593 2259 1720 2320 τοὺς
1753 2260 2034 2329 ἀρχιερεῖς

465 2348 559 2399 τὸν
586 2349 782 2400 οἰκεῖον
821 2347 934 2418 βίον
967 2350 1104 2417 πρὸς
1137 2349 1340 2419 ἀκριϐῆ
1391 2348 1748 2420 σωφροσύνην
1784 2348 2030 2401 ἀπευθύ-

466 2454 603 2503 νειν,
637 2438 713 2501 ὡς
746 2439 819 2508 μὴ
849 2437 1010 2516 μόνον
1046 2440 1347 2510 ἀλλοτρίων
1379 2441 1683 2511 ἀπέχεσθαι
1718 2442 2024 2509 γυναικῶν,

466 2529 603 2582 αλλὰ
635 2533 729 2582 καὶ
756 2530 863 2582 τῶν
904 2531 1166 2601 πρότερον
1196 2532 1379 2594 αὐτοῖς
1404 2532 1903 2602 συνευναζομένων,
1934 2537 2029 2586 καὶ

468 2622 546 2690 μὴ
582 2621 740 2691 μόνον
769 2623 929 2691 εὐνῆς
961 2624 1151 2685 αὑταῖς
1177 2623 1253 2693 μὴ
1298 2627 1597 2687 κοινωνεῖν,
1637 2625 1773 2693 μηδὲ
1804 2625 2026 2694 μίξεως,

469 2713 605 2767 αλλὰ
642 2716 776 2785 μηδὲ
807 2718 1074 2769 συνοικεῖν
1119 2716 1329 2784 αὑταῖς,
1382 2720 1474 2769 καὶ
1521 2719 1577 2770 ὲν
1625 2719 1691 2788 τῇ
1724 2718 1861 2789 αὐτῇ
1896 2734 2032 2770 κατα

466 2808 613 2877 οικῐᾳ
640 2810 825 2879 συζῇν.
844 2810 907 2861 Οἱ
937 2811 1035 2878 μὲν
1060 2810 1167 2880 γάρ
1189 2810 1316 2874 ἴσως
1335 2812 1429 2865 κοιλ⁴
1466 2811 1558 2864 τοῦ
1592 2812 1882 2882 σωφρόνως
1910 2810 2023 2882 (75)

468 2903 744 2971 ζήσονται,
780 2900 959 2965 ἄλλοις
991 2903 1045 2955 δὲ
1080 2897 1415 2973 πρόσκομμα
1439 2906 1534 2957 καὶ
1562 2904 1859 2956 σκάνδαλον
1886 2903 2037 2977 ἔσον-

470 3012 581 3047 ται.
620 2995 729 3048 Καὶ
765 2996 1111 3063 παράγουσιν
1159 2997 1208 3047 οί
1261 2997 1398 3065 ἱεροὶ
1436 2997 1679 3065 Πατέρες
1709 2998 1904 3048 ἐκεῖνοι
1940 2996 2032 3046 καὶ

468 3089 562 3140 τὸν
593 3089 767 3155 μέγαν
800 3088 1011 3141 Παῦλον
1040 3089 1265 3156 λέγοντα
1288 3106 1302 3118 ο
1352 3089 1744 3156 Ὰπρόσκοποι
1798 3088 2036 3154 γίνεσθε

469 3180 568 3233 καί
602 3178 907 3246 Ἰουδαίοις
942 3182 1039 3234 καὶ
1070 3182 1333 3247 Ἕλλησι
1358 3182 1457 3233 καὶ
1489 3180 1562 3248 τῇ
1580 3179 1911 3247 Ἐκκλησίᾳ
1932 3177 2042 3234 τοῦ

472 3274 646 3338 Θεοῦ,
674 3274 867 3340 καθὼς
900 3273 1062 3344 κάγὼ
1094 3275 1290 3326 πάντα
1313 3272 1505 3328 πᾶσιν
1546 3273 1801 3339 ἀρέσκω,
1826 3272 1911 3340 μὴ
1946 3271 2041 3338 ζη-

468 3367 589 3420 τῶν
613 3369 679 3420 τὸ
706 3367 963 3436 ἐμαυτοῦ
986 3365 1318 3434 συμφέρον,
1379 3367 1537 3419 ἀλλὰ
1558 3367 1623 3418 τὸ
1642 3364 1762 3418 τῶν
1776 3366 2041 3430 πολλῶν,

473 3463 571 3513 ἕνα
614 3459 873 3514 σωθῶσι.
919 3459 1177 3526 Μιμηταί
1194 3476 1313 3524 μου
1354 3459 1611 3527 γίνεσθε,
1654 3456 1846 3520 καθὼς
1891 3457 2051 3526 κάγὼ

468 3551 751 3618 Χριστοῦ.
780 3548 907 3603 Εἶτα
938 3554 1048 3614 τοῖς
1081 3551 1155 3619 μὴ
1184 3552 1275 3603 τὸν
1303 3550 1509 3603 κανόνα
1529 3549 1719 3601 τοῦτον
1748 3548 2045 3616 φυλάττου·
2074 3574 2077 3579 ·

472 3662 556 3697 σιν
587 3646 885 3712 ἐπάγουσιν
912 3644 1193 3714 ἐπιτίμιον
1222 3646 1320 3712 τὴν
1354 3643 1695 3713 καθαίρεσιν.

2135 1913 2247 1960 tum
2306 1904 2613 1958 inveterata:
2670 1901 2806 1970 apud
2859 1913 3046 1959 omnes
3088 1907 3311 1968 gentes,
3363 1906 3521 1964 atque
3572 1893 3709 1946 adeo

2135 1995 2274 2066 apud
2325 1996 2469 2065 ipsos
2523 1993 2758 2054 Judaeos,
2814 1990 3197 2046 consuetudini
3232 1988 3523 2043 indulsisse
3562 1984 3705 2039 allir—

2075 2117 2088 2127 -
2137 2074 2305 2142 ment.
2373 2086 2505 2140 Nam
2548 2095 2604 2139 et
2664 2085 2890 2138 summis
2967 2082 3277 2137 Iudaeorum
3339 2078 3710 2135 sacerdotibus

2137 2194 2338 2232 uxores
2393 2179 2590 2231 habere
2650 2190 2745 2245 per
2798 2175 2941 2242 leges
2998 2159 3213 2235 licebat,
3263 2186 3438 2240 neque
3482 2170 3533 2223 id
3579 2184 3707 2223 vero

2135 2272 2445 2326 Graecorum
2473 2258 2793 2323 s'acriliculis
2814 2268 2917 2321 ulla
2943 2266 3331 2321 constitutione
3357 2252 3713 2319 interdictum’

2134 2364 2253 2417 fuit.
2301 2360 2454 2415 Nunc
2480 2378 2609 2415 vero
2644 2361 2801 2428 longe
2832 2359 3048 2427 lateque
3095 2366 3389 2427 propagata
3426 2354 3706 2425 religione,

2137 2473 2201 2511 ac
2250 2455 2557 2525 diligentius
2610 2468 2731 2522 qua:
2795 2452 2863 2505 ad
2915 2451 3245 2505 sanctiorem
3296 2448 3419 2502 vitae
3462 2463 3704 2501 normam

2135 2548 2405 2617 pertinent
2434 2544 2759 2606 constitutis,
2812 2549 3142 2611 augescente
3192 2539 3361 2595 indies
3393 2538 3711 2607 evangelico

2135 2640 2305 2699 cultu,
2339 2634 2736 2697 Severioribus,
2764 2633 3029 2703 inquiunt,
3052 2632 3216 2685 vitam
3247 2645 3395 2683 suam
3426 2632 3711 2693 continen-

2139 2733 2223 2783 tia:
2255 2728 2466 2798 legibus
2502 2728 2803 2801 astringere
2838 2726 2935 2793 ipsi
2968 2736 3180 2792 quoque
3224 2722 3465 2791 episcopi
3494 2722 3709 2783 debent.

2136 2828 2195 2872 ut
2224 2835 2328 2872 non
2362 2817 2520 2871 modo
2550 2816 2617 2870 ab
2649 2816 2837 2870 alienis
2866 2814 3125 2869 uxoribus
3152 2815 3482 2877 abstineant,
3514 2814 3606 2869 sed
3634 2816 3701 2869 ah

2137 2912 2204 2966 iis
2247 2924 2482 2977 quoque,
2531 2923 2666 2974 quas
2717 2908 2819 2960 tori
2864 2916 3148 2960 consortes
3207 2905 3495 2961 habuere:
3533 2922 3708 2975 neque

2139 3001 2310 3054 solum
2360 3001 2478 3054 lecti
2527 3001 2701 3053 S'tCitlS
2763 3014 2867 3050 non
2931 2999 3244 3060 admittant,
3297 2998 3391 3052 sed
3458 3012 3555 3051 nec
3612 3004 3710 3052 suh

2140 3094 2328 3148 eodem
2360 3102 2501 3146 tecto
2532 3102 2625 3144 aut
2672 3090 2857 3143 iisdem
2913 3090 3116 3145 aedibus
3174 3091 3367 3158 degere
3418 3091 3709 3157 patiantur.

2148 3186 2281 3242 Nam
2312 3191 2411 3242 etsi
2438 3188 2551 3241 licri
2581 3197 2775 3255 potest,
2809 3196 2863 3238 ut
2889 3198 3066 3239 castos
3091 3201 3150 3240 se
3174 3186 3522 3240 nihilominus
3544 3198 3703 3253 atque

2150 3282 2389 3350 integros
2419 3289 2657 3349 servent,
2694 3278 2813 3333 aliis
2846 3287 3027 3331 tamen
3069 3276 3394 3331 oll'cndiculo
3443 3289 3497 3331 et
3549 3293 3708 3331 sran-

2151 3373 2273 3426 dalo
2322 3380 2503 3425 erunt.
2558 3372 2674 3436 Quo
2736 3371 2853 3424 loco
2905 3386 3155 3437 magnum
3218 3385 3430 3438 quoque
3488 3370 3707 3423 Paulum

2148 3464 2324 3518 sancti
2364 3462 2551 3517 Patres
2580 3462 2906 3533 producunt,
2937 3462 3202 3515 dicentem
3232 3479 3244 3514 :
3276 3461 3401 3515 Sine
3428 3462 3711 3531 o/Iensione

2153 3566 2317 3609 estote
2370 3566 2415 3609 et
2447 3555 2649 3609 Juda'is
2677 3564 2725 3608 et
2766 3553 2990 3619 συνιείς,
3038 3564 3083 3608 et
3125 3553 3376 3608 Ecclesia:
3404 3554 3517 3620 Dei,
3540 3571 3716 3624 qucrn-

2143 3649 2428 3701 admodum
2482 3658 2529 3701 et
2586 3662 2677 3717 ego
2729 3647 2969 3709 omnibus
2993 3648 3049 3699 in
3086 3646 3324 3701 amnibus
3365 3648 3568 3717 placeo,
3608 3664 3711 3700 non

471 3754 639 3792 meam
669 3739 945 3791 utilitatem
970 3736 1341 3807 quarens,sed
1381 3735 1681 3798 multorum,
1727 3746 1780 3787 ut
1825 3734 2181 3790 solventur".
2213 3737 2520 3793 Imitatores
2559 3740 2659 3793 mei
2722 3747 2906 3807 estote,
2975 3738 3108 3792 sicut
3175 3749 3225 3792 et
3271 3755 3364 3807 ego
3429 3737 3625 3794 Christi
3644 3739 3710 3770 ⁷⁸·

474 3835 753 3886 Postremo
801 3833 889 3897 qui
949 3832 1075 3885 huic
1123 3829 1318 3884 canoni
1372 3845 1476 3882 non
1524 3829 2036 3899 obtemperaverint,
2076 3831 2156 3885 eis
2193 3832 2543 3900 depositionis
2576 3832 2797 3889 multam
2849 3831 3078 3900 irrogari
3112 3831 3322 3901 juheut.

472 3927 693 3981 ΑΡΙΣΤ.
740 3944 756 3977 ι
791 3926 849 3977 Εἰ
888 3925 982 3977 καὶ
1034 3924 1285 3976 λέλεκται
1317 3924 1390 3993 μὴ
1424 3922 1709 3974 ἐκϐάλλειν
1753 3924 2040 3990 γυναῖκας,

527 4036 570 4070 ,ι
618 4016 755 4071 ἀλλὰ
782 4018 881 4085 τῆς
914 4014 1004 4067 ἐπὶ
1030 4014 1088 4066 τὸ
1121 4015 1369 4084 κρεῖττον
1403 4014 1685 4083 προκοπῆς
1719 4012 2037 4083 προμηθού-

460 4134 476 4148 ο
550 4128 571 4163 ε
621 4125 795 4179 μενοι,
851 4106 929 4175 τῷ
981 4103 1445 4177 χειροτονουμένη»
1516 4104 1769 4173 προέδρῳ
1838 4103 2040 4173 μηκέτι

548 4221 570 4252 ε
621 4200 890 4253 συνοικεῖν
915 4200 1138 4266 γυναικί
1168 4195 1648 4267 παραγγέλλομεν.
1697 4214 1716 4247 ι

556 4292 617 4345 '0
643 4291 742 4360 μὲν
771 4288 1124 4351 ἀποστολικὺς
1155 4288 1406 4357 πέμπτος
1450 4285 1628 4340 κανὼν
1661 4286 1788 4340 οὔτε
1825 4288 2048 4342 ἐπίσκο-

481 4403 608 4450 πον,
638 4382 762 4436 οὔτε
791 4381 1180 4453 πρεσϐύτερον,
1213 4378 1247 4450 ἢ
1278 4379 1528 4434 διάκονον
1568 4378 1668 4449 τὴν
1711 4380 1908 4435 ἑαυτοῦ
1950 4398 2048 4450 γυ-

2148 3923 2375 3978 ARlST.
2415 3943 2433 3976 ι
2479 3925 2699 3979 Etiamsi
2731 3925 2929 3978 dictum
2959 3926 3029 3979 sit
3060 3938 3258 3980 uxores
3289 3937 3391 3977 non
3424 3921 3714 3992 ejiciendas

2226 4036 2243 4067 ‹
2285 4033 2425 4079 esse,
2454 4018 2803 4071 nihilominus
2841 4017 2909 4071 ad
2954 4017 3144 4071 melius
3188 4015 3549 4085 progressiotii
3579 4031 3713 4069 con-

2223 4127 2241 4159 t
2283 4109 2543 4172 sulcntes,
2581 4108 2793 4178 praesuli
2823 4109 3097 4175 ordinato,
3133 4123 3255 4163 cum
3288 4120 3457 4171 uxore
3484 4107 3714 4177 amplius

2227 4220 2243 4251 r
2288 4218 2356 4257 ne
2379 4201 2674 4268 cohabitet,
2708 4202 2761 4254 in
2790 4201 3057 4255 mandatis
3095 4201 3305 4255 damus.
3343 4217 3363 4250 ι

2221 4294 2453 4361 Quintus
2487 4308 2618 4347 sane
2661 4306 2837 4348 canon
2886 4291 3213 4360 apostolicus
3260 4304 3359 4346 nec
3405 4290 3714 4358 episcopum

2151 4400 2247 4440 nec
2288 4385 2660 4456 presbyterum
2704 4399 2804 4438 nec
2844 4383 3126 4438 diaconum
3163 4396 3385 4437 uxorem
3429 4396 3578 4436 suam
3629 4395 3715 4435 re-

475 4480 639 4531 ναῖκα
716 4476 987 4545 προφάσει
1074 4471 1359 4534 εὐλαϐείας
1429 4469 1712 4525 ἐκϐάλλειν
1760 4471 2038 4541 βούλεται·

2151 4474 2365 4544 ligionis
2417 4483 2674 4541 praetextu
2728 4472 2923 4541 ejicere
2977 4472 3137 4537 vult;
3185 4472 3279 4527 sed
3329 4480 3383 4526 et
3434 4472 3500 4525 ab
3531 4470 3715 4541 coqui

476 4568 614 4622 ἀλλὰ
645 4567 743 4620 καὶ
772 4567 861 4618 τὸν
891 4562 1051 4617 τοῦτο
1084 4563 1345 4616 ποιοῦντα
1375 4564 1629 4634 ἐπιτιμᾷ,
1656 4568 1750 4618 καὶ
1778 4563 2044 4634 ἀδιόρθω-

478 4682 575 4717 τον
604 4663 835 4732 μένοντα
861 4659 1119 4732 καθαιρεῖ
1145 4675 1163 4690 ο
1199 4653 1355 4720 οὗτος
1399 4658 1457 4712 δὲ
1516 4660 1544 4713 ό
1576 4659 1758 4714 κανὼν
1805 4662 1866 4714 ού
1910 4678 2046 4730 ουγ-

478 4758 648 4825 χωρεῖ
686 4756 799 4816 τοῖς
861 4753 1178 4813 ἐπισκόποις
1212 4751 1352 4820 μετὰ
1391 4750 1491 4821 τὴν
1524 4752 1618 4805 ἐπὶ
1675 4754 1861 4815 αὐτοῖς
1912 4770 2046 4825 προ-

481 4846 744 4899 ελθοῦσαν
794 4846 895 4914 τῆς
968 4842 1277 4911 ἐπισκοπῆς
1326 4845 1668 4915 χειροτονίαν
1712 4845 1833 4907 ταῖς
1886 4845 2048 4910 ἰδίαις

484 4939 760 4991 συνοικεῖν
791 4936 1085 5005 γαμεταῖς,
1116 4933 1215 4986 οὐκ
1246 4935 1333 4986 ἐπ’
1361 4934 1616 5004 ἁθετήσει
1642 4936 1738 4988 καὶ
1762 4938 2043 5008 ἀνατροπῇ

483 5029 594 5081 τῶν
649 5026 1023 5081 ἁποστολικῶν
1075 5024 1594 5095 νενομοθετημένων
1647 5026 1809 5079 τοῦτο
1857 5028 2051 5096 ποιῶν,

485 5122 627 5175 ἀλλὰ
658 5122 756 5190 τῆς
785 5120 1063 5191 σωτηρίας
1090 5119 1186 5171 καὶ
1217 5116 1316 5187 τῆς
1357 5118 1450 5170 ἐπὶ
1481 5117 1544 5169 τὸ
1570 5120 1821 5187 κρεῖττον
1855 5135 2055 5190 προκο-

486 5216 599 5283 πῆς
621 5215 714 5267 τοῦ
771 5213 900 5266 λαοῦ
944 5210 1417 5282 προμηθούμενος,
1458 5208 1552 5262 καὶ
1601 5209 1694 5261 τοῦ
1744 5210 1819 5282 μὴ
1867 5212 2050 5266 δοῦναι

491 5306 685 5375 μγῖιμόν
702 5323 819 5359 τινα
842 5304 977 5358 κατὰ
995 5304 1094 5373 τῆς
1121 5305 1163 5355 is
1176 5303 1400 5373 ρατικῆς
1417 5303 1826 5367 καταστάσεως.
1852 5305 2054 5359 Πάντα

563 5445 653 5500 ⁷³1
695 5444 822 5499 Cor.
862 5460 915 5505 χ,
951 5441 1142 5496 51-55.
1218 5441 1264 5471 ⁷³
1294 5441 1311 5495 1
1339 5440 1469 5497 Cor.
1501 5457 1577 5505 tv,
1604 5440 1693 5495 16.

2151 4569 2253 4622 hoc
2289 4568 2483 4621 iecerit
2528 4579 2717 4639 poenas
2768 4566 2942 4633 petit;
2977 4578 3211 4633 eumque
3268 4564 3312 4617 si
3366 4563 3559 4633 corrigi
3612 4577 3716 4616 non

2150 4652 2350 4733 potest,
2388 4660 2633 4732 deponit.
2668 4659 2768 4714 Hic
2804 4667 2985 4713 autem
3023 4670 3199 4712 canon
3245 4652 3530 4725 episcopis,
3574 4638 3712 4724 post-

2152 4770 2312 4824 quam
2338 4754 2404 4808 ad
2436 4754 2798 4825 episcopatum
2840 4750 3077 4806 ordinati
3105 4758 3254 4815 sunt,
3299 4764 3557 4803 una'cum
3604 4748 3717 4801 suis
3758 4754 3767 4761 ’

2154 4832 2468 4902 cohabitare
2507 4845 2763 4900 uxoribus
2792 4858 2899 4899 non
2931 4842 3236 4913 permittit;
3287 4858 3389 4895 nim
3435 4842 3485 4893 in
3530 4856 3714 4897 eorum

2157 4954 2277 5009 qua:
2335 4938 2631 5008 apostolice
2696 4946 2823 4992 sunt
2877 4937 3172 4990 constituta
3243 4944 3604 4997 contemptum
3654 4945 3713 4990 ,εει

2154 5030 2487 5085 eversionem
2522 5029 2653 5084 illud
2681 5029 2909 5095 iaciens,
2955 5029 3049 5083 sed
3090 5028 3273 5098 populi
3318 5024 3510 5079 salutis
3554 5033 3607 5077 et
3650 5024 3715 5076 ad

2158 5122 2381 5176 meliora
2418 5120 2814 5192 progressionis
2847 5135 3034 5174 curam
3081 5132 3298 5190 gerens,
3342 5125 3398 5169 et
3437 5131 3501 5170 ne
3545 5124 3719 5168 status

2158 5202 2511 5268 sacerdotalis
2539 5214 2736 5281 probro
2770 5213 2951 5282 aliquo
2978 5209 3301 5265 adiceretur.
3336 5204 3527 5260 Omnia
3557 5206 3716 5271 enim,

2160 5306 2336 5375 inquit
2385 5305 2599 5360 divinus
2654 5304 2967 5375 Apostolus,
3023 5304 3089 5357 ad
3122 5303 3213 5357 Dei
3257 5301 3482 5370 gloriam
3534 5299 3713 5368 facile,

1634 5552 1839 5615 Guill.
1877 5553 2209 5629 Beveregii
2247 5564 2432 5615 noue.

560 5686 675 5754 (75)
732 5686 794 5737 Ol
820 5682 936 5752 μὲν
970 5678 1077 5748 γὰρ
1119 5696 1263 5754 ισως
1294 5696 1393 5732 και
1423 5679 1526 5736 τοῦ
1558 5678 1898 5749 σωφρόνως.
1941 5674 2038 5730 Ret

2142 5694 2168 5734 s
2234 5683 2287 5734 in
2338 5679 2549 5735 .codice
2612 5679 3049 5737 Amerbaehiano
3097 5644 3407 5750 legitime!
3465 5683 3569 5754 μὲν
3610 5683 3719 5753 γὰρ

494 5751 590 5812 καὶ
621 5754 790 5819 οὕτως
822 5751 1111 5821 σωφρόνως
1140 5751 1414 5821 ζήσονται.
1586 5778 1587 5781 η
