4110 6224
476 286 479 293 ’
504 325 598 390 εει

1528 346 1610 405 ΙΝ
1648 349 1816 409 CAN.
1860 352 2007 413 XIII
2032 353 2240 415 CONC-
2274 355 2353 416 IN
2388 356 2717 418 TRULLO.

3624 364 3735 427 562

571 439 771 496 ΒᾹΛΣ.
824 442 1179 511 κωλύσαντες
1225 451 1270 502 oi
1323 450 1453 504 θεῖοι
1498 455 1735 527 Πατέρες
1780 462 1904 525 τοὺς
1960 468 2047 515 ἐπι

2253 467 2443 522 BALS.
2465 448 2596 522 Cum
2629 440 3035 535 prohibuissent
3060 472 3231 527 sancti
3267 472 3455 529 Pitres
3475 474 3741 544 episcop-s

504 533 744 595 σκόπους
794 536 935 603 μετὰ
966 538 1068 607 τὴν
1112 545 1447 611 χειροτονίαν
1480 550 1596 609 ταῖς
1638 552 1867 616 οἰκείαις
1899 572 2073 609 συνοι-

500 626 621 676 κεῖν
650 625 918 693 γυναιξὶν,
969 630 1445 689 ὑποδιαστέλλουσι
1477 640 1545 693 τὰ
1596 644 1725 712 περὶ
1760 645 1866 696 τῶν
1895 646 2075 701 διακό·

503 733 610 768 νων
661 720 754 769 καὶ
802 720 911 772 τῶν
961 721 1186 791 ἱερέων·
1235 726 1329 779 καὶ
1370 727 1743 797 διορθούμενοι
1782 734 1969 807 ὥσπερ
2016 740 2074 793 τὸ

500 811 785 878 γινόμενον
813 813 974 881 χάριν
1000 814 1204 870 τούτων
1236 820 1317 880 εἰς
1355 820 1455 889 τὴν
1484 822 1593 876 τῶν
1630 823 1916 895 Ῥωμαίων
1952 829 2073 882 Ἐκ·

497 902 751 969 κλησίαν,
777 904 1018 973 δηλονότι
1047 908 1105 961 τὸ
1130 912 1536 979 ἀναγκάζεσθαι
1568 917 1659 970 καὶ
1683 918 1903 984 τούτους
1938 922 2076 990 μετὰ

496 994 596 1061 τὴν
624 997 959 1065 χειροτονίαν
985 1001 1211 1071 ἀπέχειν
1246 1007 1309 1057 ἐκ
1337 1006 1441 1057 τῶν
1471 1009 1734 1080 πρότερον
1761 1013 2074 1085 συζευχθει-

500 1089 609 1137 σῶν
644 1089 826 1152 αὐτοῖς
869 1094 1173 1157 γυναικῶν
1227 1097 1651 1162 ἀναστέλλοντες
1703 1102 1762 1165 δὲ
1813 1105 1905 1157 καὶ
1946 1106 2074 1167 τοὺς

458 1182 461 1183 ⁷
495 1181 628 1241 ἴσως
678 1181 973 1249 μέλλοντας
1004 1188 1179 1239 είπεῖν
1226 1190 1529 1257 κωλύεσθαι
1563 1192 1657 1245 καὶ
1685 1193 1911 1258 τούτους
1943 1212 2067 1248 συνο

494 1276 633 1326 εἶναι
680 1277 803 1337 ταῖς
845 1276 1077 1339 οἰκείαις
1122 1280 1390 1347 γυναιξὶν,
1422 1282 1610 1355 ὥσπερ
1640 1285 1704 1355 δὴ
1738 1288 2073 1343 κεκώλυνται

499 1363 596 1415 καὶ
626 1365 675 1416 οἱ
717 1366 1029 1436 ἀρχιερεῖς,
1085 1369 1413 1441 διορίζονται
1446 1377 1571 1437 τοὺς
1617 1375 1800 1440 ἀξίους
1830 1396 2072 1447 χειροτο-

500 1457 621 1516 νίας
661 1457 736 1526 μὴ
783 1456 1246 1527 ἀποζευγνύεσθαι
1285 1466 1349 1517 ἐκ
1377 1465 1486 1517 τῶν
1518 1470 1795 1539 προτέρων
1825 1474 2072 1541 νομίμων

468 1545 766 1612 ’γυναικῶν
810 1548 1006 1602 αὐτῶν.
1056 1552 1409 1621 Προστιθὲασι
1450 1556 1613 1629 δὲμὴ
1646 1560 1791 1629 ἔχειν
1841 1562 2069 1628 τούτους

492 1638 592 1707 τὴν
637 1640 776 1708 μετά
817 1639 925 1693 τῶν
979 1644 1262 1713 ὁμοζύγων
1296 1648 1475 1701 αὐτῶν
1512 1653 1808 1720 συνάφειαν
1840 1656 2068 1725 ἀδιάφο-

496 1749 623 1801 ρον·
671 1733 807 1787 ἀλλά
852 1735 1263 1792 ἀποδιίστασθαι
1303 1739 1506 1794 τούτων
1553 1747 1694 1797 κατὰ
1732 1746 1824 1800 τὸν
1878 1750 2070 1815 καιρὸν

420 1813 441 1821 ”
490 1823 589 1892 τῆς
637 1824 937 1895 ἐφημερίας
966 1826 1165 1893 αὐτῶν,
1213 1828 1379 1898 ἤγουν
1431 1830 1553 1883 καθ’
1580 1830 1674 1895 οὓς
1719 1813 2065 1905 ίερουργούσι

491 1918 751 1984 καιρούς·
797 1916 982 1986 ὥσπερ
1033 1917 1190 1971 τοῦτο
1244 1918 1535 1989 διωρίσατο
1590 1923 1684 1977 καὶ
1728 1927 1775 1996 ά]
1812 1928 1869 1978 ὲν
1916 1927 2065 1997 Καρ.-

491 2008 691 2078 θαγένῃ
730 2009 946 2072 σύνοδος
993 2011 1051 2062 ὲν
1098 2009 1176 2080 τῷ
1204 2009 1250 2079 γ’
1283 2011 1379 2064 καὶ
1412 2010 1489 2065 κε’
1538 2014 1631 2067 καὶ
1662 2013 1704 2067 o'
1734 2018 1941 2083 κανόνι,
1969 2021 2065 2072 καὶ

485 2100 516 2151 ό
537 2106 585 2167 γ’
620 2098 803 2154 κανὼν
831 2100 925 2154 τοῦ
959 2103 1392 2172 ἀρχιεπισκόπου
1435 2103 1839 2176 Ἀλεξανδρείας
1879 2114 2064 2163 Διονυ-

489 2191 627 2246 σίου.
660 2194 797 2256 Τοὺς
841 2194 897 2246 δὲ
936 2194 1258 2263 τολμῶντας
1288 2197 1611 2265 ἀποστερεῖν
1653 2203 1789 2269 μετά
1820 2204 1919 2268 τὴν
1952 2221 2063 2272 χει-

490 2284 738 2353 ροτονίαν
776 2286 901 2346 τοὺς
939 2284 1219 2348 διακόνους
1259 2287 1354 2339 καὶ
1406 2289 1531 2350 τοὺς
1567 2289 1730 2357 ἱερεῖς
1776 2290 1873 2357 τῆς
1926 2292 2063 2360 μετὰ

484 2375 592 2428 τῶν
628 2377 909 2447 προτέρων
940 2377 1184 2447 νομίμων
1236 2379 1513 2447 γυναικῶν
1548 2382 1729 2434 αὐτῶν
1767 2384 2063 2451 συναφείας

480 2467 860 2537 καθαιρεῖσθαί
896 2486 1049 2535 φασι.
1082 2470 1315 2538 Προσέτι
1348 2488 1409 2539 γε
1443 2473 1549 2544 μὴν
1580 2476 1673 2527 καὶ
1710 2475 1905 2535 αὐτοὺς
1935 2476 2061 2542 τοὺς

482 2562 1015 2630 χειροτονουμένους,
1054 2567 1326 2635 προφάσει
1356 2568 1644 2634 εὐλαϐείας
1668 2569 1765 2635 τὰς
1796 2576 2061 2640 γυναῖκας

482 2654 661 2706 αὐτῶν
705 2653 1084 2722 ὲκόάλλοντας,
1136 2657 1489 2728 ἀφορίζεσθαι
1536 2662 1899 2732 διορίζονταιο
1935 2665 2060 2717 ἐπι-

482 2747 742 2812 μένοντας
769 2745 825 2797 δὲ
859 2744 936 2812 τῷ
956 2746 1131 2815 κακῷ,
1160 2748 1328 2818 ἡγουν
1360 2753 1434 2819 μὴ
1472 2751 2058 2821 προσλαμϐανομένους

479 2838 704 2903 ταύτας,
736 2840 827 2892 καὶ
853 2838 1250 2910 καθαιρεῖσθαι.
1293 2840 1549 2907 ’Υπέξελέ
1584 2846 1826 2913 μοιτοὺς
1854 2848 1911 2899 ὲν
1938 2848 2059 2910 ταῖς

484 2929 848 3000 βαρϐαρικαῖς
898 2930 1221 3000 ἐκκλησίαις
1260 2933 1446 3004 ίερεῖς.
1487 2936 1597 2989 Καὶ
1642 2938 1919 3005 ἀνάγνωθι
1962 2939 2057 2992 τὸν

474 3023 507 3075 λ
553 3026 751 3077 κανόνα
777 3024 878 3093 τῆς
907 3026 1190 3097 παρούσης
1223 3026 1441 3080 συνόδου
1472 3028 1601 3097 περὶ
1629 3028 1834 3082 τούτων
1861 3030 2056 3101 θεσμο-

2176 572 2296 609 cum
2332 558 2565 626 propriis
2596 559 2855 614 uxoribus
2884 561 3131 615 habitare
3162 572 3281 629 post
3312 564 3734 623 ordinationem.

2176 650 2240 702 de
2279 648 2523 703 diaconis
2556 661 2607 704 et
2636 650 3006 706 sacerdotibus
3035 653 3509 725 subdistinguunt;
3550 664 3604 707 et
3649 666 3742 707 ve-

2177 741 2272 793 luti
2305 741 2638 809 corrigentes
2679 744 2819 811 quod
2863 758 2923 797 ea
2954 743 3019 797 de
3070 760 3229 797 causa
3282 748 3338 796 lit
3389 746 3440 797 in
3498 745 3736 799 Romana

2176 830 2444 895 Ecclesia,
2479 832 2689 887 scilicet
2715 834 2857 901 quod
2893 841 2947 886 et
2978 834 3025 891 pii
3059 846 3175 901 post
3208 835 3603 888 ordinationvm
3647 852 3741 887 co-

2176 934 2373 993 gattittr
2398 941 2425 977 a
2465 925 2616 993 prius
2654 927 2753 980 sibi
2789 926 3099 995 conjunctis
3133 928 3392 980 uxoribus
3428 928 3736 981 absducre:

2180 1017 2537 1084 reprimentes
2593 1030 2771 1072 autem
2831 1029 2887 1073 et
2942 1033 3055 1082 eos,
3111 1019 3202 1086 qni
3263 1017 3495 1071 fortasse
3545 1018 3737 1070 dicturi

2174 1122 2329 1161 erant
2366 1110 2641 1178 prohiberi
2675 1122 2728 1164 et
2778 1111 2898 1164 illos
2944 1125 3064 1163 cum
3117 1112 3231 1164 suis
3262 1110 3521 1163 uxoribus
3570 1110 3736 1168 coire.
3818 1162 3829 1181 ι

2175 1202 2629 1269 quemadmodum
2662 1186 3013 1270 prohibentur
3036 1202 3409 1264 etantistitcs;
3441 1202 3739 1255 decernunt

2175 1310 2285 1357 eos,
2328 1297 2415 1364 qui
2453 1308 2508 1349 ut
2536 1298 2857 1350 ordinentur
2890 1297 3037 1365 digni
3069 1307 3216 1359 sunt,
3246 1313 3276 1349 ει
3319 1290 3592 1364 prioribus
3623 1297 3738 1348 suis
3785 1334 3789 1338 .

2176 1389 2425 1455 legitimis
2452 1389 2711 1443 uxoribus
2767 1405 2870 1442 non
2925 1390 3189 1458 separari.
3243 1388 3512 1455 Adjiciunt
3562 1396 3740 1440 autem

2174 1496 2267 1532 eos
2301 1496 2404 1533 non
2436 1496 2555 1534 cum
2597 1484 2717 1535 suis
2746 1481 3069 1551 conjugibus
3103 1481 3541 1549 conjunctionem
3575 1480 3741 1532 indis.

2176 1571 2505 1624 critttittalim
2539 1571 2857 1636 habituros;
2889 1574 2982 1626 sed
3010 1573 3076 1626 ab
3121 1571 3189 1625 iis
3237 1571 3579 1625 abstemuros
3610 1569 3740 1629 vicis

2177 1676 2288 1713 sua:
2319 1671 2679 1729 tempore,.eo
2725 1662 2932 1717 scilicet
2960 1670 3199 1730 tempore
3244 1675 3353 1730 quo
3390 1661 3693 1714 sacrificant
3721 1677 3736 1712 :

2176 1753 2317 1806 sicut
2356 1752 2456 1807 hoc
2486 1755 2689 1808 deliuiit
2719 1753 3246 1822 et~Cartbagiuensis
3276 1755 3512 1822 synodus
3541 1752 3590 1805 in
3624 1753 3657 1804 3
3683 1762 3739 1805 et

2104 1828 2241 1897 ΒΞὸ
2272 1852 2325 1898 ct
2356 1843 2421 1897 70
2474 1860 2599 1898 can.
2652 1856 2704 1899 ct
2757 1845 2999 1902 Scanon
3058 1842 3738 1915 Dionysiiarcbiepiscopi

2170 1936 2899 2002 Alexandrini,Eos-autem,
2933 1938 3027 2007 qui
3062 1938 3289 1991 audeant
3341 1946 3458 2005 post
3509 1937 3733 1990 ordino-

2168 2029 2366 2083 tionem
2403 2030 2657 2083 diaconos
2692 2040 2746 2085 et
2790 2032 3104 2086 sacerdotes
3150 2046 3271 2084 cum
3310 2027 3577 2097 prioribus
3626 2028 3738 2080 suis

2170 2120 2423 2189 legitimis
2455 2122 2719 2175 uxoribus
2749 2121 3141 2175 consuetudine
3181 2121 3418 2189 privare,
3465 2119 3738 2185 depuleri-

2165 2214 2262 2265 dos
2294 2213 2498 2266 dicunt.
2531 2214 2802 2267 Prmterea
2843 2213 3000 2282 172
3028 2222 3205 2266 autem
3244 2221 3298 2265 et
3331 2212 3476 2280 ipsos
3508 2210 3597 2278 qui
3645 2227 3737 2261 or-

2167 2304 2447 2367 dinantur,
2473 2319 2601 2359 suas
2624 2319 2822 2358 uxores
2844 2304 3062 2372 pietatis
3090 2312 3349 2371 praetextu
3375 2301 3731 2370 expellentes,

2166 2398 2528 2466 scgregandos
2577 2405 2863 2452 statuunt:
2902 2395 2983 2451 sin
3044 2405 3221 2447 autem
3259 2395 3310 2446 in
3366 2393 3505 2446 malo
3557 2392 3732 2459 persi-

2162 2498 2325 2551 stant,
2379 2503 2471 2542 seu
2511 2503 2603 2542 eas
2661 2504 2766 2541 non
2840 2486 3133 2551 accipiant,
3178 2486 3340 2539 etiam
3365 2484 3732 2553 deponendos.

2171 2581 2371 2651 Excipe
2403 2581 2538 2635 mihi
2571 2582 2898 2643 sacerdotes,
2947 2580 3039 2650 qui
3070 2589 3197 2633 sunt
3235 2580 3286 2632 in
3334 2578 3578 2633 ecclesiis
3611 2578 3734 2632 bar-

2163 2674 2387 2729 baricis.
2422 2674 2564 2742 Lege
2594 2665 2646 2728 el
2678 2674 2745 2727 50
2772 2688 3033 2727 canonem
3082 2671 3243 2740 bujus
3288 2671 3478 2737 synodi
3533 2671 3597 2723 de
3647 2668 3733 2721 bis

2169 2782 2382 2836 quoque
2438 2774 2782 2821 statuentem.
2832 2762 2909 2816 Ne
2948 2779 3248 2832 repugnare
3305 2773 3480 2815 autem
3532 2764 3729 2816 existi»

2170 2875 2282 2912 mes
2312 2858 2346 2911 5
2376 2873 2501 2912 can.
2535 2856 2723 2911 Carth.
2766 2870 2890 2927 syu.
2937 2855 3161 2917 dicenti,
3202 2854 3474 2922 prohiberi
3524 2870 3551 2904 a
3601 2870 3731 2907 cou-

2159 2949 2446 3018 junctione
2471 2964 2589 3001 eum
2627 2948 2767 3015 suis
2797 2946 3073 3009 uxoribus,
3124 2946 3256 2998 vicis
3305 2960 3416 2997 sua:
3470 2954 3726 3012 tempore,

2164 3040 2477 3107 episcopos,
2498 3035 2846 3106 presbyteros
2881 3044 2933 3088 et
2967 3034 3240 3087 diaconos.
3282 3033 3533 3099 Ejusdem
3582 3033 3728 3085 enim

476 3117 758 3174 θετοῦντα.
811 3119 903 3185 Μὴ
955 3118 1288 3199 ὲναντιωθῇς
1341 3119 1397 3172 δὲ
1438 3120 1515 3201 τῷ
1560 3126 1609 3188 γ’
1654 3124 1840 3175 κανόνι
1867 3121 1967 3192 τῆς
1996 3123 2053 3175 ὲν

2162 3131 2350 3199 synodi
2388 3144 2561 3182 canon
2596 3129 2628 3182 ό
2663 3138 2717 3181 et
2751 3127 2819 3180 9.5
2855 3134 2908 3181 et
2948 3140 3209 3193 praesens,
3247 3125 3410 3178 etiam
3469 3124 3730 3191 bvpodia—

474 3208 808 3281 Καρθαγένῃ
832 3209 1071 3273 συνόδου,
1095 3198 1309 3278 λέγοντι
1331 3198 1635 3266 κωλύεσθαι
1658 3212 1756 3280 τῆς
1787 3216 1925 3281 μετά
1947 3215 2056 3267 τῶν

473 3302 761 3371 ὀμοζύγων
812 3304 992 3358 αὐτῶν
1053 3306 1350 3374 συναφείας
1406 3304 1549 3359 κατᾶ
1597 3307 1689 3359 τὸν
1732 3307 1927 3379 καιρὸν
1960 3310 2058 3380 τῆς

471 3395 780 3465 ἐφημερίας
833 3396 1014 3451 αὐτῶν
1065 3398 1431 3463 ἐπισκόπους,
1490 3399 1896 3471 πρεσϐυτέρους
1959 3403 2056 3455 καὶ

468 3488 773 3552 διακόνους.
816 3491 877 3542 Ὀ
901 3490 1011 3559 γὰρ
1055 3489 1098 3543 δ’
1126 3490 1305 3544 κανὼν
1338 3492 1440 3561 τῆς
1487 3492 1657 3562 αὐτῆς
1687 3494 1929 3560 συνόδου,
1961 3498 2055 3550 καὶ

468 3584 496 3634 ὁ
532 3589 635 3645 κε’,
677 3584 769 3635 καὶ
799 3584 828 3635 ό
863 3581 1077 3653 παρὼν,
1114 3584 1211 3636 καὶ
1241 3584 1364 3646 τοὺς
1405 3585 1786 3650 ὑποδιακόνους
1824 3590 2053 3659 προστί-

470 3674 597 3743 θησι
630 3673 765 3745 (76).
802 3675 1116 3746 Σημείωσαι
1148 3674 1258 3730 ἀπὸ
1284 3676 1376 3729 τοῦ
1409 3678 1676 3748 παρόντος
1718 3679 1939 3743 κανόνος
1968 3682 2049 3740 ὅτι

468 3764 873 3831 ἀναγκάζονται
913 3767 961 3817 οἱ
1016 3766 1201 3835 ἱερεῖς,
1250 3766 1343 3819 καὶ
1369 3766 1418 3819 oi
1444 3767 1681 3821 διάκονοι
1715 3768 1807 3821 καὶ
1834 3771 1885 3821 oi
1915 3771 2049 3824 ὑπο-

465 3856 724 3921 διάκονυι,
752 3858 824 3920 ὠς
840 3855 907 3909 τά
930 3856 1050 3927 ἱερὰ
1071 3844 1595 3926 μεταχειριζόμενοι,
1616 3859 1916 3929 ἀπέχεσθαι
1939 3861 2048 3915 τῶν

2159 3237 2328 3275 conos
2356 3222 2564 3290 adjicit.
2591 3222 2726 3275 Nota
2777 3236 2843 3275 ex
2885 3218 3133 3288 praesenti
3173 3233 3400 3281 canone,
3449 3219 3590 3285 quod
3640 3230 3728 3269 δεμ

2156 3316 2401 3369 cerdotes
2446 3325 2501 3368 et
2543 3314 2756 3368 diaconi
2801 3323 2856 3368 et
2901 3310 3302 3382 bypodiaconi,
3337 3319 3394 3362 ut
3430 3310 3518 3376 qui
3568 3323 3726 3362 saeua

2157 3414 2416 3469 tractant,
2446 3422 2475 3459 a
2505 3405 2618 3460 suis
2650 3403 2961 3460 abstineant
2993 3402 3252 3457 uxoribus
3279 3402 3475 3455 viciam
3504 3414 3723 3452 suarum

2166 3480 2501 3567 temporibus
2533 3516 2753 3555 necesse
2782 3508 2884 3554 est.
2917 3498 3016 3565 Qui
3053 3498 3233 3566 itaque
3274 3505 3527 3563 perpetuo
3554 3501 3608 3544 et
3644 3491 3726 3545 in-

2162 3593 2281 3647 dies
2338 3595 2726 3662 propemodum
2765 3593 3098 3651 ministraut,
3140 3599 3195 3643 et
3234 3603 3386 3643 sat-ra
3433 3585 3722 3653 attingunt,

2109 3694 2124 3706 ·
2160 3697 2397 3749 quonam
2436 3683 2594 3735 modo
2618 3697 2675 3736 se
2700 3682 3077 3736 excusabunt?
3108 3679 3249 3749 Lege
3282 3686 3334 3731 ct
3368 3677 3421 3740 5,
3448 3675 3517 3730 25
3558 3685 3609 3726 et
3656 3674 3725 3727 70

2157 3790 2281 3829 can.
2311 3775 2500 3844 synodi
2537 3774 2986 3845 Carthagineusis
3033 3786 3088 3829 et
3138 3788 3259 3841 qua:
3291 3772 3346 3824 iu
3404 3772 3470 3843 iis
3520 3770 3723 3838 scripta

2154 3873 2298 3919 sunt.

468 3947 614 4005 ἰδίων
652 3950 927 4018 γυναικῶν
963 3948 1105 4003 κατὰ
1133 3949 1261 4008 τοὺς
1308 3950 1535 4018 καιροὺς
1578 3950 1686 4002 τῶν
1716 3952 2037 4023 ἐφημεριῶν
2076 3957 2277 4011 αὐτῶν.
2323 3960 2385 4013 Οἱ
2431 3959 2562 4026 γοῦν
2603 3960 2670 4012 δι’
2711 3960 2833 4013 ὅλου
2884 3958 2980 4011 καὶ
3029 3958 3213 4026 σχεδὸν
3293 3955 3414 4009 καθ’
3486 3956 3724 4020 ἑκάστην

474 4042 921 4113 λειτουργοῦντες
960 4040 1055 4094 καὶ
1086 4040 1448 4110 ψηλαφῶντες
1500 4040 1567 4093 τὰ
1612 4041 1745 4109 ἅγια
1796 4042 1849 4096 τί
1896 4046 2357 4123 ἀπολογήσονται;
2406 4051 2741 4121 Ἀνάγνωσον
2769 4051 2863 4104 καὶ
2892 4050 2959 4117 γ’,
2996 4056 3073 4103 κε’
3133 4051 3226 4103 καὶ
3294 4048 3333 4101 ο¹
3368 4050 3566 4102 κανόνα
3626 4047 3723 4115 τῆς

465 4137 525 4190 ὲν
554 4135 883 4204 Καρθαγένῃ
912 4134 1131 4187 συνόδου
1164 4135 1259 4187 καὶ
1287 4136 1355 4187 τὰ
1385 4136 1447 4187 ὲν
1478 4135 1690 4200 αὐτοῖς.

535 4230 784 4285 ΖΩΝΑΡ.
831 4228 920 4281 Ἐν
966 4231 1033 4298 τῇ
1094 4228 1381 4298 Ῥωμαίων
1436 4229 1731 4302 Ἐκκλησία
1782 4236 1947 4301 φασιν
1992 4239 2044 4290 oi

464 4324 597 4377 θεῖοι
632 4324 876 4393 Πατέρες
924 4322 1045 4384 ἔθος
1076 4322 1383 4393 κρατῆσαι,
1416 4323 1510 4377 καὶ
1537 4324 1612 4385 ὡς
1656 4325 1858 4380 κανόνα
1897 4327 2043 4381 ἐκεί-

465 4433 579 4477 νοις
639 4413 924 4484 κρίνεσθαι
982 4416 1106 4476 τοὺς
1160 4415 1668 4485 χειροτονουμένους
1724 4418 1887 4485 ἱερεῖς
1948 4422 2042 4474 καὶ

465 4500 751 4569 διακόνους
803 4503 1149 4558 συντίθεσθαι
1183 4507 1277 4559 καὶ
1305 4506 1586 4576 ὁμολογεῖν
1630 4510 1929 4580 ἀπέχεσθαι
1954 4529 2042 4565 τε·

466 4597 627 4660 λείως
666 4597 804 4667 μετὰ
856 4598 955 4666 τὴν
1005 4598 1337 4666 χειροτονίαν
1396 4598 1503 4651 τῶν
1553 4601 1817 4668 πρότερον
1858 4603 2040 4667 αὐτοῖς

468 4690 868 4761 συζευχθεισῶν
916 4690 1213 4757 γυναικῶν.
1247 4690 1416 4743 Τοῦτο
1462 4691 1516 4742 δὲ
1550 4694 1711 4762 ἡμεῖς
1745 4694 1845 4748 οὐκ
1872 4697 2038 4748 ἀπαι-

465 4785 687 4854 τοῦμεν,
722 4786 905 4854 φασὶν,
936 4783 1072 4836 ἀλλά
1101 4782 1177 4852 τῷ
1212 4784 1397 4836 κανόνι
1426 4785 1502 4853 τῷ
1542 4786 1882 4859 ἀποστολικῷ
1907 4789 2039 4840 ἀκο-

469 4874 809 4941 λουθοῦντες,
840 4878 909 4930 τὰ
934 4875 1139 4945 νόμιμα
1170 4874 1609 4929 συνοικέσιαστῶν
1636 4877 1717 4940 είς
1740 4876 2040 4947 ἱερωσύνην

464 4972 775 5038 ἐρχομένων
823 4970 1049 5039 κρατεῖν
1102 4965 1436 5037 βουλόμεθα,
1489 4970 1581 5020 καὶ
1615 4970 1883 5039 ίερωμένα
1926 4970 2037 5041 (77)

462 5057 718 5115 εἶναικαὶ
742 5061 1023 5127 ἀδιάλυτα,
1049 5061 1142 5113 καὶ
1161 5061 1265 5113 οὐκ
1281 5060 1689 5128 ἀποστεροῦμεν
1722 5061 1917 5124 αὐτοὺς
1938 5063 2039 5132 τῆς

466 5155 609 5225 πρὸς
637 5154 903 5224 ἀλλήλους
935 5152 1230 5222 συναφείας
1260 5154 1351 5207 καὶ
1404 5152 1539 5222 μετὰ
1567 5152 1656 5205 τὸν
1694 5156 2037 5224 προσήκοντα

462 5247 657 5319 καιρὸν
690 5246 925 5315 ὁμιλίας.
961 5250 1055 5310 ’ος
1086 5247 1268 5300 τοίνυν
1293 5246 1446 5312 ἄξιος
1478 5247 1671 5317 φανείη
1699 5250 2034 5318 χειροτονίας

596 5350 605 5375 ί

2223 4236 2474 4292 ZONAB.
2509 4236 2563 4290 In
2598 4236 2838 4289 Romana
2872 4233 3109 4288 Ecclesia
3155 4247 3356 4285 morem
3392 4230 3711 4291 iuvaluisse,

2150 4328 2369 4398 vimque
2395 4329 2450 4382 in
2478 4342 2539 4382 ea
2571 4327 2704 4395 legis
2735 4326 2980 4379 obtinere
3006 4325 3169 4377 divini
3207 4323 3392 4377 Patres
3442 4322 3612 4381 aiunt,
3643 4330 3703 4372 ut

2156 4423 2472 4492 quicunque
2506 4418 2839 4477 sacerdotes,
2876 4426 2968 4471 aut
2994 4417 3205 4470 diaconi
3237 4417 3393 4478 ltunt,
3428 4416 3529 4468 sibi
3581 4416 3717 4470 nihil

2151 4514 2205 4569 in
2251 4522 2527 4582 pbslerum
2586 4526 2709 4565 cum
2760 4509 3040 4574 uxoribus,
3091 4509 3286 4576 quibus
3342 4517 3468 4560 ante
3522 4509 3717 4564 sociati

2152 4605 2389 4666 fuerant,
2418 4601 2648 4670 amplius
2682 4602 2903 4654 omnino
2939 4598 3250 4653 commercii
3283 4596 3398 4650 fore
3427 4599 3720 4665 proﬁtean-

2155 4706 2260 4761 tur,
2293 4704 2343 4749 et
2379 4693 2695 4762 spondeam.
2733 4689 2801 4745 At
2830 4706 2953 4755 nos,
2985 4678 3261 4765 inquiunt,
3288 4689 3418 4743 nihil
3456 4692 3717 4757 ejusmodi

2149 4786 2508 4855 postulamus,
2540 4799 2725 4836 verum
2759 4783 3060 4851 apostolico
3090 4766 3298 4833 canone
3347 4782 3545 4846 edocti,
3589 4798 3719 4837 con-

2149 4888 2377 4932 tractum
2421 4892 2541 4931 cum
2582 4878 2730 4946 justa
2774 4890 2943 4928 uxore
2993 4874 3246 4929 connubii
3290 4872 3485 4937 l'cedus,
3536 4883 3713 4927 ratum

2145 4968 2576 5037 inviolatumque
2632 4981 2754 5021 esse
2816 4966 3087 5027 volumus.
3149 4978 3325 5033 neque
3373 4980 3478 5032 quo
3534 4963 3714 5017 minus

2150 5076 2332 5118 mutua
2377 5063 2518 5116 inter
2550 5076 2608 5116 se
2636 5059 3049 5123 consuetudine,
3072 5072 3496 5126 congressuque.
3528 5055 3709 5110 habita

2148 5154 2503 5208 nihilominus
2536 5161 2840 5221 temporum
2874 5150 3105 5213 ratione,
3135 5148 3393 5217 conjuges
3422 5148 3711 5217 perfruan-

2148 5260 2254 5306 tur.
2288 5248 2657 5318 probibemus.
2696 5246 2750 5299 Si
2791 5245 2911 5315 quis
2948 5244 3109 5313 igitur
3147 5257 3303 5298 sacro
3334 5258 3392 5296 se
3427 5241 3707 5313 presbyte-

1686 5383 1874 5446 Guill.
1911 5386 2241 5464 Beveregii
2289 5392 2481 5447 notae.

534 5515 648 5586 (76)
674 5514 718 5569 Σ
724 5514 1011 5586 ημείωσαι
1032 5512 1150 5567 ἀπὸ
1177 5512 1282 5586 τοῦ
1302 5513 1598 5586 παρόν-τος
1616 5504 1899 5586 κωίόνος,
1911 5510 2033 5586 Haec

2167 5527 2255 5565 sse
2283 5522 2567 5580 pr0pterea
2592 5510 2758 5579 quod,
2792 5525 2912 5586 qua;
2941 5508 3225 5586 Balsat‘nou
3265 5506 3425 5586 dixit,
3457 5505 3544 5559 bic
3598 5520 3696 5586 re:-

462 5576 642 5657 usQue
676 5576 945 5657 ari-linem
979 5581 1142 5651 hujus
1171 5576 1519 5657 Alialsanionis
1562 5582 2032 5657 interpretationis
2133 5576 2420 5651 petuntur,
2455 5591 2522 5657 _et
2558 5576 2816 5657 _ca_nones
2872 5578 3360 5657 Carthaginenses
3394 5576 3576 5631 denuo
3625 5576 3705 5630 ci-

460 5676 532 5714 ex
552 5652 673 5711 ’tns.
709 5653 999 5708 Bodleiano
1027 5653 1420 5722 supplevimus,
1455 5667 1629 5720 neque
1655 5652 1799 5706 enim
1834 5652 1884 5705 in
1912 5653 2028 5707 edi-

461 5730 617 5783 tione
654 5724 951 5780 Parisiensi
986 5724 1278 5782 habentur,
1312 5737 1487 5791 neque
1520 5724 1684 5774 etiam
1728 5722 1781 5774 in
1840 5722 2029 5777 codice

2133 5648 2339 5713 tantur,
2376 5652 2467 5719 qtti
2499 5668 2526 5704 a
2558 5651 2880 5703 Balsamoue
2905 5658 3031 5702 ante
3051 5648 3201 5719 cjtati
3238 5654 3387 5701 sunt.

2202 5722 2316 5792 (77)
2335 5715 2664 5792 'Iépwpéra.
2686 5717 3289 5792 llenricianusl'onaraa
3310 5717 3485 5792 codex
3497 5715 3710 5772 rectius

463 5795 929 5854 Amerbacbiano.
966 5792 1071 5849 Sed
1118 5794 1367 5864 suspicor
1400 5787 1479 5847 ἐει
1541 5791 1882 5849 Balsamonis
1922 5808 2027 5847 non

2161 5787 2256 5864 git
2285 5787 2597 5864 ἐρρωμένοι.
2628 5791 2726 5847 Ms.
2758 5789 3007 5848 Gallandi
3040 5787 3419 5860 ὴδραιωμένα.
