4110 6224
428 349 534 414 563

1682 350 1958 414 THEOD.
1986 352 2389 416 BALSAMON

3560 352 3664 415 564

427 472 601 525 ratus,
652 467 745 516 aut
796 462 1131 526 diaconatus.
1181 469 1275 517 ant
1322 462 1751 519 subdiaconatus
1798 464 1986 519 ordine

2093 467 2457 540 πρεσϐυτέρου
2478 471 2508 542 ῆ
2522 471 2767 528 διακόνου
2781 473 2814 545 ἢ
2835 472 3185 528 ύποδιακόνου
3206 471 3345 542 ἔχων
3356 468 3589 539 γυναῖκα
3601 470 3665 519 οὐ

427 554 647 625 dignum
689 556 947 626 prtcbeat,
1007 557 1153 626 eligi,
1204 558 1451 627 quamvis
1500 558 1654 613 uxori
1686 559 1984 629 alligatum,

426 646 577 701 nulla
615 664 677 703 ex
708 662 773 703 eo
803 648 1020 702 divortii
1058 648 1309 717 imposita
1346 651 1672 706 necessitate
1715 651 1987 707 hominem

429 737 614 793 licebit
642 755 658 793 :
697 754 763 793 ne
788 738 988 809 alioqui
1031 741 1269 810 nuptias.
1302 757 1439 812 quas
1490 752 1546 797 et
1580 758 1678 797 suo
1711 744 1825 813 ipse
1852 758 1988 798 con-

427 838 617 899 spectu
677 830 939 885 Dominus
996 833 1320 895 honestavit.
1369 846 1428 889 et
1462 835 1737 891 miraculis
1789 836 1988 891 ibidem

426 924 586 977 editis
638 924 1002 989 consecravit,
1050 926 1356 995 improbare
1402 927 1701 983 videamur.
1753 908 1988 995 Quarum

433 1016 650 1084 quidem
683 1017 844 1070 etiam
874 1020 1244 1083 sanctitatem,
1281 1019 1404 1074 aliis
1444 1035 1662 1091 quoque
1712 1037 1990 1078 sacrarum

432 1106 759 1161 Litterarum
806 1109 1132 1164 testimoniis
1178 1125 1420 1165 asserere
1472 1112 1737 1167 nituntttr.
1788 1112 1993 1171 Deinde

428 1198 574 1268 quod
629 1198 681 1251 in
721 1190 1027 1253 connubiali
1084 1201 1274 1270 copula
1319 1203 1579 1270 temporis
1625 1204 1887 1259 rationem
1925 1207 1993 1262 ab

428 1290 656 1344 initiatis
684 1292 984 1347 habendam
1017 1307 1140 1348 esse
1173 1304 1331 1348 antea
1362 1295 1569 1350 dictum
1604 1306 1704 1361 est,
1734 1298 1785 1352 id
1827 1314 1991 1365 nunc,

429 1379 595 1434 allato
624 1380 813 1450 synodi
841 1381 1292 1454 Carthaginensis
1323 1387 1562 1451 decreto,
1592 1387 1754 1454 quale
1794 1390 1865 1443 sit
1894 1404 1992 1461 ex-

428 1472 680 1544 plicant:
718 1490 827 1546 quo
860 1476 1069 1533 scilicet
1115 1479 1313 1547 quibus
1354 1483 1761 1536 tractandarum
1813 1496 1993 1536 rerum

428 1580 710 1622 sacrarum
764 1585 895 1625 cura
956 1570 1283 1627 demandata
1333 1582 1439 1638 est,
1501 1589 1596 1644 per
1647 1575 1795 1631 vices
1843 1591 1992 1639 suas,

428 1663 832 1732 constitutaque
859 1663 1000 1734 ipsis
1033 1664 1194 1719 divini
1225 1666 1510 1722 ministerii
1535 1677 1799 1737 tempora,
1828 1668 2021 1725 absti-'

433 1766 564 1805 nere
596 1753 664 1807 ab
704 1769 934 1809 uxorum
974 1757 1302 1827 contagione
1340 1756 1625 1825 jubentur.
1655 1759 1805 1825 Quod
1850 1759 1991 1815 idem

429 1841 788 1899 Alexandrini
822 1862 1041 1916 quoque
1071 1850 1464 1918 archiepiscopi
1498 1848 1747 1921 Dionysii
1789 1849 1995 1908 canone

430 1936 593 1989 tertio
643 1938 909 1993 sancitum
971 1950 1077 1995 est.
1129 1940 1281 2008 Quod
1332 1942 1377 1997 si
1427 1943 1516 2013 qui
1549 1943 1896 1998 nihilominus
1926 1944 1994 1999 ab

429 2029 617 2083 uxoris
649 2030 905 2100 legitima;
945 2035 1377 2101 consociatione,
1422 2045 1475 2090 et
1517 2038 1866 2100 commercio,
1902 2052 1993 2091 sa-

427 2122 703 2189 cerdotes,
738 2133 830 2177 aut
857 2124 1139 2192 diaconos,
1182 2138 1275 2180 aut
1313 2128 1715 2197 hypodiaconos
1765 2140 1995 2185 conetur

430 2214 721 2280 abducere,
761 2217 1137 2286 depositionis,
1168 2235 1288 2287 qua:
1337 2221 1570 2275 maxima
1620 2237 1753 2293 esse,
1793 2205 1991 2291 potest,

428 2307 633 2362 homini
666 2324 878 2379 poenam
912 2311 1101 2366 Patres
1148 2314 1492 2369 denuntiant.
1542 2316 1650 2370 Sed
1694 2330 1791 2370 nec
1823 2319 1995 2373 sacris

426 2400 709 2456 ordinibus
741 2404 988 2468 initiatis,
1017 2420 1154 2474 quos
1188 2405 1448 2471 diximus,
1490 2422 1685 2463 uxores
1717 2423 1844 2463 suas
1872 2410 1995 2464 reli-

428 2493 603 2559 gionis
648 2494 873 2549 obtentu
932 2497 1219 2565 repudiare
1262 2501 1608 2568 permissum,
1640 2500 1770 2566 quin
1810 2513 1993 2566 segre-

426 2585 541 2650 gari
592 2586 767 2653 primo
800 2628 815 2649 ,
865 2588 910 2643 si
948 2588 998 2641 id
1037 2588 1296 2655 fecerint,
1327 2603 1391 2643 ac
1421 2589 1520 2643 nisi
1554 2600 1739 2659 postea
1788 2600 1991 2642 mutata

430 2677 702 2731 sententia
733 2678 945 2731 easdem
989 2678 1325 2745 reduxerim,
1360 2693 1452 2733 eos
1480 2679 1675 2750 deponi
1730 2687 1991 2747 praeterea

420 2766 633 2836 jubent.

425 2859 650 2915 ARIST.
692 2879 712 2912 ι
752 2861 971 2917 Etiamsi
1007 2863 1235 2934 Romani
1269 2880 1415 2927 eum,
1450 2867 1540 2933 qui
1592 2865 1852 2920 diaconus
1908 2866 1991 2920 vel

504 2972 523 3003 ι
570 2954 853 3026 presbyter
880 2957 1159 3012 ordinatus
1188 2968 1290 3020 est,
1327 2938 1550 3011 uxorem
1602 2973 1754 3012 suam
1810 2958 1994 3010 dimit-

502 3062 523 3095 ι
566 3056 678 3102 tere
696 3047 878 3113 velint,
901 3064 996 3103 nos
1017 3060 1192 3103 tamen
1212 3049 1558 3104 diaconorum
1577 3058 1628 3105 et
1648 3049 1991 3120 presbytero-

502 3156 520 3189 ι
563 3154 679 3192 rum
712 3140 958 3209 conjug‘ia
978 3141 1387 3211 rata,iirmaque
1412 3157 1627 3197 manere
1650 3142 1917 3197 volumus.
1963 3159 1981 3193 ι
2012 3152 2057 3214 ρ

500 3228 567 3282 Ει
598 3230 642 3283 si
670 3230 722 3284 in
778 3231 1019 3284 Ecclesia
1062 3231 1221 3303 Rom,
1257 3242 1313 3285 ut
1366 3233 1419 3286 in
1468 3249 1591 3287 can.
1652 3233 1844 3289 ordine
1888 3234 1989 3288 hoc

425 3320 686 3386 obtinuit,
716 3325 890 3392 utqui
930 3325 995 3376 ad
1032 3326 1471 3394 presbyteratnm
1502 3335 1593 3379 aut
1645 3326 1986 3379 diaconatum

424 3425 509 3468 est
538 3417 934 3483 promovendus
962 3426 1087 3473 ante
1115 3413 1517 3471 ordinationem
1556 3417 1895 3481 conﬁteatur,
1931 3433 1990 3472 se

427 3521 532 3558 non
561 3507 792 3573 amplius
823 3510 974 3562 uxori
1021 3526 1131 3562 suae
1162 3509 1445 3577 c0njungi,
1497 3508 1590 3563 sed
1620 3523 1835 3562 omnem
1868 3524 1988 3562 cum

424 3613 487 3650 ea
524 3602 959 3667 congressionem
997 3601 1288 3655 dissolvere
1322 3619 1335 3653 :
1375 3609 1576 3663 tamen,
1606 3610 1663 3653 ut
1692 3615 1884 3669 evang.
1938 3609 1992 3652 et

429 3701 605 3758 apost.
654 3707 797 3746 cura:
847 3695 1202 3757 contrarium,
1238 3694 1304 3747 ab
1342 3693 1443 3746 hoc
1474 3707 1596 3747 can.
1646 3709 1753 3747 non
1795 3692 1991 3747 admito

427 3784 576 3847 titur,
615 3784 705 3852 qui
736 3786 953 3853 quidem
985 3785 1233 3840 decernit
1271 3787 1619 3857 presbyteros
1660 3797 1712 3842 et
1739 3788 1993 3840 diaconos

427 3878 679 3946 coniugia
706 3893 801 3933 sua
843 3881 1083 3950 legitime
1129 3881 1262 3935 inita
1305 3896 1643 3951 nequaquam
1676 3882 1991 3944 dissolvere,

431 3965 587 4035 173
603 3967 694 4022 sed
708 3982 827 4021 cum
842 3970 1099 4025 uxoribus
1115 3972 1225 4024 suis
1237 3971 1666 4039 coniunctionem
1680 3971 1991 4035 observare,

427 4074 459 4112 :t
482 4062 874 4117 consuetudine
891 4073 1068 4117 autem
1095 4079 1217 4118 cum
1238 4065 1302 4118 iis
1321 4064 1593 4119 abstinere
1613 4075 1854 4133 tempore
1868 4079 1995 4130 con-

428 4146 688 4212 venienti,
710 4150 809 4204 hoc
836 4160 937 4217 est,
957 4152 1207 4222 injejunii
1226 4162 1570 4208 ctsacrorum
1592 4153 1993 4207 tractandorum

430 4254 690 4309 tempore;
713 4243 993 4313 titlpossint
1015 4245 1241 4314 id,quod
1264 4261 1294 4323 a
1316 4246 1426 4299 Deo
1444 4244 1761 4313 simpliciter
1786 4254 1995 4315 pettmt,

426 4332 694 4388 obtinere.
716 4333 765 4387 ls
781 4344 960 4390 autem
978 4337 1067 4405 qui
1091 4338 1308 4406 pietatis
1321 4347 1585 4406 praitestu
1603 4352 1826 4391 uxorem
1844 4351 1999 4391 suam

427 4423 625 4490 ejicere
654 4438 934 4493 aggressus
950 4436 1053 4489 est,
1072 4436 1384 4495 segregatur
1405 4468 1419 4491 ,
1436 4436 1491 4479 et
1516 4427 1561 4481 si
1583 4426 1994 4480 inemendabilis

2090 560 2460 632 κωλυθήσεται
2488 565 2586 635 τῆς
2617 566 2873 637 τοιαύτης
2899 565 3246 638 χειροτονίας,
3277 562 3400 617 οὔτε
3428 562 3665 627 ἀπαιτη-

2092 649 2315 719 θήσεται
2343 655 2672 726 ὁμολογῆσαι
2693 658 2768 721 ὡς
2803 660 3169 729 ἀποστήσεται
3193 658 3288 725 τῆς
3306 653 3438 724 πρὸς
3457 653 3554 722 τὴν
3588 653 3665 705 οἰ-

2090 747 2243 798 κείαν
2264 747 2505 819 γαμετὴν
2526 749 2764 819 όμιλίαςο
2779 751 2855 814 ὠς
2878 751 2945 805 ἂν
2967 752 3041 822 μὴ
3065 749 3311 804 ἐντεῦθεν
3328 745 3660 807 διαϐάλλοιτο

2090 838 2119 889 ὁ
2139 838 2336 908 γάμος,
2364 839 2423 893 ὃν
2452 843 2480 895 ό
2503 841 2707 912 Κύριος
2728 842 3122 913 παρουσιάσας,
3159 841 3252 894 καὶ
3280 843 3335 893 ὲν
3355 837 3501 907 αὺτῷ
3528 836 3663 891 θαυ-

2095 933 2502 1003 ματουργήσας,
2538 935 2817 1004 εύλόγησε.
2860 936 2969 989 Καὶ
3002 934 3215 1003 ἑτέραις
3244 931 3301 983 δὲ
3355 929 3661 999 Γραφικαῖς

2094 1021 2326 1090 χρήσεσι
2374 1024 2670 1095 κέχρηνται
2715 1026 2843 1096 περὶ
2897 1027 2990 1080 τοῦ
3025 1027 3225 1095 γάμου.
3276 1018 3409 1076 Εἶτα
3449 1018 3478 1073 ὃ
3509 1016 3665 1074 εἷπον

2093 1113 2348 1184 ἀνωτέρω
2372 1117 2500 1185 περὶ
2528 1115 2623 1169 τοῦ
2656 1117 2798 1170 κατά
2824 1118 2916 1171 τὸν
2945 1118 3292 1187 προσήκοντα
3320 1111 3509 1183 καιρὸν
3539 1111 3665 1180 ὁμιο

2092 1206 2205 1259 λεῖν
2256 1209 2379 1272 ταῖς
2422 1213 2693 1280 γαμεταῖς
2735 1212 2861 1274 τοὺς
2904 1210 3232 1282 ἱερωμένους
3273 1205 3662 1277 σαφηνίζουσιθ

2094 1300 2188 1354 καὶ
2226 1301 2531 1373 μέμνηνται
2574 1304 2676 1372 τῆς
2729 1305 2790 1356 ὲν
2833 1303 3162 1375 Καρθαγένῃ
3210 1299 3427 1353 συνόδου
3478 1297 3665 1349 διατα-

2097 1390 2335 1462 ξαμένης
2367 1394 2495 1458 τοὺς
2525 1395 2595 1449 τά
2623 1396 2746 1466 ίερά
2790 1395 3161 1467 ψηλαφῶντας
3204 1394 3324 1463 ἦτοι
3358 1404 3667 1471 μεταχειριο

2097 1483 2361 1557 ζομένουςι
2401 1487 2541 1541 κατὰ
2570 1488 2696 1551 τοὺς
2747 1489 2910 1552 ίδίους
2953 1489 3134 1556 ὄρους,
3184 1485 3355 1555 ἤγουν
3407 1480 3544 1551 μετὰ
3568 1479 3678 1540 τὰς

2096 1577 2402 1647 ἐφημερίας
2430 1577 2608 1632 αὐτῶν
2634 1581 2728 1631 καὶ
2752 1579 2880 1642 τοὺς
2925 1579 3149 1649 καιροὺς
3182 1573 3306 1627 καθ’
3329 1571 3423 1634 οὓς
3454 1572 3668 1639 ἱερουρ-

2096 1667 2307 1735 γοῦσιν,
2342 1671 2407 1723 ὲκ
2449 1670 2557 1724 τῶν
2597 1669 2841 1742 συμϐίων
2872 1667 3331 1743 ὲγκρατεύεσθαιτ
3355 1663 3464 1717 Καὶ
3492 1664 3522 1714 ό
3549 1668 3669 1730 τρι-

2097 1777 2186 1825 τος
2217 1760 2273 1814 δὲ
2301 1762 2484 1815 κανὼν
2512 1762 2606 1817 τοῦ
2646 1761 3076 1833 ἀρχιεπισκόπου
3111 1755 3515 1825 Ἀλεξανδρείας
3547 1755 3669 1806 Διο-

2097 1842 2279 1907 νυσίου
2305 1856 2372 1907 τὰ
2403 1856 2543 1909 αύτά
2568 1855 2930 1909 διατάττεται.
2970 1854 3078 1907 Καὶ
3109 1852 3204 1906 ἐπὶ
3246 1847 3459 1909 τούτοις
3504 1847 3663 1898 ἀπει-

2096 1945 2277 1999 λοῦσιν
2298 1949 2345 2000 οί
2366 1942 2456 2001 τὸ³ν
2482 1950 2685 2002 κανόνα
2706 1946 2923 2016 θέμενοι
2950 1945 3189 2014 Πατέρες
3214 1947 3325 2003 τοῖς
3344 1941 3667 2010 ἀποστερεῖν

2096 2039 2431 2112 ἐπιχειροῦσι
2475 2039 2876 2110 πρεσϐυτέρους
2923 2037 2954 2107 ἢ
2994 2035 3276 2101 διακόνους
3310 2033 3341 2101 ἢ
3379 2030 3667 2084 ὑποδιακό-

2096 2153 2219 2199 νους
2250 2137 2349 2205 τῆς
2393 2134 2528 2206 πρὸς
2562 2136 2665 2203 τὴν
2706 2132 2936 2201 νόμιμον
2963 2129 3198 2197 γυναῖκα
3249 2123 3545 2191 συναφείας
3586 2120 3669 2179 εἰς

2096 2230 2157 2282 τὸ
2201 2226 2463 2289 παντελὲς
2500 2225 2841 2293 καθαίρεσιν.
2886 2221 3028 2274 Ἀλλ’
3057 2219 3177 2271 οὐδὲ
3220 2218 3328 2278 τοῖς
3356 2211 3669 2285 εἰρημένοις

2100 2319 2415 2388 ίερωμένοι,ς
2442 2319 2712 2389 συγχωρεῖ
2736 2318 2831 2379 τὰς
2856 2313 3061 2375 οἰκείας
3093 2312 3359 2376 γυναῖκας
3384 2303 3670 2358 ἐκϐάλλειν

2097 2408 2373 2479 προφάσει
2406 2408 2726 2469 εὐλαϐείας*
2785 2403 3037 2474 ἀφορίζει
3066 2402 3172 2471 γὰρ
3219 2400 3345 2461 τοὺς
3391 2394 3670 2455 τοιούτους

2100 2502 2293 2571 μέχρις
2320 2502 2385 2553 ἂν
2417 2499 2831 2569 προσλάϐωνται
2858 2493 3014 2559 αὖθις
3039 2495 3137 2559 τὰς
3158 2493 3365 2555 οἰκείας
3384 2487 3665 2559 συμϐίους,

2097 2592 2448 2661 ἐπιμένοντας
2475 2592 2531 2644 δὲ
2560 2591 2830 2663 καθαιρεῖ.
3501 2576 3509 2597 ’

2097 2859 2314 2914 ΑΡΙΣΤ.
2358 2878 2378 2909 ι
2413 2856 2544 2912 Κᾶν⁹
2573 2859 2623 2909 οἱ
2658 2858 2924 2925 Ῥωμαῖοι
2954 2855 3045 2907 τὸν
3094 2853 3173 2916 είς
3200 2849 3496 2920 διάκονονῆ
3528 2865 3664 2917 πρε-

2174 2970 2192 3004 (
2241 2950 2503 3019 σϐύτερον
2533 2950 2909 3020 προαγόμενον
2935 2947 3153 3015 ἀφεῖναι
3183 2947 3282 3013 τὴν
3307 2945 3541 3011 γυναῖκα
3569 2941 3662 3009 βεε-

2173 3063 2189 3096 ι
2236 3043 2559 3111 ϐούληνται·
2609 3043 2775 3111 ἡμεῖς
2823 3039 3099 3110 ἐρρῶσθαι
3156 3040 3223 3090 τὰ
3258 3036 3519 3090 διακόνων
3571 3034 3666 3086 καὶ

2162 3158 2179 3190 ι
2227 3134 2611 3206 πρεσϐυτέρων
2642 3132 2943 3204 βουλόμεθα
2980 3132 3313 3184 συνοικέσια.
3341 3150 3359 3180 ι

2161 3230 2225 3284 Εἰ
2256 3232 2349 3283 καὶ
2383 3232 2440 3281 ὲν
2474 3232 2540 3299 τῇ
2583 3227 2871 3296 Ῥωμαίων
2930 3223 3248 3294 Ἐκκλησία,
3296 3222 3374 3287 ὡς
3406 3225 3464 3275 ὲν
3506 3223 3663 3289 τάξει

2091 3322 2346 3384 κανόνος,
2372 3324 2563 3391 κρατεῖ
2589 3322 2647 3372 τὺ
2679 3319 2769 3371 τὸν
2804 3318 3068 3389 μέλλοντα
3111 3315 3372 3383 ,γενέσθαι
3426 3316 3668 3385 πρεσϐύυ

2092 3415 2311 3486 τερονῆ
2350 3413 2599 3467 διάκονον
2645 3410 2752 3482 πρὸ
2792 3413 2890 3481 τῆς
2920 3410 3252 3480 χειροτονίας
3299 3408 3581 3478 ὁμολογεῖν
3608 3409 3670 3462 τὸ

2096 3510 2292 3580 μηκέτι
2327 3506 2699 3559 συνάπτεσθαι
2747 3507 2815 3575 τῇ
2867 3503 3032 3556 αὑτοῦ
3088 3506 3328 3572 γαμετῇ,
3385 3502 3520 3555 ἀλλὰ
3567 3502 3672 3571 τὴν

2093 3604 2228 3673 πρὸς
2281 3601 2452 3671 αὐτὴν
2494 3600 2791 3666 συνάφειαν
2826 3596 3064 3650 διαλύειν
3085 3612 3099 3630 ο
3135 3596 3253 3648 ἀλλ’
3278 3592 3371 3649 οὖν
3403 3594 3479 3658 ὡς
3513 3596 3668 3649 ἐναν-

2037 3689 2054 3703 ⁹
2092 3690 2378 3760 τιούμενον
2425 3689 2519 3742 καὶ
2564 3690 2631 3758 τῇ
2683 3687 3017 3755 εὐαγγελικῇ
3072 3688 3164 3739 καὶ
3221 3689 3288 3756 τῇ
3334 3686 3665 3755 ἀποστολικῇ

2093 3785 2367 3855 ἀκριϐείᾳ,
2398 3783 2622 3837 ἄδεκτόί
2667 3783 2781 3834 ἐστι
2821 3782 2915 3834 καὶ
2946 3780 3024 3848 τῷ
3054 3780 3285 3849 παρόντι
3315 3781 3499 3833 κανόνι
3520 3796 3535 3811 ο
3572 3780 3668 3830 καὶ

2094 3877 2388 3948 διορίζεται
2420 3876 2685 3945 μηδαμῶς
2730 3875 2856 3937 τοὺς
2899 3872 3305 3944 πρεσϐυτέρους
3341 3874 3435 3925 καὶ
3472 3872 3667 3924 διακό-

2096 3986 2219 4031 νους
2249 3969 2319 4022 τά
2345 3970 2486 4022 κατά
2521 3968 2722 4037 νόμους
2750 3968 3021 4022 συστάντα
3052 3969 3362 4020 συνοικέσια
3403 3966 3667 4019 διαλύειν

2095 4059 2231 4114 ἀλλὰ
2272 4059 2368 4129 τὴν
2424 4058 2561 4128 πρὸς
2593 4058 2692 4120 τὰς
2737 4057 2985 4125 γαμετὰς
3029 4055 3206 4109 αὐτῶν
3237 4055 3531 4123 συνάφειαν
3554 4055 3671 4107 δια-

2094 4153 2303 4221 τηρεῖν,
2331 4150 2633 4220 ἀπέχεσθαι
2665 4149 2723 4203 δὲ
2762 4151 2864 4219 τῆς
2914 4148 3050 4216 πρὸς
3078 4148 3247 4211 αύτάς
3274 4147 3486 4218 ὁμιλίας
3529 4147 3671 4200 κατὰ

2096 4243 2186 4312 τὴν
2210 4242 2399 4313 καιρδν
2424 4242 2516 4294 τὸν
2547 4243 2912 4312 προσήκοντα,
2946 4240 3093 4293 τοῦτ’
3122 4239 3269 4292 ἔστιν
3298 4240 3355 4293 ὲν
3383 4240 3458 4309 τῷ
3490 4240 3671 4308 καιρῷ

2095 4334 2194 4403 τῆς
2237 4334 2493 4404 νηστείας
2547 4332 2769 4401 καὶτῆς
2816 4332 2923 4384 τῶν
2974 4331 3173 4399 ’Λγίων
3208 4331 3671 4401 μεταχειρίσεως

2096 4427 2242 4489 ὅπως
2289 4424 2590 4496 δυνηθῶσιν
2633 4426 2661 4479 ὃ
2692 4426 2855 4495 παρὰ
2889 4423 2984 4478 τοῦ
3017 4422 3152 4477 Θεοῦ
3203 4423 3447 4477 αἰτοῦσιν
3484 4424 3674 4496 ἁπλῶς

429 4523 641 4568 maneat
653 4493 1393 4587 ,deponitur,juxtaqnintnm
1408 4533 1605 4573 canon.
1621 4518 1993 4587 apostolicum.

2102 4493 2535 4586 ἐπιτυχεῖνξτδν
2558 4518 2615 4569 δὲ
2638 4493 3066 4588 ἐπιχειρήσαντα
3088 4516 3357 4585 προφάσει
3386 4493 3673 4576 εὐλαϐείας

428 4606 528 4675 τῆν
566 4605 757 4657 ἑαυτοῦ
785 4608 1035 4660 ἐκϐαλεῖν
1066 4610 1303 4676 γυναῖκα
1334 4609 1687 4681 ἀφορίζεσθαι
1707 4626 1721 4641 “
1755 4606 1994 4663 εῑτακαὶ
2031 4609 2359 4679 ἀδιόρθωτον
2390 4609 2637 4679 μένοντα,
2668 4609 3048 4677 καθαιρεῖσθαι
3081 4610 3223 4663 κατά
3288 4608 3380 4661 τόν
3438 4609 3676 4662 ἀποστο-

427 4699 578 4751 λικὸν
608 4699 854 4768 πέμπτον
882 4702 1103 4754 κανόνα.

1010 4781 1236 4850 CANON
1270 4796 1404 4852 xw.

433 4906 453 4939 ε
485 4887 803 4941 Sanctorum
836 4888 1245 4957 divinorumque
1272 4889 1490 4944 Patrum
1546 4901 1847 4946 nostrorum
1868 4954 1873 4963 ἢ
1894 4906 1990 4944 ca.

502 4997 521 5029 ι
559 4993 661 5031 non
704 4979 757 5030 in
786 4979 868 5032 his
898 4994 1112 5048 quoque
1138 4980 1333 5042 valeat,
1363 4992 1419 5034 ut
1442 4984 1724 5052 presbyter
1770 4991 1897 5035 ante
1923 4982 1992 5035 50

504 5089 523 5121 ι
558 5086 728 5125 annos
762 5088 864 5126 non
899 5074 1201 5137 ordinetur,
1244 5074 1455 5129 etiamsi
1516 5078 1585 5130 sit
1635 5077 1795 5129 homo
1839 5078 1993 5130 valde

504 5181 523 5211 ε
557 5162 775 5233 dignus,
823 5164 916 5219 sed
965 5159 1286 5220 reservetur.
1342 5165 1600 5223 Dominus
1643 5170 1784 5222 enim
1836 5167 1995 5222 .lesns

504 5272 521 5302 ι
561 5253 805 5309 Christus
837 5258 1110 5312 tricesimo
1153 5275 1293 5314 anno
1322 5261 1623 5328 baptizatus
1661 5273 1763 5327 est,
1794 5276 1847 5317 et
1884 5278 1998 5317 ca!-

508 5366 525 5395 ‹
565 5347 638 5413 pit
661 5346 875 5404 docere.
902 5350 1163 5407 Similiter
1190 5368 1292 5407 nec
1320 5354 1578 5409 diaconus
1610 5367 1734 5415 ante
1791 5357 1862 5411 23
1902 5374 1994 5410 an.

506 5456 525 5489 ι
563 5456 679 5506 nos,
712 5456 812 5495 nec
846 5443 1151 5500 diaconissa
1185 5454 1311 5500 ante
1335 5446 1403 5501 40
1428 5463 1597 5502 aImOs
1625 5451 1923 5503 ordinetur.

1021 5710 1248 5767 CANON
1286 5714 1401 5768 XV.

437 5816 458 5855 ι
493 5799 857 5875 Subdiaconus
909 5819 974 5855 nc
1013 5804 1187 5857 minor
1250 5805 1320 5857 ‘20
1367 5808 1522 5860 annis
1580 5808 1879 5863 ordinetur.
1933 5808 1987 5865 Si

2700 4789 2937 4842 ΚΑΝΩΝ
2970 4787 3066 4841 1Δ’.

2099 4903 2115 4934 ι
2174 4885 2234 4937 ’0
2268 4885 2377 4936 τῶν
2408 4885 2581 4951 ἁγίων
2608 4884 2705 4935 καὶ
2740 4882 3014 4953 θεοφόρων
3044 4883 3202 4952 ἡμῶν
3233 4881 3492 4952 Πατέρων
3527 4898 3668 4952 κρα-

2167 4995 2185 5027 t
2233 4976 2397 5028 τείτω
2426 4975 2607 5029 κανὼν
2640 4978 2734 5029 καὶ
2763 4977 2820 5037 ὲν
2850 4975 3085 5040 τούτοις,
3117 4974 3257 5027 ὥστε
3287 4974 3666 5046 πρεσϐύτερον

2170 5088 2188 5121 ι
2238 5069 2343 5138 πρὸ
2386 5069 2498 5121 τῶν
2537 5071 2831 5140 τριάκοντα
2880 5068 3020 5122 ἐτῶν
3079 5070 3155 5138 μὴ
3208 5068 3666 5139 χειροτονεῖσθαι,

2171 5181 2190 5213 ι
2239 5162 2341 5215 κᾶν
2382 5162 2523 5216 πάνυ
2654 5164 2681 5215 ὁ
2710 5161 3007 5232 ἄνθρωπος
3066 5162 3239 5225 ἄξιος,
3270 5159 3386 5214 ἀλλ’
3437 5163 3669 5230 ἀποτη-

2170 5273 2187 5304 ι
2240 5252 2471 5321 ρεῖτθαι.
2508 5254 2569 5306 Ὀ
2605 5254 2713 5323 γὰρ
2743 5253 2948 5322 Κύριος
2984 5255 3192 5325 Ἰησοῦς
3223 5252 3463 5325 Χριστὸς
3497 5254 3556 5305 ὲν
3584 5254 3666 5323 τῷ

2172 5366 2189 5395 ι
2236 5346 2542 5416 τριακοστῷ
2587 5344 2699 5397 ἔτει
2748 5344 3073 5415 ἐϐαπτίσθη,
3110 5347 3203 5397 καὶ
3261 5344 3464 5416 ἤρξατο
3513 5343 3661 5398 διδά-

2180 5458 2197 5486 ι
2245 5454 2396 5489 σκειν
2419 5453 2432 5466 ⁸
2479 5437 2678 5505 ὁμοίως
2715 5438 2851 5506 μήτε
2883 5438 3144 5490 ιδιάκονον
3190 5438 3295 5505 πρὸ
3324 5438 3433 5490 τῶν
3457 5437 3663 5523 εἰκοσι-

2172 5549 2190 5582 ι
2238 5531 2398 5583 πέντε
2441 5531 2649 5602 χρόνων
2687 5530 2718 5600 ἢ
2764 5530 3112 5583 διακόνισσαν
3158 5530 3264 5600 πρὸ
3310 5532 3420 5585 τῶν
3468 5545 3663 5583 τεσσα-

2173 5642 2191 5674 ι
2244 5623 2474 5693 ράκοντα
2506 5622 2642 5677 ὲτῶν
2674 5622 3119 5695 χειροτονεῖσθαι.
3171 5642 3190 5674 ι

2348 5784 2349 5789 χ
2696 5714 3066 5771 κΑΝυΝιΕκ

2104 5830 2120 5861 ι
2181 5810 2563 5872 ’Υποδιάκονος
2593 5808 2667 5879 μὴ
2697 5803 2859 5882 ἧττον
2899 5810 3006 5864 τῶν
3033 5811 3204 5864 εἴκοσι
3248 5810 3455 5881 χρόνων
3484 5826 3666 5883 χειρο-
