4110 6224
483 276 590 342 567

1731 282 1835 344 ΤΗ
1844 282 2009 345 ΕΟΙ).
2046 277 2449 339 BALSAMON
3616 267 3721 333 568

560 410 579 442 ι
619 388 790 447 sterio
816 391 1033 461 quodin
1058 405 1154 448 uso
1189 406 1493 450 mensarum
1532 395 1903 462 adhibebatur,
1925 411 2046 450 cum

2229 413 2247 445 ι
2293 391 2403 445 τῶν
2432 390 2544 453 τοῖς
2575 387 2902 459 μυστηρίοις
2940 385 3374 456 διακονουμένων
3398 384 3607 455 ἀνδρῶν
3631 382 3725 451 ἦν,

566 504 585 535 ι
619 483 766 539 liber
798 485 1021 538 Actuum
1048 484 1128 539 sic
1158 482 1349 538 habeat
1378 501 1394 538 :
1424 482 1491 538 In
1527 487 1705 542 diebus
1758 489 1887 550 illis.
1932 504 2050 540 cum

567 594 589 626 r
618 573 991 643 discipulorum
1018 572 1295 627 multitudo
1319 589 1590 641 cresceret,
1616 576 1720 644 fuit
1750 576 2050 633 Graecorum

564 682 581 713 ι
621 677 858 716 murmur
889 660 1133 715 adversus
1178 660 1447 725 Hebrreos,
1471 666 1610 731 quod
1635 662 2050 732 despiciebantur

570 770 588 801 ι
628 766 807 803 eorum
836 751 1010 804 uidua:
1042 752 1093 802 in
1123 752 1412 804 ministerio
1459 753 1786 821 quotidiana.
1832 752 2043 806 Duodeo

518 890 519 893 η
565 860 583 891 ι
620 843 721 894 cim
771 858 915 909 ergo.
949 842 1203 894 accersita
1272 842 1646 911 discipulorum
1691 844 2045 908 multitudine,

563 950 580 983 ι
615 933 859 985 dixerunt
891 947 906 984 :
934 928 1054 983 Non
1085 947 1287 1000 wquum
1317 942 1389 985 est
1421 941 1477 985 ut
1526 932 1680 991 verb
1725 932 1818 986 Dei
1870 932 2045 985 relicto

561 1042 579 1073 ι
617 1023 805 1078 mensis
833 1023 1204 1077 ministrenius.
1264 1022 1482 1092 Detigite
1534 1039 1675 1093 ergo,
1727 1024 1943 1090 fratres,
1980 1040 2045 1077 ea:

560 1128 579 1159 ι
616 1108 763 1162 nobis
796 1111 931 1181 uiros
955 1120 1163 1177 septem,
1222 1111 1285 1164 de
1331 1113 1514 1180 quibus
1559 1113 1747 1165 bonum
1796 1114 1863 1165 sit
1903 1114 2049 1165 testi-

564 1218 581 1249 ι
619 1200 885 1263 monium,
942 1201 1141 1268 Spiritu
1197 1213 1372 1256 sancto
1430 1212 1477 1254 ct
1540 1204 1799 1257 sapientia
1845 1204 2044 1270 plenos.

561 1306 579 1338 ι
614 1305 744 1359 quos
770 1288 890 1342 huic
915 1292 1035 1343 usui
1055 1292 1406 1357 prie/Sciamus
1436 1306 1455 1343 :
1500 1308 1589 1344 nos
1612 1303 1781 1345 autem
1825 1294 1878 1344 in
1931 1310 2048 1345 ora-

563 1396 580 1429 ι
621 1379 761 1431 tione
788 1390 835 1431 et
864 1380 998 1432 verbi
1018 1381 1302 1432 ministerio
1332 1380 1540 1449 fortiter
1585 1381 2042 1446 perseverabimus.

558 1488 574 1518 ι
616 1468 685 1524 Ει
713 1470 913 1539 placuit
948 1487 1116 1525 sermo
1170 1473 1261 1524 toti
1309 1472 1557 1539 prtesenti
1607 1473 1948 1533 multitudini,
1996 1484 2041 1533 et

559 1578 578 1612 ι
619 1564 881 1630 elegerunt
918 1560 1234 1628 Stephanum
1261 1563 1425 1614 virum
1456 1563 1660 1631 plenum
1694 1564 1795 1630 [ide
1832 1574 1878 1615 et
1921 1562 2044 1631 Spi-

559 1670 579 1701 ι
618 1651 724 1704 ritu
761 1662 962 1718 sancto,
985 1663 1031 1706 et
1062 1652 1359 1718 Philippum
1388 1664 1431 1706 et
1456 1653 1775 1706 Prochorum
1802 1663 1848 1706 et
1880 1652 2046 1707 Nica-

556 1759 573 1790 ι
611 1756 783 1794 norem
808 1752 853 1795 et
887 1740 1148 1795 Timonem
1194 1752 1238 1794 et
1283 1744 1620 1805 Parmenam,
1668 1751 1715 1793 et
1765 1741 2044 1794 Nicolaum
2078 1742 2118 1795 Β

557 1850 575 1881 ι
610 1831 925 1902 proselytnm
961 1833 1357 1897 Antiochenam,
1389 1849 1515 1899 quos
1543 1842 1836 1885 statuerunt
1864 1849 2043 1887 coram

558 1942 575 1974 ι
616 1924 867 1989 apostolis
904 1925 969 1980 ⁷⁸.
1034 1923 1159 1979 Haec
1227 1925 1585 1992 interpretans
1640 1924 1894 1979 Ecclesia:
1947 1925 2044 1979 do-

554 2032 572 2064 ι
618 2026 736 2069 ctor
804 2013 1038 2071 Joannes
1090 2014 1535 2086 Clirysostomus,
1609 2016 1690 2069 sic
1764 2018 2041 2085 prosequi-

555 2126 573 2156 ι
619 2116 706 2158 tur
752 2124 766 2159 :
815 2105 912 2159 Est
960 2122 1127 2174 operte
1174 2108 1395 2175 pretium
1436 2103 1724 2171 admirari,
1785 2108 2042 2176 quomodo

556 2214 576 2246 ι
621 2210 721 2248 non
758 2205 833 2249 est
881 2195 1043 2249 scissa
1079 2195 1358 2248 multitudo
1404 2195 1458 2246 in
1503 2196 1729 2247 uirorum
1775 2194 2038 2261 electione,

555 2308 572 2339 ι
602 2287 859 2353 quomodo
904 2304 1004 2341 non
1040 2297 1158 2341 sunt
1226 2288 1288 2340 ab
1347 2289 1467 2356 ipsis
1527 2286 1706 2356 rejecti
1763 2303 1823 2339 ac
1866 2303 2042 2354 repro-

555 2399 572 2430 ι
612 2379 719 2433 bati
768 2380 1012 2449 apostoli.
1049 2379 1346 2445 Quamnam
1374 2389 1546 2432 autem
1578 2379 1829 2431 habebant
1861 2379 1913 2431 Iri
1944 2394 2041 2430 au-

555 2492 572 2523 r
604 2473 911 2537 ctoritatem,
964 2480 1011 2525 et
1057 2487 1216 2539 quam
1260 2479 1565 2539 acceperunt
1609 2470 1991 2522 ordinationem
2023 2510 2037 2531 ,

557 2586 577 2620 s
611 2566 745 2620 scire
792 2575 866 2618 est
913 2563 1277 2617 necessarium.
1340 2561 1609 2632 Numquid
1648 2563 2041 2616 diaconorunt.’

553 2676 572 2709 ι
614 2656 771 2723 Atqui
812 2655 906 2707 hoc
937 2664 1130 2707 nonest
1161 2654 1215 2705 in
1260 2650 1528 2707 Ecclesiis.
1585 2651 1687 2708 Sed
1719 2661 1793 2705 est
1833 2652 2042 2722 presby-

554 2767 571 2798 ι
606 2756 830 2800 terorum
872 2742 1235 2811 dispensatio?
1282 2742 1439 2811 Atqui
1490 2741 1666 2795 nullus
1718 2741 1891 2794 adhuc
1929 2753 2040 2795 erat

555 2859 573 2889 ι
612 2837 904 2907 episcopus,
941 2836 1029 2888 sed
1052 2834 1153 2888 soli
1179 2835 1423 2904 apostoli.
1478 2830 1624 2887 Unde
1672 2848 1761 2886 nec
1796 2835 2042 2886 diacono-

505 2918 513 2933 ’
554 2950 573 2984 r
608 2947 722 2984 rum
753 2947 842 2985 nec
862 2928 1280 2999 presbyterorum
1309 2945 1492 2982 nomen
1522 2927 1762 2982 existimo
1796 2936 2036 2996 opertum

554 3041 572 3073 r
615 3039 723 3076 esse
758 3038 819 3074 ac
853 3020 1202 3088 manifestum.
1234 3018 1361 3072 Post
1386 3018 1497 3083 haec
1525 3031 1654 3084 ergo
1678 3030 1777 3072 nos
1820 3031 2033 3086 quoque

554 3136 571 3164 ι
610 3115 980 3185 prazdicamns,
1013 3121 1070 3166 ut
1105 3110 1346 3181 praedimi
1403 3119 1604 3179 septem
1646 3108 1878 3175 diaconi,
1930 3124 2034 3163 non
2064 3089 2106 3146 ο

468 3232 473 3247 α
554 3227 573 3259 s
608 3210 672 3261 de
697 3207 760 3260 iis
786 3206 1133 3275 accipiantur,
1188 3203 1278 3272 qui
1346 3202 1620 3275 mysteriis
1663 3201 1924 3266 serviunt,
1981 3210 2038 3255 ut

551 3318 570 3351 ι
608 3308 691 3355 est
724 3299 869 3369 prius
897 3296 1136 3367 exposita
1167 3296 1409 3374 doctrina
1445 3311 1459 3348 :
1495 3294 1587 3348 sed
1625 3308 1718 3348 eos
1749 3307 1891 3359 esse,
1913 3293 2037 3362 qui-

550 3409 569 3444 ι
598 3392 696 3447 bus
724 3390 824 3445 fuit
852 3388 1154 3445 concredita
1188 3401 1252 3442 ac
1275 3386 1469 3441 tradita
1499 3385 1825 3455 dispensatio
1847 3399 2032 3439 eorum

550 3500 569 3534 ι
611 3496 729 3552 qua:
781 3490 908 3536 tunc
956 3478 1177 3534 collecta
1227 3477 1460 3531 fuerant.
1514 3474 1613 3542 Qui
1651 3475 1802 3529 nobis
1852 3474 1905 3528 in
1936 3475 2036 3528 hoc

552 3590 572 3624 ι
605 3588 818 3644 quoque
845 3572 1017 3627 forma
1044 3571 1194 3626 fuere
1219 3569 1570 3644 humanitatis
1594 3578 1647 3624 et
1675 3567 1835 3623 studii
1863 3568 1916 3621 in
1941 3581 2034 3622 eos

549 3678 570 3714 ι
606 3641 697 3732 qui
723 3641 980 3732 indigent.
1509 3641 1516 3652 ⁸

2228 505 2246 532 ι
2294 481 2434 537 ἀλλὰ
2478 481 2607 550 περὶ
2660 480 2761 549 τῆς
2786 480 2846 532 ἐν
2869 480 2993 542 ταῖς
3020 477 3232 548 χρείαις
3273 478 3385 529 τῶν
3430 477 3722 548 τραπεζῶν

2227 592 2257 643 ιΔ
2290 570 2619 642 ὑπουργίας,
2677 571 2780 639 τῆς
2833 570 2947 623 τῶν
3005 568 3265 639 Πράξεων
3310 568 3493 637 βίϐλου
3545 570 3724 634 οὕτως

2226 682 2245 715 ‹
2285 662 2551 732 ἐχούσης*
2598 658 2703 712 Ἐν
2731 658 2863 724 ταῖς
2898 658 3148 726 ἡμέραις
3190 657 3449 724 ἐκείναις
3490 661 3727 721 πληθυ-

2228 773 2245 803 ι
2282 754 2523 819 νόντωνκ
2563 751 2686 805 τῶν
2731 750 3051 819 μαθητῶν,
3086 746 3323 818 ἐγένετο
3381 748 3725 819 γογγυσμὸς

2227 864 2245 896 ι
2290 844 2406 898 τῶν
2445 840 2866 911 Ἑλληνιστῶν
2906 842 3058 909 πρὸς
3082 840 3225 906 τοὺς
3264 840 3593 908 Ἐϐραίους,
3627 841 3721 893 ὅτι

2226 955 2242 985 ι
2282 933 2763 1001 παρεθεωροῦντο
2805 931 2878 985 ἐν
2922 929 2999 998 τῇ
3027 930 3300 996 διακονίᾳ
3342 928 3420 997 τῇ
3459 934 3718 997 καθημε-

2223 1045 2239 1074 ι
2274 1028 2416 1092 ρινῇ
2441 1028 2500 1077 αἱ
2530 1023 2712 1093 χῆραι
2739 1021 2961 1077 αὐτῶν.
3000 1019 3569 1087 Προσκαλεσάμενοι
3601 1016 3723 1076 οὖν

2224 1135 2241 1165 ι
2280 1118 2334 1169 οί
2372 1114 2601 1168 δώδεκα
2627 1116 2693 1168 τὸ
2729 1110 2966 1178 πλῆθος
3006 1109 3126 1163 τῶν
3173 1109 3475 1177 μαθητῶν,
3504 1107 3716 1163 εἷπον·

2222 1226 2239 1256 ί
2284 1208 2404 1260 Οὐκ
2426 1206 2684 1274 ἀρεστὸν
2700 1203 2884 1273 ἡμᾶς,
2905 1202 3388 1269 καταλείψαντας
3405 1201 3512 1254 τὸν
3526 1202 3721 1270 ,λόγον

2221 1316 2240 1346 ς
2286 1297 2391 1351 τοῦ
2418 1296 2587 1362 Θεοῦ,
2607 1293 2910 1348 διακονεῖν
2929 1290 3254 1362 τραπέζαις.
3273 1293 3721 1360 Ἐπισκέψασθε

2221 1404 2239 1435 ι
2286 1380 2417 1450 οὖν,
2441 1383 2710 1452 ἀδελφοὶ,
2742 1383 2968 1449 ἄνδρας
3009 1381 3078 1445 ἐξ
3125 1380 3292 1450 ὑμῶν
3310 1382 3723 1452 μαρτυρουμέ-

2220 1496 2238 1527 r
2284 1493 2430 1540 νους
2468 1474 2641 1540 ἑπτὰ,
2687 1474 2940 1543 πλήρεις
2988 1474 3332 1541 Πνεύματος
3391 1475 3563 1543 ἁγίου
3617 1474 3721 1529 καὶ

2220 1588 2235 1616 ι
2283 1568 2522 1635 σοφίας,
2560 1567 2665 1632 οὓς
2710 1568 3171 1635 καταστήσομεν
3218 1566 3315 1618 ἐπὶ
3360 1565 3470 1635 τῆς
3513 1569 3722 1635 χρείας

2225 1680 2241 1710 ι
2288 1662 2507 1725 ταύτης
2532 1677 2545 1691 ⁸
2574 1660 2747 1728 ἡμεῖς
2791 1659 2862 1713 δὲ
2900 1659 2971 1728 τῇ
3014 1657 3326 1729 προσευχῇ
3358 1660 3457 1713 καὶ
3484 1659 3560 1727 τῇ
3591 1660 3722 1714 δια-

2220 1770 2236 1801 ι
2284 1752 2455 1818 κονίᾳ
2500 1750 2607 1805 τοῦ
2663 1751 2864 1821 Λόγου
2923 1750 3557 1821 προσκαρτερήσομεν.
3606 1749 3721 1803 Καὶ

2218 1861 2236 1892 ι
2282 1843 2507 1911 ἤρεσεν
2534 1846 2568 1897 ό
2605 1844 2787 1913 λόγος
2812 1843 3073 1897 ἐνώπιον
3116 1843 3341 1907 παντὸς
3393 1842 3501 1896 τοῦ
3557 1842 3722 1907 πλή-

2218 1951 2235 1981 ι
2278 1935 2442 1999 θους,
2474 1934 2573 1986 καὶ
2603 1933 2964 1998 ἐξελέξαντο
2994 1932 3322 2002 Στέφανον,
3352 1932 3541 2002 ἄνδρα
3556 1932 3723 1999 πλή-

2221 2042 2237 2073 ι
2274 2041 2354 2092 ρη
2395 2024 2654 2091 πίστεως
2696 2024 2797 2079 καὶ
2850 2027 3199 2095 Πνεύματος
3243 2027 3440 2093 ἁγίου,
3470 2028 3571 2079 καί
3621 2027 3723 2079 Φί-
3800 2050 3803 2057 ι

2220 2134 2238 2164 ι
2278 2119 2531 2182 λιππον,
2564 2116 2664 2170 καὶ
2713 2120 3055 2186 Πρόχωρον,
3098 2118 3194 2171 καὶ
3245 2116 3567 2183 Νικάνορα,
3613 2117 3722 2171 καὶ
3808 2184 3817 2195 ⁸

2218 2225 2236 2256 ι
2286 2208 2534 2272 Τίμωνα,
2566 2207 2664 2260 καὶ
2702 2207 3038 2277 Παρμενᾶν,
3059 2208 3159 2263 καὶ
3195 2210 3500 2263 Νικόλαον
3527 2222 3723 2276 προσ-

2218 2316 2236 2347 (
2280 2298 2510 2364 ήλυτον
2565 2300 2636 2353 ἐν
2683 2299 3030 2369 Ἀντιοχείᾳ.
3091 2300 3199 2365 οὓς
3243 2301 3522 2368 ἔστησαν
3570 2302 3722 2357 ἐγὼ·

2220 2409 2238 2439 ‹
2278 2407 2418 2444 πιον
2450 2389 2568 2443 τῶν
2612 2391 2995 2445 ἀποστόλων.
3050 2391 3235 2444 Ταῦτα
3290 2392 3663 2463 διερμηνεύων
3688 2395 3718 2447 ὁ

2221 2500 2238 2532 ι
2278 2482 2378 2552 τῆς
2441 2481 2768 2552 Ἐκκλησίας
2822 2481 3142 2547 διδάσκαλος
3197 2483 3454 2553 Ἰωάννης
3485 2486 3513 2536 ὁ
3560 2485 3717 2554 Χρυ-

2215 2593 2233 2624 ι
2276 2573 2560 2644 σόστομος,
2589 2573 2731 2626 οὕτω
2758 2573 3035 2638 διέξεισιν·
3054 2576 3365 2644 Θαυμάσαι
3402 2575 3577 2640 ἄξιον
3598 2576 3714 2644 (L8)

2215 2685 2233 2716 ι
2274 2664 2399 2731 πῶς
2426 2667 2539 2718 οὐκ
2572 2664 2833 2733 ἐσχίσθη
2880 2664 2946 2719 τὸ
2982 2664 3218 2732 πλῆθος
3246 2666 3344 2719 ἐπὶ
3381 2664 3457 2733 τῆ
3484 2666 3719 2735 αἱρέσει

2182 2804 2187 2811 .
2216 2777 2234 2808 ι
2275 2755 2682 2828 τῶνιὰνδρῶν,
2704 2755 2830 2821 πῶς
2858 2758 2970 2810 οὐκ
3002 2755 3581 2825 ἀπεδοκιμάσθησαν
3605 2757 3713 2813 ὑπ’

2216 2866 2233 2898 ι
2279 2845 2479 2901 αὐτῶν
2504 2831 2559 2900 at
2582 2846 2937 2900 ἀπόστολοι.
2973 2845 3216 2901 Ὀποῖσν
3243 2845 3310 2899 δὲ
3339 2839 3453 2914 ἄρα
3481 2848 3715 2916 ἀξίωμα

2216 2958 2235 2991 ι
2280 2934 2445 2995 οὗτοι
2468 2934 2657 3008 εἶχον,
2673 2937 2771 2990 καὶ
2794 2939 2975 2992 ποίαν
2997 2936 3282 3003 ἐδέξαντο
3309 2942 3711 3006 χειροτονίαν,
3761 2981 3771 2989 .

2217 3049 2234 3079 ‹
2276 3028 2605 3097 ἀναγκαῖον
2636 3027 2847 3097 μαθεῖν
2874 3046 2886 3058 ·
2915 3022 3029 3097 ἄρα
3062 3027 3179 3097 τὴν
3226 3030 3345 3082 τῶν
3372 3028 3711 3095 διακόνων;

2216 3140 2232 3171 ι
2273 3117 2379 3173 Καὶ
2394 3116 2711 3188 μὴνβοῦτο
2732 3116 2801 3170 ἐν
2822 3116 2950 3184 ταῖς
2965 3118 3349 3185 Ἕκκλησίαις
3371 3119 3481 3171 οὐκ
3510 3119 3704 3175 ἐστιν.

2213 3231 2231 3262 r
2289 3211 2465 3265 Ἀλλὰ
2492 3208 2610 3263 τῶν
2638 3210 3055 3279 πρεσϐυτέρων
3082 3210 3255 3264 ἐστὶν
3284 3212 3322 3277 ἡ
3356 3214 3708 3279 οἰκονομίας

2213 3321 2231 3354 ι
2277 3302 2389 3356 Καί
2410 3319 2497 3356 τοι
2524 3301 2760 3357 οὐδέπω
2787 3302 3341 3368 οὐδεὶςνὲπίσκοπος
3361 3300 3458 3373 ἦν,
3482 3303 3621 3356 ἀλλ’
3654 3308 3710 3357 οἱ

2213 3416 2231 3449 ι
2272 3398 2600 3453 ἀπόστολοι
2626 3398 2821 3465 μόνον
2842 3412 2855 3425 ⁵
2905 3397 3045 3450 ὅθεν
3078 3396 3215 3449 οὔτε
3245 3395 3544 3448 διακόνων
3567 3396 3711 3450 οὔτε

2214 3508 2232 3541 ι
2274 3488 2711 3558 πρεσϐυτέρων,
2740 3483 2922 3557 οἶμαι,
2962 3488 3026 3540 τὸ
3078 3487 3266 3556 ὄνομα
3312 3482 3465 3540 εἶναι
3516 3485 3711 3556 δῆλον

2212 3602 2231 3635 ι
2276 3581 2376 3637 καὶ
2430 3583 2712 3652 φανερόν.
2749 3581 2871 3634 Ἐπὶ
2896 3579 3106 3644 τούτοις
3127 3579 3218 3633 οὖν
3242 3578 3590 3651 κηρύσσομεν
3614 3581 3711 3633 καλ⁸

2210 3694 2227 3728 ι
2272 3677 2453 3748 ἡμεῖς,
2489 3674 2632 3730 ὥστε
2673 3674 2798 3738 τοὺς
2852 3674 3289 3745 προειρημένους
3333 3673 3477 3728 ἑπτὰ
3520 3673 3710 3728 διακό-

2212 3787 2231 3821 ι
2273 3785 2397 3832 νους
2424 3768 2500 3838 μὴ
2544 3768 2640 3822 ἐπὶ
2667 3767 2777 3820 τῶν
2814 3769 2928 3839 τοῖς
2965 3760 3309 3838 μυστηρίοις,
3342 3766 3708 3840 διακονουμέ-

2214 3880 2233 3914 ι
2277 3877 2383 3914 νων
2431 3859 2810 3930 λαμϐάνεσθαι
2842 3860 2985 3914 κατὰ
3011 3861 3113 3921 τὴν
3153 3859 3703 3931 προερμηνευθεῖσαν

2214 3972 2232 4004 ι
2278 3951 2667 4007 διδασκαλίαν
2722 3951 2859 4005 ἀλλὰ
2907 3951 3033 4015 τοὺς
3087 3952 3186 4021 τὴν
3237 3951 3551 4021 οἰκονομίαν
3602 3952 3707 4022 τῆς

2211 4064 2227 4093 ι
2275 4045 2458 4114 κοινῆς
2482 4044 2673 4115 χρείας
2698 4043 2806 4097 τῶν
2844 4043 2967 4098 τότε
3010 4042 3491 4115 συνηθροισμένων
3517 4043 3705 4114 ἐγχει-

2211 4156 2229 4187 ι
2279 4136 2563 4208 ρισθέντας
2619 4135 2840 4200 τούτους
2899 4135 3202 4209 ὑπάρχεινο
3252 4137 3302 4191 οἳ
3337 4138 3506 4201 τύπος
3562 4140 3700 4207 ἡμῖν

2213 4250 2230 4281 ι
2271 4230 2373 4285 κάν
2404 4229 2583 4301 τούτῳ
2619 4231 2879 4298 γεγόνασι
2918 4230 3015 4299 τῆς
3066 4232 3197 4301 περὶ
3227 4230 3355 4294 τοὺς
3406 4230 3701 4299 δεομένους

2213 4340 2230 4370 ι
2272 4319 2681 4388 φιλανθρωπίας
2710 4335 2772 4373 τε
2810 4318 2906 4372 καὶ
2939 4318 3198 4391 σπουδῆς.
3243 4338 3262 4371 s

542 4419 735 4474 BALS.
764 4418 1009 4477 Praesens
1058 4431 1232 4473 canon
1278 4415 1694 4484 interpretatur,
1734 4414 1812 4469 vel
1861 4416 2034 4485 potius

2207 4410 2403 4463 ΒΑΛΣ.
2450 4409 2510 4463 Ὀ
2569 4408 2763 4479 παρὼν
2813 4410 2993 4463 κανὼν
3048 4411 3521 4484 ὲφερμηνευτικός
3559 4414 3704 4479 ἐστι,

469 4519 523 4562 et
560 4506 783 4577 corrigit
819 4505 884 4560 15
916 4520 1038 4561 can.
1062 4501 1361 4558 Neocarsar.
1386 4518 1506 4574 syn.
1538 4502 1627 4571 qui
1683 4501 1815 4556 dicit
1856 4517 1870 4553 :
1911 4501 2035 4557 Dia.

2182 4503 2337 4556 ἄλλον
2374 4501 2431 4555 δὲ
2484 4501 2580 4555 καὶ
2622 4494 2972 4571 διορθωτικδς
2998 4502 3093 4555 τοῦ
3130 4501 3191 4556 ιε’
3243 4505 3467 4568 κανόνος
3507 4504 3610 4573 τῆς
3644 4508 3707 4559 ὲν

468 4598 589 4655 coni
659 4606 864 4667 septem
942 4597 1139 4650 debent
1212 4610 1331 4651 esse
1393 4595 1686 4650 secundum
1748 4608 2033 4661 canonem,

2177 4590 2543 4663 ἐοκαισαρείᾳ
2599 4591 2857 4658 συνόδου,
2917 4590 3198 4659 λέγοντοςο
3249 4594 3498 4648 Διάκονοι
3553 4595 3703 4650 ἑπτὰ

469 4689 680 4745 etiamsi
717 4686 998 4757 silmagna
1037 4686 1249 4742 civitas.
1283 4685 1697 4742 Persuadeberis
1740 4695 1919 4740 autem
1969 4702 2034 4740 ex

2177 4685 2440 4755 ρεῑλουσιν
2469 4678 2610 4736 εἶναι
2643 4681 2784 4736 κατὰ
2815 4681 2909 4735 τὸν
2962 4683 3189 4749 κανόνα,
3238 4684 3342 4737 κᾶν
3395 4687 3538 4739 πάνυ
3600 4703 3708 4755 με-

2132 4778 2275 4848 γάλη
2325 4775 2412 4846 εἴη
2462 4774 2636 4838 πόλις.
2672 4773 2970 4845 Πεισθείσῃι
3000 4775 3057 4828 δὲ
3100 4778 3165 4829 ὲκ
3213 4777 3313 4844 τῆς
3360 4775 3547 4846 βίὸλου
3593 4778 3706 4832 τῶν

2138 4868 2415 4938 Πράξεων·
2450 4865 2590 4937 Φησὶ
2619 4865 2725 4935 γὰρ
2754 4865 2830 4928 ὡς
2879 4867 2914 4936 ἠ
2970 4866 3149 4937 βίὸλος
3196 4867 3306 4921 τῶν
3334 4869 3595 4938 Πράξεων
3640 4871 3704 4923 οὐ

2138 4961 2268 5030 περὶ
2294 4959 2554 5013 διακόνων
2587 4956 2947 5024 διαλαμϐάνει
2987 4958 3096 5012 τῶν
3126 4959 3183 5012 ἐν
3215 4959 3293 5029 τῷ
3322 4961 3463 5030 ἁγίῳ
3495 4960 3702 5031 βήματι

473 4782 614 4837 libro
638 4782 888 4835 Actuum.
912 4777 1203 4834 Dicitenim
1227 4798 1239 4832 :
1263 4777 1426 4834 Liber
1454 4779 1680 4833 Actuum
1704 4793 1809 4833 non
1842 4786 2036 4836 tractat

470 4876 537 4929 de
570 4872 832 4936 diaconis,
867 4871 957 4940 qui
991 4871 1042 4924 in
1076 4884 1232 4926 sacro
1272 4870 1519 4925 tribunali
1569 4871 1895 4936 ministrant,
1938 4872 2033 4926 sed

466 4968 534 5023 de
572 4965 851 5029 ministris,
903 4965 992 5034 qui
1052 4962 1303 5017 alimenta
1357 4963 1667 5031 dispensant
1703 4978 1887 5019 eorum
1939 4964 2032 5034 qui

462 5058 664 5116 Christi
698 5056 1045 5127 Evangelium
1092 5054 1402 5126 praedicant.
1452 5053 1714 5120 Quoniam
1756 5066 1884 5109 tunc
1934 5069 2033 5109 nec

2177 5049 2549 5115 ιακονούντων,
2577 5048 2711 5102 ἀλλὰ
2742 5049 2872 5117 περὶ
2919 5048 3029 5102 τῶν
3062 5050 3382 5104 διακονιτῶν
3413 5048 3523 5104 τῶν
3550 5052 3702 5104 οἰκο-

467 5159 623 5206 erant
680 5149 1146 5220 episcopineqne
1205 5146 1415 5207 diaconi
1484 5160 1657 5215 neque
1709 5146 2027 5215 presbyteri.

2177 5145 2445 5216 ομούντων
2491 5142 2592 5206 τὰς
2630 5141 2930 5214 διατροφὰς
2958 5144 3067 5196 τῶν
3106 5146 3483 5216 κηρυττόντων
3514 5145 3575 5198 τὸ
3604 5144 3703 5199 τοῦ

469 5237 646 5309 Quare
674 5252 727 5297 et
765 5242 967 5303 verbis.
996 5241 1064 5296 ad
1094 5239 1220 5295 dicti
1251 5239 1331 5293 sui
1357 5239 1818 5294 conﬁrmationem
1867 5253 2033 5309 appo-

2177 5237 2375 5310 ἱριστοῦ
2402 5234 2768 5305 Εὐαγγέλιον·
2795 5235 2877 5288 ὅτι
2907 5235 3027 5289 οὐδὲ
3052 5235 3344 5290 ἐπίσκοποι
3381 5231 3523 5308 ἦσαν
3554 5238 3702 5303 τότε,

542 5356 590 5387 ’⁷³
614 5356 734 5411 Act.
772 5371 827 5410 Vl
889 5355 999 5411 1-6.

1688 5476 1875 5553 Guill.
1905 5489 2225 5567 Beveregn
2270 5495 2457 5551 no’tea.

546 5616 657 5684 (78)
684 5619 994 5687 Θαυμάσαι
1016 5615 1208 5681 ἀξιον.
1226 5616 1349 5674 Haec
1372 5618 1434 5675 Ι).
1458 5617 1831 5689 Chrysostomi
1859 5615 2023 5673 verba

478 5696 609 5743 tom.
644 5687 709 5742 ιγ
759 5702 809 5754 p.
844 5685 968 5756 690,
1006 5685 1091 5742 ed.
1126 5684 1295 5742 Savil.

2177 5626 2280 5674 .ant
2311 5618 2366 5673 in
2400 5618 2810 5675 commentariis
2843 5616 2963 5686 ejus
2992 5614 3052 5672 in
3105 5615 3222 5672 Act.
3258 5616 3478 5690 _Apost.
3521 5632 3572 5676 c.
3620 5633 3701 5685 Vl,
