4110 6224
437 370 546 435 569
1502 372 1586 432 IN
1627 373 1790 434 CAN.
1824 372 1957 435 XVI
1994 373 2202 440 CONC.
2246 374 2329 437 IN
2352 374 2674 438 TBULLO.
3551 372 3654 437 570

442 484 561 540 οὐδὲ
591 484 846 549 διάκονοι,
875 482 994 537 οὐδὲ
1025 482 1408 554 πρεσϐύτεροι.
1460 482 1551 536 Διὸ
1591 482 1686 536 καὶ
1714 482 1994 554 χρησάμε-

2106 487 2233 550 sitis,
2261 500 2326 541 ex
2357 486 2493 541 libro
2519 487 2745 541 Actuurn
2770 494 2824 539 et
2862 485 3040 557 magni
3075 485 3235 541 etiam
3287 460 3653 558 Chrysostomi

451 594 523 630 θοι
557 576 695 647 πρὸς
729 574 986 629 σύστασιν
1020 574 1114 628 τοῦ
1133 576 1292 641 λόγου
1321 574 1501 628 αὐτῶν
1528 577 1640 637 τοῖς
1665 575 1997 645 προσφόροις

2106 578 2539 646 interpretatione
2565 579 2667 641 usi,
2696 587 2996 633 statuerunt
3018 578 3215 634 dictum
3255 597 3514 647 canonem
3551 601 3654 641 non

448 646 687 738 ῥήμασιν
707 667 771 720 ἐκ
804 666 906 736 τῆς
934 666 1113 737 βίϐλου
1138 666 1246 720 τῶν
1269 667 1546 736 Πράξεων,
1574 668 1660 719 ναὶ
1688 665 1870 733 μέντοι
1903 665 1998 719 καὶ

2106 684 2218 725 esse
2244 675 2591 741 sequendum.
2622 672 2714 726 Est
2745 685 2920 727 autem
2950 687 3391 743 consentaneum,
3430 646 3574 749 quod
3602 690 3659 736 et

444 759 739 829 ἑρμηνείαν
781 760 875 812 τοῦ
924 759 1159 828 μεγάλου
1223 759 1607 829 Χρυσοστόμου
1632 801 1647 823 ,
1676 758 1997 829 διωρίσαντο

2106 780 2255 824 antea
2309 769 2385 824 sic
2445 759 2880 839 intellig'ebantur
2934 786 3054 840 qua:
3126 774 3176 827 in
3239 774 3657 832 Neocmsariensi

442 851 520 921 τῷ
552 851 769 921 ῥηθέντι
796 851 982 905 κανόνι
1014 851 1088 922 μὴ
1119 851 1449 905 ἀκολουθεῖν.
1485 852 1666 904 Ἕοικε
1697 851 1753 904 δὲ
1785 852 1865 903 ὅτι
1906 850 2001 903 καὶ

443 944 549 1015 πρὸ
582 943 773 997 τούτου
799 943 970 1006 οὕτως
992 942 1296 997 ὲνενοοῦντο
1327 942 1393 996 τά
1421 943 1479 995 ὲν
1503 942 1580 1011 τῷ
1598 942 1781 995 κανόνι
1814 939 1915 1011 τῆς
1942 941 2001 994 ἐν

442 1035 847 1106 Νεοκαισαρεία
880 1035 1094 1089 συνόδου
1127 1036 1490 1119 περιεχόμενα
1516 1035 1648 1105 (79).

517 1173 767 1227 ZONAP.
810 1172 873 1225 '0
902 1176 999 1242 τῆς
1028 1174 1085 1226 ὲν
1110 1170 1514 1243 Νεοκαισαρείᾳ
1543 1171 1814 1239 συστάσης
1847 1169 2001 1222 συνό-

448 1266 542 1320 δου
598 1266 1089 1328 πεντεκαιδέκατος
1125 1262 1305 1318 κανὼν
1351 1264 1491 1317 οὕτω
1543 1264 1696 1331 φησί’
1759 1262 2023 1314 Διάκονοι·

449 1361 591 1415 ἑπτὰ
623 1360 935 1428 ὀφείλουσιν
972 1356 1114 1412 εἶναι
1161 1358 1302 1413 κατὰ
1330 1358 1421 1411 τὸν
1477 1358 1698 1420 κανόνα,
1732 1357 1835 1409 κᾶν
1861 1356 2000 1409 πάνυ

454 1454 667 1523 μεγάλη
702 1452 791 1523 εἴη
829 1452 1062 1524 ἡπόλις.
1111 1453 1389 1523 Πεισθήση
1427 1451 1483 1505 δὲ
1514 1452 1622 1505 ἀπὸ
1670 1451 1768 1520 τῆς
1821 1449 2002 1518 βίϐλου

449 1548 561 1598 τῶν
590 1545 872 1616 Πράξεων.
907 1544 1109 1599 Τοῦτον
1138 1545 1232 1599 οὖν
1252 1546 1344 1598 τὸν
1368 1545 1567 1599 κανόνα
1584 1546 1634 1597 οἱ
1658 1544 1757 1613 τῆς
1780 1542 2002 1596 συνόδου

452 1637 661 1707 ταύτης
690 1638 939 1701 Πατέρες
972 1637 1333 1709 διαγράφουσι
1365 1638 1439 1707 μὴ
1481 1637 1751 1706 εὐστόχως
1777 1634 2004 1688 ἐκλαϐέε

455 1732 581 1785 σθαι
610 1730 670 1783 τὸ
715 1732 823 1783 τῶν
849 1731 1109 1785 διακόνων
1132 1731 1332 1801 ,ὄνομα
1389 1732 1448 1782 τὸ
1496 1732 1552 1782 ὲν
1613 1732 1733 1793 ταῖς
1766 1728 2001 1798 Πράξεσι

2102 862 2302 934 synodo
2331 862 2690 917 continentur.

2178 1179 2332 1249 175
2363 1179 2611 1237 ΖθΝΑῐῖ.
2643 1180 2857 1249 Septem
2888 1182 3163 1254 exJegnm
3196 1186 3509 1256 praescripto
3548 1189 3662 1243 sur.

2105 1273 2264 1328 ficere
2290 1273 2340 1326 in
2380 1289 2504 1335 una,
2554 1278 2799 1343 quamvis
2852 1285 3062 1343 magna,
3113 1278 3329 1332 civitate
3383 1281 3659 1348 diaconos,

2104 1364 2263 1432 idque
2288 1378 2352 1417 ex
2388 1364 2641 1418 Actorum
2674 1364 2809 1417 libro
2833 1366 3023 1432 conjici
3052 1367 3210 1420 facile
3246 1385 3423 1436 posse,
3448 1372 3663 1425 decimo

2104 1458 2292 1529 quinto
2343 1456 2787 1513 Neocatsariensis
2834 1460 3021 1529 synodi
3069 1452 3273 1516 canone
3326 1463 3659 1521 declaratum

2103 1559 2203 1607 est.
2234 1549 2382 1603 Illum
2412 1550 2569 1614 igitur
2615 1562 2869 1603 canonem
2908 1546 3094 1620 synodi
3152 1551 3335 1606 Patres
3386 1555 3485 1609 hoc
3546 1557 3664 1610 loco

2106 1641 2521 1712 reprehendunt.
2555 1656 2724 1709 neque
2747 1643 2879 1695 satis
2910 1645 3254 1698 diaconorum
3283 1664 3500 1714 nomen,
3521 1652 3663 1712 quod

2104 1751 2179 1790 εκ·
2225 1734 2375 1789 Actis
2427 1735 2684 1799 aﬂertur,
2734 1735 3058 1791 intellectum
3115 1754 3233 1792 esse
3296 1744 3661 1809 pronuntiant.

450 1824 718 1892 λέγοντες.
746 1824 896 1894 Μηδὲ
927 1823 1036 1891 γάρ
1075 1824 1202 1894 περὶ
1230 1823 1338 1877 τῶν
1371 1825 1429 1876 ὲν
1461 1826 1527 1893 τῇ
1564 1822 1683 1893 θεία
1714 1820 2003 1891 ,ἱερουργίᾳ

2106 1829 2286 1900 Neque
2304 1830 2448 1885 enim
2473 1830 2539 1884 de
2561 1830 2824 1896 diaconis,
2850 1831 2938 1898 qui
2964 1846 3120 1886 sacro
3151 1832 3336 1887 altaris
3365 1835 3665 1890 ministerio

449 1915 717 1969 διακονεῖν
739 1915 1043 1983 μελλόντων
1065 1913 1274 1985 ἀνδρῶν
1294 1914 1392 1983 τὴν
1420 1915 1671 1984 φροντίδα
1693 1912 1812 1966 τότε
1842 1907 1998 1976 εἶναι,

449 2007 587 2059 ἀλλὰ
616 2006 748 2077 περὶ
774 2007 871 2075 τῆς
890 2007 947 2059 ὲν
965 2008 1086 2069 ταῖς
1112 2005 1411 2076 τραπέζαις
1435 2005 1758 2076 ὑπηρεσίας,
1789 2003 1881 2057 καὶ
1903 2006 2002 2073 τῆς

451 2098 581 2167 περὶ
610 2097 709 2160 τὰς
736 2098 944 2166 τροφὰς
972 2097 1065 2151 τοῦ
1102 2094 1339 2168 πλήθους
1368 2097 1477 2151 τῶν
1527 2095 1891 2150 πιστευόντων
1919 2097 2001 2147 ot-

449 2189 734 2253 κονομίας.
766 2190 877 2242 Καὶ
902 2188 993 2241 τὸν
1018 2188 1191 2259 μέγαν
1225 2189 1478 2256 Ἰωάννην
1504 2187 1596 2241 τὸν
1629 2186 1727 2257 τὴν
1758 2185 2004 2252 γλῶτταν

449 2281 686 2351 χρυσοῦν
710 2281 1051 2354 παράγουσιν
1074 2281 1445 2352 ὲρμηνεύοντα
1462 2281 1533 2334 τὰ
1552 2282 1609 2333 ὲν
1628 2283 1746 2341 ταῖς
1766 2278 2002 2349 Πράξετι

450 2375 581 2444 περὶ
610 2374 817 2428 τούτων
849 2375 990 2445 ῥητὰ
1016 2374 1109 2427 καὶ
1136 2374 1362 2443 λέγοντα
1398 2374 1536 2443 μήτε
1562 2372 1824 2426 διακόνων
1863 2373 2001 2438 μήτε

452 2464 849 2537 πρεσϐυτέρων
884 2465 1187 2546 δηλωτικὸν
1220 2460 1361 2537 εἶναι
1400 2466 1460 2517 τὸ
1502 2463 1695 2532 ὄνομα.
1727 2462 1834 2515 Καί
1868 2478 2000 2529 φασι

454 2562 547 2613 καὶ
580 2559 631 2611 οἱ
666 2559 904 2628 Πατέρες
931 2560 1131 2611 ἐκείνοι
1161 2559 1289 2619 τοὺς
1319 2559 1376 2609 ἐν
1404 2558 1521 2617 ταῖς
1566 2557 1606 2607 [1
1617 2554 1832 2625 ράξεσιν
1863 2554 2002 2607 ἑπτὰ

455 2650 738 2713 διακόνους
769 2649 845 2720 μὴ
879 2650 1103 2702 ἐπὶτῶν
1144 2652 1201 2700 ὲν
1236 2652 1348 2711 τοῖς
1380 2649 1701 2718 μυστηρίοις
1731 2648 2005 2700 διακόνου.

456 2744 634 2812 μένων
672 2741 1064 2812 λαμϐάνεσθαι,
1105 2741 1239 2796 ἀλλά
1267 2742 1374 2795 τῶν
1403 2740 1832 2811 οἰκονομούντων
1857 2741 2004 2804 ὅπως

452 2838 741 2908 τρέφοιντο
770 2838 819 2890 ot
843 2836 972 2908 περὶ
1006 2834 1131 2899 τοὺς
1157 2835 1487 2916 ἀποστόλους
1509 2834 1886 2906 ἀθροιζόμενοι
1910 2833 2004 2887 καὶ

452 2926 824 2992 πιστεύοντες,
864 2925 959 2989 οὒς
1012 2927 1102 2979 καὶ
1152 2925 1320 2979 τύπον
1366 2927 1499 2995 ἡμῖν
1530 2923 1817 2994 γεγονέναι
1869 2922 2004 2993 φασὶ

404 3054 407 3055 ν
452 3021 584 3089 περὶ
613 3019 742 3082 τοὺς
774 3017 1064 3087 δεομένους
1113 3018 1346 3088 σπουδῆς
1392 3034 1452 3070 τε
1490 3017 1583 3070 καὶ
1637 3016 2000 3086 μεταδόσεως.

451 3112 562 3165 Καὶ
600 3112 628 3165 ὁ
658 3113 756 3181 μὲν
776 3110 957 3166 κανὼν
990 3113 1048 3164 ὲν
1083 3110 1293 3175 τούτοις
1314 3110 1538 3182 τελευτᾷ
1570 3109 1642 3179 μή
1685 3127 1740 3163 τι
1774 3125 2001 3180 προστιο

450 3203 565 3267 θεὶς
587 3203 755 3257 Πλέον
775 3204 915 3257 αίδοῖ
927 3202 1040 3257 τῶν
1055 3203 1112 3256 ὲν
1132 3202 1533 3273 Νεοκαισαρείᾳ
1554 3200 1998 3271 συστησαμένων,

446 3291 624 3365 οἶμαι,
650 3296 749 3367 τὴν
783 3295 1020 3363 σύνοδον,
1068 3295 1358 3363 συνάγεται
1404 3293 1461 3347 δὲ
1497 3295 1599 3357 ὅτι,
1636 3293 1755 3346 ἐπεὶ
1806 3293 2001 3346 ἐκεῖνοι

446 3390 518 3457 τῇ
553 3389 594 3440 Π
608 3387 760 3457 ράξει
789 3386 897 3440 τῶν
921 3386 1234 3440 ἀποστόλων
1259 3381 1371 3439 οἷον
1394 3385 1681 3457 ὑπόϐαθρα
1702 3386 2002 3457 ἐχρήσαντο

446 3484 517 3551 τῇ
542 3481 672 3551 περὶ
694 3480 807 3533 τῶν
825 3480 965 3534 ἑπτὰ
989 3479 1276 3545 διακόνων,
1306 3481 1384 3544 είς
1409 3479 1470 3532 τὺ
1492 3479 1672 3552 ὁρίσαι
1693 3478 1768 3551 μὴ
1790 3479 2003 3543 πλείους

448 3574 561 3626 τῶν
596 3573 738 3625 ἑπτὰ
767 3573 1032 3626 διακόνων
1071 3574 1130 3625 ὲν
1182 3571 1337 3625 πόλει
1374 3567 1537 3637 εἶναι,
1579 3572 1684 3625 κᾶν
1719 3572 1860 3627 πάνυ
1910 3589 2006 3641 με·

449 3666 595 3735 γάλη
624 3666 658 3735 ἡ
696 3665 849 3727 πόλις
884 3665 996 3734 εῐη,
1031 3663 1083 3717 οἱ
1131 3664 1189 3717 δὲ
1228 3664 1381 3734 παρὰ
1427 3664 1537 3717 τῶν
1572 3663 1883 3718 ἀποστόλων
1916 3664 2007 3716 ὲκ-

450 3754 701 3823 λεγὲντες
729 3755 809 3817 είς
836 3751 1114 3807 διακονίαν
1141 3753 1240 3821 οὐχ
1291 3752 1599 3824 ἱερουργίας
1638 3748 1779 3824 ἦσαν
1826 3753 2006 3806 διάκο-

452 3863 575 3911 νοι,
633 3845 750 3901 ἀλλ’
811 3845 1081 3915 ὑπηρέται
1153 3845 1251 3899 καὶ
1308 3845 1584 3916 οἰκονόμοι
1644 3845 1893 3916 τροφῶν,
1944 3846 2004 3899 οὐ

454 3937 602 3991 κατὰ
628 3938 692 3991 τὸ
728 3938 1008 4009 προσῆκον
1063 3937 1156 3990 τὸν
1192 3938 1426 4008 ἀριθμὸν
1464 3940 1571 3991 τῶν
1628 3938 1890 3993 διακόνων
1927 3942 2007 4003 είς

452 4031 546 4084 τὸν
578 4028 806 4099 ἕϐδομον
859 4029 1309 4099 ἐστενοχώρησαν
1347 4028 1578 4098 ἀριθμὸν
1629 4030 1724 4082 καὶ
1772 4029 1865 4083 ἐπὶ
1900 4029 2008 4084 τῶν

458 4123 717 4193 μεγάλων
750 4123 982 4175 πόλεων.
1019 4121 1184 4175 Ὅθεν
1208 4121 1334 4175 οὐδὲ
1362 4122 1471 4194 πρὸ
1497 4121 1593 4176 τοῦ
1631 4122 1858 4186 κανόνος
1887 4122 2011 4176 τού-

454 4233 550 4268 του
579 4214 609 4266 ό
638 4215 744 4268 τῶν
781 4216 839 4267 ὲν
870 4214 1275 4287 Νεοκαισαρεία
1321 4213 1501 4268 κανὼν
1552 4214 1901 4282 ἐφυλάττετο.
1950 4215 2008 4269 Ὀ

458 4308 559 4377 μὲν
588 4307 695 4378 γὰρ
740 4306 1105 4369 ’Ῑουστινιανδς
1124 4306 1389 4377 ἑξήκοντα
1416 4305 1843 4377 πρεσϐυτέρους,
1880 4307 2001 4360 δια-

457 4401 647 4462 κόνους
667 4400 723 4453 δὲ
750 4400 964 4462 ἑκατὸν,
999 4400 1092 4453 καλ⁸
1137 4398 1486 4463 διακονίσσας
1523 4400 1929 4467 τεσσαράκοντα
1952 4402 2010 4453 ὲν

2105 1926 2435 1988 assisterent,
2467 1924 2560 1978 sed
2591 1923 2785 1992 quibus
2809 1939 2936 1977 cura
2972 1939 3275 1979 mensarum
3321 1943 3383 1982 ac
3432 1928 3689 2004 ﬁdelium.

2104 2017 2426 2072 multitudini
2482 2017 2854 2085 suppeditandi
2917 2030 3247 2073 commeatus
3292 2020 3662 2086 incumberet,

2104 2108 2507 2176 accipiendum;
2539 2109 2642 2161 divi
2671 2124 2880 2177 quoque
2907 2110 3270 2180 Chrysostomi
3293 2114 3446 2166 Verba
3473 2116 3657 2169 eadem

2101 2198 2438 2264 explicantis,
2480 2209 2533 2252 et
2563 2212 2660 2252 nec
2692 2200 2756 2251 de
2780 2198 3030 2252 diaconis
3078 2214 3175 2254 nec
3217 2202 3539 2272 presbyteris
3579 2203 3662 2254 in-

2104 2289 2265 2355 telligi
2324 2305 2479 2358 posse
2545 2290 2904 2343 asseverantis
2964 2290 3266 2344 testimonio
3319 2293 3659 2348 conﬁrmant.

2108 2380 2323 2447 Septem
2356 2382 2515 2448 igitur
2547 2380 2662 2434 illos
2709 2383 2963 2436 Actorum
3026 2381 3275 2435 diaconos
3329 2381 3515 2446 fuisse,
3557 2400 3661 2437 non

2105 2472 2195 2541 qui
2222 2473 2392 2528 sacris
2423 2473 2756 2537 ministeriis,
2802 2472 2927 2525 dum
2988 2487 3074 2525 res
3130 2473 3304 2526 divina
3372 2476 3659 2543 peragitur,

2102 2563 2373 2631 obeundis
2422 2572 2696 2627 vacarent,
2771 2563 2863 2617 sed
2926 2563 3015 2631 qui
3083 2564 3387 2618 hominibus
3466 2568 3668 2633 ample--

2104 2655 2311 2710 ctendm
2347 2653 2467 2707 ﬁdei
2512 2654 2689 2707 studio
2723 2656 2787 2706 ad
2827 2654 3095 2721 apostolos
3118 2657 3328 2709 assidue
3358 2672 3666 2710 commean-

2104 2747 2245 2802 tibus
2277 2745 2525 2800 alimenta
2574 2746 2976 2815 prospicerent;
3030 2762 3057 2799 a
3114 2746 3310 2815 quibus
3363 2750 3663 2817 exemplum

2102 2855 2317 2910 quoque
2344 2838 2399 2892 in
2425 2851 2621 2907 egenos
2651 2838 2931 2893 charitatis
2959 2839 3165 2908 piaeque
3188 2840 3527 2903 liberalitatis
3596 2843 3661 2895 ad

2103 2943 2287 2987 nostra
2314 2947 2485 3002 usque
2515 2940 2753 3001 tempora
2793 2932 3013 2985 ductum
3064 2946 3185 2986 esse
3227 2930 3518 2986 afﬁrmant.
3573 2934 3668 2986 At-

2103 3039 2207 3093 que
2235 3025 2323 3080 hic
2346 3024 2583 3094 quidem,
2616 3025 2939 3088 reverentia,
2960 3034 3019 3078 ut
3041 3024 3296 3088 arbitror,
3322 3040 3447 3093 erga
3473 3024 3663 3080 Patres

2105 3117 2287 3183 synodi
2312 3116 2759 3172 Neocaasariensis
2787 3124 3055 3180 auctores,
3090 3115 3235 3169 nullo
3272 3115 3479 3183 adjecto
3500 3115 3663 3168 verbo

2103 3222 2275 3262 canon
2312 3206 2625 3262 absolvitur.
2656 3206 2731 3261 Ex
2764 3221 2870 3276 quo
2903 3215 3077 3260 tamen
3124 3205 3265 3260 efﬁci
3301 3206 3515 3273 planum
3555 3215 3660 3273 est,

2101 3299 2354 3370 quoniam
2380 3300 2532 3356 Actis
2560 3300 2924 3368 apostolorum
2956 3297 3111 3369 quasi
3137 3297 3480 3352 fundamento
3528 3297 3669 3351 Neo-

2101 3389 2449 3445 cmsarienses
2471 3390 2779 3444 nitebantur
2808 3398 2863 3442 ut
2888 3374 2939 3442 in
2967 3402 3285 3457 quacunque
3308 3389 3512 3455 'magna
3539 3388 3668 3442 licet

2103 3493 2167 3533 ac
2192 3483 2363 3550 ampla
2399 3482 2529 3536 urbe
2562 3491 2764 3549 septem
2814 3480 3161 3534 diaconorum
3201 3493 3483 3533 numerum
3526 3493 3665 3547 prte-

2103 3574 2356 3637 ﬁnirent;
2388 3572 2475 3642 qui
2508 3587 2633 3627 vero
2657 3574 2723 3626 ab
2747 3572 3001 3639 apostolis
3025 3572 3234 3626 diaconi
3258 3571 3516 3640 designati
3551 3572 3670 3626 ﬁte-

2104 3677 2248 3727 rant,
2282 3681 2385 3720 non
2412 3680 2687 3718 sacrorum
2732 3664 2958 3719 ministri
2982 3664 3072 3718 sed
3103 3665 3178 3719 rei
3230 3663 3406 3733 potius
3449 3666 3666 3721 cibar‘m

2105 3758 2344 3828 praefecti
2373 3766 2424 3810 et
2446 3757 2707 3811 oeconomi
2739 3756 3152 3830 adhibebantur,
3173 3772 3506 3825 nequaquam
3530 3760 3665 3813 adeo

2107 3850 2348 3917 angustis
2373 3850 2660 3916 septenarii
2699 3850 2945 3905 terminis
2988 3850 3043 3903 in
3095 3865 3406 3920 magnarum
3456 3865 3667 3919 quoque

2108 3941 2318 3995 urbium
2343 3940 2653 3995 celebritate
2710 3942 3055 3995 diaconorum
3102 3957 3383 3995 numerum
3422 3944 3664 3997 coerceri

2109 4032 2376 4088 debuisse.
2409 4031 2572 4103 Igitur
2596 4034 2756 4086 etiam
2791 4041 2914 4087 ante
2960 4033 3101 4087 hunc
3161 4047 3419 4087 canonem
3463 4035 3667 4087 editum

2109 4125 2531 4181 Neocaesariensi
2561 4126 2935 4181 constitutioni
2974 4127 3192 4180 minime
3238 4126 3669 4194 obtemperatum

2110 4226 2212 4274 est.
2248 4196 2533 4288 Sexaginta
2576 4217 2838 4286 siquidem
2865 4218 3214 4290 presbyteris,
3245 4218 3489 4273 diaconis
3539 4234 3669 4273 cen-

2112 4319 2245 4373 tum,
2298 4298 2647 4380 quadraginta
2700 4311 3017 4366 diaconissis
3064 4311 3310 4382 Magnam
3380 4310 3668 4367 ecclesiam

2114 4403 2319 4457 censeri
2350 4401 2690 4457 Justinianus
2722 4402 2906 4479 voluit,
2937 4412 2994 4457 ut
3025 4403 3243 4458 Basilio.
3288 4403 3427 4459 libro
3465 4418 3550 4465 ιιι,
3598 4400 3669 4455 ti-

456 4490 777 4562 τῇιΜεγάλῃ
802 4492 981 4545 εἴασεν
1028 4492 1309 4563 ἐκκλησίᾳ,
1361 4492 1437 4558 ὡς
1468 4496 1525 4546 ἐν
1557 4491 1748 4562 βιϐλίῳ
1773 4494 1881 4546 τῶν
1904 4494 2006 4546 Βα-

2117 4495 2229 4547 tnlo
2254 4493 2309 4557 ἓ,
2339 4494 2520 4547 videre
2541 4504 2626 4548 est
2666 4512 2679 4547 :
2718 4508 2947 4564 eumque
2975 4509 3276 4561 numerum,
3308 4502 3417 4549 tam
3473 4494 3526 4549 in
3576 4510 3667 4549 sa-

460 4584 687 4641 σιλικῶν
726 4585 897 4655 τρίτῳ
934 4587 1134 4650 κεῖται,
1169 4583 1331 4654 τίτλῳ
1362 4585 1599 4657 δευτέρῳ
1621 4602 1638 4617 ο
1666 4589 1695 4640 ό
1738 4586 1795 4639 δὲ
1846 4586 2013 4656 Ἠρά-

458 4676 643 4739 κλειος
678 4677 958 4748 ἐπηύξησε
993 4677 1086 4730 τὸν
1115 4677 1347 4748 ἀριθμὸν
1373 4677 1468 4731 καὶ
1489 4678 1597 4733 τῶν
1630 4679 2015 4749 πρεσϐυτέρων

461 4768 562 4820 καὶ
581 4768 850 4822 διακόνων
889 4768 1115 4823 καὶτῶν
1165 4769 1370 4822 λοιπῶν
1403 4769 1686 4838 κληρικῶν
1711 4772 1769 4823 ὲν
1812 4772 1877 4840 τῇ
1908 4770 2019 4823 Με-

396 4904 403 4909 .
460 4860 604 4933 γάλῃ
649 4862 936 4931 ἐκκλησίᾳ,
996 4863 1091 4916 καὶ
1160 4863 1326 4931 ἄμφω
1361 4862 1418 4915 δὲ
1458 4856 1607 4917 οὗτοι
1674 4864 1723 4915 oi
1778 4862 2017 4932 βασιλεῖς

459 4953 568 5021 πρὸ
591 4955 692 5023 τῆς
728 4953 897 5023 ἕκτης
921 4954 1127 5027 ταύτης
1145 4950 1287 5024 ἦσαν
1329 4954 1572 5008 συνόδου.
1612 4954 1717 5007 Καὶ
1745 4958 1800 5007 αί
1829 4955 2016 5009 λοιπαὶ

459 5050 518 5101 δὲ
543 5048 640 5117 τῆς
666 5048 1293 5109 Κωνσταντινουπόλεως
1314 5048 1599 5117 ἐκκλησίαι
1627 5046 1850 5111 πολλοὺς
1870 5043 2015 5116 εἶχον

456 5140 780 5208 κληρικοὺς,
810 5140 903 5192 καὶ
926 5139 1174 5203 πλείονας
1198 5137 1308 5193 τῶν
1338 5137 1486 5208 παρὰ
1498 5137 1604 5191 τῶν
1626 5136 2016 5207 δομησαμένων

459 5230 630 5292 αὐτάς
667 5230 728 5282 ὲν
762 5231 953 5293 αὑταῖς
990 5229 1313 5300 ταχθέντων,
1345 5229 1419 5294 ὡς
1452 5228 1595 5282 ἔστιν
1640 5229 1817 5299 εὑρεῖν
1854 5230 1911 5281 ὲν
1938 5227 2019 5297 τῷ

462 5319 670 5393 πρώτῳ
722 5320 891 5393 τίτλῳ
920 5323 1012 5377 τοῦ
1056 5323 1242 5394 τρίτου
1282 5322 1488 5392 βιϐλίου
1523 5320 1631 5374 τῶν
1674 5320 2012 5374 Βασιλικῶν.

2112 4586 2423 4640 cerdotibus
2450 4596 2502 4640 et
2530 4587 2788 4648 diaconis,
2810 4602 2969 4654 quam
2998 4586 3049 4641 in
3074 4588 3279 4655 reliquo
3322 4586 3472 4641 omni
3521 4588 3671 4640 clero

2110 4677 2389 4734 Heraclius
2412 4679 2774 4748 ampliﬁcavit,
2799 4694 2919 4733 cum
2952 4690 3238 4747 utrmnque
3271 4688 3447 4734 tamen
3496 4681 3667 4748 impe—

2109 4778 2343 4823 ratorem
2380 4777 2500 4823 ante
2546 4769 2703 4838 hujus
2735 4780 2896 4823 sexta:
2948 4769 3131 4839 synodi
3187 4779 3423 4836 tempora
3474 4771 3669 4823 vixisse

2111 4868 2339 4915 constet.
2378 4859 2611 4927 Reliqua:
2633 4874 2843 4929 quoque
2884 4856 3488 4928 Cunslanﬁnopolitana:
3522 4860 3669 4912 urbis

2120 4952 2366 5008 ecclesia:
2401 4953 2580 5021 plures
2611 4952 2836 5007 clericos
2871 4954 3131 5015 habuere,
3166 4963 3323 5005 aucto
3367 4952 3527 5003 etiam
3569 4968 3671 5003 nu-

2115 5062 2265 5101 mero
2296 5046 2384 5114 qui
2418 5045 2716 5115 praeﬁnitus
2737 5045 2801 5099 iis
2831 5044 2897 5099 ab
2925 5061 3111 5099 earum
3153 5044 3520 5099 conditoribus
3568 5043 3671 5093 ini-

2114 5140 2190 5194 tio
2254 5140 2449 5205 fuerat,
2504 5139 2950 5209 quemadmodum
3021 5138 3181 5191 tertio
3235 5135 3447 5190 Basilio.
3504 5133 3665 5200 libro,

2117 5233 2270 5288 titulo
2298 5235 2495 5304 primo,
2523 5231 2648 5288 licet
2677 5232 3124 5287 animadvertere.

1674 5442 1869 5504 Guill.
1915 5440 2242 5521 Beveregii
2277 5448 2466 5503 notae.

536 5547 649 5615 (79)
687 5546 807 5612 Τῆς
833 5546 901 5598 ἐν
957 5544 1380 5615 Νεοκαισαρείᾳ
1437 5542 1700 5615 συνόδου
1757 5544 2018 5615 περιεχόε

458 5610 641 5686 pera:
671 5619 726 5672 In
756 5610 943 5671 Latina
993 5610 1510 5686 Gentianiiﬁerveti
1547 5610 1820 5686 versione,
1898 5613 2009 5666 bzec

464 5683 694 5755 insuper
727 5694 1043 5748 occurrunt,
1075 5685 1200 5738 huic
1265 5683 1601 5738 Balsamonis
1651 5683 1861 5755 scholio
1911 5699 2010 5736 an.

2115 5542 2246 5595 libro
2276 5538 2416 5607 'Imp.
2471 5540 2762 5602 decernere,
2814 5546 2871 5590 ut
2919 5537 2973 5607 in
3030 5536 3222 5603 Magna
3274 5535 3399 5607 sint
3442 5535 3662 5607 ere/eain

2113 5612 2325 5664 diaconi
2349 5605 2553 5664 centum
2582 5626 2601 5663 :
2634 5610 2773 5678 quod
2807 5624 2909 5678 non
2930 5606 3201 5672 jussisset,
3251 5605 3482 5678 si__aliter
3510 5605 3665 5657 intel-

2111 5681 2271 5735 lectus
2302 5682 2487 5747 fuisset
2512 5674 2679 5733 canon
2711 5681 2764 5731 in
2803 5675 3106 5731 Neocwsar.
3139 5693 3255 5747 syn.
3296 5674 3419 5728 Harc
3481 5685 3659 5747 autem

462 5746 624 5818 nexa',
666 5758 797 5812 Cum
826 5773 895 5810 eo
926 5746 1061 5809 enim
1095 5756 1161 5807 sit
1194 5756 1308 5823 ipsa
1353 5771 1553 5824 quoque
1587 5755 1754 5824 prima
1793 5750 2002 5815 Synorto
2107 5751 2351 5824 innullis
2392 5750 2592 5806 Graccis
2630 5748 2933 5814 codicibus,
2963 5762 3100 5819 quos
3148 5746 3332 5802 videre
3391 5746 3615 5815 conligit
3640 5779 3657 5806 ,

465 5829 749 5897 antiquior,
815 5825 1147 5882 lustinianus
1203 5820 1481 5897 imperator
1520 5820 1775 5878 invenitur
1833 5823 1883 5874 in
1947 5837 2001 5874 ιιι
2104 5820 2392 5875 habentur.
3412 5838 3417 5843 ι
