  <div class='ocr_page' id='page_1' title='image "/cluster/home/n/w/nwhite01/storage/ocr_20150623/137/hvd.32044073502536/319.png"; bbox 0 0 4110 6224; ppageno 0'>
   <div class='ocr_carea' id='block_1_1' title="bbox 497 323 597 390">
    <p class='ocr_par' dir='ltr' id='par_1_1' title="bbox 497 323 597 390">
     <span class='ocr_line' id='line_1_1' title="bbox 497 323 597 390; baseline -0.01 -1"><span class='ocrx_word' id='word_1_1' title='bbox 497 323 597 390; x_wconf 78' lang='grc'><strong>571</strong></span> 
     </span>
    </p>
   </div>
   <div class='ocr_carea' id='block_1_2' title="bbox 1749 279 2466 392">
    <p class='ocr_par' dir='ltr' id='par_1_2' title="bbox 1749 279 2466 392">
     <span class='ocr_line' id='line_1_2' title="bbox 1749 279 2466 392; baseline 0.001 -1"><span class='ocrx_word' id='word_1_2' title='bbox 1749 279 2021 391; x_wconf 70' lang='lat' dir='ltr'><strong>Tusco.</strong></span> <span class='ocrx_word' id='word_1_3' title='bbox 2064 328 2466 392; x_wconf 54' lang='lat' dir='ltr'><strong>BALSAMON</strong></span> 
     </span>
    </p>
   </div>
   <div class='ocr_carea' id='block_1_3' title="bbox 3626 331 3731 395">
    <p class='ocr_par' dir='ltr' id='par_1_3' title="bbox 3626 331 3731 395">
     <span class='ocr_line' id='line_1_3' title="bbox 3626 331 3731 395; baseline -0.029 0"><span class='ocrx_word' id='word_1_4' title='bbox 3626 331 3731 395; x_wconf 72' lang='grc' dir='ltr'>5ἷῖ</span> 
     </span>
    </p>
   </div>
   <div class='ocr_carea' id='block_1_4' title="bbox 496 436 2051 528">
    <p class='ocr_par' dir='ltr' id='par_1_4' title="bbox 496 436 2049 528">
     <span class='ocr_line' id='line_1_4' title="bbox 496 436 2049 528; baseline -0.002 -33"><span class='ocrx_word' id='word_1_5' title='bbox 496 436 726 495; x_wconf 73' lang='lat' dir='ltr'><strong>ARIST.</strong></span> <span class='ocrx_word' id='word_1_6' title='bbox 766 455 786 490; x_wconf 80' lang='grc' dir='ltr'><strong>ι</strong></span> <span class='ocrx_word' id='word_1_7' title='bbox 830 438 934 504; x_wconf 84' lang='lat' dir='ltr'><strong>Qui</strong></span> <span class='ocrx_word' id='word_1_8' title='bbox 965 449 1169 528; x_wconf 55' lang='lat' dir='ltr'><strong>septpm</strong></span> <span class='ocrx_word' id='word_1_9' title='bbox 1208 456 1326 497; x_wconf 84' lang='lat' dir='ltr'><strong>esse</strong></span> <span class='ocrx_word' id='word_1_10' title='bbox 1356 443 1630 508; x_wconf 79' lang='lat' dir='ltr'><strong>diaconos,</strong></span> <span class='ocrx_word' id='word_1_11' title='bbox 1655 442 1807 510; x_wconf 83' lang='lat' dir='ltr'><strong>juxta</strong></span> <span class='ocrx_word' id='word_1_12' title='bbox 1842 441 1981 510; x_wconf 91' lang='lat' dir='ltr'><strong>quod</strong></span> <span class='ocrx_word' id='word_1_13' title='bbox 2015 443 2049 494; x_wconf 82' lang='lat' dir='ltr'><strong>it</strong></span> 
     </span>
    </p>
   </div>
   <div class='ocr_carea' id='block_1_5' title="bbox 2150 436 3732 528">
    <p class='ocr_par' dir='ltr' id='par_1_5' title="bbox 2174 441 3732 512">
     <span class='ocr_line' id='line_1_5' title="bbox 2174 441 3732 512; baseline 0.003 -19"><span class='ocrx_word' id='word_1_14' title='bbox 2174 442 2394 495; x_wconf 80' lang='grc' dir='ltr'><strong>ΑΡΙΣΤ.</strong></span> <span class='ocrx_word' id='word_1_15' title='bbox 2444 461 2463 494; x_wconf 79' lang='grc' dir='ltr'><strong>ι</strong></span> <span class='ocrx_word' id='word_1_16' title='bbox 2507 443 2824 497; x_wconf 81' lang='grc' dir='ltr'>Γινωσκέτω</span> <span class='ocrx_word' id='word_1_17' title='bbox 2862 444 2889 497; x_wconf 85' lang='grc' dir='ltr'>ὀ</span> <span class='ocrx_word' id='word_1_18' title='bbox 2929 441 3106 512; x_wconf 82' lang='grc' dir='ltr'>λέγων</span> <span class='ocrx_word' id='word_1_19' title='bbox 3158 442 3298 499; x_wconf 77' lang='grc' dir='ltr'>ἑπτὰ</span> <span class='ocrx_word' id='word_1_20' title='bbox 3336 441 3623 508; x_wconf 81' lang='grc' dir='ltr'><strong>διακόνους</strong></span> <span class='ocrx_word' id='word_1_21' title='bbox 3652 445 3732 498; x_wconf 79' lang='grc' dir='ltr'><strong>ε’-</strong></span> 
     </span>
    </p>
   </div>
   <div class='ocr_carea' id='block_1_6' title="bbox 574 531 2067 603">
    <p class='ocr_par' dir='ltr' id='par_1_6' title="bbox 574 531 2067 603">
     <span class='ocr_line' id='line_1_6' title="bbox 574 531 2067 603; baseline 0.003 -20"><span class='ocrx_word' id='word_1_22' title='bbox 574 547 595 583; x_wconf 76' lang='grc' dir='ltr'><strong>ι</strong></span> <span class='ocrx_word' id='word_1_23' title='bbox 629 531 857 586; x_wconf 81' lang='lat' dir='ltr'><strong>Actibus</strong></span> <span class='ocrx_word' id='word_1_24' title='bbox 896 531 1090 586; x_wconf 89' lang='lat' dir='ltr'><strong>dictum</strong></span> <span class='ocrx_word' id='word_1_25' title='bbox 1123 543 1225 597; x_wconf 81' lang='lat' dir='ltr'><strong>cst,</strong></span> <span class='ocrx_word' id='word_1_26' title='bbox 1254 535 1503 601; x_wconf 75' lang='lat' dir='ltr'><strong>allii-mat,</strong></span> <span class='ocrx_word' id='word_1_27' title='bbox 1550 536 1706 598; x_wconf 86' lang='lat' dir='ltr'><strong>sciat,</strong></span> <span class='ocrx_word' id='word_1_28' title='bbox 1759 535 1899 603; x_wconf 89' lang='lat' dir='ltr'><strong>quod</strong></span> <span class='ocrx_word' id='word_1_29' title='bbox 1962 551 2067 590; x_wconf 88' lang='lat' dir='ltr'><strong>non</strong></span> 
     </span>
    </p>
   </div>
   <div class='ocr_carea' id='block_1_7' title="bbox 574 625 2069 698">
    <p class='ocr_par' dir='ltr' id='par_1_7' title="bbox 574 625 2069 698">
     <span class='ocr_line' id='line_1_7' title="bbox 574 625 2069 698; baseline 0.004 -20"><span class='ocrx_word' id='word_1_30' title='bbox 574 642 595 678; x_wconf 79' lang='grc' dir='ltr'><strong>ι</strong></span> <span class='ocrx_word' id='word_1_31' title='bbox 634 627 699 680; x_wconf 87' lang='lat' dir='ltr'><strong>de</strong></span> <span class='ocrx_word' id='word_1_32' title='bbox 730 626 990 687; x_wconf 80' lang='lat' dir='ltr'><strong>diaconis,</strong></span> <span class='ocrx_word' id='word_1_33' title='bbox 1024 625 1113 695; x_wconf 87' lang='lat' dir='ltr'><strong>qui</strong></span> <span class='ocrx_word' id='word_1_34' title='bbox 1157 629 1446 698; x_wconf 84' lang='lat' dir='ltr'><strong>mysteriis,</strong></span> <span class='ocrx_word' id='word_1_35' title='bbox 1477 630 1570 684; x_wconf 89' lang='lat' dir='ltr'><strong>sed</strong></span> <span class='ocrx_word' id='word_1_36' title='bbox 1603 628 1696 698; x_wconf 86' lang='lat' dir='ltr'><strong>qui</strong></span> <span class='ocrx_word' id='word_1_37' title='bbox 1722 628 1923 685; x_wconf 86' lang='lat' dir='ltr'><strong>mensis</strong></span> <span class='ocrx_word' id='word_1_38' title='bbox 1968 629 2069 684; x_wconf 89' lang='lat' dir='ltr'><strong>mi-</strong></span> 
     </span>
    </p>
   </div>
   <div class='ocr_carea' id='block_1_8' title="bbox 574 715 1641 780">
    <p class='ocr_par' dir='ltr' id='par_1_8' title="bbox 574 715 1641 780">
     <span class='ocr_line' id='line_1_8' title="bbox 574 715 1641 780; baseline 0.005 -10"><span class='ocrx_word' id='word_1_39' title='bbox 574 736 595 770; x_wconf 81' lang='grc' dir='ltr'><strong>ι</strong></span> <span class='ocrx_word' id='word_1_40' title='bbox 631 716 889 780; x_wconf 88' lang='lat' dir='ltr'><strong>uistrant,</strong></span> <span class='ocrx_word' id='word_1_41' title='bbox 920 715 1110 772; x_wconf 86' lang='lat' dir='ltr'><strong>ibidem</strong></span> <span class='ocrx_word' id='word_1_42' title='bbox 1139 734 1315 772; x_wconf 84' lang='lat' dir='ltr'><strong>sermo</strong></span> <span class='ocrx_word' id='word_1_43' title='bbox 1339 722 1582 778; x_wconf 83' lang='lat' dir='ltr'><strong>habetur.</strong></span> <span class='ocrx_word' id='word_1_44' title='bbox 1622 741 1641 775; x_wconf 75' lang='grc' dir='ltr'><strong><em>ι</em></strong></span> 
     </span>
    </p>
   </div>
   <div class='ocr_carea' id='block_1_9' title="bbox 570 811 2065 882">
    <p class='ocr_par' dir='ltr' id='par_1_9' title="bbox 570 811 2065 882">
     <span class='ocr_line' id='line_1_9' title="bbox 570 811 2065 882; baseline 0.006 -18"><span class='ocrx_word' id='word_1_45' title='bbox 570 811 817 866; x_wconf 85' lang='lat' dir='ltr'><strong>Decimus</strong></span> <span class='ocrx_word' id='word_1_46' title='bbox 840 821 1067 881; x_wconf 89' lang='lat' dir='ltr'><strong>quartus</strong></span> <span class='ocrx_word' id='word_1_47' title='bbox 1092 813 1280 882; x_wconf 82' lang='lat' dir='ltr'><strong>synodi</strong></span> <span class='ocrx_word' id='word_1_48' title='bbox 1305 813 1759 872; x_wconf 70' lang='lat' dir='ltr'><strong>Neocresariensis</strong></span> <span class='ocrx_word' id='word_1_49' title='bbox 1781 832 1952 873; x_wconf 90' lang='lat' dir='ltr'><strong>canon</strong></span> <span class='ocrx_word' id='word_1_50' title='bbox 1998 833 2065 873; x_wconf 80' lang='lat' dir='ltr'><strong>ex</strong></span> 
     </span>
    </p>
   </div>
   <div class='ocr_carea' id='block_1_10' title="bbox 499 904 2063 978">
    <p class='ocr_par' dir='ltr' id='par_1_10' title="bbox 499 904 2063 978">
     <span class='ocr_line' id='line_1_10' title="bbox 499 904 2063 978; baseline 0.004 -19"><span class='ocrx_word' id='word_1_51' title='bbox 499 909 725 960; x_wconf 78' lang='lat' dir='ltr'><strong>Actuum</strong></span> <span class='ocrx_word' id='word_1_52' title='bbox 750 904 1001 958; x_wconf 87' lang='lat' dir='ltr'><strong>videlicet</strong></span> <span class='ocrx_word' id='word_1_53' title='bbox 1036 904 1173 959; x_wconf 90' lang='lat' dir='ltr'><strong>libro</strong></span> <span class='ocrx_word' id='word_1_54' title='bbox 1209 906 1423 969; x_wconf 86' lang='lat' dir='ltr'><strong>ductus,</strong></span> <span class='ocrx_word' id='word_1_55' title='bbox 1481 919 1689 978; x_wconf 76' lang='lat' dir='ltr'><strong>septem</strong></span> <span class='ocrx_word' id='word_1_56' title='bbox 1726 911 1980 965; x_wconf 81' lang='lat' dir='ltr'><strong>diaconos</strong></span> <span class='ocrx_word' id='word_1_57' title='bbox 2008 911 2063 966; x_wconf 91' lang='lat' dir='ltr'><strong>in</strong></span> 
     </span>
    </p>
   </div>
   <div class='ocr_carea' id='block_1_11' title="bbox 499 998 2060 1071">
    <p class='ocr_par' dir='ltr' id='par_1_11' title="bbox 499 998 2060 1071">
     <span class='ocr_line' id='line_1_11' title="bbox 499 998 2060 1071; baseline 0.004 -22"><span class='ocrx_word' id='word_1_58' title='bbox 499 1013 823 1068; x_wconf 86' lang='lat' dir='ltr'><strong>unaquaque</strong></span> <span class='ocrx_word' id='word_1_59' title='bbox 852 998 1092 1063; x_wconf 86' lang='lat' dir='ltr'><strong>civitate,</strong></span> <span class='ocrx_word' id='word_1_60' title='bbox 1124 999 1370 1066; x_wconf 80' lang='lat' dir='ltr'><strong>quamvis</strong></span> <span class='ocrx_word' id='word_1_61' title='bbox 1420 1000 1707 1056; x_wconf 92' lang='lat' dir='ltr'><strong>admodum</strong></span> <span class='ocrx_word' id='word_1_62' title='bbox 1746 1018 1938 1071; x_wconf 83' lang='lat' dir='ltr'><strong>magna</strong></span> <span class='ocrx_word' id='word_1_63' title='bbox 1971 1004 2060 1069; x_wconf 93' lang='lat' dir='ltr'><strong>sit,</strong></span> 
     </span>
    </p>
   </div>
   <div class='ocr_carea' id='block_1_12' title="bbox 494 1091 2063 1164">
    <p class='ocr_par' dir='ltr' id='par_1_12' title="bbox 494 1091 2063 1164">
     <span class='ocr_line' id='line_1_12' title="bbox 494 1091 2063 1164; baseline 0.005 -23"><span class='ocrx_word' id='word_1_64' title='bbox 494 1091 749 1143; x_wconf 77' lang='lat' dir='ltr'><strong>consﬁtni</strong></span> <span class='ocrx_word' id='word_1_65' title='bbox 774 1092 1036 1151; x_wconf 86' lang='lat' dir='ltr'><strong>decrevit,</strong></span> <span class='ocrx_word' id='word_1_66' title='bbox 1069 1092 1341 1161; x_wconf 85' lang='lat' dir='ltr'><strong>mysteriis</strong></span> <span class='ocrx_word' id='word_1_67' title='bbox 1362 1094 1683 1148; x_wconf 70' lang='lat' dir='ltr'><strong>servientes.</strong></span> <span class='ocrx_word' id='word_1_68' title='bbox 1710 1094 1778 1147; x_wconf 85' lang='lat' dir='ltr'><strong>At</strong></span> <span class='ocrx_word' id='word_1_69' title='bbox 1826 1109 2063 1164; x_wconf 68' lang='lat' dir='ltr'><strong>praesens</strong></span> 
     </span>
    </p>
   </div>
   <div class='ocr_carea' id='block_1_13' title="bbox 494 1179 2063 1253">
    <p class='ocr_par' dir='ltr' id='par_1_13' title="bbox 494 1179 2063 1253">
     <span class='ocr_line' id='line_1_13' title="bbox 494 1179 2063 1253; baseline 0.006 -25"><span class='ocrx_word' id='word_1_70' title='bbox 494 1191 665 1230; x_wconf 83' lang='lat' dir='ltr'><strong>canon</strong></span> <span class='ocrx_word' id='word_1_71' title='bbox 696 1179 770 1233; x_wconf 87' lang='lat' dir='ltr'><strong>ait</strong></span> <span class='ocrx_word' id='word_1_72' title='bbox 800 1179 1061 1248; x_wconf 86' lang='lat' dir='ltr'><strong>synodum</strong></span> <span class='ocrx_word' id='word_1_73' title='bbox 1107 1180 1255 1236; x_wconf 81' lang='lat' dir='ltr'><strong>illam</strong></span> <span class='ocrx_word' id='word_1_74' title='bbox 1282 1195 1386 1235; x_wconf 90' lang='lat' dir='ltr'><strong>non</strong></span> <span class='ocrx_word' id='word_1_75' title='bbox 1421 1191 1569 1236; x_wconf 87' lang='lat' dir='ltr'><strong>recte</strong></span> <span class='ocrx_word' id='word_1_76' title='bbox 1617 1181 1913 1253; x_wconf 77' lang='lat' dir='ltr'><strong>intelligere</strong></span> <span class='ocrx_word' id='word_1_77' title='bbox 1949 1198 2063 1238; x_wconf 85' lang='lat' dir='ltr'><strong>ser-</strong></span> 
     </span>
    </p>
   </div>
   <div class='ocr_carea' id='block_1_14' title="bbox 497 1272 2087 1357">
    <p class='ocr_par' dir='ltr' id='par_1_14' title="bbox 497 1272 2087 1357">
     <span class='ocr_line' id='line_1_14' title="bbox 497 1272 2087 1357; baseline 0.004 -37"><span class='ocrx_word' id='word_1_78' title='bbox 497 1286 707 1323; x_wconf 81' lang='lat' dir='ltr'><strong>monem</strong></span> <span class='ocrx_word' id='word_1_79' title='bbox 734 1272 801 1325; x_wconf 88' lang='lat' dir='ltr'><strong>de</strong></span> <span class='ocrx_word' id='word_1_80' title='bbox 824 1281 1028 1339; x_wconf 77' lang='lat' dir='ltr'><strong>scptem</strong></span> <span class='ocrx_word' id='word_1_81' title='bbox 1057 1272 1299 1328; x_wconf 90' lang='lat' dir='ltr'><strong>diaconis</strong></span> <span class='ocrx_word' id='word_1_82' title='bbox 1332 1272 1386 1326; x_wconf 92' lang='lat' dir='ltr'><strong>in</strong></span> <span class='ocrx_word' id='word_1_83' title='bbox 1431 1273 1661 1327; x_wconf 84' lang='lat' dir='ltr'><strong>Actuum</strong></span> <span class='ocrx_word' id='word_1_84' title='bbox 1720 1274 1857 1329; x_wconf 87' lang='lat' dir='ltr'><strong>libro</strong></span> <span class='ocrx_word' id='word_1_85' title='bbox 1908 1276 2087 1357; x_wconf 20' lang='grc' dir='ltr'><strong>νοεῖ-κ</strong></span> 
     </span>
    </p>
   </div>
   <div class='ocr_carea' id='block_1_15' title="bbox 497 1362 2059 1435">
    <p class='ocr_par' dir='ltr' id='par_1_15' title="bbox 497 1362 2059 1435">
     <span class='ocr_line' id='line_1_15' title="bbox 497 1362 2059 1435; baseline 0.005 -21"><span class='ocrx_word' id='word_1_86' title='bbox 497 1373 630 1416; x_wconf 82' lang='grc' dir='ltr'>ιιιιη.</span> <span class='ocrx_word' id='word_1_87' title='bbox 666 1362 778 1417; x_wconf 79' lang='lat' dir='ltr'><strong>Non</strong></span> <span class='ocrx_word' id='word_1_88' title='bbox 818 1365 959 1419; x_wconf 90' lang='lat' dir='ltr'><strong>enim</strong></span> <span class='ocrx_word' id='word_1_89' title='bbox 986 1364 1049 1417; x_wconf 87' lang='lat' dir='ltr'><strong>de</strong></span> <span class='ocrx_word' id='word_1_90' title='bbox 1098 1364 1431 1428; x_wconf 83' lang='lat' dir='ltr'><strong>hominibus.</strong></span> <span class='ocrx_word' id='word_1_91' title='bbox 1476 1364 1673 1434; x_wconf 81' lang='lat' dir='ltr'><strong>inquit,</strong></span> <span class='ocrx_word' id='word_1_92' title='bbox 1730 1367 1818 1435; x_wconf 90' lang='lat' dir='ltr'><strong>qui</strong></span> <span class='ocrx_word' id='word_1_93' title='bbox 1847 1366 2059 1422; x_wconf 75' lang='lat' dir='ltr'><strong>idivinis</strong></span> 
     </span>
    </p>
   </div>
   <div class='ocr_carea' id='block_1_16' title="bbox 470 1454 2055 1527">
    <p class='ocr_par' dir='ltr' id='par_1_16' title="bbox 470 1454 2055 1527">
     <span class='ocr_line' id='line_1_16' title="bbox 470 1454 2055 1527; baseline 0.008 -25"><span class='ocrx_word' id='word_1_94' title='bbox 470 1454 798 1509; x_wconf 77' lang='lat' dir='ltr'><strong>-rninistr:mt</strong></span> <span class='ocrx_word' id='word_1_95' title='bbox 837 1456 1109 1526; x_wconf 74' lang='lat' dir='ltr'><strong>mysteriis</strong></span> <span class='ocrx_word' id='word_1_96' title='bbox 1150 1455 1478 1527; x_wconf 79' lang='lat' dir='ltr'><strong>intelligendi</strong></span> <span class='ocrx_word' id='word_1_97' title='bbox 1506 1466 1632 1512; x_wconf 88' lang='lat' dir='ltr'><strong>sunt</strong></span> <span class='ocrx_word' id='word_1_98' title='bbox 1665 1459 1917 1527; x_wconf 85' lang='lat' dir='ltr'><strong>apostoli,</strong></span> <span class='ocrx_word' id='word_1_99' title='bbox 1962 1460 2055 1515; x_wconf 89' lang='lat' dir='ltr'><strong>sed</strong></span> 
     </span>
    </p>
   </div>
   <div class='ocr_carea' id='block_1_17' title="bbox 490 1534 2058 1618">
    <p class='ocr_par' dir='ltr' id='par_1_17' title="bbox 490 1534 2058 1618">
     <span class='ocr_line' id='line_1_17' title="bbox 490 1534 2058 1618; baseline 0.007 -25"><span class='ocrx_word' id='word_1_100' title='bbox 490 1541 557 1594; x_wconf 87' lang='lat' dir='ltr'><strong>de</strong></span> <span class='ocrx_word' id='word_1_101' title='bbox 582 1543 647 1595; x_wconf 90' lang='lat' dir='ltr'><strong>iis</strong></span> <span class='ocrx_word' id='word_1_102' title='bbox 677 1546 766 1611; x_wconf 93' lang='lat' dir='ltr'><strong>qui</strong></span> <span class='ocrx_word' id='word_1_103' title='bbox 788 1546 855 1600; x_wconf 14' lang='lat' dir='ltr'><strong>diu</strong></span> <span class='ocrx_word' id='word_1_104' title='bbox 889 1534 1092 1599; x_wconf 80' lang='lat' dir='ltr'><strong>mensis</strong></span> <span class='ocrx_word' id='word_1_105' title='bbox 1125 1546 1513 1614; x_wconf 88' lang='lat' dir='ltr'><strong>subserviunt;</strong></span> <span class='ocrx_word' id='word_1_106' title='bbox 1568 1556 1624 1609; x_wconf 79' lang='lat' dir='ltr'><strong>et</strong></span> <span class='ocrx_word' id='word_1_107' title='bbox 1677 1550 1875 1618; x_wconf 88' lang='lat' dir='ltr'><strong>quibus</strong></span> <span class='ocrx_word' id='word_1_108' title='bbox 1927 1563 2058 1605; x_wconf 80' lang='lat' dir='ltr'><strong>con-</strong></span> 
     </span>
    </p>
   </div>
   <div class='ocr_carea' id='block_1_18' title="bbox 491 1633 2053 1708">
    <p class='ocr_par' dir='ltr' id='par_1_18' title="bbox 491 1633 2053 1708">
     <span class='ocr_line' id='line_1_18' title="bbox 491 1633 2053 1708; baseline 0.008 -23"><span class='ocrx_word' id='word_1_109' title='bbox 491 1633 693 1689; x_wconf 86' lang='lat' dir='ltr'><strong>credita</strong></span> <span class='ocrx_word' id='word_1_110' title='bbox 721 1638 1160 1703; x_wconf 79' lang='lat' dir='ltr'><strong>estdispeusatio</strong></span> <span class='ocrx_word' id='word_1_111' title='bbox 1186 1653 1398 1702; x_wconf 87' lang='lat' dir='ltr'><strong>eorum,</strong></span> <span class='ocrx_word' id='word_1_112' title='bbox 1444 1654 1563 1708; x_wconf 69' lang='lat' dir='ltr'><strong>quae</strong></span> <span class='ocrx_word' id='word_1_113' title='bbox 1612 1642 1886 1695; x_wconf 91' lang='lat' dir='ltr'><strong>communi</strong></span> <span class='ocrx_word' id='word_1_114' title='bbox 1934 1642 2053 1698; x_wconf 91' lang='lat' dir='ltr'><strong>usui</strong></span> 
     </span>
    </p>
   </div>
   <div class='ocr_carea' id='block_1_19' title="bbox 494 1727 2056 1801">
    <p class='ocr_par' dir='ltr' id='par_1_19' title="bbox 494 1727 2056 1801">
     <span class='ocr_line' id='line_1_19' title="bbox 494 1727 2056 1801; baseline 0.009 -25"><span class='ocrx_word' id='word_1_115' title='bbox 494 1736 621 1780; x_wconf 90' lang='lat' dir='ltr'><strong>tunc</strong></span> <span class='ocrx_word' id='word_1_116' title='bbox 647 1727 870 1783; x_wconf 71' lang='lat' dir='ltr'><strong>collecta</strong></span> <span class='ocrx_word' id='word_1_117' title='bbox 896 1729 1442 1801; x_wconf 59' lang='lat' dir='ltr'><strong>{nemon-Propterea</strong></span> <span class='ocrx_word' id='word_1_118' title='bbox 1466 1732 1533 1786; x_wconf 88' lang='lat' dir='ltr'><strong>ab</strong></span> <span class='ocrx_word' id='word_1_119' title='bbox 1557 1733 1799 1788; x_wconf 87' lang='lat' dir='ltr'><strong>ecclesiis</strong></span> <span class='ocrx_word' id='word_1_120' title='bbox 1815 1749 1918 1787; x_wconf 85' lang='lat' dir='ltr'><strong>non</strong></span> <span class='ocrx_word' id='word_1_121' title='bbox 1939 1736 2056 1790; x_wconf 80' lang='lat' dir='ltr'><strong>exi-</strong></span> 
     </span>
    </p>
   </div>
   <div class='ocr_carea' id='block_1_20' title="bbox 490 1819 2053 1893">
    <p class='ocr_par' dir='ltr' id='par_1_20' title="bbox 490 1819 2053 1893">
     <span class='ocr_line' id='line_1_20' title="bbox 490 1819 2053 1893; baseline 0.008 -26"><span class='ocrx_word' id='word_1_122' title='bbox 490 1826 643 1878; x_wconf 73' lang='lat' dir='ltr'><strong>getur</strong></span> <span class='ocrx_word' id='word_1_123' title='bbox 682 1819 976 1872; x_wconf 86' lang='lat' dir='ltr'><strong>secundum</strong></span> <span class='ocrx_word' id='word_1_124' title='bbox 1010 1820 1157 1872; x_wconf 91' lang='lat' dir='ltr'><strong>illum</strong></span> <span class='ocrx_word' id='word_1_125' title='bbox 1200 1835 1485 1886; x_wconf 85' lang='lat' dir='ltr'><strong>canonem,</strong></span> <span class='ocrx_word' id='word_1_126' title='bbox 1516 1832 1575 1877; x_wconf 88' lang='lat' dir='ltr'><strong>ut</strong></span> <span class='ocrx_word' id='word_1_127' title='bbox 1607 1824 1829 1892; x_wconf 70' lang='lat' dir='ltr'><strong>singula:</strong></span> <span class='ocrx_word' id='word_1_128' title='bbox 1850 1833 2053 1893; x_wconf 87' lang='lat' dir='ltr'><strong>septem</strong></span> 
     </span>
    </p>
   </div>
   <div class='ocr_carea' id='block_1_21' title="bbox 492 1902 2043 1983">
    <p class='ocr_par' dir='ltr' id='par_1_21' title="bbox 492 1902 2043 1983">
     <span class='ocr_line' id='line_1_21' title="bbox 492 1902 2043 1983; baseline 0.008 -28"><span class='ocrx_word' id='word_1_129' title='bbox 492 1902 721 1958; x_wconf 81' lang='lat' dir='ltr'><strong>habeant</strong></span> <span class='ocrx_word' id='word_1_130' title='bbox 752 1907 1006 1964; x_wconf 78' lang='lat' dir='ltr'><strong>diaconos</strong></span> <span class='ocrx_word' id='word_1_131' title='bbox 1034 1912 1098 1962; x_wconf 83' lang='lat' dir='ltr'><strong>ad</strong></span> <span class='ocrx_word' id='word_1_132' title='bbox 1148 1908 1451 1964; x_wconf 84' lang='lat' dir='ltr'><strong>divinorum</strong></span> <span class='ocrx_word' id='word_1_133' title='bbox 1508 1916 1888 1983; x_wconf 86' lang='lat' dir='ltr'><strong>mysteriorum</strong></span> <span class='ocrx_word' id='word_1_134' title='bbox 1941 1917 2043 1968; x_wconf 90' lang='lat' dir='ltr'><strong>mi-</strong></span> 
     </span>
    </p>
   </div>
   <div class='ocr_carea' id='block_1_22' title="bbox 490 1994 2057 2070">
    <p class='ocr_par' dir='ltr' id='par_1_22' title="bbox 490 1994 2057 2070">
     <span class='ocr_line' id='line_1_22' title="bbox 490 1994 2057 2070; baseline 0.01 -24"><span class='ocrx_word' id='word_1_135' title='bbox 490 1994 797 2051; x_wconf 62' lang='lat' dir='ltr'><strong>nisterium.</strong></span> <span class='ocrx_word' id='word_1_136' title='bbox 824 1997 927 2051; x_wconf 84' lang='lat' dir='ltr'><strong>Sed</strong></span> <span class='ocrx_word' id='word_1_137' title='bbox 950 2013 1195 2067; x_wconf 78' lang='lat' dir='ltr'><strong>quaeque,</strong></span> <span class='ocrx_word' id='word_1_138' title='bbox 1235 2002 1531 2056; x_wconf 89' lang='lat' dir='ltr'><strong>secundum</strong></span> <span class='ocrx_word' id='word_1_139' title='bbox 1573 2004 1780 2061; x_wconf 87' lang='lat' dir='ltr'><strong>reditus</strong></span> <span class='ocrx_word' id='word_1_140' title='bbox 1818 2020 1967 2070; x_wconf 88' lang='lat' dir='ltr'><strong>suos,</strong></span> <span class='ocrx_word' id='word_1_141' title='bbox 2001 2017 2057 2062; x_wconf 89' lang='lat' dir='ltr'><strong>et</strong></span> 
     </span>
    </p>
   </div>
   <div class='ocr_carea' id='block_1_23' title="bbox 373 2087 2056 2165">
    <p class='ocr_par' dir='ltr' id='par_1_23' title="bbox 373 2087 2056 2165">
     <span class='ocr_line' id='line_1_23' title="bbox 373 2087 2056 2165; baseline 0.012 -32"><span class='ocrx_word' id='word_1_142' title='bbox 373 2114 381 2125; x_wconf 70' lang='grc' dir='ltr'><strong>ι</strong></span> <span class='ocrx_word' id='word_1_143' title='bbox 490 2087 926 2151; x_wconf 69' lang='lat' dir='ltr'><strong>presbyterorum</strong></span> <span class='ocrx_word' id='word_1_144' title='bbox 960 2100 1012 2144; x_wconf 92' lang='lat' dir='ltr'><strong>et</strong></span> <span class='ocrx_word' id='word_1_145' title='bbox 1035 2090 1385 2147; x_wconf 86' lang='lat' dir='ltr'><strong>diaconorum</strong></span> <span class='ocrx_word' id='word_1_146' title='bbox 1429 2104 1484 2149; x_wconf 93' lang='lat' dir='ltr'><strong>et</strong></span> <span class='ocrx_word' id='word_1_147' title='bbox 1527 2095 1857 2165; x_wconf 82' lang='lat' dir='ltr'><strong>reliquorum</strong></span> <span class='ocrx_word' id='word_1_148' title='bbox 1894 2098 2056 2153; x_wconf 88' lang='lat' dir='ltr'><strong>cleri-</strong></span> 
     </span>
    </p>
   </div>
   <div class='ocr_carea' id='block_1_24' title="bbox 489 2183 1250 2246">
    <p class='ocr_par' dir='ltr' id='par_1_24' title="bbox 489 2183 1250 2246">
     <span class='ocr_line' id='line_1_24' title="bbox 489 2183 1250 2246; baseline 0.013 -17"><span class='ocrx_word' id='word_1_149' title='bbox 489 2192 672 2232; x_wconf 76' lang='lat' dir='ltr'><strong>corum</strong></span> <span class='ocrx_word' id='word_1_150' title='bbox 698 2196 980 2235; x_wconf 83' lang='lat' dir='ltr'><strong>numerum</strong></span> <span class='ocrx_word' id='word_1_151' title='bbox 1013 2183 1250 2246; x_wconf 72' lang='lat' dir='ltr'><strong>habebit,</strong></span> 
     </span>
    </p>
   </div>
   <div class='ocr_carea' id='block_1_25' title="bbox 965 2454 1585 2526">
    <p class='ocr_par' dir='ltr' id='par_1_25' title="bbox 965 2454 1585 2526">
     <span class='ocr_line' id='line_1_25' title="bbox 965 2454 1585 2526; baseline 0.01 -18"><span class='ocrx_word' id='word_1_152' title='bbox 965 2454 1125 2526; x_wconf 75' lang='lat'><strong>176</strong></span> <span class='ocrx_word' id='word_1_153' title='bbox 1160 2455 1388 2512; x_wconf 83' lang='lat' dir='ltr'><strong>CANON</strong></span> <span class='ocrx_word' id='word_1_154' title='bbox 1422 2457 1585 2513; x_wconf 81' lang='lat' dir='ltr'><strong>xvn.</strong></span> 
     </span>
    </p>
   </div>
   <div class='ocr_carea' id='block_1_26' title="bbox 494 2537 2051 2622">
    <p class='ocr_par' dir='ltr' id='par_1_26' title="bbox 494 2537 2051 2622">
     <span class='ocr_line' id='line_1_26' title="bbox 494 2537 2051 2622; baseline 0.013 -35"><span class='ocrx_word' id='word_1_155' title='bbox 494 2556 513 2587; x_wconf 78' lang='grc' dir='ltr'><strong>ι</strong></span> <span class='ocrx_word' id='word_1_156' title='bbox 555 2537 817 2605; x_wconf 86' lang='lat' dir='ltr'><strong>Quoniam</strong></span> <span class='ocrx_word' id='word_1_157' title='bbox 878 2544 1211 2599; x_wconf 75' lang='lat' dir='ltr'><strong>diversarum</strong></span> <span class='ocrx_word' id='word_1_158' title='bbox 1228 2604 1246 2617; x_wconf 15' lang='grc' dir='ltr'><strong>ξ,</strong></span> <span class='ocrx_word' id='word_1_159' title='bbox 1272 2548 1625 2603; x_wconf 80' lang='lat' dir='ltr'><strong>ecclesiarum</strong></span> <span class='ocrx_word' id='word_1_160' title='bbox 1676 2551 1884 2613; x_wconf 86' lang='lat' dir='ltr'><strong>clerici.</strong></span> <span class='ocrx_word' id='word_1_161' title='bbox 1925 2569 2051 2622; x_wconf 91' lang='lat' dir='ltr'><strong>pro-</strong></span> 
     </span>
    </p>
   </div>
   <div class='ocr_carea' id='block_1_27' title="bbox 562 2632 2049 2709">
    <p class='ocr_par' dir='ltr' id='par_1_27' title="bbox 562 2632 2049 2709">
     <span class='ocr_line' id='line_1_27' title="bbox 562 2632 2049 2709; baseline 0.012 -28"><span class='ocrx_word' id='word_1_162' title='bbox 562 2648 580 2681; x_wconf 82' lang='grc' dir='ltr'><strong>ι</strong></span> <span class='ocrx_word' id='word_1_163' title='bbox 622 2632 776 2700; x_wconf 88' lang='lat' dir='ltr'><strong>priis,</strong></span> <span class='ocrx_word' id='word_1_164' title='bbox 814 2633 863 2685; x_wconf 92' lang='lat' dir='ltr'><strong>in</strong></span> <span class='ocrx_word' id='word_1_165' title='bbox 891 2634 1088 2701; x_wconf 84' lang='lat' dir='ltr'><strong>quibus</strong></span> <span class='ocrx_word' id='word_1_166' title='bbox 1121 2638 1518 2702; x_wconf 85' lang='lat' dir='ltr'><strong>suntordinati,</strong></span> <span class='ocrx_word' id='word_1_167' title='bbox 1548 2640 1751 2695; x_wconf 86' lang='lat' dir='ltr'><strong>relictis</strong></span> <span class='ocrx_word' id='word_1_168' title='bbox 1782 2642 2049 2709; x_wconf 87' lang='lat' dir='ltr'><strong>ecclesiis,</strong></span> 
     </span>
    </p>
   </div>
   <div class='ocr_carea' id='block_1_28' title="bbox 567 2724 2052 2799">
    <p class='ocr_par' dir='ltr' id='par_1_28' title="bbox 567 2724 2052 2799">
     <span class='ocr_line' id='line_1_28' title="bbox 567 2724 2052 2799; baseline 0.014 -26"><span class='ocrx_word' id='word_1_169' title='bbox 567 2743 583 2773; x_wconf 79' lang='grc' dir='ltr'><strong>ι</strong></span> <span class='ocrx_word' id='word_1_170' title='bbox 620 2724 685 2777; x_wconf 91' lang='lat' dir='ltr'><strong>ad</strong></span> <span class='ocrx_word' id='word_1_171' title='bbox 744 2724 881 2779; x_wconf 83' lang='lat' dir='ltr'><strong>alios</strong></span> <span class='ocrx_word' id='word_1_172' title='bbox 944 2728 1227 2797; x_wconf 78' lang='lat' dir='ltr'><strong>episcopos</strong></span> <span class='ocrx_word' id='word_1_173' title='bbox 1288 2745 1346 2785; x_wconf 88' lang='lat' dir='ltr'><strong>se</strong></span> <span class='ocrx_word' id='word_1_174' title='bbox 1405 2733 1773 2799; x_wconf 88' lang='lat' dir='ltr'><strong>contulerunt,</strong></span> <span class='ocrx_word' id='word_1_175' title='bbox 1831 2744 1885 2790; x_wconf 89' lang='lat' dir='ltr'><strong>et</strong></span> <span class='ocrx_word' id='word_1_176' title='bbox 1936 2738 2052 2794; x_wconf 79' lang='lat' dir='ltr'><strong>sine</strong></span> 
     </span>
    </p>
   </div>
   <div class='ocr_carea' id='block_1_29' title="bbox 462 2808 2053 2902">
    <p class='ocr_par' dir='ltr' id='par_1_29' title="bbox 462 2808 2053 2902">
     <span class='ocr_line' id='line_1_29' title="bbox 462 2808 2053 2902; baseline 0.014 -38"><span class='ocrx_word' id='word_1_177' title='bbox 462 2886 469 2893; x_wconf 26' lang='grc' dir='ltr'><strong>θ</strong></span> <span class='ocrx_word' id='word_1_178' title='bbox 563 2832 580 2865; x_wconf 87' lang='grc' dir='ltr'><strong>ι</strong></span> <span class='ocrx_word' id='word_1_179' title='bbox 614 2817 815 2883; x_wconf 84' lang='lat' dir='ltr'><strong>proprii</strong></span> <span class='ocrx_word' id='word_1_180' title='bbox 848 2820 1084 2888; x_wconf 81' lang='lat' dir='ltr'><strong>episcopi</strong></span> <span class='ocrx_word' id='word_1_181' title='bbox 1117 2823 1386 2877; x_wconf 84' lang='lat' dir='ltr'><strong>sententia</strong></span> <span class='ocrx_word' id='word_1_182' title='bbox 1444 2824 1496 2877; x_wconf 91' lang='lat' dir='ltr'><strong>iu</strong></span> <span class='ocrx_word' id='word_1_183' title='bbox 1559 2808 1755 2902; x_wconf 83' lang='lat' dir='ltr'><strong>alienis</strong></span> <span class='ocrx_word' id='word_1_184' title='bbox 1805 2828 2053 2886; x_wconf 87' lang='lat' dir='ltr'><strong>ecclesiis</strong></span> 
     </span>
    </p>
   </div>
   <div class='ocr_carea' id='block_1_30' title="bbox 569 2911 2052 2985">
    <p class='ocr_par' dir='ltr' id='par_1_30' title="bbox 569 2911 2052 2985">
     <span class='ocr_line' id='line_1_30' title="bbox 569 2911 2052 2985; baseline 0.013 -27"><span class='ocrx_word' id='word_1_185' title='bbox 569 2926 587 2958; x_wconf 79' lang='grc' dir='ltr'><strong>ι</strong></span> <span class='ocrx_word' id='word_1_186' title='bbox 628 2911 906 2966; x_wconf 72' lang='grc' dir='ltr'>οοιιςιίιιιιί</span> <span class='ocrx_word' id='word_1_187' title='bbox 939 2922 1085 2977; x_wconf 86' lang='lat' dir='ltr'><strong>sunt,</strong></span> <span class='ocrx_word' id='word_1_188' title='bbox 1112 2924 1169 2967; x_wconf 84' lang='lat' dir='ltr'><strong>et</strong></span> <span class='ocrx_word' id='word_1_189' title='bbox 1195 2929 1261 2969; x_wconf 76' lang='lat' dir='ltr'><strong>ex</strong></span> <span class='ocrx_word' id='word_1_190' title='bbox 1288 2930 1352 2970; x_wconf 90' lang='lat' dir='ltr'><strong>eo</strong></span> <span class='ocrx_word' id='word_1_191' title='bbox 1394 2918 1538 2985; x_wconf 85' lang='lat' dir='ltr'><strong>ipsos</strong></span> <span class='ocrx_word' id='word_1_192' title='bbox 1587 2919 1737 2973; x_wconf 90' lang='lat' dir='ltr'><strong>reddi</strong></span> <span class='ocrx_word' id='word_1_193' title='bbox 1760 2920 2052 2978; x_wconf 80' lang='lat' dir='ltr'><strong>insolentes</strong></span> 
     </span>
    </p>
   </div>
   <div class='ocr_carea' id='block_1_31' title="bbox 560 3004 2049 3078">
    <p class='ocr_par' dir='ltr' id='par_1_31' title="bbox 560 3004 2049 3078">
     <span class='ocr_line' id='line_1_31' title="bbox 560 3004 2049 3078; baseline 0.011 -26"><span class='ocrx_word' id='word_1_194' title='bbox 560 3017 582 3052; x_wconf 79' lang='grc' dir='ltr'><strong>ι</strong></span> <span class='ocrx_word' id='word_1_195' title='bbox 617 3004 800 3056; x_wconf 80' lang='lat' dir='ltr'><strong>evenit</strong></span> <span class='ocrx_word' id='word_1_196' title='bbox 832 3021 845 3055; x_wconf 88' lang='lat'><strong>:</strong></span> <span class='ocrx_word' id='word_1_197' title='bbox 878 3007 1184 3063; x_wconf 82' lang='lat' dir='ltr'><strong>statuimus.</strong></span> <span class='ocrx_word' id='word_1_198' title='bbox 1221 3018 1278 3061; x_wconf 89' lang='lat' dir='ltr'><strong>ut</strong></span> <span class='ocrx_word' id='word_1_199' title='bbox 1317 3024 1345 3061; x_wconf 90' lang='lat' dir='ltr'><strong>a</strong></span> <span class='ocrx_word' id='word_1_200' title='bbox 1379 3011 1629 3078; x_wconf 61' lang='lat' dir='ltr'><strong>praesenti</strong></span> <span class='ocrx_word' id='word_1_201' title='bbox 1660 3027 1845 3067; x_wconf 90' lang='lat' dir='ltr'><strong>mense</strong></span> <span class='ocrx_word' id='word_1_202' title='bbox 1876 3012 2049 3068; x_wconf 79' lang='lat' dir='ltr'><strong>Janu-</strong></span> 
     </span>
    </p>
   </div>
   <div class='ocr_carea' id='block_1_32' title="bbox 556 3097 2121 3193">
    <p class='ocr_par' dir='ltr' id='par_1_32' title="bbox 556 3097 2121 3193">
     <span class='ocr_line' id='line_1_32' title="bbox 556 3097 2121 3193; baseline 0.009 -47"><span class='ocrx_word' id='word_1_203' title='bbox 556 3110 578 3141; x_wconf 72' lang='grc' dir='ltr'><strong>ο</strong></span> <span class='ocrx_word' id='word_1_204' title='bbox 613 3097 726 3147; x_wconf 85' lang='lat' dir='ltr'><strong>ario</strong></span> <span class='ocrx_word' id='word_1_205' title='bbox 752 3098 1036 3163; x_wconf 67' lang='lat' dir='ltr'><strong>prtnteritte</strong></span> <span class='ocrx_word' id='word_1_206' title='bbox 1064 3110 1271 3167; x_wconf 63' lang='lat' dir='ltr'><strong>quarta:</strong></span> <span class='ocrx_word' id='word_1_207' title='bbox 1324 3100 1651 3167; x_wconf 84' lang='lat' dir='ltr'><strong>indictionis,</strong></span> <span class='ocrx_word' id='word_1_208' title='bbox 1698 3103 1879 3161; x_wconf 89' lang='lat' dir='ltr'><strong>nullus</strong></span> <span class='ocrx_word' id='word_1_209' title='bbox 1931 3122 2050 3159; x_wconf 82' lang='lat' dir='ltr'><strong>om-</strong></span> <span class='ocrx_word' id='word_1_210' title='bbox 2076 3130 2121 3193; x_wconf 70' lang='grc' dir='ltr'><strong>ρ</strong></span> 
     </span>
    </p>
   </div>
   <div class='ocr_carea' id='block_1_33' title="bbox 557 3185 2049 3268">
    <p class='ocr_par' dir='ltr' id='par_1_33' title="bbox 557 3185 2049 3268">
     <span class='ocr_line' id='line_1_33' title="bbox 557 3185 2049 3268; baseline 0.01 -31"><span class='ocrx_word' id='word_1_211' title='bbox 557 3203 578 3237; x_wconf 82' lang='grc' dir='ltr'><strong>ι</strong></span> <span class='ocrx_word' id='word_1_212' title='bbox 617 3185 744 3241; x_wconf 89' lang='lat' dir='ltr'><strong>nino</strong></span> <span class='ocrx_word' id='word_1_213' title='bbox 771 3188 1017 3253; x_wconf 81' lang='lat' dir='ltr'><strong>clericus,</strong></span> <span class='ocrx_word' id='word_1_214' title='bbox 1057 3191 1111 3244; x_wconf 89' lang='lat' dir='ltr'><strong>in</strong></span> <span class='ocrx_word' id='word_1_215' title='bbox 1142 3207 1464 3263; x_wconf 89' lang='lat' dir='ltr'><strong>quocunque</strong></span> <span class='ocrx_word' id='word_1_216' title='bbox 1511 3196 1580 3250; x_wconf 85' lang='lat' dir='ltr'><strong>sit</strong></span> <span class='ocrx_word' id='word_1_217' title='bbox 1613 3197 1781 3267; x_wconf 74' lang='lat' dir='ltr'><strong>gradu</strong></span> <span class='ocrx_word' id='word_1_218' title='bbox 1811 3208 2049 3268; x_wconf 67' lang='lat' dir='ltr'><strong>potesta-</strong></span> 
     </span>
    </p>
   </div>
   <div class='ocr_carea' id='block_1_34' title="bbox 560 3280 2047 3361">
    <p class='ocr_par' dir='ltr' id='par_1_34' title="bbox 560 3280 2047 3361">
     <span class='ocr_line' id='line_1_34' title="bbox 560 3280 2047 3361; baseline 0.011 -31"><span class='ocrx_word' id='word_1_219' title='bbox 560 3296 581 3328; x_wconf 75' lang='grc' dir='ltr'><strong>ι</strong></span> <span class='ocrx_word' id='word_1_220' title='bbox 625 3287 730 3333; x_wconf 91' lang='lat' dir='ltr'><strong>tem</strong></span> <span class='ocrx_word' id='word_1_221' title='bbox 792 3280 986 3336; x_wconf 87' lang='lat' dir='ltr'><strong>habeat</strong></span> <span class='ocrx_word' id='word_1_222' title='bbox 1061 3282 1179 3338; x_wconf 85' lang='lat' dir='ltr'><strong>sine</strong></span> <span class='ocrx_word' id='word_1_223' title='bbox 1265 3288 1465 3355; x_wconf 87' lang='lat' dir='ltr'><strong>proprii</strong></span> <span class='ocrx_word' id='word_1_224' title='bbox 1547 3292 1782 3360; x_wconf 79' lang='lat' dir='ltr'><strong>cpiscOpi</strong></span> <span class='ocrx_word' id='word_1_225' title='bbox 1847 3292 2047 3361; x_wconf 83' lang='lat' dir='ltr'><strong>scripta</strong></span> 
     </span>
    </p>
   </div>
   <div class='ocr_carea' id='block_1_35' title="bbox 559 3370 2044 3454">
    <p class='ocr_par' dir='ltr' id='par_1_35' title="bbox 559 3370 2044 3454">
     <span class='ocr_line' id='line_1_35' title="bbox 559 3370 2044 3454; baseline 0.011 -33"><span class='ocrx_word' id='word_1_226' title='bbox 559 3386 579 3419; x_wconf 78' lang='grc' dir='ltr'><strong>ι</strong></span> <span class='ocrx_word' id='word_1_227' title='bbox 623 3370 922 3424; x_wconf 88' lang='lat' dir='ltr'><strong>dimissoria</strong></span> <span class='ocrx_word' id='word_1_228' title='bbox 947 3374 1000 3428; x_wconf 91' lang='lat' dir='ltr'><strong>in</strong></span> <span class='ocrx_word' id='word_1_229' title='bbox 1031 3373 1218 3430; x_wconf 72' lang='lat' dir='ltr'><strong>aliena:</strong></span> <span class='ocrx_word' id='word_1_230' title='bbox 1241 3378 1486 3454; x_wconf 64' lang='lat' dir='ltr'><strong>ecclesia;</strong></span> <span class='ocrx_word' id='word_1_231' title='bbox 1506 3381 1806 3453; x_wconf 77' lang='lat' dir='ltr'><strong>catalogum</strong></span> <span class='ocrx_word' id='word_1_232' title='bbox 1833 3385 2044 3440; x_wconf 80' lang='lat' dir='ltr'><strong>referri.</strong></span> 
     </span>
    </p>
   </div>
   <div class='ocr_carea' id='block_1_36' title="bbox 562 3461 2044 3542">
    <p class='ocr_par' dir='ltr' id='par_1_36' title="bbox 562 3461 2044 3542">
     <span class='ocr_line' id='line_1_36' title="bbox 562 3461 2044 3542; baseline 0.012 -29"><span class='ocrx_word' id='word_1_233' title='bbox 562 3482 580 3513; x_wconf 86' lang='grc' dir='ltr'><strong>ι</strong></span> <span class='ocrx_word' id='word_1_234' title='bbox 620 3461 719 3526; x_wconf 87' lang='lat' dir='ltr'><strong>Qui</strong></span> <span class='ocrx_word' id='word_1_235' title='bbox 772 3464 915 3517; x_wconf 86' lang='lat' dir='ltr'><strong>enim</strong></span> <span class='ocrx_word' id='word_1_236' title='bbox 955 3481 982 3518; x_wconf 95' lang='lat' dir='ltr'><strong>a</strong></span> <span class='ocrx_word' id='word_1_237' title='bbox 1024 3469 1277 3535; x_wconf 76' lang='lat' dir='ltr'><strong>prtesenti</strong></span> <span class='ocrx_word' id='word_1_238' title='bbox 1328 3486 1473 3525; x_wconf 89' lang='lat' dir='ltr'><strong>nunc</strong></span> <span class='ocrx_word' id='word_1_239' title='bbox 1511 3481 1751 3542; x_wconf 89' lang='lat' dir='ltr'><strong>tempore</strong></span> <span class='ocrx_word' id='word_1_240' title='bbox 1794 3477 1896 3531; x_wconf 84' lang='lat' dir='ltr'><strong>huc</strong></span> <span class='ocrx_word' id='word_1_241' title='bbox 1940 3491 2044 3531; x_wconf 91' lang='lat' dir='ltr'><strong>non</strong></span> 
     </span>
    </p>
   </div>
   <div class='ocr_carea' id='block_1_37' title="bbox 565 3557 2043 3633">
    <p class='ocr_par' dir='ltr' id='par_1_37' title="bbox 565 3557 2043 3633">
     <span class='ocr_line' id='line_1_37' title="bbox 565 3557 2043 3633; baseline 0.014 -30"><span class='ocrx_word' id='word_1_242' title='bbox 565 3571 584 3603; x_wconf 79' lang='grc' dir='ltr'><strong>ι</strong></span> <span class='ocrx_word' id='word_1_243' title='bbox 622 3564 819 3617; x_wconf 83' lang='lat' dir='ltr'><strong>servat,</strong></span> <span class='ocrx_word' id='word_1_244' title='bbox 845 3557 936 3608; x_wconf 85' lang='lat' dir='ltr'><strong>scd</strong></span> <span class='ocrx_word' id='word_1_245' title='bbox 968 3561 1113 3625; x_wconf 89' lang='lat' dir='ltr'><strong>quod</strong></span> <span class='ocrx_word' id='word_1_246' title='bbox 1142 3560 1192 3613; x_wconf 91' lang='lat' dir='ltr'><strong>in</strong></span> <span class='ocrx_word' id='word_1_247' title='bbox 1235 3577 1295 3614; x_wconf 91' lang='lat' dir='ltr'><strong>se</strong></span> <span class='ocrx_word' id='word_1_248' title='bbox 1326 3572 1409 3616; x_wconf 81' lang='lat' dir='ltr'><strong>est</strong></span> <span class='ocrx_word' id='word_1_249' title='bbox 1433 3579 1579 3625; x_wconf 86' lang='lat' dir='ltr'><strong>eum,</strong></span> <span class='ocrx_word' id='word_1_250' title='bbox 1618 3567 1706 3633; x_wconf 90' lang='lat' dir='ltr'><strong>qui</strong></span> <span class='ocrx_word' id='word_1_251' title='bbox 1744 3568 1819 3621; x_wconf 90' lang='lat' dir='ltr'><strong>illi</strong></span> <span class='ocrx_word' id='word_1_252' title='bbox 1852 3584 2043 3624; x_wconf 86' lang='lat' dir='ltr'><strong>manus</strong></span> 
     </span>
    </p>
   </div>
   <div class='ocr_carea' id='block_1_38' title="bbox 561 3643 2043 3729">
    <p class='ocr_par' dir='ltr' id='par_1_38' title="bbox 561 3643 2043 3729">
     <span class='ocr_line' id='line_1_38' title="bbox 561 3643 2043 3729; baseline 0.016 -37"><span class='ocrx_word' id='word_1_253' title='bbox 561 3660 579 3692; x_wconf 75' lang='grc' dir='ltr'><strong>ι</strong></span> <span class='ocrx_word' id='word_1_254' title='bbox 626 3643 899 3712; x_wconf 89' lang='lat' dir='ltr'><strong>imposuit,</strong></span> <span class='ocrx_word' id='word_1_255' title='bbox 939 3646 1196 3703; x_wconf 87' lang='lat' dir='ltr'><strong>dedecore</strong></span> <span class='ocrx_word' id='word_1_256' title='bbox 1225 3649 1405 3718; x_wconf 81' lang='lat' dir='ltr'><strong>allicit,</strong></span> <span class='ocrx_word' id='word_1_257' title='bbox 1457 3653 1757 3721; x_wconf 87' lang='lat' dir='ltr'><strong>deponatur</strong></span> <span class='ocrx_word' id='word_1_258' title='bbox 1805 3667 1858 3712; x_wconf 86' lang='lat' dir='ltr'><strong>et</strong></span> <span class='ocrx_word' id='word_1_259' title='bbox 1887 3660 2043 3729; x_wconf 58' lang='lat' dir='ltr'><strong>vipse,</strong></span> 
     </span>
    </p>
   </div>
   <div class='ocr_carea' id='block_1_39' title="bbox 558 3736 1771 3818">
    <p class='ocr_par' dir='ltr' id='par_1_39' title="bbox 558 3736 1771 3818">
     <span class='ocr_line' id='line_1_39' title="bbox 558 3736 1771 3818; baseline 0.015 -33"><span class='ocrx_word' id='word_1_260' title='bbox 558 3755 575 3785; x_wconf 77' lang='grc' dir='ltr'>σ</span> <span class='ocrx_word' id='word_1_261' title='bbox 609 3745 662 3789; x_wconf 84' lang='lat' dir='ltr'><strong>et</strong></span> <span class='ocrx_word' id='word_1_262' title='bbox 687 3736 775 3805; x_wconf 88' lang='lat' dir='ltr'><strong>qui</strong></span> <span class='ocrx_word' id='word_1_263' title='bbox 806 3752 927 3791; x_wconf 88' lang='lat' dir='ltr'><strong>eum</strong></span> <span class='ocrx_word' id='word_1_264' title='bbox 965 3750 1157 3807; x_wconf 62' lang='lat' dir='ltr'><strong>prater</strong></span> <span class='ocrx_word' id='word_1_265' title='bbox 1191 3745 1447 3817; x_wconf 77' lang='lat' dir='ltr'><strong>rationem</strong></span> <span class='ocrx_word' id='word_1_266' title='bbox 1475 3749 1725 3818; x_wconf 85' lang='lat' dir='ltr'><strong>suscepit.</strong></span> <span class='ocrx_word' id='word_1_267' title='bbox 1752 3768 1771 3802; x_wconf 73' lang='grc' dir='ltr'><strong>ι</strong></span> 
     </span>
    </p>
   </div>
   <div class='ocr_carea' id='block_1_40' title="bbox 562 4000 2043 4086">
    <p class='ocr_par' dir='ltr' id='par_1_40' title="bbox 562 4000 2043 4086">
     <span class='ocr_line' id='line_1_40' title="bbox 562 4000 2043 4086; baseline 0.01 -31"><span class='ocrx_word' id='word_1_268' title='bbox 562 4000 760 4057; x_wconf 77' lang='lat' dir='ltr'><strong>BALS.</strong></span> <span class='ocrx_word' id='word_1_269' title='bbox 794 4002 998 4072; x_wconf 70' lang='lat' dir='ltr'><strong>Saepius</strong></span> <span class='ocrx_word' id='word_1_270' title='bbox 1032 4004 1284 4069; x_wconf 84' lang='lat' dir='ltr'><strong>diximus,</strong></span> <span class='ocrx_word' id='word_1_271' title='bbox 1321 4009 1461 4077; x_wconf 90' lang='lat' dir='ltr'><strong>quod</strong></span> <span class='ocrx_word' id='word_1_272' title='bbox 1515 4012 1657 4065; x_wconf 91' lang='lat' dir='ltr'><strong>omni</strong></span> <span class='ocrx_word' id='word_1_273' title='bbox 1705 4012 1923 4080; x_wconf 89' lang='lat' dir='ltr'><strong>clerico,</strong></span> <span class='ocrx_word' id='word_1_274' title='bbox 1955 4016 2043 4086; x_wconf 91' lang='lat' dir='ltr'><strong>qni</strong></span> 
     </span>
    </p>
   </div>
   <div class='ocr_carea' id='block_1_41' title="bbox 484 4094 2042 4174">
    <p class='ocr_par' dir='ltr' id='par_1_41' title="bbox 484 4094 2042 4174">
     <span class='ocr_line' id='line_1_41' title="bbox 484 4094 2042 4174; baseline 0.013 -30"><span class='ocrx_word' id='word_1_275' title='bbox 484 4094 611 4150; x_wconf 81' lang='lat' dir='ltr'><strong>foris</strong></span> <span class='ocrx_word' id='word_1_276' title='bbox 636 4095 911 4151; x_wconf 75' lang='lat' dir='ltr'><strong>ordinatus</strong></span> <span class='ocrx_word' id='word_1_277' title='bbox 936 4106 1034 4160; x_wconf 71' lang='lat' dir='ltr'><strong>est,</strong></span> <span class='ocrx_word' id='word_1_278' title='bbox 1069 4097 1202 4151; x_wconf 86' lang='lat' dir='ltr'><strong>duas</strong></span> <span class='ocrx_word' id='word_1_279' title='bbox 1231 4101 1523 4167; x_wconf 80' lang='lat' dir='ltr'><strong>scripturas</strong></span> <span class='ocrx_word' id='word_1_280' title='bbox 1564 4102 1762 4159; x_wconf 80' lang='lat' dir='ltr'><strong>afferre</strong></span> <span class='ocrx_word' id='word_1_281' title='bbox 1794 4123 1930 4174; x_wconf 85' lang='lat' dir='ltr'><strong>opus</strong></span> <span class='ocrx_word' id='word_1_282' title='bbox 1960 4117 2042 4164; x_wconf 86' lang='lat' dir='ltr'><strong>est</strong></span> 
     </span>
    </p>
   </div>
   <div class='ocr_carea' id='block_1_42' title="bbox 479 4185 2046 4255">
    <p class='ocr_par' dir='ltr' id='par_1_42' title="bbox 479 4185 2046 4255">
     <span class='ocr_line' id='line_1_42' title="bbox 479 4185 2046 4255; baseline 0.014 -22"><span class='ocrx_word' id='word_1_283' title='bbox 479 4185 595 4254; x_wconf 68' lang='lat' dir='ltr'><strong>c-jus</strong></span> <span class='ocrx_word' id='word_1_284' title='bbox 627 4187 715 4255; x_wconf 91' lang='lat' dir='ltr'><strong>qui</strong></span> <span class='ocrx_word' id='word_1_285' title='bbox 743 4203 862 4241; x_wconf 80' lang='lat' dir='ltr'><strong>cum</strong></span> <span class='ocrx_word' id='word_1_286' title='bbox 887 4188 1176 4249; x_wconf 86' lang='lat' dir='ltr'><strong>ordinavit.</strong></span> <span class='ocrx_word' id='word_1_287' title='bbox 1208 4194 1706 4249; x_wconf 73' lang='lat' dir='ltr'><strong>commendatitiam</strong></span> <span class='ocrx_word' id='word_1_288' title='bbox 1747 4198 1951 4254; x_wconf 79' lang='lat' dir='ltr'><strong>scilicet</strong></span> <span class='ocrx_word' id='word_1_289' title='bbox 1991 4209 2046 4255; x_wconf 85' lang='lat' dir='ltr'><strong>et</strong></span> 
     </span>
    </p>
   </div>
   <div class='ocr_carea' id='block_1_43' title="bbox 479 4278 2044 4359">
    <p class='ocr_par' dir='ltr' id='par_1_43' title="bbox 479 4278 2044 4359">
     <span class='ocr_line' id='line_1_43' title="bbox 479 4278 2044 4359; baseline 0.012 -31"><span class='ocrx_word' id='word_1_290' title='bbox 479 4278 860 4345; x_wconf 72' lang='lat' dir='ltr'><strong>dimissoriatu,</strong></span> <span class='ocrx_word' id='word_1_291' title='bbox 898 4292 954 4334; x_wconf 91' lang='lat' dir='ltr'><strong>ut</strong></span> <span class='ocrx_word' id='word_1_292' title='bbox 980 4282 1082 4335; x_wconf 14' lang='lat' dir='ltr'><strong>Villa</strong></span> <span class='ocrx_word' id='word_1_293' title='bbox 1116 4284 1327 4350; x_wconf 79' lang='lat' dir='ltr'><strong>quidem</strong></span> <span class='ocrx_word' id='word_1_294' title='bbox 1382 4293 1561 4339; x_wconf 77' lang='lat' dir='ltr'><strong>utatur</strong></span> <span class='ocrx_word' id='word_1_295' title='bbox 1612 4289 1676 4339; x_wconf 73' lang='lat' dir='ltr'><strong>at!</strong></span> <span class='ocrx_word' id='word_1_296' title='bbox 1724 4290 2044 4359; x_wconf 68' lang='lat' dir='ltr'><strong>comproba-</strong></span> 
     </span>
    </p>
   </div>
   <div class='ocr_carea' id='block_1_44' title="bbox 483 4366 2039 4448">
    <p class='ocr_par' dir='ltr' id='par_1_44' title="bbox 483 4366 2039 4448">
     <span class='ocr_line' id='line_1_44' title="bbox 483 4366 2039 4448; baseline 0.014 -35"><span class='ocrx_word' id='word_1_297' title='bbox 483 4366 681 4418; x_wconf 87' lang='lat' dir='ltr'><strong>tionem</strong></span> <span class='ocrx_word' id='word_1_298' title='bbox 718 4366 860 4420; x_wconf 88' lang='lat' dir='ltr'><strong>illius</strong></span> <span class='ocrx_word' id='word_1_299' title='bbox 895 4373 1089 4435; x_wconf 74' lang='lat' dir='ltr'><strong>gradus</strong></span> <span class='ocrx_word' id='word_1_300' title='bbox 1114 4372 1203 4436; x_wconf 85' lang='lat' dir='ltr'><strong>qui</strong></span> <span class='ocrx_word' id='word_1_301' title='bbox 1234 4374 1280 4425; x_wconf 90' lang='lat' dir='ltr'><strong>ei</strong></span> <span class='ocrx_word' id='word_1_302' title='bbox 1314 4375 1491 4430; x_wconf 87' lang='lat' dir='ltr'><strong>inesse</strong></span> <span class='ocrx_word' id='word_1_303' title='bbox 1525 4376 1873 4433; x_wconf 81' lang='lat' dir='ltr'><strong>diciturzlmc</strong></span> <span class='ocrx_word' id='word_1_304' title='bbox 1898 4396 2039 4448; x_wconf 89' lang='lat' dir='ltr'><strong>vero,</strong></span> 
     </span>
    </p>
   </div>
   <div class='ocr_carea' id='block_1_45' title="bbox 2245 535 3729 608">
    <p class='ocr_par' dir='ltr' id='par_1_45' title="bbox 2245 535 3729 608">
     <span class='ocr_line' id='line_1_45' title="bbox 2245 535 3729 608; baseline 0.003 -22"><span class='ocrx_word' id='word_1_305' title='bbox 2245 553 2264 586; x_wconf 76' lang='grc' dir='ltr'><strong>ι</strong></span> <span class='ocrx_word' id='word_1_306' title='bbox 2309 551 2397 588; x_wconf 88' lang='grc' dir='ltr'><strong>ναι</strong></span> <span class='ocrx_word' id='word_1_307' title='bbox 2433 537 2575 591; x_wconf 83' lang='grc' dir='ltr'>κατά</span> <span class='ocrx_word' id='word_1_308' title='bbox 2622 536 2681 591; x_wconf 87' lang='grc' dir='ltr'>τὸ</span> <span class='ocrx_word' id='word_1_309' title='bbox 2714 535 3005 608; x_wconf 73' lang='grc' dir='ltr'><strong>εἰρημένον</strong></span> <span class='ocrx_word' id='word_1_310' title='bbox 3041 538 3162 601; x_wconf 80' lang='grc' dir='ltr'>ταῖς</span> <span class='ocrx_word' id='word_1_311' title='bbox 3204 535 3509 607; x_wconf 81' lang='grc' dir='ltr'>Πράξεσιν,</span> <span class='ocrx_word' id='word_1_312' title='bbox 3546 537 3627 590; x_wconf 84' lang='grc' dir='ltr'>ὅτι</span> <span class='ocrx_word' id='word_1_313' title='bbox 3666 539 3729 591; x_wconf 77' lang='grc' dir='ltr'>οὐ</span> 
     </span>
    </p>
   </div>
   <div class='ocr_carea' id='block_1_46' title="bbox 2248 626 3726 701">
    <p class='ocr_par' dir='ltr' id='par_1_46' title="bbox 2248 626 3726 701">
     <span class='ocr_line' id='line_1_46' title="bbox 2248 626 3726 701; baseline 0.005 -23"><span class='ocrx_word' id='word_1_314' title='bbox 2248 644 2266 677; x_wconf 86' lang='grc' dir='ltr'><strong>ι</strong></span> <span class='ocrx_word' id='word_1_315' title='bbox 2318 628 2446 696; x_wconf 81' lang='grc' dir='ltr'>περὶ</span> <span class='ocrx_word' id='word_1_316' title='bbox 2495 628 2606 682; x_wconf 85' lang='grc' dir='ltr'><strong>τῶν</strong></span> <span class='ocrx_word' id='word_1_317' title='bbox 2638 629 2905 684; x_wconf 89' lang='grc' dir='ltr'>διακόνων</span> <span class='ocrx_word' id='word_1_318' title='bbox 2965 631 3079 695; x_wconf 84' lang='grc' dir='ltr'>τοῖς</span> <span class='ocrx_word' id='word_1_319' title='bbox 3113 629 3436 701; x_wconf 80' lang='grc' dir='ltr'><strong>μυστηρίοις</strong></span> <span class='ocrx_word' id='word_1_320' title='bbox 3470 632 3498 685; x_wconf 86' lang='grc' dir='ltr'><strong>ό</strong></span> <span class='ocrx_word' id='word_1_321' title='bbox 3541 626 3726 700; x_wconf 79' lang='grc' dir='ltr'>λόγος,</span> 
     </span>
    </p>
   </div>
   <div class='ocr_carea' id='block_1_47' title="bbox 2241 720 3614 795">
    <p class='ocr_par' dir='ltr' id='par_1_47' title="bbox 2241 720 3614 795">
     <span class='ocr_line' id='line_1_47' title="bbox 2241 720 3614 795; baseline 0.006 -25"><span class='ocrx_word' id='word_1_322' title='bbox 2241 736 2261 769; x_wconf 78' lang='grc' dir='ltr'><strong>ι</strong></span> <span class='ocrx_word' id='word_1_323' title='bbox 2309 720 2444 774; x_wconf 74' lang='grc' dir='ltr'>ἀλλὰ</span> <span class='ocrx_word' id='word_1_324' title='bbox 2474 720 2603 791; x_wconf 75' lang='grc' dir='ltr'>περὶ</span> <span class='ocrx_word' id='word_1_325' title='bbox 2632 721 2740 776; x_wconf 82' lang='grc' dir='ltr'>τῶν</span> <span class='ocrx_word' id='word_1_326' title='bbox 2768 722 3077 794; x_wconf 78' lang='grc' dir='ltr'><strong>τραπέζαις</strong></span> <span class='ocrx_word' id='word_1_327' title='bbox 3106 723 3557 795; x_wconf 76' lang='grc' dir='ltr'>ὑπηρετούντων.</span> <span class='ocrx_word' id='word_1_328' title='bbox 3594 742 3614 777; x_wconf 75' lang='grc' dir='ltr'><strong>ι</strong></span> 
     </span>
    </p>
   </div>
   <div class='ocr_carea' id='block_1_48' title="bbox 2247 810 3726 895">
    <p class='ocr_par' dir='ltr' id='par_1_48' title="bbox 2247 810 3726 895">
     <span class='ocr_line' id='line_1_48' title="bbox 2247 810 3726 895; baseline 0.005 -32"><span class='ocrx_word' id='word_1_329' title='bbox 2247 810 2307 863; x_wconf 84' lang='grc' dir='ltr'><strong>Ὀ</strong></span> <span class='ocrx_word' id='word_1_330' title='bbox 2338 814 2899 883; x_wconf 81' lang='grc' dir='ltr'>τεσσαρακαιδὲκατος</span> <span class='ocrx_word' id='word_1_331' title='bbox 2955 814 3134 871; x_wconf 87' lang='grc' dir='ltr'>κανὼν</span> <span class='ocrx_word' id='word_1_332' title='bbox 3170 816 3269 887; x_wconf 76' lang='grc' dir='ltr'>τῆς</span> <span class='ocrx_word' id='word_1_333' title='bbox 3323 818 3381 895; x_wconf 79' lang='grc' dir='ltr'><strong>ἐγ</strong></span> <span class='ocrx_word' id='word_1_334' title='bbox 3414 817 3726 871; x_wconf 82' lang='grc' dir='ltr'>Νεοκαισα-</span> 
     </span>
    </p>
   </div>
   <div class='ocr_carea' id='block_1_49' title="bbox 2167 900 3727 979">
    <p class='ocr_par' dir='ltr' id='par_1_49' title="bbox 2167 900 3727 979">
     <span class='ocr_line' id='line_1_49' title="bbox 2167 900 3727 979; baseline 0.005 -25"><span class='ocrx_word' id='word_1_335' title='bbox 2167 900 2291 975; x_wconf 74' lang='grc' dir='ltr'>ρείᾳ</span> <span class='ocrx_word' id='word_1_336' title='bbox 2322 904 2564 967; x_wconf 85' lang='grc' dir='ltr'>συνόδου,</span> <span class='ocrx_word' id='word_1_337' title='bbox 2590 907 2696 959; x_wconf 80' lang='grc' dir='ltr'><strong>άπδ</strong></span> <span class='ocrx_word' id='word_1_338' title='bbox 2735 908 2833 975; x_wconf 82' lang='grc' dir='ltr'>τῆς</span> <span class='ocrx_word' id='word_1_339' title='bbox 2868 908 3054 978; x_wconf 86' lang='grc' dir='ltr'>βίϐλου</span> <span class='ocrx_word' id='word_1_340' title='bbox 3106 909 3214 963; x_wconf 82' lang='grc' dir='ltr'><strong>τῶν</strong></span> <span class='ocrx_word' id='word_1_341' title='bbox 3250 909 3511 979; x_wconf 79' lang='grc' dir='ltr'>Πράξεων</span> <span class='ocrx_word' id='word_1_342' title='bbox 3562 909 3727 979; x_wconf 80' lang='grc' dir='ltr'>δῆθεν</span> 
     </span>
    </p>
   </div>
   <div class='ocr_carea' id='block_1_50' title="bbox 2162 996 3725 1072">
    <p class='ocr_par' dir='ltr' id='par_1_50' title="bbox 2162 996 3725 1072">
     <span class='ocr_line' id='line_1_50' title="bbox 2162 996 3725 1072; baseline 0.005 -26"><span class='ocrx_word' id='word_1_343' title='bbox 2162 996 2447 1064; x_wconf 80' lang='grc' dir='ltr'>ὁρμηθεὶς,</span> <span class='ocrx_word' id='word_1_344' title='bbox 2480 999 2619 1052; x_wconf 79' lang='grc' dir='ltr'>ἑπτὰ</span> <span class='ocrx_word' id='word_1_345' title='bbox 2663 1001 2943 1064; x_wconf 83' lang='grc' dir='ltr'>διακόνους</span> <span class='ocrx_word' id='word_1_346' title='bbox 3006 1002 3091 1069; x_wconf 75' lang='grc' dir='ltr'>ἐφ’</span> <span class='ocrx_word' id='word_1_347' title='bbox 3130 1001 3338 1072; x_wconf 75' lang='grc' dir='ltr'>ἑκάστῃ</span> <span class='ocrx_word' id='word_1_348' title='bbox 3408 1003 3585 1067; x_wconf 85' lang='grc' dir='ltr'>πόλει,</span> <span class='ocrx_word' id='word_1_349' title='bbox 3618 1004 3725 1056; x_wconf 79' lang='grc' dir='ltr'>κᾶν</span> 
     </span>
    </p>
   </div>
   <div class='ocr_carea' id='block_1_51' title="bbox 2168 1085 3723 1162">
    <p class='ocr_par' dir='ltr' id='par_1_51' title="bbox 2168 1085 3723 1162">
     <span class='ocr_line' id='line_1_51' title="bbox 2168 1085 3723 1162; baseline 0.005 -25"><span class='ocrx_word' id='word_1_350' title='bbox 2168 1085 2309 1137; x_wconf 86' lang='grc' dir='ltr'>πάνυ</span> <span class='ocrx_word' id='word_1_351' title='bbox 2363 1087 2576 1158; x_wconf 79' lang='grc' dir='ltr'><strong>μεγάλη</strong></span> <span class='ocrx_word' id='word_1_352' title='bbox 2616 1091 2753 1156; x_wconf 75' lang='grc' dir='ltr'>ἐστὶ,</span> <span class='ocrx_word' id='word_1_353' title='bbox 2803 1091 3162 1146; x_wconf 82' lang='grc' dir='ltr'><strong>καθίστασθαι</strong></span> <span class='ocrx_word' id='word_1_354' title='bbox 3199 1092 3388 1162; x_wconf 86' lang='grc' dir='ltr'>ὥρισε,</span> <span class='ocrx_word' id='word_1_355' title='bbox 3441 1096 3556 1156; x_wconf 85' lang='grc' dir='ltr'>τοῖς</span> <span class='ocrx_word' id='word_1_356' title='bbox 3618 1111 3723 1161; x_wconf 90' lang='grc' dir='ltr'>μυ-</span> 
     </span>
    </p>
   </div>
   <div class='ocr_carea' id='block_1_52' title="bbox 2164 1176 3720 1254">
    <p class='ocr_par' dir='ltr' id='par_1_52' title="bbox 2164 1176 3720 1254">
     <span class='ocr_line' id='line_1_52' title="bbox 2164 1176 3720 1254; baseline 0.004 -26"><span class='ocrx_word' id='word_1_357' title='bbox 2164 1176 2409 1245; x_wconf 76' lang='grc' dir='ltr'>στηρίοις</span> <span class='ocrx_word' id='word_1_358' title='bbox 2463 1177 2934 1251; x_wconf 77' lang='grc' dir='ltr'><strong>ὑπηρετήσοντας.</strong></span> <span class='ocrx_word' id='word_1_359' title='bbox 2988 1179 3049 1235; x_wconf 87' lang='grc' dir='ltr'><strong>Ὃ</strong></span> <span class='ocrx_word' id='word_1_360' title='bbox 3080 1180 3136 1236; x_wconf 77' lang='grc' dir='ltr'>δὲ</span> <span class='ocrx_word' id='word_1_361' title='bbox 3182 1182 3373 1254; x_wconf 87' lang='grc' dir='ltr'>παρὼν</span> <span class='ocrx_word' id='word_1_362' title='bbox 3432 1182 3610 1236; x_wconf 81' lang='grc' dir='ltr'>κανὼν</span> <span class='ocrx_word' id='word_1_363' title='bbox 3643 1184 3720 1254; x_wconf 82' lang='grc' dir='ltr'>μὴ</span> 
     </span>
    </p>
   </div>
   <div class='ocr_carea' id='block_1_53' title="bbox 2162 1266 3719 1349">
    <p class='ocr_par' dir='ltr' id='par_1_53' title="bbox 2162 1266 3719 1349">
     <span class='ocr_line' id='line_1_53' title="bbox 2162 1266 3719 1349; baseline 0.008 -31"><span class='ocrx_word' id='word_1_364' title='bbox 2162 1266 2344 1331; x_wconf 84' lang='grc' dir='ltr'>καλῶς</span> <span class='ocrx_word' id='word_1_365' title='bbox 2375 1269 2571 1336; x_wconf 78' lang='grc' dir='ltr'><strong>φάσκει</strong></span> <span class='ocrx_word' id='word_1_366' title='bbox 2599 1272 2787 1342; x_wconf 84' lang='grc' dir='ltr'>νοῆσαι</span> <span class='ocrx_word' id='word_1_367' title='bbox 2817 1273 2917 1345; x_wconf 80' lang='grc' dir='ltr'>τὴν</span> <span class='ocrx_word' id='word_1_368' title='bbox 2934 1274 3228 1346; x_wconf 84' lang='grc' dir='ltr'>τοσιαύτην</span> <span class='ocrx_word' id='word_1_369' title='bbox 3251 1274 3468 1329; x_wconf 78' lang='grc' dir='ltr'>σύνοδον</span> <span class='ocrx_word' id='word_1_370' title='bbox 3492 1276 3553 1329; x_wconf 81' lang='grc' dir='ltr'>τὸ</span> <span class='ocrx_word' id='word_1_371' title='bbox 3574 1278 3631 1330; x_wconf 87' lang='grc' dir='ltr'><strong>ἐν</strong></span> <span class='ocrx_word' id='word_1_372' title='bbox 3652 1280 3719 1349; x_wconf 71' lang='grc' dir='ltr'>τῇ</span> 
     </span>
    </p>
   </div>
   <div class='ocr_carea' id='block_1_54' title="bbox 2160 1357 3722 1433">
    <p class='ocr_par' dir='ltr' id='par_1_54' title="bbox 2160 1357 3722 1433">
     <span class='ocr_line' id='line_1_54' title="bbox 2160 1357 3722 1433; baseline 0.008 -23"><span class='ocrx_word' id='word_1_373' title='bbox 2160 1357 2329 1431; x_wconf 83' lang='grc' dir='ltr'>βίϐλῳ</span> <span class='ocrx_word' id='word_1_374' title='bbox 2358 1360 2466 1415; x_wconf 83' lang='grc' dir='ltr'><strong>τῶν</strong></span> <span class='ocrx_word' id='word_1_375' title='bbox 2506 1360 2769 1432; x_wconf 82' lang='grc' dir='ltr'>Πράξεων</span> <span class='ocrx_word' id='word_1_376' title='bbox 2797 1366 2929 1433; x_wconf 76' lang='grc' dir='ltr'>περὶ</span> <span class='ocrx_word' id='word_1_377' title='bbox 2978 1367 3088 1422; x_wconf 85' lang='grc' dir='ltr'><strong>τῶν</strong></span> <span class='ocrx_word' id='word_1_378' title='bbox 3120 1366 3263 1422; x_wconf 78' lang='grc' dir='ltr'>ἐπτὰ</span> <span class='ocrx_word' id='word_1_379' title='bbox 3296 1366 3564 1423; x_wconf 86' lang='grc' dir='ltr'>διακόνων</span> <span class='ocrx_word' id='word_1_380' title='bbox 3602 1370 3722 1423; x_wconf 83' lang='grc' dir='ltr'><strong>κεί⁶</strong></span> 
     </span>
    </p>
   </div>
   <div class='ocr_carea' id='block_1_55' title="bbox 2164 1455 3717 1532">
    <p class='ocr_par' dir='ltr' id='par_1_55' title="bbox 2164 1455 3717 1532">
     <span class='ocr_line' id='line_1_55' title="bbox 2164 1455 3717 1532; baseline 0.008 -29"><span class='ocrx_word' id='word_1_381' title='bbox 2164 1467 2329 1521; x_wconf 89' lang='grc' dir='ltr'>μενον</span> <span class='ocrx_word' id='word_1_382' title='bbox 2390 1455 2576 1526; x_wconf 77' lang='grc' dir='ltr'>ῥητόν.</span> <span class='ocrx_word' id='word_1_383' title='bbox 2629 1457 2704 1511; x_wconf 79' lang='grc' dir='ltr'><strong>Οὐ</strong></span> <span class='ocrx_word' id='word_1_384' title='bbox 2764 1458 2874 1532; x_wconf 87' lang='grc' dir='ltr'><strong>γὰρ</strong></span> <span class='ocrx_word' id='word_1_385' title='bbox 2934 1458 3209 1531; x_wconf 73' lang='grc' dir='ltr'>περὶτῶν</span> <span class='ocrx_word' id='word_1_386' title='bbox 3253 1459 3717 1531; x_wconf 82' lang='grc' dir='ltr'>διακονουμένων,</span> 
     </span>
    </p>
   </div>
   <div class='ocr_carea' id='block_1_56' title="bbox 2165 1536 3720 1624">
    <p class='ocr_par' dir='ltr' id='par_1_56' title="bbox 2165 1536 3720 1624">
     <span class='ocr_line' id='line_1_56' title="bbox 2165 1536 3720 1624; baseline 0.007 -28"><span class='ocrx_word' id='word_1_387' title='bbox 2165 1543 2322 1614; x_wconf 77' lang='grc' dir='ltr'>φησὶ.</span> <span class='ocrx_word' id='word_1_388' title='bbox 2362 1548 2477 1610; x_wconf 78' lang='grc' dir='ltr'><strong>τοίς</strong></span> <span class='ocrx_word' id='word_1_389' title='bbox 2510 1548 2675 1613; x_wconf 83' lang='grc' dir='ltr'>θείοις</span> <span class='ocrx_word' id='word_1_390' title='bbox 2706 1551 3030 1621; x_wconf 79' lang='grc' dir='ltr'>μυστηρίοις</span> <span class='ocrx_word' id='word_1_391' title='bbox 3074 1552 3285 1623; x_wconf 83' lang='grc' dir='ltr'>ἀνδρῶν</span> <span class='ocrx_word' id='word_1_392' title='bbox 3325 1536 3460 1624; x_wconf 39' lang='grc' dir='ltr'>ἦνίή</span> <span class='ocrx_word' id='word_1_393' title='bbox 3498 1553 3720 1623; x_wconf 73' lang='grc' dir='ltr'>φροντὶς</span> 
     </span>
    </p>
   </div>
   <div class='ocr_carea' id='block_1_57' title="bbox 2153 1634 3720 1716">
    <p class='ocr_par' dir='ltr' id='par_1_57' title="bbox 2153 1634 3720 1716">
     <span class='ocr_line' id='line_1_57' title="bbox 2153 1634 3720 1716; baseline 0.009 -30"><span class='ocrx_word' id='word_1_394' title='bbox 2153 1634 2213 1687; x_wconf 85' lang='grc' dir='ltr'>τὸ</span> <span class='ocrx_word' id='word_1_395' title='bbox 2237 1638 2359 1690; x_wconf 85' lang='grc' dir='ltr'>τότε</span> <span class='ocrx_word' id='word_1_396' title='bbox 2383 1640 2495 1702; x_wconf 78' lang='grc' dir='ltr'>τοῖς</span> <span class='ocrx_word' id='word_1_397' title='bbox 2522 1640 2859 1707; x_wconf 86' lang='grc' dir='ltr'>ἀποστόλοις,</span> <span class='ocrx_word' id='word_1_398' title='bbox 2886 1642 3021 1696; x_wconf 80' lang='grc' dir='ltr'>ἀλλὰ</span> <span class='ocrx_word' id='word_1_399' title='bbox 3054 1644 3183 1715; x_wconf 62' lang='grc' dir='ltr'>περὶ</span> <span class='ocrx_word' id='word_1_400' title='bbox 3215 1642 3326 1697; x_wconf 83' lang='grc' dir='ltr'><strong>τῶν</strong></span> <span class='ocrx_word' id='word_1_401' title='bbox 3380 1645 3720 1716; x_wconf 75' lang='grc' dir='ltr'>ὑπουργούν·</span> 
     </span>
    </p>
   </div>
   <div class='ocr_carea' id='block_1_58' title="bbox 2153 1729 3716 1808">
    <p class='ocr_par' dir='ltr' id='par_1_58' title="bbox 2153 1729 3716 1808">
     <span class='ocr_line' id='line_1_58' title="bbox 2153 1729 3716 1808; baseline 0.008 -29"><span class='ocrx_word' id='word_1_402' title='bbox 2153 1742 2263 1781; x_wconf 89' lang='grc' dir='ltr'><strong>των</strong></span> <span class='ocrx_word' id='word_1_403' title='bbox 2292 1729 2352 1781; x_wconf 89' lang='grc' dir='ltr'><strong>ἐν</strong></span> <span class='ocrx_word' id='word_1_404' title='bbox 2382 1732 2503 1795; x_wconf 77' lang='grc' dir='ltr'>ταῖς</span> <span class='ocrx_word' id='word_1_405' title='bbox 2534 1734 2849 1803; x_wconf 77' lang='grc' dir='ltr'>τραπέζαις,</span> <span class='ocrx_word' id='word_1_406' title='bbox 2892 1737 2988 1790; x_wconf 79' lang='grc' dir='ltr'>καὶ</span> <span class='ocrx_word' id='word_1_407' title='bbox 3016 1736 3114 1807; x_wconf 81' lang='grc' dir='ltr'>τὴν</span> <span class='ocrx_word' id='word_1_408' title='bbox 3139 1736 3456 1808; x_wconf 77' lang='grc' dir='ltr'>οἰκονομίαν</span> <span class='ocrx_word' id='word_1_409' title='bbox 3482 1741 3716 1808; x_wconf 70' lang='grc' dir='ltr'>ἐμπεπιη</span> 
     </span>
    </p>
   </div>
   <div class='ocr_carea' id='block_1_59' title="bbox 2159 1818 3718 1903">
    <p class='ocr_par' dir='ltr' id='par_1_59' title="bbox 2159 1818 3718 1903">
     <span class='ocr_line' id='line_1_59' title="bbox 2159 1818 3718 1903; baseline 0.01 -34"><span class='ocrx_word' id='word_1_410' title='bbox 2159 1818 2468 1889; x_wconf 80' lang='grc' dir='ltr'>στευμένων</span> <span class='ocrx_word' id='word_1_411' title='bbox 2488 1824 2588 1892; x_wconf 84' lang='grc' dir='ltr'>τῆς</span> <span class='ocrx_word' id='word_1_412' title='bbox 2610 1826 2796 1895; x_wconf 81' lang='grc' dir='ltr'>κοινῆς</span> <span class='ocrx_word' id='word_1_413' title='bbox 2812 1827 3000 1897; x_wconf 85' lang='grc' dir='ltr'>χρείας</span> <span class='ocrx_word' id='word_1_414' title='bbox 3027 1828 3136 1882; x_wconf 83' lang='grc' dir='ltr'><strong>τῶν</strong></span> <span class='ocrx_word' id='word_1_415' title='bbox 3166 1828 3289 1881; x_wconf 88' lang='grc' dir='ltr'>τότε</span> <span class='ocrx_word' id='word_1_416' title='bbox 3319 1830 3718 1903; x_wconf 79' lang='grc' dir='ltr'>συνηθροισμέ-</span> 
     </span>
    </p>
   </div>
   <div class='ocr_carea' id='block_1_60' title="bbox 2156 1911 3823 1993">
    <p class='ocr_par' dir='ltr' id='par_1_60' title="bbox 2156 1911 3823 1993">
     <span class='ocr_line' id='line_1_60' title="bbox 2156 1911 3823 1993; baseline 0.012 -34"><span class='ocrx_word' id='word_1_417' title='bbox 2156 1924 2281 1961; x_wconf 85' lang='grc' dir='ltr'>νων.</span> <span class='ocrx_word' id='word_1_418' title='bbox 2322 1911 2422 1965; x_wconf 83' lang='grc' dir='ltr'><strong>Διὰ</strong></span> <span class='ocrx_word' id='word_1_419' title='bbox 2448 1912 2604 1967; x_wconf 81' lang='grc' dir='ltr'>τοῦτο</span> <span class='ocrx_word' id='word_1_420' title='bbox 2626 1915 2754 1983; x_wconf 77' lang='grc' dir='ltr'>γοῦν</span> <span class='ocrx_word' id='word_1_421' title='bbox 2780 1919 2833 1970; x_wconf 82' lang='grc' dir='ltr'>αἱ</span> <span class='ocrx_word' id='word_1_422' title='bbox 2861 1919 3148 1990; x_wconf 79' lang='grc' dir='ltr'>ἐκκλησίαι</span> <span class='ocrx_word' id='word_1_423' title='bbox 3170 1920 3268 1975; x_wconf 76' lang='grc' dir='ltr'>οὐκ</span> <span class='ocrx_word' id='word_1_424' title='bbox 3300 1920 3716 1993; x_wconf 70' lang='grc' dir='ltr'>άπαιτηθήσονο</span> <span class='ocrx_word' id='word_1_425' title='bbox 3802 1932 3823 1941; x_wconf 84' lang='lat'><strong>‘</strong></span> 
     </span>
    </p>
   </div>
   <div class='ocr_carea' id='block_1_61' title="bbox 2157 1992 3716 2079">
    <p class='ocr_par' dir='ltr' id='par_1_61' title="bbox 2157 1992 3716 2079">
     <span class='ocr_line' id='line_1_61' title="bbox 2157 1992 3716 2079; baseline 0.011 -27"><span class='ocrx_word' id='word_1_426' title='bbox 2157 2014 2247 2053; x_wconf 86' lang='grc' dir='ltr'><strong>ται</strong></span> <span class='ocrx_word' id='word_1_427' title='bbox 2272 2003 2412 2057; x_wconf 84' lang='grc' dir='ltr'>κατά</span> <span class='ocrx_word' id='word_1_428' title='bbox 2455 1992 2545 2058; x_wconf 78' lang='grc' dir='ltr'><strong>τδν</strong></span> <span class='ocrx_word' id='word_1_429' title='bbox 2574 2008 2777 2061; x_wconf 83' lang='grc' dir='ltr'>κανόνα</span> <span class='ocrx_word' id='word_1_430' title='bbox 2818 2011 3026 2064; x_wconf 82' lang='grc' dir='ltr'>ἐκεῖνον</span> <span class='ocrx_word' id='word_1_431' title='bbox 3070 2000 3173 2065; x_wconf 77' lang='grc' dir='ltr'><strong>άνά</strong></span> <span class='ocrx_word' id='word_1_432' title='bbox 3230 2012 3378 2067; x_wconf 82' lang='grc' dir='ltr'>’ἐπτά</span> <span class='ocrx_word' id='word_1_433' title='bbox 3432 1992 3716 2079; x_wconf 83' lang='grc' dir='ltr'>διακόνους</span> 
     </span>
    </p>
   </div>
   <div class='ocr_carea' id='block_1_62' title="bbox 2155 2090 3716 2174">
    <p class='ocr_par' dir='ltr' id='par_1_62' title="bbox 2155 2090 3716 2174">
     <span class='ocr_line' id='line_1_62' title="bbox 2155 2090 3716 2174; baseline 0.012 -31"><span class='ocrx_word' id='word_1_434' title='bbox 2155 2090 2298 2159; x_wconf 77' lang='grc' dir='ltr'>ἔχειν</span> <span class='ocrx_word' id='word_1_435' title='bbox 2323 2094 2403 2157; x_wconf 84' lang='grc' dir='ltr'><strong>είς</strong></span> <span class='ocrx_word' id='word_1_436' title='bbox 2430 2096 2529 2165; x_wconf 81' lang='grc' dir='ltr'>τὴν</span> <span class='ocrx_word' id='word_1_437' title='bbox 2565 2097 2675 2151; x_wconf 81' lang='grc' dir='ltr'><strong>τῶν</strong></span> <span class='ocrx_word' id='word_1_438' title='bbox 2701 2098 2863 2154; x_wconf 88' lang='grc' dir='ltr'>θείων</span> <span class='ocrx_word' id='word_1_439' title='bbox 2889 2104 3207 2174; x_wconf 85' lang='grc' dir='ltr'>μυστηρίων</span> <span class='ocrx_word' id='word_1_440' title='bbox 3233 2103 3507 2159; x_wconf 85' lang='grc' dir='ltr'>διακονίαν</span> <span class='ocrx_word' id='word_1_441' title='bbox 3533 2122 3548 2138; x_wconf 75' lang='grc'><strong><em>⁸</em></strong></span> <span class='ocrx_word' id='word_1_442' title='bbox 3576 2107 3716 2161; x_wconf 81' lang='grc' dir='ltr'>ἀλλὰ</span> 
     </span>
    </p>
   </div>
   <div class='ocr_carea' id='block_1_63' title="bbox 2154 2183 3718 2266">
    <p class='ocr_par' dir='ltr' id='par_1_63' title="bbox 2154 2183 3718 2266">
     <span class='ocr_line' id='line_1_63' title="bbox 2154 2183 3718 2266; baseline 0.012 -31"><span class='ocrx_word' id='word_1_443' title='bbox 2154 2183 2359 2257; x_wconf 78' lang='grc' dir='ltr'>ἑκάστη</span> <span class='ocrx_word' id='word_1_444' title='bbox 2399 2187 2539 2256; x_wconf 81' lang='grc' dir='ltr'>πρὸς</span> <span class='ocrx_word' id='word_1_445' title='bbox 2570 2188 2669 2253; x_wconf 84' lang='grc' dir='ltr'><strong>τὰς</strong></span> <span class='ocrx_word' id='word_1_446' title='bbox 2693 2191 2932 2256; x_wconf 69' lang='grc' dir='ltr'>εἰσόδους</span> <span class='ocrx_word' id='word_1_447' title='bbox 2973 2195 3142 2266; x_wconf 81' lang='grc' dir='ltr'>αὐτῆς</span> <span class='ocrx_word' id='word_1_448' title='bbox 3164 2196 3289 2264; x_wconf 49' lang='grc' dir='ltr'>νέξει</span> <span class='ocrx_word' id='word_1_449' title='bbox 3311 2196 3405 2251; x_wconf 77' lang='grc' dir='ltr'>καὶ</span> <span class='ocrx_word' id='word_1_450' title='bbox 3434 2198 3497 2252; x_wconf 83' lang='grc' dir='ltr'>τὸ</span> <span class='ocrx_word' id='word_1_451' title='bbox 3548 2201 3718 2253; x_wconf 83' lang='grc' dir='ltr'>ποσὸν</span> 
     </span>
    </p>
   </div>
   <div class='ocr_carea' id='block_1_64' title="bbox 2152 2276 3720 2364">
    <p class='ocr_par' dir='ltr' id='par_1_64' title="bbox 2152 2276 3720 2364">
     <span class='ocr_line' id='line_1_64' title="bbox 2152 2276 3720 2364; baseline 0.012 -37"><span class='ocrx_word' id='word_1_452' title='bbox 2152 2276 2262 2328; x_wconf 84' lang='grc' dir='ltr'><strong>τῶν</strong></span> <span class='ocrx_word' id='word_1_453' title='bbox 2288 2279 2673 2351; x_wconf 82' lang='grc' dir='ltr'>πρεσϐυτέρων</span> <span class='ocrx_word' id='word_1_454' title='bbox 2698 2282 2798 2354; x_wconf 17' lang='grc' dir='ltr'>’καὶ</span> <span class='ocrx_word' id='word_1_455' title='bbox 2825 2284 3092 2341; x_wconf 85' lang='grc' dir='ltr'>διακόνων</span> <span class='ocrx_word' id='word_1_456' title='bbox 3116 2286 3339 2343; x_wconf 80' lang='grc' dir='ltr'>καὶτῶν</span> <span class='ocrx_word' id='word_1_457' title='bbox 3361 2288 3563 2345; x_wconf 83' lang='grc' dir='ltr'>λοιπῶν</span> <span class='ocrx_word' id='word_1_458' title='bbox 3586 2290 3720 2364; x_wconf 83' lang='grc' dir='ltr'>κλη-</span> 
     </span>
    </p>
   </div>
   <div class='ocr_carea' id='block_1_65' title="bbox 2157 2384 3364 2437">
    <p class='ocr_par' dir='ltr' id='par_1_65' title="bbox 2157 2384 3364 2437">
     <span class='ocr_line' id='line_1_65' title="bbox 2157 2384 3364 2437; baseline 0.011 -18"><span class='ocrx_word' id='word_1_459' title='bbox 2157 2384 2347 2437; x_wconf 87' lang='grc' dir='ltr'>ρικων.</span> <span class='ocrx_word' id='word_1_460' title='bbox 3361 2396 3364 2403; x_wconf 54' lang='grc' dir='ltr'><strong>λ</strong></span> 
     </span>
    </p>
   </div>
   <div class='ocr_carea' id='block_1_66' title="bbox 2742 2470 3126 2528">
    <p class='ocr_par' dir='ltr' id='par_1_66' title="bbox 2742 2470 3126 2528">
     <span class='ocr_line' id='line_1_66' title="bbox 2742 2470 3126 2528; baseline 0.013 -5"><span class='ocrx_word' id='word_1_461' title='bbox 2742 2470 2978 2524; x_wconf 78' lang='grc' dir='ltr'>ΚΑΝΩΝ</span> <span class='ocrx_word' id='word_1_462' title='bbox 3027 2470 3126 2528; x_wconf 83' lang='grc' dir='ltr'>ῙΖ⁹.</span> 
     </span>
    </p>
   </div>
   <div class='ocr_carea' id='block_1_67' title="bbox 2159 2552 3711 2639">
    <p class='ocr_par' dir='ltr' id='par_1_67' title="bbox 2159 2552 3711 2639">
     <span class='ocr_line' id='line_1_67' title="bbox 2159 2552 3711 2639; baseline 0.014 -36"><span class='ocrx_word' id='word_1_463' title='bbox 2159 2569 2178 2603; x_wconf 79' lang='grc' dir='ltr'><strong>ι</strong></span> <span class='ocrx_word' id='word_1_464' title='bbox 2236 2552 2564 2627; x_wconf 87' lang='grc' dir='ltr'>Ἐπειδήπερ</span> <span class='ocrx_word' id='word_1_465' title='bbox 2616 2558 2888 2632; x_wconf 79' lang='grc' dir='ltr'>διαφόρων</span> <span class='ocrx_word' id='word_1_466' title='bbox 2934 2562 3244 2636; x_wconf 75' lang='grc' dir='ltr'>ἐκκλησιῶν</span> <span class='ocrx_word' id='word_1_467' title='bbox 3278 2566 3553 2639; x_wconf 77' lang='grc' dir='ltr'>κληρικοὶ,</span> <span class='ocrx_word' id='word_1_468' title='bbox 3611 2570 3711 2634; x_wconf 73' lang='grc' dir='ltr'><strong>τὰς</strong></span> 
     </span>
    </p>
   </div>
   <div class='ocr_carea' id='block_1_68' title="bbox 2228 2644 3718 2729">
    <p class='ocr_par' dir='ltr' id='par_1_68' title="bbox 2228 2644 3718 2729">
     <span class='ocr_line' id='line_1_68' title="bbox 2228 2644 3718 2729; baseline 0.013 -33"><span class='ocrx_word' id='word_1_469' title='bbox 2228 2662 2249 2696; x_wconf 78' lang='grc' dir='ltr'><strong>ι</strong></span> <span class='ocrx_word' id='word_1_470' title='bbox 2297 2644 2455 2712; x_wconf 86' lang='grc' dir='ltr'>ίδίας,</span> <span class='ocrx_word' id='word_1_471' title='bbox 2487 2649 2545 2701; x_wconf 91' lang='grc' dir='ltr'><strong>ἐν</strong></span> <span class='ocrx_word' id='word_1_472' title='bbox 2580 2644 2671 2711; x_wconf 73' lang='grc' dir='ltr'>αἷς</span> <span class='ocrx_word' id='word_1_473' title='bbox 2690 2651 3195 2724; x_wconf 78' lang='grc' dir='ltr'>ἐχειροτονήθησαν,</span> <span class='ocrx_word' id='word_1_474' title='bbox 3221 2657 3512 2729; x_wconf 81' lang='grc' dir='ltr'>ἐκκλησίας</span> <span class='ocrx_word' id='word_1_475' title='bbox 3544 2677 3718 2714; x_wconf 80' lang='grc' dir='ltr'>κατα-</span> 
     </span>
    </p>
   </div>
   <div class='ocr_carea' id='block_1_69' title="bbox 2230 2736 3713 2819">
    <p class='ocr_par' dir='ltr' id='par_1_69' title="bbox 2230 2736 3713 2819">
     <span class='ocr_line' id='line_1_69' title="bbox 2230 2736 3713 2819; baseline 0.013 -31"><span class='ocrx_word' id='word_1_476' title='bbox 2230 2753 2251 2789; x_wconf 79' lang='grc' dir='ltr'><strong>ι</strong></span> <span class='ocrx_word' id='word_1_477' title='bbox 2295 2736 2566 2805; x_wconf 86' lang='grc' dir='ltr'>λιπόντες,</span> <span class='ocrx_word' id='word_1_478' title='bbox 2602 2743 2737 2813; x_wconf 80' lang='grc' dir='ltr'>πρὸς</span> <span class='ocrx_word' id='word_1_479' title='bbox 2764 2744 2983 2814; x_wconf 85' lang='grc' dir='ltr'>ἐτέρους</span> <span class='ocrx_word' id='word_1_480' title='bbox 3008 2748 3344 2819; x_wconf 73' lang='grc' dir='ltr'>συνέδραμον</span> <span class='ocrx_word' id='word_1_481' title='bbox 3358 2752 3713 2817; x_wconf 87' lang='grc' dir='ltr'>ἐπισκόπους,</span> 
     </span>
    </p>
   </div>
   <div class='ocr_carea' id='block_1_70' title="bbox 2232 2834 3715 2912">
    <p class='ocr_par' dir='ltr' id='par_1_70' title="bbox 2232 2834 3715 2912">
     <span class='ocr_line' id='line_1_70' title="bbox 2232 2834 3715 2912; baseline 0.01 -27"><span class='ocrx_word' id='word_1_482' title='bbox 2232 2844 2253 2885; x_wconf 73' lang='grc' dir='ltr'><strong>ι</strong></span> <span class='ocrx_word' id='word_1_483' title='bbox 2296 2834 2391 2887; x_wconf 70' lang='grc' dir='ltr'>καὶ</span> <span class='ocrx_word' id='word_1_484' title='bbox 2430 2837 2654 2907; x_wconf 81' lang='grc' dir='ltr'>γνώμης</span> <span class='ocrx_word' id='word_1_485' title='bbox 2684 2837 2806 2907; x_wconf 82' lang='grc' dir='ltr'>δίχα</span> <span class='ocrx_word' id='word_1_486' title='bbox 2830 2837 2925 2891; x_wconf 82' lang='grc' dir='ltr'><strong>τοῦ</strong></span> <span class='ocrx_word' id='word_1_487' title='bbox 2957 2840 3160 2894; x_wconf 72' lang='grc' dir='ltr'>οἰκείου</span> <span class='ocrx_word' id='word_1_488' title='bbox 3193 2844 3491 2898; x_wconf 71' lang='grc' dir='ltr'>ἐπισκόπου</span> <span class='ocrx_word' id='word_1_489' title='bbox 3519 2847 3574 2899; x_wconf 93' lang='grc' dir='ltr'><strong>ἐν</strong></span> <span class='ocrx_word' id='word_1_490' title='bbox 3591 2848 3715 2912; x_wconf 82' lang='grc' dir='ltr'>ταῖς</span> 
     </span>
    </p>
   </div>
   <div class='ocr_carea' id='block_1_71' title="bbox 2233 2925 3714 3004">
    <p class='ocr_par' dir='ltr' id='par_1_71' title="bbox 2233 2925 3714 3004">
     <span class='ocr_line' id='line_1_71' title="bbox 2233 2925 3714 3004; baseline 0.009 -27"><span class='ocrx_word' id='word_1_491' title='bbox 2233 2940 2252 2977; x_wconf 81' lang='grc' dir='ltr'><strong>ι</strong></span> <span class='ocrx_word' id='word_1_492' title='bbox 2300 2925 2608 2999; x_wconf 84' lang='grc' dir='ltr'>ἀλλοτρίαις</span> <span class='ocrx_word' id='word_1_493' title='bbox 2642 2931 3023 3001; x_wconf 82' lang='grc' dir='ltr'>κατετάγησαν</span> <span class='ocrx_word' id='word_1_494' title='bbox 3052 2932 3389 3004; x_wconf 84' lang='grc' dir='ltr'>ἐκκλησίαις,</span> <span class='ocrx_word' id='word_1_495' title='bbox 3421 2937 3484 2990; x_wconf 88' lang='grc' dir='ltr'><strong>ἐκ</strong></span> <span class='ocrx_word' id='word_1_496' title='bbox 3521 2937 3714 2991; x_wconf 77' lang='grc' dir='ltr'>τούτου</span> 
     </span>
    </p>
   </div>
   <div class='ocr_carea' id='block_1_72' title="bbox 2229 3018 3711 3096">
    <p class='ocr_par' dir='ltr' id='par_1_72' title="bbox 2229 3018 3711 3096">
     <span class='ocr_line' id='line_1_72' title="bbox 2229 3018 3711 3096; baseline 0.009 -29"><span class='ocrx_word' id='word_1_497' title='bbox 2229 3034 2249 3067; x_wconf 82' lang='grc' dir='ltr'><strong>ι</strong></span> <span class='ocrx_word' id='word_1_498' title='bbox 2292 3033 2353 3069; x_wconf 89' lang='grc' dir='ltr'><strong>τε</strong></span> <span class='ocrx_word' id='word_1_499' title='bbox 2399 3018 2594 3089; x_wconf 75' lang='grc' dir='ltr'>συνέϐη</span> <span class='ocrx_word' id='word_1_500' title='bbox 2644 3020 3051 3086; x_wconf 86' lang='grc' dir='ltr'>άνυποτάκτους</span> <span class='ocrx_word' id='word_1_501' title='bbox 3103 3023 3299 3089; x_wconf 78' lang='grc' dir='ltr'>αὐτοὺς</span> <span class='ocrx_word' id='word_1_502' title='bbox 3334 3025 3711 3096; x_wconf 75' lang='grc' dir='ltr'>καταστῆναιο</span> 
     </span>
    </p>
   </div>
   <div class='ocr_carea' id='block_1_73' title="bbox 2227 3107 3709 3188">
    <p class='ocr_par' dir='ltr' id='par_1_73' title="bbox 2227 3107 3709 3188">
     <span class='ocr_line' id='line_1_73' title="bbox 2227 3107 3709 3188; baseline 0.007 -28"><span class='ocrx_word' id='word_1_503' title='bbox 2227 3123 2248 3160; x_wconf 76' lang='grc' dir='ltr'><strong>ι</strong></span> <span class='ocrx_word' id='word_1_504' title='bbox 2290 3107 2545 3179; x_wconf 77' lang='grc' dir='ltr'>ὁρίζομεν</span> <span class='ocrx_word' id='word_1_505' title='bbox 2573 3110 2713 3163; x_wconf 79' lang='grc' dir='ltr'>ὥστε</span> <span class='ocrx_word' id='word_1_506' title='bbox 2758 3112 2865 3165; x_wconf 72' lang='grc' dir='ltr'>ἀπὸ</span> <span class='ocrx_word' id='word_1_507' title='bbox 2912 3113 3005 3167; x_wconf 77' lang='grc' dir='ltr'>τοῦ</span> <span class='ocrx_word' id='word_1_508' title='bbox 3048 3116 3314 3185; x_wconf 86' lang='grc' dir='ltr'>παρόντος</span> <span class='ocrx_word' id='word_1_509' title='bbox 3377 3117 3709 3188; x_wconf 84' lang='grc' dir='ltr'>Ἰανουαρίου</span> 
     </span>
    </p>
   </div>
   <div class='ocr_carea' id='block_1_74' title="bbox 2227 3200 3711 3279">
    <p class='ocr_par' dir='ltr' id='par_1_74' title="bbox 2227 3200 3711 3279">
     <span class='ocr_line' id='line_1_74' title="bbox 2227 3200 3711 3279; baseline 0.006 -28"><span class='ocrx_word' id='word_1_510' title='bbox 2227 3217 2246 3251; x_wconf 84' lang='grc' dir='ltr'><strong>ι</strong></span> <span class='ocrx_word' id='word_1_511' title='bbox 2296 3200 2463 3269; x_wconf 77' lang='grc' dir='ltr'>μηνὸς</span> <span class='ocrx_word' id='word_1_512' title='bbox 2490 3201 2586 3268; x_wconf 72' lang='grc' dir='ltr'>τῆς</span> <span class='ocrx_word' id='word_1_513' title='bbox 2613 3202 2988 3274; x_wconf 77' lang='grc' dir='ltr'>παρελθοὺσης</span> <span class='ocrx_word' id='word_1_514' title='bbox 3034 3207 3297 3277; x_wconf 82' lang='grc' dir='ltr'>τετάρτης</span> <span class='ocrx_word' id='word_1_515' title='bbox 3334 3208 3711 3279; x_wconf 75' lang='grc' dir='ltr'>ἐπινεμήσεως</span> 
     </span>
    </p>
   </div>
   <div class='ocr_carea' id='block_1_75' title="bbox 2227 3291 3711 3369">
    <p class='ocr_par' dir='ltr' id='par_1_75' title="bbox 2227 3291 3711 3369">
     <span class='ocr_line' id='line_1_75' title="bbox 2227 3291 3711 3369; baseline 0.005 -26"><span class='ocrx_word' id='word_1_516' title='bbox 2227 3310 2245 3343; x_wconf 80' lang='grc' dir='ltr'><strong>ι</strong></span> <span class='ocrx_word' id='word_1_517' title='bbox 2296 3291 2499 3363; x_wconf 86' lang='grc' dir='ltr'>μηδένα</span> <span class='ocrx_word' id='word_1_518' title='bbox 2522 3292 2633 3348; x_wconf 84' lang='grc' dir='ltr'><strong>τῶν</strong></span> <span class='ocrx_word' id='word_1_519' title='bbox 2659 3294 2916 3349; x_wconf 80' lang='grc' dir='ltr'>ἁπάντων</span> <span class='ocrx_word' id='word_1_520' title='bbox 2944 3296 3249 3368; x_wconf 82' lang='grc' dir='ltr'>κληρικῶν,</span> <span class='ocrx_word' id='word_1_521' title='bbox 3278 3298 3386 3351; x_wconf 75' lang='grc' dir='ltr'>κᾶν</span> <span class='ocrx_word' id='word_1_522' title='bbox 3421 3298 3480 3352; x_wconf 84' lang='grc' dir='ltr'><strong>ἐν</strong></span> <span class='ocrx_word' id='word_1_523' title='bbox 3511 3298 3711 3369; x_wconf 75' lang='grc' dir='ltr'>οίῳδή-</span> 
     </span>
    </p>
   </div>
   <div class='ocr_carea' id='block_1_76' title="bbox 2226 3387 3710 3461">
    <p class='ocr_par' dir='ltr' id='par_1_76' title="bbox 2226 3387 3710 3461">
     <span class='ocr_line' id='line_1_76' title="bbox 2226 3387 3710 3461; baseline 0.003 -23"><span class='ocrx_word' id='word_1_524' title='bbox 2226 3401 2247 3438; x_wconf 86' lang='grc'><strong><em>‹</em></strong></span> <span class='ocrx_word' id='word_1_525' title='bbox 2293 3400 2421 3438; x_wconf 81' lang='grc' dir='ltr'>ποτε</span> <span class='ocrx_word' id='word_1_526' title='bbox 2463 3387 2705 3457; x_wconf 81' lang='grc' dir='ltr'>τυγχάνῃ</span> <span class='ocrx_word' id='word_1_527' title='bbox 2743 3387 2955 3458; x_wconf 82' lang='grc' dir='ltr'>βαθμῷ,</span> <span class='ocrx_word' id='word_1_528' title='bbox 3008 3390 3193 3444; x_wconf 77' lang='grc' dir='ltr'>ἄδειαν</span> <span class='ocrx_word' id='word_1_529' title='bbox 3225 3389 3374 3461; x_wconf 82' lang='grc' dir='ltr'>ἐχειν</span> <span class='ocrx_word' id='word_1_530' title='bbox 3408 3390 3564 3453; x_wconf 81' lang='grc' dir='ltr'>ἐκτὸς</span> <span class='ocrx_word' id='word_1_531' title='bbox 3609 3392 3710 3459; x_wconf 79' lang='grc' dir='ltr'>τῆς</span> 
     </span>
    </p>
   </div>
   <div class='ocr_carea' id='block_1_77' title="bbox 2222 3476 3709 3554">
    <p class='ocr_par' dir='ltr' id='par_1_77' title="bbox 2222 3476 3709 3554">
     <span class='ocr_line' id='line_1_77' title="bbox 2222 3476 3709 3554; baseline 0.003 -24"><span class='ocrx_word' id='word_1_532' title='bbox 2222 3495 2244 3530; x_wconf 75' lang='grc' dir='ltr'><strong>ι</strong></span> <span class='ocrx_word' id='word_1_533' title='bbox 2287 3476 2382 3531; x_wconf 81' lang='grc' dir='ltr'>τοῦ</span> <span class='ocrx_word' id='word_1_534' title='bbox 2412 3479 2612 3531; x_wconf 76' lang='grc' dir='ltr'>οἰκείου</span> <span class='ocrx_word' id='word_1_535' title='bbox 2634 3481 2933 3533; x_wconf 77' lang='grc' dir='ltr'>ἐπισκόπου</span> <span class='ocrx_word' id='word_1_536' title='bbox 2973 3482 3307 3552; x_wconf 85' lang='grc' dir='ltr'>ἀπολυτικῆς</span> <span class='ocrx_word' id='word_1_537' title='bbox 3338 3483 3618 3554; x_wconf 52' lang='grc' dir='ltr'>ἐγγράφου</span> <span class='ocrx_word' id='word_1_538' title='bbox 3648 3487 3709 3535; x_wconf 75' lang='grc' dir='ltr'><strong>ἐν</strong></span> 
     </span>
    </p>
   </div>
   <div class='ocr_carea' id='block_1_78' title="bbox 2219 3568 3705 3643">
    <p class='ocr_par' dir='ltr' id='par_1_78' title="bbox 2219 3568 3705 3643">
     <span class='ocr_line' id='line_1_78' title="bbox 2219 3568 3705 3643; baseline 0.003 -23"><span class='ocrx_word' id='word_1_539' title='bbox 2219 3585 2253 3620; x_wconf 78' lang='grc'><strong><em>‹-</em></strong></span> <span class='ocrx_word' id='word_1_540' title='bbox 2287 3568 2450 3639; x_wconf 78' lang='grc' dir='ltr'>ἑτέρᾳ</span> <span class='ocrx_word' id='word_1_541' title='bbox 2496 3569 2923 3623; x_wconf 84' lang='grc' dir='ltr'>κατατάττεσθαι</span> <span class='ocrx_word' id='word_1_542' title='bbox 2981 3571 3265 3643; x_wconf 76' lang='grc' dir='ltr'>ἐκκλησίᾳ.</span> <span class='ocrx_word' id='word_1_543' title='bbox 3335 3573 3489 3625; x_wconf 78' lang='grc' dir='ltr'>Ἐπεὶ</span> <span class='ocrx_word' id='word_1_544' title='bbox 3538 3574 3567 3625; x_wconf 86' lang='grc' dir='ltr'>ὀ</span> <span class='ocrx_word' id='word_1_545' title='bbox 3626 3574 3705 3643; x_wconf 78' lang='grc' dir='ltr'>μὴ</span> 
     </span>
    </p>
   </div>
   <div class='ocr_carea' id='block_1_79' title="bbox 2221 3650 3706 3733">
    <p class='ocr_par' dir='ltr' id='par_1_79' title="bbox 2221 3650 3706 3733">
     <span class='ocr_line' id='line_1_79' title="bbox 2221 3650 3706 3733; baseline 0.001 -20"><span class='ocrx_word' id='word_1_546' title='bbox 2221 3679 2242 3713; x_wconf 79' lang='grc' dir='ltr'><strong>ι</strong></span> <span class='ocrx_word' id='word_1_547' title='bbox 2285 3659 2443 3713; x_wconf 78' lang='grc' dir='ltr'>τοῦτο</span> <span class='ocrx_word' id='word_1_548' title='bbox 2462 3661 2568 3713; x_wconf 85' lang='grc' dir='ltr'><strong>άπδ</strong></span> <span class='ocrx_word' id='word_1_549' title='bbox 2583 3659 2674 3713; x_wconf 80' lang='grc' dir='ltr'><strong>τοῦ</strong></span> <span class='ocrx_word' id='word_1_550' title='bbox 2700 3650 2793 3714; x_wconf 68' lang='grc' dir='ltr'><strong>νῦν</strong></span> <span class='ocrx_word' id='word_1_551' title='bbox 2822 3662 3390 3733; x_wconf 75' lang='grc' dir='ltr'>παραφυλαττόμενος,</span> <span class='ocrx_word' id='word_1_552' title='bbox 3412 3664 3546 3718; x_wconf 83' lang='grc' dir='ltr'>ἀλλά</span> <span class='ocrx_word' id='word_1_553' title='bbox 3570 3681 3673 3717; x_wconf 86' lang='grc' dir='ltr'><strong>κατ</strong></span> <span class='ocrx_word' id='word_1_554' title='bbox 3692 3696 3706 3705; x_wconf 86' lang='grc'><strong><em>-</em></strong></span> 
     </span>
    </p>
   </div>
   <div class='ocr_carea' id='block_1_80' title="bbox 2221 3751 3710 3827">
    <p class='ocr_par' dir='ltr' id='par_1_80' title="bbox 2221 3751 3710 3827">
     <span class='ocr_line' id='line_1_80' title="bbox 2221 3751 3710 3827; baseline 0.001 -22"><span class='ocrx_word' id='word_1_555' title='bbox 2221 3770 2242 3804; x_wconf 82' lang='grc' dir='ltr'><strong>ι</strong></span> <span class='ocrx_word' id='word_1_556' title='bbox 2291 3751 2560 3822; x_wconf 83' lang='grc' dir='ltr'>αισχύνων</span> <span class='ocrx_word' id='word_1_557' title='bbox 2611 3753 2672 3806; x_wconf 86' lang='grc' dir='ltr'><strong>τό</strong></span> <span class='ocrx_word' id='word_1_558' title='bbox 2719 3769 2782 3821; x_wconf 87' lang='grc' dir='ltr'><strong>γε</strong></span> <span class='ocrx_word' id='word_1_559' title='bbox 2813 3754 2901 3807; x_wconf 77' lang='grc' dir='ltr'><strong>ἐπ’</strong></span> <span class='ocrx_word' id='word_1_560' title='bbox 2936 3755 3098 3807; x_wconf 77' lang='grc' dir='ltr'>αὑτὸν</span> <span class='ocrx_word' id='word_1_561' title='bbox 3122 3755 3213 3809; x_wconf 76' lang='grc' dir='ltr'>τὸν</span> <span class='ocrx_word' id='word_1_562' title='bbox 3241 3756 3339 3825; x_wconf 83' lang='grc' dir='ltr'>τὴν</span> <span class='ocrx_word' id='word_1_563' title='bbox 3372 3757 3710 3827; x_wconf 79' lang='grc' dir='ltr'>χειροτονίαν</span> 
     </span>
    </p>
   </div>
   <div class='ocr_carea' id='block_1_81' title="bbox 2221 3845 3709 3917">
    <p class='ocr_par' dir='ltr' id='par_1_81' title="bbox 2221 3845 3709 3917">
     <span class='ocr_line' id='line_1_81' title="bbox 2221 3845 3709 3917; baseline 0.002 -19"><span class='ocrx_word' id='word_1_564' title='bbox 2221 3861 2242 3898; x_wconf 79' lang='grc' dir='ltr'><strong>ι</strong></span> <span class='ocrx_word' id='word_1_565' title='bbox 2285 3845 2434 3914; x_wconf 77' lang='grc' dir='ltr'>αὐτῷ</span> <span class='ocrx_word' id='word_1_566' title='bbox 2464 3845 2858 3910; x_wconf 78' lang='grc' dir='ltr'>ἐπιτεθεικότα,</span> <span class='ocrx_word' id='word_1_567' title='bbox 2887 3847 3254 3917; x_wconf 75' lang='grc' dir='ltr'>καθαιρείσθω</span> <span class='ocrx_word' id='word_1_568' title='bbox 3277 3847 3373 3903; x_wconf 76' lang='grc' dir='ltr'>καὶ</span> <span class='ocrx_word' id='word_1_569' title='bbox 3397 3849 3576 3915; x_wconf 74' lang='grc' dir='ltr'>αὐτὸς,</span> <span class='ocrx_word' id='word_1_570' title='bbox 3612 3850 3709 3902; x_wconf 72' lang='grc' dir='ltr'>καὶ</span> 
     </span>
    </p>
   </div>
   <div class='ocr_carea' id='block_1_82' title="bbox 2225 3935 3421 4008">
    <p class='ocr_par' dir='ltr' id='par_1_82' title="bbox 2225 3935 3421 4008">
     <span class='ocr_line' id='line_1_82' title="bbox 2225 3935 3421 4008; baseline 0.001 -20"><span class='ocrx_word' id='word_1_571' title='bbox 2225 3952 2244 3988; x_wconf 80' lang='grc' dir='ltr'><strong>ι</strong></span> <span class='ocrx_word' id='word_1_572' title='bbox 2290 3937 2318 3988; x_wconf 86' lang='grc'>6</span> <span class='ocrx_word' id='word_1_573' title='bbox 2353 3935 2684 4003; x_wconf 78' lang='grc' dir='ltr'>παραλόγως</span> <span class='ocrx_word' id='word_1_574' title='bbox 2711 3935 2873 3988; x_wconf 79' lang='grc' dir='ltr'>αὐτὸν</span> <span class='ocrx_word' id='word_1_575' title='bbox 2911 3936 3363 4008; x_wconf 83' lang='grc' dir='ltr'>προσδεξάμενος.</span> <span class='ocrx_word' id='word_1_576' title='bbox 3401 3958 3421 3989; x_wconf 79' lang='grc' dir='ltr'><strong><em>ι</em></strong></span> 
     </span>
    </p>
   </div>
   <div class='ocr_carea' id='block_1_83' title="bbox 2215 4025 3735 4100">
    <p class='ocr_par' dir='ltr' id='par_1_83' title="bbox 2215 4025 3735 4100">
     <span class='ocr_line' id='line_1_83' title="bbox 2215 4025 3735 4100; baseline 0.003 -19"><span class='ocrx_word' id='word_1_577' title='bbox 2215 4025 2411 4081; x_wconf 83' lang='grc' dir='ltr'><strong>ΒΔΛΣ.</strong></span> <span class='ocrx_word' id='word_1_578' title='bbox 2454 4026 2728 4089; x_wconf 81' lang='grc' dir='ltr'>Πολλάκις</span> <span class='ocrx_word' id='word_1_579' title='bbox 2758 4027 2983 4096; x_wconf 75' lang='grc' dir='ltr'>εἴπομεν</span> <span class='ocrx_word' id='word_1_580' title='bbox 3035 4029 3116 4083; x_wconf 86' lang='grc' dir='ltr'><strong>δτι</strong></span> <span class='ocrx_word' id='word_1_581' title='bbox 3161 4030 3320 4100; x_wconf 87' lang='grc' dir='ltr'>χρεία</span> <span class='ocrx_word' id='word_1_582' title='bbox 3379 4032 3492 4084; x_wconf 70' lang='grc' dir='ltr'>ἐστὶ</span> <span class='ocrx_word' id='word_1_583' title='bbox 3543 4034 3735 4097; x_wconf 71' lang='grc' dir='ltr'><strong>’παντὶ¹</strong></span> 
     </span>
    </p>
   </div>
   <div class='ocr_carea' id='block_1_84' title="bbox 2149 4112 3708 4193">
    <p class='ocr_par' dir='ltr' id='par_1_84' title="bbox 2149 4112 3708 4193">
     <span class='ocr_line' id='line_1_84' title="bbox 2149 4112 3708 4193; baseline 0.007 -27"><span class='ocrx_word' id='word_1_584' title='bbox 2149 4112 2399 4186; x_wconf 82' lang='grc' dir='ltr'>κληρικῷ</span> <span class='ocrx_word' id='word_1_585' title='bbox 2421 4116 2888 4188; x_wconf 78' lang='grc' dir='ltr'>ἐξωχειροτονὴτῳ</span> <span class='ocrx_word' id='word_1_586' title='bbox 2911 4114 3094 4185; x_wconf 76' lang='grc' dir='ltr'>διττὰς</span> <span class='ocrx_word' id='word_1_587' title='bbox 3114 4120 3329 4191; x_wconf 82' lang='grc' dir='ltr'>γραφάς</span> <span class='ocrx_word' id='word_1_588' title='bbox 3352 4123 3708 4193; x_wconf 80' lang='grc' dir='ltr'>ἐπιφέρεσθαι</span> 
     </span>
    </p>
   </div>
   <div class='ocr_carea' id='block_1_85' title="bbox 2145 4205 3704 4286">
    <p class='ocr_par' dir='ltr' id='par_1_85' title="bbox 2145 4205 3704 4286">
     <span class='ocr_line' id='line_1_85' title="bbox 2145 4205 3704 4286; baseline 0.006 -27"><span class='ocrx_word' id='word_1_589' title='bbox 2145 4205 2236 4259; x_wconf 83' lang='grc' dir='ltr'>τοῦ</span> <span class='ocrx_word' id='word_1_590' title='bbox 2302 4212 2775 4279; x_wconf 84' lang='grc' dir='ltr'>χειροτονήσαντος</span> <span class='ocrx_word' id='word_1_591' title='bbox 2839 4212 3039 4280; x_wconf 69' lang='grc' dir='ltr'>αὑτὸν,</span> <span class='ocrx_word' id='word_1_592' title='bbox 3108 4215 3433 4283; x_wconf 76' lang='grc' dir='ltr'>συστατικὴν</span> <span class='ocrx_word' id='word_1_593' title='bbox 3502 4216 3704 4286; x_wconf 77' lang='grc' dir='ltr'>δηλαδὴ</span> 
     </span>
    </p>
   </div>
   <div class='ocr_carea' id='block_1_86' title="bbox 2146 4299 3711 4377">
    <p class='ocr_par' dir='ltr' id='par_1_86' title="bbox 2146 4299 3711 4377">
     <span class='ocr_line' id='line_1_86' title="bbox 2146 4299 3711 4377; baseline 0.006 -26"><span class='ocrx_word' id='word_1_594' title='bbox 2146 4299 2239 4352; x_wconf 74' lang='grc' dir='ltr'>καὶ</span> <span class='ocrx_word' id='word_1_595' title='bbox 2271 4300 2626 4372; x_wconf 80' lang='grc' dir='ltr'>ἀπολυτικὴν,</span> <span class='ocrx_word' id='word_1_596' title='bbox 2667 4304 2743 4367; x_wconf 83' lang='grc' dir='ltr'>ὡς</span> <span class='ocrx_word' id='word_1_597' title='bbox 2775 4304 2840 4357; x_wconf 83' lang='grc' dir='ltr'>ἂν</span> <span class='ocrx_word' id='word_1_598' title='bbox 2868 4307 2932 4373; x_wconf 80' lang='grc' dir='ltr'>τῇ</span> <span class='ocrx_word' id='word_1_599' title='bbox 2967 4305 3066 4375; x_wconf 75' lang='grc' dir='ltr'>μὲν</span> <span class='ocrx_word' id='word_1_600' title='bbox 3096 4307 3367 4377; x_wconf 86' lang='grc' dir='ltr'>χρήσηται</span> <span class='ocrx_word' id='word_1_601' title='bbox 3398 4300 3711 4377; x_wconf 60' lang='grc' dir='ltr'>είςὲπωύι</span> 
     </span>
    </p>
   </div>
   <div class='ocr_carea' id='block_1_87' title="bbox 2148 4392 3701 4469">
    <p class='ocr_par' dir='ltr' id='par_1_87' title="bbox 2148 4392 3701 4469">
     <span class='ocr_line' id='line_1_87' title="bbox 2148 4392 3701 4469; baseline 0.006 -27"><span class='ocrx_word' id='word_1_602' title='bbox 2148 4408 2335 4445; x_wconf 86' lang='grc' dir='ltr'>στασιν</span> <span class='ocrx_word' id='word_1_603' title='bbox 2365 4392 2459 4445; x_wconf 84' lang='grc' dir='ltr'>τοῦ</span> <span class='ocrx_word' id='word_1_604' title='bbox 2489 4395 2782 4462; x_wconf 83' lang='grc' dir='ltr'>λεγομένου</span> <span class='ocrx_word' id='word_1_605' title='bbox 2828 4398 3110 4466; x_wconf 80' lang='grc' dir='ltr'>προσεῖναι</span> <span class='ocrx_word' id='word_1_606' title='bbox 3162 4396 3310 4467; x_wconf 74' lang='grc' dir='ltr'>αὐτῷ</span> <span class='ocrx_word' id='word_1_607' title='bbox 3346 4398 3554 4469; x_wconf 82' lang='grc' dir='ltr'>βαθμοῦ</span> <span class='ocrx_word' id='word_1_608' title='bbox 3584 4415 3599 4431; x_wconf 76' lang='grc' dir='ltr'><strong>ο</strong></span> <span class='ocrx_word' id='word_1_609' title='bbox 3634 4403 3701 4469; x_wconf 78' lang='grc' dir='ltr'><strong>τῇ</strong></span> 
     </span>
    </p>
   </div>
   <div class='ocr_carea' id='block_1_88' title="bbox 482 4457 2051 4561">
    <p class='ocr_par' dir='ltr' id='par_1_88' title="bbox 482 4457 2039 4529">
     <span class='ocr_line' id='line_1_88' title="bbox 482 4457 2039 4529; baseline 0.015 -23"><span class='ocrx_word' id='word_1_610' title='bbox 482 4467 538 4509; x_wconf 85' lang='grc' dir='ltr'><strong>ιιι</strong></span> <span class='ocrx_word' id='word_1_611' title='bbox 575 4457 708 4510; x_wconf 82' lang='lat' dir='ltr'><strong>citra</strong></span> <span class='ocrx_word' id='word_1_612' title='bbox 736 4459 900 4512; x_wconf 86' lang='lat' dir='ltr'><strong>ullum</strong></span> <span class='ocrx_word' id='word_1_613' title='bbox 935 4462 1373 4529; x_wconf 83' lang='lat' dir='ltr'><strong>impedimentum</strong></span> <span class='ocrx_word' id='word_1_614' title='bbox 1426 4468 1494 4519; x_wconf 87' lang='lat' dir='ltr'><strong>ab</strong></span> <span class='ocrx_word' id='word_1_615' title='bbox 1552 4469 1655 4522; x_wconf 90' lang='lat' dir='ltr'><strong>alia</strong></span> <span class='ocrx_word' id='word_1_616' title='bbox 1706 4471 1932 4526; x_wconf 87' lang='lat' dir='ltr'><strong>ecclesia</strong></span> <span class='ocrx_word' id='word_1_617' title='bbox 1988 4476 2039 4529; x_wconf 88' lang='lat' dir='ltr'><strong>in</strong></span> 
     </span>
    </p>
   </div>
   <div class='ocr_carea' id='block_1_89' title="bbox 2150 4457 3702 4561">
    <p class='ocr_par' dir='ltr' id='par_1_89' title="bbox 2150 4457 3702 4561">
     <span class='ocr_line' id='line_1_89' title="bbox 2150 4457 3702 4561; baseline 0.006 -27"><span class='ocrx_word' id='word_1_618' title='bbox 2150 4483 2197 4535; x_wconf 75' lang='grc' dir='ltr'>δὲ</span> <span class='ocrx_word' id='word_1_619' title='bbox 2224 4484 2301 4545; x_wconf 86' lang='grc' dir='ltr'><strong>είς</strong></span> <span class='ocrx_word' id='word_1_620' title='bbox 2316 4484 2376 4536; x_wconf 87' lang='grc' dir='ltr'>τὸ</span> <span class='ocrx_word' id='word_1_621' title='bbox 2388 4457 2978 4558; x_wconf 34' lang='grc' dir='ltr'>ἀπαρε-μποδίστωςέιίΐ</span> <span class='ocrx_word' id='word_1_622' title='bbox 3000 4490 3189 4560; x_wconf 82' lang='grc' dir='ltr'>ἐτέρας</span> <span class='ocrx_word' id='word_1_623' title='bbox 3208 4457 3499 4557; x_wconf 71' lang='grc' dir='ltr'>ἐκκλησίας</span> <span class='ocrx_word' id='word_1_624' title='bbox 3516 4457 3702 4561; x_wconf 84' lang='grc' dir='ltr'><strong>κλή</strong></span> 
     </span>
    </p>
   </div>
   <div class='ocr_carea' id='block_1_90' title="bbox 480 4547 2039 4625">
    <p class='ocr_par' dir='ltr' id='par_1_90' title="bbox 480 4547 2039 4625">
     <span class='ocr_line' id='line_1_90' title="bbox 480 4547 2039 4625; baseline 0.013 -26"><span class='ocrx_word' id='word_1_625' title='bbox 480 4547 680 4602; x_wconf 82' lang='lat' dir='ltr'><strong>clerum</strong></span> <span class='ocrx_word' id='word_1_626' title='bbox 708 4560 1006 4617; x_wconf 74' lang='lat' dir='ltr'><strong>rcoptetur.</strong></span> <span class='ocrx_word' id='word_1_627' title='bbox 1037 4552 1171 4606; x_wconf 86' lang='lat' dir='ltr'><strong>Nota</strong></span> <span class='ocrx_word' id='word_1_628' title='bbox 1215 4570 1343 4623; x_wconf 74' lang='lat' dir='ltr'><strong>ergo</strong></span> <span class='ocrx_word' id='word_1_629' title='bbox 1402 4568 1725 4625; x_wconf 67' lang='lat' dir='ltr'><strong>prmsentem</strong></span> <span class='ocrx_word' id='word_1_630' title='bbox 1780 4578 2039 4619; x_wconf 84' lang='lat' dir='ltr'><strong>canonem</strong></span> 
     </span>
    </p>
   </div>
   <div class='ocr_carea' id='block_1_91' title="bbox 484 4638 2038 4723">
    <p class='ocr_par' dir='ltr' id='par_1_91' title="bbox 484 4638 2038 4723">
     <span class='ocr_line' id='line_1_91' title="bbox 484 4638 2038 4723; baseline 0.015 -33"><span class='ocrx_word' id='word_1_631' title='bbox 484 4638 716 4693; x_wconf 79' lang='lat' dir='ltr'><strong>maxime</strong></span> <span class='ocrx_word' id='word_1_632' title='bbox 748 4643 1111 4696; x_wconf 84' lang='lat' dir='ltr'><strong>necessarium</strong></span> <span class='ocrx_word' id='word_1_633' title='bbox 1155 4660 1296 4709; x_wconf 87' lang='lat' dir='ltr'><strong>esse,</strong></span> <span class='ocrx_word' id='word_1_634' title='bbox 1358 4657 1418 4721; x_wconf 84' lang='lat' dir='ltr'><strong>et</strong></span> <span class='ocrx_word' id='word_1_635' title='bbox 1468 4650 1722 4707; x_wconf 90' lang='lat' dir='ltr'><strong>clericum</strong></span> <span class='ocrx_word' id='word_1_636' title='bbox 1780 4656 1870 4723; x_wconf 89' lang='lat' dir='ltr'><strong>qui</strong></span> <span class='ocrx_word' id='word_1_637' title='bbox 1931 4673 2038 4713; x_wconf 90' lang='lat' dir='ltr'><strong>nou</strong></span> 
     </span>
    </p>
   </div>
   <div class='ocr_carea' id='block_1_92' title="bbox 485 4730 2041 4816">
    <p class='ocr_par' dir='ltr' id='par_1_92' title="bbox 485 4730 2041 4816">
     <span class='ocr_line' id='line_1_92' title="bbox 485 4730 2041 4816; baseline 0.016 -35"><span class='ocrx_word' id='word_1_638' title='bbox 485 4730 631 4785; x_wconf 78' lang='lat' dir='ltr'><strong>illius</strong></span> <span class='ocrx_word' id='word_1_639' title='bbox 663 4733 860 4788; x_wconf 89' lang='lat' dir='ltr'><strong>virtute</strong></span> <span class='ocrx_word' id='word_1_640' title='bbox 890 4746 1136 4805; x_wconf 75' lang='lat' dir='ltr'><strong>receptus</strong></span> <span class='ocrx_word' id='word_1_641' title='bbox 1167 4749 1268 4803; x_wconf 87' lang='lat' dir='ltr'><strong>est,</strong></span> <span class='ocrx_word' id='word_1_642' title='bbox 1305 4751 1359 4795; x_wconf 92' lang='lat' dir='ltr'><strong>et</strong></span> <span class='ocrx_word' id='word_1_643' title='bbox 1406 4744 1715 4813; x_wconf 85' lang='lat' dir='ltr'><strong>episcopum</strong></span> <span class='ocrx_word' id='word_1_644' title='bbox 1770 4750 1858 4816; x_wconf 87' lang='lat' dir='ltr'><strong>qui</strong></span> <span class='ocrx_word' id='word_1_645' title='bbox 1917 4767 2041 4807; x_wconf 82' lang='lat' dir='ltr'><strong>eum</strong></span> 
     </span>
    </p>
   </div>
   <div class='ocr_carea' id='block_1_93' title="bbox 488 4823 2039 4910">
    <p class='ocr_par' dir='ltr' id='par_1_93' title="bbox 488 4823 2039 4910">
     <span class='ocr_line' id='line_1_93' title="bbox 488 4823 2039 4910; baseline 0.012 -36"><span class='ocrx_word' id='word_1_646' title='bbox 488 4823 700 4893; x_wconf 61' lang='lat' dir='ltr'><strong>recvpit</strong></span> <span class='ocrx_word' id='word_1_647' title='bbox 730 4824 845 4878; x_wconf 89' lang='lat' dir='ltr'><strong>sine</strong></span> <span class='ocrx_word' id='word_1_648' title='bbox 885 4826 1189 4882; x_wconf 88' lang='lat' dir='ltr'><strong>dimissoria</strong></span> <span class='ocrx_word' id='word_1_649' title='bbox 1232 4830 1349 4899; x_wconf 75' lang='lat' dir='ltr'><strong>ejus</strong></span> <span class='ocrx_word' id='word_1_650' title='bbox 1396 4835 1487 4902; x_wconf 86' lang='lat' dir='ltr'><strong>qui</strong></span> <span class='ocrx_word' id='word_1_651' title='bbox 1549 4836 1707 4889; x_wconf 85' lang='lat' dir='ltr'><strong>illum</strong></span> <span class='ocrx_word' id='word_1_652' title='bbox 1751 4840 2039 4910; x_wconf 82' lang='lat' dir='ltr'><strong>ordinavit,</strong></span> 
     </span>
    </p>
   </div>
   <div class='ocr_carea' id='block_1_94' title="bbox 481 4914 2034 5001">
    <p class='ocr_par' dir='ltr' id='par_1_94' title="bbox 481 4914 2034 5001">
     <span class='ocr_line' id='line_1_94' title="bbox 481 4914 2034 5001; baseline 0.017 -37"><span class='ocrx_word' id='word_1_653' title='bbox 481 4914 672 4983; x_wconf 86' lang='lat' dir='ltr'><strong>depOui</strong></span> <span class='ocrx_word' id='word_1_654' title='bbox 731 4916 942 4986; x_wconf 87' lang='lat' dir='ltr'><strong>jubere.</strong></span> <span class='ocrx_word' id='word_1_655' title='bbox 983 4919 1112 4973; x_wconf 87' lang='lat' dir='ltr'><strong>Cum</strong></span> <span class='ocrx_word' id='word_1_656' title='bbox 1156 4922 1258 4978; x_wconf 90' lang='lat' dir='ltr'><strong>hoc</strong></span> <span class='ocrx_word' id='word_1_657' title='bbox 1294 4926 1437 4978; x_wconf 88' lang='lat' dir='ltr'><strong>enim</strong></span> <span class='ocrx_word' id='word_1_658' title='bbox 1485 4943 1626 4996; x_wconf 56' lang='lat' dir='ltr'><strong>saepe</strong></span> <span class='ocrx_word' id='word_1_659' title='bbox 1677 4935 1931 5001; x_wconf 77' lang='lat' dir='ltr'><strong>symdice</strong></span> <span class='ocrx_word' id='word_1_660' title='bbox 1958 4936 2034 4989; x_wconf 89' lang='lat' dir='ltr'><strong>di-</strong></span> 
     </span>
    </p>
   </div>
   <div class='ocr_carea' id='block_1_95' title="bbox 482 5008 2043 5082">
    <p class='ocr_par' dir='ltr' id='par_1_95' title="bbox 482 5008 2043 5082">
     <span class='ocr_line' id='line_1_95' title="bbox 482 5008 2043 5082; baseline 0.013 -24"><span class='ocrx_word' id='word_1_661' title='bbox 482 5018 629 5060; x_wconf 77' lang='lat' dir='ltr'><strong>ctum</strong></span> <span class='ocrx_word' id='word_1_662' title='bbox 662 5019 824 5072; x_wconf 87' lang='lat' dir='ltr'><strong>esset,</strong></span> <span class='ocrx_word' id='word_1_663' title='bbox 857 5008 1105 5065; x_wconf 85' lang='lat' dir='ltr'><strong>dixerunt</strong></span> <span class='ocrx_word' id='word_1_664' title='bbox 1125 5014 1364 5082; x_wconf 88' lang='lat' dir='ltr'><strong>quidam,</strong></span> <span class='ocrx_word' id='word_1_665' title='bbox 1395 5032 1553 5071; x_wconf 87' lang='lat' dir='ltr'><strong>unam</strong></span> <span class='ocrx_word' id='word_1_666' title='bbox 1589 5020 1669 5073; x_wconf 89' lang='lat' dir='ltr'><strong>vel</strong></span> <span class='ocrx_word' id='word_1_667' title='bbox 1701 5023 1868 5076; x_wconf 84' lang='lat' dir='ltr'><strong>solam</strong></span> <span class='ocrx_word' id='word_1_668' title='bbox 1903 5027 2043 5079; x_wconf 89' lang='lat' dir='ltr'><strong>scri-</strong></span> 
     </span>
    </p>
   </div>
   <div class='ocr_carea' id='block_1_96' title="bbox 485 5101 2041 5180">
    <p class='ocr_par' dir='ltr' id='par_1_96' title="bbox 485 5101 2041 5180">
     <span class='ocr_line' id='line_1_96' title="bbox 485 5101 2041 5180; baseline 0.015 -30"><span class='ocrx_word' id='word_1_669' title='bbox 485 5111 695 5165; x_wconf 89' lang='lat' dir='ltr'><strong>pturam</strong></span> <span class='ocrx_word' id='word_1_670' title='bbox 728 5101 862 5156; x_wconf 88' lang='lat' dir='ltr'><strong>satis</strong></span> <span class='ocrx_word' id='word_1_671' title='bbox 889 5118 1009 5158; x_wconf 89' lang='lat' dir='ltr'><strong>esse</strong></span> <span class='ocrx_word' id='word_1_672' title='bbox 1044 5105 1092 5157; x_wconf 88' lang='lat' dir='ltr'><strong>ei</strong></span> <span class='ocrx_word' id='word_1_673' title='bbox 1122 5107 1212 5173; x_wconf 87' lang='lat' dir='ltr'><strong>qui</strong></span> <span class='ocrx_word' id='word_1_674' title='bbox 1242 5118 1324 5162; x_wconf 85' lang='lat' dir='ltr'><strong>est</strong></span> <span class='ocrx_word' id='word_1_675' title='bbox 1351 5109 1484 5165; x_wconf 82' lang='lat' dir='ltr'><strong>foris</strong></span> <span class='ocrx_word' id='word_1_676' title='bbox 1516 5111 1813 5180; x_wconf 85' lang='lat' dir='ltr'><strong>ordinatus,</strong></span> <span class='ocrx_word' id='word_1_677' title='bbox 1833 5117 2041 5173; x_wconf 84' lang='lat' dir='ltr'><strong>scilicet</strong></span> 
     </span>
    </p>
   </div>
   <div class='ocr_carea' id='block_1_97' title="bbox 481 5191 2043 5277">
    <p class='ocr_par' dir='ltr' id='par_1_97' title="bbox 481 5191 2043 5277">
     <span class='ocr_line' id='line_1_97' title="bbox 481 5191 2043 5277; baseline 0.016 -39"><span class='ocrx_word' id='word_1_678' title='bbox 481 5191 1247 5266; x_wconf 56' lang='lat' dir='ltr'><strong>commendatitiam.Excipe</strong></span> <span class='ocrx_word' id='word_1_679' title='bbox 1311 5198 1438 5253; x_wconf 89' lang='lat' dir='ltr'><strong>mihi</strong></span> <span class='ocrx_word' id='word_1_680' title='bbox 1503 5201 2043 5277; x_wconf 78' lang='lat' dir='ltr'><strong>Constantinopolita-</strong></span> 
     </span>
    </p>
   </div>
   <div class='ocr_carea' id='block_1_98' title="bbox 482 5283 2037 5365">
    <p class='ocr_par' dir='ltr' id='par_1_98' title="bbox 482 5283 2037 5365">
     <span class='ocr_line' id='line_1_98' title="bbox 482 5283 2037 5365; baseline 0.015 -34"><span class='ocrx_word' id='word_1_681' title='bbox 482 5297 607 5334; x_wconf 92' lang='lat' dir='ltr'><strong>num</strong></span> <span class='ocrx_word' id='word_1_682' title='bbox 644 5283 1204 5356; x_wconf 80' lang='lat' dir='ltr'><strong>etCarthaginensem</strong></span> <span class='ocrx_word' id='word_1_683' title='bbox 1238 5291 1568 5361; x_wconf 80' lang='lat' dir='ltr'><strong>episcopum.</strong></span> <span class='ocrx_word' id='word_1_684' title='bbox 1614 5293 1651 5347; x_wconf 86' lang='lat' dir='ltr'><strong>li</strong></span> <span class='ocrx_word' id='word_1_685' title='bbox 1710 5298 1853 5350; x_wconf 90' lang='lat' dir='ltr'><strong>enim</strong></span> <span class='ocrx_word' id='word_1_686' title='bbox 1914 5301 2037 5365; x_wconf 91' lang='lat' dir='ltr'><strong>soli,</strong></span> 
     </span>
    </p>
   </div>
   <div class='ocr_carea' id='block_1_99' title="bbox 482 5378 2039 5450">
    <p class='ocr_par' dir='ltr' id='par_1_99' title="bbox 482 5378 2039 5450">
     <span class='ocr_line' id='line_1_99' title="bbox 482 5378 2039 5450; baseline 0.015 -27"><span class='ocrx_word' id='word_1_687' title='bbox 482 5383 540 5425; x_wconf 81' lang='lat' dir='ltr'><strong>ut</strong></span> <span class='ocrx_word' id='word_1_688' title='bbox 602 5387 744 5442; x_wconf 62' lang='lat' dir='ltr'><strong>saepe</strong></span> <span class='ocrx_word' id='word_1_689' title='bbox 808 5378 1008 5432; x_wconf 86' lang='lat' dir='ltr'><strong>dictqu</strong></span> <span class='ocrx_word' id='word_1_690' title='bbox 1075 5390 1182 5445; x_wconf 87' lang='lat' dir='ltr'><strong>est,</strong></span> <span class='ocrx_word' id='word_1_691' title='bbox 1248 5393 1471 5450; x_wconf 87' lang='lat' dir='ltr'><strong>possunt</strong></span> <span class='ocrx_word' id='word_1_692' title='bbox 1542 5386 1746 5443; x_wconf 88' lang='lat' dir='ltr'><strong>alienos</strong></span> <span class='ocrx_word' id='word_1_693' title='bbox 1811 5389 2039 5447; x_wconf 86' lang='lat' dir='ltr'><strong>clericos</strong></span> 
     </span>
    </p>
   </div>
   <div class='ocr_carea' id='block_1_100' title="bbox 482 5465 2039 5555">
    <p class='ocr_par' dir='ltr' id='par_1_100' title="bbox 482 5465 2039 5555">
     <span class='ocr_line' id='line_1_100' title="bbox 482 5465 2039 5555; baseline 0.018 -42"><span class='ocrx_word' id='word_1_694' title='bbox 482 5465 753 5535; x_wconf 76' lang='lat' dir='ltr'><strong>suscipere</strong></span> <span class='ocrx_word' id='word_1_695' title='bbox 830 5480 1027 5538; x_wconf 67' lang='lat' dir='ltr'><strong>praeter</strong></span> <span class='ocrx_word' id='word_1_696' title='bbox 1094 5474 1420 5532; x_wconf 81' lang='lat' dir='ltr'><strong>voluntatem</strong></span> <span class='ocrx_word' id='word_1_697' title='bbox 1488 5494 1671 5534; x_wconf 90' lang='lat' dir='ltr'><strong>eorum</strong></span> <span class='ocrx_word' id='word_1_698' title='bbox 1745 5484 1833 5552; x_wconf 89' lang='lat' dir='ltr'><strong>qui</strong></span> <span class='ocrx_word' id='word_1_699' title='bbox 1893 5484 2039 5555; x_wconf 84' lang='lat' dir='ltr'><strong>ipsos</strong></span> 
     </span>
    </p>
   </div>
   <div class='ocr_carea' id='block_1_101' title="bbox 480 5558 1321 5627">
    <p class='ocr_par' dir='ltr' id='par_1_101' title="bbox 480 5558 1321 5627">
     <span class='ocr_line' id='line_1_101' title="bbox 480 5558 1321 5627; baseline 0.012 -22"><span class='ocrx_word' id='word_1_700' title='bbox 480 5558 816 5614; x_wconf 84' lang='lat' dir='ltr'><strong>ordinarunt.</strong></span> <span class='ocrx_word' id='word_1_701' title='bbox 1306 5610 1321 5627; x_wconf 67' lang='grc'><strong>,.</strong></span> 
     </span>
    </p>
   </div>
   <div class='ocr_carea' id='block_1_102' title="bbox 552 5646 2040 5727">
    <p class='ocr_par' dir='ltr' id='par_1_102' title="bbox 552 5646 2040 5727">
     <span class='ocr_line' id='line_1_102' title="bbox 552 5646 2040 5727; baseline 0.018 -27"><span class='ocrx_word' id='word_1_702' title='bbox 552 5646 803 5707; x_wconf 78' lang='lat' dir='ltr'><strong>ZONAR.</strong></span> <span class='ocrx_word' id='word_1_703' title='bbox 836 5652 980 5708; x_wconf 77' lang='lat' dir='ltr'><strong>Multi</strong></span> <span class='ocrx_word' id='word_1_704' title='bbox 1008 5657 1059 5710; x_wconf 89' lang='lat' dir='ltr'><strong>in</strong></span> <span class='ocrx_word' id='word_1_705' title='bbox 1092 5658 1235 5714; x_wconf 82' lang='lat' dir='ltr'><strong>hanc</strong></span> <span class='ocrx_word' id='word_1_706' title='bbox 1260 5698 1261 5701; x_wconf 60' lang='grc' dir='ltr'><strong>η</strong></span> <span class='ocrx_word' id='word_1_707' title='bbox 1285 5664 1603 5718; x_wconf 84' lang='lat' dir='ltr'><strong>sententiam</strong></span> <span class='ocrx_word' id='word_1_708' title='bbox 1664 5666 1753 5722; x_wconf 81' lang='lat' dir='ltr'><strong>alii</strong></span> <span class='ocrx_word' id='word_1_709' title='bbox 1806 5683 2040 5727; x_wconf 87' lang='lat' dir='ltr'><strong>canones</strong></span> 
     </span>
    </p>
   </div>
   <div class='ocr_carea' id='block_1_103' title="bbox 480 5741 2009 5821">
    <p class='ocr_par' dir='ltr' id='par_1_103' title="bbox 480 5741 2009 5821">
     <span class='ocr_line' id='line_1_103' title="bbox 480 5741 2009 5821; baseline 0.016 -24"><span class='ocrx_word' id='word_1_710' title='bbox 480 5741 608 5797; x_wconf 83' lang='lat' dir='ltr'><strong>editi</strong></span> <span class='ocrx_word' id='word_1_711' title='bbox 646 5753 787 5799; x_wconf 89' lang='lat' dir='ltr'><strong>sunt.</strong></span> <span class='ocrx_word' id='word_1_712' title='bbox 815 5744 911 5801; x_wconf 87' lang='lat' dir='ltr'><strong>ilic</strong></span> <span class='ocrx_word' id='word_1_713' title='bbox 938 5762 1150 5819; x_wconf 45' lang='lat' dir='ltr'><strong>quoque</strong></span> <span class='ocrx_word' id='word_1_714' title='bbox 1180 5751 1435 5807; x_wconf 81' lang='lat' dir='ltr'><strong>clericum</strong></span> <span class='ocrx_word' id='word_1_715' title='bbox 1465 5756 1516 5810; x_wconf 88' lang='lat' dir='ltr'><strong>in</strong></span> <span class='ocrx_word' id='word_1_716' title='bbox 1550 5758 1706 5814; x_wconf 75' lang='lat' dir='ltr'><strong>aliam</strong></span> <span class='ocrx_word' id='word_1_717' title='bbox 1729 5762 2009 5821; x_wconf 84' lang='lat' dir='ltr'><strong>ecclesiam</strong></span> 
     </span>
    </p>
   </div>
   <div class='ocr_carea' id='block_1_104' title="bbox 2144 4576 3707 4652">
    <p class='ocr_par' dir='ltr' id='par_1_104' title="bbox 2144 4576 3707 4652">
     <span class='ocr_line' id='line_1_104' title="bbox 2144 4576 3707 4652; baseline 0.006 -24"><span class='ocrx_word' id='word_1_718' title='bbox 2144 4576 2633 4647; x_wconf 68' lang='grc' dir='ltr'>ουγκαταλεγῆναι.</span> <span class='ocrx_word' id='word_1_719' title='bbox 2673 4579 2983 4649; x_wconf 85' lang='grc' dir='ltr'>Σημείωσαι</span> <span class='ocrx_word' id='word_1_720' title='bbox 3006 4581 3101 4636; x_wconf 78' lang='grc' dir='ltr'>οὖν</span> <span class='ocrx_word' id='word_1_721' title='bbox 3125 4583 3214 4635; x_wconf 75' lang='grc' dir='ltr'>τὸν</span> <span class='ocrx_word' id='word_1_722' title='bbox 3236 4583 3473 4652; x_wconf 81' lang='grc' dir='ltr'>παρόντα</span> <span class='ocrx_word' id='word_1_723' title='bbox 3504 4585 3707 4638; x_wconf 79' lang='grc' dir='ltr'>κανόνα</span> 
     </span>
    </p>
   </div>
   <div class='ocr_carea' id='block_1_105' title="bbox 2142 4667 3701 4746">
    <p class='ocr_par' dir='ltr' id='par_1_105' title="bbox 2142 4667 3701 4746">
     <span class='ocr_line' id='line_1_105' title="bbox 2142 4667 3701 4746; baseline 0.006 -25"><span class='ocrx_word' id='word_1_724' title='bbox 2142 4669 2568 4736; x_wconf 82' lang='grc' dir='ltr'>ἀναγκαιότατον</span> <span class='ocrx_word' id='word_1_725' title='bbox 2605 4667 2765 4738; x_wconf 78' lang='grc' dir='ltr'>εἶναι,</span> <span class='ocrx_word' id='word_1_726' title='bbox 2789 4674 2883 4727; x_wconf 71' lang='grc' dir='ltr'><strong>καὶ</strong></span> <span class='ocrx_word' id='word_1_727' title='bbox 2912 4674 3280 4746; x_wconf 81' lang='grc' dir='ltr'>διοριζόμενον</span> <span class='ocrx_word' id='word_1_728' title='bbox 3316 4678 3701 4746; x_wconf 74' lang='grc' dir='ltr'>καθαιρεῖσθαι</span> 
     </span>
    </p>
   </div>
   <div class='ocr_carea' id='block_1_106' title="bbox 2141 4764 3704 4841">
    <p class='ocr_par' dir='ltr' id='par_1_106' title="bbox 2141 4764 3704 4841">
     <span class='ocr_line' id='line_1_106' title="bbox 2141 4764 3704 4841; baseline 0.004 -24"><span class='ocrx_word' id='word_1_729' title='bbox 2141 4764 2234 4817; x_wconf 73' lang='grc' dir='ltr'>τὸν</span> <span class='ocrx_word' id='word_1_730' title='bbox 2262 4765 2412 4835; x_wconf 76' lang='grc' dir='ltr'>παρὰ</span> <span class='ocrx_word' id='word_1_731' title='bbox 2439 4766 2537 4835; x_wconf 79' lang='grc' dir='ltr'>τὴν</span> <span class='ocrx_word' id='word_1_732' title='bbox 2566 4770 2757 4820; x_wconf 85' lang='grc' dir='ltr'>τούτου</span> <span class='ocrx_word' id='word_1_733' title='bbox 2790 4767 3018 4837; x_wconf 71' lang='grc' dir='ltr'>δύναμιν</span> <span class='ocrx_word' id='word_1_734' title='bbox 3041 4769 3294 4839; x_wconf 81' lang='grc' dir='ltr'>δεχθέντα</span> <span class='ocrx_word' id='word_1_735' title='bbox 3323 4771 3582 4841; x_wconf 71' lang='grc' dir='ltr'>κληρικὺν</span> <span class='ocrx_word' id='word_1_736' title='bbox 3604 4772 3704 4823; x_wconf 80' lang='grc' dir='ltr'><strong>καὶ</strong></span> 
     </span>
    </p>
   </div>
   <div class='ocr_carea' id='block_1_107' title="bbox 2141 4847 3707 4933">
    <p class='ocr_par' dir='ltr' id='par_1_107' title="bbox 2141 4847 3707 4933">
     <span class='ocr_line' id='line_1_107' title="bbox 2141 4847 3707 4933; baseline 0.001 -23"><span class='ocrx_word' id='word_1_737' title='bbox 2141 4858 2232 4910; x_wconf 80' lang='grc' dir='ltr'>τὸν</span> <span class='ocrx_word' id='word_1_738' title='bbox 2266 4858 2659 4928; x_wconf 75' lang='grc' dir='ltr'>ἀναδεξάμενον</span> <span class='ocrx_word' id='word_1_739' title='bbox 2699 4861 2858 4914; x_wconf 74' lang='grc' dir='ltr'>αὐτὸν</span> <span class='ocrx_word' id='word_1_740' title='bbox 2883 4861 3183 4915; x_wconf 80' lang='grc' dir='ltr'>ἐπισκοπυν</span> <span class='ocrx_word' id='word_1_741' title='bbox 3223 4862 3393 4933; x_wconf 69' lang='grc' dir='ltr'>χωρὶς</span> <span class='ocrx_word' id='word_1_742' title='bbox 3444 4847 3707 4914; x_wconf 73' lang='grc' dir='ltr'>ἀπολυτι-</span> 
     </span>
    </p>
   </div>
   <div class='ocr_carea' id='block_1_108' title="bbox 2144 4950 3705 5025">
    <p class='ocr_par' dir='ltr' id='par_1_108' title="bbox 2144 4950 3705 5025">
     <span class='ocr_line' id='line_1_108' title="bbox 2144 4950 3705 5025; baseline 0.002 -22"><span class='ocrx_word' id='word_1_743' title='bbox 2144 4950 2245 5020; x_wconf 85' lang='grc' dir='ltr'>κῆς</span> <span class='ocrx_word' id='word_1_744' title='bbox 2273 4950 2367 5003; x_wconf 79' lang='grc' dir='ltr'>τοῦ</span> <span class='ocrx_word' id='word_1_745' title='bbox 2414 4952 2889 5021; x_wconf 81' lang='grc' dir='ltr'>χειροτονήσαντος</span> <span class='ocrx_word' id='word_1_746' title='bbox 2919 4954 3100 5009; x_wconf 71' lang='grc' dir='ltr'>αὐτόν.</span> <span class='ocrx_word' id='word_1_747' title='bbox 3132 4954 3398 5016; x_wconf 81' lang='grc' dir='ltr'>Πολλάκις</span> <span class='ocrx_word' id='word_1_748' title='bbox 3425 4954 3533 5025; x_wconf 75' lang='grc' dir='ltr'><strong>γὰρ</strong></span> <span class='ocrx_word' id='word_1_749' title='bbox 3572 4953 3705 5006; x_wconf 81' lang='grc' dir='ltr'>τού-</span> 
     </span>
    </p>
   </div>
   <div class='ocr_carea' id='block_1_109' title="bbox 2140 5042 3703 5116">
    <p class='ocr_par' dir='ltr' id='par_1_109' title="bbox 2140 5042 3703 5116">
     <span class='ocr_line' id='line_1_109' title="bbox 2140 5042 3703 5116; baseline 0.001 -21"><span class='ocrx_word' id='word_1_750' title='bbox 2140 5060 2231 5095; x_wconf 87' lang='grc' dir='ltr'><strong>του</strong></span> <span class='ocrx_word' id='word_1_751' title='bbox 2262 5042 2590 5113; x_wconf 85' lang='grc' dir='ltr'>λαληθέντος</span> <span class='ocrx_word' id='word_1_752' title='bbox 2618 5044 2933 5111; x_wconf 83' lang='grc' dir='ltr'>συνοδικῶς,</span> <span class='ocrx_word' id='word_1_753' title='bbox 2964 5045 3109 5109; x_wconf 80' lang='grc' dir='ltr'>τινὲς</span> <span class='ocrx_word' id='word_1_754' title='bbox 3130 5042 3281 5099; x_wconf 76' lang='grc' dir='ltr'>εἷπον</span> <span class='ocrx_word' id='word_1_755' title='bbox 3308 5047 3436 5115; x_wconf 86' lang='grc' dir='ltr'>μίαν</span> <span class='ocrx_word' id='word_1_756' title='bbox 3477 5046 3571 5099; x_wconf 76' lang='grc' dir='ltr'>καὶ</span> <span class='ocrx_word' id='word_1_757' title='bbox 3603 5046 3703 5116; x_wconf 85' lang='grc' dir='ltr'>μό-</span> 
     </span>
    </p>
   </div>
   <div class='ocr_carea' id='block_1_110' title="bbox 2143 5122 3703 5209">
    <p class='ocr_par' dir='ltr' id='par_1_110' title="bbox 2143 5122 3703 5209">
     <span class='ocr_line' id='line_1_110' title="bbox 2143 5122 3703 5209; baseline 0.001 -23"><span class='ocrx_word' id='word_1_758' title='bbox 2143 5122 2240 5205; x_wconf 79' lang='grc' dir='ltr'><strong>νην</strong></span> <span class='ocrx_word' id='word_1_759' title='bbox 2272 5137 2489 5206; x_wconf 80' lang='grc' dir='ltr'>γραφὴν</span> <span class='ocrx_word' id='word_1_760' title='bbox 2517 5137 2595 5205; x_wconf 80' lang='grc' dir='ltr'>τῷ</span> <span class='ocrx_word' id='word_1_761' title='bbox 2628 5137 3096 5209; x_wconf 81' lang='grc' dir='ltr'>ἐξωχειροτονήτῳ</span> <span class='ocrx_word' id='word_1_762' title='bbox 3121 5138 3327 5208; x_wconf 86' lang='grc' dir='ltr'>ἀρκεῖν,</span> <span class='ocrx_word' id='word_1_763' title='bbox 3368 5136 3703 5206; x_wconf 80' lang='grc' dir='ltr'>συστατικῆν</span> 
     </span>
    </p>
   </div>
   <div class='ocr_carea' id='block_1_111' title="bbox 2140 5227 3700 5299">
    <p class='ocr_par' dir='ltr' id='par_1_111' title="bbox 2140 5227 3700 5299">
     <span class='ocr_line' id='line_1_111' title="bbox 2140 5227 3700 5299; baseline -0.001 -18"><span class='ocrx_word' id='word_1_764' title='bbox 2140 5228 2368 5298; x_wconf 88' lang='grc' dir='ltr'>δηλαδή.</span> <span class='ocrx_word' id='word_1_765' title='bbox 2396 5227 2670 5299; x_wconf 56' lang='grc' dir='ltr'><strong>⁷κΥοιιέξελὲ</strong></span> <span class='ocrx_word' id='word_1_766' title='bbox 2697 5246 2785 5297; x_wconf 91' lang='grc' dir='ltr'><strong>μοι</strong></span> <span class='ocrx_word' id='word_1_767' title='bbox 2828 5230 2919 5281; x_wconf 83' lang='grc' dir='ltr'>τὸν</span> <span class='ocrx_word' id='word_1_768' title='bbox 2952 5230 3575 5293; x_wconf 80' lang='grc' dir='ltr'>Κωνσταντινουπόλεως</span> <span class='ocrx_word' id='word_1_769' title='bbox 3604 5229 3700 5281; x_wconf 75' lang='grc' dir='ltr'>καὶ</span> 
     </span>
    </p>
   </div>
   <div class='ocr_carea' id='block_1_112' title="bbox 2142 5316 3702 5391">
    <p class='ocr_par' dir='ltr' id='par_1_112' title="bbox 2142 5316 3702 5391">
     <span class='ocr_line' id='line_1_112' title="bbox 2142 5316 3702 5391; baseline 0 -21"><span class='ocrx_word' id='word_1_770' title='bbox 2142 5319 2234 5370; x_wconf 87' lang='grc' dir='ltr'>τὸν</span> <span class='ocrx_word' id='word_1_771' title='bbox 2261 5318 2625 5389; x_wconf 82' lang='grc' dir='ltr'>Καρχηδόνος.</span> <span class='ocrx_word' id='word_1_772' title='bbox 2663 5316 2821 5373; x_wconf 77' lang='grc' dir='ltr'>Οὗτοι</span> <span class='ocrx_word' id='word_1_773' title='bbox 2842 5319 2950 5390; x_wconf 83' lang='grc' dir='ltr'><strong>γάρ</strong></span> <span class='ocrx_word' id='word_1_774' title='bbox 2980 5320 3127 5391; x_wconf 81' lang='grc' dir='ltr'>μόνοι</span> <span class='ocrx_word' id='word_1_775' title='bbox 3162 5321 3434 5386; x_wconf 80' lang='grc' dir='ltr'>δύνανται,</span> <span class='ocrx_word' id='word_1_776' title='bbox 3468 5322 3543 5383; x_wconf 78' lang='grc' dir='ltr'>ὡς</span> <span class='ocrx_word' id='word_1_777' title='bbox 3569 5320 3702 5371; x_wconf 69' lang='grc' dir='ltr'>πολ-</span> 
     </span>
    </p>
   </div>
   <div class='ocr_carea' id='block_1_113' title="bbox 2140 5407 3697 5483">
    <p class='ocr_par' dir='ltr' id='par_1_113' title="bbox 2140 5407 3697 5483">
     <span class='ocr_line' id='line_1_113' title="bbox 2140 5407 3697 5483; baseline 0.003 -24"><span class='ocrx_word' id='word_1_778' title='bbox 2140 5407 2294 5471; x_wconf 84' lang='grc' dir='ltr'>λάκις</span> <span class='ocrx_word' id='word_1_779' title='bbox 2326 5408 2562 5480; x_wconf 74' lang='grc' dir='ltr'>εἴρηται,</span> <span class='ocrx_word' id='word_1_780' title='bbox 2600 5409 2912 5481; x_wconf 85' lang='grc' dir='ltr'>ἀλλοτρίους</span> <span class='ocrx_word' id='word_1_781' title='bbox 2946 5410 3237 5481; x_wconf 79' lang='grc' dir='ltr'>κληρικοὺς</span> <span class='ocrx_word' id='word_1_782' title='bbox 3270 5412 3515 5483; x_wconf 76' lang='grc' dir='ltr'>δέχεσθαι</span> <span class='ocrx_word' id='word_1_783' title='bbox 3543 5411 3697 5480; x_wconf 78' lang='grc' dir='ltr'>παρὰ</span> 
     </span>
    </p>
   </div>
   <div class='ocr_carea' id='block_1_114' title="bbox 2144 5499 3274 5574">
    <p class='ocr_par' dir='ltr' id='par_1_114' title="bbox 2144 5499 3274 5574">
     <span class='ocr_line' id='line_1_114' title="bbox 2144 5499 3274 5574; baseline 0.005 -23"><span class='ocrx_word' id='word_1_784' title='bbox 2144 5499 2368 5569; x_wconf 79' lang='grc' dir='ltr'>γνώμην</span> <span class='ocrx_word' id='word_1_785' title='bbox 2406 5501 2516 5555; x_wconf 84' lang='grc' dir='ltr'>τῶν</span> <span class='ocrx_word' id='word_1_786' title='bbox 2543 5503 3033 5574; x_wconf 82' lang='grc' dir='ltr'>χειροτονησάντων</span> <span class='ocrx_word' id='word_1_787' title='bbox 3058 5503 3274 5565; x_wconf 75' lang='grc' dir='ltr'>αὐτούς.</span> 
     </span>
    </p>
   </div>
   <div class='ocr_carea' id='block_1_115' title="bbox 2212 5677 3696 5754">
    <p class='ocr_par' dir='ltr' id='par_1_115' title="bbox 2212 5677 3696 5754">
     <span class='ocr_line' id='line_1_115' title="bbox 2212 5677 3696 5754; baseline 0.003 -25"><span class='ocrx_word' id='word_1_788' title='bbox 2212 5677 2457 5732; x_wconf 78' lang='grc' dir='ltr'><strong>ΖΩΝΑΡ.</strong></span> <span class='ocrx_word' id='word_1_789' title='bbox 2498 5679 2633 5745; x_wconf 74' lang='grc' dir='ltr'>Περὶ</span> <span class='ocrx_word' id='word_1_790' title='bbox 2689 5679 2878 5732; x_wconf 75' lang='grc' dir='ltr'>τούτου</span> <span class='ocrx_word' id='word_1_791' title='bbox 2902 5679 3099 5734; x_wconf 67' lang='grc' dir='ltr'>πολλοὶ</span> <span class='ocrx_word' id='word_1_792' title='bbox 3148 5682 3371 5745; x_wconf 75' lang='grc' dir='ltr'>κανόνες</span> <span class='ocrx_word' id='word_1_793' title='bbox 3410 5683 3696 5754; x_wconf 70' lang='grc' dir='ltr'>διαγορεύ-</span> 
     </span>
    </p>
   </div>
   <div class='ocr_carea' id='block_1_116' title="bbox 2106 5762 3694 5846">
    <p class='ocr_par' dir='ltr' id='par_1_116' title="bbox 2106 5762 3694 5846">
     <span class='ocr_line' id='line_1_116' title="bbox 2106 5762 3694 5846; baseline 0.004 -25"><span class='ocrx_word' id='word_1_794' title='bbox 2106 5780 2107 5785; x_wconf 85' lang='lat'>‘</span> <span class='ocrx_word' id='word_1_795' title='bbox 2140 5784 2277 5823; x_wconf 81' lang='grc' dir='ltr'>ουσι.</span> <span class='ocrx_word' id='word_1_796' title='bbox 2311 5770 2419 5824; x_wconf 75' lang='grc' dir='ltr'><strong>Καὶ</strong></span> <span class='ocrx_word' id='word_1_797' title='bbox 2477 5762 2638 5834; x_wconf 74' lang='grc' dir='ltr'>οὗτος</span> <span class='ocrx_word' id='word_1_798' title='bbox 2679 5771 2747 5824; x_wconf 83' lang='grc' dir='ltr'><strong>’δὲ</strong></span> <span class='ocrx_word' id='word_1_799' title='bbox 2792 5773 2851 5824; x_wconf 70' lang='grc' dir='ltr'>οὔ</span> <span class='ocrx_word' id='word_1_800' title='bbox 2894 5775 3166 5841; x_wconf 68' lang='grc' dir='ltr'>συγχωρεῖ</span> <span class='ocrx_word' id='word_1_801' title='bbox 3194 5774 3319 5827; x_wconf 63' lang='grc' dir='ltr'>ἄνω</span> <span class='ocrx_word' id='word_1_802' title='bbox 3355 5776 3568 5846; x_wconf 75' lang='grc' dir='ltr'>γραφῆς</span> <span class='ocrx_word' id='word_1_803' title='bbox 3601 5775 3694 5828; x_wconf 76' lang='grc' dir='ltr'>τοῦ</span> 
     </span>
    </p>
   </div>
  </div>
