4110 6224
311 375 414 435 573

1331 383 1411 444 IN
1447 385 1611 447 CAN.
1656 384 1859 449 XVIII
1885 389 2091 453 CONC.
2133 393 2215 453 IN
2256 360 2581 483 Tll‘ULLO‘.

3451 402 3556 469 ιιι

310 488 515 541 οἰκείου
547 487 849 543 ἐπισκόπου
901 490 1283 561 μετατίθεσθαί
1329 512 1449 547 τινα
1483 495 1772 566 ’κληρικδν
1799 498 1868 560 είς

1982 501 2189 570 absque
2214 503 2495 574 impetrata
2534 508 2754 599 οφιῖριιι
2836 511 2903 563 ab
2956 512 3206 580 episcopo
3272 514 3547 571 facultate.

311 582 507 651 ἑτέραν
539 581 855 651 ἐκκλησίαν,
880 582 955 645 ὼς
982 583 1410 652 καταισχύνοντα
1437 587 1558 638 ὅσον
1587 588 1646 639 τὸ
1671 589 1753 650 είς
1782 588 1868 641 αὑ-

1987 594 2240 659 transire,
2278 581 2645 666 tanquam‘T-o
2692 602 3069 656 contumeliam
3117 605 3370 676 episcopo
3429 623 3548 669 suo,

310 673 408 725 τὸν
440 671 532 725 τὸν
559 674 1012 743 χειροτονήσαντα
1052 674 1235 728 αὐτόν.
1274 676 1366 737 Ei;
1400 676 1507 745 γὰρ
1530 678 1877 748 καταφρόνη-

314 780 402 815 σιν
430 762 639 816 ἐκείνου
667 765 763 818 καὶ
785 765 1011 833 ἀτιμίαν
1051 767 1168 819 ἐστὶ
1225 766 1284 819 τὸ
1340 766 1575 838 ἀλλαχοῦ
1616 769 1876 823 ἀπελθεῖν

313 855 546 930 ἐκείνου·
564 854 639 926 μὴ
671 856 1083 925 ἐπιτρέψαντος.
1134 857 1234 909 ιΔιδ
1263 859 1356 912 καὶ
1401 859 1713 930 καθαιρέσει
1742 862 1880 914 ὑπάο

310 961 399 1008 γει
436 928 528 998 τόν
553 962 613 997 τε
646 946 1013 1015 προσελθόντα
1048 948 1334 1020 ἐπισκόπῳ
1376 950 1549 1022 ἑτέρῳ
1570 928 1685 1005 καὶ
1714 954 1876 1007 αὑτὸν

311 1036 407 1086 τὸν
426 1036 749 1108 δεξάμενον.
908 1034 913 1037 ⁷

310 1243 534 1296 ΑΡΙΣΤ.
602 1263 622 1295 ι
683 1246 742 1297 Ὀ
797 1247 1223 1315 προσδεχόμενος
1277 1247 1423 1312 ξένον
1475 1248 1754 1319 κληρικδν,
1785 1253 1877 1305 καὶ

382 1352 401 1385 ι
446 1335 789 1405 χειροτονῶν,
818 1336 915 1390 σὺν
942 1337 1019 1408 τῷ
1057 1339 1239 1404 κακῶς
1282 1341 1714 1411 χειροτονηθέντι
1736 1340 1875 1396 καθ-

390 1445 408 1477 ι
450 1427 676 1496 ῄρηται.
712 1448 731 1480 ι
1516 1448 1523 1455 ·

376 1520 563 1583 Οὐδεὶς
630 1522 739 1574 τῶν
800 1521 1080 1593 κληρικῶν
1134 1524 1263 1578 ἀνευ
1314 1524 1541 1596 γνώμης
1590 1526 1685 1581 τοῦ
1737 1528 1868 1583 ίδίου

304 1612 607 1664 ἐπισκόπου
651 1613 709 1664 ἐν
765 1614 927 1687 ἐτέρᾳ
962 1615 1230 1687 ἐκκλησία
1256 1618 1691 1672 κατατάττεσθαι
1731 1606 1874 1687 ξυγ-

302 1701 639 1773 κεχὼρηται.
677 1702 737 1757 Εἰ
760 1705 817 1758 δέ
838 1722 920 1767 τις
947 1706 1244 1769 ἐπίσκοπος
1278 1710 1370 1759 τδν
1396 1708 1675 1779 ἀλλότριον
1705 1728 1874 1777 προσ-

1983 694 2243 753 quantum
2274 687 2324 741 in
2353 689 2468 757 ipso
2499 701 2602 757 est,
2635 690 2977 755 inferentem,
3031 711 3131 748 non
3165 697 3312 751 sinit.
3344 698 3475 752 Nam
3508 702 3553 753 is

1986 787 2139 835 certe
2195 785 2570 838 auctoritatem
2637 786 2875 855 episcopi
2936 788 3360 859 dignitatemque
3410 808 3549 846 cun-

1982 873 2195 939 temnit,
2241 876 2546 945 quicunque
2591 878 2733 943 alio,
2787 878 2930 933 nulla
2985 881 3317 950 migratiouis
3371 888 3436 935 ab
3489 903 3554 935 ιιι)

1981 963 2120 1018 facta
2169 976 2447 1034 potestate,
2498 971 2880 1038 proﬁciscitur.
2940 973 3172 1028 Proinde
3232 988 3543 1043 utrumque,

1983 1062 2092 1102 tum
2123 1054 2212 1120 qui
2256 1054 2727 1121 discesserit,‘tttm
2760 1061 3069 1133 episcopum
3096 1064 3267 1131 ipsum
3304 1080 3331 1117 a
3358 1079 3467 1134 quo
3507 1069 3553 1119 is

1982 1154 2240 1209 “ceptus
2264 1145 2447 1209 fuerit,
2474 1147 2667 1214 deponi
2688 1148 2860 1217 jubet.

1981 1229 2209 1285 ARIST.
2249 1253 2264 1283 ι
2303 1235 2403 1300 Qui
2436 1238 2688 1305 clericum
2734 1241 3072 1309 peregrinum
3127 1243 3348 1310 excipit,
3402 1247 3550 1297 ordi-

2059 1342 2076 1373 ι
2119 1333 2335 1393 natque,
2371 1344 2472 1380 una
2505 1316 2624 1385 cum
2671 1330 2871 1385 clerico
2896 1324 3054 1387 ‘male
3088 1336 3333 1388 ordinato
3385 1337 3545 1406 depo-

2056 1435 2075 1466 ι
2116 1429 2291 1472 netur.
2330 1437 2350 1470 ι
2538 1482 2545 1485 _

2047 1499 2260 1562 Nemini
2293 1510 2610 1565 clericorum
2637 1513 2772 1566 citra
2804 1515 2887 1569 sui
2934 1516 3171 1584 episcopi
3215 1517 3544 1571 voluntatem

1979 1598 2030 1651 in
2070 1600 2167 1652 alia
2198 1602 2422 1655 ecclesia
2453 1604 2704 1658 constitui
2732 1606 3083 1675 permittitur.
3130 1607 3183 1661 Si
3209 1613 3330 1678 quis
3363 1622 3543 1663 autem

1978 1690 2262 1758 episcopus
2297 1693 2531 1748 alienum
2562 1697 3125 1752 admiseritclericum
3175 1702 3291 1754 sine
3348 1702 3547 1754 litteris

300 1792 514 1858 δέξεται
578 1793 836 1865 κληρικὸν
882 1795 1010 1849 ἄνευ
1061 1799 1339 1867 ἐγγράφου
1390 1798 1724 1852 ἀπολυτικοῦ
1775 1800 1868 1852 τοῦ

1976 1781 2094 1850 ejus
2125 1784 2361 1852 episcopi
2395 1785 2732 1848 dimissoriis,
2764 1798 2818 1843 et
2864 1790 2913 1841 iu
2949 1806 3043 1842 sua
3093 1792 3325 1844 ecclesia
3382 1792 3545 1844 collo-

309 1887 614 1938 ἑπισκόπου
643 1886 831 1948 αὑτοῦ,
856 1886 952 1940 καὶ
996 1891 1059 1958 τῇ
1106 1890 1211 1960 ίδίᾳ
1270 1889 1534 1962 ἐκκλησίᾳ
1564 1891 1868 1960 ἐγκατατά-

1978 1874 2204 1936 caverit,
2230 1872 2351 1928 licet
2380 1874 2430 1927 in
2474 1875 2661 1928 eadem
2715 1877 2975 1945 dignitate
3037 1890 3268 1945 maneat,
3326 1881 3437 1933 sive
3481 1882 3545 1932 ad

300 1976 405 2042 εει,
438 1977 541 2043 κᾶν
568 1978 659 2031 ἐπὶ
684 1978 782 2047 τῆς
806 1978 975 2042 αὐτῆς
996 1978 1150 2043 ἀξίας
1174 1980 1335 2035 αὑτὸν
1359 1981 1587 2053 φυλάξῃ,
1621 1982 1723 2036 xiv
1776 1984 1874 2034 καὶ

298 2073 381 2133 είς
452 2070 675 2138 μείζονα
706 2074 1056 2143 χειροτονήσῃ
1117 2073 1363 2142 suam.
1428 2075 1862 2144 καθαιρεθήσον-

298 2180 393 2216 ται
431 2162 528 2217 καὶ
553 2164 879 2235 ἀμφότεροι-
956 2174 963 2179 ·

897 2256 1142 2311 ΚΑΝΩΝ
1174 2259 1282 2315 ιη’.

308 2368 326 2399 ι
378 2346 521 2411 Τοὺς
552 2349 828 2417 προφάσει
875 2350 1229 2421 βαρϐαρικῆς
1256 2350 1581 2423 ἐπιδρομῆς,
1632 2351 1664 2423 ἢ
1695 2353 1871 2416 ἄλλως

376 2453 395 2485 ι
445 2452 560 2496 πως
619 2435 682 2488 ἐκ
736 2436 1117 2506 περιστάσεως
1180 2440 1523 2507 μετανάστας
1576 2442 1870 2511 γεγονότας

379 2546 398 2578 ι
444 2527 763 2596 κληρικοὺς,
810 2530 976 2598 ἡνίκα
1009 2530 1054 2582 δ’
1080 2530 1147 2582 ἂν
1184 2532 1212 2583 ὁ
1256 2532 1453 2601 τρόπος
1500 2533 1680 2595 αὐτοῖς
1714 2534 1867 2588 ίὰπο-

376 2637 395 2669 ι
442 2619 741 2689 παύσηται,
774 2620 805 2690 ἢ
837 2624 889 2675 ai
944 2622 1051 2675 τῶν
1093 2621 1397 2693 Βαρϐάρων
1448 2624 1762 2694 ἐπιδρομαὶ,
1799 2628 1864 2681 δι’

376 2729 393 2760 ι
442 2709 509 2774 ἃς
544 2710 643 2780 τὴν
666 2708 1018 2783 ἀναχώρησιν
1066 2714 1412 2781 ἐποιήσαντο,
1453 2713 1608 2778 αὖθις
1641 2716 1699 2768 ἐν
1748 2719 1867 2777 ταῖς

377 2823 394 2852 ι
440 2804 670 2867 οἰκείαις
700 2804 1025 2874 ἐκκλησίαις
1062 2808 1483 2877 προστάσσομεν
1507 2806 1861 2879 ἀνὲρχεσθαι,

376 2915 394 2947 ι
442 2896 645 2967 καὶμὴ
695 2896 790 2982 ἐπ).
824 2898 959 2951 πολὺ
1006 2897 1211 2962 ταύτας
1253 2900 1675 2969 ἀπροφασίστως
1702 2916 1867 2956 κατα-

373 3009 392 3039 ι
438 2988 755 3058 λιμπάνειν.
781 2990 844 3043 El
869 2989 926 3042 δέ
959 3007 1044 3053 τις
1072 2990 1145 3059 μὴ
1176 2990 1316 3044 κατά
1346 2991 1442 3043 τὸν
1472 2990 1719 3061 παρόντα
1748 2992 1863 3043 δια-

376 3099 393 3131 ι
438 3080 663 3149 γένηται
715 3079 939 3143 κανόνα,
981 3080 1345 3151 ἀφοριζέσθω,
1400 3081 1595 3152 μέχρις
1629 3081 1696 3133 ἂν
1728 3068 1865 3152 πρὸς

377 3192 395 3223 ι
439 3173 541 3241 τὴν
565 3172 774 3274 ρίκείαν
824 3172 1123 3244 ἐκκλησίαν
1173 3174 1568 3244 ἐπαναδράμοι.
1627 3173 1699 3228 Τὸ
1732 3174 1864 3229 αὑτὸ
1892 3213 1935 3274 c

373 3284 391 3316 ι
441 3266 498 3318 δὲ
539 3259 697 3351 γοῦτο
724 3264 816 3319 καὶ
845 3265 935 3318 ἐπὶ
960 3264 1037 3337 τῷ
1068 3267 1353 3336 κατέχοντι
1380 3267 1542 3320 αὐτὸν
1578 3269 1862 3338 ἐπισκόπῳ

373 3376 391 3409 ι
439 3358 696 3426 γινέσθω.
732 3376 752 3410 ι

367 3451 565 3505 ΒΑΔΣ.
595 3450 867 3537 ξίεγάλων
888 3450 1024 3503 είσὶν
1044 3450 1334 3521 ἐγκωμίων
1359 3450 1496 3517 ἄξιοι
1527 3452 1577 3506 οί
1600 3452 1859 3523 Πατέρες.

288 3544 405 3611 Τῆς
437 3543 546 3613 γὰρ
570 3543 1035 3612 ἐκκλησιαστικῆς
1087 3542 1341 3608 εὐταξίας
1395 3547 1490 3597 καὶ
1541 3547 1639 3614 τῆς
1695 3546 1862 3615 τιμῆς

290 3633 528 3686 ἑκάστου
570 3632 677 3685 τῶν
709 3632 1027 3701 ἐπισκόπων
1052 3633 1454 3703 φροντίζοντες,
1499 3633 1704 3706 ὥρισαν
1737 3636 1863 3696 τοὺς

288 3725 383 3778 διά
409 3742 561 3788 τινας
593 3725 851 3792 εὐλόγους
888 3724 1068 3793 αίτίας
1097 3725 1537 3795 μεταναστάντας
1567 3725 1863 3796 κληρικοὺς

290 3818 467 3889 χωρὶς
499 3816 835 3887 ἀπυλυτικῆς
866 3817 1085 3887 γραφῆς
1110 3816 1216 3870 τῶν
1242 3818 1737 3887 χειροτονησάντων
1764 3818 1861 3868 αὑ-

288 3910 421 3974 τοὺς
449 3910 613 3965 πάλιν
652 3910 884 3981 δραμεῖν
908 3912 986 3972 είς
1012 3910 1104 3962 τὸν
1151 3910 1350 3962 οἰκεῖον
1383 3909 1606 3977 κλῆρον,
1663 3909 1863 3977 παρελ-

297 4005 499 4077 θούσης
531 4004 633 4079 τῆς
655 4005 1030 4076 περιστάσεως
1059 4002 1128 4055 δι’
1152 4005 1218 4074 ἥν
1239 4001 1590 4071 ἀνεχώρησαν
1612 4017 1627 4032 ·
1658 4001 1752 4053 καὶ
1786 4000 1859 4070 μὴ

292 4100 445 4170 ἐχειν
468 4098 556 4152 ἐπ’
590 4099 779 4161 ἀδείας
816 4098 897 4160 είς
943 4096 1137 4166 ἐτέρας
1197 4094 1494 4164 ἐκκλησίας
1534 4092 1863 4146 κατατάττε-

292 4191 447 4245 σθαι.
479 4191 583 4242 Τὸν
615 4188 671 4241 δὲ
732 4187 806 4258 μὴ
846 4185 1167 4256 πειθόμενον
1200 4184 1558 4254 ὑποστρέψαι,
1597 4183 1731 4236 ἀλλά
1765 4183 1863 4235 καὶ

291 4282 459 4335 αὑτὸν
497 4280 590 4334 τὸν
626 4280 925 4349 κατέχοντα
954 4276 1142 4330 τοῦτον
1164 4276 1459 4329 ἐπίσκοπον
1483 4271 1859 4343 ἀφορίζεσθαι.

289 4376 457 4429 Είποι
485 4373 544 4428 δέ
569 4391 654 4436 τις
680 4372 778 4436 ὡς,
822 4372 870 4423 εί
914 4370 1012 4440 μὲν
1044 4369 1340 4431 ἐπίσκοπος
1385 4367 1628 4420 τοιοῦτον
1666 4383 1718 4419 τι
1743 4383 1863 4419 ποι-

290 4473 439 4538 ήσει,
468 4466 621 4537 παρά
643 4466 739 4519 τοῦ
767 4463 1164 4535 μητροπολίτου
1185 4460 1616 4530 ἀφορισθήσεται
1638 4473 1654 4489 ⁸
1685 4457 1863 4512 ὡσαύ-

287 4577 426 4624 τως,
461 4558 557 4612 καὶ
590 4558 685 4610 ἐὰν
721 4556 1125 4628 μητροπολίτης
1161 4554 1551 4623 καταφρονήσῃ
1568 4552 1669 4604 τοῦ
1703 4552 1861 4605 κανό-
1893 4574 1935 4629 D

290 4666 410 4713 νος,
450 4648 605 4718 παρά
658 4645 755 4699 τοῦ
818 4644 1161 4717 πατριάρχου
1213 4642 1636 4712 κολασθήσεται.
1687 4641 1748 4694 Ei
1805 4641 1862 4694 δὲ

289 4739 667 4810 αὑτοκέφαλος
720 4738 1149 4809 ἀρχιεπίσκοπος
1214 4734 1248 4805 ἦ
1292 4735 1636 4806 πατριάρχης
1688 4733 1861 4803 χωρὶς

288 4835 391 4888 τοῦ
422 4830 1063 4892 Κωνσταντινουπόλεως
1120 4821 1295 4899 (οὗτος
1333 4826 1442 4894 γὰρ
1479 4824 1675 4879 ἐλαϐεν
1704 4822 1858 4889 ἐξου-

290 4928 424 4981 σίαν
458 4927 576 4980 οἵαν
601 4924 872 4994 εἴπομεν),
900 4923 1004 4976 ὑπὸ
1026 4920 1121 4975 τοῦ
1143 4920 1364 4983 κανόνος
1390 4917 1694 4983 ἁλίσκεται,
1712 4915 1863 4987 παρὰ

295 5018 444 5081 τίνος
472 5014 946 5086 ἀφορισθήσεταις
987 5014 1185 5083 Οἴομαι
1233 5005 1328 5065 οὖν
1362 5010 1513 5080 παρὰ
1537 5007 1632 5061 τοῦ
1682 5005 1863 5079 μείζο-

294 5127 384 5175 νος
413 5108 734 5182 ἀρχιερέως.

363 5279 608 5336 ΖΩΝΔΡ.
650 5277 804 5344 Τινὲς
837 5278 1089 5351 κληρικοὶ
1122 5278 1210 5332 διά
1257 5276 1561 5347 Βαρϐάρων
1615 5276 1856 5343 ἐφόδους,

299 5373 670 5443 ῆφορολόγων
697 5371 1114 5443 ἀπανθρωπίας,
1153 5370 1186 5441 ἢ
1227 5370 1385 5440 λιμὸν
1435 5370 1566 5431 ἴσως
1605 5371 1671 5439 τῇ
1708 5368 1860 5438 χώρᾳ

302 5465 479 5519 αὑτῶν
516 5465 921 5535 ἐπισυμδάντα,
962 5465 993 5534 ἢ
1028 5464 1124 5518 καὶ
1155 5462 1229 5519 δι’
1263 5461 1454 5532 ἐτέρας
1475 5462 1658 5523 αἰτίας
1696 5479 1860 5531 μετα.

302 5559 654 5621 ναστεύοντες
684 5560 763 5621 είς
785 5558 969 5629 χώρας
993 5557 1160 5621 ἄλλας
1190 5555 1414 5609 ἀπίασι.
1446 5554 1584 5615 Τοὺς
1626 5549 1721 5607 οὖν
1746 5571 1860 5607 τοι-

301 5651 490 5715 ούτους
532 5650 786 5722 βούλεται
825 5651 853 5702 ὁ
882 5649 1081 5714 κανὼν,
1117 5648 1213 5719 τῆς
1265 5647 1444 5709 αίτίας
1489 5644 1853 5715 διαλυθείσης,

296 5742 366 5797 δι’
403 5745 470 5816 ὴν
503 5743 839 5814 μετανάσται
868 5745 977 5795 τῶν
1017 5741 1162 5794 ίδίων
1209 5738 1465 5809 γεγόνασι
1523 5734 1729 5790 πόλεων
1763 5738 1856 5789 καὶ

303 5824 635 5907 ἐκκλησιῶν,
665 5838 748 5900 είς
792 5834 958 5899 αὐτὰς
1002 5832 1383 5903 ὑποστρέφειν,
1418 5830 1507 5883 καὶ
1564 5831 1636 5902 μὴ
1667 5829 1855 5901 ἐπιμέ-

1986 1965 2240 2032 majorem
2282 1968 2503 2037 gradum
2552 1970 2899 2038 provehatur,
2954 1973 3111 2027 ambo
3167 1975 3329 2029 etiam
3382 1975 3546 2041 depo-

1982 2070 2193 2115 nentur.
3134 2072 3135 2075 ‘

2522 2234 2748 2291 CANON
2788 2237 2973 2295 XVIII.

1976 2325 2080 2380 Eos
2113 2326 2203 2395 qui
2235 2326 2533 2384 barbaricae
2564 2330 2885 2384 incursionis
2920 2342 3203 2397 praetextu,
3234 2334 3315 2387 vel
3358 2334 3541 2403 all-quo

2050 2439 2069 2471 ι
2104 2420 2207 2473 alio
2226 2423 2381 2475 modo
2403 2431 2620 2489 propter
2649 2423 2881 2491 aliquant
2908 2424 3371 2479 circumstantiam
3408 2428 3538 2480 etni-

2048 2530 2068 2565 ι
2105 2522 2345 2583 grarunt,
2377 2514 2623 2578 clericos,
2649 2526 2926 2585 pcatquam
2960 2518 3146 2571 modus
3179 2518 3268 2572 ille
3321 2534 3381 2572 ac
3430 2521 3536 2571 eir-

2046 2622 2065 2655 ι
2093 2602 2411 2658 cumstautia
2444 2605 2689 2667 cessarit,
2723 2603 2808 2660 vel
2844 2605 3138 2661 barbariem
3185 2608 3538 2672 incursiones,

2046 2712 2065 2747 ι
2100 2704 2317 2764 propter
2339 2709 2473 2763 quas
2495 2706 2852 2759 secesserant,
2888 2712 3071 2751 rursus
3103 2699 3156 2751 in
3205 2716 3329 2753 suas
3374 2700 3533 2768 jube—

2047 2804 2066 2840 ι
2107 2801 2224 2841 mus
2249 2786 2508 2842 ecclesias
2533 2788 2749 2849 reverti,
2782 2803 2879 2842 nec
2904 2803 2997 2842 eas
3040 2791 3127 2843 diu
3176 2792 3375 2859 absque
3424 2793 3528 2843 ulla

2045 2897 2064 2930 ι
2101 2879 2384 2934 occasione
2419 2879 2743 2949 relinquere.
2781 2880 2838 2935 Si
2869 2882 2991 2950 quis
3039 2894 3243 2949 autem,
3304 2898 3409 2937 non
3475 2895 3533 2936 ut

2044 2988 2065 3024 ι
2112 2987 2347 3041 przrsens
2412 2972 2523 3026 vult
2590 2987 2782 3040 canon,
2866 2974 3118 3038 abfuerit,
3202 2986 3536 3045 segregetur.

2051 3082 2071 3117 ι
2103 3068 2283 3135 donec~
2302 3066 2366 3119 ad
2420 3080 2570 3120 suam
2624 3064 2905 3120 ecclesiam
2962 3069 3165 3120 redeat.
3206 3066 3318 3120 Hoc
3364 3067 3540 3135 ipsum

2044 3177 2064 3210 ι
2101 3169 2278 3211 autem
2308 3157 2471 3213 etiam
2500 3157 2555 3213 in
2587 3174 2652 3214 eo
2678 3160 2767 3213 ﬁat
2805 3161 3077 3230 episcopo,
3112 3164 3201 3229 qui
3237 3162 3381 3213 illttut
3424 3162 3523 3216 de—

2046 3270 2066 3303 ι
2112 3252 2265 3307 tinet.

2030 3432 2230 3489 BALS.
2272 3432 2477 3503 Magnis
2508 3431 2753 3487 laudibus
2778 3432 2921 3503 digni
2953 3443 3077 3487 sunt
3108 3432 3313 3488 Patres.
3364 3435 3541 3489 Eccle.

1967 3525 2171 3580 siastici
2226 3524 2367 3577 enim
2453 3524 2658 3578 ordinis
2710 3534 2763 3578 et
2816 3524 3235 3595 uniuscujusque
3299 3526 3546 3595 episcopi

1968 3618 2188 3672 honoris
2233 3632 2417 3671 curam
2474 3627 2739 3685 gerentes,
2798 3628 3099 3673 statuerunt
3146 3620 3390 3682 clericos,
3442 3622 3533 3690 qui

1969 3709 2381 3780 prapterjustas
2409 3710 2616 3778 aliquas
2676 3726 2739 3766 ac
2789 3713 3093 3779 probabiles
3143 3728 3361 3775 causas,
3420 3714 3543 3767 sino

1968 3816 2152 3855 eorum
2185 3816 2214 3854 a
2257 3802 2449 3871 quibus
2479 3803 2709 3857 ordinati
2742 3803 2898 3872 177
2930 3812 3051 3856 sunt
3087 3804 3401 3859 dimissoriis
3445 3804 3537 3857 lit-

1970 3894 2120 3955 teris,
2158 3896 2510 3963 entigrarunt,
2534 3895 2598 3947 ad
2630 3910 2784 3948 suum
2815 3896 3017 3949 clerum
3050 3898 3265 3959 reverti,
3294 3910 3415 3950 cum
3443 3896 3545 3951 illa.

1968 3986 2286 4054 praeterierit
2312 3985 2719 4039 circumstantia
2748 3994 2966 4055 prapter
2984 4002 3142 4054 quam
3161 3996 3543 4053 secesserunt;

1968 4093 2066 4133 uec
2114 4078 2192 4134 eis
2227 4078 2389 4135 licere
2439 4079 2495 4133 in
2549 4079 2774 4131 aliarum
2827 4079 3181 4133 ecclesiarum
3222 4080 3525 4141 catalogum

1967 4169 2158 4226 referri
2190 4189 2205 4226 :
2241 4187 2361 4226 eum
2399 4181 2601 4232 autem,
2639 4170 2721 4224 cui
2755 4171 3069 4238 persuaderi
3114 4185 3218 4222 non
3261 4180 3436 4239 potest
3474 4178 3530 4221 ut

1967 4265 2170 4327 redeat,
2205 4263 2498 4334 quinetiam
2530 4272 2583 4318 et
2606 4262 2914 4331 episcopum
2947 4262 3036 4327 qui
3083 4259 3255 4329 ipsum
3308 4260 3537 4318 detinet.

1968 4354 2257 4424 segregari.
2291 4352 2496 4406 Dixerit
2561 4363 2738 4406 autent
2795 4349 3081 4419 quispiam,
3119 4350 3276 4421 [quod
3332 4350 3378 4403 si
3417 4352 3534 4419 epi-

1968 4461 2166 4516 scopus
2193 4446 2407 4515 quidem
2462 4445 2566 4499 tale
2614 4444 2741 4513 quid
2798 4443 3058 4507 fecerit,a
3123 4444 3543 4509 metropolitano

1967 4535 2833 4595 excommunicabitur:similiter
2874 4545 2929 4590 et
2987 4536 3033 4589 si
3076 4536 3530 4604 metropolitanus

1967 4645 2226 4688 canonem
2258 4631 2656 4699 contempserit,
2716 4641 2745 4681 a
2796 4628 3104 4699 patriarcha
3167 4629 3434 4699 punietur.
3472 4630 3537 4684 Si

1965 4736 2141 4779 autem
2176 4723 2636 4792 archiepiscOpus,
2663 4721 2753 4789 qui
2779 4730 2862 4776 est
2892 4722 3096 4789 primas
3120 4724 3181 4776 et
3214 4732 3394 4788 caput,
3441 4722 3533 4774 vei

1964 4816 2509 4885 patriarcha,pr:eter
2551 4814 3200 4883 Coustautinopolitanum
3260 4817 3329 4884 (is
3386 4817 3531 4870 enim

1964 4908 2127 4963 habet
2156 4921 2275 4962 eam
2310 4922 2469 4976 quam
2513 4906 2750 4962 diximus
2802 4906 3132 4977 facultatem)
3172 4910 3311 4975 quod
3371 4922 3532 4960 cauo-

1965 5017 2084 5056 nem
2121 4988 2489 5069 transgressus
2525 5000 2615 5065 sit,
2658 4999 3035 5067 convincatur,
3085 5017 3114 5053 a
3159 5014 3264 5068 quo
3311 5014 3527 5053 excom-

1965 5091 2665 5148 municabitur?Existimo
2691 5105 2840 5159 ergo,
2883 5092 3022 5160 quod
3073 5106 3102 5143 a
3152 5091 3357 5159 majore
3399 5104 3524 5159 pou-

1962 5187 2124 5241 titiee.

2033 5277 2285 5334 ΖΟΝΔΒ.
2318 5277 2416 5333 Vel
2448 5276 2841 5331 incursionibus
2864 5273 3246 5335 Barbarorum,
3270 5270 3350 5326 vel
3374 5284 3527 5325 acer-

1961 5368 2127 5424 bitate
2151 5368 2362 5423 illorum
2396 5367 2485 5437 qui
2524 5366 2727 5421 tributa
2752 5365 2999 5432 exigunt,
3023 5362 3107 5417 vel
3136 5361 3361 5417 fortasse
3379 5360 3523 5417 fame

1961 5461 2233 5530 regionem
2262 5468 2587 5525 occupante,
2616 5458 2697 5512 vel
2728 5458 2797 5510 ob
2831 5457 2965 5510 alias
3008 5455 3269 5525 ejusmodi
3331 5469 3522 5510 causas

1960 5552 2247 5624 aliquando
2280 5552 2459 5616 ﬁebat,
2494 5561 2553 5605 ut
2609 5552 2659 5605 in
2721 5550 2924 5604 alienas
2983 5560 3173 5617 terras,
3226 5549 3520 5604 domestica

1960 5649 2087 5703 sede
2135 5646 2343 5711 relicta,
2393 5645 2624 5714 migrare
2673 5643 2856 5698 clerici
2902 5642 3119 5712 quidam
3172 5652 3515 5710 cOgerentur.

1958 5737 2063 5790 Eos
2093 5738 2275 5807 igitur,
2310 5735 2394 5790 ubi
2427 5736 2655 5802 primum
2704 5749 2864 5788 causa
2921 5733 3029 5797 illa,
3092 5742 3309 5801 propter
3355 5749 3514 5802 quam

1961 5844 2079 5884 sese
2110 5831 2176 5883 ab
2203 5828 2422 5883 urbibus
2454 5825 2801 5896 ccclesiisque
2828 5825 2937 5881 suis
2968 5824 3279 5895 abjuuxcre,
3305 5826 3515 5881 sublata
