4110 6224
377 406 493 471 585

377 615 672 684 καὶτῦφον
721 619 814 669 καὶ
858 621 1268 693 καταφρόνησιν
1313 625 1408 678 τοῦ
1436 627 1617 678 ἐκεῖσε
1653 625 1959 678 ἐπισκόπου

377 709 617 778 δημοσίᾳ
656 711 923 775 διδὰσκει,
957 713 1031 776 ὡς
1074 716 1390 781 σπουδάζων
1422 716 1834 786 καταισχύνειν,
1866 715 1960 766 καὶ

380 800 809 864 κατευτελίζειν,
839 805 932 856 καὶ
977 803 1418 878 τὴν’ἀλλοτρίαν
1470 808 1742 880 καθέδραν
1787 807 1963 877 ἐαυτῷ

381 893 922 964 προμνηστεύεσθαι,
999 898 1246 966 εὐλόγως
1301 901 1640 970 παυθήσεται
1688 902 1786 971 τῆς
1838 902 1962 954 ἐπι-

381 985 595 1052 σκοπῆς
620 1000 635 1014 ·
676 985 704 1036 ὁ
752 988 860 1057 γὰρ
907 987 1016 1040 τῶν
1046 990 1346 1060 ἀλλοτρίων
1391 994 1679 1062 ἐφιέμενος
1710 992 1805 1046 καὶ
1854 992 1963 1045 τῶν

376 1074 530 1127 ἰδίων
571 1075 922 1146 στερίσκεται
949 1095 962 1109 ο
997 1081 1085 1142 εἰς
1118 1080 1174 1133 δὲ
1207 1082 1296 1133 τὸν
1325 1084 1488 1136 τόπον
1523 1083 1632 1136 τῶν
1661 1083 1966 1154 πρεσϐυτέ-

383 1184 495 1237 ρων
563 1170 1170 1240 κατενεχθησεται,καὶ
1225 1173 1344 1226 κατ’
1407 1175 1589 1229 αὐτῶν
1646 1175 1959 1245 ἐνεργήσει.

383 1258 492 1310 Καὶ
520 1257 832 1328 ’σημείωσαι
862 1260 993 1312 πότε
1019 1263 1114 1314 καὶ
1143 1263 1442 1320 ἐπίσκοπος
1475 1266 1554 1326 είς
1581 1267 1958 1335 πρεσόυτέρου

379 1349 546 1403 τόπον
594 1353 915 1417 κατάγεται.
964 1353 1024 1404 Ὀ
1063 1354 1173 1423 γὰρ
1217 1356 1464 1418 είκοστὸς
1512 1356 1739 1420 ’ἔννατος
1778 1357 1962 1410 κανὼν

373 1441 477 1508 τῆς
533 1443 594 1492 ὲν
653 1439 962 1512 Χαλκηδόνι
1036 1446 1258 1497 συνόδου
1318 1447 1625 1517 ἱεροσυλίαν
1696 1449 1962 1519 ἄντικρυς

380 1531 539 1585 καλεῖ
567 1535 625 1587 τὸ
672 1535 763 1586 τὸν
799 1536 1106 1588 ἐπίσκοπον
1145 1539 1228 1599 είς
1273 1539 1652 1609 πρεσϐυτέρου
1697 1543 1962 1610 κατάγειν

372 1625 614 1695 βαθμὸν,
650 1628 744 1679 καὶ
776 1627 863 1697 ἔχε
894 1627 986 1679 τὸν
1015 1630 1261 1699 παρόντα
1307 1632 1510 1684 κανόνα
1544 1633 1962 1706 ύπεξῃρημένον

379 1721 444 1772 ἐκ
470 1718 565 1772 τοῦ
603 1720 892 1774 καθολικοῦ
926 1722 1142 1775 ἐκείνου
1169 1724 1416 1787 κανόνος.

962 1815 1207 1868 ΚΑΝΩΝ
1250 1816 1381 1870 KA'.

376 1919 405 1952 4
448 1902 509 1954 οι
541 1901 628 1954 ἐπ’
661 1901 975 1973 ἐγκλήμασι
1002 1906 1313 1968 κανονικοίς
1339 1867 1456 1973 (iiii)
1484 1905 1780 1960 ὑπεύθυνοι
1813 1906 1962 1986 γινό⁴
1994 1867 2036 1924 Β

454 2014 473 2044 ι
526 2012 700 2064 μενοι,
731 1997 823 2048 καὶ
866 1997 955 2049 διὰ
996 1997 1158 2050 τοῦτο
1211 1999 1470 2051 παντελεί
1504 2016 1560 2051 τε
1593 2001 1686 2054 καὶ
1714 2001 1962 2070 διηνεκεῖ

455 2107 474 2140 ι
517 2089 837 2154 καθαιρέσει
887 2087 1319 2160 ὑποϐαλλόμενοι
1367 2093 1462 2145 καὶ
1497 2093 1556 2143 ἐν
1585 2091 1662 2160 τῷ
1691 2093 1804 2144 τῶν
1838 2091 1961 2145 itai-

456 2199 478 2233 ι
521 2181 636 2235 κῶν
673 2179 1056 2251 ἀπωθούμενοι
1090 2182 1263 2252 τόπῳ,
1299 2186 1347 2236 εί
1383 2184 1482 2254 μὲν
1510 2185 1781 2248 ἑκουσίως
1816 2186 1953 2254 πρὸς

457 2293 480 2326 ι
525 2273 864 2343 ἐπιστροφὴν
939 2272 1180 2341 ὁρῶντες
1253 2273 1510 2328 ἁθετοῦσι
1592 2275 1692 2343 τὴν
1775 2277 1960 2347 ἀμαρ-

454 2387 473 2417 ι
521 2367 644 2418 τίαν
700 2366 836 2435 (87),
868 2365 936 2418 δι’
997 2367 1064 2437 ἢν
1116 2365 1218 2437 τῆς
1274 2367 1498 2437 χάριτος
1539 2368 1955 2436 ἑκπεπτώκασι,

444 2479 472 2508 .4
520 2458 617 2510 καὶ
662 2456 870 2526 ταύτης
923 2457 1110 2510 τέλεον
1188 2458 1506 2529 ἀλλοτρίους
1558 2462 1786 2525 ἑαυτοὺς
1830 2461 1961 2514 καθ-

454 2570 470 2598 ι
520 2550 729 2616 ιστῶσι,
769 2551 848 2622 τῷ
875 2551 969 2605 τοῦ
1013 2552 1220 2622 κλήρου
1272 2554 1642 2623 κειρέσθωσαν
1677 2556 1955 2624 σχήματι·

443 2660 472 2692 -ι
521 2645 571 2696 εί
615 2644 671 2697 δὲ
721 2645 794 2714 μὴ
826 2645 987 2698 τοῦτο
1021 2645 1366 2716 αὐθαιρέτως
1406 2649 1757 2716 αἱρήσονται,
1789 2649 1961 2702 καθά-

451 2754 472 2783 ι
519 2750 626 2806 περ
664 2737 716 2788 oi
759 2736 960 2801 λαῖκοὶ,
997 2737 1095 2807 τὴν
1141 2723 1322 2808 κόμην
1373 2739 1846 2808 ἐπιτρεφέτωσαν,
1882 2740 1959 2804 ὡς

457 2845 476 2878 ι
521 2827 622 2898 τὴν
651 2829 710 2881 ὲν
740 2828 931 2897 κόσμῳ
975 2828 1326 2900 ἀναστροφὴν
1372 2831 1472 2900 τῆς
1524 2830 1782 2900 οὐρανίου
1812 2832 1958 2903 ζωῆς

443 2941 470 2971 -σ
518 2921 982 2990 προτιμήσαντες.
1383 2965 1405 2988 ,
1712 2933 1729 2947 '

443 3014 646 3068 ΒΑΛΣ.
675 3013 992 3082 Σημείωσαι
1047 3012 1155 3066 ἀπὸ
1209 3011 1306 3066 τοῦ
1382 3014 1654 3085 παρόντος
1731 3016 1958 3079 κανόνος

366 3106 462 3160 Eu
519 3103 571 3156 oi
627 3103 736 3155 ἀπό
787 3119 933 3166 τινος
1001 3103 1349 3173 ἐγκλήματος
1403 3104 1834 3176 καθαιρούμενοι
1875 3107 1958 3170 ὡς

1397 421 1482 480 ΙΝ
1515 420 1685 480 CAN.
1728 419 1866 478 XXI
1905 417 2111 485 CONC.
2157 417 2239 483 ΙΝ
2277 416 2600 485 ΤΒῘΠᾸΛ).

466 525 527 576 Ὀ
561 523 717 576 τοῦτο
771 527 943 581 ποιῶν
1004 529 1326 597 ἐπίσκοπος,
1362 534 1487 586 ἐπεὶ
1516 535 1588 588 δι’
1635 533 1961 596 ἀλαζονείαν
1993 538 2036 591 Α

3540 423 3642 484 585

2142 537 2438 606 Episcopus
2473 537 2562 602 qui
2609 535 2711 590 hoc
2751 533 2902 602 facit,
2942 537 3200 606 quoniam
3254 551 3348 606 per
3404 548 3644 590 ostentm

2069 627 2292 690 U'Onetn,
2331 634 2377 676 et
2411 624 2746 692 superbiam,
2795 635 2847 677 et
2887 626 3145 695 episcopi,
3185 626 3275 694 qui
3330 626 3401 679 ibi
3429 639 3642 695 prazcst,

2066 727 2434 786 contemptum
2469 715 2682 786 publice
2711 717 2889 780 docet,
2926 729 2982 769 nt
3029 734 3149 771 eum
3205 718 3531 785 pudefacere
3589 730 3645 774 ct

2065 811 2407 881 vilipcndere
2448 820 2502 862 et
2549 809 2780 863 alienam
2834 811 3148 864 cathedram
3202 811 3302 866 sibi
3355 812 3647 866 conciliate

2067 903 2420 965 contendens,
2442 900 2597 970 juste
2623 902 2938 968 episc0patu
2967 902 3280 970 dep-mitur.
3311 900 3412 966 Qui
3467 902 3642 954 alieni

2065 976 2210 1048 enim
2245 993 2398 1060 petit,
2439 1006 2492 1046 et
2517 993 2628 1045 suis
2663 994 2926 1059 priratnr.
2965 993 3073 1046 Sed
3103 994 3166 1046 ad
3202 994 3642 1061 presbyterortmt

2065 1082 2243 1137 locum
2274 1083 2580 1142 deducitur,
2611 1093 2663 1135 et
2697 1083 2838 1134 inter
2885 1097 2979 1136 eos
3032 1099 3250 1136 munere
3275 1082 3545 1149 fungetur.
3580 1081 3647 1133 Et

2066 1187 2192 1229 nota
2224 1175 2442 1240 quando
2494 1174 2656 1227 etiam
2691 1175 2978 1242 episcopus
3016 1173 3081 1226 ad
3139 1173 3435 1243 presbyteri
3467 1171 3643 1227 locum

2062 1269 2366 1321 reducitur.
2401 1265 2534 1321 Nam
2587 1268 3043 1321 undeu-icesimus
3099 1269 3287 1339 synodi
3349 1268 3648 1322 Chalcedo-

2065 1360 2248 1412 nensis
2287 1371 2522 1410 canone
2553 1368 2740 1410 contra
2796 1356 3140 1424 sacrilegium
3205 1366 3359 1411 Vocat
3409 1356 3645 1425 episcopi

2064 1449 2129 1504 ad
2167 1449 2468 1522 presbyteri
2499 1451 2726 1518 gradum
2763 1450 3169 1512 deductionem,
3222 1458 3274 1502 et
3313 1450 3455 1502 hunc
3508 1465 3646 1518 pra!-

2063 1552 2270 1594 sentem
2307 1556 2571 1595 canonem
2611 1556 2674 1594 ex
2705 1556 2773 1595 eo
2804 1556 3014 1596 canone
3047 1541 3315 1595 catholico
3359 1549 3645 1608 exceptum

2067 1630 2294 1686 habeas.

2645 1811 2878 1866 CANON
2922 1795 3064 1867 x'xr.

2076 1921 2093 1954 ι
2127 1902 2232 1968 Qui
2268 1904 2659 1958 cattonicorutu
2689 1906 2908 1974 quidem
2943 1907 3236 1960 criminum
3287 1905 3363 1961 rei
3397 1904 3545 1972 facti,
3594 1916 3650 1958 et

2145 2010 2490 2068 «propterea
2542 1999 2802 2070 perfecta:
2871 1985 2936 2056 ac
2994 2011 3266 2071 perpetua:
3321 2000 3646 2069 depositiooi

2137 2111 2156 2142 ι
2198 2090 2472 2170 subjecti,
2535 2094 2586 2147 in
2647 2094 2907 2147 laicorum
2975 2095 3153 2148 locum
3209 2095 3415 2150 detrusi
3479 2104 3644 2158 sunt;

2139 2202 2156 2232 ι
2196 2185 2463 2252 siquidem
2488 2186 2559 2239 ad
2609 2187 3020 2239 conversionem
3067 2202 3165 2240 sua
3227 2198 3419 2254 sponte
3472 2189 3646 2256 respi-

2139 2295 2157 2326 ι
2193 2276 2397 2330 cientes
2427 2286 2707 2345 peccaturo
2739 2276 2941 2343 delent,
2975 2287 3196 2346 propter
3235 2279 3377 2346 quod
3410 2294 3438 2331 a
3471 2279 3647 2347 gratia

2138 2390 2156 2420 ι
2194 2369 2531 2430 exciderunt,
2566 2379 2620 2423 et
2651 2369 2718 2424 ab
2742 2386 2806 2424 eo
2832 2385 2891 2424 se
2913 2371 3128 2439 penitus
3153 2371 3362 2426 alienos
3385 2370 3645 2433 cilicium,

2141 2477 2158 2510 ‹
2199 2460 2328 2515 cieri
2363 2461 2546 2514 habitu
2575 2464 2951 2518 tondeantur:
3007 2464 3093 2519 sin
3155 2472 3333 2519 autem
3391 2479 3495 2518 non
3547 2478 3645 2516 sua

2140 2569 2156 2600 ι
2192 2560 2384 2618 sponte
2433 2549 2535 2604 iroc
2581 2552 2862 2620 elegerint,
2915 2569 3126 2608 contam
3180 2553 3320 2610 sicut
3375 2553 3498 2608 laici
3546 2569 3648 2606 nu-

2139 2659 2156 2691 ι
2202 2644 2408 2709 triant,
2477 2652 2661 2712 utpote
2745 2646 2833 2712 qni
2901 2647 3229 2700 mundanam
3285 2662 3378 2700 seu
3477 2662 3647 2700 saccu-

2140 2753 2158 2784 ι
2194 2736 2360 2788 larem
2422 2738 2894 2791 conversationem
2973 2738 3095 2791 vita:
3162 2738 3373 2792 cmleSti
3434 2753 3646 2807 praepo-

2136 2846 2152 2876 ι
2192 2829 2427 2882 suerint.
2499 2874 2503 2878 .

2131 3008 2323 3065 BALS.
2361 3010 2494 3064 Nola
2518 3027 2581 3065 e1
2624 3011 2725 3066 hoc
2766 3014 3018 3081 praesenti
3082 3026 3311 3078 canone,
3361 3016 3502 3080 quod
3554 3013 3646 3082 qui

2063 3115 2280 3174 propter
2312 3104 2525 3170 aliquod
2557 3106 2762 3159 crimen
2796 3107 3160 3174 deponuntur,
3206 3115 3263 3161 ιιι
3307 3109 3429 3161 laici
3483 3124 3645 3177 repu-

371 3197 554 3248 λαῖκοὶ
579 3195 908 3264 λογίζονται,
943 3195 1036 3248 καὶ
1069 3196 1129 3249 οὐ
1163 3195 1419 3249 δύνανται
1456 3198 1594 3266 μετὰ
1633 3199 1732 3268 τὴν
1757 3185 1954 3252 ικαθαί-

2070 3207 2272 3259 tautur,
2302 3212 2400 3250 nec
2429 3207 2654 3265 possunt
2683 3198 3216 3265 postdepositioncm
3246 3199 3451 3268 aliquid
3484 3217 3646 3270 agt-re

371 3306 525 3354 psam
576 3289 817 3358 ἐνεργεῖν
867 3287 1102 3358 οίονδήτι
1153 3287 1358 3357 ἀνῆκον
1411 3288 1698 3359 κληρικῷο
1761 3292 1956 3362 μόνους

373 3381 429 3433 δὲ
456 3381 582 3442 τοὺς
610 3381 953 3438 ἀποστάντας
985 3379 1079 3433 τοῦ
1125 3382 1530 3451 ἁμαρτήματος
1561 3382 1628 3436 δι’
1658 3381 1687 3435 ὅ
1718 3383 1958 3456 καθῃρέ-

374 3473 568 3543 θησαν,
600 3472 764 3542 τυχδν
796 3474 898 3540 τῆς
934 3473 1190 3542 πορνείας
1223 3472 1254 3544 ἢ
1287 3473 1474 3542 ἐτέρου
1519 3475 1685 3543 τινος,
1721 3475 1956 3546 διορίζει

373 3583 464 3618 ται
496 3567 524 3618 ό
556 3565 740 3617 κανὼν
796 3565 1078 3634 κείρεσθαι
1138 3564 1239 3634 τὴν
1286 3566 1532 3635 κεφαλὴν
1567 3568 1710 3622 κατὰ
1764 3568 1958 3640 κληριο

375 3657 544 3720 κους,
599 3656 971 3728 ἡγουνέχειν
1044 3657 1452 3728 παπαλήθραν,
1507 3659 1602 3711 καὶ
1665 3659 1950 3715 ἐνδύεσθαι

376 3751 561 3819 σχῆμα
584 3747 874 3820 κληρικού.
910 3746 1429 3820 Φιλανθρωπότερον
1463 3750 1570 3822 γὰρ
1599 3753 1694 3806 ἐπὶ
1740 3755 1954 3819 τούτοις

371 3840 671 3896 διατίθεται
705 3841 793 3894 διὰ
843 3841 941 3912 τὴν
994 3842 1309 3911 μετάνοιαν.
1355 3843 1493 3905 Τοὺς
1525 3843 1582 3896 δέ
1630 3861 1692 3912 γε
1738 3846 1990 3913 ὰμετα-ιι

373 3932 545 3993 θὲτως
574 3931 926 4002 ἔξεχομένους
951 3933 1050 4000 τῆς
1083 3932 1356 4004 ἁμαρτίας
1388 3933 1610 4004 τρέφειν
1638 3936 1736 4006 τὴν
1770 3938 1951 4006 κόμην

370 4023 748 4078 διακελεύεται
791 4024 933 4078 κατᾶ
982 4024 1225 4088 λαῖκοὺς,
1256 4025 1343 4079 ἵνα
1376 4025 1550 4095 ἔχοιεν
1598 4026 1823 4080 πλείονα
1864 4029 1951 4081 αἱ·

371 4116 598 4188 σχύνην,
635 4115 709 4188 μὴ
754 4115 1245 4187 πιραχωρούμενοι
1300 4119 1358 4169 ὲν
1417 4121 1618 4188 μετοχῇ
1677 4121 1946 4191 κληρικοῦ

368 4210 509 4272 ὅλως
536 4206 847 4272 singulis):
877 4209 971 4262 καὶ
1001 4209 1167 4261 αὑτοῦ
1199 4208 1291 4261 τοῦ
1316 4207 1616 4278 ἐνδύματος
1649 4212 1940 4280 στερισκός

371 4319 548 4372 μενοι.
584 4303 691 4356 Καὶ
727 4302 754 4353 ὁ
789 4302 884 4370 μὲν
916 4301 1094 4353 κανὼν
1126 4298 1298 4353 ταῦτα
1321 4316 1334 4330 °
1372 4302 1405 4369 ὴ
1441 4300 1498 4352 δὲ
1526 4297 1600 4353 οθ⁹
1636 4301 1828 4371 Νεαρὰ
1855 4304 1950 4379 τού

371 4395 640 4465 βασιλέως
693 4393 861 4464 κυρού
901 4395 1126 4455 Λέοντος
1161 4391 1254 4445 τοῦ
1301 4391 1619 4461 Φιλοσόφου.
1669 4396 1953 4466 καθαιρεῖ-

373 4487 498 4541 σθαι
525 4485 874 4557 διοριξομένη
909 4487 1034 4546 τοὺς
1065 4483 1204 4553 μετὰ.
1231 4484 1571 4555 χειροτονίαν
1604 4487 1943 4556 γαμοῦντας,

371 4580 584 4632 εὐδοκεῖ
625 4580 764 4648 μήτε
812 4575 907 4630 τοῦ
953 4577 1236 4646 σχήματος
1277 4576 1386 4628 τῶν
1437 4577 1717 4648 κληρικῶν
1745 4581 1946 4646 αὐτοὺς

371 4669 883 4741 ἀπαλλοτριοῦσθαι,
924 4668 1194 4739 μήτετῆς
1243 4669 1300 4720 ἐν
1359 4671 1426 4739 τῇ
1477 4669 1778 4743 Ἐκκλησία
1837 4691 1951 4726 κοι-

367 4761 592 4831 νοτέρα;
652 4761 974 4830 ὑπηρεσίας.
1035 4758 1142 4813 Καὶ
1204 4760 1238 4827 ὴ
1290 4756 1554 4828 ζ’Νεαρὰ
1618 4761 1711 4814 τοῦ
1760 4763 1931 4820 αὑτοῦ

369 4853 635 4925 βασιλέως
657 4854 780 4914 τοὺς
809 4851 914 4903 ἁπὸ
943 4850 1222 4922 κληρικῶν
1249 4852 1385 4921 πρὸς
1414 4851 1636 4914 λαῖκοὺς
1662 4871 1946 4927 μετασχη-

369 4945 733 5010 ματισθέντας
772 4944 864 4995 καὶ
888 4942 1116 5004 ἄκοντας
1149 4942 1286 5012 πρὸς
1314 4942 1445 4995 αὐτὸ
1476 4943 1639 4996 πάλιν
1669 4945 1942 4998 ἀποκαθί-

368 5035 601 5109 στασθαι
625 5026 943 5103 διορίζεται.
979 5033 1234 5088 Φαίνεται
1262 5028 1356 5087 οὖν
1383 5033 1698 5103 ἐναντιότης
1729 5038 1786 5088 ὲν
1813 5039 1942 5094 τούς

363 5146 500 5193 τοις.
537 5128 692 5197 Ἐμοὶ
728 5127 784 5180 δὲ
812 5127 963 5180 δοκεί
986 5127 1078 5178 τον
1111 5127 1210 5195 μὲν
1237 5127 1438 5178 κανόνα
1467 5126 1780 5196 νομοθετεῖν
1809 5133 1942 5202 περὶ⁹

363 5223 474 5274 τῶν
499 5219 1014 5290 καταδικαζομένων
1042 5219 1132 5274 διὰ
1166 5217 1423 5290 ἔγκλημά
1473 5237 1524 5272 τι
1583 5224 1936 5290 προσαγγελο

2063 3292 2206 3356 quod
2243 3292 2308 3343 ad
2338 3290 2596 3344 clericum
2635 3289 2740 3344 ulla
2773 3291 2982 3346 ratione
3013 3293 3298 3362 pertineat.
3328 3291 3433 3348 Eos
3459 3303 3639 3348 autem

2059 3385 2228 3446 solos,
2254 3383 2347 3452 qui
2376 3398 2404 3435 a
2428 3395 2652 3452 peccato
2694 3383 3019 3436 recesserint
3047 3391 3266 3452 propter
3306 3384 3446 3452 quod
3479 3384 3646 3449 depo-

2058 3473 2146 3527 siti
2185 3471 2423 3534 l‘uerant,
2462 3487 2490 3524 a
2530 3470 2888 3526 fornicatione
2928 3469 3070 3524 forte
3133 3469 3214 3524 vel
3271 3470 3454 3540 aliquo
3508 3472 3639 3533 alio,

2057 3566 2499 3622 decernitcanon
2547 3579 2669 3618 esse
2712 3564 3008 3618 tondeudos
3044 3564 3246 3632 capite,
3282 3574 3340 3618 ut
3388 3564 3639 3626 clericos,

2061 3658 2111 3711 id
2139 3665 2246 3722 est,
2277 3657 2478 3711 habere
2503 3655 2751 3726 papaletn
2782 3665 3086 3716 tonsuram,
3111 3664 3168 3708 et
3217 3654 3404 3708 clerici
3450 3655 3636 3709 habitu

2058 3749 2231 3804 indui.
2256 3748 2313 3803 In
2340 3763 2433 3803 eos
2461 3749 2604 3802 enim
2630 3755 2712 3802 est
2737 3747 2921 3800 mitior
2951 3761 3015 3801 ac
3051 3745 3371 3801 clementior
3418 3757 3642 3816 propter

2056 3842 2454 3912 pmtritentiant.
2483 3839 2638 3910 181
2665 3839 2702 3892 li
2732 3848 2932 3905 autem,
2957 3839 3048 3908 qui
3069 3839 3121 3892 in
3143 3847 3366 3908 peccato
3382 3852 3640 3909 perpetuo

2057 3936 2282 4000 luerent,
2316 3950 2528 3989 comam
2560 3933 2766 3986 nutrire
2788 3931 3046 4001 jubetttur
3094 3941 3152 3986 ut
3177 3933 3324 3995 laici,
3359 3943 3418 3984 nt
3447 3930 3638 3999 majori

2057 4028 2262 4095 pudore
2297 4025 2623 4088 afﬁciantur,
2648 4039 2750 4078 nec
2796 4023 2848 4077 in
2898 4024 3028 4078 cieri
3071 4024 3493 4092 participatione
3529 4023 3638 4076 ullo

2054 4135 2177 4174 esse
2203 4118 2360 4171 modo
2395 4118 2476 4171 eis
2513 4117 2884 4186 permittatur,
2916 4115 3011 4170 sed
3061 4117 3178 4183 ipso
3219 4114 3384 4170 etiam
3433 4116 3637 4169 amictu

2056 4210 2357 4280 priventur.
2384 4208 2449 4262 Et
2495 4207 2608 4260 IHBC
2637 4205 2855 4275 quidem
2902 4217 3074 4258 canoo
3104 4221 3119 4267 ;
3159 4202 3226 4256 79
3255 4213 3431 4258 autem
3496 4205 3630 4272 imp.

2057 4300 2261 4355 domini
2298 4295 2494 4354 Leonis
2531 4296 2845 4365 Ριιίιοεονιιί
2882 4295 3096 4348 Novella
3144 4311 3239 4350 eos
3285 4296 3482 4365 deponi
3532 4296 3632 4348 deo

2056 4393 2184 4447 bere
2214 4399 2488 4455 statuens,
2523 4390 2614 4459 qui
2647 4391 2856 4443 ducunt
2907 4402 3102 4441 uxores
3162 4396 3283 4456 post
3333 4387 3636 4441 ordinatio-

2059 4501 2206 4548 nem,
2231 4483 2346 4535 vult
2379 4495 2550 4549 neque
2581 4495 2675 4534 eos
2704 4495 2734 4533 a
2762 4478 3087 4532 clericorum
3141 4475 3323 4532 habitu
3377 4478 3631 4537 alienari,

2058 4592 2157 4631 nec
2197 4592 2226 4630 a
2263 4574 2650 4631 communione
2703 4570 2990 4624 ministerii
3044 4569 3098 4622 in
3146 4569 3413 4624 Ecclesia.
3478 4568 3542 4622 Et
3601 4567 3632 4619 Ἱ

2055 4669 2297 4740 ejusdem
2336 4667 2467 4734 imp.
2507 4663 2729 4719 Novella
2773 4677 2888 4727 eos,
2930 4661 3078 4730 quia
3116 4660 3330 4714 clericis
3370 4662 3421 4714 in
3466 4659 3634 4713 laicus

2057 4761 2406 4816 transmutati
2437 4767 2587 4820 sunt,
2621 4756 2811 4808 eodem
2844 4767 3030 4806 rursus
3081 4753 3163 4806 vel
3210 4753 3408 4808 invitos
3453 4753 3634 4806 redire

2036 4855 2228 4924 'jttbet.
2266 4850 2490 4905 Videtur
2518 4851 2681 4917 igitur
2717 4846 2767 4900 itt
2807 4845 2889 4898 bis
2918 4858 3040 4902 esse
3091 4846 3471 4916 repugnantia.
3505 4844 3631 4899 Exi-

2056 4949 2221 5004 stimo
2249 4954 2428 4997 autern
2462 4953 2722 4996 canonetn
2753 4940 2970 5008 quidem
3007 4938 3075 4994 de
3105 4939 3170 4994 iis
3215 4950 3480 5002 statuere,
3527 4943 3624 5007 qui

2054 5050 2273 5112 propter
2307 5037 2544 5090 delatum
2577 5033 2792 5100 aliquod
2825 5031 3068 5099 ’,οιὶιιιειϊ
3090 5031 3452 5093 condemnati,
3483 5030 3624 5083 utan

2051 5132 2268 5186 assidue
2298 5127 2601 5190 inltairent;
2635 5123 3087 5193 quetnadmodurn
3148 5132 3368 5190 propter
3417 5120 3627 5174 adulte-

2050 5228 2213 5288 rium,
2251 5228 2469 5291 propter
2498 5217 2764 5282 rapinam,
2813 5223 3030 5284 prapter
3075 5211 3415 5280 sacrilegium
3451 5228 3466 5264 :
3513 5209 3653 5272 Νοο,

1596 5311 1642 5370 G
1658 5311 1794 5375 uili.
1836 5316 2165 5397 Beveregii
2201 5323 2387 5376 noue.

438 5415 553 5486 (86)
587 5418 652 5468 οἱ
685 5415 778 5467 ἐπ’
832 5414 1172 5484 ἐγκλήμασι
1227 5412 1591 5486 κανονικοῖς.
1654 5413 1931 5472 Canonica

367 5485 602 5540 crimina
635 5488 779 5538 dicta
841 5497 990 5547 sunt,
1045 5500 1167 5554 quae
1215 5499 1244 5536 a
1293 5485 1599 5548 capmribus
1655 5493 1932 5551 vetantur,

368 5573 602 5624 reosque
633 5556 912 5624 canonicis
947 5553 1578 5624 suppliciissubjiciunt.
1630 5554 1732 5605 Sed
1791 5555 1934 5609 mlti-

366 5622 604 5680 lominns
637 5639 770 5678 mss.
796 5622 1120 5678 Bodleianus
1139 5633 1194 5677 et
1220 5623 1695 5676 Atnerbachianns
1729 5629 1932 5681 rectius

367 5701 472 5749 hoc
501 5697 624 5748 loco
655 5692 958 5754 κανονικῶς
990 5693 1186 5762 legisse
1214 5693 1499 5762 videntur;
1532 5703 1588 5744 ut
1612 5709 1807 5747 sensus
1836 5697 1931 5760 sit,

364 5766 528 5819 οἱίπ*
577 5764 888 5832 ἐγκλήμασι
932 5761 1232 5821 κανονικῶς
1285 5761 1572 5817 ὑπεύθυνοι
1638 5763 1933 5833 γινόμενοι,

342 5839 475 5902 ,υιιὶ
536 5836 928 5888 reicrinrmum
973 5833 1222 5886 canonice
1283 5833 1412 5900 facti
1461 5841 1603 5896 sicut,
1667 5835 1768 5885 hoc
1829 5847 1934 5902 cst,

654 5926 922 5986 ΡΑτιιοι..
953 5924 1070 6002 βιι.
1115 5924 1487 5987 CXXXVII.

2035 5431 2193 5490 prout
2244 5418 2297 5490 in
2336 5412 2656 5490 carminibus
2674 5405 3066 5490 ecclesiasticis
3097 5414 3318 5490 cautum
3345 5413 3448 5460 est.

2112 5490 2224 5555 (87)
2255 5483 2566 5540 Ἀθετοῦσι
2599 5483 2714 5555 τὴν
2749 5478 3063 5548 ἁμαρτίαν.
3095 5476 3322 5546 Proprie
3351 5488 3622 5555 peccatum

2040 5548 2312 5630 reficiunt,
2355 5566 2449 5608 aut
2483 5553 2785 5620 repudiarit,
2833 5563 2943 5615 quo
2997 5562 3163 5630 sensu
3217 5557 3331 5630 ctua
3393 5548 3621 5630 [tornipo

2040 5615 2232 5684 nostro
2264 5615 2376 5679 haec
2433 5615 2549 5676 νοτ
2589 5631 2909 5684 usurpatur,
2979 5615 3215 5682 dicente,
3259 5617 3321 5668 Ὀ
3391 5615 3620 5669 ἀθετῶν

2037 5698 2213 5766 ὑμᾶς,
2242 5696 2347 5763 ἐμὲ
2373 5691 2592 5766 dasne?
2685 5687 2754 5743 δὲ
2795 5687 2902 5766 sui:
2919 5762 2941 5766 ῃ
2960 5687 3213 5754 ἀθετῶν,
3262 5687 3460 5740 ἀθετεῖ
3511 5701 3617 5738 τιν

2035 5759 2485 5824 ἀποστείλαντά
2507 5778 2602 5832 με.
2631 5761 2764 5816 Luc.
2792 5777 2846 5826 κ,
2877 5759 2966 5816 l6.

3225 5908 3299 5971 19
