4110 6224
397 380 503 442 589

1382 379 1461 439 IN
1502 380 1664 440 CAN.
1706 377 1907 438 XXIII
1946 376 2154 439 CONC.
2198 379 2281 439 IN
2321 377 2640 439 TRUl.l.O.

3533 374 3635 435 590

386 500 511 555 σίας
537 492 784 560 ἐνέμετο.
819 492 911 545 Διὺ
943 492 1033 546 καὶ
1064 494 1112 545 οἱ
1146 492 1243 560 τῆς
1268 492 1435 562 ἓκτης
1476 494 1681 561 ταύτης
1734 493 1950 546 συνόδου

2063 492 2171 546 sias
2206 493 2350 548 velut
2374 506 2667 562 gangraena
2696 492 3099 559 depascebatur.
3138 490 3369 548 Proinde
3386 491 3529 545 hunc
3546 507 3636 545 ca-

386 585 482 637 τὸν
547 582 747 635 κανόνα
779 582 967 635 τοῦτον
999 582 1250 648 ἐξέθεντο
1278 583 1370 636 καί
1411 601 1598 653 φασιν,
1639 584 1712 646 ὡς
1760 584 1828 635 Εἴ
1880 601 1964 645 τις

386 674 687 736 ἐπίσκοπος
742 674 776 743 ἢ
825 675 1141 744 οίοσδήποτε
1165 676 1425 744 κληρικὸς
1457 676 1550 727 ἐπὶ
1594 677 1840 745 χρήμασι
1864 677 1965 746 τὴν

386 765 723 836 χειροτονίαν
738 765 1035 835 ὠνήσαιτο,
1055 766 1149 817 καὶ
1163 767 1227 818 οὐ
1248 765 1570 835 προκριθείη
1592 765 1961 834 δοκιμασθεὶς,

2062 598 2259 639 n0ncm
2275 594 2436 640 sexta:
2453 600 2668 655 quoque
2681 586 2841 654 hujus
2854 586 3043 656 synodi
3062 586 3249 640 Patres
3266 584 3638 654 superioribus

2064 678 2349 743 addidere;
2381 693 2445 733 ac
2472 679 2514 732 si
2546 678 2666 746 quis
2689 680 2978 747 episcopus
3004 677 3302 732 clericusve
3325 677 3637 745 quicunque

2064 769 2384 836 dignitatem
2416 770 2733 824 ordinemve
2759 778 3084 833 emercatus,
3133 784 3237 823 non
3304 775 3483 821 autem
3541 784 3638 821 ex-

380 857 483 909 καὶ
511 857 756 926 εὑρεθεὶς
786 856 898 925 βίον
920 857 1335 925 αἱρετισάμενος
1358 857 1555 927 σεμνόν
1577 874 1635 909 τε
1664 859 1753 909 καὶ
1782 857 1950 925 ἄμεμ-

2064 862 2268 931 plnrata
2299 877 2509 917 morum
2542 864 2807 931 gravitate
2837 865 3192 932 approbatus,
3225 871 3281 916 et
3326 862 3632 930 religiosam

390 944 541 1010 πτον,
578 949 606 998 ὁ
652 948 897 1010 τοιοῦτος
932 949 1320 1017 καθαιρείσθω.
1355 951 1464 1002 Καὶ
1496 950 1594 1018 οὐχ
1628 949 1657 1000 ὀ
1707 948 1808 1017 μὲν
1852 965 1963 1016 χει-

392 1040 701 1108 ροτονηθεὶς
752 1040 843 1092 ἐπὶ
887 1043 1135 1110 χρήμασι
1184 1040 1720 1110 καθαιρεθήσεται,ὀ
1750 1040 1804 1092 δὲ
1850 1055 1963 1110 χει-

389 1134 685 1202 ροτονήσας
710 1132 875 1185 αὑτὸν
939 1132 1112 1195 οὕτως
1157 1133 1506 1199 ἀτιμώρητος
1569 1130 1722 1183 ἔσται
1757 1143 1773 1156 ⁶
1827 1129 1963 1184 ἀλλὰ

384 1228 640 1286 κακεῖνος
671 1228 737 1293 τῇ
767 1223 1085 1294 καθαιρέσει
1140 1225 1608 1293 ὐποδληθήσεται.
1666 1224 1962 1292 Ἐξὴγηται

374 1318 443 1370 δὲ
467 1318 535 1369 τὰ
568 1317 695 1386 περὶ
715 1316 904 1369 τούτου
920 1317 1261 1386 πλατύτερον
1289 1319 1346 1370 ὲν
1363 1318 1574 1386 ἑτέροις
1603 1317 1851 1370 κανόσιν.

384 1492 609 1547 ΑΡιΣΤ.
668 1513 689 1545 ι
746 1500 795 1545 »υ
827 1492 1226 1562 χειροτονηθεὶς
1253 1493 1345 1545 ἐπὶ
1385 1495 1628 1562 χρήμασι
1661 1492 1962 1560 συγκαθαι-

565 1604 583 1637 ι
630 1586 832 1654 ρείσθω
854 1584 931 1654 τῷ
964 1588 1424 1654 χειροτονήσαντι.
1462 1604 1480 1634 ι
1514 1584 1745 1654 Σαφής.

972 1678 1212 1729 ΚΑΝΩΝ
1245 1677 1368 1731 Kl".

390 1786 412 1821 ι
457 1770 590 1839 Περὶ
649 1768 746 1821 τοῦ
779 1770 982 1838 μηδένα
1033 1770 1141 1821 τῶν
1172 1770 1284 1821 εἴτε
1333 1769 1652 1822 ἐπισκόπων
1683 1770 1792 1823 εἴτε
1824 1786 1958 1840 πρε-

460 1881 478 1910 ι
532 1859 863 1929 σϐυτέρωνῆ
895 1860 1156 1912 διακόνων
1174 1861 1276 1928 τῆς
1303 1860 1574 1929 ἀχράντου
1610 1860 1958 1929 μεταδιδόντα

459 1973 477 2003 ι
518 1952 801 2013 κοινωνίας
833 1950 986 2020 παρὰ
1004 1950 1103 2004 τοῦ
1133 1950 1450 2019 μετέχοντος
1477 1951 1829 2019 είσπράττειν
1857 1950 1956 2021 τῆς

448 2063 476 2089 4
522 2042 779 2110 τοιαύτης
814 2040 1167 2111 μεταλήψεως
1188 2041 1349 2111 χάριν
1387 2041 1608 2104 ὀϐολοὺς
1643 2042 1675 2112 ἢ
1722 2037 1860 2105 εἶδος
1897 2043 1957 2097 τὸ

455 2156 476 2187 ι
513 2134 742 2189 οἱονοῦν.
764 2134 910 2190 Οὐδὲ
935 2134 1043 2202 γὰρ
1088 2133 1417 2203 πεπραμένη
1485 2136 1633 2186 ἐστίν
1680 2136 1710 2202 ἡ
1771 2135 1952 2203 χάρις.

453 2247 474 2278 ι
516 2227 639 2279 οὐδὲ
689 2226 938 2295 χρήμασι
1000 2226 1092 2277 τὸν
1154 2223 1429 2291 άγιασμὸν
1483 2223 1580 2274 τοῦ
1638 2222 1954 2291 Ιίνεύματος

452 2338 480 2369 4
524 2317 938 2387 μεταδιδόαμεν,
978 2314 1115 2368 ἀλλὰ
1145 2316 1258 2377 τοῖς
1292 2314 1463 2380 ἀξίοις
1514 2313 1608 2367 τοῦ
1638 2314 1810 2382 δώρου
1843 2315 1952 2367 άπ-

458 2428 480 2460 ι
515 2409 870 2479 ανουργήτως
917 2406 1260 2477 μεταδοτέον.
1296 2405 1356 2457 Εἰ
1404 2404 1462 2456 δὲ
1505 2406 1701 2473 φανείη
1732 2420 1815 2466 τις
1845 2404 1952 2457 τῶν

458 2521 485 2554 ο
529 2503 588 2555 ὲν
616 2502 809 2570 κλήρῳ
869 2499 1342 2567 καταλεγομένων-
1372 2496 1616 2550 ἁπαιτῶν
1644 2489 1687 2562 ᾧ
1744 2496 1955 2567 μεταδί-

454 2615 474 2647 s
520 2595 653 2649 δωσι
688 2597 786 2663 τῆς
816 2592 1087 2661 ἀχράντου
1128 2589 1414 2651 κοινωνίας
1452 2589 1512 2640 τὸ
1538 2588 1743 2642 οἰονοῦν
1786 2584 1950 2653 εἶδος,

446 2706 475 2742 ο
514 2687 915 2755 καθαιρείσθω,
944 2683 1026 2745 νώς
1050 2684 1147 2751 τῆς
1172 2682 1416 2751 Σίμωνος
1459 2679 1710 2749 ζηλωτὴς
1741 2680 1951 2748 πλάνης

458 2800 476 2831 ι
518 2779 613 2832 καὶ
639 2775 993 2845 κακουργίας.
1040 2792 1061 2825 ι

450 2872 653 2925 ΒΑΛΣ.
684 2868 1012 2929 Καταλύσας
1034 2865 1141 2935 πρὸ
1174 2863 1382 2934 χρόνων
1412 2863 1615 2917 ίκανῶν
1640 2862 1721 2925 είς
1753 2862 1951 2933 χωρίον

376 2985 433 3021 τι
501 2961 862 3031 Καλοτυχάδα
913 2959 1319 3026 ἐπιλεγόμενον,
1364 2958 1458 3011 καὶ
1513 2958 1571 3008 ἐν
1621 2954 1703 3025 τῷ
1754 2955 1950 3026 θέματι

376 3057 724 3129 Χερρονήσου
745 3054 1107 3122 διακείμενον,
1136 3049 1275 3102 κατὰ
1289 3048 1387 3116 τὴν
1410 3047 1571 3116 ἁγίαν
1591 3045 1951 3118 Κυριώνυμον

2061 955 2226 1009 vitam
2265 969 2328 1007 ac
2364 954 2747 1023 ineulpabilem
2781 954 3009 1023 elegisse
3037 954 3291 1008 inventus
3322 953 3505 1018 fuerit,
3537 955 3630 1006 dc-

2064 1045 2191 1113 poni
2220 1043 2430 1111 iubent.
2472 1044 2659 1113 Neque
2686 1061 2813 1099 vero
2837 1046 3028 1114 eo,qui
3062 1045 3304 1114 pecuniis
3331 1044 3634 1106 ordinatur,

2065 1137 2332 1205 deposito,
2362 1139 2451 1205 qui
2483 1139 2705 1192 ordines
2736 1138 2786 1191 ei
2819 1138 3050 1192 contulit
3079 1139 3297 1207 impune
3330 1136 3505 1201 feret;
3539 1139 3634 1192 sed

2064 1243 2187 1281 eum
2220 1243 2436 1296 quoque
2475 1229 2833 1296 depositionis
2860 1231 3048 1283 eadem
3098 1244 3259 1299 pinna
3314 1227 3488 1282 teneri
3536 1229 3636 1283 dc-

2063 1329 2273 1370 cretum
2303 1328 2407 1373 est.
2466 1320 2632 1374 l‘orro
2687 1321 2753 1375 de
2792 1321 2893 1374 hac
2929 1322 3116 1374 eadem
3168 1335 3224 1374 re
3286 1320 3532 1387 pluribus
3581 1320 3633 1369 in

2064 1408 2293 1460 aliorum
2327 1424 2595 1464 canonum
2623 1412 2985 1481 explicatione
3016 1411 3394 1466 disseruimus.

2063 1497 2292 1553 ARIST.
2324 1517 2341 1549 ι
2374 1498 2479 1563 Qui
2510 1503 2759 1568 pecuniis
2787 1502 3096 1564 ordinatur,
3148 1516 3253 1555 una
3309 1515 3430 1555 cum
3482 1502 3638 1551 ordi-

2314 1610 2333 1641 ι
2375 1601 2540 1647 nante
2581 1593 2902 1657 deponatur.
2940 1612 2960 1644 ι
3007 1590 3344 1659 Perspicuus.

2602 1683 2833 1738 CANON
2875 1682 3059 1737 XXIII.

2070 1796 2087 1823 ο
2120 1774 2410 1841 'Utnullus,
2440 1776 2553 1831 sive
2580 1778 2887 1845 episcopus,
2907 1778 3019 1833 sive
3045 1778 3347 1847 presbyter,
3380 1777 3494 1831 sive
3518 1777 3631 1829 dia-

2140 1886 2158 1919 ι
2204 1883 2398 1932 conta,
2441 1868 2841 1924 immaculatum
2892 1871 3139 1938 praebens
3169 1870 3628 1933 communionem,

2135 1980 2153 2010 ι
2189 1961 2259 2015 ab
2303 1975 2369 2016 eo
2418 1961 2510 2030 qui
2560 1962 2959 2026 communicat,
3016 1964 3136 2031 ejus
3194 1960 3631 2031 participationis

2134 2066 2154 2096 ι
2187 2047 2381 2115 gratia,
2418 2047 2607 2104 obolos
2640 2049 2724 2103 vel
2762 2049 3013 2117 quamvis
3043 2050 3204 2103 aliam
3243 2050 3484 2118 speciem
3511 2050 3627 2103 exi-

2132 2159 2152 2189 ‹
2193 2149 2301 2215 gat.
2360 2138 2476 2194 Non
2524 2149 2609 2195 est
2655 2142 2800 2195 enim
2859 2142 3066 2196 venalis
3124 2144 3322 2211 gratia,
3358 2146 3479 2195 'nec
3532 2158 3629 2210 pro

2134 2250 2151 2280 ι
2194 2230 2438 2299 pecuniis
2483 2228 2719 2301 Spiritus
2745 2232 3229 2287 sanctiﬁcationem
3257 2233 3624 2302 impcrtimur:

2132 2340 2153 2362 ε
2188 2322 2283 2376 sed
2319 2337 2380 2375 ea
2411 2322 2498 2389 iis,
2534 2324 2628 2391 qui
2662 2323 2810 2393 digiti
2843 2334 2991 2384 sunt.
3022 2324 3231 2393 absque
3281 2325 3384 2377 ulla
3419 2325 3628 2379 callidi-

2134 2432 2150 2461 ι
2190 2421 2406 2468 tateest
2431 2416 2900 2469 communicanda.
2939 2414 2994 2467 Si
3029 2415 3153 2484 quis
3207 2426 3387 2469 autem
3438 2430 3624 2471 eorum

2133 2522 2151 2553 ι
2191 2503 2281 2570 qui
2308 2511 2440 2557 sunt
2472 2504 2525 2557 in
2556 2503 2688 2557 cieri
2727 2504 2999 2573 catalogo,
3029 2506 3098 2559 ab
3121 2520 3213 2570 eo,
3251 2505 3336 2560 cui
3362 2505 3622 2559 immacn~

2132 2613 2148 2643 ι
2188 2594 2347 2647 latam
2385 2595 2631 2663 impertit
2665 2595 3134 2660 communionem,
3168 2597 3331 2650 ullam
3382 2600 3619 2666 speciem

2134 2703 2153 2735 ι
2188 2686 2405 2754 exigere
2434 2686 2585 2739 visus
2612 2685 2799 2751 (inerit,
2842 2687 3170 2754 deponatur,
3221 2697 3281 2742 ut
3332 2687 3623 2743 Simoniaci

2132 2798 2152 2829 ι
2188 2779 2397 2832 erroris
2429 2786 2485 2831 et
2512 2779 2769 2834 maleﬁcii
2804 2780 3104 2835 aemulator.
3141 2799 3162 2833 ι

2129 2868 2325 2923 BALS.
2350 2869 2484 2923 Cum
2514 2870 2646 2923 satis
2673 2870 2833 2940 longo
2868 2871 3062 2927 abhinc
3093 2881 3335 2943 tempore
3384 2886 3437 2927 In
3483 2890 3625 2943 qun-

2054 2960 2175 3015 dam
2212 2961 2351 3025 loco,
2388 2962 2477 3030 qui
2506 2959 2836 3032 Calotychas
2864 2964 3187 3032 appellatur,
3215 2975 3272 3020 et
3303 2966 3360 3019 in
3391 2963 3623 3020 Cherso-

2054 3054 2169 3107 nesi
2206 3054 2420 3122 regione
2453 3054 2659 3122 positus
2707 3061 2811 3116 est,
2848 3066 3035 3107 sancta
3082 3055 3362 3109 Dontinica
3404 3056 3625 3111 Paschm

373 3151 468 3206 τοῦ
498 3153 690 3218 Πάσχα
721 3148 819 3215 τῆς
843 3144 937 3199 τοῦ
961 3142 1199 3214 Χριστοῦ
1242 3141 1616 3205 ἀναστάσεως,
1650 3135 1791 3192 εἶδον
1836 3156 1947 3207 χωο

2052 3144 2251 3198 Christi
2310 3147 2725 3200 resurrectionis
2774 3147 3120 3211 diversarer,
3181 3148 3291 3201 vidi
3350 3150 3619 3216 quasdam

378 3241 565 3312 ριτικά
600 3239 801 3307 γύναια
831 3237 928 3290 κα)⁸
948 3235 1215 3303 ἀνδράρια
1252 3233 1392 3300 μετά
1418 3230 1516 3299 τὴν
1540 3229 1769 3298 ἑωθινὴν
1794 3229 1947 3283 θείαν

373 3332 655 3404 ὑμνῳδίαν
702 3328 922 3399 τῷναῴ
954 3327 1054 3396 τῆς
1112 3325 1410 3385 καθολικῆς
1466 3322 1759 3391 ἐκκλησίας
1819 3322 1949 3391 συρ-

376 3427 572 3496 ρέοντα
600 3420 738 3491 μετὰ
767 3419 953 3489 ὀρνιθε
965 3418 1059 3469 ίων
1079 3416 1203 3468 ὠῶν
1234 3413 1384 3484 ζύμῃ
1413 3413 1580 3484 ἄρτου
1630 3413 1920 3481 συνηνωμέ

376 3532 507 3577 των,
538 3515 633 3566 καὶ
657 3512 797 3581 μετὰ
826 3509 1006 3577 κρεῶν
1034 3504 1531 3575 τεταριχευμένων,
1561 3502 1655 3555 καὶ
1693 3501 1829 3571 μετὰ
1849 3501 1945 3556 άλι-

372 3606 482 3659 λων
528 3605 690 3656 τινῶν
740 3601 902 3655 εἰδῶν
953 3599 1272 3670 βρωσίμων,
1322 3595 1355 3665 ἢ
1410 3595 1505 3647 καὶ
1557 3595 1695 3662 πρὸς
1732 3592 1862 3646 ἄλλο
1894 3610 1944 3647 τι

373 3696 697 3764 ἐπιτηδείων
731 3707 745 3723 ⁸
768 3696 863 3747 καὶ
892 3692 1154 3761 ἠρώτησα
1179 3690 1321 3750 τίνος
1353 3687 1513 3756 χάριν
1538 3685 1696 3737 τοῦτο
1716 3686 1946 3751 γει-εται,

374 3788 473 3845 καὶ
489 3788 700 3857 ηκουσα
723 3786 796 3848 ὡς
826 3785 1059 3845 ἓκαστ·,ς
1080 3780 1353 3847 δεξιοῦται
1378 3780 1468 3833 τὸν
1494 3779 1642 3847 ίερέα
1667 3780 1757 3831 τὸν
1780 3794 1950 3847 μετα-

375 3881 588 3934 διδόντα
650 3876 729 3946 τῷ
782 3875 895 3944 λαῷ
952 3873 1061 3927 τῶν
1109 3873 1268 3926 θείων
1326 3872 1706 3938 ἁγιασμάτων,
1758 3864 1978 3937 ὲφόἷς⁹

372 3974 616 4027 δύναται.
649 3968 856 4029 ’Δλλως
900 3966 1008 4034 γὰρ
1034 3964 1133 4017 οὐκ
1166 3963 1374 4028 ἔξεστιν
1398 3963 1638 4029 ἐντυχεῖν
1690 3977 1812 4011 τινα
1871 3959 1948 4027 τῷ

374 4064 531 4134 ίερεῖ,
570 4060 665 4113 καὶ
705 4057 814 4110 τῶν
872 4056 1228 4123 ἀγιασμάτων
1276 4051 1602 4121 μεταλαϐεῖν
1633 4066 1647 4081 ο
1696 4051 1787 4101 καὶ
1825 4049 1945 4100 τότε

376 4156 477 4226 μὲν
508 4152 845 4223 ἐμεμψάμην
881 4153 939 4201 τὸ
963 4147 1267 4216 γινόμενον.
1323 4143 1546 4211 Ἀρτίως
1590 4142 1649 4195 δὲ
1709 4140 1949 4209 ἐντυχὼν

370 4250 454 4317 τῷ
489 4246 716 4314 παρόντι
744 4242 953 4302 κανόνι,
976 4237 1358 4309 ηὐχαρίστησα
1393 4235 1542 4303 αὐτῷ
1572 4234 1647 4296 ὡς
1688 4234 1947 4287 κωλύοντι

377 4339 730 4395 ἀπαιτεῖσθαι
761 4336 884 4394 τοὺς
920 4331 1445 4401 μεταλαμϐάνοντας
1512 4328 1619 4380 τῶν
1673 4325 1945 4393 ἁγιασμά-

374 4452 483 4487 των
522 4428 755 4497 ὀϐολὸνῆ
793 4425 1101 4493 οἱονὸήποτε
1131 4418 1291 4482 εἶδος.
1344 4420 1492 4484 Ὅτι,
1546 4421 1731 4486 φησιν,
1766 4420 1826 4469 ob
1861 4435 1949 4469 πι-

2056 3235 2203 3292 illiu's
2236 3237 2339 3292 loci
2397 3238 2764 3300 mulierculas,
2820 3248 2874 3291 et
2928 3238 3188 3306 quosdam
3244 3238 3618 3301 ltomunculos,

2051 3340 2172 3397 post
2205 3330 2519 3382 matutinam
2551 3330 2785 3382 divinam
2822 3329 3201 3395 psalmodiam,
3233 3332 3298 3385 ad
3344 3332 3622 3386 catholicae

2050 3419 2305 3475 Ecclesiae
2338 3420 2593 3487 templum
2643 3419 3003 3485 conﬂuentes,
3066 3437 3187 3473 cum
3242 3422 3359 3476 ovis
3410 3424 3620 3491 gallinae

2049 3514 2208 3579 panis
2260 3512 2528 3565 fermento
2559 3511 2752 3576 ruistis,
2790 3522 2843 3564 et
2876 3528 2995 3567 cum
3049 3512 3210 3567 salsis
3242 3514 3523 3576 carnibus,
3564 3526 3622 3568 et

2049 3618 2173 3656 cunt
2207 3603 2324 3657 aliis
2355 3603 2679 3670 quibusdam
2709 3603 3024 3667 esculentis,
3056 3604 3136 3658 vel
3184 3603 3345 3657 etiam
3398 3605 3465 3655 ad
3512 3605 3618 3657 ali-

2049 3694 2178 3762 quid
2211 3696 2352 3747 aliud
2381 3696 2519 3763 aptis
2552 3712 2567 3751 :
2599 3703 2654 3749 et
2686 3696 3015 3765 interrogavi
3045 3710 3334 3763 quamnant
3377 3697 3449 3751 ob
3490 3712 3622 3749 cauo

2049 3801 2165 3839 sam
2198 3778 2309 3841 hoc
2348 3790 2535 3854 tieret;
2576 3796 2629 3840 et
2674 3787 2875 3850 audivi,
2936 3788 3078 3855 quod
3137 3790 3508 3857 unusquisque
3553 3790 3619 3843 iis

2051 3881 2244 3948 quibus
2274 3889 2451 3947 potest
2486 3878 2640 3933 donis
2672 3879 3029 3945 sacerdotem,
3063 3879 3153 3947 qui
3191 3880 3385 3948 populo
3434 3880 3615 3934 divina

2049 3979 2389 4024 sacramenta
2418 3971 2664 4039 porrigit,
2694 3970 3058 4038 prosequitur.
3083 3968 3265 4037 Neque
3289 3972 3431 4024 enim
3464 3971 3620 4025 aliter

2049 4060 2305 4127 cuiquam
2342 4060 2467 4114 licet
2501 4071 2843 4115 sacramenta
2879 4063 3158 4129 percipere
3188 4076 3203 4114 :
3238 4070 3292 4112 ct
3347 4072 3473 4114 tunc
3496 4065 3616 4129 qui-

2049 4152 2175 4206 dem
2208 4153 2530 4220 reprehendi
2559 4156 2699 4221 quod
2734 4152 2914 4206 ﬁebat.
2949 4150 3084 4204 Cum
3120 4162 3298 4203 autem
3343 4168 3513 4221 nuper
3563 4154 3615 4206 in

2050 4243 2196 4297 hunc
2252 4254 2572 4313 praesentem
2635 4258 2893 4298 canonem
2935 4244 3268 4307 incidissem,
3322 4246 3370 4298 ei
3412 4247 3616 4312 gratias

2049 4336 2157 4404 egi,
2192 4346 2249 4388 ut
2282 4336 2373 4402 qui
2409 4336 2476 4387 ab
2516 4337 2601 4401 iis,
2641 4336 2728 4404 qui
2781 4338 3189 4389 communicant
3236 4339 3613 4401 sacramentis,

2050 4426 2237 4479 obuios
2283 4427 2362 4479 ιιι-1
2418 4427 2581 4481 ullam
2642 4427 2798 4479 aliam
2857 4428 3090 4495 speciem
3149 4430 3290 4497 exigi
3346 4431 3613 4497 prohibet.

374 4529 685 4596 πράσκεται
724 4521 843 4572 οὐδὲ
871 4520 1148 4588 χρήμασιν
1176 4518 1206 4566 ὁ
1232 4514 1503 4581 ἁγιασμὸς
1553 4510 1900 4581 μεταδίδοτλι
1925 4526 1937 4538 ⁸

2052 4518 2340 4583 Quoniam,
2382 4520 2574 4587 inquit,
2613 4535 2718 4574 non
2750 4519 3022 4581 venditur,
3062 4536 3161 4574 nec
3202 4522 3448 4588 pecuniis
3492 4537 3618 4574 Sar-

374 4619 717 4683 ἁὶὰὰδῶρον
751 4618 863 4675 τοῖς
892 4613 1060 4675 αξίοις
1108 4610 1176 4663 τά
1228 4612 1358 4672 ἅγια
1401 4609 1549 4677 δῶρα
1607 4605 1943 4674 διανέμεται.

373 4714 478 4768 Διά
502 4712 612 4779 γὰρ
642 4708 817 4771 τοῦτο,
851 4707 924 4768 ὡς
950 4706 1118 4769 ἔοικε,
1140 4703 1231 4757 καὶ
1256 4702 1387 4767 ἁγία
1432 4699 1610 4768 δωρεὰ
1643 4699 1784 4751 κατὰ
1831 4713 1946 4748 κοι-

371 4809 623 4865 νολαῖτας
648 4804 893 4870 λέγονται
926 4802 994 4850 τα
1026 4802 1178 4863 ἀγια.
1208 4796 1310 4848 Τὸν
1343 4794 1398 4845 δὲ
1426 4793 1577 4861 παρὰ
1596 4790 1766 4844 ταῦτα
1830 4806 1949 4842 ποι-

372 4903 540 4954 οῦντα
578 4894 1013 4964 καθαιρεῖσθαιὸ
1036 4890 1213 4943 κανὼν
1233 4889 1546 4957 διορίζεται,
1573 4886 1646 4947 ὡς
1692 4884 1791 4954 τῆς
1848 4903 1946 4938 κα·

369 4996 495 5055 κίεις
528 4993 624 5044 καὶ
647 4991 743 5059 τῆς
774 4988 982 5054 πλανης
1008 4984 1099 5037 τοῦ
1126 4983 1365 5050 Σίμωνος
1397 4979 1663 5048 ζηλωτήν.

442 5171 688 5225 ΖΩΝᾹΡ.
732 5166 871 5227 Τοὺς
920 5159 1301 5231 μεταδιδόντας
1344 5155 1421 5224 τῷ
1465 5153 1580 5224 λαῷ
1623 5152 1732 5207 τῶν
1784 5152 1945 5208 θείων

366 5269 467 5318 καὶ
503 5260 746 5331 φρικτῶν
776 5255 1091 5326 μυστηρίων
1138 5249 1337 5303 κωλύει
1388 5249 1416 5298 ὁ
1454 5244 1636 5299 κανὼν
1692 5247 1945 5298 ἀπαιτεῖν

372 5360 482 5410 ἀπὸ
534 5356 642 5406 τῶν
703 5346 1229 5421 μεταλαμϐανόντων
1276 5340 1499 5401 ὀϐολοὺς
1548 5338 1579 5409 ἢ
1631 5337 1944 5406 οἱονδήποτε

372 5448 535 5510 εἶδος.
580 5447 644 5497 'll
676 5446 783 5512 γὰρ
817 5457 996 5511 χαρις,
1030 5443 1216 5506 φησιν,
1249 5436 1310 5486 οὐ
1364 5433 1761 5500 πιπράσκεται,
1818 5429 1943 5481 οὐδὲ

371 5547 649 5614 χρήμασιν
677 5539 705 5589 ὁ
734 5535 1004 5601 ἁγιασμὸς
1041 5527 1404 5598 μεταδίδοται,
1438 5524 1575 5575 ἀλλὰ
1614 5522 1784 5586 δῶρον
1831 5522 1943 5581 τοῖς

367 5611 539 5700 sitm;
569 5627 901 5694 διανὲμεται.
953 5621 1008 5674 Ὀ
1042 5622 1094 5671 -νὲ
1131 5637 1177 5672 τι
1201 5616 1448 5669 ἁπαιτῶν
1482 5614 1609 5673 τοὺς
1660 5611 1942 5681 μεταλαμ-

369 5729 658 5782 ϐάνοντας,
694 5717 796 5769 κᾶν
840 5713 1120 5782 ἐλάχιστον
1164 5709 1273 5775 εἴη,
1321 5701 1805 5771 καθαιρεθήσεται,
1868 5700 1942 5760 ὡς

364 5822 463 5893 της
491 5818 728 5885 Σίμωνος
752 5806 997 5879 ζηλωτὴς
1022 5806 1225 5871 πλάνης
1246 5801 1337 5852 καὶ
1364 5794 1716 5863 κακουργίας.
1764 5794 1941 5846 Ἐκεῖ-

2049 4607 2304 4661 ctiticatiu
2336 4607 2643 4676 impertitur
2673 4626 2686 4662 :
2727 4609 2819 4661 sed
2857 4607 2923 4660 iis
2954 4608 3045 4676 qui
3074 4609 3218 4677 digni
3248 4622 3395 4675 sunt,
3429 4623 3573 4665 sanet
3596 4630 3612 4663 ι

2048 4694 2190 4747 dona
2250 4698 2419 4765 gratis
2465 4697 2888 4751 distribuuntur.
2925 4695 3216 4766 Propterea
3249 4700 3418 4764 enim,
3446 4712 3502 4752 ut
3533 4706 3615 4753 est

2046 4787 2347 4854 probabile,
2374 4789 2737 4841 ctiamsaucta
2769 4786 2990 4841 donatio
3024 4804 3051 4838 a
3085 4788 3246 4856 vulgo
3272 4799 3612 4841 sacramenta

2046 4880 2325 4932 dicuntur.
2376 4881 2505 4932 Eum
2559 4888 2760 4946 autem,
2818 4881 2909 4949 qui
2971 4881 3127 4933 aliter
3187 4880 3399 4943 fecerit,
3454 4880 3615 4945 depu-

2048 4971 2285 5024 neudum
2325 4972 2566 5024 decernit
2594 4986 2791 5035 canon,
2825 4984 2883 5024 ut
2915 4971 3004 5039 qui
3038 4972 3110 5025 sit
3145 4970 3470 5024 Simoniacm
3509 4972 3610 5021 im-

2047 5064 2332 5130 probitatis
2353 5072 2408 5114 et
2438 5064 2638 5115 erroris
2665 5061 2966 5115 aemulator.

2123 5151 2371 5205 ΖυΝΑιι.
2421 5152 2627 5216 Quibus
2684 5152 2864 5204 divina
2921 5160 2976 5203 et
3029 5148 3302 5202 tremenda
3358 5150 3610 5217 mysteria

2047 5245 2241 5312 populo
2282 5244 2621 5312 itnpcrtiendt
2658 5258 2783 5294 cura
2812 5241 3134 5295 demandata
3166 5250 3268 5302 est,
3300 5239 3487 5294 obolos
3522 5250 3613 5291 aut

2049 5351 2160 5388 rem
2197 5335 2380 5396 aliam,
2413 5349 2748 5402 quacunque
2788 5335 3000 5385 demum
3034 5346 3096 5383 ea
3130 5333 3217 5391 sit,
3254 5345 3284 5383 a
3320 5332 3613 5383 communi-

2047 5426 2300 5480 cantibus
2340 5426 2556 5492 exigere
2588 5440 2759 5476 canon
2807 5430 2972 5474 vetat.
3027 5419 3135 5474 Nec
3187 5421 3329 5474 enim
3380 5419 3609 5483 venalis,

2047 5520 2242 5587 inquit,
2271 5530 2352 5573 est
2389 5519 2584 5585 gratia,
2637 5529 2813 5585 neque
2859 5513 3031 5581 pretio
3079 5513 3341 5565 sanctitas
3393 5527 3614 5579 compa-

2046 5622 2214 5675 ratur,
2250 5608 2347 5664 sed
2372 5608 2545 5676 dignis
2573 5606 2881 5660 hominibus
2910 5605 3143 5672 gratuita
3168 5604 3457 5674 largitione
3477 5619 3610 5655 con-

2045 5703 2234 5755 fertur.
2269 5702 2367 5767 Qui
2396 5716 2523 5754 vero
2548 5699 2749 5768 aliquid
2782 5715 2810 5750 a
2853 5699 3386 5753 communit-antibus
3442 5696 3605 5749 etiam

2046 5795 2326 5847 minimum
2382 5793 2597 5860 exigere
2647 5804 2812 5843 ausus
2872 5788 3057 5855 tuerit,
3110 5787 3264 5858 quasi
3323 5782 3611 5842 Situoniaci
