4110 6224
519 360 621 425 5θὶ

1780 370 2056 432 THEOD.
2110 372 2200 431 ΒΛ
2210 374 2343 433 LSA
2357 373 2516 432 ΜοΝ

3646 381 3764 447 592

513 475 719 529 erroris
748 490 811 529 ac
849 476 1213 545 improbitatis
1242 474 1614 533 aemulatorem
1652 479 1848 547 ἀθροιιί
1884 492 2070 548 ριιιοει

2189 498 2278 543 νος
2312 482 2421 550 γὰρ
2448 482 2629 549 ἐζήτει
2653 480 2874 547 δοθῆναι
2925 480 3078 551 αὐτῷ
3125 482 3218 533 ἐπὶ
3273 483 3556 555 χρήμασιν
3604 487 3769 543 ὤνιον

511 564 620 622 lste
679 570 821 621 enim
880 567 1060 621 oblato
1110 569 1325 638 pretio,
1394 570 1614 637 rependi
1673 571 1774 625 sibi
1838 572 2079 627 vicissim

513 660 690 713 sancti
730 657 963 727 Spiritus
998 662 1229 725 gratiam
1263 661 1599 730 postulabat.

510 748 739 805 ARIST.
794 766 814 799 ι
864 748 964 814 Qui
1024 751 1421 805 immaculatam
1474 751 1786 821 impertitur
1839 768 2081 807 comnm-

587 854 606 886 ι
653 838 889 903 nionem,
913 850 963 890 ct
990 839 1206 892 obolum
1234 841 1314 893 vel
1340 841 1482 895 aliud
1502 845 1861 910 quodcunque
1886 844 2076 911 exigit,

583 943 601 977 ι
638 926 961 993 deponatur.
1006 948 1023 979 ι
1068 928 1407 995 Perspiruus.

969 1019 1126 1088 133
1156 1020 1386 1075 canon
1424 1020 1613 1075 xxrv.

511 1125 529 1157 ι
569 1106 644 1162 Ne
666 1108 748 1161 cui
780 1108 936 1163 liceat
959 1126 1150 1162 eorum
1174 1110 1265 1177 qui
1297 1110 1349 1162 in
1387 1112 1707 1166 sacerdotali
1734 1112 1925 1167 ordine
1947 1130 2079 1168 enti-

583 1213 602 1246 ι
639 1206 938 1259 merantur,
967 1197 1048 1250 vel
1078 1200 1487 1264 monachorum,
1520 1200 1574 1253 in
1606 1217 1866 1270 equorum
1904 1207 2079 1257 curri-

583 1304 601 1336 ι
637 1285 774 1339 culis
802 1287 1122 1350 subsistere,
1160 1288 1238 1341 vel
1294 1291 1537 1344 scenicos
1576 1291 1732 1346 ludos
1779 1293 2073 1348 sustinere.

580 1398 598 1429 ι
636 1377 742 1432 Sed
794 1388 847 1432 et
900 1379 946 1433 si
994 1379 1117 1447 quis
1144 1378 1373 1432 clericus
1420 1380 1486 1432 ad
1543 1381 1764 1448 nuptias
1814 1392 2027 1435 vocetur
2056 1422 2073 1449 ,

581 1488 599 1522 ι
638 1472 855 1538 quando
884 1470 949 1523 ad
981 1470 1352 1539 deceptionem
1381 1480 1693 1537 comparata
1728 1472 1931 1526 ludicra
1991 1476 2074 1527 iu-

586 1580 603 1613 ι
640 1577 821 1631 gressa
851 1561 1089 1627 fuerint,
1116 1570 1299 1629 surgat
1341 1571 1396 1615 et
1446 1575 1476 1613 ο
1526 1564 1753 1631 vestigio
1792 1564 2069 1629 discedat,

583 1672 601 1705 ι
640 1653 857 1707 Patrum
890 1660 1197 1706 nostrorum
1227 1653 1306 1707 sic
1329 1652 1552 1721 jubeute
1579 1655 1843 1709 doctrina.
1871 1655 1926 1709 Si
1948 1657 2075 1725 quis

582 1763 601 1796 ι
635 1753 813 1798 autem
843 1743 963 1812 ejus
996 1742 1070 1796 rei
1096 1743 1416 1813 coniunctus
1442 1744 1627 1813 fuerit,
1667 1746 1747 1801 vel
1788 1758 1965 1802 cesset
1990 1749 2073 1803 vel

582 1853 601 1885 ι
640 1836 966 1903 depenatur.
1006 1852 1027 1885 ι
1767 1852 1794 1879 ι

575 1922 768 1976 BtLS.
819 1923 1223 1990 Cousequeuter
1272 1923 1341 1977 54
1386 1924 1578 1978 cauoni
1630 1924 1819 1995 synodi
1874 1925 2074 1978 Laodi-

506 2029 652 2067 cena:
684 2013 930 2079 prohibet
975 2013 1136 2067 etiam
1186 2028 1424 2081 presens
1470 2028 1641 2067 canon
1697 2015 1751 2067 in
1810 2030 2073 2082 equorum

502 2105 830 2158 curriculum
864 2103 1154 2158 ascendere
1187 2104 1267 2157 vel
1300 2105 1609 2158 sacerdotes
1634 2104 1714 2156 νιιὶ
1754 2106 2074 2173 monachos,

502 2197 586 2249 vel
650 2196 894 2251 scenicos
931 2196 1093 2249 etiam
1145 2195 1300 2249 ludos
1350 2196 1539 2250 audire
1593 2213 1609 2249 :
1665 2197 1963 2263 adjicieus,
2020 2207 2079 2251 ut

501 2287 683 2342 clerici
720 2292 785 2339 ad
817 2287 1030 2355 nuptias
1066 2287 1237 2339 vocati
1266 2285 1365 2353 (de
1398 2286 1678 2340 monachis
1714 2288 1857 2338 enim
1892 2286 2077 2342 dicere

504 2376 752 2431 Patribus
781 2393 808 2429 ιι
845 2378 1053 2431 ratione
1082 2377 1314 2430 alienum
1341 2376 1514 2430 visum
1551 2388 1659 2441 est,
1711 2381 1851 2445 quod
1900 2379 1953 2431 id
2005 2377 2077 2431 sit

503 2466 668 2521 nimis
701 2466 1054 2525 indecorum)
1084 2468 1347 2522 recedant
1401 2482 1525 2521 cum
1582 2466 1820 2537 primum
1866 2468 2073 2522 ludicra

505 2555 746 2624 ingressa
772 2553 993 2611 fuerint.
1027 2555 1130 2609 Sed
1159 2553 1474 2611 L'todicente
1499 2556 1713 2625 quidem
1746 2572 1867 2625 syn.
1895 2571 2073 2611 canon

504 2647 559 2700 in
589 2646 705 2715 ejus
731 2656 1131 2715 contemptores
1171 2663 1281 2700 non
1332 2648 1755 2701 animadvertit:
1785 2648 1872 2701 hic
1896 2661 2075 2701 autem

504 2737 759 2789 admonet
778 2736 1014 2803 qnidem,
1040 2745 1098 2790 ut
1118 2737 1207 2804 qui
1248 2738 1352 2793 tale
1375 2738 1517 2807 quid
1540 2738 1745 2793 faciunt
1776 2740 2075 2803 desistant;

502 2828 549 2883 si
571 2837 746 2881 autem
783 2842 889 2882 non
931 2830 1211 2895 desistant,
1245 2832 1592 2900 deponendos
1623 2832 1893 2885 decernit.
1932 2830 2069 2885 Cum

505 2919 560 2973 hi
605 2920 709 2973 duo
741 2934 981 2974 canentes
1026 2922 1138 2973 haec
1198 2922 1415 2983 dicant,
1468 2932 1523 2975 et
1570 2923 1958 2990 prOpemodum
2009 2923 2074 2975 ab

500 3008 929 3077 Ecclesichartc
953 3010 1207 3078 prohibiti
1238 3011 1343 3063 sint
1385 3012 1635 3064 monachi
1668 3020 1723 3063 et
1764 3012 2074 3066 sacerdotes

502 3116 691 3156 omnes
722 3101 787 3154 ad
819 3116 1079 3169 equorum
1103 3117 1288 3155 cursos
1317 3103 1580 3157 videndos
1632 3104 1896 3158 accedere
1920 3144 1935 3168 ,
1987 3105 2074 3158 di-

504 3202 699 3246 xerunt
730 3190 996 3255 nonnulli,
1031 3191 1176 3259 quod
1220 3192 1475 3247 clericum
1498 3193 1712 3262 quidem
1745 3197 1827 3249 vel
1878 3210 2070 3249 mona-

2171 3207 2267 3269 τάς
2292 3210 2587 3275 γινομένας
2620 3190 3006 3282 ἱπποδρομίας,
3048 3211 3209 3271 εἶπόν

502 3287 663 3338 chqu
693 3285 758 3335 ad
786 3297 1049 3350 equorum
1080 3283 1410 3337 curriculum
1465 3299 1569 3338 non
1613 3286 1873 3339 accedere
1896 3324 1914 3351 ,
1976 3301 2074 3339 nec

501 3376 865 3442 spectaculum
889 3376 1030 3444 quod
1050 3373 1323 3429 eﬂeminat
1339 3377 1711 3445 aspicere,nec
1734 3377 1895 3429 verba
1918 3392 2075 3432 aures

502 3466 923 3535 prmstriugentia
938 3467 1155 3531 audire,
1184 3466 1561 3522 estJaudabile
1578 3475 1630 3521 et
1662 3470 1895 3521 maxime
1919 3483 2073 3521 com-

502 3559 903 3622 mendandum;
927 3559 1376 3626 quemadmodum
1425 3568 1479 3613 et
1509 3574 1625 3615 esse
1662 3560 1968 3627 virginem,
2016 3568 2074 3613 et

500 3649 703 3717 reliqua
726 3664 843 3718 qua:
871 3649 1143 3703 buutiuem
1170 3651 1530 3704 saneti‘licant.
1574 3651 1630 3704 Si
1686 3651 1807 3719 quis
1850 3661 2068 3715 autem,

499 3757 622 3796 cum
648 3742 799 3811 virgo
830 3756 952 3795 esse
986 3755 1240 3810 uegiteat,
1274 3757 1495 3796 uxorein
1520 3742 1732 3797 duxerit
1761 3783 1776 3807 ,
1810 3758 1911 3796 non
1966 3758 2065 3811 pu-

498 3832 679 3886 nietur
705 3848 718 3883 :
745 3842 795 3885 et
818 3831 911 3900 qui
946 3848 1050 3885 non
1083 3842 1250 3901 potest
1283 3834 1539 3887 ah-omni
1588 3833 1859 3901 voluptate
1903 3832 2073 3887 absti-
2134 3836 2157 3859 ‘

500 3938 651 3988 nere,
687 3923 729 3976 si
757 3924 807 3976 iu
840 3938 1107 3992 equorum
1132 3923 1461 3977 curriculum
1498 3924 1658 3979 fuerit
1692 3925 1989 3994 ingressus.
2020 3925 2068 3979 ei

500 4018 652 4069 venia
686 4015 929 4081 dabitur;
957 4028 1008 4068 et
1050 4018 1217 4084 magis
1245 4018 1290 4069 si
1320 4015 1507 4081 semel,
1536 4032 1646 4069 non
1678 4028 1855 4070 autem
1897 4017 1939 4070 si
1967 4017 2069 4069 im-

499 4106 713 4161 modice
744 4114 920 4171 ttteus,
952 4120 1011 4161 se
1069 4106 1119 4160 ei
1148 4106 1434 4162 dicaverit.
1468 4106 1564 4161 llic
1616 4108 1763 4161 enim
1798 4125 1945 4173 can.,
1984 4110 2069 4161 iu-

496 4199 710 4267 qniunt,
735 4212 947 4261 Cursus,
984 4199 1075 4268 qui
1110 4191 1493 4261 olim‘ftebant,
1529 4210 1671 4254 vetat
1704 4239 1719 4262 .
1759 4216 1859 4254 nou
1888 4212 2066 4254 autem

496 4292 585 4358 qui
611 4289 927 4355 nunc‘ﬂuut,
964 4290 1314 4358 permittente
1374 4306 1441 4341 ac
1489 4300 1754 4359 prwscttte
1806 4292 2066 4359 principe.

495 4379 649 4435 'I‘unc
678 4382 819 4435 enim
849 4396 973 4434 cum
1007 4382 1238 4450 populus
1265 4382 1316 4433 in
1349 4382 1461 4436 illis
1486 4398 1749 4451 equorum
1782 4384 2066 4436 curriculis

496 4473 658 4525 nimia
691 4472 936 4525 libertate
972 4473 1052 4526 vel
1102 4473 1277 4539 potius
1311 4470 1528 4526 licentia
1583 4483 1823 4526 uteretur
1848 4512 1862 4539 ,
1897 4487 2065 4540 equo-

497 4577 723 4629 rumque
752 4576 944 4616 cursus
978 4563 1277 4616 celebraret
1302 4552 1574 4630 quomodo
1608 4574 1660 4619 et
1708 4565 1924 4631 quando
1968 4580 2062 4619 vo-

493 4652 698 4715 lebant,
723 4653 883 4720 inque
915 4654 1150 4722 propriis
1174 4656 1426 4723 expensis
1449 4694 1465 4718 ,
1497 4666 1554 4709 ut
1601 4658 1688 4722 qui
1741 4656 1961 4711 haberet
2010 4668 2064 4713 et

492 4744 684 4798 dumos
711 4752 764 4798 et
793 4758 964 4812 equos
997 4754 1052 4799 et
1087 4747 1295 4799 Stabula
1328 4785 1343 4811 ,
1398 4760 1516 4815 qua:
1573 4748 1638 4799 ad
1699 4748 1844 4802 hunc
1894 4763 2064 4817 usque

491 4837 634 4892 diem
685 4846 1095 4901 servantur,et
1160 4838 1362 4891 reditus
1432 4855 1531 4907 pro
1596 4839 2063 4896 illiscelcbrandis

490 4928 799 4993 curriculis,
823 4940 875 4982 et
915 4930 1204 4998 imperator
1231 4930 1553 4985 invitaretur
1580 4972 1593 4993 .
1626 4932 1826 4985 nullam
1883 4945 2060 4989 autt'm

491 5022 558 5076 ad
586 5036 704 5077 eam
738 5036 849 5075 rem
888 5030 1208 5089 potestatem
1242 5022 1492 5085 haberet,
1520 5025 1662 5078 illius
1696 5041 1887 5079 cursus
1922 5036 2061 5079 tem-

490 5129 622 5184 pore
654 5114 815 5167 multa
851 5114 1152 5167 turbulenta
1185 5126 1236 5168 et
1266 5117 1496 5167 absurda
1540 5117 1652 5169 lieri
1685 5118 2056 5187 contingebat;

489 5223 615 5262 cum
640 5207 738 5274 alii
777 5209 994 5276 quidem
1032 5209 1224 5275 populo
1258 5208 1604 5271 Venetorum,
1637 5210 1725 5262 alii
1770 5226 1893 5264 vero
1926 5212 2058 5264 Γιτι-

491 5299 731 5352 sincrum
760 5301 896 5368 parti
929 5300 1352 5369 adjungvrcntur
1385 5316 1398 5352 :
1432 5302 1719 5368 aliquando
1748 5319 1873 5357 vero
1893 5306 2057 5357 etiam

495 5388 633 5441 bella
659 5390 911 5442 intestina
943 5392 1175 5443 excitata
1212 5404 1332 5444 sunt
1358 5392 1494 5444 inter
1541 5395 1797 5447 adversas
1840 5408 2019 5463 partes
2040 5438 2055 5460 ,

493 5488 547 5529 et
573 5478 625 5530 itt
655 5477 995 5545 imperatoris
1012 5490 1302 5548 conspectu
1332 5482 1492 5535 verba
1525 5482 1687 5535 etiam
1725 5485 2054 5553 impudentia

492 5569 773 5637 populares
815 5585 909 5623 cru
952 5580 1172 5637 larunt,
1210 5572 1659 5640 quemadmodum
1711 5591 1775 5628 ex
1827 5578 2056 5631 diversis

493 5657 760 5711 chronicis
788 5659 1121 5723 ostenditur;
1157 5662 1293 5714 sicut
1336 5662 1538 5716 factum
1572 5675 1651 5717 est
1687 5666 2055 5735 regnantem.

488 5750 747 5815 stiniano,
778 5759 829 5804 ct
872 5759 1110 5817 tempore
1151 5751 1417 5807 Anastasii
1461 5768 1514 5809 ct
1563 5756 1759 5811 i’hocac
1809 5762 2054 5828 tyranni,

2189 574 2288 644 τὴν
2316 575 2479 642 χάριν
2500 573 2595 625 τοῦ
2629 573 2965 642 Πνεύματος.

2178 749 2409 805 -ΛΡΙΣΤ,
2446 768 2466 803 ι
2510 751 2569 803 Ὀ
2605 753 2703 820 τῆς
2740 754 3014 821 ἀχράντου
3075 756 3399 824 μεταδιδοὺς
3448 760 3762 826 κοινωνίας,

2263 861 2281 892 ι
2322 842 2415 894 καὶ
2449 842 2639 893 ὁόολδν
2672 846 2977 917 ἀπαιτῶνῆ
3029 848 3218 917 ἕτερον
3274 843 3434 912 εἶδος,
3476 850 3765 922 καθαιρεί-

2258 952 2280 981 ι
2323 934 2449 986 σθω.
2478 951 2497 983 ι
2537 933 2763 1002 Σαφής.

2768 1030 3006 1083 ΚΛΝΩΝ
3035 1033 3161 1087 KA'.

2182 1131 2208 1165 1
2245 1115 2335 1184 Μὴ
2384 1116 2588 1180 ἐξέστω
2629 1123 2736 1173 τινὶ
2765 1121 2875 1173 τῶν
2903 1123 2964 1173 ἐν
2992 1123 3256 1193 ἱερατικῷ
3302 1127 3763 1197 καταλεγομένων

2260 1225 2279 1256 ι
2323 1209 2562 1275 τάγματι
2599 1212 2631 1281 ἦ
2666 1213 2887 1281 μοναχῷ
2930 1215 2989 1264 ἐν
3023 1215 3408 1285 ἱπποδρομίαις
3457 1220 3692 1281 ἀνέναι,
3722 1220 3757 1288 ἢ

2257 1317 2276 1347 ι
2324 1298 2630 1367 θυμελικῶν
2655 1304 2926 1370 παιγνίων
2951 1303 3261 1371 ἀνέχεσθαι.
3312 1307 3451 1359 Ἀλλ’
3478 1311 3526 1359 εἰ
3554 1308 3648 1361 καί
3677 1327 3760 1373 τις

2260 1403 2279 1433 ι
2325 1386 2582 1454 κληρικδς
2614 1389 2840 1459 κληθείη
2872 1392 2929 1441 ὲν
2956 1392 3140 1460 γάμῳ,
3165 1394 3326 1463 ἡνίκα
3351 1395 3418 1448 τὰ
3448 1398 3582 1465 πρ“ς
3612 1399 3758 1450 απά-

2258 1498 2275 1529 ι
2321 1480 2733 1548 τηνεὶσέλθοιεν
2774 1482 3020 1550 παίγνια,
3043 1484 3408 1556 ἑξαναστὴτω,
3433 1492 3523 1542 καί
3556 1490 3761 1543 αὐτίκα

2259 1587 2276 1619 ι
2322 1571 2696 1638 ἀναχωρείτω,
2716 1571 2863 1623 οὕτω
2887 1574 2985 1638 τῆς
3014 1576 3121 1626 τῶν
3148 1576 3408 1647 Πατέρων
3426 1582 3560 1649 ἡμῖν
3581 1598 3757 1650 προσο

2258 1679 2278 1711 ι
2324 1661 2627 1731 ταττούσης
2690 1663 3059 1729 διδασκαλίας.
3112 1667 3173 1720 Εἰ
3212 1668 3270 1721 δέ
3317 1688 3402 1733 τις
3453 1671 3547 1725 ὲπὶ
3578 1672 3758 1743 τούτῳ

2256 1767 2273 1799 ι
2317 1747 2453 1815 ἁλῷ,
2483 1750 2517 1819 ἢ
2548 1754 2852 1807 παυσάσθω
2879 1755 2912 1826 ἢ
2946 1755 3333 1829 καθαιρείσθω.
3372 1779 3395 1813 ο

2248 1931 2450 1986 ΒΑΛΣ.
2519 1934 2856 2000 Ἀκολούθως
2884 1937 2965 2007 τῷ
2992 1936 3065 1991 νδ¹
3094 1941 3280 1994 κανόνι
3306 1943 3406 2012 τῆς
3457 1946 3514 1997 ὲν
3562 1947 3755 2001 Λαοδιο

2177 2020 2304 2092 κείᾳ
2357 2023 2581 2077 συνόδου
2617 2026 2957 2096 ἀπαγορεύει
3003 2030 3158 2084 καὶὸ
3192 2034 3383 2103 παρὼν
3434 2038 3617 2091 κανὼν
3669 2042 3755 2103 εἰς

2177 2112 2546 2183 ἱπποδρομίαν
2597 2118 2808 2171 ἀνιέναι
2854 2120 3164 2188 ίερατικοὺς
3194 2123 3228 2192 ἦ
3262 2129 3547 2194 μοναχοὺς,
3585 2130 3617 2201 ἢ
3657 2130 3757 2183 θυ-

2180 2204 2419 2273 μαλακῶν
2452 2209 2721 2275 παιγνίων
2741 2211 2985 2265 ἀκούειν’
3021 2215 3397 2284 προσθέμενος
3427 2221 3553 2284 τοὺς
3584 2239 3755 2290 μετα-

2177 2294 2547 2364 καλουμένους
2574 2301 2654 2362 είς
2683 2302 2860 2368 γάμον
2894 2303 3197 2373 κληρικοὺς
3232 2307 3396 2380 (περὶ
3430 2312 3539 2381 γαρ
3572 2330 3747 2381 μονα-

2177 2404 2286 2455 χιον
2337 2389 2514 2442 εἰπεῖν
2558 2390 2770 2445 ἄτοπον
2820 2394 3076 2466 ἐλογίσθη
3127 2401 3239 2461 τοῖς
3272 2401 3517 2470 Πατράσι
3550 2403 3640 2456 διὰ
3687 2404 3751 2457 τὸ

2174 2478 2358 2547 πάντη
2396 2480 2666 2547 ἀπρεπὲς)
2724 2485 3033 2555 ἀναχωρεῖν
3087 2487 3204 2559 ἅμα
3252 2491 3332 2560 τῷ
3387 2494 3650 2548 εἰσελθεῖν
3681 2498 3750 2551 τά

2176 2567 2429 2635 παίγνια.
2464 2570 2607 2640 Πλὴν
2633 2574 2661 2624 ό
2691 2572 2792 2641 μὲν
2828 2573 3013 2627 κανὼν
3042 2577 3143 2646 τῆς
3173 2579 3232 2630 ὲν
3264 2580 3564 2653 Λαοδικείᾳ
3594 2588 3751 2640 συνό-

2175 2657 2274 2711 δου
2302 2659 2364 2711 ού
2395 2660 2610 2724 κολάζει
2639 2665 2764 2726 τοὺς
2791 2665 3061 2737 ἁθετητὰς
3082 2668 3273 2723 τούτου
3297 2688 3309 2700 ’
3342 2667 3498 2737 οὗτος
3520 2675 3578 2728 δὲ
3603 2695 3753 2750 παρ-

2180 2753 2323 2801 αινεῖ
2372 2752 2685 2807 παύσασθαι
2746 2755 2871 2818 τοὺς
2920 2759 3161 2814 τοιοῦτόν
3204 2778 3257 2815 τι
3311 2765 3634 2831 ποιούντας’
3672 2774 3749 2840 μὴ

2174 2843 2515 2911 παυομένους
2541 2843 2599 2896 δὲ
2650 2845 3039 2917 καθαιρεῖσθαι
3069 2852 3389 2923 διορίζεται.
3422 2858 3607 2913 Ταῦτα
3638 2864 3752 2915 τῶν

2171 2930 2365 2985 διττῶν
2392 2934 2599 2988 τούτων
2630 2939 2876 2992 κα-νόνων
2924 2942 3215 3010 λεγόντων,
3259 2950 3355 3000 καὶ
3390 2953 3749 3007 κωλυθέντα»

2173 3024 2287 3094 πρὸ
2326 3026 2529 3096 μικροῦ
2554 3030 2715 3099 ’παρὰ
2765 3032 2859 3085 τοῦ
2892 3035 3092 3103 μέρους
3126 3038 3223 3105 τῆς
3268 3039 3594 3110 Ἐκκλησίας
3638 3046 3749 3097 τῶν

2180 3117 2429 3187 μοναχῶν
2458 3125 2552 3172 καὶ
2589 3121 2699 3173 τῶν
2749 3124 3063 3195 ἱερωμένων
3101 3131 3319 3185 πάντων
3367 3134 3626 3189 ἀπελθεῖν
3667 3132 3771 3202 εἰς

3263 3238 3409 3284 τινες
3440 3224 3521 3277 δτι
3551 3226 3612 3279 τὸ
3648 3230 3751 3296 μὲν

2180 3296 2255 3365 μὴ
2291 3297 2547 3352 ἀπελθεῖν
2581 3304 2877 3376 μοναχὺνῆ
2925 3306 3185 3379 κληρικὸν
3244 3314 3323 3374 ιὶς
3367 3316 3747 3387 ἱπποδρόμιον,

2179 3388 2312 3458 μηδὲ
2362 3389 2489 3442 ἰδεῖν
2544 3391 2776 3463 θεωρίαν
2822 3397 2923 3467 τὴν
2956 3399 3082 3469 ὄψιν
3141 3402 3573 3473 ἐκθηλύνουσαν,
3608 3412 3749 3479 μηδὲ

2178 3479 2439 3548 ῥημάτων
2466 3484 2845 3553 ἀκροάσασθαι
2872 3494 3394 3559 καταγοητευόντων
3421 3497 3520 3568 τὴν
3549 3499 3745 3571 ἀκοὴν,

2176 3572 2454 3626 ἐπαινετόν
2478 3575 2590 3628 ἐστι
2638 3578 2733 3629 καὶ
2759 3578 2960 3649 πολλῆς
2996 3582 3530 3654 εὐχαρισ-τίαςᾶξιον·
3555 3589 3745 3661 ὥσπερ

2176 3663 2273 3715 καὶ
2322 3665 2383 3717 τὸ
2413 3667 2767 3736 παρθενεύειν
2819 3671 2914 3724 καὶ
2944 3673 3010 3726 τὰ
3039 3675 3201 3730 λοιπὰ
3233 3679 3301 3731 τά
3331 3679 3421 3731 τὸν
3452 3680 3747 3752 ἄνθρωπον

2177 3755 2491 3823 ἀγιάζοντα*
2528 3763 2577 3813 εἱ
2605 3760 2661 3813 δέ
2699 3779 2782 3825 τις
2823 3762 2898 3834 μὴ
2935 3764 3233 3836 δυνάμενος
3266 3772 3621 3839 παρθενεύειν
3642 3792 3747 3843 γα-

2178 3849 2363 3919 μήσει,
2395 3852 2455 3903 ού
2493 3853 3037 3925 κολασθήσεταιομκαὶ
3064 3862 3093 3910 ὁ
3122 3858 3195 3929 μὴ
3224 3860 3522 3932 δυνάμενος
3536 3882 3682 3918 παντ
3716 3885 3745 3931 ς

2174 3940 2423 4010 ὲνηδόνου
2477 3944 2801 4015 ἀπέχεσθαι,
2859 3948 2952 4001 ἐὰν
2978 3949 3178 4021 ἀνέλθῃ
3233 3953 3311 4015 εἰς
3359 3954 3742 4025 ἱπποδρόμιον,

2174 4034 2679 4105 συγγνωσθήσεταιο
2734 4040 2830 4092 καὶ
2881 4039 3080 4110 μᾶλλον
3126 4042 3222 4095 ἐὰν
3274 4046 3490 4112 ἐφάπαξ
3543 4050 3637 4101 καὶ
3676 4050 3741 4102 ού

2170 4124 2311 4175 κατὰ
2344 4125 2691 4196 παράχρησιν
2725 4132 2805 4192 εἰς
2834 4130 2992 4184 τιῡτο
3021 4132 3248 4186 ἐκδώσει
3299 4130 3513 4189 ἑαυτόν.
3549 4139 3607 4192 '0
3630 4141 3742 4213 γάρ

2171 4215 2349 4269 κανὼν
2376 4213 2553 4284 οἶτος,
2583 4222 2735 4287 φασὶ,
2764 4222 2862 4284 τάς
2892 4224 3020 4277 ποτὲ
3046 4228 3342 4294 ,γινομένας
3367 4232 3740 4303 ἱπποδρομίας

2170 4307 2523 4378 ἀπαγορεύει,
2556 4310 2616 4363 οὐ
2668 4311 2776 4383 μὴν
2820 4316 2923 4377 τὰς
2950 4317 3193 4388 σήμερον
3227 4320 3561 4389 τελουμένας
3615 4327 3739 4379 κατ’

2170 4397 2473 4470 ἐπιτροπὴν
2502 4404 2595 4454 καὶ
2629 4407 2932 4474 παρουσίαν
2965 4407 3279 4481 βασιλικήν.
3308 4412 3442 4467 Τότε
3478 4416 3581 4484 μὲν
3624 4420 3735 4490 γὰρ

2168 4488 2276 4576 τῶν
2305 4490 2492 4561 δήμων
2520 4494 3052 4559 κατεξουσιαζόντων
3091 4501 3148 4553 ὲν
3169 4504 3288 4564 ταῖς
3320 4488 3735 4576 ἱπποδρομίαις,

2172 4575 2263 4626 καὶ
2313 4578 2610 4633 ποιούντων
2642 4582 2846 4646 ταύτας
2874 4587 2962 4637 ὅτε
3012 4587 3104 4639 καὶ
3147 4589 3292 4651 ὅπως
3343 4575 3635 4660 ἠδούλοντο
3672 4600 3739 4651 ἑκ

2165 4663 2566 4737 δαπανημάτων
2593 4673 2828 4739 οἰκείων,
2876 4674 2952 4739 ὡς
3000 4679 3092 4730 καὶ
3140 4680 3372 4749 ἐχόντων
3404 4684 3611 4750 οἴκους,
3639 4691 3739 4744 καὶ

2166 4755 2388 4822 ἵππους,
2421 4762 2515 4811 καὶ
2552 4761 2819 4827 ἱππῶνας,
2851 4766 2976 4829 τοὺς
3013 4769 3106 4821 καὶ
3135 4770 3295 4840 μέχρι
3331 4775 3422 4826 καὶ
3454 4775 3547 4828 νῦν
3576 4795 3739 4848 περι-

2166 4850 2535 4919 σωζομένους,
2562 4853 2655 4906 καὶ
2689 4856 2983 4925 προσόδους
3007 4860 3167 4929 χάριν
3191 4863 3299 4915 τῶν
3331 4866 3730 4938 ἱπποδρομιῶν,

2166 4941 2259 4993 κλὶ
2292 4943 2384 4995 τοῦ
2423 4942 2689 5013 βασιλέως
2738 4951 3247 5021 προσκαλούμενον,
3304 4959 3398 5010 καὶ
3440 4960 3523 5022 εἱς
3572 4961 3732 5018 τοῦτο

2168 5032 2242 5103 μὴ
2273 5033 2700 5102 ἐξουσιάζοντος,
2736 5039 2908 5093 πολλά
2962 5044 3229 5114 στασιώδη
3268 5048 3359 5099 καὶ
3405 5048 3580 5104 ἄτοπα
3611 5071 3735 5107 συν-

2165 5124 2392 5177 έπιπτον
2448 5125 2695 5193 γίνεσθαι
2724 5130 2869 5184 κατὰ
2938 5132 3031 5186 τὸν
3063 5135 3162 5204 τῆς
3193 5137 3558 5208 ἱπποδρομίας
3608 5162 3735 5197 καιι

2165 5216 2277 5287 ρον,
2310 5217 2417 5267 τῶν
2471 5218 2570 5287 μὲν
2618 5222 3067 5290 προστιθεμένων
3113 5227 3381 5299 τῷδήμῳ
3435 5233 3541 5285 τῶν
3580 5234 3737 5290 Βενε⁴

2160 5307 2290 5370 τῶν,
2316 5324 2346 5359 τ
2367 5309 2424 5358 {tv
2446 5308 2502 5360 δὲ
2532 5309 2606 5377 τῷ
2656 5311 2813 5379 μέρει
2842 5312 2950 5366 τῶν
2983 5315 3265 5386 Πρασίνων
3292 5336 3303 5346 ·
3335 5324 3394 5373 ἑν
3420 5327 3632 5391 καιροῖς
3660 5326 3733 5378 ηδέ

2160 5414 2270 5451 τισι
2316 5401 2411 5453 καὶ
2456 5402 2685 5472 πόλεμοι
2728 5409 3206 5479 συνεκροτήθησαν
3244 5412 3501 5480 ἐμφύλιοι
3561 5416 3731 5483 μέσον

2161 5488 2269 5540 τῶν
2300 5489 2593 5543 ἀντιθέτων
2627 5493 2831 5561 μερῶν,
2867 5501 2961 5547 καί
3009 5501 3147 5550 κατά
3183 5503 3280 5570 τῆς
3323 5501 3596 5571 βασιλείου
3631 5520 3731 5555 πε-

2161 5581 2374 5649 ριωπῆς
2410 5582 2601 5653 ἀναιδῆ
2646 5586 2868 5653 ῥήματα
2915 5589 2963 5641 οι
3034 5588 3267 5661 δημόται
3326 5596 3730 5665 άπηρεύξαντο,

2163 5668 2345 5731 καθὼς
2392 5672 2501 5724 ἀπὸ
2538 5673 2812 5743 διλφόρων
2863 5680 3132 5746 χρονικῶν
3170 5684 3331 5737 τοῦτο
3366 5686 3728 5756 anteferatur

2160 5758 2269 5815 οἴὶν
2303 5778 2353 5813 τι
2387 5764 2577 5833 γέγονε
2613 5766 2705 5816 ἐπὶ
2759 5767 2851 5819 τοῦ
2892 5768 3161 5838 βασιλέως
3199 5773 3602 5845 Ἰουστινιανοῦ,
3642 5779 3733 5830 ἐπὶ
