4110 6224
381 293 489 357 593
1411 292 1494 355 IN
1531 291 1694 354 CAN.
1739 290 1923 353 XXIV
1963 289 1979 346 ί

2083 291 2169 356 lC.
2214 296 2297 361 ῐΝ
2333 301 2653 366 TllULLO.
3494 304 3624 371 ὅθί

380 405 477 462 τοῦ
518 405 897 473 Ἀναστασίου,
939 402 1033 460 επὶ
1080 407 1173 461 τοῦ
1208 408 1373 462 tbin
1420 409 1515 462 τοῦ
1549 407 1835 477 τυράννου,
1868 402 1961 459 καὶ

2083 420 2115 464 :t
2146 414 2372 469 aliorum
2404 417 2596 486 imper.
2630 415 2736 472 Sed
2754 424 2807 471 et
2826 417 3079 487 depositis
3109 417 3419 488 pignoribus
3432 417 3627 476 ludere

382 500 478 553 lui.
503 501 706 572 ἑτέρων
734 500 1019 570 βασιλέων.
1057 501 1217 556 Ἀλλά
1233 503 1328 555 καὶ
1350 500 1697 570 συνθηκίζειν
1716 500 1783 553 τὰ
1809 499 1954 569 μέρη

2083 514 2237 561 mrtes
2267 522 2371 560 non
2411 508 2710 574 prohibitus,
2743 522 2838 575 per
2875 509 3012 564 talos
3040 518 3094 563 et
3140 509 3408 564 fortunam
3453 511 3628 565 victo-

388 594 468 663 μὴ
520 592 865 662 κωλυόμενα,
911 592 999 646 διὰ
1052 593 1245 646 κόττου
1287 595 1383 646 καὶ
1432 593 1601 662 τύχης
1649 593 1750 664 τὴν
1789 593 1951 660 νίκην

2083 597 2194 648 'iam
2240 597 2635 664 provocabaut;
2667 599 2805 666 quod
2840 598 3056 665 quidem
3088 598 3285 654 divinis
3321 599 3626 654 canonibus

389 684 772 739 ἀνεκαλοῦντο.
819 685 1000 755 Ὅπερ
1046 688 1159 749 τοῖς
1210 686 1373 748 θείοις
1440 687 1631 740 κανόσι
1677 685 1959 748 παντελῶς

2083 700 2139 741 γει
2166 689 2391 744 omnino
2437 691 2789 758 prohibitum.
2836 690 3294 745 Permittebautur
3344 701 3524 745 autem
3571 698 3627 744 et

310 791 319 795 ‘
387 774 789 843 ἀπηγόρευται.
856 776 1187 843 Ἐπέτρεπον
1244 775 1300 827 δὲ
1334 776 1551 836 καὶτὰς
1591 774 1960 844 θηριομαχίας

2083 782 2361 835 »ειιιιτιι-ιιιιι
2390 784 2684 837 certamina
2713 824 2727 849 ,
2789 795 2844 840 et
2897 784 3059 837 multa
3122 784 3225 837 alia
3275 782 3528 837 indecora
3562 796 3627 835 ac

391 866 488 919 καὶ
517 866 653 920 ἄλλα
694 866 817 919 τινὰ
849 866 1054 934 αἰσχρὰ
1083 866 1176 919 καὶ
1207 867 1456 933 ἀπρεπῆ.
1483 865 1583 918 Διά
1612 866 1720 933 γὰρ
1773 864 1958 928 τοῦτο,

389 957 543 1025 φασὶ,
580 956 675 1009 καὶ
697 958 723 1009 ὁ
752 962 832 1008 να¹
876 957 1057 1008 κανὼν
1085 956 1187 1023 τῆς
1220 955 1506 1026 παρούσης
1563 955 1778 1008 συνόδου
1816 955 1962 1008 ἀπα-

386 1048 610 1118 γορεύει
658 1049 784 1111 τοὺς
842 1050 1064 1119 μίμους,
1116 1048 1211 1101 καὶ
1246 1051 1315 1101 τὰ
1363 1048 1590 1119 θέατρα,
1620 1048 1715 1100 καὶ
1752 1047 1819 1101 τὰ
1852 1049 1962 1099 τῶν

387 1141 667 1211 ιιῦνηγίων
701 1139 927 1209 θεώρια,
961 1138 1057 1192 καὶ
1082 1140 1179 1204 τὰς
1207 1141 1300 1193 ἐπὶ
1333 1140 1540 1208 σκηνῆς
1562 1138 1841 1209 ὀρχήσειςο
1868 1138 1964 1191 καὶ

390 1236 688 1305 διορίζεται
739 1233 868 1294 τοὺς
924 1232 1342 1300 καταφρονητὰς
1405 1230 1593 1295 αὐτοῦ,
1666 1229 1965 1299 κληρικοὺς

393 1324 495 1394 μὲν
520 1325 696 1387 ὗντας,
749 1321 1152 1391 καθαιρεῖσθαι,
1183 1321 1409 1382 λαῖκοὺς
1454 1321 1535 1381 δὲ.
1584 1318 1965 1389 ἀφορίζεσθαι.

392 1416 505 1470 Καὶ
563 1416 625 1467 τὸ
677 1414 834 1475 τέλος
870 1412 965 1465 τοῦ
1008 1409 1067 1465 ιε’
1102 1411 1329 1474 κανόνος
1378 1413 1475 1481 τῆς
1521 1415 1579 1463 ὲν
1631 1410 1962 1482 Καρθαγένῃ

393 1507 617 1559 συνόδου
645 1505 801 1573 λέγει
823 1503 965 1557 οὕτω
1006 1502 1209 1574 ῥητῶςο
1241 1504 1351 1557 Καὶ
1398 1502 1539 1556 ῶστε
1574 1503 1642 1555 τὰ
1668 1503 1833 1555 τέκνα
1860 1501 1969 1555 τῶν

393 1598 587 1665 ἱερέων
619 1597 822 1666 θεώρια
874 1596 1118 1664 κοσμικά
1152 1593 1228 1666 μὴ
1258 1596 1498 1648 ὲκτελεὶν
1536 1595 1671 1666 μηδὲ
1716 1595 1967 1664 θεωρεῖν.

391 1687 565 1741 Τοῦτο
590 1687 647 1739 δὲ
699 1688 793 1739 καὶ
849 1687 984 1739 πᾶσι
1044 1687 1397 1758 Χριστιανοίς
1458 1686 1546 1740 ἀεὶ
1600 1687 1966 1755 κεκήρυκται,

393 1779 533 1833 ὥστε
563 1781 695 1833 ὅπου
724 1778 1065 1848 βλασφημίαι
1105 1780 1213 1831 elui.
1267 1779 1341 1848 μὴ
1377 1781 1679 1847 προσιέναι.
1715 1781 1965 1850 Σήμερον

391 1872 451 1923 δὲ
502 1871 613 1923 τῶν
669 1868 1042 1939 ἱπποδρομιῶν
1079 1868 1424 1938 τελουμένων
1473 1872 1618 1923 κατά
1664 1871 1971 1941 παρουσίαν

396 1962 683 2033 βασιλικὴν
726 1961 849 2030 δίχα
880 1960 1125 2013 τοιούτου
1169 1960 1544 2030 ἀποτροπαίου
1578 1962 1745 2027 τινος,
1799 1963 1973 2018 κακόν

392 2074 448 2107 τι
475 2054 730 2122 γενέσθαι
784 2054 884 2123 ούχ
919 2053 1310 2108 ὑποπτεύεται.
1341 2054 1433 2107 Διὸ
1456 2049 1616 2106 εἷπον
1648 2055 1722 2117 ὡς
1753 2057 1975 2110 ἐπαινε-

392 2148 489 2198 τὴν
525 2146 627 2215 μέν
665 2147 779 2198 ἐστι
809 2145 868 2197 τὸ
906 2144 1039 2213 μηδὲ
1074 2143 1211 2206 ὅλως
1232 2145 1424 2213 ἡδονῆς
1451 2145 1510 2208 ἐξ
1542 2147 1908 2215 ἱπποδρομίας
1938 2146 1970 2216 ἢ

393 2239 560 2293 ἄλλου
586 2237 729 2300 τινος
758 2238 902 2306 θυμή
914 2254 1041 2306 ρους
1069 2236 1374 2305 γεύσασθαί
1419 2254 1561 2291 τινα*
1591 2238 1894 2291 ἀκόλαστον
1915 2238 1974 2291 δὲ

396 2334 493 2385 καὶ
514 2332 577 2383 τὸ
599 2329 713 2400 (88)
729 2331 808 2390 είς
823 2328 1077 2390 τοιαύτας
1102 2328 1467 2398 ἱπποδρομίας
1489 2329 1786 2399 κληρικοὺς
1807 2330 1977 2399 ἀπέρ-

394 2422 611 2492 χεσθαι.
638 2420 701 2475 Εἰ
745 2421 857 2488 γὰρ
896 2422 1047 2474 πᾶσα
1080 2420 1411 2490 ἱπποδρομία
1440 2422 1473 2490 ἦ
1502 2438 1559 2473 τε
1607 2422 1841 2474 ἔκπαλαι
1890 2438 1978 2475 τε-

395 2513 635 2582 λουμένη
666 2513 759 2565 καὶ
782 2515 815 2583 ἡ
845 2514 1085 2583 σήμερον
1115 2514 1375 2582 γινομένη
1398 2514 1806 2584 ἀπαγορεύεται
1833 2514 1977 2569 κατὰ

396 2606 526 2668 τοὺς
552 2606 800 2671 πολλοὺς,
828 2604 1019 2675 ὥσπερ
1050 2606 1114 2676 δὴ
1146 2607 1239 2659 καὶ
1263 2607 1438 2659 πάντα
1462 2607 1528 2659 τὰ
1556 2605 1759 2675 θεὼρια
1790 2608 1885 2660 καὶ
1910 2608 1978 2660 τὰ

400 2698 663 2766 κυνήγια,
710 2696 1192 2766 ἀναγκασθήσεταί
1230 2714 1311 2760 τις
1346 2698 1522 2750 εἰπεῖν
1555 2698 1690 2766 μηδὲ
1722 2698 1860 2760 ὅλως
1889 2698 1979 2765 γί-

401 2788 595 2842 νεσθαί
624 2806 675 2841 τι
698 2788 936 2842 τοιοῦτόν
966 2805 1098 2841 ποτε
1131 2788 1239 2841 τῶν
1272 2788 1487 2858 καιρῶν
1518 2789 1673 2859 παρά
1712 2789 1982 2858 βασιλέως

397 2883 436 2951 ἢ
471 2884 662 2951 ἑτέρου
693 2882 838 2945 τινός
865 2897 878 2911 ·
912 2883 1272 2954 ἀπρακτῆσαι
1317 2883 1374 2935 δὲ
1409 2885 1501 2936 καὶ
1531 2884 1601 2936 τὰ
1640 2884 1785 2953 μετὰ-
1808 2901 1979 2938 κυνα-

402 2975 541 3043 ρίων
573 2972 971 3041 λαγοκυνήγια,
1016 2974 1101 3026 ἴνα
1154 2973 1227 3042 μὴ
1262 2974 1358 3026 καὶ
1388 2976 1436 3026 οἱ
1482 2973 1659 3028 λαῖκοὶ.
1692 2978 1771 3037 εἰς
1817 2978 1981 3028 ἱππο-

2065 877 2261 943 turpia.
2284 873 2576 943 Propterea
2603 877 2769 940 enim,
2796 876 3065 945 inquiunt,
3089 887 3142 928 et
3164 875 3224 930 5|
3249 890 3369 929 can.
3396 889 3635 941 praesen-

2062 967 2133 1022 tis
2164 984 2286 1037 syn.
2317 970 2563 1036 prohibet
2591 969 2806 1031 mimos.
2844 979 2898 1022 et
2929 968 3157 1034 theatra,
3196 976 3250 1021 et
3288 966 3631 1021 venatiouum

2065 1059 2392 1128 Spectacula,
2428 1071 2481 1115 et
2510 1060 2827 1115 saltationes
2857 1060 2911 1113 in
2940 1075 3097 1115 scena
3133 1078 3147 1115 :
3206 1069 3259 1112 et
3310 1058 3539 1121 statuit,
3577 1067 3635 1111 ut

2067 1154 2155 1220 qui
2187 1152 2363 1220 ipsum
2392 1160 2820 1216 contemnerent,
2848 1152 2892 1205 si
2922 1151 3030 1205 sint
3057 1151 3268 1218 quidem
3303 1148 3509 1215 clerici,
3536 1149 3634 1203 de-

2066 1252 2352 1312 ponantur,
2388 1242 2510 1297 laici
2546 1258 2674 1296 vero
2699 1252 3070 1311 segregentur.
3108 1243 3170 1296 Et
3205 1242 3325 1296 linis
3379 1242 3448 1295 15
3502 1255 3629 1295 can.

2069 1336 2255 1389 Cartlt.
2293 1350 2410 1406 syu.
2460 1335 2537 1389 sic
2571 1345 2755 1405 aperte
2780 1336 2909 1391 dicit
2940 1358 2952 1392 :
2986 1334 3046 1387 Et
3080 1335 3223 1402 quod
3261 1334 3350 1389 lilii
3379 1332 3636 1388 sacerdo—

2072 1434 2181 1478 tum
2211 1424 2515 1492 spectacula
2546 1426 2825 1480 saeui-aria
2860 1441 2964 1479 non
3015 1426 3297 1494 perﬁciant
3355 1439 3453 1479 nec
3504 1437 3632 1491 spe-

2070 1524 2237 1568 ctent.
2267 1512 2379 1567 lloc
2404 1523 2581 1569 autem
2605 1516 2765 1569 etiam
2789 1517 3041 1571 omnibus
3066 1515 3395 1570 Christianis
3426 1527 3637 1583 semper

2072 1614 2159 1659 est
2189 1605 2556 1674 praedicatum,
2592 1615 2651 1659 ut
2681 1607 2770 1659 ubi
2814 1616 2941 1660 sunt
2968 1606 3252 1660 maledicta
3284 1621 3348 1660 ac
3388 1605 3643 1674 blasphe-

2079 1696 2183 1751 mia
2216 1712 2279 1751 ne
2302 1696 2586 1752 accedant.
2622 1696 2793 1753 Hodie
2820 1712 3019 1761 autem,
3055 1714 3176 1753 cum
3210 1712 3472 1767 equorum
3515 1711 3672 1752 curo-

2075 1803 2167 1843 sus
2216 1790 2544 1859 imperatore
2593 1800 2887 1859 praesente
2918 1791 3065 1853 llant,
3126 1804 3227 1843 nec
3277 1789 3348 1843 sit
3377 1788 3640 1858 ejusmodi

2077 1880 2384 1950 fugiendum
2420 1892 2473 1937 et
2499 1883 2852 1936 aversandqu
2884 1882 3156 1951 quidpiam
3181 1923 3198 1947 ,
3242 1881 3384 1937 nulla
3430 1889 3513 1937 est
3543 1895 3642 1951 pe-

2076 1975 2221 2027 nitus
2252 1972 2491 2040 suspicio
2527 1973 2635 2028 illic
2666 1974 2789 2027 mali
2840 1975 3133 2041 quidquam
3180 1973 3319 2026 ﬂeri.
3370 1973 3643 2039 Quamob-

2074 2080 2187 2119 rem
2243 2063 2515 2127 dicebant,
2571 2065 2713 2133 quod
2748 2073 2829 2118 est
2862 2064 3080 2133 quidem
3132 2062 3400 2117 laudabile
3446 2062 3644 2116 nullam

2077 2155 2293 2223 penitus
2328 2155 2634 2224 quempiam
2668 2155 3001 2221 voluptatem
3046 2138 3267 2225 gustare
3283 2170 3348 2208 ex
3383 2168 3643 2224 equorum

2077 2246 2350 2301 Curriculo
2381 2247 2459 2299 vel
2517 2262 2579 2300 ex
2618 2246 2799 2312 aliquo
2827 2246 2935 2299 alio
2964 2256 3118 2315 grato
3148 2264 3163 2300 :
3197 2245 3417 2314 impune
3464 2254 3646 2301 autem

2077 2347 2161 2393 est
2192 2348 2244 2393 et
2277 2339 2343 2393 ad
2378 2338 2641 2408 ejusmodi
2687 2353 2945 2407 equorum
2978 2353 3171 2392 cursus
3211 2337 3441 2393 clericos
3494 2351 3650 2391 acce-

2078 2427 2225 2482 dere.
2260 2427 2315 2482 Sl
2349 2429 2492 2481 enim
2517 2428 2694 2481 omnis
2716 2442 2980 2496 equorum
3012 2441 3204 2481 cursus
3228 2465 3241 2490 ,
3275 2435 3329 2481 et
3380 2425 3472 2495 qui
3518 2424 3647 2479 olim

2080 2518 2241 2575 ﬂebat
2269 2530 2325 2575 et
2355 2521 2443 2589 qui
2479 2520 2635 2574 hodie
2670 2523 2747 2583 ιιι,
2773 2530 2848 2573 est
2879 2518 3208 2584 prohibitus,
3246 2528 3303 2571 ut
3354 2516 3508 2570 multi
3569 2518 3652 2571 in-

2080 2610 2291 2679 quiunt,
2333 2610 2786 2682 quemadmodum
2817 2606 2978 2679 184
3000 2618 3055 2662 et
3100 2606 3407 2675 spectacula
3462 2607 3646 2660 omnia

2081 2714 2136 2759 et
2198 2704 2533 2766 venationes,
2588 2712 2813 2772 cogetur
2832 2702 2956 2771 quis
2981 2703 3184 2765 dicere,
3220 2714 3394 2771 neque
3425 2700 3649 2755 omnino

2085 2796 2189 2850 tale
2216 2795 2342 2863 quid
2378 2809 2611 2863 unquam
2668 2795 2865 2848 debere
2914 2792 3041 2847 ﬁeri
3082 2792 3152 2846 ab
3200 2793 3525 2861 imperatore
3571 2791 3656 2845 vel

2084 2888 2195 2942 ullo
2221 2888 2327 2941 alio
2366 2905 2380 2942 :
2434 2900 2677 2940 cessasse
2720 2895 2898 2939 autem
2946 2899 3011 2939 ac
3059 2885 3362 2939 exolevisse
3412 2883 3656 2952 leporum

2087 2994 2207 3034 cum
2236 2978 2459 3034 canibus
2492 2977 2823 3041 venationes,
2856 2990 2922 3029 ue
2958 2975 3100 3040 laici,
3139 2984 3195 3029 ut
3216 2989 3478 3044 equorum
3527 2988 3654 3028 cur-

397 3064 653 3135 ὃρομίας,
681 3063 779 3117 καὶ
805 3064 1059 3132 θεωρίας,
1084 3065 1181 3117 καὶ
1202 3066 1431 3134 κυνήγια
1456 3064 1840 3134 ἀσχολούμενοι
1854 3068 1979 3133 ἀφο-

2092 3074 2239 3128 sibus
2265 3081 2318 3127 et
2347 3070 2671 3141 spectaculis
2707 3078 2760 3124 et
2794 3069 3173 3123 venationibus
3219 3078 3473 3121 vacantes
3502 3106 3516 3128 .
3568 3080 3657 3119 se-

404 3156 595 3226 ρισμῷ
642 3155 1015 3220 ύποπέσωσιν,
1071 3156 1209 3226 ὅπερ
1264 3156 1484 3209 ἄτοπον.
1524 3157 1622 3209 Διά
1656 3156 1788 3223 γοῦν
1824 3156 1982 3210 τοῦτο

400 3249 681 3317 όφείλουσι
706 3248 773 3301 τά
803 3248 900 3317 τῆς
938 3248 1321 3317 ἱπποδρομίας,
1358 3248 1451 3300 καὶ
1477 3247 1545 3300 τὰ
1570 3247 1678 3301 τῶν
1708 3247 1978 3318 θεωρίων,

401 3342 503 3395 καὶ
532 3341 602 3393 τὲ
634 3339 747 3393 τῶν
776 3341 1051 3409 κυνηγίων
1081 3342 1162 3400 είς
1200 3338 1293 3393 δύο
1322 3339 1671 3409 διαιρεῖσθαι,
1719 3339 1795 3403 ὼς
1829 3340 1984 3410 εἴρη-

401 3449 522 3487 ⁴ται·
551 3434 631 3495 είς
659 3433 729 3486 τὰ
758 3433 937 3500 πάντη
978 3431 1347 3501 ἀποτρόπαια,
1377 3434 1459 3494 είς
1485 3431 1521 3485 ἀ
1551 3432 1625 3501 μὴ
1659 3432 1819 3500 μόνον
1848 3432 1984 3502 κλη-

410 3525 577 3593 ρικοὶ,
612 3524 726 3576 ἀλλ’
758 3524 877 3576 ούδὲ
927 3523 1106 3576 λαῖκοὶ
1136 3525 1594 3594 παραχωροῦνται
1643 3524 1983 3595 ἀπέρχεσθαι

405 3616 489 3685 τῷ
509 3614 660 3684 φόϐῳ
682 3614 775 3667 τοῦ
810 3612 1140 3683 ἀφορισμοῦ,
1171 3614 1266 3667 καὶ
1294 3614 1375 3675 εἱς
1407 3613 1475 3665 τὰ
1506 3615 1983 3684 ἐπιτετραμμένα,

407 3704 480 3759 τὰ
511 3704 605 3758 καὶ
638 3706 875 3776 σήμερον
913 3702 1268 3774 ἐνεργοῦντα.
1308 3707 1388 3767 εἰς
1421 3704 1457 3760 ἀ
1491 3704 1552 3757 ού
1598 3706 1757 3774 μόνον
1779 3706 1982 3770 λαῖκοὶ,

408 3796 549 3851 ἀλλά
585 3797 679 3848 καὶ⁵
729 3796 983 3865 κληρικοὶ
1035 3796 1526 3866 ἀποκριματίστως
1565 3797 1979 3853 ἀπελεύσονται.

408 3886 538 3941 Ὅτι
576 3888 655 3951 δὲ,
688 3888 876 3955 φασὶν,
907 3887 967 3939 ού
999 3885 1181 3939 πάντα
1217 3887 1286 3940 τὰ
1346 3885 1547 3957 θεώρια
1584 3890 1678 3941 καὶ
1705 3889 1775 3941 τὰ
1816 3870 1983 3942 ἰπποέ

404 3979 613 4049 δρόμια
638 3982 686 4033 οἱ
725 3980 950 4041 κανόνες
983 3978 1395 4048 ἀπηγόρευσαν,
1420 3980 1554 4032 ἀλλά
1595 3979 1663 4033 τὰ
1689 3980 1985 4050 κινδυνώδη

407 4074 507 4124 καὶ
557 4071 778 4141 αἰσχρὰ,
827 4071 1080 4140 δηλοῦται
1126 4070 1232 4126 ἀπὸ
1268 4069 1361 4124 τοῦ
1412 4073 1493 4136 ξα¹
1528 4071 1752 4132 κανόνος
1790 4072 1891 4140 τῆς
1930 4073 1988 4127 ὲν

409 4165 752 4236 Καρθαγένῃ
780 4165 1020 4227 συνόδου,
1047 4162 1295 4232 λέγοντος
1317 4163 1489 4215 ταῦτα
1518 4163 1723 4232 ῥητῶς·
1753 4164 1991 4216 Κάκεῖνο

409 4257 469 4311 δὲ
499 4257 723 4325 αἰτῆσαι
769 4258 856 4309 ἱνα
904 4256 974 4308 τὰ
1002 4256 1207 4325 θεώρια
1240 4255 1348 4307 τῶν
1378 4254 1685 4322 θεατρικῶν
1720 4254 1989 4322 παιγνίων

410 4349 472 4400 ὲν
508 4350 627 4408 ταῖς
654 4347 963 4418 Κυριακαίς
1004 4346 1097 4398 καὶ
1136 4347 1193 4397 ἐν
1211 4346 1331 4407 ταῖς
1349 4344 1561 4407 λοιπαῖς
1600 4346 1853 4415 φαιδραίς
1884 4346 1985 4415 τῆς

407 4441 521 4493 τῶν
550 4438 898 4510 Χριστιανῶν
938 4438 1173 4499 πίστεως
1206 4437 1442 4507 ἡμέραις
1490 4436 1836 4500 κωλύωνται,
1875 4437 1979 4505 μά-

408 4532 571 4584 λιστα
609 4530 684 4593 δὲ,
713 4531 795 4582 ὅτι
828 4530 885 4581 ἐν
909 4531 972 4598 τῇ
1008 4527 1219 4595 όγδοάδι
1248 4527 1342 4579 τοῦ
1367 4528 1523 4594 ἁγίου
1548 4527 1736 4597 Πάσχα
1769 4530 1819 4581 οἱ
1840 4527 1987 4598 ὄχλοι

416 4622 619 4693 μᾶλλον
656 4623 733 4683 εἰς
772 4624 869 4683 τὰς
903 4618 1271 4689 ἱπποδρομίας
1294 4619 1437 4688 ἥπερ
1460 4621 1539 4682 είς
1560 4621 1659 4687 τὴν
1685 4620 1987 4691 ἐκκλησίαν

416 4713 799 4782 συνέρχονται,
833 4711 1071 4778 ὀφείλειν
1106 4710 1499 4779 μετενεχθῆναι
1532 4711 1633 4773 τὰς
1670 4711 1989 4783 ὡρισμένας

414 4807 597 4861 αὐτῶν
629 4806 842 4876 ἡμέρας
868 4805 954 4858 ὅτε
989 4804 1315 4871 ἀπαντήσει*
1342 4803 1436 4854 καὶ
1484 4802 1557 4871 μὴ
1595 4802 1834 4871 ὀφείλειν
1866 4806 1991 4862 τινὰ

413 4900 527 4952 τῶν
551 4899 897 4967 Χριστιανῶν
918 4898 996 4959 εἱς
1020 4896 1086 4948 τὰ
1129 4893 1331 4963 θεώρια
1354 4893 1526 4947 ταῦτα
1557 4895 1987 4963 ἀναγκάζεσθαι.

418 4993 645 5055 Πάντως
676 4993 786 5063 γὰρ
819 4992 869 5043 εἱ
892 4989 1042 5059 παρά
1070 4988 1179 5041 τῶν
1214 4987 1456 5041 κανόνων
1479 4989 1628 5040 πᾶσα
1655 4988 1991 5061 ἱπποδρομία

2087 3162 2786 3235 gregatiouisubiiciantur,
2819 3162 2961 3230 quod
3014 3171 3100 3215 est
3146 3159 3460 3213 absurdum.
3514 3157 3659 3223 Quo-

2086 3258 2231 3311 circa
2273 3256 2470 3310 debent
2504 3263 2558 3308 et
2586 3268 2851 3323 equorum
2883 3251 3150 3307 curricula
3184 3259 3238 3305 et
3269 3248 3571 3318 spectacula
3602 3258 3657 3303 et

2087 3346 2403 3402 venationes
2443 3345 2497 3398 in
2532 3344 2639 3398 duo
2675 3343 2861 3410 dividi,
2900 3352 2952 3396 ut
2980 3341 3184 3396 dictqu
3221 3348 3339 3396 est:
3367 3340 3419 3393 in
3449 3354 3510 3393 ea
3535 3352 3655 3407 qua:
3720 3344 3723 3347 ’

2087 3446 2214 3494 sunt
2245 3438 2468 3492 omnino
2497 3436 2791 3491 aversanda
2826 3445 2881 3490 et
2910 3433 3155 3495 fugienda
3176 3473 3192 3497 ,
3222 3442 3276 3486 et
3310 3432 3375 3486 ad
3400 3446 3521 3500 quae
3549 3444 3656 3485 nou

2086 3532 2259 3586 solum
2297 3529 2530 3590 clericis,
2566 3528 2659 3581 sed
2688 3539 2858 3594 neque
2889 3524 3038 3580 laicis
3069 3525 3325 3580 accedere
3378 3523 3659 3592 permitte-

2089 3635 2195 3688 tur,
2228 3635 2369 3677 metu
2388 3619 2958 3676 excommunicatiouis
2978 3634 2998 3687 ;_
3019 3627 3072 3672 et
3098 3619 3148 3671 iu
3172 3631 3233 3672 ea
3258 3631 3377 3687 qua:
3396 3614 3657 3684 permissa

2087 3720 2235 3776 sunt,
2267 3725 2385 3777 quae
2420 3719 2543 3762 sunt
2576 3707 2735 3761 hodie
2782 3707 2834 3761 in
2866 3722 2997 3770 usu,
3035 3706 3101 3761 ad
3152 3721 3270 3775 quae.
3322 3721 3429 3759 non
3484 3703 3654 3758 solum

2088 3801 2234 3864 laici,
2272 3801 2367 3854 sed
2405 3809 2458 3853 et
2482 3798 2667 3855 clerici
2695 3796 2832 3851 citra
2880 3796 3046 3849 ullum
3084 3795 3460 3867 praeiudicium
3507 3806 3659 3848 acce-

2090 3896 2235 3947 dent.
2267 3892 2417 3953 Ouod
2459 3902 2660 3954 autem,
2693 3889 2964 3956 inquiunt.
3002 3905 3106 3943 non
3135 3888 3319 3943 omnia
3351 3886 3657 3957 spectacula

2090 3998 2460 4053 equorumque
2489 3980 2760 4035 curricula
2812 3994 3050 4034 canones
3098 3978 3530 4046 prohibuerunt.
3561 3976 3657 4028 sed

2089 4090 2152 4130 ea
2179 4077 2390 4129 demum
2428 4090 2546 4141 quae
2582 4082 2707 4126 sunt
2730 4071 3035 4141 periculosa
3093 4085 3157 4123 ac
3190 4069 3364 4136 turpia
3392 4104 3409 4129 ,
3467 4080 3534 4119 ex
3590 4064 3652 4118 οι

2090 4166 2531 4239 Carthaginensis
2561 4166 2750 4235 synodi
2778 4178 2985 4217 canone
3008 4170 3191 4230 aperte
3220 4158 3544 4222 ostenditur,
3569 4157 3660 4225 qui

2092 4262 2205 4315 hinc
2227 4273 2478 4326 expresse
2508 4259 2676 4312 dicit:
2713 4256 2882 4310 Porro
2939 4264 2993 4309 et
3030 4251 3154 4307 illud
3193 4261 3393 4321 petere,
3425 4258 3481 4302 ut
3511 4249 3665 4303 thes.

2093 4350 2628 4405 tricorumludorum
2682 4343 2989 4415 spectacula
3042 4344 3095 4397 lu
3161 4339 3456 4394 Dominicis
3501 4348 3558 4393 et
3606 4338 3659 4391 in

2091 4442 2311 4512 reliquis
2341 4440 2768 4495 Christianorum
2812 4436 2934 4490 lidei
2980 4434 3131 4489 festis
3162 4432 3350 4488 diebus
3394 4432 3507 4485 licri
3545 4445 3666 4500 pro-

2092 4535 2416 4597 hibeantur;
2454 4531 2687 4585 maxime
2712 4527 2967 4597 quoniam
2998 4528 3051 4580 in
3084 4537 3273 4581 octava
3337 4524 3510 4579 sancti
3564 4521 3667 4575 Pa-

2092 4627 2294 4683 schalis
2328 4623 2555 4693 populus
2585 4623 2650 4675 ad
2684 4635 2951 4689 equorum
2977 4617 3245 4673 curricula
3298 4617 3474 4685 putius
3502 4628 3662 4683 quam

2092 4720 2159 4773 ad
2211 4716 2472 4772 ecclesias
2519 4712 2801 4778 convenit;
2851 4721 2906 4766 et
2969 4720 3029 4765 ut
3091 4710 3323 4763 debeant
3376 4706 3664 4777 praastituti

2093 4825 2279 4865 eorum
2330 4807 2447 4860 dies
2502 4804 2826 4868 transferri,
2888 4801 3103 4871 quando
3155 4800 3490 4855 occurrerint
3521 4811 3665 4851 :ncc

2097 4904 2256 4957 debet
2281 4902 2425 4955 ullus
2454 4897 2797 4953 Christianus
2826 4895 2943 4963 cogi
2973 4895 3038 4946 ad
3065 4894 3178 4948 haec
3233 4892 3561 4960 spectacula.
3598 4887 3654 4942 Si

2098 4996 2241 5050 enim
2289 5005 2550 5061 equorqu
2591 5002 2781 5043 cursus
2833 4996 2980 5041 esset
3012 5001 3042 5038 a
3091 4983 3393 5040 canouibus
3444 4980 3665 5037 omnino

1639 5133 1835 5195 Guiil.
1879 5134 2209 5214 Beveregii
2249 5138 2439 5195 notua.

494 5284 608 5355 (88)
641 5287 1013 5340 Ἀκόλαστον
1038 5282 1105 5337 δὲ
1136 5283 1231 5337 καί
1277 5283 1364 5355 τό,
1418 5281 1476 5355 ln
1533 5281 1773 5336 editione
1844 5282 1979 5355 Pari

2102 5281 2300 5355 Verum
2319 5293 2428 5355 non
2449 5276 2623 5355 solum
2640 5276 2693 5331 in
2716 5291 2818 5355 ms.
2843 5272 3367 5355 no_stro_Bodleiano,
3388 5270 3485 5355 sed
3498 5269 3665 5355 etiam

424 5344 603 5414 siensi
659 5359 925 5419 particula
985 5355 1234 5423 negativa
1304 5352 1828 5423 bic_interpnnitur.
1905 5352 1999 5408 Sic
2101 5352 2155 5405 in
2183 5348 2617 5423 Amerbacbjano
2650 5345 3070 5423 et_/l£toniensi,
3100 5344 3365 5423 particula
3396 5346 3498 5397 ista
3534 5348 3665 5394 tan-

425 5429 576 5483 enim
610 5428 683 5480 ibi
720 5426 873 5481 locus
922 5427 1012 5478 hic
1063 5420 1283 5492 legitur,
1313 5420 1614 5474 ἀκόλαστον
1643 5422 1687 5473 δ’
1717 5424 1778 5474 ού
1811 5425 1904 5474 καὶ
1934 5424 1995 5475 τὸ

426 5501 510 5559 είς
558 5496 816 5556 τοιαύτας
863 5494 1223 5564 ἱπποδρομίας
1284 5492 1579 5564 κληρικοὺς
1634 5492 1994 5564 ἀπέρχεσθαι.

426 5566 740 5622 Genlianus
771 5565 1041 5619 Hervetus
1072 5565 1237 5618 etiam
1275 5564 1328 5615 in
1357 5563 1570 5614 Ttliano
1616 5578 1718 5613 ms.
1785 5564 1857 5615 ita
1915 5563 1991 5617 le-

425 5640 575 5705 gisse
596 5634 836 5691 videtur.
869 5633 1048 5689 Vertit
1071 5635 1240 5696 enim,
1277 5631 1397 5685 Non
1419 5640 1497 5684 est
1528 5641 1705 5705 quem
1737 5633 1991 5705 intempe-

425 5701 619 5760 rantia!
641 5706 709 5759 ad
736 5705 996 5775 ejusmodi
1022 5720 1271 5775 equarum
1297 5718 1479 5756 cursus
1502 5701 1704 5756 clericis
1728 5701 1991 5756 accedere.
2030 5760 2036 5771 ι

2035 5779 2047 5798 ι

2097 5435 2262 5491 quam
2298 5415 2575 5491 superﬂua
2611 5418 2912 5491 rejicitur;
2944 5429 3123 5491 neque
3151 5414 3297 5491 enim
3328 5414 3483 5469 locus
3547 5425 3665 5491 eam

2096 5482 2384 5550 admittat;
2407 5486 2548 5555 quod
2593 5482 2801 5540 dicitur
2832 5485 3105 5539 laudabile
3133 5483 3349 5555 quidem
3385 5498 3528 5555 esse.
3557 5482 3670 5555 lut-

2092 5559 2331 5629 jusmodi
2363 5552 2506 5610 ludis
2536 5571 2646 5629 non
2691 5555 2951 5629 delectari
2988 5573 3002 5609 :
3056 5554 3151 5629 sed
3218 5565 3406 5629 tamen
3466 5552 3667 5605 ἀκόλα-

2095 5623 2220 5683 στον
2253 5628 2480 5697 impune
2519 5626 2685 5683 etiam
2737 5627 2961 5683 clericis
2997 5628 3124 5692 erit,
3184 5624 3231 5681 si
3286 5623 3353 5681 ad
3383 5638 3478 5680 cos
3507 5635 3669 5676 acce-

2091 5702 2245 5755 dant.
