  <div class='ocr_page' id='page_1' title='image "/cluster/home/n/w/nwhite01/storage/ocr_20150623/137/hvd.32044073502536/332.png"; bbox 0 0 4110 6224; ppageno 0'>
   <div class='ocr_carea' id='block_1_1' title="bbox 399 227 513 292">
    <p class='ocr_par' dir='ltr' id='par_1_1' title="bbox 399 227 513 292">
     <span class='ocr_line' id='line_1_1' title="bbox 399 227 513 292; baseline 0.018 -2"><span class='ocrx_word' id='word_1_1' title='bbox 399 227 513 292; x_wconf 72' lang='grc'><strong>597·</strong></span> 
     </span>
    </p>
   </div>
   <div class='ocr_carea' id='block_1_2' title="bbox 1428 252 2651 319">
    <p class='ocr_par' dir='ltr' id='par_1_2' title="bbox 1428 252 2651 319">
     <span class='ocr_line' id='line_1_2' title="bbox 1428 252 2651 319; baseline 0.007 -9"><span class='ocrx_word' id='word_1_2' title='bbox 1428 252 1508 312; x_wconf 85' lang='grc' dir='ltr'><strong>ῐΝ</strong></span> <span class='ocrx_word' id='word_1_3' title='bbox 1545 252 1712 316; x_wconf 73' lang='lat' dir='ltr'><strong>CAN.</strong></span> <span class='ocrx_word' id='word_1_4' title='bbox 1756 252 1914 315; x_wconf 81' lang='lat' dir='ltr'><strong>XXV</strong></span> <span class='ocrx_word' id='word_1_5' title='bbox 1953 253 2162 317; x_wconf 87' lang='lat' dir='ltr'><strong>CONC.</strong></span> <span class='ocrx_word' id='word_1_6' title='bbox 2202 253 2288 316; x_wconf 85' lang='lat' dir='ltr'><strong>IN</strong></span> <span class='ocrx_word' id='word_1_7' title='bbox 2326 256 2651 319; x_wconf 78' lang='lat' dir='ltr'><strong>TRULLO.</strong></span> 
     </span>
    </p>
   </div>
   <div class='ocr_carea' id='block_1_3' title="bbox 3534 257 3639 320">
    <p class='ocr_par' dir='ltr' id='par_1_3' title="bbox 3534 257 3639 320">
     <span class='ocr_line' id='line_1_3' title="bbox 3534 257 3639 320; baseline -0.038 1"><span class='ocrx_word' id='word_1_8' title='bbox 3534 257 3639 320; x_wconf 75' lang='lat'><strong>593</strong></span> 
     </span>
    </p>
   </div>
   <div class='ocr_carea' id='block_1_4' title="bbox 398 343 1964 441">
    <p class='ocr_par' dir='ltr' id='par_1_4' title="bbox 398 343 1964 441">
     <span class='ocr_line' id='line_1_4' title="bbox 398 343 1964 441; baseline 0.017 -46"><span class='ocrx_word' id='word_1_9' title='bbox 398 343 600 414; x_wconf 78' lang='grc' dir='ltr'>Οῖμὲν</span> <span class='ocrx_word' id='word_1_10' title='bbox 633 343 729 402; x_wconf 77' lang='grc' dir='ltr'><strong>οὖν</strong></span> <span class='ocrx_word' id='word_1_11' title='bbox 761 350 859 419; x_wconf 82' lang='grc' dir='ltr'>τῆς</span> <span class='ocrx_word' id='word_1_12' title='bbox 888 353 945 407; x_wconf 77' lang='grc' dir='ltr'>ἐν</span> <span class='ocrx_word' id='word_1_13' title='bbox 974 356 1268 431; x_wconf 70' lang='grc' dir='ltr'>Λαοδικείᾳ</span> <span class='ocrx_word' id='word_1_14' title='bbox 1298 364 1517 417; x_wconf 77' lang='grc' dir='ltr'><strong>συνόδου</strong></span> <span class='ocrx_word' id='word_1_15' title='bbox 1558 368 1659 420; x_wconf 86' lang='grc' dir='ltr'><strong>ούκ</strong></span> <span class='ocrx_word' id='word_1_16' title='bbox 1687 368 1964 436; x_wconf 67' lang='grc' dir='ltr'>ἐπήγαγον</span> 
     </span>
    </p>
   </div>
   <div class='ocr_carea' id='block_1_5' title="bbox 2064 343 3636 441">
    <p class='ocr_par' dir='ltr' id='par_1_5' title="bbox 2072 372 3636 441">
     <span class='ocr_line' id='line_1_5' title="bbox 2072 372 3636 441; baseline 0 -16"><span class='ocrx_word' id='word_1_17' title='bbox 2072 380 2171 426; x_wconf 88' lang='lat' dir='ltr'><strong>est.</strong></span> <span class='ocrx_word' id='word_1_18' title='bbox 2206 372 2312 427; x_wconf 86' lang='lat' dir='ltr'><strong>Sed</strong></span> <span class='ocrx_word' id='word_1_19' title='bbox 2342 373 2537 427; x_wconf 86' lang='lat' dir='ltr'><strong>nullam</strong></span> <span class='ocrx_word' id='word_1_20' title='bbox 2585 373 2688 437; x_wconf 84' lang='lat' dir='ltr'><strong>iis,</strong></span> <span class='ocrx_word' id='word_1_21' title='bbox 2741 373 2830 441; x_wconf 84' lang='lat' dir='ltr'><strong>qui</strong></span> <span class='ocrx_word' id='word_1_22' title='bbox 2895 374 3085 427; x_wconf 83' lang='lat' dir='ltr'><strong>canoni</strong></span> <span class='ocrx_word' id='word_1_23' title='bbox 3136 386 3242 427; x_wconf 87' lang='lat' dir='ltr'><strong>non</strong></span> <span class='ocrx_word' id='word_1_24' title='bbox 3288 372 3591 441; x_wconf 71' lang='lat' dir='ltr'><strong>paruissent</strong></span> <span class='ocrx_word' id='word_1_25' title='bbox 3620 416 3636 439; x_wconf 85' lang='lat'><strong>,</strong></span> 
     </span>
    </p>
   </div>
   <div class='ocr_carea' id='block_1_6' title="bbox 395 440 1973 528">
    <p class='ocr_par' dir='ltr' id='par_1_6' title="bbox 395 440 1973 528">
     <span class='ocr_line' id='line_1_6' title="bbox 395 440 1973 528; baseline 0.016 -40"><span class='ocrx_word' id='word_1_26' title='bbox 395 440 513 498; x_wconf 72' lang='grc' dir='ltr'>τοῖς</span> <span class='ocrx_word' id='word_1_27' title='bbox 543 440 617 509; x_wconf 81' lang='grc' dir='ltr'>μὴ</span> <span class='ocrx_word' id='word_1_28' title='bbox 646 443 875 511; x_wconf 82' lang='grc' dir='ltr'>τηροῦσι</span> <span class='ocrx_word' id='word_1_29' title='bbox 905 447 998 499; x_wconf 86' lang='grc' dir='ltr'><strong>τὸν</strong></span> <span class='ocrx_word' id='word_1_30' title='bbox 1027 452 1229 505; x_wconf 89' lang='grc' dir='ltr'>κανόνα</span> <span class='ocrx_word' id='word_1_31' title='bbox 1262 472 1312 506; x_wconf 84' lang='grc' dir='ltr'><strong>τι</strong></span> <span class='ocrx_word' id='word_1_32' title='bbox 1350 456 1650 526; x_wconf 72' lang='grc' dir='ltr'>ἐπιτίμιονο</span> <span class='ocrx_word' id='word_1_33' title='bbox 1696 461 1746 511; x_wconf 82' lang='grc' dir='ltr'><strong>οί</strong></span> <span class='ocrx_word' id='word_1_34' title='bbox 1775 459 1832 511; x_wconf 82' lang='grc' dir='ltr'>δὲ</span> <span class='ocrx_word' id='word_1_35' title='bbox 1874 463 1973 528; x_wconf 79' lang='grc' dir='ltr'>τῆς</span> 
     </span>
    </p>
   </div>
   <div class='ocr_carea' id='block_1_7' title="bbox 394 528 1971 611">
    <p class='ocr_par' dir='ltr' id='par_1_7' title="bbox 394 528 1971 611">
     <span class='ocr_line' id='line_1_7' title="bbox 394 528 1971 611; baseline 0.015 -32"><span class='ocrx_word' id='word_1_36' title='bbox 394 528 565 597; x_wconf 73' lang='grc' dir='ltr'>ἕκτης</span> <span class='ocrx_word' id='word_1_37' title='bbox 600 532 801 603; x_wconf 81' lang='grc' dir='ltr'>ταύτης</span> <span class='ocrx_word' id='word_1_38' title='bbox 843 538 1060 591; x_wconf 76' lang='grc' dir='ltr'><strong>συνόδου</strong></span> <span class='ocrx_word' id='word_1_39' title='bbox 1106 543 1419 597; x_wconf 80' lang='grc' dir='ltr'>παύσασθαι</span> <span class='ocrx_word' id='word_1_40' title='bbox 1476 549 1602 611; x_wconf 78' lang='grc' dir='ltr'>τοὺς</span> <span class='ocrx_word' id='word_1_41' title='bbox 1647 550 1887 602; x_wconf 80' lang='grc' dir='ltr'>τοιοῦτόν</span> <span class='ocrx_word' id='word_1_42' title='bbox 1920 568 1971 602; x_wconf 84' lang='grc' dir='ltr'><strong>τι</strong></span> 
     </span>
    </p>
   </div>
   <div class='ocr_carea' id='block_1_8' title="bbox 398 620 1971 706">
    <p class='ocr_par' dir='ltr' id='par_1_8' title="bbox 398 620 1971 706">
     <span class='ocr_line' id='line_1_8' title="bbox 398 620 1971 706; baseline 0.015 -36"><span class='ocrx_word' id='word_1_43' title='bbox 398 620 690 684; x_wconf 76' lang='grc' dir='ltr'><strong>ποιοῦντας</strong></span> <span class='ocrx_word' id='word_1_44' title='bbox 714 629 1064 695; x_wconf 79' lang='grc' dir='ltr'><strong>παραινοῦσι,</strong></span> <span class='ocrx_word' id='word_1_45' title='bbox 1117 635 1191 702; x_wconf 84' lang='grc' dir='ltr'><strong>μὴ</strong></span> <span class='ocrx_word' id='word_1_46' title='bbox 1240 638 1580 706; x_wconf 79' lang='grc' dir='ltr'>παυομένους</span> <span class='ocrx_word' id='word_1_47' title='bbox 1612 640 1690 702; x_wconf 82' lang='grc' dir='ltr'><strong>δὲ,</strong></span> <span class='ocrx_word' id='word_1_48' title='bbox 1726 641 1841 693; x_wconf 85' lang='grc' dir='ltr'>ἀλλ’</span> <span class='ocrx_word' id='word_1_49' title='bbox 1891 642 1971 694; x_wconf 83' lang='grc' dir='ltr'>ἔτι</span> 
     </span>
    </p>
   </div>
   <div class='ocr_carea' id='block_1_9' title="bbox 398 714 1972 803">
    <p class='ocr_par' dir='ltr' id='par_1_9' title="bbox 398 714 1972 803">
     <span class='ocr_line' id='line_1_9' title="bbox 398 714 1972 803; baseline 0.014 -40"><span class='ocrx_word' id='word_1_50' title='bbox 398 714 696 803; x_wconf 77' lang='grc' dir='ltr'>ἐχομένους</span> <span class='ocrx_word' id='word_1_51' title='bbox 738 718 839 786; x_wconf 81' lang='grc' dir='ltr'>τῆς</span> <span class='ocrx_word' id='word_1_52' title='bbox 888 722 1196 794; x_wconf 75' lang='grc' dir='ltr'><strong>ἀσχήμονος</strong></span> <span class='ocrx_word' id='word_1_53' title='bbox 1235 730 1508 798; x_wconf 79' lang='grc' dir='ltr'>πράξεως,</span> <span class='ocrx_word' id='word_1_54' title='bbox 1561 731 1657 784; x_wconf 68' lang='grc' dir='ltr'><strong>καλ¹</strong></span> <span class='ocrx_word' id='word_1_55' title='bbox 1692 733 1972 803; x_wconf 85' lang='grc' dir='ltr'>καθαιρεί-</span> 
     </span>
    </p>
   </div>
   <div class='ocr_carea' id='block_1_10' title="bbox 397 802 989 873">
    <p class='ocr_par' dir='ltr' id='par_1_10' title="bbox 397 802 989 873">
     <span class='ocr_line' id='line_1_10' title="bbox 397 802 989 873; baseline 0.024 -21"><span class='ocrx_word' id='word_1_56' title='bbox 397 802 522 854; x_wconf 80' lang='grc' dir='ltr'>σθαι</span> <span class='ocrx_word' id='word_1_57' title='bbox 557 808 961 873; x_wconf 77' lang='grc' dir='ltr'><strong>προστάσσουσι</strong></span> <span class='ocrx_word' id='word_1_58' title='bbox 975 853 989 868; x_wconf 94' lang='grc'><strong>.</strong></span> 
     </span>
    </p>
   </div>
   <div class='ocr_carea' id='block_1_11' title="bbox 402 893 1971 982">
    <p class='ocr_par' dir='ltr' id='par_1_11' title="bbox 402 893 1971 982">
     <span class='ocr_line' id='line_1_11' title="bbox 402 893 1971 982; baseline 0.015 -40"><span class='ocrx_word' id='word_1_59' title='bbox 402 912 423 942; x_wconf 75' lang='grc' dir='ltr'><strong>ι</strong></span> <span class='ocrx_word' id='word_1_60' title='bbox 467 893 690 950; x_wconf 84' lang='grc' dir='ltr'>ΑΡΙΣΤ.</span> <span class='ocrx_word' id='word_1_61' title='bbox 744 899 1019 971; x_wconf 81' lang='grc' dir='ltr'>Κληρικὸς</span> <span class='ocrx_word' id='word_1_62' title='bbox 1065 904 1098 975; x_wconf 77' lang='grc' dir='ltr'><strong>ἢ</strong></span> <span class='ocrx_word' id='word_1_63' title='bbox 1155 907 1383 978; x_wconf 78' lang='grc' dir='ltr'>μοναχὺς</span> <span class='ocrx_word' id='word_1_64' title='bbox 1457 910 1533 970; x_wconf 58' lang='lat' dir='ltr'><strong>ivi</strong></span> <span class='ocrx_word' id='word_1_65' title='bbox 1579 912 1971 982; x_wconf 76' lang='grc' dir='ltr'>ἱπποδρομίαις</span> 
     </span>
    </p>
   </div>
   <div class='ocr_carea' id='block_1_12' title="bbox 474 986 1970 1073">
    <p class='ocr_par' dir='ltr' id='par_1_12' title="bbox 474 986 1970 1073">
     <span class='ocr_line' id='line_1_12' title="bbox 474 986 1970 1073; baseline 0.015 -39"><span class='ocrx_word' id='word_1_66' title='bbox 474 1004 491 1034; x_wconf 84' lang='grc' dir='ltr'><strong>ι</strong></span> <span class='ocrx_word' id='word_1_67' title='bbox 540 986 730 1052; x_wconf 85' lang='grc' dir='ltr'>ἀνιὼν,</span> <span class='ocrx_word' id='word_1_68' title='bbox 756 990 788 1060; x_wconf 80' lang='grc' dir='ltr'><strong>ἢ</strong></span> <span class='ocrx_word' id='word_1_69' title='bbox 819 993 913 1045; x_wconf 82' lang='grc' dir='ltr'>καὶ</span> <span class='ocrx_word' id='word_1_70' title='bbox 949 996 1255 1063; x_wconf 82' lang='grc' dir='ltr'><strong>μελλόντων</strong></span> <span class='ocrx_word' id='word_1_71' title='bbox 1313 999 1546 1056; x_wconf 74' lang='grc' dir='ltr'><strong>εἰσιέναι</strong></span> <span class='ocrx_word' id='word_1_72' title='bbox 1577 1003 1884 1073; x_wconf 82' lang='grc' dir='ltr'>θυμελικῶν</span> <span class='ocrx_word' id='word_1_73' title='bbox 1910 1005 1970 1056; x_wconf 83' lang='grc' dir='ltr'>ὲν</span> 
     </span>
    </p>
   </div>
   <div class='ocr_carea' id='block_1_13' title="bbox 470 1079 1611 1163">
    <p class='ocr_par' dir='ltr' id='par_1_13' title="bbox 470 1079 1611 1163">
     <span class='ocr_line' id='line_1_13' title="bbox 470 1079 1611 1163; baseline 0.018 -36"><span class='ocrx_word' id='word_1_74' title='bbox 470 1095 493 1127; x_wconf 68' lang='grc' dir='ltr'><strong>ι</strong></span> <span class='ocrx_word' id='word_1_75' title='bbox 542 1079 733 1149; x_wconf 79' lang='grc' dir='ltr'>γάμῳ,</span> <span class='ocrx_word' id='word_1_76' title='bbox 766 1085 841 1154; x_wconf 82' lang='grc' dir='ltr'>μὴ</span> <span class='ocrx_word' id='word_1_77' title='bbox 874 1086 1166 1155; x_wconf 83' lang='grc' dir='ltr'>προεξιὼν,</span> <span class='ocrx_word' id='word_1_78' title='bbox 1192 1090 1611 1163; x_wconf 70' lang='grc' dir='ltr'><strong>καθαιρείσθω.»</strong></span> 
     </span>
    </p>
   </div>
   <div class='ocr_carea' id='block_1_14' title="bbox 468 1261 1969 1341">
    <p class='ocr_par' dir='ltr' id='par_1_14' title="bbox 468 1261 1969 1341">
     <span class='ocr_line' id='line_1_14' title="bbox 468 1261 1969 1341; baseline 0.013 -29"><span class='ocrx_word' id='word_1_79' title='bbox 468 1261 582 1314; x_wconf 76' lang='grc' dir='ltr'>Οὐκ</span> <span class='ocrx_word' id='word_1_80' title='bbox 612 1263 775 1326; x_wconf 77' lang='grc' dir='ltr'>εὐθὺς</span> <span class='ocrx_word' id='word_1_81' title='bbox 824 1265 1168 1337; x_wconf 85' lang='grc' dir='ltr'>καθαιρεῖται</span> <span class='ocrx_word' id='word_1_82' title='bbox 1218 1271 1246 1322; x_wconf 88' lang='grc' dir='ltr'><strong>ό</strong></span> <span class='ocrx_word' id='word_1_83' title='bbox 1281 1271 1563 1341; x_wconf 74' lang='grc' dir='ltr'>κληρικὺς,</span> <span class='ocrx_word' id='word_1_84' title='bbox 1616 1276 1782 1341; x_wconf 82' lang='grc' dir='ltr'>ἡνίκα</span> <span class='ocrx_word' id='word_1_85' title='bbox 1810 1277 1855 1329; x_wconf 78' lang='grc' dir='ltr'>δ’</span> <span class='ocrx_word' id='word_1_86' title='bbox 1903 1278 1969 1331; x_wconf 88' lang='grc' dir='ltr'><strong>ἂν</strong></span> 
     </span>
    </p>
   </div>
   <div class='ocr_carea' id='block_1_15' title="bbox 395 1355 1967 1441">
    <p class='ocr_par' dir='ltr' id='par_1_15' title="bbox 395 1355 1967 1441">
     <span class='ocr_line' id='line_1_15' title="bbox 395 1355 1967 1441; baseline 0.015 -39"><span class='ocrx_word' id='word_1_87' title='bbox 395 1355 477 1441; x_wconf 69' lang='grc' dir='ltr'>εἰς</span> <span class='ocrx_word' id='word_1_88' title='bbox 524 1355 702 1441; x_wconf 81' lang='grc' dir='ltr'>γάμον</span> <span class='ocrx_word' id='word_1_89' title='bbox 741 1356 959 1424; x_wconf 76' lang='grc' dir='ltr'>κληθεὶς</span> <span class='ocrx_word' id='word_1_90' title='bbox 1004 1360 1105 1411; x_wconf 83' lang='grc' dir='ltr'><strong>οὐκ</strong></span> <span class='ocrx_word' id='word_1_91' title='bbox 1140 1360 1411 1433; x_wconf 82' lang='grc' dir='ltr'>ἐξαναστῇ</span> <span class='ocrx_word' id='word_1_92' title='bbox 1461 1367 1555 1418; x_wconf 78' lang='grc' dir='ltr'><strong>καὶ</strong></span> <span class='ocrx_word' id='word_1_93' title='bbox 1612 1366 1967 1441; x_wconf 77' lang='grc' dir='ltr'>ὑποχωρὴσῃ.</span> 
     </span>
    </p>
   </div>
   <div class='ocr_carea' id='block_1_16' title="bbox 397 1437 1975 1519">
    <p class='ocr_par' dir='ltr' id='par_1_16' title="bbox 397 1437 1975 1519">
     <span class='ocr_line' id='line_1_16' title="bbox 397 1437 1975 1519; baseline 0.012 -31"><span class='ocrx_word' id='word_1_94' title='bbox 397 1437 507 1489; x_wconf 67' lang='grc' dir='ltr'><strong>τῶν</strong></span> <span class='ocrx_word' id='word_1_95' title='bbox 543 1440 677 1507; x_wconf 83' lang='grc' dir='ltr'>πρὸς</span> <span class='ocrx_word' id='word_1_96' title='bbox 703 1441 921 1508; x_wconf 82' lang='grc' dir='ltr'><strong>ἀπάτην</strong></span> <span class='ocrx_word' id='word_1_97' title='bbox 944 1443 1348 1514; x_wconf 77' lang='grc' dir='ltr'>είσερχομένων</span> <span class='ocrx_word' id='word_1_98' title='bbox 1374 1451 1664 1519; x_wconf 80' lang='grc' dir='ltr'>παιγνίων·</span> <span class='ocrx_word' id='word_1_99' title='bbox 1697 1437 1815 1505; x_wconf 66' lang='grc' dir='ltr'>ἁλλ⁴</span> <span class='ocrx_word' id='word_1_100' title='bbox 1837 1437 1975 1508; x_wconf 61' lang='lat' dir='ltr'><strong>6nd-</strong></span> 
     </span>
    </p>
   </div>
   <div class='ocr_carea' id='block_1_17' title="bbox 390 1530 1969 1616">
    <p class='ocr_par' dir='ltr' id='par_1_17' title="bbox 390 1530 1969 1616">
     <span class='ocr_line' id='line_1_17' title="bbox 390 1530 1969 1616; baseline 0.013 -36"><span class='ocrx_word' id='word_1_101' title='bbox 390 1545 494 1581; x_wconf 82' lang='grc' dir='ltr'><strong>ταν</strong></span> <span class='ocrx_word' id='word_1_102' title='bbox 523 1530 681 1584; x_wconf 83' lang='grc' dir='ltr'>τοῦτο</span> <span class='ocrx_word' id='word_1_103' title='bbox 726 1536 914 1597; x_wconf 84' lang='grc' dir='ltr'>ποιῶν,</span> <span class='ocrx_word' id='word_1_104' title='bbox 946 1536 1006 1589; x_wconf 81' lang='grc' dir='ltr'><strong>ού</strong></span> <span class='ocrx_word' id='word_1_105' title='bbox 1055 1538 1304 1592; x_wconf 80' lang='grc' dir='ltr'>πείθεται</span> <span class='ocrx_word' id='word_1_106' title='bbox 1354 1542 1649 1596; x_wconf 68' lang='grc' dir='ltr'>παύεσθαι*</span> <span class='ocrx_word' id='word_1_107' title='bbox 1690 1545 1763 1616; x_wconf 70' lang='grc' dir='ltr'>μὴ</span> <span class='ocrx_word' id='word_1_108' title='bbox 1798 1548 1969 1601; x_wconf 84' lang='grc' dir='ltr'>παυό-</span> 
     </span>
    </p>
   </div>
   <div class='ocr_carea' id='block_1_18' title="bbox 396 1621 1971 1709">
    <p class='ocr_par' dir='ltr' id='par_1_18' title="bbox 396 1621 1971 1709">
     <span class='ocr_line' id='line_1_18' title="bbox 396 1621 1971 1709; baseline 0.017 -42"><span class='ocrx_word' id='word_1_109' title='bbox 396 1637 557 1686; x_wconf 75' lang='grc' dir='ltr'>μενος</span> <span class='ocrx_word' id='word_1_110' title='bbox 589 1621 667 1681; x_wconf 81' lang='grc' dir='ltr'><strong>δὲ.</strong></span> <span class='ocrx_word' id='word_1_111' title='bbox 693 1624 1069 1690; x_wconf 81' lang='grc' dir='ltr'>καθαιρεῖται.</span> <span class='ocrx_word' id='word_1_112' title='bbox 1111 1628 1392 1694; x_wconf 77' lang='grc' dir='ltr'>Ὡσαύτως</span> <span class='ocrx_word' id='word_1_113' title='bbox 1433 1635 1528 1687; x_wconf 75' lang='grc' dir='ltr'>καὶ</span> <span class='ocrx_word' id='word_1_114' title='bbox 1556 1635 1585 1686; x_wconf 77' lang='grc' dir='ltr'><strong><em>ὸ</em></strong></span> <span class='ocrx_word' id='word_1_115' title='bbox 1612 1638 1669 1689; x_wconf 80' lang='grc' dir='ltr'>ὲν</span> <span class='ocrx_word' id='word_1_116' title='bbox 1705 1638 1971 1709; x_wconf 69' lang='grc' dir='ltr'>ἱπποδροα</span> 
     </span>
    </p>
   </div>
   <div class='ocr_carea' id='block_1_19' title="bbox 396 1712 979 1785">
    <p class='ocr_par' dir='ltr' id='par_1_19' title="bbox 396 1712 979 1785">
     <span class='ocr_line' id='line_1_19' title="bbox 396 1712 979 1785; baseline 0.017 -23"><span class='ocrx_word' id='word_1_117' title='bbox 396 1712 552 1781; x_wconf 78' lang='grc' dir='ltr'><strong>μάις</strong></span> <span class='ocrx_word' id='word_1_118' title='bbox 582 1713 979 1785; x_wconf 76' lang='grc' dir='ltr'>ἀπερχόμενος.</span> 
     </span>
    </p>
   </div>
   <div class='ocr_carea' id='block_1_20' title="bbox 982 1811 1380 1872">
    <p class='ocr_par' dir='ltr' id='par_1_20' title="bbox 982 1811 1380 1872">
     <span class='ocr_line' id='line_1_20' title="bbox 982 1811 1380 1872; baseline 0.018 -7"><span class='ocrx_word' id='word_1_119' title='bbox 982 1811 1218 1866; x_wconf 82' lang='grc' dir='ltr'><strong>ΚΔΝΩΝ</strong></span> <span class='ocrx_word' id='word_1_120' title='bbox 1255 1818 1380 1872; x_wconf 83' lang='lat' dir='ltr'><strong>KE’.</strong></span> 
     </span>
    </p>
   </div>
   <div class='ocr_carea' id='block_1_21' title="bbox 384 1894 1969 1975">
    <p class='ocr_par' dir='ltr' id='par_1_21' title="bbox 384 1894 1969 1975">
     <span class='ocr_line' id='line_1_21' title="bbox 384 1894 1969 1975; baseline 0.016 -32"><span class='ocrx_word' id='word_1_121' title='bbox 384 1910 421 1943; x_wconf 53' lang='grc' dir='ltr'><strong>νσ</strong></span> <span class='ocrx_word' id='word_1_122' title='bbox 470 1894 612 1965; x_wconf 82' lang='grc' dir='ltr'>Πρὸς</span> <span class='ocrx_word' id='word_1_123' title='bbox 638 1899 752 1961; x_wconf 88' lang='grc' dir='ltr'>τοῖς</span> <span class='ocrx_word' id='word_1_124' title='bbox 796 1900 981 1964; x_wconf 77' lang='grc' dir='ltr'>ἄλλοις</span> <span class='ocrx_word' id='word_1_125' title='bbox 1017 1905 1354 1975; x_wconf 84' lang='grc' dir='ltr'>ἀνανεοῦμεν</span> <span class='ocrx_word' id='word_1_126' title='bbox 1384 1910 1476 1964; x_wconf 72' lang='grc' dir='ltr'><strong>καὶ</strong></span> <span class='ocrx_word' id='word_1_127' title='bbox 1506 1913 1598 1965; x_wconf 67' lang='grc' dir='ltr'>τὸν</span> <span class='ocrx_word' id='word_1_128' title='bbox 1632 1917 1833 1969; x_wconf 79' lang='grc' dir='ltr'>κανόνα</span> <span class='ocrx_word' id='word_1_129' title='bbox 1873 1916 1969 1969; x_wconf 72' lang='grc' dir='ltr'>τὸν</span> 
     </span>
    </p>
   </div>
   <div class='ocr_carea' id='block_1_22' title="bbox 469 1986 1968 2078">
    <p class='ocr_par' dir='ltr' id='par_1_22' title="bbox 469 1986 1968 2078">
     <span class='ocr_line' id='line_1_22' title="bbox 469 1986 1968 2078; baseline 0.019 -44"><span class='ocrx_word' id='word_1_130' title='bbox 469 2004 488 2034; x_wconf 89' lang='grc'><strong><em>‹</em></strong></span> <span class='ocrx_word' id='word_1_131' title='bbox 537 1986 924 2059; x_wconf 79' lang='grc' dir='ltr'>διαγορεύοντα</span> <span class='ocrx_word' id='word_1_132' title='bbox 945 1994 1041 2056; x_wconf 67' lang='grc' dir='ltr'><strong>τὰς</strong></span> <span class='ocrx_word' id='word_1_133' title='bbox 1061 1996 1184 2048; x_wconf 80' lang='grc' dir='ltr'>καθ’</span> <span class='ocrx_word' id='word_1_134' title='bbox 1210 1998 1447 2071; x_wconf 79' lang='grc' dir='ltr'>ἑκάστην</span> <span class='ocrx_word' id='word_1_135' title='bbox 1467 2003 1764 2074; x_wconf 73' lang='grc' dir='ltr'>ἐκκλησίαν</span> <span class='ocrx_word' id='word_1_136' title='bbox 1777 2009 1968 2078; x_wconf 81' lang='grc' dir='ltr'>ἀγροι-</span> 
     </span>
    </p>
   </div>
   <div class='ocr_carea' id='block_1_23' title="bbox 465 2081 1962 2163">
    <p class='ocr_par' dir='ltr' id='par_1_23' title="bbox 465 2081 1962 2163">
     <span class='ocr_line' id='line_1_23' title="bbox 465 2081 1962 2163; baseline 0.019 -38"><span class='ocrx_word' id='word_1_137' title='bbox 465 2094 485 2123; x_wconf 77' lang='grc' dir='ltr'><strong>ι</strong></span> <span class='ocrx_word' id='word_1_138' title='bbox 536 2081 696 2141; x_wconf 77' lang='grc' dir='ltr'>κικὰς</span> <span class='ocrx_word' id='word_1_139' title='bbox 725 2086 1021 2151; x_wconf 75' lang='grc' dir='ltr'>παροικίας</span> <span class='ocrx_word' id='word_1_140' title='bbox 1050 2085 1081 2155; x_wconf 78' lang='grc' dir='ltr'>ἢ</span> <span class='ocrx_word' id='word_1_141' title='bbox 1116 2088 1418 2159; x_wconf 78' lang='grc' dir='ltr'><strong>ἐγχωρίους</strong></span> <span class='ocrx_word' id='word_1_142' title='bbox 1454 2093 1636 2162; x_wconf 75' lang='grc' dir='ltr'>μένειν</span> <span class='ocrx_word' id='word_1_143' title='bbox 1666 2098 1962 2163; x_wconf 80' lang='grc' dir='ltr'>ἀπαρασα-</span> 
     </span>
    </p>
   </div>
   <div class='ocr_carea' id='block_1_24' title="bbox 464 2166 1966 2251">
    <p class='ocr_par' dir='ltr' id='par_1_24' title="bbox 464 2166 1966 2251">
     <span class='ocr_line' id='line_1_24' title="bbox 464 2166 1966 2251; baseline 0.017 -34"><span class='ocrx_word' id='word_1_144' title='bbox 464 2184 485 2217; x_wconf 73' lang='grc' dir='ltr'><strong>ι</strong></span> <span class='ocrx_word' id='word_1_145' title='bbox 531 2166 753 2233; x_wconf 85' lang='grc' dir='ltr'>λεύτους</span> <span class='ocrx_word' id='word_1_146' title='bbox 788 2174 939 2240; x_wconf 66' lang='grc' dir='ltr'>παρὰ</span> <span class='ocrx_word' id='word_1_147' title='bbox 989 2179 1103 2240; x_wconf 88' lang='grc' dir='ltr'>τοῖς</span> <span class='ocrx_word' id='word_1_148' title='bbox 1151 2182 1475 2251; x_wconf 80' lang='grc' dir='ltr'>κατέχουσιν</span> <span class='ocrx_word' id='word_1_149' title='bbox 1529 2186 1697 2250; x_wconf 79' lang='grc' dir='ltr'>αὐτὰς</span> <span class='ocrx_word' id='word_1_150' title='bbox 1745 2190 1966 2243; x_wconf 61' lang='lat' dir='ltr'><strong>suum}.</strong></span> 
     </span>
    </p>
   </div>
   <div class='ocr_carea' id='block_1_25' title="bbox 464 2263 1964 2348">
    <p class='ocr_par' dir='ltr' id='par_1_25' title="bbox 464 2263 1964 2348">
     <span class='ocr_line' id='line_1_25' title="bbox 464 2263 1964 2348; baseline 0.016 -40"><span class='ocrx_word' id='word_1_151' title='bbox 464 2276 488 2308; x_wconf 77' lang='grc' dir='ltr'><strong>σ</strong></span> <span class='ocrx_word' id='word_1_152' title='bbox 535 2276 679 2324; x_wconf 89' lang='grc' dir='ltr'>ποις,</span> <span class='ocrx_word' id='word_1_153' title='bbox 701 2263 795 2314; x_wconf 81' lang='grc' dir='ltr'><strong>καὶ</strong></span> <span class='ocrx_word' id='word_1_154' title='bbox 815 2265 1073 2333; x_wconf 78' lang='grc' dir='ltr'>μάλιστα,</span> <span class='ocrx_word' id='word_1_155' title='bbox 1096 2271 1144 2321; x_wconf 84' lang='grc' dir='ltr'><strong>εί</strong></span> <span class='ocrx_word' id='word_1_156' title='bbox 1166 2277 1558 2345; x_wconf 83' lang='grc' dir='ltr'>τριακονταετῆ</span> <span class='ocrx_word' id='word_1_157' title='bbox 1584 2279 1774 2348; x_wconf 80' lang='grc' dir='ltr'>χρόνον</span> <span class='ocrx_word' id='word_1_158' title='bbox 1793 2280 1964 2343; x_wconf 76' lang='grc' dir='ltr'>αὐτὰς</span> 
     </span>
    </p>
   </div>
   <div class='ocr_carea' id='block_1_26' title="bbox 466 2351 1962 2438">
    <p class='ocr_par' dir='ltr' id='par_1_26' title="bbox 466 2351 1962 2438">
     <span class='ocr_line' id='line_1_26' title="bbox 466 2351 1962 2438; baseline 0.017 -38"><span class='ocrx_word' id='word_1_159' title='bbox 466 2368 488 2399; x_wconf 76' lang='grc' dir='ltr'>σ</span> <span class='ocrx_word' id='word_1_160' title='bbox 534 2351 813 2418; x_wconf 82' lang='grc' dir='ltr'>ἁϐιάστως</span> <span class='ocrx_word' id='word_1_161' title='bbox 877 2356 1294 2430; x_wconf 83' lang='grc' dir='ltr'>διακατέχοντες</span> <span class='ocrx_word' id='word_1_162' title='bbox 1364 2367 1743 2438; x_wconf 78' lang='grc' dir='ltr'>ᾠκονόμησαν.</span> <span class='ocrx_word' id='word_1_163' title='bbox 1795 2371 1859 2425; x_wconf 77' lang='grc' dir='ltr'><strong>Εἰ</strong></span> <span class='ocrx_word' id='word_1_164' title='bbox 1906 2372 1962 2426; x_wconf 81' lang='grc' dir='ltr'>δὲ</span> 
     </span>
    </p>
   </div>
   <div class='ocr_carea' id='block_1_27' title="bbox 465 2442 1965 2534">
    <p class='ocr_par' dir='ltr' id='par_1_27' title="bbox 465 2442 1965 2534">
     <span class='ocr_line' id='line_1_27' title="bbox 465 2442 1965 2534; baseline 0.017 -44"><span class='ocrx_word' id='word_1_165' title='bbox 465 2459 486 2489; x_wconf 72' lang='grc' dir='ltr'><strong>ι</strong></span> <span class='ocrx_word' id='word_1_166' title='bbox 533 2442 685 2505; x_wconf 77' lang='grc' dir='ltr'>ἐντὸς</span> <span class='ocrx_word' id='word_1_167' title='bbox 708 2444 818 2499; x_wconf 88' lang='grc' dir='ltr'><strong>τῶν</strong></span> <span class='ocrx_word' id='word_1_168' title='bbox 843 2450 1138 2517; x_wconf 85' lang='grc' dir='ltr'>τριάκοντα</span> <span class='ocrx_word' id='word_1_169' title='bbox 1163 2454 1298 2506; x_wconf 69' lang='grc' dir='ltr'>ἑτῶν</span> <span class='ocrx_word' id='word_1_170' title='bbox 1326 2461 1621 2527; x_wconf 80' lang='grc' dir='ltr'>γεγένηταί</span> <span class='ocrx_word' id='word_1_171' title='bbox 1640 2478 1721 2524; x_wconf 88' lang='grc' dir='ltr'><strong>τις</strong></span> <span class='ocrx_word' id='word_1_172' title='bbox 1744 2462 1776 2531; x_wconf 77' lang='grc' dir='ltr'><strong>ἢ</strong></span> <span class='ocrx_word' id='word_1_173' title='bbox 1803 2464 1965 2534; x_wconf 82' lang='grc' dir='ltr'>γένη-</span> 
     </span>
    </p>
   </div>
   <div class='ocr_carea' id='block_1_28' title="bbox 462 2538 2025 2621">
    <p class='ocr_par' dir='ltr' id='par_1_28' title="bbox 462 2538 2025 2621">
     <span class='ocr_line' id='line_1_28' title="bbox 462 2538 2025 2621; baseline 0.019 -40"><span class='ocrx_word' id='word_1_174' title='bbox 462 2550 479 2577; x_wconf 74' lang='grc'><strong>·</strong></span> <span class='ocrx_word' id='word_1_175' title='bbox 530 2549 621 2586; x_wconf 88' lang='grc' dir='ltr'><strong>ται</strong></span> <span class='ocrx_word' id='word_1_176' title='bbox 655 2538 780 2603; x_wconf 84' lang='grc' dir='ltr'>περὶ</span> <span class='ocrx_word' id='word_1_177' title='bbox 824 2539 955 2591; x_wconf 79' lang='grc' dir='ltr'>αὐτὸ</span> <span class='ocrx_word' id='word_1_178' title='bbox 999 2542 1436 2616; x_wconf 75' lang='grc' dir='ltr'>ἀμφισϐήτησις.</span> <span class='ocrx_word' id='word_1_179' title='bbox 1483 2548 1683 2614; x_wconf 75' lang='grc' dir='ltr'>ἐξεῖναι</span> <span class='ocrx_word' id='word_1_180' title='bbox 1717 2557 1832 2617; x_wconf 89' lang='grc' dir='ltr'>τοῖς</span> <span class='ocrx_word' id='word_1_181' title='bbox 1877 2556 1962 2608; x_wconf 79' lang='grc' dir='ltr'><strong>λὲ-</strong></span> <span class='ocrx_word' id='word_1_182' title='bbox 2020 2616 2025 2621; x_wconf 22' lang='grc' dir='ltr'><strong><em>Ι</em></strong></span> 
     </span>
    </p>
   </div>
   <div class='ocr_carea' id='block_1_29' title="bbox 466 2630 1959 2719">
    <p class='ocr_par' dir='ltr' id='par_1_29' title="bbox 466 2630 1959 2719">
     <span class='ocr_line' id='line_1_29' title="bbox 466 2630 1959 2719; baseline 0.018 -45"><span class='ocrx_word' id='word_1_183' title='bbox 466 2643 486 2673; x_wconf 76' lang='grc' dir='ltr'><strong>ιι</strong></span> <span class='ocrx_word' id='word_1_184' title='bbox 535 2642 723 2719; x_wconf 89' lang='grc' dir='ltr'>γουσιν</span> <span class='ocrx_word' id='word_1_185' title='bbox 756 2630 1043 2702; x_wconf 73' lang='grc' dir='ltr'>ἠδικῆσθαι</span> <span class='ocrx_word' id='word_1_186' title='bbox 1088 2638 1214 2706; x_wconf 75' lang='grc' dir='ltr'>περὶ</span> <span class='ocrx_word' id='word_1_187' title='bbox 1267 2639 1457 2694; x_wconf 85' lang='grc' dir='ltr'>τούτου</span> <span class='ocrx_word' id='word_1_188' title='bbox 1487 2646 1654 2697; x_wconf 79' lang='grc' dir='ltr'>κινεῖν</span> <span class='ocrx_word' id='word_1_189' title='bbox 1690 2646 1843 2717; x_wconf 69' lang='grc' dir='ltr'>παρὰ</span> <span class='ocrx_word' id='word_1_190' title='bbox 1889 2651 1959 2719; x_wconf 75' lang='grc' dir='ltr'>τῇ</span> 
     </span>
    </p>
   </div>
   <div class='ocr_carea' id='block_1_30' title="bbox 463 2718 1249 2795">
    <p class='ocr_par' dir='ltr' id='par_1_30' title="bbox 463 2718 1249 2795">
     <span class='ocr_line' id='line_1_30' title="bbox 463 2718 1249 2795; baseline 0.02 -29"><span class='ocrx_word' id='word_1_191' title='bbox 463 2736 483 2765; x_wconf 73' lang='grc' dir='ltr'><strong>ι</strong></span> <span class='ocrx_word' id='word_1_192' title='bbox 534 2718 737 2789; x_wconf 84' lang='grc' dir='ltr'>συνόδῳ</span> <span class='ocrx_word' id='word_1_193' title='bbox 762 2723 859 2791; x_wconf 86' lang='grc' dir='ltr'>τῆς</span> <span class='ocrx_word' id='word_1_194' title='bbox 891 2724 1179 2795; x_wconf 73' lang='grc' dir='ltr'>ἐπαρχίας.</span> <span class='ocrx_word' id='word_1_195' title='bbox 1229 2746 1249 2781; x_wconf 73' lang='grc' dir='ltr'><strong>ι</strong></span> 
     </span>
    </p>
   </div>
   <div class='ocr_carea' id='block_1_31' title="bbox 460 2803 1959 2892">
    <p class='ocr_par' dir='ltr' id='par_1_31' title="bbox 460 2803 1959 2892">
     <span class='ocr_line' id='line_1_31' title="bbox 460 2803 1959 2892; baseline 0.017 -36"><span class='ocrx_word' id='word_1_196' title='bbox 460 2807 658 2861; x_wconf 78' lang='grc' dir='ltr'>ΒΑΛΣ.</span> <span class='ocrx_word' id='word_1_197' title='bbox 690 2803 860 2874; x_wconf 74' lang='grc' dir='ltr'>Οὗτος</span> <span class='ocrx_word' id='word_1_198' title='bbox 892 2814 918 2866; x_wconf 87' lang='grc' dir='ltr'>ὁ</span> <span class='ocrx_word' id='word_1_199' title='bbox 946 2815 1339 2888; x_wconf 83' lang='grc' dir='ltr'>ἀνανεούμενος</span> <span class='ocrx_word' id='word_1_200' title='bbox 1373 2820 1552 2876; x_wconf 85' lang='grc' dir='ltr'>κανὼν</span> <span class='ocrx_word' id='word_1_201' title='bbox 1591 2826 1690 2892; x_wconf 81' lang='grc' dir='ltr'><strong>τῆς</strong></span> <span class='ocrx_word' id='word_1_202' title='bbox 1714 2826 1756 2878; x_wconf 77' lang='grc' dir='ltr'>δ’</span> <span class='ocrx_word' id='word_1_203' title='bbox 1800 2829 1959 2882; x_wconf 80' lang='grc' dir='ltr'>συνό-</span> 
     </span>
    </p>
   </div>
   <div class='ocr_carea' id='block_1_32' title="bbox 384 2897 1960 3008">
    <p class='ocr_par' dir='ltr' id='par_1_32' title="bbox 384 2897 1960 3008">
     <span class='ocr_line' id='line_1_32' title="bbox 384 2897 1960 3008; baseline 0.017 -60"><span class='ocrx_word' id='word_1_204' title='bbox 384 2897 479 3008; x_wconf 50' lang='grc' dir='ltr'><strong>δου</strong></span> <span class='ocrx_word' id='word_1_205' title='bbox 519 2902 639 3004; x_wconf 46' lang='grc' dir='ltr'>ἐστὶ</span> <span class='ocrx_word' id='word_1_206' title='bbox 689 2902 872 2958; x_wconf 85' lang='grc' dir='ltr'>κανὼν</span> <span class='ocrx_word' id='word_1_207' title='bbox 931 2905 996 2970; x_wconf 77' lang='grc' dir='ltr'><strong>ιζ’</strong></span> <span class='ocrx_word' id='word_1_208' title='bbox 1022 2924 1036 2939; x_wconf 92' lang='grc'><strong>·</strong></span> <span class='ocrx_word' id='word_1_209' title='bbox 1065 2910 1159 2962; x_wconf 78' lang='grc' dir='ltr'><strong>καὶ</strong></span> <span class='ocrx_word' id='word_1_210' title='bbox 1202 2912 1478 2981; x_wconf 78' lang='grc' dir='ltr'>ἀνάγνωθι</span> <span class='ocrx_word' id='word_1_211' title='bbox 1515 2917 1612 2987; x_wconf 76' lang='grc' dir='ltr'>τὴν</span> <span class='ocrx_word' id='word_1_212' title='bbox 1660 2919 1960 2990; x_wconf 78' lang='grc' dir='ltr'>ἑρμηνείαν</span> 
     </span>
    </p>
   </div>
   <div class='ocr_carea' id='block_1_33' title="bbox 385 3011 577 3047">
    <p class='ocr_par' dir='ltr' id='par_1_33' title="bbox 385 3011 577 3047">
     <span class='ocr_line' id='line_1_33' title="bbox 385 3011 577 3047; baseline 0.016 -3"><span class='ocrx_word' id='word_1_213' title='bbox 385 3011 577 3047; x_wconf 80' lang='grc' dir='ltr'>αυτου.</span> 
     </span>
    </p>
   </div>
   <div class='ocr_carea' id='block_1_34' title="bbox 456 3066 2030 3179">
    <p class='ocr_par' dir='ltr' id='par_1_34' title="bbox 456 3066 2030 3179">
     <span class='ocr_line' id='line_1_34' title="bbox 456 3066 2030 3179; baseline 0.014 -39"><span class='ocrx_word' id='word_1_214' title='bbox 456 3087 702 3179; x_wconf 66' lang='grc' dir='ltr'><strong>ΖΩΝᾼΡ.</strong></span> <span class='ocrx_word' id='word_1_215' title='bbox 733 3084 904 3153; x_wconf 80' lang='grc' dir='ltr'>Οὗτος</span> <span class='ocrx_word' id='word_1_216' title='bbox 930 3093 960 3144; x_wconf 84' lang='grc' dir='ltr'><strong>ὁ</strong></span> <span class='ocrx_word' id='word_1_217' title='bbox 984 3094 1386 3167; x_wconf 79' lang='grc' dir='ltr'>ἀνανεούμενος</span> <span class='ocrx_word' id='word_1_218' title='bbox 1424 3099 1606 3153; x_wconf 84' lang='grc' dir='ltr'>κανὼν</span> <span class='ocrx_word' id='word_1_219' title='bbox 1638 3104 1737 3172; x_wconf 81' lang='grc' dir='ltr'>τῆς</span> <span class='ocrx_word' id='word_1_220' title='bbox 1765 3108 1957 3179; x_wconf 80' lang='grc' dir='ltr'>τετάρ-</span> <span class='ocrx_word' id='word_1_221' title='bbox 1988 3066 2030 3124; x_wconf 75' lang='lat' dir='ltr'><strong><em>C</em></strong></span> 
     </span>
    </p>
   </div>
   <div class='ocr_carea' id='block_1_35' title="bbox 383 3178 1958 3264">
    <p class='ocr_par' dir='ltr' id='par_1_35' title="bbox 383 3178 1958 3264">
     <span class='ocr_line' id='line_1_35' title="bbox 383 3178 1958 3264; baseline 0.018 -38"><span class='ocrx_word' id='word_1_222' title='bbox 383 3191 485 3243; x_wconf 83' lang='grc' dir='ltr'><strong>της</strong></span> <span class='ocrx_word' id='word_1_223' title='bbox 511 3178 732 3231; x_wconf 83' lang='grc' dir='ltr'>συνόδου</span> <span class='ocrx_word' id='word_1_224' title='bbox 747 3181 892 3233; x_wconf 77' lang='grc' dir='ltr'>ἐστὶν</span> <span class='ocrx_word' id='word_1_225' title='bbox 907 3183 1395 3251; x_wconf 76' lang='grc' dir='ltr'>ἑπτακαιδέκατος,</span> <span class='ocrx_word' id='word_1_226' title='bbox 1409 3190 1470 3254; x_wconf 80' lang='grc' dir='ltr'>ὃς</span> <span class='ocrx_word' id='word_1_227' title='bbox 1492 3191 1734 3264; x_wconf 81' lang='grc' dir='ltr'>ὲξηγήθη</span> <span class='ocrx_word' id='word_1_228' title='bbox 1757 3178 1958 3253; x_wconf 74' lang='grc' dir='ltr'>ἐκεῖσεο</span> 
     </span>
    </p>
   </div>
   <div class='ocr_carea' id='block_1_36' title="bbox 386 3266 1431 3348">
    <p class='ocr_par' dir='ltr' id='par_1_36' title="bbox 386 3266 1431 3348">
     <span class='ocr_line' id='line_1_36' title="bbox 386 3266 1431 3348; baseline 0.015 -30"><span class='ocrx_word' id='word_1_229' title='bbox 386 3270 483 3319; x_wconf 79' lang='grc' dir='ltr'><strong>καὶ</strong></span> <span class='ocrx_word' id='word_1_230' title='bbox 512 3266 776 3336; x_wconf 83' lang='grc' dir='ltr'>ζητητέον</span> <span class='ocrx_word' id='word_1_231' title='bbox 807 3273 875 3324; x_wconf 82' lang='grc' dir='ltr'>τὰ</span> <span class='ocrx_word' id='word_1_232' title='bbox 901 3275 1017 3326; x_wconf 72' lang='grc' dir='ltr'>ἐκεῖ</span> <span class='ocrx_word' id='word_1_233' title='bbox 1043 3279 1431 3348; x_wconf 76' lang='grc' dir='ltr'>γεγραμμένα.</span> 
     </span>
    </p>
   </div>
   <div class='ocr_carea' id='block_1_37' title="bbox 389 3362 1959 3451">
    <p class='ocr_par' dir='ltr' id='par_1_37' title="bbox 389 3362 1959 3451">
     <span class='ocr_line' id='line_1_37' title="bbox 389 3362 1959 3451; baseline 0.016 -41"><span class='ocrx_word' id='word_1_234' title='bbox 389 3376 410 3408; x_wconf 79' lang='grc' dir='ltr'><strong>ι</strong></span> <span class='ocrx_word' id='word_1_235' title='bbox 486 3362 717 3417; x_wconf 77' lang='grc' dir='ltr'><strong>ΑΡΙΣΤ.</strong></span> <span class='ocrx_word' id='word_1_236' title='bbox 790 3365 1132 3435; x_wconf 80' lang='grc' dir='ltr'>Ἀγροικικαὶ</span> <span class='ocrx_word' id='word_1_237' title='bbox 1178 3372 1273 3424; x_wconf 79' lang='grc' dir='ltr'>καὶ</span> <span class='ocrx_word' id='word_1_238' title='bbox 1330 3372 1590 3444; x_wconf 81' lang='grc' dir='ltr'>ἐγχώριοι</span> <span class='ocrx_word' id='word_1_239' title='bbox 1647 3381 1959 3451; x_wconf 84' lang='grc' dir='ltr'>παροικίαι,</span> 
     </span>
    </p>
   </div>
   <div class='ocr_carea' id='block_1_38' title="bbox 465 3457 1957 3538">
    <p class='ocr_par' dir='ltr' id='par_1_38' title="bbox 465 3457 1957 3538">
     <span class='ocr_line' id='line_1_38' title="bbox 465 3457 1957 3538; baseline 0.015 -33"><span class='ocrx_word' id='word_1_240' title='bbox 465 3473 483 3504; x_wconf 85' lang='grc' dir='ltr'><strong>ι</strong></span> <span class='ocrx_word' id='word_1_241' title='bbox 532 3457 624 3507; x_wconf 75' lang='grc' dir='ltr'>ἐπὶ</span> <span class='ocrx_word' id='word_1_242' title='bbox 656 3460 1111 3525; x_wconf 83' lang='grc' dir='ltr'>τριακονταετίαν</span> <span class='ocrx_word' id='word_1_243' title='bbox 1138 3462 1457 3532; x_wconf 73' lang='grc' dir='ltr'>ἐρχόμεναι.</span> <span class='ocrx_word' id='word_1_244' title='bbox 1496 3470 1920 3538; x_wconf 77' lang='grc' dir='ltr'>κατεχέσθωσαν</span> <span class='ocrx_word' id='word_1_245' title='bbox 1942 3494 1957 3508; x_wconf 77' lang='grc' dir='ltr'><strong><em>ο</em></strong></span> 
     </span>
    </p>
   </div>
   <div class='ocr_carea' id='block_1_39' title="bbox 462 3546 1689 3626">
    <p class='ocr_par' dir='ltr' id='par_1_39' title="bbox 462 3546 1689 3626">
     <span class='ocr_line' id='line_1_39' title="bbox 462 3546 1689 3626; baseline 0.015 -31"><span class='ocrx_word' id='word_1_246' title='bbox 462 3566 480 3595; x_wconf 85' lang='grc' dir='ltr'><strong>ι</strong></span> <span class='ocrx_word' id='word_1_247' title='bbox 527 3546 675 3600; x_wconf 80' lang='grc' dir='ltr'>ἔνδον</span> <span class='ocrx_word' id='word_1_248' title='bbox 706 3549 795 3616; x_wconf 74' lang='grc' dir='ltr'><strong>δὲ,</strong></span> <span class='ocrx_word' id='word_1_249' title='bbox 822 3549 883 3603; x_wconf 79' lang='grc' dir='ltr'>τὸ</span> <span class='ocrx_word' id='word_1_250' title='bbox 908 3552 1394 3626; x_wconf 78' lang='grc' dir='ltr'>ἀμφισδητήσιμον</span> <span class='ocrx_word' id='word_1_251' title='bbox 1419 3559 1622 3625; x_wconf 75' lang='grc' dir='ltr'>ἕξουσι.</span> <span class='ocrx_word' id='word_1_252' title='bbox 1667 3579 1689 3614; x_wconf 76' lang='grc' dir='ltr'><strong>ι</strong></span> 
     </span>
    </p>
   </div>
   <div class='ocr_carea' id='block_1_40' title="bbox 470 3639 1959 3725">
    <p class='ocr_par' dir='ltr' id='par_1_40' title="bbox 470 3639 1959 3725">
     <span class='ocr_line' id='line_1_40' title="bbox 470 3639 1959 3725; baseline 0.015 -36"><span class='ocrx_word' id='word_1_253' title='bbox 470 3639 819 3707; x_wconf 84' lang='grc' dir='ltr'>Ἀγροικικὰς</span> <span class='ocrx_word' id='word_1_254' title='bbox 856 3645 1153 3712; x_wconf 80' lang='grc' dir='ltr'>παροικίας</span> <span class='ocrx_word' id='word_1_255' title='bbox 1180 3646 1327 3714; x_wconf 72' lang='grc' dir='ltr'>λέγει</span> <span class='ocrx_word' id='word_1_256' title='bbox 1348 3647 1449 3719; x_wconf 86' lang='grc' dir='ltr'><strong>[ὡς</strong></span> <span class='ocrx_word' id='word_1_257' title='bbox 1476 3652 1571 3704; x_wconf 73' lang='grc' dir='ltr'>καὶ</span> <span class='ocrx_word' id='word_1_258' title='bbox 1597 3654 1656 3706; x_wconf 72' lang='grc' dir='ltr'><strong>ἑν</strong></span> <span class='ocrx_word' id='word_1_259' title='bbox 1685 3654 1762 3725; x_wconf 85' lang='grc' dir='ltr'>τῷ</span> <span class='ocrx_word' id='word_1_260' title='bbox 1786 3657 1959 3711; x_wconf 78' lang='grc' dir='ltr'>ἑπτα-</span> 
     </span>
    </p>
   </div>
   <div class='ocr_carea' id='block_1_41' title="bbox 383 3729 1960 3820">
    <p class='ocr_par' dir='ltr' id='par_1_41' title="bbox 383 3729 1960 3820">
     <span class='ocr_line' id='line_1_41' title="bbox 383 3729 1960 3820; baseline 0.015 -39"><span class='ocrx_word' id='word_1_261' title='bbox 383 3729 694 3802; x_wconf 72' lang='grc' dir='ltr'>καιδεκάτῳ</span> <span class='ocrx_word' id='word_1_262' title='bbox 725 3735 913 3787; x_wconf 78' lang='grc' dir='ltr'>κανόνι</span> <span class='ocrx_word' id='word_1_263' title='bbox 946 3737 1045 3805; x_wconf 77' lang='grc' dir='ltr'>τῆς</span> <span class='ocrx_word' id='word_1_264' title='bbox 1078 3740 1150 3790; x_wconf 40' lang='grc' dir='ltr'><strong>ὲν.</strong></span> <span class='ocrx_word' id='word_1_265' title='bbox 1193 3741 1500 3811; x_wconf 85' lang='grc' dir='ltr'>Χαλκηδόνι</span> <span class='ocrx_word' id='word_1_266' title='bbox 1537 3748 1759 3800; x_wconf 86' lang='grc' dir='ltr'>συνόδου</span> <span class='ocrx_word' id='word_1_267' title='bbox 1794 3751 1960 3820; x_wconf 73' lang='grc' dir='ltr'>ἐγρά-</span> 
     </span>
    </p>
   </div>
   <div class='ocr_carea' id='block_1_42' title="bbox 382 3821 1954 3908">
    <p class='ocr_par' dir='ltr' id='par_1_42' title="bbox 382 3821 1954 3908">
     <span class='ocr_line' id='line_1_42' title="bbox 382 3821 1954 3908; baseline 0.013 -34"><span class='ocrx_word' id='word_1_268' title='bbox 382 3821 592 3893; x_wconf 76' lang='grc' dir='ltr'>ψαμεν]</span> <span class='ocrx_word' id='word_1_269' title='bbox 641 3825 767 3889; x_wconf 81' lang='grc' dir='ltr'>τοὺς</span> <span class='ocrx_word' id='word_1_270' title='bbox 802 3825 1116 3889; x_wconf 74' lang='grc' dir='ltr'>ῖδιωτάτους</span> <span class='ocrx_word' id='word_1_271' title='bbox 1136 3830 1247 3883; x_wconf 85' lang='grc' dir='ltr'><strong>τῶν</strong></span> <span class='ocrx_word' id='word_1_272' title='bbox 1276 3834 1583 3903; x_wconf 79' lang='grc' dir='ltr'>ἐκκλησιῶν</span> <span class='ocrx_word' id='word_1_273' title='bbox 1604 3839 1831 3908; x_wconf 76' lang='grc' dir='ltr'>ἀγροὺς,</span> <span class='ocrx_word' id='word_1_274' title='bbox 1862 3842 1954 3894; x_wconf 82' lang='grc' dir='ltr'>καὶ</span> 
     </span>
    </p>
   </div>
   <div class='ocr_carea' id='block_1_43' title="bbox 386 3911 1954 3999">
    <p class='ocr_par' dir='ltr' id='par_1_43' title="bbox 386 3911 1954 3999">
     <span class='ocr_line' id='line_1_43' title="bbox 386 3911 1954 3999; baseline 0.014 -37"><span class='ocrx_word' id='word_1_275' title='bbox 386 3911 465 3979; x_wconf 80' lang='grc' dir='ltr'>μὴ</span> <span class='ocrx_word' id='word_1_276' title='bbox 501 3912 1064 3985; x_wconf 85' lang='grc' dir='ltr'>ἀνακεκοινωμένους,</span> <span class='ocrx_word' id='word_1_277' title='bbox 1114 3921 1252 3983; x_wconf 76' lang='grc' dir='ltr'>ὅλως</span> <span class='ocrx_word' id='word_1_278' title='bbox 1294 3923 1455 3985; x_wconf 72' lang='grc' dir='ltr'>ὄντας</span> <span class='ocrx_word' id='word_1_279' title='bbox 1488 3925 1545 3979; x_wconf 77' lang='grc' dir='ltr'>ἐν</span> <span class='ocrx_word' id='word_1_280' title='bbox 1593 3944 1703 3980; x_wconf 84' lang='grc' dir='ltr'>τισι</span> <span class='ocrx_word' id='word_1_281' title='bbox 1738 3928 1954 3999; x_wconf 84' lang='grc' dir='ltr'>κώμαις</span> 
     </span>
    </p>
   </div>
   <div class='ocr_carea' id='block_1_44' title="bbox 382 4002 1953 4084">
    <p class='ocr_par' dir='ltr' id='par_1_44' title="bbox 382 4002 1953 4084">
     <span class='ocr_line' id='line_1_44' title="bbox 382 4002 1953 4084; baseline 0.011 -32"><span class='ocrx_word' id='word_1_282' title='bbox 382 4002 417 4071; x_wconf 80' lang='grc' dir='ltr'><strong>ἧ</strong></span> <span class='ocrx_word' id='word_1_283' title='bbox 446 4002 539 4054; x_wconf 75' lang='grc' dir='ltr'>καὶ</span> <span class='ocrx_word' id='word_1_284' title='bbox 568 4003 807 4072; x_wconf 82' lang='grc' dir='ltr'>χωρίοις·</span> <span class='ocrx_word' id='word_1_285' title='bbox 859 4004 951 4067; x_wconf 81' lang='grc' dir='ltr'><strong>οὓς</strong></span> <span class='ocrx_word' id='word_1_286' title='bbox 993 4008 1091 4060; x_wconf 77' lang='grc' dir='ltr'>καὶ</span> <span class='ocrx_word' id='word_1_287' title='bbox 1130 4010 1375 4077; x_wconf 71' lang='grc' dir='ltr'>μονοίκια</span> <span class='ocrx_word' id='word_1_288' title='bbox 1412 4012 1506 4064; x_wconf 84' lang='grc' dir='ltr'>νῦν</span> <span class='ocrx_word' id='word_1_289' title='bbox 1540 4014 1792 4081; x_wconf 77' lang='grc' dir='ltr'>λέγουσιν</span> <span class='ocrx_word' id='word_1_290' title='bbox 1815 4030 1829 4044; x_wconf 85' lang='lat'><strong><em>°</em></strong></span> <span class='ocrx_word' id='word_1_291' title='bbox 1860 4018 1953 4084; x_wconf 63' lang='grc' dir='ltr'><strong>ὲγδ</strong></span> 
     </span>
    </p>
   </div>
   <div class='ocr_carea' id='block_1_45' title="bbox 382 4095 1957 4175">
    <p class='ocr_par' dir='ltr' id='par_1_45' title="bbox 382 4095 1957 4175">
     <span class='ocr_line' id='line_1_45' title="bbox 382 4095 1957 4175; baseline 0.01 -29"><span class='ocrx_word' id='word_1_292' title='bbox 382 4095 619 4164; x_wconf 86' lang='grc' dir='ltr'>χωρίους</span> <span class='ocrx_word' id='word_1_293' title='bbox 668 4096 728 4150; x_wconf 81' lang='grc' dir='ltr'>δὲ</span> <span class='ocrx_word' id='word_1_294' title='bbox 756 4098 883 4160; x_wconf 80' lang='grc' dir='ltr'>τοὺς</span> <span class='ocrx_word' id='word_1_295' title='bbox 916 4101 975 4153; x_wconf 81' lang='grc' dir='ltr'><strong>ὲν</strong></span> <span class='ocrx_word' id='word_1_296' title='bbox 1033 4101 1220 4169; x_wconf 79' lang='grc' dir='ltr'>μέσοις</span> <span class='ocrx_word' id='word_1_297' title='bbox 1256 4104 1477 4173; x_wconf 84' lang='grc' dir='ltr'>χωρίοις</span> <span class='ocrx_word' id='word_1_298' title='bbox 1519 4106 1552 4175; x_wconf 80' lang='grc' dir='ltr'><strong>ἢ</strong></span> <span class='ocrx_word' id='word_1_299' title='bbox 1590 4106 1805 4173; x_wconf 85' lang='grc' dir='ltr'>κώμαις</span> <span class='ocrx_word' id='word_1_300' title='bbox 1840 4126 1957 4162; x_wconf 78' lang='grc' dir='ltr'>κει-</span> 
     </span>
    </p>
   </div>
   <div class='ocr_carea' id='block_1_46' title="bbox 384 4178 1951 4270">
    <p class='ocr_par' dir='ltr' id='par_1_46' title="bbox 384 4178 1951 4270">
     <span class='ocr_line' id='line_1_46' title="bbox 384 4178 1951 4270; baseline 0.01 -33"><span class='ocrx_word' id='word_1_301' title='bbox 384 4187 584 4255; x_wconf 76' lang='grc' dir='ltr'>μένους</span> <span class='ocrx_word' id='word_1_302' title='bbox 610 4187 835 4257; x_wconf 83' lang='grc' dir='ltr'>ἀγρούς.</span> <span class='ocrx_word' id='word_1_303' title='bbox 868 4191 936 4242; x_wconf 80' lang='grc' dir='ltr'><strong>Εἴ</strong></span> <span class='ocrx_word' id='word_1_304' title='bbox 960 4208 1049 4253; x_wconf 88' lang='grc' dir='ltr'><strong>τις</strong></span> <span class='ocrx_word' id='word_1_305' title='bbox 1087 4188 1182 4246; x_wconf 76' lang='grc' dir='ltr'><strong>οὖν</strong></span> <span class='ocrx_word' id='word_1_306' title='bbox 1212 4194 1319 4246; x_wconf 88' lang='grc' dir='ltr'><strong>τῶν</strong></span> <span class='ocrx_word' id='word_1_307' title='bbox 1340 4196 1657 4249; x_wconf 76' lang='grc' dir='ltr'>ἐπισκόπων</span> <span class='ocrx_word' id='word_1_308' title='bbox 1680 4178 1772 4250; x_wconf 76' lang='grc' dir='ltr'><strong>ἐπὶ</strong></span> <span class='ocrx_word' id='word_1_309' title='bbox 1798 4217 1951 4270; x_wconf 80' lang='grc' dir='ltr'>τρια-</span> 
     </span>
    </p>
   </div>
   <div class='ocr_carea' id='block_1_47' title="bbox 380 4278 1949 4361">
    <p class='ocr_par' dir='ltr' id='par_1_47' title="bbox 380 4278 1949 4361">
     <span class='ocr_line' id='line_1_47' title="bbox 380 4278 1949 4361; baseline 0.01 -31"><span class='ocrx_word' id='word_1_310' title='bbox 380 4278 703 4331; x_wconf 78' lang='grc' dir='ltr'>κονταετέαν</span> <span class='ocrx_word' id='word_1_311' title='bbox 749 4282 980 4350; x_wconf 83' lang='grc' dir='ltr'>κατέσχε</span> <span class='ocrx_word' id='word_1_312' title='bbox 1020 4283 1288 4354; x_wconf 84' lang='grc' dir='ltr'>τοιαύτην</span> <span class='ocrx_word' id='word_1_313' title='bbox 1320 4287 1442 4338; x_wconf 73' lang='grc' dir='ltr'>τινα</span> <span class='ocrx_word' id='word_1_314' title='bbox 1475 4288 1816 4361; x_wconf 76' lang='grc' dir='ltr'>ὲγχώριον,ἢ</span> <span class='ocrx_word' id='word_1_315' title='bbox 1857 4294 1949 4345; x_wconf 71' lang='grc' dir='ltr'><strong>καὶ</strong></span> 
     </span>
    </p>
   </div>
   <div class='ocr_carea' id='block_1_48' title="bbox 2085 460 3637 531">
    <p class='ocr_par' dir='ltr' id='par_1_48' title="bbox 2085 460 3637 531">
     <span class='ocr_line' id='line_1_48' title="bbox 2085 460 3637 531; baseline 0.001 -17"><span class='ocrx_word' id='word_1_316' title='bbox 2085 460 2395 515; x_wconf 64' lang='lat' dir='ltr'><strong>Laodiceae</strong></span> <span class='ocrx_word' id='word_1_317' title='bbox 2416 464 2603 531; x_wconf 85' lang='lat' dir='ltr'><strong>synodi</strong></span> <span class='ocrx_word' id='word_1_318' title='bbox 2637 462 2821 515; x_wconf 77' lang='lat' dir='ltr'><strong>Patres</strong></span> <span class='ocrx_word' id='word_1_319' title='bbox 2860 463 3145 515; x_wconf 79' lang='lat' dir='ltr'><strong>decrevere</strong></span> <span class='ocrx_word' id='word_1_320' title='bbox 3175 477 3409 528; x_wconf 72' lang='lat' dir='ltr'><strong>ptenam.</strong></span> <span class='ocrx_word' id='word_1_321' title='bbox 3448 462 3637 517; x_wconf 85' lang='lat' dir='ltr'><strong>Patres</strong></span> 
     </span>
    </p>
   </div>
   <div class='ocr_carea' id='block_1_49' title="bbox 2076 550 3629 622">
    <p class='ocr_par' dir='ltr' id='par_1_49' title="bbox 2076 550 3629 622">
     <span class='ocr_line' id='line_1_49' title="bbox 2076 550 3629 622; baseline -0.001 -20"><span class='ocrx_word' id='word_1_322' title='bbox 2076 562 2251 604; x_wconf 86' lang='lat' dir='ltr'><strong>autem</strong></span> <span class='ocrx_word' id='word_1_323' title='bbox 2277 566 2443 605; x_wconf 70' lang='lat' dir='ltr'><strong>sexta:</strong></span> <span class='ocrx_word' id='word_1_324' title='bbox 2478 552 2700 620; x_wconf 76' lang='lat' dir='ltr'><strong>hujusce</strong></span> <span class='ocrx_word' id='word_1_325' title='bbox 2729 550 2939 622; x_wconf 83' lang='lat' dir='ltr'><strong>synodi,</strong></span> <span class='ocrx_word' id='word_1_326' title='bbox 2985 566 3050 604; x_wconf 88' lang='lat' dir='ltr'><strong>ne</strong></span> <span class='ocrx_word' id='word_1_327' title='bbox 3074 551 3198 619; x_wconf 86' lang='lat' dir='ltr'><strong>quid</strong></span> <span class='ocrx_word' id='word_1_328' title='bbox 3224 550 3397 604; x_wconf 81' lang='lat' dir='ltr'><strong>simile</strong></span> <span class='ocrx_word' id='word_1_329' title='bbox 3452 552 3515 603; x_wconf 86' lang='lat' dir='ltr'><strong>in</strong></span> <span class='ocrx_word' id='word_1_330' title='bbox 3534 565 3629 616; x_wconf 88' lang='lat' dir='ltr'><strong>po-</strong></span> 
     </span>
    </p>
   </div>
   <div class='ocr_carea' id='block_1_50' title="bbox 2073 641 3638 712">
    <p class='ocr_par' dir='ltr' id='par_1_50' title="bbox 2073 641 3638 712">
     <span class='ocr_line' id='line_1_50' title="bbox 2073 641 3638 712; baseline -0.001 -17"><span class='ocrx_word' id='word_1_331' title='bbox 2073 654 2276 695; x_wconf 83' lang='lat' dir='ltr'><strong>sterum</strong></span> <span class='ocrx_word' id='word_1_332' title='bbox 2300 644 2494 711; x_wconf 77' lang='lat' dir='ltr'><strong>aliquis</strong></span> <span class='ocrx_word' id='word_1_333' title='bbox 2524 646 2739 705; x_wconf 87' lang='lat' dir='ltr'><strong>audeat,</strong></span> <span class='ocrx_word' id='word_1_334' title='bbox 2767 643 2968 712; x_wconf 76' lang='lat' dir='ltr'><strong>quique</strong></span> <span class='ocrx_word' id='word_1_335' title='bbox 3006 656 3169 695; x_wconf 76' lang='lat' dir='ltr'><strong>ausus</strong></span> <span class='ocrx_word' id='word_1_336' title='bbox 3216 641 3408 703; x_wconf 75' lang='lat' dir='ltr'><strong>fuerit,</strong></span> <span class='ocrx_word' id='word_1_337' title='bbox 3462 655 3638 708; x_wconf 77' lang='lat' dir='ltr'><strong>neque</strong></span> 
     </span>
    </p>
   </div>
   <div class='ocr_carea' id='block_1_51' title="bbox 2074 731 3639 806">
    <p class='ocr_par' dir='ltr' id='par_1_51' title="bbox 2074 731 3639 806">
     <span class='ocr_line' id='line_1_51' title="bbox 2074 731 3639 806; baseline -0.003 -16"><span class='ocrx_word' id='word_1_338' title='bbox 2074 751 2131 786; x_wconf 68' lang='lat' dir='ltr'><strong>se</strong></span> <span class='ocrx_word' id='word_1_339' title='bbox 2162 736 2229 789; x_wconf 83' lang='lat' dir='ltr'><strong>ab</strong></span> <span class='ocrx_word' id='word_1_340' title='bbox 2259 736 2523 806; x_wconf 76' lang='lat' dir='ltr'><strong>ejusmodi</strong></span> <span class='ocrx_word' id='word_1_341' title='bbox 2556 735 2902 789; x_wconf 72' lang='lat' dir='ltr'><strong>deformitate</strong></span> <span class='ocrx_word' id='word_1_342' title='bbox 2932 733 3241 796; x_wconf 76' lang='lat' dir='ltr'><strong>reutoverit,</strong></span> <span class='ocrx_word' id='word_1_343' title='bbox 3272 731 3431 789; x_wconf 80' lang='lat' dir='ltr'><strong>etiam</strong></span> <span class='ocrx_word' id='word_1_344' title='bbox 3477 731 3639 799; x_wconf 82' lang='lat' dir='ltr'><strong>depo-</strong></span> 
     </span>
    </p>
   </div>
   <div class='ocr_carea' id='block_1_52' title="bbox 2075 826 2752 895">
    <p class='ocr_par' dir='ltr' id='par_1_52' title="bbox 2075 826 2752 895">
     <span class='ocr_line' id='line_1_52' title="bbox 2075 826 2752 895; baseline 0.001 -15"><span class='ocrx_word' id='word_1_345' title='bbox 2075 826 2270 881; x_wconf 82' lang='lat' dir='ltr'><strong>sitione</strong></span> <span class='ocrx_word' id='word_1_346' title='bbox 2303 827 2513 880; x_wconf 84' lang='lat' dir='ltr'><strong>multari</strong></span> <span class='ocrx_word' id='word_1_347' title='bbox 2542 826 2752 895; x_wconf 72' lang='lat' dir='ltr'><strong>iubent.</strong></span> 
     </span>
    </p>
   </div>
   <div class='ocr_carea' id='block_1_53' title="bbox 2148 916 3639 985">
    <p class='ocr_par' dir='ltr' id='par_1_53' title="bbox 2148 916 3639 985">
     <span class='ocr_line' id='line_1_53' title="bbox 2148 916 3639 985; baseline -0.004 -12"><span class='ocrx_word' id='word_1_348' title='bbox 2148 918 2375 973; x_wconf 71' lang='lat' dir='ltr'><strong>AltlS&#39;l‘.</strong></span> <span class='ocrx_word' id='word_1_349' title='bbox 2409 939 2427 971; x_wconf 82' lang='grc' dir='ltr'><strong>ι</strong></span> <span class='ocrx_word' id='word_1_350' title='bbox 2463 920 2705 973; x_wconf 87' lang='lat' dir='ltr'><strong>Clericus</strong></span> <span class='ocrx_word' id='word_1_351' title='bbox 2734 918 2813 972; x_wconf 75' lang='lat' dir='ltr'><strong>vel</strong></span> <span class='ocrx_word' id='word_1_352' title='bbox 2855 920 3167 978; x_wconf 81' lang='lat' dir='ltr'><strong>monachus.</strong></span> <span class='ocrx_word' id='word_1_353' title='bbox 3204 917 3291 985; x_wconf 90' lang='lat' dir='ltr'><strong>qui</strong></span> <span class='ocrx_word' id='word_1_354' title='bbox 3349 916 3415 970; x_wconf 84' lang='lat' dir='ltr'><strong>ad</strong></span> <span class='ocrx_word' id='word_1_355' title='bbox 3469 929 3639 982; x_wconf 86' lang='lat' dir='ltr'><strong>equo-</strong></span> 
     </span>
    </p>
   </div>
   <div class='ocr_carea' id='block_1_54' title="bbox 2080 1007 3638 1077">
    <p class='ocr_par' dir='ltr' id='par_1_54' title="bbox 2080 1007 3638 1077">
     <span class='ocr_line' id='line_1_54' title="bbox 2080 1007 3638 1077; baseline -0.005 -14"><span class='ocrx_word' id='word_1_356' title='bbox 2080 1029 2099 1063; x_wconf 77' lang='grc' dir='ltr'><strong>ι</strong></span> <span class='ocrx_word' id='word_1_357' title='bbox 2139 1026 2258 1065; x_wconf 91' lang='lat' dir='ltr'><strong>rum</strong></span> <span class='ocrx_word' id='word_1_358' title='bbox 2310 1027 2497 1065; x_wconf 80' lang='lat' dir='ltr'><strong>cursus</strong></span> <span class='ocrx_word' id='word_1_359' title='bbox 2550 1026 2607 1064; x_wconf 90' lang='lat' dir='ltr'><strong>se</strong></span> <span class='ocrx_word' id='word_1_360' title='bbox 2652 1009 2881 1071; x_wconf 83' lang='lat' dir='ltr'><strong>confert.</strong></span> <span class='ocrx_word' id='word_1_361' title='bbox 2913 1010 2995 1063; x_wconf 87' lang='lat' dir='ltr'><strong>vel</strong></span> <span class='ocrx_word' id='word_1_362' title='bbox 3036 1011 3085 1062; x_wconf 92' lang='lat' dir='ltr'><strong>in</strong></span> <span class='ocrx_word' id='word_1_363' title='bbox 3141 1009 3339 1077; x_wconf 88' lang='lat' dir='ltr'><strong>nuptiis</strong></span> <span class='ocrx_word' id='word_1_364' title='bbox 3364 1022 3521 1071; x_wconf 79' lang='lat' dir='ltr'><strong>,cum</strong></span> <span class='ocrx_word' id='word_1_365' title='bbox 3558 1007 3638 1059; x_wconf 90' lang='lat' dir='ltr'><strong>in-</strong></span> 
     </span>
    </p>
   </div>
   <div class='ocr_carea' id='block_1_55' title="bbox 2079 1098 3640 1171">
    <p class='ocr_par' dir='ltr' id='par_1_55' title="bbox 2079 1098 3640 1171">
     <span class='ocr_line' id='line_1_55' title="bbox 2079 1098 3640 1171; baseline -0.003 -18"><span class='ocrx_word' id='word_1_366' title='bbox 2079 1120 2099 1153; x_wconf 81' lang='grc' dir='ltr'><strong>ι</strong></span> <span class='ocrx_word' id='word_1_367' title='bbox 2145 1100 2383 1171; x_wconf 85' lang='lat' dir='ltr'><strong>gressuri</strong></span> <span class='ocrx_word' id='word_1_368' title='bbox 2416 1110 2540 1154; x_wconf 85' lang='lat' dir='ltr'><strong>sunt</strong></span> <span class='ocrx_word' id='word_1_369' title='bbox 2566 1101 2857 1155; x_wconf 71' lang='lat' dir='ltr'><strong>histriones</strong></span> <span class='ocrx_word' id='word_1_370' title='bbox 2886 1141 2901 1163; x_wconf 85' lang='lat'><strong>,</strong></span> <span class='ocrx_word' id='word_1_371' title='bbox 2929 1116 3035 1155; x_wconf 90' lang='lat' dir='ltr'><strong>non</strong></span> <span class='ocrx_word' id='word_1_372' title='bbox 3080 1100 3226 1169; x_wconf 86' lang='lat' dir='ltr'><strong>prius</strong></span> <span class='ocrx_word' id='word_1_373' title='bbox 3271 1099 3380 1153; x_wconf 77' lang='lat' dir='ltr'><strong>exit</strong></span> <span class='ocrx_word' id='word_1_374' title='bbox 3407 1136 3421 1161; x_wconf 87' lang='lat'><strong>,</strong></span> <span class='ocrx_word' id='word_1_375' title='bbox 3474 1098 3640 1166; x_wconf 81' lang='lat' dir='ltr'><strong>depo-</strong></span> 
     </span>
    </p>
   </div>
   <div class='ocr_carea' id='block_1_56' title="bbox 2079 1203 2371 1247">
    <p class='ocr_par' dir='ltr' id='par_1_56' title="bbox 2079 1203 2371 1247">
     <span class='ocr_line' id='line_1_56' title="bbox 2079 1203 2371 1247; baseline -0.003 -3"><span class='ocrx_word' id='word_1_376' title='bbox 2079 1212 2098 1244; x_wconf 80' lang='grc' dir='ltr'><strong>ι</strong></span> <span class='ocrx_word' id='word_1_377' title='bbox 2140 1203 2316 1247; x_wconf 85' lang='lat' dir='ltr'><strong>ttalut‘.</strong></span> <span class='ocrx_word' id='word_1_378' title='bbox 2353 1211 2371 1243; x_wconf 76' lang='grc' dir='ltr'><strong>ι</strong></span> 
     </span>
    </p>
   </div>
   <div class='ocr_carea' id='block_1_57' title="bbox 2146 1283 3635 1354">
    <p class='ocr_par' dir='ltr' id='par_1_57' title="bbox 2146 1283 3635 1354">
     <span class='ocr_line' id='line_1_57' title="bbox 2146 1283 3635 1354; baseline -0.001 -16"><span class='ocrx_word' id='word_1_379' title='bbox 2146 1284 2259 1338; x_wconf 88' lang='lat' dir='ltr'><strong>Non</strong></span> <span class='ocrx_word' id='word_1_380' title='bbox 2296 1286 2479 1339; x_wconf 87' lang='lat' dir='ltr'><strong>statim</strong></span> <span class='ocrx_word' id='word_1_381' title='bbox 2519 1285 2803 1354; x_wconf 84' lang='lat' dir='ltr'><strong>deponitur</strong></span> <span class='ocrx_word' id='word_1_382' title='bbox 2827 1285 3051 1338; x_wconf 80' lang='lat' dir='ltr'><strong>clericus</strong></span> <span class='ocrx_word' id='word_1_383' title='bbox 3078 1283 3291 1352; x_wconf 82' lang='lat' dir='ltr'><strong>quando</strong></span> <span class='ocrx_word' id='word_1_384' title='bbox 3322 1285 3386 1336; x_wconf 88' lang='lat' dir='ltr'><strong>ad</strong></span> <span class='ocrx_word' id='word_1_385' title='bbox 3421 1284 3635 1350; x_wconf 78' lang='lat' dir='ltr'><strong>nuptias</strong></span> 
     </span>
    </p>
   </div>
   <div class='ocr_carea' id='block_1_58' title="bbox 2075 1375 3637 1445">
    <p class='ocr_par' dir='ltr' id='par_1_58' title="bbox 2075 1375 3637 1445">
     <span class='ocr_line' id='line_1_58' title="bbox 2075 1375 3637 1445; baseline 0.001 -18"><span class='ocrx_word' id='word_1_386' title='bbox 2075 1388 2297 1432; x_wconf 76' lang='lat' dir='ltr'><strong>vocatus</strong></span> <span class='ocrx_word' id='word_1_387' title='bbox 2328 1393 2432 1431; x_wconf 87' lang='lat' dir='ltr'><strong>non</strong></span> <span class='ocrx_word' id='word_1_388' title='bbox 2466 1380 2637 1445; x_wconf 83' lang='lat' dir='ltr'><strong>surgit</strong></span> <span class='ocrx_word' id='word_1_389' title='bbox 2665 1386 2719 1431; x_wconf 86' lang='lat' dir='ltr'><strong>et</strong></span> <span class='ocrx_word' id='word_1_390' title='bbox 2752 1377 2998 1435; x_wconf 80' lang='lat' dir='ltr'><strong>discedit,</strong></span> <span class='ocrx_word' id='word_1_391' title='bbox 3018 1390 3136 1428; x_wconf 89' lang='lat' dir='ltr'><strong>cum</strong></span> <span class='ocrx_word' id='word_1_392' title='bbox 3170 1375 3233 1428; x_wconf 85' lang='lat' dir='ltr'><strong>ad</strong></span> <span class='ocrx_word' id='word_1_393' title='bbox 3266 1375 3637 1442; x_wconf 84' lang='lat' dir='ltr'><strong>deceptionem</strong></span> 
     </span>
    </p>
   </div>
   <div class='ocr_carea' id='block_1_59' title="bbox 2074 1468 3642 1538">
    <p class='ocr_par' dir='ltr' id='par_1_59' title="bbox 2074 1468 3642 1538">
     <span class='ocr_line' id='line_1_59' title="bbox 2074 1468 3642 1538; baseline -0.001 -14"><span class='ocrx_word' id='word_1_394' title='bbox 2074 1471 2198 1525; x_wconf 81' lang='lat' dir='ltr'><strong>facti</strong></span> <span class='ocrx_word' id='word_1_395' title='bbox 2235 1471 2499 1538; x_wconf 88' lang='lat' dir='ltr'><strong>incipiunt</strong></span> <span class='ocrx_word' id='word_1_396' title='bbox 2533 1470 2676 1535; x_wconf 91' lang='lat' dir='ltr'><strong>ludi;</strong></span> <span class='ocrx_word' id='word_1_397' title='bbox 2711 1470 2805 1522; x_wconf 86' lang='lat' dir='ltr'><strong>sed</strong></span> <span class='ocrx_word' id='word_1_398' title='bbox 2827 1470 3040 1537; x_wconf 84' lang='lat' dir='ltr'><strong>quando</strong></span> <span class='ocrx_word' id='word_1_399' title='bbox 3070 1468 3171 1522; x_wconf 85' lang='lat' dir='ltr'><strong>hoc</strong></span> <span class='ocrx_word' id='word_1_400' title='bbox 3204 1468 3402 1522; x_wconf 79' lang='lat' dir='ltr'><strong>faciens</strong></span> <span class='ocrx_word' id='word_1_401' title='bbox 3426 1483 3642 1523; x_wconf 82' lang='lat' dir='ltr'><strong>cessare</strong></span> 
     </span>
    </p>
   </div>
   <div class='ocr_carea' id='block_1_60' title="bbox 2074 1558 3637 1629">
    <p class='ocr_par' dir='ltr' id='par_1_60' title="bbox 2074 1558 3637 1629">
     <span class='ocr_line' id='line_1_60' title="bbox 2074 1558 3637 1629; baseline -0.003 -12"><span class='ocrx_word' id='word_1_402' title='bbox 2074 1577 2179 1617; x_wconf 84' lang='lat' dir='ltr'><strong>non</strong></span> <span class='ocrx_word' id='word_1_403' title='bbox 2209 1563 2611 1628; x_wconf 78' lang='lat' dir='ltr'><strong>persuadeatur.</strong></span> <span class='ocrx_word' id='word_1_404' title='bbox 2642 1562 2754 1615; x_wconf 84' lang='lat' dir='ltr'><strong>Non</strong></span> <span class='ocrx_word' id='word_1_405' title='bbox 2811 1574 3031 1615; x_wconf 84' lang='lat' dir='ltr'><strong>cessans</strong></span> <span class='ocrx_word' id='word_1_406' title='bbox 3074 1568 3252 1614; x_wconf 84' lang='lat' dir='ltr'><strong>autem</strong></span> <span class='ocrx_word' id='word_1_407' title='bbox 3307 1558 3595 1629; x_wconf 80' lang='lat' dir='ltr'><strong>deponitur</strong></span> <span class='ocrx_word' id='word_1_408' title='bbox 3619 1597 3637 1622; x_wconf 87' lang='lat'><strong>,</strong></span> 
     </span>
    </p>
   </div>
   <div class='ocr_carea' id='block_1_61' title="bbox 2074 1654 2929 1722">
    <p class='ocr_par' dir='ltr' id='par_1_61' title="bbox 2074 1654 2929 1722">
     <span class='ocr_line' id='line_1_61' title="bbox 2074 1654 2929 1722; baseline -0.002 -15"><span class='ocrx_word' id='word_1_409' title='bbox 2074 1666 2130 1707; x_wconf 90' lang='lat' dir='ltr'><strong>ut</strong></span> <span class='ocrx_word' id='word_1_410' title='bbox 2167 1654 2257 1722; x_wconf 86' lang='lat' dir='ltr'><strong>qui</strong></span> <span class='ocrx_word' id='word_1_411' title='bbox 2285 1670 2545 1722; x_wconf 87' lang='lat' dir='ltr'><strong>equorum</strong></span> <span class='ocrx_word' id='word_1_412' title='bbox 2573 1669 2765 1710; x_wconf 90' lang='lat' dir='ltr'><strong>cursus</strong></span> <span class='ocrx_word' id='word_1_413' title='bbox 2799 1654 2929 1707; x_wconf 88' lang='lat' dir='ltr'><strong>adit.</strong></span> 
     </span>
    </p>
   </div>
   <div class='ocr_carea' id='block_1_62' title="bbox 2639 1832 3065 1890">
    <p class='ocr_par' dir='ltr' id='par_1_62' title="bbox 2639 1832 3065 1890">
     <span class='ocr_line' id='line_1_62' title="bbox 2639 1832 3065 1890; baseline 0.007 -4"><span class='ocrx_word' id='word_1_414' title='bbox 2639 1834 2867 1890; x_wconf 79' lang='lat' dir='ltr'><strong>CANON</strong></span> <span class='ocrx_word' id='word_1_415' title='bbox 2898 1832 3065 1889; x_wconf 73' lang='lat' dir='ltr'><strong>XXV.</strong></span> 
     </span>
    </p>
   </div>
   <div class='ocr_carea' id='block_1_63' title="bbox 2079 1924 3643 1994">
    <p class='ocr_par' dir='ltr' id='par_1_63' title="bbox 2079 1924 3643 1994">
     <span class='ocr_line' id='line_1_63' title="bbox 2079 1924 3643 1994; baseline -0.003 -12"><span class='ocrx_word' id='word_1_416' title='bbox 2079 1949 2098 1982; x_wconf 80' lang='grc' dir='ltr'><strong>ι</strong></span> <span class='ocrx_word' id='word_1_417' title='bbox 2137 1929 2400 1985; x_wconf 63' lang='lat' dir='ltr'><strong>Praeterea</strong></span> <span class='ocrx_word' id='word_1_418' title='bbox 2451 1944 2774 1984; x_wconf 84' lang='lat' dir='ltr'><strong>renovamus</strong></span> <span class='ocrx_word' id='word_1_419' title='bbox 2821 1930 2985 1983; x_wconf 86' lang='lat' dir='ltr'><strong>etiam</strong></span> <span class='ocrx_word' id='word_1_420' title='bbox 3033 1942 3296 1983; x_wconf 85' lang='lat' dir='ltr'><strong>canouem</strong></span> <span class='ocrx_word' id='word_1_421' title='bbox 3324 1967 3339 1991; x_wconf 92' lang='lat'><strong>,</strong></span> <span class='ocrx_word' id='word_1_422' title='bbox 3378 1925 3471 1994; x_wconf 89' lang='lat' dir='ltr'><strong>qui</strong></span> <span class='ocrx_word' id='word_1_423' title='bbox 3514 1924 3643 1979; x_wconf 86' lang='lat' dir='ltr'><strong>dicit</strong></span> 
     </span>
    </p>
   </div>
   <div class='ocr_carea' id='block_1_64' title="bbox 2148 2020 3642 2090">
    <p class='ocr_par' dir='ltr' id='par_1_64' title="bbox 2148 2020 3642 2090">
     <span class='ocr_line' id='line_1_64' title="bbox 2148 2020 3642 2090; baseline -0.001 -17"><span class='ocrx_word' id='word_1_424' title='bbox 2148 2043 2166 2073; x_wconf 78' lang='grc' dir='ltr'><strong>ι</strong></span> <span class='ocrx_word' id='word_1_425' title='bbox 2204 2022 2623 2090; x_wconf 82' lang='lat' dir='ltr'><strong>uniuscujusque</strong></span> <span class='ocrx_word' id='word_1_426' title='bbox 2664 2020 2916 2076; x_wconf 72' lang='lat' dir='ltr'><strong>Ecclesia:</strong></span> <span class='ocrx_word' id='word_1_427' title='bbox 2942 2031 3182 2089; x_wconf 79' lang='lat' dir='ltr'><strong>agrestes</strong></span> <span class='ocrx_word' id='word_1_428' title='bbox 3207 2058 3223 2082; x_wconf 90' lang='lat'><strong>.</strong></span> <span class='ocrx_word' id='word_1_429' title='bbox 3259 2030 3312 2074; x_wconf 90' lang='lat' dir='ltr'><strong>et</strong></span> <span class='ocrx_word' id='word_1_430' title='bbox 3340 2034 3459 2086; x_wconf 65' lang='lat' dir='ltr'><strong>qua:</strong></span> <span class='ocrx_word' id='word_1_431' title='bbox 3511 2025 3642 2072; x_wconf 84' lang='lat' dir='ltr'><strong>sunt</strong></span> 
     </span>
    </p>
   </div>
   <div class='ocr_carea' id='block_1_65' title="bbox 2145 2111 3639 2184">
    <p class='ocr_par' dir='ltr' id='par_1_65' title="bbox 2145 2111 3639 2184">
     <span class='ocr_line' id='line_1_65' title="bbox 2145 2111 3639 2184; baseline -0.002 -18"><span class='ocrx_word' id='word_1_432' title='bbox 2145 2135 2164 2166; x_wconf 75' lang='grc' dir='ltr'><strong>ι</strong></span> <span class='ocrx_word' id='word_1_433' title='bbox 2201 2117 2251 2168; x_wconf 89' lang='lat' dir='ltr'><strong>in</strong></span> <span class='ocrx_word' id='word_1_434' title='bbox 2285 2117 2523 2184; x_wconf 82' lang='lat' dir='ltr'><strong>regione,</strong></span> <span class='ocrx_word' id='word_1_435' title='bbox 2552 2114 2838 2183; x_wconf 80' lang='lat' dir='ltr'><strong>parm-hius</strong></span> <span class='ocrx_word' id='word_1_436' title='bbox 2863 2115 3046 2168; x_wconf 78' lang='lat' dir='ltr'><strong>iirmas</strong></span> <span class='ocrx_word' id='word_1_437' title='bbox 3095 2128 3309 2167; x_wconf 87' lang='lat' dir='ltr'><strong>manere</strong></span> <span class='ocrx_word' id='word_1_438' title='bbox 3337 2111 3476 2179; x_wconf 88' lang='lat' dir='ltr'><strong>apud</strong></span> <span class='ocrx_word' id='word_1_439' title='bbox 3522 2111 3639 2179; x_wconf 82' lang='lat' dir='ltr'><strong>epi-</strong></span> 
     </span>
    </p>
   </div>
   <div class='ocr_carea' id='block_1_66' title="bbox 2152 2202 3636 2275">
    <p class='ocr_par' dir='ltr' id='par_1_66' title="bbox 2152 2202 3636 2275">
     <span class='ocr_line' id='line_1_66' title="bbox 2152 2202 3636 2275; baseline -0.002 -19"><span class='ocrx_word' id='word_1_440' title='bbox 2152 2227 2170 2256; x_wconf 83' lang='grc'><strong><em>‹</em></strong></span> <span class='ocrx_word' id='word_1_441' title='bbox 2209 2222 2402 2274; x_wconf 79' lang='lat' dir='ltr'><strong>scapos</strong></span> <span class='ocrx_word' id='word_1_442' title='bbox 2433 2207 2524 2275; x_wconf 91' lang='lat' dir='ltr'><strong>qui</strong></span> <span class='ocrx_word' id='word_1_443' title='bbox 2561 2221 2653 2258; x_wconf 90' lang='lat' dir='ltr'><strong>eas</strong></span> <span class='ocrx_word' id='word_1_444' title='bbox 2684 2205 2980 2272; x_wconf 85' lang='lat' dir='ltr'><strong>possident,</strong></span> <span class='ocrx_word' id='word_1_445' title='bbox 3014 2214 3072 2258; x_wconf 83' lang='lat' dir='ltr'><strong>et</strong></span> <span class='ocrx_word' id='word_1_446' title='bbox 3100 2204 3333 2256; x_wconf 81' lang='lat' dir='ltr'><strong>maxime</strong></span> <span class='ocrx_word' id='word_1_447' title='bbox 3370 2203 3414 2256; x_wconf 92' lang='lat' dir='ltr'><strong>si</strong></span> <span class='ocrx_word' id='word_1_448' title='bbox 3445 2202 3515 2256; x_wconf 79' lang='lat'><strong>30</strong></span> <span class='ocrx_word' id='word_1_449' title='bbox 3537 2216 3636 2254; x_wconf 88' lang='lat' dir='ltr'><strong>an-</strong></span> 
     </span>
    </p>
   </div>
   <div class='ocr_carea' id='block_1_67' title="bbox 2042 2290 3634 2364">
    <p class='ocr_par' dir='ltr' id='par_1_67' title="bbox 2042 2290 3634 2364">
     <span class='ocr_line' id='line_1_67' title="bbox 2042 2290 3634 2364; baseline -0.001 -17"><span class='ocrx_word' id='word_1_450' title='bbox 2042 2350 2053 2363; x_wconf 66' lang='grc'><strong>,</strong></span> <span class='ocrx_word' id='word_1_451' title='bbox 2144 2316 2161 2347; x_wconf 77' lang='grc' dir='ltr'><strong>ι</strong></span> <span class='ocrx_word' id='word_1_452' title='bbox 2205 2311 2393 2349; x_wconf 88' lang='lat' dir='ltr'><strong>norum</strong></span> <span class='ocrx_word' id='word_1_453' title='bbox 2426 2296 2598 2364; x_wconf 80' lang='lat' dir='ltr'><strong>Spatio</strong></span> <span class='ocrx_word' id='word_1_454' title='bbox 2621 2310 2716 2350; x_wconf 81' lang='lat' dir='ltr'><strong>eas</strong></span> <span class='ocrx_word' id='word_1_455' title='bbox 2750 2294 2868 2347; x_wconf 84' lang='lat' dir='ltr'><strong>sine</strong></span> <span class='ocrx_word' id='word_1_456' title='bbox 2910 2294 2957 2345; x_wconf 88' lang='lat' dir='ltr'><strong>vi</strong></span> <span class='ocrx_word' id='word_1_457' title='bbox 3010 2293 3345 2360; x_wconf 76' lang='lat' dir='ltr'><strong>possidentes</strong></span> <span class='ocrx_word' id='word_1_458' title='bbox 3400 2290 3634 2345; x_wconf 82' lang='lat' dir='ltr'><strong>admini-</strong></span> 
     </span>
    </p>
   </div>
   <div class='ocr_carea' id='block_1_68' title="bbox 2113 2381 3635 2442">
    <p class='ocr_par' dir='ltr' id='par_1_68' title="bbox 2113 2381 3635 2442">
     <span class='ocr_line' id='line_1_68' title="bbox 2113 2381 3635 2442; baseline -0.002 -3"><span class='ocrx_word' id='word_1_459' title='bbox 2113 2431 2116 2434; x_wconf 93' lang='lat'><strong>.</strong></span> <span class='ocrx_word' id='word_1_460' title='bbox 2149 2408 2165 2439; x_wconf 90' lang='grc' dir='ltr'><strong>ι</strong></span> <span class='ocrx_word' id='word_1_461' title='bbox 2203 2389 2510 2442; x_wconf 82' lang='lat' dir='ltr'><strong>straverint.</strong></span> <span class='ocrx_word' id='word_1_462' title='bbox 2542 2387 2597 2440; x_wconf 89' lang='lat' dir='ltr'><strong>Si</strong></span> <span class='ocrx_word' id='word_1_463' title='bbox 2638 2396 2819 2439; x_wconf 86' lang='lat' dir='ltr'><strong>autem</strong></span> <span class='ocrx_word' id='word_1_464' title='bbox 2872 2385 3011 2439; x_wconf 84' lang='lat' dir='ltr'><strong>intra</strong></span> <span class='ocrx_word' id='word_1_465' title='bbox 3076 2385 3145 2439; x_wconf 79' lang='lat'><strong>50</strong></span> <span class='ocrx_word' id='word_1_466' title='bbox 3201 2398 3372 2437; x_wconf 84' lang='lat' dir='ltr'><strong>annos</strong></span> <span class='ocrx_word' id='word_1_467' title='bbox 3406 2383 3507 2437; x_wconf 79' lang='lat' dir='ltr'><strong>fuit</strong></span> <span class='ocrx_word' id='word_1_468' title='bbox 3552 2381 3635 2436; x_wconf 88' lang='lat' dir='ltr'><strong>vel</strong></span> 
     </span>
    </p>
   </div>
   <div class='ocr_carea' id='block_1_69' title="bbox 2147 2475 3632 2548">
    <p class='ocr_par' dir='ltr' id='par_1_69' title="bbox 2147 2475 3632 2548">
     <span class='ocr_line' id='line_1_69' title="bbox 2147 2475 3632 2548; baseline 0 -19"><span class='ocrx_word' id='word_1_469' title='bbox 2147 2499 2164 2529; x_wconf 83' lang='grc' dir='ltr'><strong>ι</strong></span> <span class='ocrx_word' id='word_1_470' title='bbox 2205 2480 2365 2533; x_wconf 78' lang='lat' dir='ltr'><strong>fuerit</strong></span> <span class='ocrx_word' id='word_1_471' title='bbox 2393 2477 2571 2548; x_wconf 85' lang='lat' dir='ltr'><strong>aliqua</strong></span> <span class='ocrx_word' id='word_1_472' title='bbox 2607 2478 2673 2531; x_wconf 90' lang='lat' dir='ltr'><strong>de</strong></span> <span class='ocrx_word' id='word_1_473' title='bbox 2707 2478 2773 2531; x_wconf 79' lang='lat' dir='ltr'><strong>iis</strong></span> <span class='ocrx_word' id='word_1_474' title='bbox 2800 2475 3186 2539; x_wconf 75' lang='lat' dir='ltr'><strong>controversia,</strong></span> <span class='ocrx_word' id='word_1_475' title='bbox 3216 2476 3375 2529; x_wconf 80' lang='lat' dir='ltr'><strong>licere</strong></span> <span class='ocrx_word' id='word_1_476' title='bbox 3424 2476 3513 2539; x_wconf 86' lang='lat' dir='ltr'><strong>iis,</strong></span> <span class='ocrx_word' id='word_1_477' title='bbox 3541 2476 3632 2544; x_wconf 85' lang='lat' dir='ltr'><strong>qui</strong></span> 
     </span>
    </p>
   </div>
   <div class='ocr_carea' id='block_1_70' title="bbox 2147 2568 3640 2638">
    <p class='ocr_par' dir='ltr' id='par_1_70' title="bbox 2147 2568 3640 2638">
     <span class='ocr_line' id='line_1_70' title="bbox 2147 2568 3640 2638; baseline 0.001 -18"><span class='ocrx_word' id='word_1_478' title='bbox 2147 2588 2163 2620; x_wconf 82' lang='grc' dir='ltr'><strong>ι</strong></span> <span class='ocrx_word' id='word_1_479' title='bbox 2203 2584 2263 2623; x_wconf 88' lang='lat' dir='ltr'><strong>se</strong></span> <span class='ocrx_word' id='word_1_480' title='bbox 2290 2570 2485 2638; x_wconf 77' lang='lat' dir='ltr'><strong>injuria</strong></span> <span class='ocrx_word' id='word_1_481' title='bbox 2509 2568 2729 2623; x_wconf 72' lang='lat' dir='ltr'><strong>alfectos</strong></span> <span class='ocrx_word' id='word_1_482' title='bbox 2761 2568 2963 2630; x_wconf 88' lang='lat' dir='ltr'><strong>dicunt,</strong></span> <span class='ocrx_word' id='word_1_483' title='bbox 2994 2568 3060 2621; x_wconf 86' lang='lat' dir='ltr'><strong>de</strong></span> <span class='ocrx_word' id='word_1_484' title='bbox 3106 2582 3172 2621; x_wconf 89' lang='lat' dir='ltr'><strong>eo</strong></span> <span class='ocrx_word' id='word_1_485' title='bbox 3224 2568 3485 2621; x_wconf 80' lang='lat' dir='ltr'><strong>actionem</strong></span> <span class='ocrx_word' id='word_1_486' title='bbox 3524 2581 3640 2621; x_wconf 88' lang='lat' dir='ltr'><strong>mo-</strong></span> 
     </span>
    </p>
   </div>
   <div class='ocr_carea' id='block_1_71' title="bbox 2145 2660 3137 2729">
    <p class='ocr_par' dir='ltr' id='par_1_71' title="bbox 2145 2660 3137 2729">
     <span class='ocr_line' id='line_1_71' title="bbox 2145 2660 3137 2729; baseline 0.001 -18"><span class='ocrx_word' id='word_1_487' title='bbox 2145 2681 2164 2711; x_wconf 75' lang='grc' dir='ltr'><strong>ι</strong></span> <span class='ocrx_word' id='word_1_488' title='bbox 2202 2675 2326 2716; x_wconf 86' lang='lat' dir='ltr'><strong>vere</strong></span> <span class='ocrx_word' id='word_1_489' title='bbox 2362 2660 2501 2729; x_wconf 83' lang='lat' dir='ltr'><strong>apud</strong></span> <span class='ocrx_word' id='word_1_490' title='bbox 2530 2663 2806 2729; x_wconf 78' lang='lat' dir='ltr'><strong>synodum</strong></span> <span class='ocrx_word' id='word_1_491' title='bbox 2830 2660 3137 2727; x_wconf 73' lang='lat' dir='ltr'><strong>provincize.</strong></span> 
     </span>
    </p>
   </div>
   <div class='ocr_carea' id='block_1_72' title="bbox 2138 2837 3628 2907">
    <p class='ocr_par' dir='ltr' id='par_1_72' title="bbox 2138 2837 3628 2907">
     <span class='ocr_line' id='line_1_72' title="bbox 2138 2837 3628 2907; baseline -0.003 -12"><span class='ocrx_word' id='word_1_492' title='bbox 2138 2841 2331 2896; x_wconf 83' lang='lat' dir='ltr'><strong>BALS.</strong></span> <span class='ocrx_word' id='word_1_493' title='bbox 2373 2840 2470 2894; x_wconf 85' lang='lat' dir='ltr'><strong>llic</strong></span> <span class='ocrx_word' id='word_1_494' title='bbox 2495 2850 2784 2896; x_wconf 82' lang='lat' dir='ltr'><strong>renovatus</strong></span> <span class='ocrx_word' id='word_1_495' title='bbox 2815 2854 2986 2893; x_wconf 82' lang='lat' dir='ltr'><strong>canon</strong></span> <span class='ocrx_word' id='word_1_496' title='bbox 3018 2846 3103 2894; x_wconf 88' lang='lat' dir='ltr'><strong>est</strong></span> <span class='ocrx_word' id='word_1_497' title='bbox 3147 2838 3180 2891; x_wconf 68' lang='grc'><strong><em>4</em></strong></span> <span class='ocrx_word' id='word_1_498' title='bbox 3233 2837 3421 2907; x_wconf 80' lang='lat' dir='ltr'><strong>synodi</strong></span> <span class='ocrx_word' id='word_1_499' title='bbox 3454 2851 3628 2891; x_wconf 71' lang='lat' dir='ltr'><strong>canon</strong></span> 
     </span>
    </p>
   </div>
   <div class='ocr_carea' id='block_1_73' title="bbox 2069 2933 3072 3004">
    <p class='ocr_par' dir='ltr' id='par_1_73' title="bbox 2069 2933 3072 3004">
     <span class='ocr_line' id='line_1_73' title="bbox 2069 2933 3072 3004; baseline -0.002 -17"><span class='ocrx_word' id='word_1_500' title='bbox 2069 2935 2158 2997; x_wconf 85' lang='lat' dir='ltr'><strong>l7,</strong></span> <span class='ocrx_word' id='word_1_501' title='bbox 2183 2941 2237 2987; x_wconf 79' lang='lat' dir='ltr'><strong>et</strong></span> <span class='ocrx_word' id='word_1_502' title='bbox 2266 2934 2380 3004; x_wconf 78' lang='lat' dir='ltr'><strong>lege</strong></span> <span class='ocrx_word' id='word_1_503' title='bbox 2408 2933 2524 3000; x_wconf 84' lang='lat' dir='ltr'><strong>ejus</strong></span> <span class='ocrx_word' id='word_1_504' title='bbox 2552 2933 3072 3001; x_wconf 82' lang='lat' dir='ltr'><strong>interpretationem.</strong></span> 
     </span>
    </p>
   </div>
   <div class='ocr_carea' id='block_1_74' title="bbox 2135 3102 3632 3174">
    <p class='ocr_par' dir='ltr' id='par_1_74' title="bbox 2135 3102 3632 3174">
     <span class='ocr_line' id='line_1_74' title="bbox 2135 3102 3632 3174; baseline -0.002 -16"><span class='ocrx_word' id='word_1_505' title='bbox 2135 3105 2388 3161; x_wconf 83' lang='lat' dir='ltr'><strong>ZONAR.</strong></span> <span class='ocrx_word' id='word_1_506' title='bbox 2430 3105 2523 3160; x_wconf 85' lang='lat' dir='ltr'><strong>Est</strong></span> <span class='ocrx_word' id='word_1_507' title='bbox 2551 3106 2596 3160; x_wconf 90' lang='lat' dir='ltr'><strong>is</strong></span> <span class='ocrx_word' id='word_1_508' title='bbox 2633 3121 2808 3159; x_wconf 82' lang='lat' dir='ltr'><strong>canon</strong></span> <span class='ocrx_word' id='word_1_509' title='bbox 2837 3144 2852 3169; x_wconf 87' lang='lat'><strong>,</strong></span> <span class='ocrx_word' id='word_1_510' title='bbox 2877 3120 3035 3174; x_wconf 83' lang='lat' dir='ltr'><strong>quem</strong></span> <span class='ocrx_word' id='word_1_511' title='bbox 3067 3104 3167 3157; x_wconf 83' lang='lat' dir='ltr'><strong>hoc</strong></span> <span class='ocrx_word' id='word_1_512' title='bbox 3205 3102 3322 3157; x_wconf 79' lang='lat' dir='ltr'><strong>loco</strong></span> <span class='ocrx_word' id='word_1_513' title='bbox 3353 3110 3632 3163; x_wconf 72' lang='lat' dir='ltr'><strong>renovant,</strong></span> 
     </span>
    </p>
   </div>
   <div class='ocr_carea' id='block_1_75' title="bbox 2065 3190 3630 3262">
    <p class='ocr_par' dir='ltr' id='par_1_75' title="bbox 2065 3190 3630 3262">
     <span class='ocr_line' id='line_1_75' title="bbox 2065 3190 3630 3262; baseline -0.001 -17"><span class='ocrx_word' id='word_1_514' title='bbox 2065 3203 2267 3259; x_wconf 69' lang='lat' dir='ltr'><strong>quamn</strong></span> <span class='ocrx_word' id='word_1_515' title='bbox 2300 3192 2487 3262; x_wconf 77' lang='lat' dir='ltr'><strong>synodi</strong></span> <span class='ocrx_word' id='word_1_516' title='bbox 2522 3193 2765 3249; x_wconf 86' lang='lat' dir='ltr'><strong>decimus</strong></span> <span class='ocrx_word' id='word_1_517' title='bbox 2782 3194 3061 3261; x_wconf 83' lang='lat' dir='ltr'><strong>septimus.</strong></span> <span class='ocrx_word' id='word_1_518' title='bbox 3096 3191 3207 3246; x_wconf 89' lang='lat' dir='ltr'><strong>Nos</strong></span> <span class='ocrx_word' id='word_1_519' title='bbox 3236 3208 3357 3245; x_wconf 91' lang='lat' dir='ltr'><strong>eum</strong></span> <span class='ocrx_word' id='word_1_520' title='bbox 3389 3207 3487 3246; x_wconf 87' lang='lat' dir='ltr'><strong>suo</strong></span> <span class='ocrx_word' id='word_1_521' title='bbox 3513 3190 3630 3245; x_wconf 89' lang='lat' dir='ltr'><strong>loco</strong></span> 
     </span>
    </p>
   </div>
   <div class='ocr_carea' id='block_1_76' title="bbox 2063 3282 3393 3352">
    <p class='ocr_par' dir='ltr' id='par_1_76' title="bbox 2063 3282 3393 3352">
     <span class='ocr_line' id='line_1_76' title="bbox 2063 3282 3393 3352; baseline -0.002 -16"><span class='ocrx_word' id='word_1_522' title='bbox 2063 3283 2467 3351; x_wconf 79' lang='lat' dir='ltr'><strong>explicavimus.</strong></span> <span class='ocrx_word' id='word_1_523' title='bbox 2500 3282 2577 3335; x_wconf 92' lang='lat' dir='ltr'><strong>Tu</strong></span> <span class='ocrx_word' id='word_1_524' title='bbox 2611 3298 2730 3352; x_wconf 57' lang='lat' dir='ltr'><strong>quae</strong></span> <span class='ocrx_word' id='word_1_525' title='bbox 2755 3283 2822 3336; x_wconf 89' lang='lat' dir='ltr'><strong>ibi</strong></span> <span class='ocrx_word' id='word_1_526' title='bbox 2851 3284 3049 3351; x_wconf 85' lang='lat' dir='ltr'><strong>scripta</strong></span> <span class='ocrx_word' id='word_1_527' title='bbox 3085 3293 3207 3337; x_wconf 89' lang='lat' dir='ltr'><strong>sunt</strong></span> <span class='ocrx_word' id='word_1_528' title='bbox 3254 3283 3393 3335; x_wconf 83' lang='lat' dir='ltr'><strong>vide.</strong></span> 
     </span>
    </p>
   </div>
   <div class='ocr_carea' id='block_1_77' title="bbox 2132 3372 3629 3446">
    <p class='ocr_par' dir='ltr' id='par_1_77' title="bbox 2132 3372 3629 3446">
     <span class='ocr_line' id='line_1_77' title="bbox 2132 3372 3629 3446; baseline -0.002 -18"><span class='ocrx_word' id='word_1_529' title='bbox 2132 3373 2360 3430; x_wconf 73' lang='lat' dir='ltr'><strong>ARIST.</strong></span> <span class='ocrx_word' id='word_1_530' title='bbox 2399 3394 2418 3427; x_wconf 85' lang='grc' dir='ltr'><strong>ι</strong></span> <span class='ocrx_word' id='word_1_531' title='bbox 2451 3377 2704 3446; x_wconf 84' lang='lat' dir='ltr'><strong>Agrestes</strong></span> <span class='ocrx_word' id='word_1_532' title='bbox 2731 3385 2784 3429; x_wconf 85' lang='lat' dir='ltr'><strong>et</strong></span> <span class='ocrx_word' id='word_1_533' title='bbox 2815 3375 3108 3444; x_wconf 85' lang='lat' dir='ltr'><strong>regionales</strong></span> <span class='ocrx_word' id='word_1_534' title='bbox 3142 3376 3388 3442; x_wconf 67' lang='lat' dir='ltr'><strong>pariet-ia:</strong></span> <span class='ocrx_word' id='word_1_535' title='bbox 3414 3372 3629 3443; x_wconf 77' lang='lat' dir='ltr'><strong>triginta</strong></span> 
     </span>
    </p>
   </div>
   <div class='ocr_carea' id='block_1_78' title="bbox 2068 3466 3631 3536">
    <p class='ocr_par' dir='ltr' id='par_1_78' title="bbox 2068 3466 3631 3536">
     <span class='ocr_line' id='line_1_78' title="bbox 2068 3466 3631 3536; baseline 0.001 -17"><span class='ocrx_word' id='word_1_536' title='bbox 2068 3486 2086 3519; x_wconf 86' lang='grc' dir='ltr'><strong>ι</strong></span> <span class='ocrx_word' id='word_1_537' title='bbox 2123 3482 2292 3521; x_wconf 88' lang='lat' dir='ltr'><strong>annos</strong></span> <span class='ocrx_word' id='word_1_538' title='bbox 2349 3481 2610 3536; x_wconf 64' lang='lat' dir='ltr'><strong>possessa:</strong></span> <span class='ocrx_word' id='word_1_539' title='bbox 2651 3467 3010 3521; x_wconf 85' lang='lat' dir='ltr'><strong>retineantur.</strong></span> <span class='ocrx_word' id='word_1_540' title='bbox 3063 3467 3207 3522; x_wconf 80' lang='lat' dir='ltr'><strong>Intra</strong></span> <span class='ocrx_word' id='word_1_541' title='bbox 3269 3477 3447 3520; x_wconf 88' lang='lat' dir='ltr'><strong>autem</strong></span> <span class='ocrx_word' id='word_1_542' title='bbox 3503 3466 3631 3520; x_wconf 79' lang='lat' dir='ltr'><strong>illud</strong></span> 
     </span>
    </p>
   </div>
   <div class='ocr_carea' id='block_1_79' title="bbox 2068 3559 3242 3628">
    <p class='ocr_par' dir='ltr' id='par_1_79' title="bbox 2068 3559 3242 3628">
     <span class='ocr_line' id='line_1_79' title="bbox 2068 3559 3242 3628; baseline -0.001 -17"><span class='ocrx_word' id='word_1_543' title='bbox 2068 3580 2085 3611; x_wconf 87' lang='grc' dir='ltr'><strong>ι</strong></span> <span class='ocrx_word' id='word_1_544' title='bbox 2127 3570 2337 3628; x_wconf 76' lang='lat' dir='ltr'><strong>tempus</strong></span> <span class='ocrx_word' id='word_1_545' title='bbox 2370 3560 2736 3613; x_wconf 82' lang='lat' dir='ltr'><strong>controversia</strong></span> <span class='ocrx_word' id='word_1_546' title='bbox 2763 3561 2828 3612; x_wconf 89' lang='lat' dir='ltr'><strong>de</strong></span> <span class='ocrx_word' id='word_1_547' title='bbox 2860 3559 2924 3613; x_wconf 89' lang='lat' dir='ltr'><strong>iis</strong></span> <span class='ocrx_word' id='word_1_548' title='bbox 2947 3566 3242 3611; x_wconf 83' lang='lat' dir='ltr'><strong>moveatur.</strong></span> 
     </span>
    </p>
   </div>
   <div class='ocr_carea' id='block_1_80' title="bbox 2129 3648 3629 3720">
    <p class='ocr_par' dir='ltr' id='par_1_80' title="bbox 2129 3648 3629 3720">
     <span class='ocr_line' id='line_1_80' title="bbox 2129 3648 3629 3720; baseline -0.003 -15"><span class='ocrx_word' id='word_1_549' title='bbox 2129 3653 2379 3720; x_wconf 84' lang='lat' dir='ltr'><strong>Agrestes</strong></span> <span class='ocrx_word' id='word_1_550' title='bbox 2408 3652 2676 3720; x_wconf 71' lang='lat' dir='ltr'><strong>partecias</strong></span> <span class='ocrx_word' id='word_1_551' title='bbox 2715 3650 2839 3705; x_wconf 87' lang='lat' dir='ltr'><strong>dicit</strong></span> <span class='ocrx_word' id='word_1_552' title='bbox 2866 3650 3021 3718; x_wconf 89' lang='lat' dir='ltr'><strong>(utet</strong></span> <span class='ocrx_word' id='word_1_553' title='bbox 3064 3650 3118 3702; x_wconf 89' lang='lat' dir='ltr'><strong>in</strong></span> <span class='ocrx_word' id='word_1_554' title='bbox 3149 3648 3360 3702; x_wconf 90' lang='lat' dir='ltr'><strong>decimo</strong></span> <span class='ocrx_word' id='word_1_555' title='bbox 3401 3648 3629 3715; x_wconf 80' lang='lat' dir='ltr'><strong>septimo</strong></span> 
     </span>
    </p>
   </div>
   <div class='ocr_carea' id='block_1_81' title="bbox 2057 3738 3631 3810">
    <p class='ocr_par' dir='ltr' id='par_1_81' title="bbox 2057 3738 3631 3810">
     <span class='ocr_line' id='line_1_81' title="bbox 2057 3738 3631 3810; baseline -0.001 -16"><span class='ocrx_word' id='word_1_556' title='bbox 2057 3744 2245 3810; x_wconf 79' lang='lat' dir='ltr'><strong>synodi</strong></span> <span class='ocrx_word' id='word_1_557' title='bbox 2276 3741 2732 3797; x_wconf 83' lang='lat' dir='ltr'><strong>Chalcedonensis</strong></span> <span class='ocrx_word' id='word_1_558' title='bbox 2753 3756 2959 3795; x_wconf 84' lang='lat' dir='ltr'><strong>canone</strong></span> <span class='ocrx_word' id='word_1_559' title='bbox 3011 3738 3347 3807; x_wconf 85' lang='lat' dir='ltr'><strong>scripsimus)</strong></span> <span class='ocrx_word' id='word_1_560' title='bbox 3399 3739 3631 3793; x_wconf 69' lang='lat' dir='ltr'><strong>maxime</strong></span> 
     </span>
    </p>
   </div>
   <div class='ocr_carea' id='block_1_82' title="bbox 2059 3830 3629 3905">
    <p class='ocr_par' dir='ltr' id='par_1_82' title="bbox 2059 3830 3629 3905">
     <span class='ocr_line' id='line_1_82' title="bbox 2059 3830 3629 3905; baseline -0.003 -19"><span class='ocrx_word' id='word_1_561' title='bbox 2059 3834 2304 3905; x_wconf 85' lang='lat' dir='ltr'><strong>preprios</strong></span> <span class='ocrx_word' id='word_1_562' title='bbox 2336 3834 2682 3888; x_wconf 82' lang='lat' dir='ltr'><strong>ecclesiarum</strong></span> <span class='ocrx_word' id='word_1_563' title='bbox 2725 3848 2902 3901; x_wconf 85' lang='lat' dir='ltr'><strong>agros,</strong></span> <span class='ocrx_word' id='word_1_564' title='bbox 2936 3842 2988 3886; x_wconf 92' lang='lat' dir='ltr'><strong>et</strong></span> <span class='ocrx_word' id='word_1_565' title='bbox 3022 3846 3126 3885; x_wconf 89' lang='lat' dir='ltr'><strong>non</strong></span> <span class='ocrx_word' id='word_1_566' title='bbox 3157 3830 3277 3885; x_wconf 81' lang='lat' dir='ltr'><strong>aliis</strong></span> <span class='ocrx_word' id='word_1_567' title='bbox 3321 3830 3629 3883; x_wconf 81' lang='lat' dir='ltr'><strong>communi-</strong></span> 
     </span>
    </p>
   </div>
   <div class='ocr_carea' id='block_1_83' title="bbox 2056 3920 3628 3993">
    <p class='ocr_par' dir='ltr' id='par_1_83' title="bbox 2056 3920 3628 3993">
     <span class='ocr_line' id='line_1_83' title="bbox 2056 3920 3628 3993; baseline -0.003 -16"><span class='ocrx_word' id='word_1_568' title='bbox 2056 3935 2224 3987; x_wconf 86' lang='lat' dir='ltr'><strong>catos,</strong></span> <span class='ocrx_word' id='word_1_569' title='bbox 2255 3924 2343 3993; x_wconf 84' lang='lat' dir='ltr'><strong>qni</strong></span> <span class='ocrx_word' id='word_1_570' title='bbox 2382 3926 2589 3992; x_wconf 82' lang='lat' dir='ltr'><strong>integre</strong></span> <span class='ocrx_word' id='word_1_571' title='bbox 2618 3934 2743 3977; x_wconf 89' lang='lat' dir='ltr'><strong>sunt</strong></span> <span class='ocrx_word' id='word_1_572' title='bbox 2770 3925 2821 3976; x_wconf 91' lang='lat' dir='ltr'><strong>in</strong></span> <span class='ocrx_word' id='word_1_573' title='bbox 2861 3923 2990 3975; x_wconf 81' lang='lat' dir='ltr'><strong>vicis</strong></span> <span class='ocrx_word' id='word_1_574' title='bbox 3015 3920 3330 3990; x_wconf 79' lang='lat' dir='ltr'><strong>quibusdam</strong></span> <span class='ocrx_word' id='word_1_575' title='bbox 3356 3930 3446 3973; x_wconf 88' lang='lat' dir='ltr'><strong>aut</strong></span> <span class='ocrx_word' id='word_1_576' title='bbox 3478 3922 3628 3989; x_wconf 86' lang='lat' dir='ltr'><strong>oppi-</strong></span> 
     </span>
    </p>
   </div>
   <div class='ocr_carea' id='block_1_84' title="bbox 2056 4009 3627 4081">
    <p class='ocr_par' dir='ltr' id='par_1_84' title="bbox 2056 4009 3627 4081">
     <span class='ocr_line' id='line_1_84' title="bbox 2056 4009 3627 4081; baseline -0.001 -17"><span class='ocrx_word' id='word_1_577' title='bbox 2056 4013 2213 4074; x_wconf 88' lang='lat' dir='ltr'><strong>dulis,</strong></span> <span class='ocrx_word' id='word_1_578' title='bbox 2247 4028 2382 4081; x_wconf 88' lang='lat' dir='ltr'><strong>quos</strong></span> <span class='ocrx_word' id='word_1_579' title='bbox 2428 4024 2481 4066; x_wconf 89' lang='lat' dir='ltr'><strong>et</strong></span> <span class='ocrx_word' id='word_1_580' title='bbox 2527 4014 2789 4067; x_wconf 70' lang='grc' dir='ltr'>ιιισιιωιτὶίι</span> <span class='ocrx_word' id='word_1_581' title='bbox 2847 4028 2988 4066; x_wconf 91' lang='lat' dir='ltr'><strong>nunc</strong></span> <span class='ocrx_word' id='word_1_582' title='bbox 3046 4021 3278 4064; x_wconf 81' lang='lat' dir='ltr'><strong>vocant:</strong></span> <span class='ocrx_word' id='word_1_583' title='bbox 3329 4009 3627 4077; x_wconf 79' lang='lat' dir='ltr'><strong>regionales</strong></span> 
     </span>
    </p>
   </div>
   <div class='ocr_carea' id='block_1_85' title="bbox 2054 4100 3621 4177">
    <p class='ocr_par' dir='ltr' id='par_1_85' title="bbox 2054 4100 3621 4177">
     <span class='ocr_line' id='line_1_85' title="bbox 2054 4100 3621 4177; baseline -0.003 -19"><span class='ocrx_word' id='word_1_584' title='bbox 2054 4116 2231 4159; x_wconf 88' lang='lat' dir='ltr'><strong>autem</strong></span> <span class='ocrx_word' id='word_1_585' title='bbox 2265 4122 2445 4177; x_wconf 84' lang='lat' dir='ltr'><strong>agros,</strong></span> <span class='ocrx_word' id='word_1_586' title='bbox 2477 4106 2528 4161; x_wconf 92' lang='lat' dir='ltr'><strong>in</strong></span> <span class='ocrx_word' id='word_1_587' title='bbox 2568 4106 2758 4159; x_wconf 88' lang='lat' dir='ltr'><strong>tnediis</strong></span> <span class='ocrx_word' id='word_1_588' title='bbox 2809 4105 3117 4173; x_wconf 70' lang='lat' dir='ltr'><strong>regionibus</strong></span> <span class='ocrx_word' id='word_1_589' title='bbox 3173 4114 3265 4155; x_wconf 79' lang='lat' dir='ltr'><strong>aut</strong></span> <span class='ocrx_word' id='word_1_590' title='bbox 3299 4102 3431 4154; x_wconf 83' lang='lat' dir='ltr'><strong>vicis</strong></span> <span class='ocrx_word' id='word_1_591' title='bbox 3472 4100 3621 4154; x_wconf 72' lang='lat' dir='ltr'><strong>sitos.</strong></span> 
     </span>
    </p>
   </div>
   <div class='ocr_carea' id='block_1_86' title="bbox 2055 4189 3621 4266">
    <p class='ocr_par' dir='ltr' id='par_1_86' title="bbox 2055 4189 3621 4266">
     <span class='ocr_line' id='line_1_86' title="bbox 2055 4189 3621 4266; baseline -0.006 -15"><span class='ocrx_word' id='word_1_592' title='bbox 2055 4200 2108 4251; x_wconf 75' lang='lat' dir='ltr'><strong>Si</strong></span> <span class='ocrx_word' id='word_1_593' title='bbox 2141 4198 2262 4266; x_wconf 86' lang='lat' dir='ltr'><strong>quis</strong></span> <span class='ocrx_word' id='word_1_594' title='bbox 2293 4199 2475 4266; x_wconf 79' lang='lat' dir='ltr'><strong>itaque</strong></span> <span class='ocrx_word' id='word_1_595' title='bbox 2491 4199 2866 4265; x_wconf 74' lang='grc' dir='ltr'>ορὶεοοιιοιιιιιι</span> <span class='ocrx_word' id='word_1_596' title='bbox 2901 4210 2992 4262; x_wconf 88' lang='lat' dir='ltr'><strong>per</strong></span> <span class='ocrx_word' id='word_1_597' title='bbox 3016 4194 3235 4262; x_wconf 85' lang='lat' dir='ltr'><strong>triginta</strong></span> <span class='ocrx_word' id='word_1_598' title='bbox 3269 4206 3441 4245; x_wconf 87' lang='lat' dir='ltr'><strong>annos</strong></span> <span class='ocrx_word' id='word_1_599' title='bbox 3464 4189 3621 4244; x_wconf 76' lang='lat' dir='ltr'><strong>talem</strong></span> 
     </span>
    </p>
   </div>
   <div class='ocr_carea' id='block_1_87' title="bbox 2052 4283 3625 4358">
    <p class='ocr_par' dir='ltr' id='par_1_87' title="bbox 2052 4283 3625 4358">
     <span class='ocr_line' id='line_1_87' title="bbox 2052 4283 3625 4358; baseline -0.004 -18"><span class='ocrx_word' id='word_1_600' title='bbox 2052 4291 2287 4356; x_wconf 73' lang='lat' dir='ltr'><strong>aliquam</strong></span> <span class='ocrx_word' id='word_1_601' title='bbox 2321 4287 2646 4358; x_wconf 85' lang='lat' dir='ltr'><strong>regionalem</strong></span> <span class='ocrx_word' id='word_1_602' title='bbox 2676 4297 2765 4339; x_wconf 87' lang='lat' dir='ltr'><strong>aut</strong></span> <span class='ocrx_word' id='word_1_603' title='bbox 2802 4295 3067 4354; x_wconf 79' lang='lat' dir='ltr'><strong>agrestem</strong></span> <span class='ocrx_word' id='word_1_604' title='bbox 3115 4283 3404 4354; x_wconf 71' lang='lat' dir='ltr'><strong>paroreiam</strong></span> <span class='ocrx_word' id='word_1_605' title='bbox 3440 4297 3625 4350; x_wconf 85' lang='lat' dir='ltr'><strong>posse-</strong></span> 
     </span>
    </p>
   </div>
   <div class='ocr_carea' id='block_1_88' title="bbox 378 4371 3620 4454">
    <p class='ocr_par' dir='ltr' id='par_1_88' title="bbox 378 4371 3620 4454">
     <span class='ocr_line' id='line_1_88' title="bbox 378 4371 3620 4454; baseline 0.008 -31"><span class='ocrx_word' id='word_1_606' title='bbox 378 4371 709 4441; x_wconf 79' lang='grc' dir='ltr'>ἁγροικικὴν</span> <span class='ocrx_word' id='word_1_607' title='bbox 728 4375 1039 4442; x_wconf 80' lang='grc' dir='ltr'>παροικίαν,</span> <span class='ocrx_word' id='word_1_608' title='bbox 1064 4377 1235 4448; x_wconf 79' lang='grc' dir='ltr'>ἑτέρῳ</span> <span class='ocrx_word' id='word_1_609' title='bbox 1256 4378 1623 4449; x_wconf 81' lang='grc' dir='ltr'>διαφέρουσαν</span> <span class='ocrx_word' id='word_1_610' title='bbox 1642 4384 1948 4454; x_wconf 68' lang='grc' dir='ltr'>ἐπισκόπῳ,</span> <span class='ocrx_word' id='word_1_611' title='bbox 1986 4398 2026 4452; x_wconf 70' lang='grc' dir='ltr'>ι)</span> <span class='ocrx_word' id='word_1_612' title='bbox 2060 4380 2132 4432; x_wconf 73' lang='grc' dir='ltr'>ίιὶι</span> <span class='ocrx_word' id='word_1_613' title='bbox 2162 4379 2226 4432; x_wconf 76' lang='lat' dir='ltr'><strong>8d</strong></span> <span class='ocrx_word' id='word_1_614' title='bbox 2256 4378 2417 4432; x_wconf 69' lang='lat' dir='ltr'><strong>alium</strong></span> <span class='ocrx_word' id='word_1_615' title='bbox 2454 4378 2806 4447; x_wconf 69' lang='grc' dir='ltr'><strong>Ρθΐιίηεηῑθηὶ</strong></span> <span class='ocrx_word' id='word_1_616' title='bbox 2842 4377 3172 4445; x_wconf 60' lang='grc' dir='ltr'>οβίεοίνρνιιην</span> <span class='ocrx_word' id='word_1_617' title='bbox 3198 4383 3251 4428; x_wconf 68' lang='grc' dir='ltr'><strong>ει</strong></span> <span class='ocrx_word' id='word_1_618' title='bbox 3272 4375 3336 4427; x_wconf 66' lang='lat' dir='ltr'><strong>de</strong></span> <span class='ocrx_word' id='word_1_619' title='bbox 3367 4390 3427 4428; x_wconf 68' lang='grc'><strong>⁸³</strong></span> <span class='ocrx_word' id='word_1_620' title='bbox 3479 4374 3620 4425; x_wconf 70' lang='grc'>¹¹¹¹¹¹³</span> 
     </span>
    </p>
   </div>
   <div class='ocr_carea' id='block_1_89' title="bbox 380 4462 1951 4547">
    <p class='ocr_par' dir='ltr' id='par_1_89' title="bbox 380 4462 1951 4547">
     <span class='ocr_line' id='line_1_89' title="bbox 380 4462 1951 4547; baseline 0.011 -34"><span class='ocrx_word' id='word_1_621' title='bbox 380 4464 479 4514; x_wconf 69' lang='grc' dir='ltr'><strong>καὶ</strong></span> <span class='ocrx_word' id='word_1_622' title='bbox 512 4462 771 4532; x_wconf 78' lang='grc' dir='ltr'>οὐδεμίαν</span> <span class='ocrx_word' id='word_1_623' title='bbox 803 4465 1011 4536; x_wconf 81' lang='grc' dir='ltr'>ὑπέστη</span> <span class='ocrx_word' id='word_1_624' title='bbox 1057 4467 1279 4539; x_wconf 68' lang='grc' dir='ltr'>ὄχλησιν</span> <span class='ocrx_word' id='word_1_625' title='bbox 1310 4473 1441 4541; x_wconf 84' lang='grc' dir='ltr'><strong>περὶ</strong></span> <span class='ocrx_word' id='word_1_626' title='bbox 1472 4473 1641 4541; x_wconf 79' lang='grc' dir='ltr'>αὐτῆς</span> <span class='ocrx_word' id='word_1_627' title='bbox 1676 4476 1825 4538; x_wconf 74' lang='grc' dir='ltr'>ἐντὸς</span> <span class='ocrx_word' id='word_1_628' title='bbox 1850 4477 1951 4547; x_wconf 81' lang='grc' dir='ltr'>τῆς</span> 
     </span>
    </p>
   </div>
   <div class='ocr_carea' id='block_1_90' title="bbox 379 4556 1949 4634">
    <p class='ocr_par' dir='ltr' id='par_1_90' title="bbox 379 4556 1949 4634">
     <span class='ocr_line' id='line_1_90' title="bbox 379 4556 1949 4634; baseline 0.011 -31"><span class='ocrx_word' id='word_1_629' title='bbox 379 4556 946 4625; x_wconf 84' lang='grc' dir='ltr'>τριακονταετηρίδος,</span> <span class='ocrx_word' id='word_1_630' title='bbox 976 4559 1446 4630; x_wconf 81' lang='grc' dir='ltr'>ἀπαρασαλεύτως</span> <span class='ocrx_word' id='word_1_631' title='bbox 1474 4565 1678 4634; x_wconf 84' lang='grc' dir='ltr'>ταύτην</span> <span class='ocrx_word' id='word_1_632' title='bbox 1710 4568 1949 4633; x_wconf 74' lang='grc' dir='ltr'>καθέξειο</span> 
     </span>
    </p>
   </div>
   <div class='ocr_carea' id='block_1_91' title="bbox 378 4642 1950 4725">
    <p class='ocr_par' dir='ltr' id='par_1_91' title="bbox 378 4642 1950 4725">
     <span class='ocr_line' id='line_1_91' title="bbox 378 4642 1950 4725; baseline 0.013 -34"><span class='ocrx_word' id='word_1_633' title='bbox 378 4643 431 4692; x_wconf 80' lang='grc' dir='ltr'><strong>εί</strong></span> <span class='ocrx_word' id='word_1_634' title='bbox 470 4642 525 4695; x_wconf 82' lang='grc' dir='ltr'>δὲ</span> <span class='ocrx_word' id='word_1_635' title='bbox 555 4644 857 4713; x_wconf 78' lang='grc' dir='ltr'>ἀμφιϐολία</span> <span class='ocrx_word' id='word_1_636' title='bbox 889 4648 1078 4715; x_wconf 77' lang='grc' dir='ltr'>γέγονε</span> <span class='ocrx_word' id='word_1_637' title='bbox 1116 4650 1245 4720; x_wconf 81' lang='grc' dir='ltr'>περὶ</span> <span class='ocrx_word' id='word_1_638' title='bbox 1274 4652 1447 4721; x_wconf 79' lang='grc' dir='ltr'>αὐτῆς</span> <span class='ocrx_word' id='word_1_639' title='bbox 1503 4655 1666 4723; x_wconf 74' lang='grc' dir='ltr'>μέσον</span> <span class='ocrx_word' id='word_1_640' title='bbox 1709 4657 1950 4725; x_wconf 78' lang='grc' dir='ltr'>ἀμφοτέ-</span> 
     </span>
    </p>
   </div>
   <div class='ocr_carea' id='block_1_92' title="bbox 377 4735 1946 4814">
    <p class='ocr_par' dir='ltr' id='par_1_92' title="bbox 377 4735 1946 4814">
     <span class='ocr_line' id='line_1_92' title="bbox 377 4735 1946 4814; baseline 0.011 -29"><span class='ocrx_word' id='word_1_641' title='bbox 377 4751 493 4802; x_wconf 83' lang='grc' dir='ltr'><strong>ρων</strong></span> <span class='ocrx_word' id='word_1_642' title='bbox 521 4735 627 4787; x_wconf 87' lang='grc' dir='ltr'><strong>τῶν</strong></span> <span class='ocrx_word' id='word_1_643' title='bbox 661 4738 998 4803; x_wconf 67' lang='grc' dir='ltr'>ἐπισκόπων,</span> <span class='ocrx_word' id='word_1_644' title='bbox 1028 4741 1196 4810; x_wconf 86' lang='grc' dir='ltr'>μήπω</span> <span class='ocrx_word' id='word_1_645' title='bbox 1234 4742 1332 4811; x_wconf 84' lang='grc' dir='ltr'>τῆς</span> <span class='ocrx_word' id='word_1_646' title='bbox 1363 4749 1814 4814; x_wconf 82' lang='grc' dir='ltr'>τριακονταετίας</span> <span class='ocrx_word' id='word_1_647' title='bbox 1838 4767 1946 4803; x_wconf 85' lang='grc' dir='ltr'>πα-</span> 
     </span>
    </p>
   </div>
   <div class='ocr_carea' id='block_1_93' title="bbox 380 4824 1947 4909">
    <p class='ocr_par' dir='ltr' id='par_1_93' title="bbox 380 4824 1947 4909">
     <span class='ocr_line' id='line_1_93' title="bbox 380 4824 1947 4909; baseline 0.012 -35"><span class='ocrx_word' id='word_1_648' title='bbox 380 4824 793 4895; x_wconf 81' lang='grc' dir='ltr'>ραδραμούσης,</span> <span class='ocrx_word' id='word_1_649' title='bbox 848 4828 1023 4891; x_wconf 73' lang='grc' dir='ltr'>ἔξεστι</span> <span class='ocrx_word' id='word_1_650' title='bbox 1059 4830 1138 4900; x_wconf 84' lang='grc' dir='ltr'>τῷ</span> <span class='ocrx_word' id='word_1_651' title='bbox 1164 4831 1396 4901; x_wconf 77' lang='grc' dir='ltr'>οἰομένῳ</span> <span class='ocrx_word' id='word_1_652' title='bbox 1451 4834 1754 4889; x_wconf 83' lang='grc' dir='ltr'>ἀδικεῖσθαι</span> <span class='ocrx_word' id='word_1_653' title='bbox 1793 4842 1947 4909; x_wconf 70' lang='grc' dir='ltr'>παρὰ</span> 
     </span>
    </p>
   </div>
   <div class='ocr_carea' id='block_1_94' title="bbox 375 4917 1950 5000">
    <p class='ocr_par' dir='ltr' id='par_1_94' title="bbox 375 4917 1950 5000">
     <span class='ocr_line' id='line_1_94' title="bbox 375 4917 1950 5000; baseline 0.011 -32"><span class='ocrx_word' id='word_1_654' title='bbox 375 4920 444 4986; x_wconf 74' lang='grc' dir='ltr'>τῇ</span> <span class='ocrx_word' id='word_1_655' title='bbox 507 4917 712 4989; x_wconf 80' lang='grc' dir='ltr'>συνόδῳ</span> <span class='ocrx_word' id='word_1_656' title='bbox 743 4921 841 4990; x_wconf 84' lang='grc' dir='ltr'><strong>τῆς</strong></span> <span class='ocrx_word' id='word_1_657' title='bbox 885 4921 1022 4983; x_wconf 78' lang='grc' dir='ltr'>ιδίας</span> <span class='ocrx_word' id='word_1_658' title='bbox 1061 4924 1328 4995; x_wconf 77' lang='grc' dir='ltr'>ἐπαρχίας</span> <span class='ocrx_word' id='word_1_659' title='bbox 1353 4925 1481 4995; x_wconf 77' lang='grc' dir='ltr'>περὶ</span> <span class='ocrx_word' id='word_1_660' title='bbox 1516 4926 1719 5000; x_wconf 85' lang='grc' dir='ltr'>ταύτης</span> <span class='ocrx_word' id='word_1_661' title='bbox 1758 4933 1950 4986; x_wconf 88' lang='grc' dir='ltr'>κινεῖν.</span> 
     </span>
    </p>
   </div>
   <div class='ocr_carea' id='block_1_95' title="bbox 947 5014 1389 5081">
    <p class='ocr_par' dir='ltr' id='par_1_95' title="bbox 947 5014 1389 5081">
     <span class='ocr_line' id='line_1_95' title="bbox 947 5014 1389 5081; baseline 0.009 -17"><span class='ocrx_word' id='word_1_662' title='bbox 947 5014 1184 5065; x_wconf 81' lang='grc' dir='ltr'><strong>ΚΑΝΩΝ</strong></span> <span class='ocrx_word' id='word_1_663' title='bbox 1248 5014 1389 5081; x_wconf 77' lang='lat' dir='ltr'><strong>Kq&#39;.</strong></span> 
     </span>
    </p>
   </div>
   <div class='ocr_carea' id='block_1_96' title="bbox 379 5100 1950 5185">
    <p class='ocr_par' dir='ltr' id='par_1_96' title="bbox 379 5100 1950 5185">
     <span class='ocr_line' id='line_1_96' title="bbox 379 5100 1950 5185; baseline 0.011 -35"><span class='ocrx_word' id='word_1_664' title='bbox 379 5118 402 5149; x_wconf 72' lang='grc' dir='ltr'><strong>ε</strong></span> <span class='ocrx_word' id='word_1_665' title='bbox 454 5100 855 5171; x_wconf 77' lang='grc' dir='ltr'>Πρεσϐύτερον,</span> <span class='ocrx_word' id='word_1_666' title='bbox 905 5103 997 5157; x_wconf 82' lang='grc' dir='ltr'><strong>τὸν</strong></span> <span class='ocrx_word' id='word_1_667' title='bbox 1045 5105 1185 5157; x_wconf 81' lang='grc' dir='ltr'>κατὰ</span> <span class='ocrx_word' id='word_1_668' title='bbox 1240 5106 1462 5174; x_wconf 83' lang='grc' dir='ltr'>ἄγνοιαν</span> <span class='ocrx_word' id='word_1_669' title='bbox 1500 5107 1722 5182; x_wconf 81' lang='grc' dir='ltr'>ἁθέσμῳ</span> <span class='ocrx_word' id='word_1_670' title='bbox 1786 5114 1950 5185; x_wconf 86' lang='grc' dir='ltr'>γάμῳ</span> 
     </span>
    </p>
   </div>
   <div class='ocr_carea' id='block_1_97' title="bbox 455 5194 1949 5269">
    <p class='ocr_par' dir='ltr' id='par_1_97' title="bbox 455 5194 1949 5269">
     <span class='ocr_line' id='line_1_97' title="bbox 455 5194 1949 5269; baseline 0.012 -28"><span class='ocrx_word' id='word_1_671' title='bbox 455 5210 474 5241; x_wconf 74' lang='grc' dir='ltr'><strong>ι</strong></span> <span class='ocrx_word' id='word_1_672' title='bbox 525 5195 920 5263; x_wconf 81' lang='grc' dir='ltr'>περιπαρέντα,</span> <span class='ocrx_word' id='word_1_673' title='bbox 955 5194 1223 5261; x_wconf 74' lang='grc' dir='ltr'>καθέδρας</span> <span class='ocrx_word' id='word_1_674' title='bbox 1252 5198 1350 5266; x_wconf 86' lang='grc' dir='ltr'><strong>μὲν</strong></span> <span class='ocrx_word' id='word_1_675' title='bbox 1398 5200 1667 5269; x_wconf 81' lang='grc' dir='ltr'>μετέχειν,</span> <span class='ocrx_word' id='word_1_676' title='bbox 1700 5206 1841 5256; x_wconf 80' lang='grc' dir='ltr'>κατὰ</span> <span class='ocrx_word' id='word_1_677' title='bbox 1881 5209 1949 5259; x_wconf 74' lang='grc' dir='ltr'>τὰ</span> 
     </span>
    </p>
   </div>
   <div class='ocr_carea' id='block_1_98' title="bbox 458 5284 1946 5360">
    <p class='ocr_par' dir='ltr' id='par_1_98' title="bbox 458 5284 1946 5360">
     <span class='ocr_line' id='line_1_98' title="bbox 458 5284 1946 5360; baseline 0.01 -26"><span class='ocrx_word' id='word_1_678' title='bbox 458 5303 476 5332; x_wconf 82' lang='grc' dir='ltr'><strong>ι</strong></span> <span class='ocrx_word' id='word_1_679' title='bbox 527 5285 633 5336; x_wconf 76' lang='grc' dir='ltr'><strong>ὑπὸ</strong></span> <span class='ocrx_word' id='word_1_680' title='bbox 651 5284 744 5338; x_wconf 82' lang='grc' dir='ltr'>τοῦ</span> <span class='ocrx_word' id='word_1_681' title='bbox 780 5286 927 5357; x_wconf 81' lang='grc' dir='ltr'>ίεροῦ</span> <span class='ocrx_word' id='word_1_682' title='bbox 953 5286 1177 5349; x_wconf 85' lang='grc' dir='ltr'>κανόνος</span> <span class='ocrx_word' id='word_1_683' title='bbox 1198 5290 1330 5358; x_wconf 78' lang='grc' dir='ltr'>ἡμῖν</span> <span class='ocrx_word' id='word_1_684' title='bbox 1356 5291 1807 5360; x_wconf 78' lang='grc' dir='ltr'>νομοθετηθέντα,</span> <span class='ocrx_word' id='word_1_685' title='bbox 1839 5296 1946 5349; x_wconf 87' lang='grc' dir='ltr'><strong>τῶν</strong></span> 
     </span>
    </p>
   </div>
   <div class='ocr_carea' id='block_1_99' title="bbox 450 5379 1945 5461">
    <p class='ocr_par' dir='ltr' id='par_1_99' title="bbox 450 5379 1945 5461">
     <span class='ocr_line' id='line_1_99' title="bbox 450 5379 1945 5461; baseline 0.007 -30"><span class='ocrx_word' id='word_1_686' title='bbox 450 5394 476 5431; x_wconf 74' lang='grc' dir='ltr'><strong>ε</strong></span> <span class='ocrx_word' id='word_1_687' title='bbox 517 5379 575 5431; x_wconf 83' lang='grc' dir='ltr'>δὲ</span> <span class='ocrx_word' id='word_1_688' title='bbox 599 5379 800 5433; x_wconf 87' lang='grc' dir='ltr'>λοιπῶν</span> <span class='ocrx_word' id='word_1_689' title='bbox 849 5381 1139 5453; x_wconf 68' lang='grc' dir='ltr'>ἐνεργειῶν</span> <span class='ocrx_word' id='word_1_690' title='bbox 1170 5382 1489 5453; x_wconf 80' lang='grc' dir='ltr'>ἀπέχεσθαι.</span> <span class='ocrx_word' id='word_1_691' title='bbox 1532 5386 1789 5456; x_wconf 74' lang='grc' dir='ltr'>Ἀρκετδν</span> <span class='ocrx_word' id='word_1_692' title='bbox 1834 5390 1945 5461; x_wconf 77' lang='grc' dir='ltr'>γὰρ</span> 
     </span>
    </p>
   </div>
   <div class='ocr_carea' id='block_1_100' title="bbox 459 5470 1947 5550">
    <p class='ocr_par' dir='ltr' id='par_1_100' title="bbox 459 5470 1947 5550">
     <span class='ocr_line' id='line_1_100' title="bbox 459 5470 1947 5550; baseline 0.009 -29"><span class='ocrx_word' id='word_1_693' title='bbox 459 5489 483 5521; x_wconf 74' lang='grc' dir='ltr'><strong>ι</strong></span> <span class='ocrx_word' id='word_1_694' title='bbox 527 5470 605 5540; x_wconf 85' lang='grc' dir='ltr'>τῷ</span> <span class='ocrx_word' id='word_1_695' title='bbox 656 5473 883 5542; x_wconf 80' lang='grc' dir='ltr'>τοιούτῳ</span> <span class='ocrx_word' id='word_1_696' title='bbox 926 5476 958 5544; x_wconf 81' lang='grc' dir='ltr'>ἡ</span> <span class='ocrx_word' id='word_1_697' title='bbox 1001 5473 1326 5544; x_wconf 81' lang='grc' dir='ltr'>συγγνώμη.</span> <span class='ocrx_word' id='word_1_698' title='bbox 1374 5476 1629 5543; x_wconf 75' lang='grc' dir='ltr'>Εὐλογεῖν</span> <span class='ocrx_word' id='word_1_699' title='bbox 1659 5478 1714 5530; x_wconf 80' lang='grc' dir='ltr'>δὲ</span> <span class='ocrx_word' id='word_1_700' title='bbox 1761 5479 1947 5550; x_wconf 74' lang='grc' dir='ltr'>ἕτερον</span> 
     </span>
    </p>
   </div>
   <div class='ocr_carea' id='block_1_101' title="bbox 454 5561 1943 5640">
    <p class='ocr_par' dir='ltr' id='par_1_101' title="bbox 454 5561 1943 5640">
     <span class='ocr_line' id='line_1_101' title="bbox 454 5561 1943 5640; baseline 0.009 -29"><span class='ocrx_word' id='word_1_701' title='bbox 454 5580 472 5609; x_wconf 75' lang='grc' dir='ltr'><strong>ι</strong></span> <span class='ocrx_word' id='word_1_702' title='bbox 521 5561 614 5614; x_wconf 80' lang='grc' dir='ltr'><strong>τὸν</strong></span> <span class='ocrx_word' id='word_1_703' title='bbox 661 5562 728 5616; x_wconf 74' lang='grc' dir='ltr'><strong>τὰ</strong></span> <span class='ocrx_word' id='word_1_704' title='bbox 779 5564 954 5617; x_wconf 75' lang='grc' dir='ltr'>οἰκεῖα</span> <span class='ocrx_word' id='word_1_705' title='bbox 996 5565 1253 5637; x_wconf 81' lang='grc' dir='ltr'>τημελεῖν</span> <span class='ocrx_word' id='word_1_706' title='bbox 1300 5566 1583 5635; x_wconf 65' lang='grc' dir='ltr'>ὀφείλοντα</span> <span class='ocrx_word' id='word_1_707' title='bbox 1631 5570 1943 5640; x_wconf 84' lang='grc' dir='ltr'>τραύματα,</span> 
     </span>
    </p>
   </div>
   <div class='ocr_carea' id='block_1_102' title="bbox 450 5653 1944 5727">
    <p class='ocr_par' dir='ltr' id='par_1_102' title="bbox 450 5653 1944 5727">
     <span class='ocr_line' id='line_1_102' title="bbox 450 5653 1944 5727; baseline 0.006 -25"><span class='ocrx_word' id='word_1_708' title='bbox 450 5670 473 5702; x_wconf 74' lang='grc' dir='ltr'><strong>ο</strong></span> <span class='ocrx_word' id='word_1_709' title='bbox 522 5653 899 5709; x_wconf 72' lang='grc' dir='ltr'>ἀνακόλουθον.</span> <span class='ocrx_word' id='word_1_710' title='bbox 947 5656 1178 5722; x_wconf 78' lang='grc' dir='ltr'>Εὐλογία</span> <span class='ocrx_word' id='word_1_711' title='bbox 1211 5657 1318 5727; x_wconf 79' lang='grc' dir='ltr'><strong>γὰρ</strong></span> <span class='ocrx_word' id='word_1_712' title='bbox 1349 5658 1624 5727; x_wconf 81' lang='grc' dir='ltr'>ἁγιασμοῦ</span> <span class='ocrx_word' id='word_1_713' title='bbox 1660 5660 1944 5727; x_wconf 66' lang='grc' dir='ltr'>μετάὼσὶς</span> 
     </span>
    </p>
   </div>
   <div class='ocr_carea' id='block_1_103' title="bbox 2058 4466 3617 4535">
    <p class='ocr_par' dir='ltr' id='par_1_103' title="bbox 2058 4466 3617 4535">
     <span class='ocr_line' id='line_1_103' title="bbox 2058 4466 3617 4535; baseline -0.004 -12"><span class='ocrx_word' id='word_1_714' title='bbox 2058 4481 2301 4525; x_wconf 83' lang='lat' dir='ltr'><strong>movetur</strong></span> <span class='ocrx_word' id='word_1_715' title='bbox 2333 4472 2578 4526; x_wconf 83' lang='lat' dir='ltr'><strong>molestia</strong></span> <span class='ocrx_word' id='word_1_716' title='bbox 2616 4472 2752 4523; x_wconf 85' lang='lat' dir='ltr'><strong>intra</strong></span> <span class='ocrx_word' id='word_1_717' title='bbox 2795 4470 3008 4532; x_wconf 81' lang='lat' dir='ltr'><strong>triginta</strong></span> <span class='ocrx_word' id='word_1_718' title='bbox 3062 4482 3320 4521; x_wconf 86' lang='lat' dir='ltr'><strong>annorum</strong></span> <span class='ocrx_word' id='word_1_719' title='bbox 3367 4466 3617 4535; x_wconf 84' lang='lat' dir='ltr'><strong>spatium,</strong></span> 
     </span>
    </p>
   </div>
   <div class='ocr_carea' id='block_1_104' title="bbox 2054 4558 3619 4631">
    <p class='ocr_par' dir='ltr' id='par_1_104' title="bbox 2054 4558 3619 4631">
     <span class='ocr_line' id='line_1_104' title="bbox 2054 4558 3619 4631; baseline -0.004 -15"><span class='ocrx_word' id='word_1_720' title='bbox 2054 4579 2171 4617; x_wconf 76' lang='lat' dir='ltr'><strong>eam</strong></span> <span class='ocrx_word' id='word_1_721' title='bbox 2226 4564 2348 4617; x_wconf 90' lang='lat' dir='ltr'><strong>inde</strong></span> <span class='ocrx_word' id='word_1_722' title='bbox 2382 4578 2490 4619; x_wconf 88' lang='lat' dir='ltr'><strong>non</strong></span> <span class='ocrx_word' id='word_1_723' title='bbox 2526 4565 2821 4618; x_wconf 87' lang='lat' dir='ltr'><strong>movendus</strong></span> <span class='ocrx_word' id='word_1_724' title='bbox 2860 4560 3172 4631; x_wconf 86' lang='lat' dir='ltr'><strong>possidebit.</strong></span> <span class='ocrx_word' id='word_1_725' title='bbox 3217 4559 3270 4613; x_wconf 90' lang='lat' dir='ltr'><strong>Si</strong></span> <span class='ocrx_word' id='word_1_726' title='bbox 3299 4570 3476 4613; x_wconf 85' lang='lat' dir='ltr'><strong>autem</strong></span> <span class='ocrx_word' id='word_1_727' title='bbox 3535 4558 3619 4610; x_wconf 81' lang='lat' dir='ltr'><strong>in-</strong></span> 
     </span>
    </p>
   </div>
   <div class='ocr_carea' id='block_1_105' title="bbox 2056 4648 3618 4722">
    <p class='ocr_par' dir='ltr' id='par_1_105' title="bbox 2056 4648 3618 4722">
     <span class='ocr_line' id='line_1_105' title="bbox 2056 4648 3618 4722; baseline -0.004 -16"><span class='ocrx_word' id='word_1_728' title='bbox 2056 4662 2136 4707; x_wconf 82' lang='lat' dir='ltr'><strong>ter</strong></span> <span class='ocrx_word' id='word_1_729' title='bbox 2159 4654 2344 4708; x_wconf 90' lang='lat' dir='ltr'><strong>ambos</strong></span> <span class='ocrx_word' id='word_1_730' title='bbox 2377 4654 2663 4722; x_wconf 84' lang='lat' dir='ltr'><strong>episcopos</strong></span> <span class='ocrx_word' id='word_1_731' title='bbox 2687 4664 2826 4707; x_wconf 87' lang='lat' dir='ltr'><strong>mota</strong></span> <span class='ocrx_word' id='word_1_732' title='bbox 2855 4653 2919 4705; x_wconf 89' lang='lat' dir='ltr'><strong>de</strong></span> <span class='ocrx_word' id='word_1_733' title='bbox 2953 4668 3013 4706; x_wconf 86' lang='lat' dir='ltr'><strong>ea</strong></span> <span class='ocrx_word' id='word_1_734' title='bbox 3065 4651 3225 4705; x_wconf 80' lang='lat' dir='ltr'><strong>fuerit</strong></span> <span class='ocrx_word' id='word_1_735' title='bbox 3252 4648 3618 4705; x_wconf 76' lang='lat' dir='ltr'><strong>controversia</strong></span> 
     </span>
    </p>
   </div>
   <div class='ocr_carea' id='block_1_106' title="bbox 2055 4741 3616 4815">
    <p class='ocr_par' dir='ltr' id='par_1_106' title="bbox 2055 4741 3616 4815">
     <span class='ocr_line' id='line_1_106' title="bbox 2055 4741 3616 4815; baseline 0.001 -21"><span class='ocrx_word' id='word_1_736' title='bbox 2055 4746 2364 4813; x_wconf 69' lang='lat' dir='ltr'><strong>psinsquam</strong></span> <span class='ocrx_word' id='word_1_737' title='bbox 2389 4744 2607 4815; x_wconf 86' lang='lat' dir='ltr'><strong>triginta</strong></span> <span class='ocrx_word' id='word_1_738' title='bbox 2638 4747 2762 4799; x_wconf 76' lang='lat' dir='ltr'><strong>armi</strong></span> <span class='ocrx_word' id='word_1_739' title='bbox 2788 4745 2954 4814; x_wconf 87' lang='lat' dir='ltr'><strong>elapsi</strong></span> <span class='ocrx_word' id='word_1_740' title='bbox 2985 4742 3211 4808; x_wconf 81' lang='lat' dir='ltr'><strong>iuerint,</strong></span> <span class='ocrx_word' id='word_1_741' title='bbox 3243 4744 3367 4798; x_wconf 87' lang='lat' dir='ltr'><strong>licet</strong></span> <span class='ocrx_word' id='word_1_742' title='bbox 3411 4743 3481 4806; x_wconf 85' lang='lat' dir='ltr'><strong>ei,</strong></span> <span class='ocrx_word' id='word_1_743' title='bbox 3527 4741 3616 4808; x_wconf 78' lang='lat' dir='ltr'><strong>Qui</strong></span> 
     </span>
    </p>
   </div>
   <div class='ocr_carea' id='block_1_107' title="bbox 2053 4834 3621 4906">
    <p class='ocr_par' dir='ltr' id='par_1_107' title="bbox 2053 4834 3621 4906">
     <span class='ocr_line' id='line_1_107' title="bbox 2053 4834 3621 4906; baseline -0.001 -17"><span class='ocrx_word' id='word_1_744' title='bbox 2053 4836 2153 4889; x_wconf 71' lang='lat' dir='ltr'><strong>s;bi</strong></span> <span class='ocrx_word' id='word_1_745' title='bbox 2181 4836 2429 4906; x_wconf 74' lang='lat' dir='ltr'><strong>iniuriam</strong></span> <span class='ocrx_word' id='word_1_746' title='bbox 2460 4837 2577 4893; x_wconf 81' lang='lat' dir='ltr'><strong>ﬁeri</strong></span> <span class='ocrx_word' id='word_1_747' title='bbox 2614 4847 2762 4892; x_wconf 82' lang='lat' dir='ltr'><strong>ratus</strong></span> <span class='ocrx_word' id='word_1_748' title='bbox 2779 4848 2883 4900; x_wconf 89' lang='lat' dir='ltr'><strong>est,</strong></span> <span class='ocrx_word' id='word_1_749' title='bbox 2914 4836 3051 4903; x_wconf 86' lang='lat' dir='ltr'><strong>apud</strong></span> <span class='ocrx_word' id='word_1_750' title='bbox 3079 4836 3310 4906; x_wconf 74' lang='lat' dir='ltr'><strong>propria:</strong></span> <span class='ocrx_word' id='word_1_751' title='bbox 3336 4834 3621 4903; x_wconf 63' lang='lat' dir='ltr'><strong>provincim</strong></span> 
     </span>
    </p>
   </div>
   <div class='ocr_carea' id='block_1_108' title="bbox 2052 4926 2871 4996">
    <p class='ocr_par' dir='ltr' id='par_1_108' title="bbox 2052 4926 2871 4996">
     <span class='ocr_line' id='line_1_108' title="bbox 2052 4926 2871 4996; baseline 0.004 -18"><span class='ocrx_word' id='word_1_752' title='bbox 2052 4926 2313 4996; x_wconf 82' lang='lat' dir='ltr'><strong>synodum</strong></span> <span class='ocrx_word' id='word_1_753' title='bbox 2343 4927 2606 4983; x_wconf 86' lang='lat' dir='ltr'><strong>actionem</strong></span> <span class='ocrx_word' id='word_1_754' title='bbox 2635 4943 2871 4983; x_wconf 89' lang='lat' dir='ltr'><strong>movere.</strong></span> 
     </span>
    </p>
   </div>
   <div class='ocr_carea' id='block_1_109' title="bbox 2625 5018 3073 5075">
    <p class='ocr_par' dir='ltr' id='par_1_109' title="bbox 2625 5018 3073 5075">
     <span class='ocr_line' id='line_1_109' title="bbox 2625 5018 3073 5075; baseline 0.002 -1"><span class='ocrx_word' id='word_1_755' title='bbox 2625 5018 2849 5074; x_wconf 83' lang='lat' dir='ltr'><strong>CANON</strong></span> <span class='ocrx_word' id='word_1_756' title='bbox 2888 5018 3073 5075; x_wconf 76' lang='lat' dir='ltr'><strong>XXVI.</strong></span> 
     </span>
    </p>
   </div>
   <div class='ocr_carea' id='block_1_110' title="bbox 2060 5105 3616 5180">
    <p class='ocr_par' dir='ltr' id='par_1_110' title="bbox 2060 5105 3616 5180">
     <span class='ocr_line' id='line_1_110' title="bbox 2060 5105 3616 5180; baseline 0 -21"><span class='ocrx_word' id='word_1_757' title='bbox 2060 5131 2076 5159; x_wconf 78' lang='grc' dir='ltr'><strong>ι</strong></span> <span class='ocrx_word' id='word_1_758' title='bbox 2140 5109 2520 5180; x_wconf 84' lang='lat' dir='ltr'><strong>Presbyterum</strong></span> <span class='ocrx_word' id='word_1_759' title='bbox 2601 5127 2695 5179; x_wconf 88' lang='lat' dir='ltr'><strong>per</strong></span> <span class='ocrx_word' id='word_1_760' title='bbox 2752 5111 3108 5179; x_wconf 83' lang='lat' dir='ltr'><strong>ignorantiam</strong></span> <span class='ocrx_word' id='word_1_761' title='bbox 3172 5108 3368 5163; x_wconf 83' lang='lat' dir='ltr'><strong>illicitis</strong></span> <span class='ocrx_word' id='word_1_762' title='bbox 3418 5105 3616 5173; x_wconf 86' lang='lat' dir='ltr'><strong>nuptiis</strong></span> 
     </span>
    </p>
   </div>
   <div class='ocr_carea' id='block_1_111' title="bbox 2130 5197 3613 5271">
    <p class='ocr_par' dir='ltr' id='par_1_111' title="bbox 2130 5197 3613 5271">
     <span class='ocr_line' id='line_1_111' title="bbox 2130 5197 3613 5271; baseline -0.001 -20"><span class='ocrx_word' id='word_1_763' title='bbox 2130 5220 2148 5251; x_wconf 81' lang='grc' dir='ltr'><strong>ι</strong></span> <span class='ocrx_word' id='word_1_764' title='bbox 2184 5202 2511 5271; x_wconf 70' lang='lat' dir='ltr'><strong>implicatum</strong></span> <span class='ocrx_word' id='word_1_765' title='bbox 2539 5217 2661 5257; x_wconf 87' lang='lat' dir='ltr'><strong>esse</strong></span> <span class='ocrx_word' id='word_1_766' title='bbox 2683 5205 2899 5271; x_wconf 84' lang='lat' dir='ltr'><strong>quidem</strong></span> <span class='ocrx_word' id='word_1_767' title='bbox 2946 5202 3216 5256; x_wconf 66' lang='lat' dir='ltr'><strong>cathedrae</strong></span> <span class='ocrx_word' id='word_1_768' title='bbox 3255 5197 3567 5268; x_wconf 87' lang='lat' dir='ltr'><strong>participem</strong></span> <span class='ocrx_word' id='word_1_769' title='bbox 3596 5234 3613 5259; x_wconf 88' lang='lat'><strong>,</strong></span> 
     </span>
    </p>
   </div>
   <div class='ocr_carea' id='block_1_112' title="bbox 2129 5289 3611 5365">
    <p class='ocr_par' dir='ltr' id='par_1_112' title="bbox 2129 5289 3611 5365">
     <span class='ocr_line' id='line_1_112' title="bbox 2129 5289 3611 5365; baseline -0.002 -25"><span class='ocrx_word' id='word_1_770' title='bbox 2129 5313 2144 5340; x_wconf 83' lang='grc' dir='ltr'><strong>ι</strong></span> <span class='ocrx_word' id='word_1_771' title='bbox 2187 5292 2479 5345; x_wconf 88' lang='lat' dir='ltr'><strong>secundum</strong></span> <span class='ocrx_word' id='word_1_772' title='bbox 2504 5307 2565 5345; x_wconf 91' lang='lat' dir='ltr'><strong>ea</strong></span> <span class='ocrx_word' id='word_1_773' title='bbox 2599 5307 2716 5360; x_wconf 73' lang='lat' dir='ltr'><strong>qua:</strong></span> <span class='ocrx_word' id='word_1_774' title='bbox 2736 5302 2863 5346; x_wconf 85' lang='lat' dir='ltr'><strong>sunt</strong></span> <span class='ocrx_word' id='word_1_775' title='bbox 2892 5292 2943 5344; x_wconf 89' lang='lat' dir='ltr'><strong>in</strong></span> <span class='ocrx_word' id='word_1_776' title='bbox 2967 5305 3122 5365; x_wconf 82' lang='lat' dir='ltr'><strong>sacro</strong></span> <span class='ocrx_word' id='word_1_777' title='bbox 3146 5302 3353 5365; x_wconf 66' lang='lat' dir='ltr'><strong>canone</strong></span> <span class='ocrx_word' id='word_1_778' title='bbox 3375 5289 3611 5346; x_wconf 87' lang='lat' dir='ltr'><strong>decreta,</strong></span> 
     </span>
    </p>
   </div>
   <div class='ocr_carea' id='block_1_113' title="bbox 2128 5363 3618 5452">
    <p class='ocr_par' dir='ltr' id='par_1_113' title="bbox 2128 5363 3618 5452">
     <span class='ocr_line' id='line_1_113' title="bbox 2128 5363 3618 5452; baseline -0.003 -18"><span class='ocrx_word' id='word_1_779' title='bbox 2128 5402 2145 5434; x_wconf 88' lang='grc' dir='ltr'><strong>ι</strong></span> <span class='ocrx_word' id='word_1_780' title='bbox 2183 5383 2476 5451; x_wconf 64' lang='lat' dir='ltr'><strong>a&#39;reliquis</strong></span> <span class='ocrx_word' id='word_1_781' title='bbox 2505 5394 2682 5437; x_wconf 82' lang='lat' dir='ltr'><strong>autem</strong></span> <span class='ocrx_word' id='word_1_782' title='bbox 2724 5363 3124 5452; x_wconf 78' lang='lat' dir='ltr'><strong>operationibus</strong></span> <span class='ocrx_word' id='word_1_783' title='bbox 3149 5363 3439 5434; x_wconf 76' lang='lat' dir='ltr'><strong>abstinere.</strong></span> <span class='ocrx_word' id='word_1_784' title='bbox 3491 5378 3618 5431; x_wconf 85' lang='lat' dir='ltr'><strong>Ete-</strong></span> 
     </span>
    </p>
   </div>
   <div class='ocr_carea' id='block_1_114' title="bbox 2128 5468 3616 5542">
    <p class='ocr_par' dir='ltr' id='par_1_114' title="bbox 2128 5468 3616 5542">
     <span class='ocr_line' id='line_1_114' title="bbox 2128 5468 3616 5542; baseline -0.001 -17"><span class='ocrx_word' id='word_1_785' title='bbox 2128 5495 2144 5525; x_wconf 83' lang='grc' dir='ltr'><strong>ι</strong></span> <span class='ocrx_word' id='word_1_786' title='bbox 2183 5477 2288 5528; x_wconf 86' lang='lat' dir='ltr'><strong>nim</strong></span> <span class='ocrx_word' id='word_1_787' title='bbox 2318 5477 2407 5531; x_wconf 86' lang='lat' dir='ltr'><strong>tali</strong></span> <span class='ocrx_word' id='word_1_788' title='bbox 2441 5476 2574 5531; x_wconf 87' lang='lat' dir='ltr'><strong>satis</strong></span> <span class='ocrx_word' id='word_1_789' title='bbox 2598 5487 2703 5542; x_wconf 88' lang='lat' dir='ltr'><strong>est,</strong></span> <span class='ocrx_word' id='word_1_790' title='bbox 2737 5478 2779 5529; x_wconf 89' lang='lat' dir='ltr'><strong>si</strong></span> <span class='ocrx_word' id='word_1_791' title='bbox 2810 5477 2959 5528; x_wconf 82' lang='lat' dir='ltr'><strong>venia</strong></span> <span class='ocrx_word' id='word_1_792' title='bbox 2992 5473 3168 5528; x_wconf 84' lang='lat' dir='ltr'><strong>detur.</strong></span> <span class='ocrx_word' id='word_1_793' title='bbox 3205 5470 3272 5528; x_wconf 91' lang='lat' dir='ltr'><strong>Ut</strong></span> <span class='ocrx_word' id='word_1_794' title='bbox 3316 5481 3492 5525; x_wconf 83' lang='lat' dir='ltr'><strong>autem</strong></span> <span class='ocrx_word' id='word_1_795' title='bbox 3527 5468 3616 5523; x_wconf 79' lang='lat' dir='ltr'><strong>alii</strong></span> 
     </span>
    </p>
   </div>
   <div class='ocr_carea' id='block_1_115' title="bbox 2127 5564 3617 5638">
    <p class='ocr_par' dir='ltr' id='par_1_115' title="bbox 2127 5564 3617 5638">
     <span class='ocr_line' id='line_1_115' title="bbox 2127 5564 3617 5638; baseline -0.003 -20"><span class='ocrx_word' id='word_1_796' title='bbox 2127 5587 2144 5618; x_wconf 82' lang='grc' dir='ltr'><strong>ι</strong></span> <span class='ocrx_word' id='word_1_797' title='bbox 2186 5568 2467 5622; x_wconf 82' lang='lat' dir='ltr'><strong>benedicat</strong></span> <span class='ocrx_word' id='word_1_798' title='bbox 2493 5569 2583 5638; x_wconf 90' lang='lat' dir='ltr'><strong>qui</strong></span> <span class='ocrx_word' id='word_1_799' title='bbox 2634 5569 2792 5623; x_wconf 83' lang='lat' dir='ltr'><strong>debet</strong></span> <span class='ocrx_word' id='word_1_800' title='bbox 2844 5583 2942 5622; x_wconf 86' lang='lat' dir='ltr'><strong>sua</strong></span> <span class='ocrx_word' id='word_1_801' title='bbox 2999 5581 3190 5622; x_wconf 85' lang='lat' dir='ltr'><strong>curare</strong></span> <span class='ocrx_word' id='word_1_802' title='bbox 3229 5564 3451 5618; x_wconf 83' lang='lat' dir='ltr'><strong>vulnera</strong></span> <span class='ocrx_word' id='word_1_803' title='bbox 3488 5601 3504 5627; x_wconf 89' lang='lat'><strong>,</strong></span> <span class='ocrx_word' id='word_1_804' title='bbox 3536 5569 3617 5615; x_wconf 86' lang='lat' dir='ltr'><strong>est</strong></span> 
     </span>
    </p>
   </div>
   <div class='ocr_carea' id='block_1_116' title="bbox 2128 5655 3617 5722">
    <p class='ocr_par' dir='ltr' id='par_1_116' title="bbox 2128 5655 3617 5722">
     <span class='ocr_line' id='line_1_116' title="bbox 2128 5655 3617 5722; baseline -0.006 -12"><span class='ocrx_word' id='word_1_805' title='bbox 2128 5678 2145 5710; x_wconf 84' lang='grc' dir='ltr'><strong>ι</strong></span> <span class='ocrx_word' id='word_1_806' title='bbox 2184 5661 2559 5722; x_wconf 72' lang='lat' dir='ltr'><strong>incongruum.</strong></span> <span class='ocrx_word' id='word_1_807' title='bbox 2604 5660 2913 5715; x_wconf 80' lang='lat' dir='ltr'><strong>Benedictio</strong></span> <span class='ocrx_word' id='word_1_808' title='bbox 2941 5660 3083 5716; x_wconf 85' lang='lat' dir='ltr'><strong>enim</strong></span> <span class='ocrx_word' id='word_1_809' title='bbox 3122 5667 3202 5713; x_wconf 78' lang='lat' dir='ltr'><strong>est</strong></span> <span class='ocrx_word' id='word_1_810' title='bbox 3232 5655 3617 5712; x_wconf 76' lang='lat' dir='ltr'><strong>sanctiﬁcatio-</strong></span> 
     </span>
    </p>
   </div>
  </div>
