4110 6224
544 306 649 374 619

1790 300 2064 363 'I‘IIEGD.
2104 300 2195 358 BA
2206 301 2505 361 LSAMON

3659 297 3771 363 6&0

616 416 809 473 BALS.
851 413 1112 475 Armenii,
1147 425 1270 469 cum
1314 409 1435 464 aliis
1464 425 1583 479 quae
1611 424 1693 465 ets
1731 408 1956 464 aderant
1990 413 2096 464 tne-

2273 411 2467 464 ΒΑΛΣ.
2505 412 2568 463 Ol
2611 407 2886 482 Ἀρμένιοι
2921 408 3059 479 μετὰ
3089 408 3196 462 τῶν
3240 406 3559 478 προσουσῶν
3588 410 3775 473 αὐτοῖς

547 515 775 577 resibus,
811 509 929 565 solo
955 508 1082 561 vino
1112 506 1165 559 in
1196 503 1398 559 sanctis
1424 503 1697 573 mysteriis
1724 503 1802 559 nsi
1839 512 1965 557 sunt
1999 518 2015 557 :
2048 513 2104 557 et

544 604 792 660 dicebant
822 614 881 656 se
909 598 1085 653 facere
1139 607 1531 663 consequenter
1561 594 1646 655 iis.
1679 608 1799 661 quae
1837 609 1865 646 a
1912 609 2104 662 magno

548 695 797 752 Ecclesia:
822 694 1061 755 doctore,
1094 689 1382 756 linguaque
1407 701 1597 747 aureo,
1621 683 1831 741 Joanne
1866 685 2103 755 Chryso-

546 799 718 843 stemo
759 784 1063 852 conscripta
1090 790 1214 837 sunt
1248 781 1299 834 in
1332 796 1429 833 sua
1458 779 1730 849 Evangelii
1782 780 2105 845 interpreta-

547 884 689 936 tione
713 880 1011 935 secundum
1044 876 1386 936 Mattltaeum;
1420 887 1537 942 qua:
1578 882 1829 936 tractant,
1859 888 1966 926 non
2008 886 2105 939 per

547 988 762 1042 aquam,
797 971 891 1025 sed
921 970 1104 1023 vinum
1155 982 1367 1021 sacrum
1414 965 1634 1019 calicem
1667 964 1945 1029 exhiberi;
1979 978 2100 1017 cum

546 1080 723 1119 tamen
759 1078 862 1117 non
891 1062 1081 1115 doceat
1126 1071 1344 1115 sanctus
1388 1073 1485 1128 per
1514 1057 1689 1115 solum
1720 1057 1902 1109 vinum
1951 1056 2103 1109 obla-

539 1160 745 1211 tionem
788 1155 934 1225 fieri.
979 1152 1091 1207 Hoc
1125 1166 1274 1219 ergo,
1307 1151 1449 1219 quod
1493 1148 1569 1202 sic
1613 1147 1671 1200 fit
1703 1149 1770 1200 al)
1808 1146 2104 1206 Armeniis,

544 1250 915 1305 snbvertentes
940 1245 1102 1299 divini
1132 1245 1344 1303 Patres,
1375 1257 1471 1310 per
1505 1240 1684 1293 vinum
1717 1250 1773 1293 et
1797 1254 1988 1308 aquam
2020 1253 2108 1292 sa-

536 1358 693 1394 crum
727 1339 950 1393 calicem
985 1336 1167 1389 offerri
1203 1344 1449 1403 oportere
1481 1339 1806 1393 statuerunt,
1840 1332 2104 1399 interpre-

547 1444 723 1486 tantes
756 1430 919 1485 verba
950 1426 1353 1497 Chrysostomi,
1383 1441 1489 1480 non
1535 1434 1592 1477 ut
1633 1423 1700 1476 ab
1728 1422 1998 1476 Armeniis
2028 1423 2109 1475 di-

540 1524 768 1576 cebatur
788 1535 907 1574 esse
931 1519 1261 1588 accipienda;
1288 1509 1379 1571 sed
1403 1516 1468 1569 ad
1502 1514 2104 1584 Hydmparastatarnm,

545 1613 632 1679 qui
670 1596 767 1680 per
794 1624 989 1679 aquam
1022 1608 1190 1661 solam
1236 1606 1409 1661 sancti
1444 1604 1628 1660 calicis
1655 1603 1978 1659 oblationem
2024 1603 2103 1656 fa-

544 1684 776 1768 ciebant,
812 1703 1031 1767 ltmresis
1058 1700 1395 1753 eversionem
1439 1712 1559 1751 esse
1607 1697 1933 1765 conscripta.
1968 1696 2111 1751 Con-

2210 503 2386 557 ἄλλων
2410 501 2674 572 αἱρέσεων
2696 502 2824 569 οϊνῳ
2869 502 3013 571 μόνῳ
3043 501 3339 570 κέχρηνται
3374 500 3433 552 ὲν
3454 502 3571 563 τοῖς
3596 501 3773 568 ἁγίοις

2213 595 2575 667 μυστηρίοις’
2621 595 2715 650 καὶ
2766 588 2981 663 λέγουσι
3026 594 3187 646 τοῦτο
3238 595 3416 646 ποιεῖν
3459 594 3779 658 ἀκολούθως

2209 690 2321 750 τοῖς
2367 688 2630 757 γραφεῖσι
2659 687 2811 757 παρὰ
2852 686 2945 739 τοῦ
2991 686 3231 761 μεγάλου
3273 687 3372 754 τῆς
3435 685 3778 756 Ἐκκλησίας

2210 781 2533 833 διδασκάλου
2565 781 2660 833 καὶ
2684 780 2888 850 χρυσοῦ
2910 779 3007 849 τὴν
3035 778 3287 844 γλῶτταν
3330 778 3580 833 Ἰωάννου
3618 781 3676 831 ὲν
3704 782 3774 848 τῇ

2213 870 2293 931 είς
2334 869 2393 921 τὸ
2422 872 2560 921 κατᾶ
2593 871 2868 922 Ματθαῖον
2917 869 3250 937 Εύαγγέλιον
3282 870 3542 939 ἐξηγήσει
3580 871 3777 933 αὐτοῦ,

2211 963 2323 1024 τοῖς
2353 960 2777 1029 διαλαμῦἀνουσι
2805 962 2878 1028 μὴ
2904 961 2972 1014 δι’
3005 961 3196 1023 ὕδατος
3232 963 3293 1013 τὸ
3333 962 3489 1028 ἆγιον
3516 963 3782 1031 ποτήριον

2213 1051 2607 1118 προσάγεσθαι,
2640 1050 2883 1104 ἀλλὰθδί
2912 1051 3057 1103 οἴνου
3079 1068 3093 1082 ο
3125 1055 3219 1104 καὶ
3262 1056 3437 1104 ταῦτα
3474 1051 3571 1105 τοῦ
3615 1053 3780 1115 ἁγίου

2218 1143 2293 1213 μὴ
2335 1142 2677 1204 διδάσκοντος
2708 1143 2797 1195 διὰ
2840 1134 2985 1195 οἴνου
3045 1144 3207 1213 μόνου
3282 1143 3377 1213 τὴν
3404 1146 3776 1214 προσαγωγὴν

2213 1235 2479 1302 γίνεσθαι.
2512 1234 2622 1305 Τὴν
2644 1235 2775 1302 γοῦν
2805 1234 2947 1288 οὕτω
2968 1238 3260 1303 γινομένην
3280 1235 3467 1289 θυσίαν
3498 1236 3649 1305 πα
3670 1236 3781 1286 τῶν

2226 1323 2527 1395 Ἀρμενίων
2574 1326 2972 1394 ἀνατρέποντες
3018 1327 3067 1378 οί
3108 1327 3239 1379 θεῖοι
3288 1328 3553 1397 Πατέρες,
3594 1328 3788 1397 διωρί-

2216 1435 2384 1470 σαντο
2412 1418 2502 1470 διὰ
2536 1419 2679 1470 οἴνου
2716 1419 2811 1471 καὶ
2856 1418 3047 1480 ὓδατος
3099 1420 3241 1488 ίερῖν
3275 1424 3536 1488 ποτήριον
3566 1422 3786 1488 προσά-

2214 1507 2429 1577 γεσθαι,
2456 1509 2895 1579 ἐρμηνεύσαντες
2916 1508 2983 1561 τὰ
3007 1510 3430 1578 Χρυσοστομικὰ
3453 1510 3676 1579 ῥήματα
3707 1510 3785 1579 μὴ

2217 1600 2654 1670 ὲκλαμὸἁνεσθαι
2686 1600 2822 1670 πρὸς
2859 1602 2929 1653 τὰ
2955 1601 3107 1671 παρὰ
3142 1602 3251 1654 τῶν
3289 1603 3593 1672 Ἀρμενίων
3623 1603 3787 1669 λεγὸ-

2221 1711 2376 1763 μενα,
2429 1693 2545 1746 ἀλλ’
2592 1695 2673 1757 είς
2723 1694 3006 1765 ἀναίρεσιν
3041 1696 3319 1764 γραφῆναι
3367 1694 3468 1764 τῆς
3512 1696 3787 1765 αἱρέσεως

546 1793 732 1847 fntatis
753 1806 879 1861 ergo
907 1806 969 1844 ac
991 1790 1192 1844 collisis
1223 1788 1444 1856 iis,qua3
1472 1787 1540 1841 ab
1569 1786 1703 1856 ipsis
1725 1786 1937 1840 decreta
1967 1794 2115 1849 sunt,

2219 1785 2327 1839 τῶν
2383 1785 2936 1857 ’Υδροπαραστατῶν,
2972 1788 3082 1840 τῶν
3117 1785 3186 1839 δι’
3231 1786 3425 1850 ὕδατος
3479 1787 3643 1856 μόνου
3681 1786 3787 1856 τὴν

544 1896 599 1940 ct
625 1902 687 1939 ex
724 1885 906 1938 multis
944 1883 1087 1942 aliis.
1126 1894 1181 1935 et
1211 1896 1276 1935 ex
1323 1882 1522 1933 tradito
1552 1880 1716 1934 etiam
1764 1876 2035 1932 sacriﬁcio
2079 1890 2113 1931 a

546 1977 799 2047 praedicto
824 1984 1008 2028 sancto
1028 1973 1208 2032 Patre,
1230 1983 1284 2027 et
1310 1986 1341 2025 a
1369 1985 1565 2041 magno
1586 1969 1807 2035 Basilio,
1834 1969 2115 2041 episcopos

537 2082 599 2123 et
632 2070 974 2138 presbyteros
1008 2064 1335 2131 depositioni
1387 2062 1755 2132 subiecerunt,
1802 2062 1896 2130 qui
1944 2061 2115 2117 sancti

548 2162 736 2215 ralicis
761 2159 1089 2212 sacrificium
1127 2172 1221 2226 per
1255 2156 1363 2209 vini
1413 2164 1469 2210 et
1510 2170 1664 2225 aqua!
1708 2155 1962 2210 unionem
2009 2169 2112 2209 non

544 2256 782 2310 faciunt.
837 2252 961 2308 llaec
1020 2262 1201 2306 autent
1254 2250 1435 2315 divina
1485 2248 1798 2303 incitatione
1859 2244 2113 2301 commoti

513 2353 941 2417 ‘pratceperunt.
968 2343 1026 2397 In
1067 2342 1249 2397 divina
1290 2339 1433 2395 enim
1479 2339 1729 2408 passione
1781 2337 1875 2392 Dei
1920 2346 1974 2391 et
2016 2333 2122 2390 Do—'

549 2439 679 2492 mini
715 2437 888 2491 nostri
933 2432 1064 2489 Jesn
1110 2433 1334 2497 Christi,
1369 2448 1473 2487 non
1520 2432 1833 2501 sanguinem
1882 2438 2112 2492 tantum,

538 2532 639 2585 sed
675 2531 839 2584 etiam
866 2541 1059 2595 aquam
1088 2524 1273 2580 ctttisit
1298 2523 1414 2591 ejus
1448 2536 1544 2592 per
1579 2522 1821 2577 lanceam
1859 2530 2112 2591 punctum

540 2618 709 2684 latus,
740 2631 798 2675 ut
845 2619 1073 2674 duarum
1123 2616 1243 2686 ejus
1288 2625 1605 2670 naturarum
1665 2629 1771 2668 non
1831 2612 2113 2668 confusam

542 2714 803 2767 unionem
860 2711 1191 2766 ostenderet.
1235 2705 1373 2763 Nota
1421 2722 1572 2776 ergo,
1618 2708 1759 2776 quod
1798 2721 1826 2759 a
1863 2704 2115 2775 praesenti

550 2818 757 2859 ratione
810 2804 927 2857 dure
981 2802 1212 2857 haareses
1257 2800 1645 2855 subverttmtur
1685 2816 1699 2852 :
1740 2812 1846 2852 una
1898 2796 2114 2867 quidem

554 2896 1159 2967 llydroparastatarum,
1190 2890 1283 2961 qui
1310 2888 1423 2945 sola
1451 2904 1591 2959 aqua
1633 2889 1686 2943 in
1729 2888 1902 2943 sancti
1932 2885 2115 2941 calicis

552 2987 821 3041 saerilicio
861 2992 1122 3051 utuntur;
1155 2984 1262 3038 alia
1291 2990 1471 3037 autem
1498 2979 1898 3043 Armeniorum,
1938 2979 2028 3049 qui
2063 2978 2116 3032 id

550 3095 646 3148 per
702 3081 886 3132 vinum
930 3076 1104 3132 solum
1171 3075 1395 3130 faciunt.
1455 3072 1719 3140 Quoniam
1775 3082 1952 3126 autem
2008 3085 2114 3124 non

2216 1878 2582 1948 προσαγωγὴν
2623 1878 2718 1930 τοῦ
2754 1878 2914 1945 ἁγίου
2956 1878 3217 1949 ποτηρίου
3248 1879 3610 1946 ποιουμένων.
3641 1880 3787 1946 Συγ-

2214 1971 2581 2041 κροτήσαντες
2625 1972 2695 2024 τὰ
2748 1974 2901 2042 παρὰ
2961 1971 3167 2024 τούτων
3218 1971 3557 2042 διορισθέντα
3606 1970 3670 2023 ἐκ
3721 1988 3786 2022 τε

2215 2067 2391 2122 ἄλλων
2424 2066 2657 2132 πολλῶν,
2704 2066 2843 2120 ἁλλὰ
2873 2066 2980 2138 μὴν
3015 2069 3109 2121 καὶ
3142 2069 3206 2119 ἐκ
3244 2067 3346 2138 τῆς
3379 2066 3784 2139 παραδοθείσης

2217 2160 2408 2221 θυσίας
2452 2161 2608 2230 παρὰ
2648 2177 2709 2214 τε
2738 2160 2833 2214 τοῦ
2872 2161 3132 2233 ῥηθέντος
3155 2162 3312 2228 ἁγίου
3347 2161 3558 2229 Πατρὸς
3595 2160 3784 2230 ἡμῶν,

2217 2252 2310 2303 καὶ
2339 2252 2492 2321 παρὰ
2530 2251 2624 2305 τοῦ
2679 2252 2920 2320 μεγάλου
2955 2251 3261 2316 Βασιλείου,
3300 2252 3787 2321 καθαιρέσει-ὑπέ-

2217 2342 2381 2397 6αλον
2409 2346 2535 2407 τοὺς
2576 2346 2907 2405 ἐπισκόπους
2930 2348 3026 2397 καὶ
3057 2345 3184 2407 τοὺς
3212 2344 3621 2414 πρεσὸυτὲρους
3649 2346 3783 2408 τοὺς

2220 2438 2296 2506 μὴ
2339 2440 2629 2500 ποιοῦντας
2663 2436 2761 2507 τὴν
2808 2437 3000 2490 θυσίαν
3049 2436 3144 2490 τοῦ
3186 2438 3348 2504 ἁγίου
3381 2436 3641 2509 ποτηρίου
3691 2436 3782 2491 διὰ

2218 2528 2409 2592 ὓδατος
2435 2530 2677 2591 ἐνώσεως
2706 2530 2801 2582 καὶ
2818 2530 2985 2583 οἴνου.
3006 2529 3192 2583 Ταῦτα
3204 2530 3262 2582 δὲ
3294 2530 3783 2600 παρεκελεύσαντο

2218 2618 2565 2689 θεοκινήτως.
2621 2621 2711 2675 Ἐν
2742 2623 2850 2689 γὰρ
2892 2622 2971 2691 τῷ
3014 2620 3146 2692 θείῳ
3177 2621 3342 2675 πάθει
3376 2619 3470 2675 τοῦ
3498 2620 3633 2674 Θεοῦ
3684 2623 3785 2674 καὶ

2217 2712 2471 2782 Σωτῆρος
2523 2712 2683 2782 ἡμῶν
2748 2713 2922 2784 Ἰησοῦ
2980 2713 3219 2784 Χριστοῦ
3277 2714 3376 2784 οὐχ
3424 2708 3563 2783 αἷμα
3596 2714 3785 2784 μόνον,

2217 2801 2354 2854 ἁλλὰ
2383 2801 2477 2854 καὶ
2504 2801 2648 2873 ὕδωρ
2682 2804 2951 2873 ἐξήγαγεν
2997 2803 3141 2874 ήδιὰ
3166 2802 3371 2872 λόγχης
3400 2804 3630 2870 νυγεῖσα
3662 2802 3786 2856 θεία

2215 2895 2407 2949 τούτου
2465 2896 2698 2968 πλευρὰ,
2752 2899 2839 2950 ἴνα
2872 2897 2970 2968 τὴν
3020 2897 3126 2950 τῶν
3177 2897 3273 2950 δύο
3328 2898 3520 2949 τούτου
3564 2895 3789 2962 φύσεων

2170 3044 2177 3055 ,
2217 2991 2543 3061 παραστήσῃ
2572 2990 2875 3060 ἀσύγχυτον
2892 2990 3105 3044 ἕνωσιν.
3132 2990 3444 3060 Σημείωσαι
3468 2985 3561 3043 οὖν
3582 2991 3663 3042 ὅτι
3688 2989 3784 3042 δύο

2213 3082 2460 3153 αἱρέσεις
2506 3082 2906 3151 ἀνατρέπονται
2944 3080 3034 3135 διὰ
3065 3082 3160 3136 τοῦ
3200 3083 3468 3149 παρόντος
3496 3099 3648 3145 καν..
3682 3084 3783 3152 μία

552 3172 723 3225 solum
781 3168 1046 3233 Armenii,
1101 3166 1197 3223 sed
1244 3166 1406 3221 etiam
1470 3164 1649 3220 Latini
1711 3163 2113 3250 reprehendunt

2220 3178 2318 3247 μὲν
2351 3177 2461 3228 τῶν
2522 3175 3070 3247 ’Υδροπαραστατῶν,
3120 3176 3231 3229 τῶν
3282 3177 3580 3247 χρωμένων
3628 3176 3786 3230 ὕδατι

551 3278 705 3332 aqua:
748 3260 1004 3317 ferventis
1051 3258 1104 3313 in
1153 3272 1365 3313 sacrum
1403 3256 1626 3311 calicem
1684 3256 2069 3311 immissionem
2097 3291 2114 3315 ,

554 3356 793 3406 dicentes
831 3366 952 3405 eam
993 3366 1099 3404 non
1148 3363 1271 3403 esse
1299 3347 1554 3401 traditam
1587 3340 1990 3413 ah'evangelico
2026 3342 2116 3397 vel

556 3442 817 3497 canonico
858 3449 1155 3512 praecepto,
1182 3450 1238 3494 et
1262 3439 1383 3493 ideo
1412 3437 1550 3492 male
1584 3438 1731 3503 ﬁeri,
1765 3448 1820 3501 et
1856 3422 2119 3495 adversus

558 3540 695 3589 hanc
718 3534 957 3588 divinant
986 3531 1356 3595 traditionem,
1384 3545 1504 3600 quae
1531 3531 1773 3586 decernit
1804 3546 1900 3601 per
1923 3547 2119 3601 aquam

559 3639 613 3684 et
639 3627 824 3681 vinum
861 3625 1163 3679 faciendam
1205 3625 1380 3680 sancti
1407 3624 1590 3679 calicis
1623 3625 1945 3680 oblationem
1978 3641 1993 3678 :
2027 3640 2123 3678 au-

555 3722 725 3782 diant,
749 3718 890 3786 quod
918 3716 1075 3787 193
1101 3717 1312 3772 fervens
1342 3718 1543 3782 addita,
1568 3732 1686 3787 quae
1709 3717 1770 3774 lit
1800 3732 1895 3786 per
1924 3732 2120 3786 aquam

556 3820 611 3863 et
648 3810 832 3863 vinum
865 3811 1035 3862 sancti
1066 3806 1272 3872 calieis,
1308 3808 1561 3863 unionem
1598 3824 1703 3863 non
1732 3819 1944 3876 mutat;
1982 3826 2122 3879 quo-

558 3904 703 3957 niam
735 3917 840 3957 non
869 3908 951 3955 est
985 3900 1187 3969 aliquid
1218 3901 1359 3954 aliud
1386 3911 1578 3970 printer
1608 3916 1828 3971 aquam.
1866 3902 2114 3971 Injicitur

558 4004 736 4046 autem
782 3994 847 4043 ad
880 3990 1320 4060 signiﬁcandum,
1370 3991 1513 4060 quod
1557 4002 1682 4046 sunt
1716 3992 1925 4046 viviﬁea
1952 4032 1967 4056 ,
2001 4008 2122 4063 quae

556 4100 621 4139 ex
649 4095 836 4139 sancto
890 4082 1099 4137 Domini
1151 4083 1322 4138 nostri
1359 4079 1488 4138 Jesu
1516 4080 1720 4137 Christi
1754 4083 1924 4138 latere
1953 4083 2123 4139 (luxe-

559 4187 704 4240 rnnt,
739 4178 960 4244 sanguis
990 4174 1196 4228 scilicet
1225 4184 1279 4229 et
1308 4189 1469 4243 aqua,
1491 4184 1547 4230 et
1571 4191 1677 4231 non
1707 4188 1918 4230 mortua
1943 4194 1957 4243 ;
1984 4193 2122 4245 quo-

559 4273 699 4321 niam
725 4283 789 4321 ex
817 4267 918 4320 hoc
946 4281 1158 4335 quoque
1188 4266 1433 4320 miraculi
1463 4266 1772 4336 magnitudo
1796 4270 2118 4325 ostenditur.

556 4362 690 4414 Cum
737 4362 878 4413 enim
914 4376 977 4413 ex
1012 4374 1240 4429 corpore
1290 4368 1499 4412 mortuo
1539 4367 1729 4428 suapte
1783 4371 1975 4414 natura
2018 4377 2121 4415 non

560 4459 729 4506 soleat
766 4452 978 4506 fervens
1005 4454 1225 4521 sanguis
1252 4444 1458 4520 egredi,
1490 4466 1555 4506 ex
1584 4467 1811 4522 corpore
1839 4453 2121 4509 Dominico

2222 3268 2369 3338 μόνῳ
2398 3270 2455 3320 ὲν
2485 3270 2549 3340 τῇ
2589 3267 2684 3321 τοῦ
2719 3268 2875 3329 ἁγίου
2904 3268 3167 3339 ποτηρίου
3208 3268 3370 3339 θυσίᾳ
3397 3284 3412 3299 σ
3450 3268 3613 3338 ἑτέρα
3649 3267 3708 3321 δὲ
3744 3270 3781 3337 ἡ

2219 3361 2328 3414 τῶν
2367 3361 2689 3430 Ἀρμενίων,
2710 3361 2818 3413 τῶν
2849 3360 2939 3413 διὰ
2971 3362 3116 3413 οἰνου
3149 3360 3309 3430 μόνου
3353 3360 3648 3413 ποιούντων
3682 3362 3784 3413 αύ-

2219 3454 2339 3521 τήν.
2380 3452 2621 3506 Ἐπεὶηδὲ
2662 3453 2722 3505 οὐ
2774 3452 2937 3523 μόνον
2989 3454 3040 3505 οἱ
3082 3453 3383 3521 ’Δρμένιοι,
3412 3454 3552 3506 ἁλλὰ
3599 3457 3694 3507 καὶ
3733 3455 3785 3506 οἱ

2221 3546 2440 3599 Λατῖνοι
2489 3544 2769 3599 αἰτιῶνται
2823 3546 2923 3616 τὴν
2954 3547 3034 3607 είς
3077 3546 3138 3598 τὸ
3164 3545 3323 3614 ἁγιον
3377 3547 3637 3618 ποτήριον
3685 3545 3785 3599 τοῦ

2224 3634 2436 3698 ζέοντος
2462 3634 2735 3705 είσσολὴν,
2768 3632 3020 3702 λέγοντες
3055 3634 3132 3705 μὴ
3164 3633 3539 3706 παραδοθῆναι
3577 3636 3785 3705 ταύτην

2224 3727 2332 3778 ἀπὸ
2386 3723 2813 3795 εύαγγελικῆςῆ
2852 3725 3144 3793 κανονικῆς
3197 3723 3598 3795 παραγγελίας,
3645 3728 3785 3780 κάν-

2224 3817 2415 3870 τεῦθεν
2451 3815 2697 3884 γίνεσθαι
2740 3815 2947 3881 κακῶς,
2980 3819 3076 3869 καὶ
3120 3817 3458 3881 ὑπεναντίως
3504 3818 3664 3888 δῆθεν
3716 3823 3786 3891 τῇ

2225 3913 2347 3981 θεία
2368 3911 2541 3982 ταύτῃ
2566 3910 2882 3979 παραδόσει,
2907 3912 2975 3981 τῇ
3002 3909 3351 3982 διοριζομένῃ
3380 3912 3451 3965 δι’
3476 3911 3666 3974 ὓδατος
3692 3926 3789 3966 και

2225 4003 2369 4054 οἴνου
2418 4001 2518 4069 τὴν
2550 3999 2643 4051 τοῦ
2687 3999 2844 4065 ἁγίου
2886 3998 3152 4069 ποτηρίου
3199 3998 3451 4067 γίνεσθαι
3496 4016 3791 4070 προσαγω-

2226 4096 2329 4161 γὴν
2354 4109 2369 4123 -
2418 4092 2816 4145 ἀκουσάτωσαν
2859 4090 2942 4143 ὅτι
2974 4091 3036 4143 τὸ
3069 4090 3191 4154 ζέον
3231 4076 3657 4163 προάτιθέμενον
3708 4092 3789 4161 (8)

2223 4184 2324 4254 τὴν
2353 4181 2423 4236 δι’
2449 4180 2637 4242 ὓδατος
2675 4182 2774 4237 καὶ
2798 4181 2942 4232 οἴνου
2982 4179 3178 4233 ἕνωσιν
3208 4179 3304 4232 τοῦ
3331 4179 3487 4249 ἁγίου
3520 4184 3787 4252 ποτηρίου

2223 4276 2284 4327 ού
2320 4273 2665 4344 μεταϐάλλει,
2699 4273 2782 4325 ὃτι
2812 4273 2855 4324 δ’
2885 4273 2985 4325 ούκ
3037 4272 3184 4324 ἐστιν
3216 4272 3406 4344 ἔτερόν
3458 4289 3511 4325 τι
3545 4278 3699 4343 παρὰ
3729 4275 3791 4327 τὸ

2226 4364 2391 4434 ὕδωρ.
2424 4363 2688 4417 Βάλλεται
2718 4362 2775 4413 δὲ
2823 4363 2903 4423 εἰς
2951 4359 3325 4432 πληροφορίαν
3370 4359 3462 4413 τοῦ
3484 4354 3624 4413 εἶναι
3656 4361 3795 4423 ζωο-

2225 4456 2356 4507 ποιὰ
2386 4454 2454 4507 τὰ
2488 4454 2597 4507 ἀπὸ
2628 4451 2727 4521 τῆς
2758 4452 2917 4519 ἁγίας
2954 4446 3197 4521 πλευρᾶς
3244 4449 3341 4503 τοῦ
3390 4452 3596 4519 Κυρίου
3629 4453 3795 4521 ἡμῶν

557 4544 716 4595 etiam
757 4553 878 4609 pOSt
908 4552 1133 4594 mortem
1164 4542 1383 4609 sanguis
1411 4551 1465 4595 et
1496 4557 1635 4610 aqua
1671 4542 1943 4597 ferventes
1964 4543 2115 4599 emu-

2238 4547 2417 4617 Ὶησοῦ
2445 4544 2685 4614 Χριστοῦ
2723 4542 3015 4613 ῥεύσαντα,
3042 4545 3100 4595 τὸ
3133 4539 3276 4611 αἷμα
3305 4538 3548 4610 δηλονότι
3601 4548 3695 4595 καὶ
3730 4546 3795 4596 τὸ

559 4645 777 4697 xerunt,
811 4642 869 4687 nt
895 4650 957 4688 ex
1003 4634 1217 4689 vivilico
1247 4650 1480 4705 corpore
1502 4635 1738 4690 viviiica.
1772 4636 1827 4690 Si
1862 4637 1984 4705 quis
2022 4653 2120 4691 au-

562 4740 665 4781 tem
719 4727 937 4788 dixerit,
978 4727 1041 4779 Et
1097 4741 1213 4793 cur,
1273 4734 1563 4796 antequam
1614 4729 1686 4783 sit
1743 4729 2116 4786 sanctificatus

557 4831 777 4874 sanctus
812 4819 973 4885 calix,
1007 4820 1218 4874 fervens
1260 4834 1396 4888 aqua
1436 4819 1504 4873 ad
1549 4820 1803 4875 unionem
1849 4836 1959 4887 non
1992 4820 2116 4891 inji-

562 4916 721 4971 t'iltlt',
760 4914 851 4966 sed
897 4923 1017 4981 post
1057 4912 1585 4967 sanetilicationem?
1633 4914 1847 4979 audiet,
1884 4916 2027 4985 quod
2075 4916 2123 4971 si

563 5007 871 5075 injiceretnr
918 5004 1133 5059 fervens
1167 5016 1407 5073 tempore
1436 5005 1671 5071 nuionis,
1705 5013 1771 5062 ad
1809 5017 2125 5064 sanctorum

563 5115 729 5164 ιμδιμιο
762 5098 1224 5167 participationem
1258 5096 1691 5168 refrigeraretur,
1714 5110 1769 5155 et
1794 5102 1953 5168 resin
1975 5100 2125 5172 prio-

2229 4640 2396 4709 ὕδωρ,
2423 4639 2516 4692 καὶ
2551 4638 2626 4708 μὴ
2659 4636 2863 4707 νεκρά·
2901 4635 3079 4689 ὅτιιητδ
3105 4634 3202 4687 τοῦ
3234 4634 3514 4707 θαύματος
3558 4635 3796 4706 μέγεθος

2227 4735 2324 4786 καὶ¹
2345 4736 2408 4784 ἐκ
2437 4730 2627 4782 τούτου
2654 4728 2990 4781 πιστεύεται.
3030 4728 3165 4782 Ἀπὸ
3190 4728 3296 4799 γὰρ
3321 4728 3516 4800 νεκροῦ
3538 4730 3795 4799 σώματος

2230 4827 2304 4895 μὴ
2338 4822 2646 4891 πεφυκότος
2676 4820 3007 4892 καταρῤἇειν
3056 4818 3271 4883 ζέοντος
3316 4820 3571 4889 αἵματος,
3606 4816 3672 4871 ὲκ
3694 4818 3787 4872 τοῦ

2228 4914 2512 4986 Κυριακοῦ
2568 4913 2822 4983 σώματος
2877 4912 2975 4965 καὶ
3029 4908 3167 4981 μετὰ
3228 4910 3461 4966 θάνατον
3503 4908 3646 4980 αἷμα
3698 4913 3811 4964 καὶ-

2232 5008 2376 5078 ὒδωρ
2411 5007 2601 5072 ζέοντα
2638 5006 2995 5076 ἐξέῥρευσαν,
3031 5007 3106 5060 ὼς
3145 5005 3208 5057 ὲκ
3235 5003 3505 5065 ζωοποιοῦ
3539 5004 3793 5074 σώματος

2236 5099 2498 5164 ζωοποιά.
2528 5099 2592 5153 Et
2621 5099 2679 5152 δέ
2719 5116 2803 5161 τις
2834 5099 2986 5170 εἴπῃ,
3012 5099 3122 5152 Καὶ
3163 5098 3251 5150 διὰ
3277 5096 3329 5150 τί
3360 5098 3470 5167 πρὸ
3500 5097 3596 5150 τοῦ
3628 5098 3794 5165 ἁγια-

1803 5213 2002 5277 Guill.
2034 5215 2366 5296 Beveregii
2407 5224 2595 5276 noue.

558 5317 748 5370 Jacobi
796 5317 875 5369 vel
917 5316 1089 5369 sancti
1130 5313 1295 5369 Marci
1337 5316 1605 5383 liturgiant
1656 5320 2122 5371 commemorari:

564 5389 838 5453 additque,
869 5384 1026 5438 Ἀλλὰ
1052 5389 1140 5438 καὶ
1164 5390 1196 5455 ἡ
1224 5386 1484 5456 καθολικὴ
1520 5388 1811 5455 Ἐκκλησία
1838 5387 1931 5439 τοῦ
1957 5389 2121 5453 ἁγιω·

561 5462 724 5507 τατου
756 5456 847 5507 καὶ
872 5458 1245 5523 οἱκουμενικού
1271 5458 1456 5520 θρόνου
1489 5457 1584 5522 τῆς
1616 5458 2124 5509 Κωνσταντινουπό-

564 5525 696 5585 item;
726 5524 831 5597 οὐδ’
858 5525 991 5597 ὅλως
1013 5529 1213 5588 ταύτας
1247 5529 1616 5597 ἐπιγινωσκει.
1650 5528 2010 5597 Ψηφιξόμεθα
2031 5526 2125 5580 ούν

573 5597 646 5661 μὴ
713 5590 854 5647 εἶναι
915 5595 1106 5656 δεκτας
1162 5590 1359 5660 αύτάςζ
1414 5595 1592 5665 Neque
1646 5590 1806 5649 etiam
1864 5590 2127 5651 catholica

560 5666 881 5717 sanctissimi
924 5675 969 5715 et
1013 5670 1311 5718 mcumenict
1347 5673 1516 5719 throni
1558 5667 2127 5734 Constantiuopolitani

562 5735 795 5788 Ecclesia
822 5736 929 5787 ullo
961 5735 1113 5787 modo
1138 5752 1227 5789 eas
1256 5739 1498 5806 titurg-ias
1525 5740 1777 5805 agnoscit.
1810 5737 2128 5792 Pronuntia-

2224 5318 2546 5387 mns-igitur
2593 5318 2689 5371 has
2735 5335 2836 5371 non
2885 5333 2993 5369 esse
3032 5314 3377 5387 recipiendas.
3425 5312 3658 5387 Bmsam.
3720 5310 3794 5364 ad

2226 5382 2693 5457 Marcfinterrog.
2751 5404 2789 5448 t,
2831 5388 2884 5440 in
2940 5387 3061 5439 Jur.
3110 5382 3203 5438 Gr.
3248 5382 3399 5437 Rom.
3468 5384 3505 5435 ι.
3560 5396 3611 5444 v,
3664 5395 3789 5449 pag.

2225 5458 2358 5517 562,
2385 5460 2511 5513 565.

2296 5530 2371 5599 (8)
2410 5529 2532 5599 Ὅτι
2558 5527 2625 5580 τὸ
2651 5526 2779 5586 ζέον
2802 5523 3291 5599 προστιθέμενον.
3325 5522 3544 5599 Eadem“,
3573 5534 3694 5599 gnat
3726 5521 3797 5576 de

2224 5590 2362 5667 aqua
2399 5598 2607 5653 fervida
2642 5590 3098 5664 sancto'poculo'
3123 5590 3791 5667 inimiscenda_Balsatnon

2226 5662 2474 5729 tradidit,
2525 5669 2720 5737 repetit
2776 5662 2942 5721 etiam
3001 5669 3054 5719 in
3108 5668 3384 5734 responsis
3428 5664 3497 5719 ad
3550 5662 3793 5717 Marcum

2226 5739 2677 5802 Alexandrinum,
2706 5737 2775 5793 ad
2810 5741 3075 5807 interrog.
3110 5738 3197 5791 18.
