4110 6224
567 311 676 377 623

1804 293 2078 354 THEOD.
2123 293 2515 354 BA'LSAMON

3681 282 3801 348 (ἒΞὲ

562 421 735 486 ipsum
769 413 921 470 nobis
963 408 1165 466 Christi
1213 405 1422 462 Domini
1473 418 1668 473 corpus
1711 411 1765 456 et
1791 403 2110 471 sanguinem

2233 405 2498 474 τοτήριον,
2531 403 2595 455 τὸ
2637 404 2799 470 σῶμα
2845 403 2935 459 καὶ
2961 402 3021 454 τὺ
3055 397 3198 469 αἷμα
3240 399 3337 450 τοῦ
3387 388 3598 469 κυρίου
3646 420 3800 470 παρ-

560 508 832 565 exhibent.
877 502 1009 557 Nam
1055 514 1246 569 pauent
1289 498 1402 552 suis
1452 496 1539 550 ille
1569 493 1781 564 quidem
1831 493 2105 562 discipulis

565 599 860 668 porrigens,
889 593 1136 660 Accipite,
1168 588 1434 652 comedite,
1467 587 1674 655 inquit;
1706 586 1803 637 hoc
1830 595 1905 638 est
1932 600 2116 649 corpus

565 705 731 744 meum
769 689 836 740 ⁸³.
883 686 1120 740 Calicem
1169 699 1297 738 vero
1355 681 1640 750 prmbens,
1694 679 1866 734 Bibit:
1914 695 1980 734 ea:
2025 678 2120 731 Itoc

566 797 761 843 omnes,
787 780 898 845 ait;
929 777 1011 831 hic
1037 785 1110 831 est
1129 777 1342 846 sanguis
1372 790 1535 840 meus,
1557 775 1645 844 qui
1669 789 1763 842 pro
1790 772 1930 826 vobis
1958 782 2004 826 et
2026 787 2119 840 pro

569 875 743 929 multis
780 871 1069 942 effunditur
1109 868 1177 922 “.
1207 868 1470 934 Quoniam
1502 882 1630 937 ergo
1677 867 1730 920 in
1764 865 1943 920 divina
1991 879 2122 933 pas-

568 969 739 1032 sione,
772 966 928 1020 hasta
973 962 1200 1030 traiecto
1245 960 1413 1014 latere
1449 959 1568 1028 ejus
1600 957 1918 1027 sanguinem
1963 969 2119 1009 suum

571 1055 824 1112 Dominus
867 1052 1164 1118 ell‘undens,
1211 1067 1315 1106 non
1362 1049 1674 1120 sanguinem
1719 1048 1912 1112 solum,
1945 1045 2036 1101 sed
2069 1056 2124 1100 et

486 1163 491 1171 '
569 1164 762 1218 aquam
786 1149 991 1212 emisit,
1038 1144 1277 1200 Ecclesia
1321 1142 1546 1211 proinde
1593 1141 1644 1195 itt
1692 1141 1863 1195 sacris
1908 1153 2124 1209 quoque

571 1241 840 1313 mysteriis
866 1239 1046 1294 vinum
1077 1237 1252 1292 infusa
1280 1250 1418 1302 aqua
1451 1235 1664 1290 misceri
1689 1233 1908 1288 omnino
1941 1246 2124 1287 neces-

570 1331 767 1388 sarium
809 1327 1157 1385 existimavit.
1192 1328 1387 1383 Verum
1429 1325 1668 1380 Armenii
1709 1325 1890 1378 vinum
1933 1323 1986 1377 in
2013 1339 2126 1395 my-

571 1425 706 1479 stica
761 1423 947 1478 mensa
1004 1435 1210 1476 merum
1286 1418 1651 1485 adhibebant,
1721 1417 1888 1472 divini
1947 1416 2124 1472 Patris

572 1513 940 1587 Chrysostomi
973 1512 1028 1566 in
1072 1502 1418 1580 Evangellum
1450 1508 1686 1566 Matthaei
1715 1508 2124 1580 explicationem

566 1606 624 1661 in
653 1607 769 1677 ejus
816 1611 1187 1674 argumentum
1236 1602 1582 1664 adducentes.
1625 1599 1702 1654 Eo
1751 1599 1912 1670 igitur
1941 1611 2127 1654 errore

572 1699 842 1762 damnato,
873 1695 1242 1766 Cltrysostoml
1287 1692 1450 1748 verba
1506 1691 1692 1746 Patres
1736 1691 1892 1760 hujus
1936 1689 2123 1759 synodi

567 1790 857 1861 explicant,
892 1762 1115 1858 qua—tque
1146 1787 1212 1842 iis
1241 1785 1503 1841 sententia
1527 1785 1598 1839 sit
1626 1783 1870 1852 Subjecta
1899 1781 2122 1835 denton-
2159 1762 2200 1816 Β

562 1891 764 1938 strant.
796 1879 907 1936 Nec
932 1877 1099 1946 enim,
1120 1877 1390 1948 inquiunt,
1425 1885 1483 1930 ut
1511 1875 1678 1930 solius
1714 1872 1824 1928 vini
1857 1871 2125 1942 potionem

561 1973 626 2027 in
670 1970 839 2027 sacris
888 1970 1156 2039 mysteriis
1205 1968 1557 2038 adhibendam
1609 1967 1860 2030 doceret,
1915 1968 2008 2018 sed
2070 1972 2129 2016 ut

575 2063 1170 2134 llydroparastatarum,
1211 2060 1314 2130 .qui
1343 2059 1453 2115 sola
1494 2073 1631 2127 aqua
1673 2072 1884 2112 sacrum
1928 2055 2129 2109 facien-

572 2157 700 2211 dum
747 2140 1128 2224 opinarentur.
1184 2153 1430 2208 heresim
1503 2149 1869 2214 convelleret,
1929 2163 2129 2216 eosque

567 2242 820 2299 Patribus
861 2241 1167 2310 sanctisque
1207 2239 1464 2311 apostolis
1513 2239 1786 2295 contraria
1834 2239 2036 2292 sentire
2077 2249 2131 2290 et

576 2336 752 2386 facere
782 2329 1024 2393 doceret,
1057 2343 1359 2384 sermonem
1415 2327 1563 2382 illum
1612 2326 1865 2382 instituit.
1917 2326 2128 2380 Etenim

567 2430 629 2476 et
651 2421 793 2491 ipse,
821 2420 873 2474 in
911 2419 1138 2476 ecclesia
1175 2435 1335 2488 quam
1369 2420 1560 2484 tenuit,
1588 2421 1769 2473 vinum
1814 2434 1951 2487 aqua
1996 2419 2132 2472 dilu-

578 2525 686 2566 tum
719 2513 772 2567 itt
815 2511 1037 2582 mystica
1077 2510 1350 2566 oblatione
1399 2510 1760 2564 adhibendum
1796 2509 2045 2571 tradidit.
2079 2519 2132 2561 et

575 2604 766 2672 reliqui
817 2603 1006 2658 Patres
1080 2601 1439 2673 Ecclesiaaque
1495 2601 1699 2656 lumina
1731 2604 2004 2656 eumdem
2054 2601 2134 2655 itt-

576 2696 784 2752 cruenti
831 2695 1082 2752 sacriﬁcii
1133 2709 1268 2764 pane
1303 2706 1357 2751 et
1392 2696 1536 2759 vino,
1585 2696 1813 2750 admista
1860 2709 2009 2764 aquae
2037 2711 2132 2763 po-

581 2787 757 2852 tione,
812 2787 1126 2844 conﬁciendi
1177 2786 1336 2840 ritum
1401 2784 1685 2839 tradidere.
1756 2785 1821 2838 Et
1877 2793 2130 2853 praetcrea

578 2881 711 2936 sexti
745 2879 900 2950 hujus
923 2879 1110 2951 synodi
1151 2876 1338 2932 Patres
1361 2876 1649 2944 subjiciunt
1670 2876 1752 2943 iis,
1780 2877 1868 2945 qui
1902 2893 2135 2945 praesen-

584 2983 689 3026 tem
714 2988 970 3030 canouem
1001 2971 1159 3043 195
1180 2970 1639 3040 transgrediuntur
1657 3010 1672 3034 ,
1691 2984 1810 3038 qua:
1838 2981 2135 3040 transgres-

2222 498 2446 550 ιστῶσιν
2487 498 2642 567 ἡμῖν.
2680 498 2783 549 Τὸν
2809 497 2918 565 γάρ
2958 497 3124 567 ἄρτον
3149 494 3325 555 διδοὺς
3358 498 3475 556 τοῖς
3505 496 3734 554 οἰκείοις
3769 501 3801 549 ὁ

2218 591 2423 660 Κύριος
2487 590 2780 660 μαθηταῖς,
2836 587 3078 648 Λάϐετε,
3134 584 3373 654 φάγετε,
3419 587 3568 655 ἔφη·
3615 589 3804 640 τοῦτό

2219 683 2350 734 ἐστι
2377 681 2442 733 τὸ
2463 680 2635 750 σῶμά
2662 698 2802 749 μου.
2829 681 2937 732 Καὶ
2968 681 3026 732 τὸ
3055 682 3314 748 ποτήριον
3331 681 3588 750 παρέχων
3602 682 3800 741 αὑτοῦ,

2225 777 2392 826 Πίετε
2417 774 2486 836 ἐξ
2521 774 2710 826 αὐτοῦ
2741 773 2982 838 πάντες,
3021 772 3125 840 ἔφη
3153 787 3167 800 ⁸
3199 771 3375 825 τοῦτό
3396 773 3527 824 ἐστι
3559 774 3627 824 τὸ
3652 769 3803 836 αἷμά

2217 879 2337 930 μου
2365 864 2430 915 τὸ
2491 862 2644 930 ὑπὲρ
2695 853 2862 931 ὑμῶἱθ
2913 861 3012 915 καί
3061 861 3310 914 πολλῶν
3357 862 3800 930 ἐκχυνόμειυν.

2234 956 2388 1009 Ἐπεὶ
2415 951 2507 1008 οὖν
2535 957 2592 1008 ὲν
2628 955 2704 1026 τῷ
2728 955 2856 1025 θείῳ
2887 956 3048 1007 πάθει
3077 955 3266 1017 αὑτοῦ,
3298 955 3471 1006 κενῶν
3505 955 3566 1005 τὸ
3590 957 3800 1006 οίκεῖον

2226 1034 2365 1108 αἷμα
2392 1043 2421 1094 ό
2455 1043 2658 1112 Κύριος
2693 1043 2950 1112 νυγείσης
2981 1042 3150 1114 λόγχῃ
3189 1043 3291 1112 τῆς
3321 1043 3563 1112 πλευρᾶς
3601 1043 3800 1106 αὑτοῦ,

2224 1133 2321 1202 οὐχ
2345 1130 2484 1203 αἷμα
2517 1136 2698 1204 μόνον,
2717 1136 2853 1189 ἀλλὰ
2876 1137 2968 1188 καὶ
2992 1135 3136 1206 ὓδωρ
3161 1135 3453 1205 ἐξήγαγεν,
3481 1135 3801 1203 ἀναγκαίως

2224 1228 2443 1290 πάντως
2472 1218 2542 1296 τῇ
2584 1228 2882 1299 Ἐκκλησία
2911 1227 3226 1297 νενόμισται
3251 1229 3308 1279 ἐν
3343 1230 3456 1290 τοῖς
3486 1229 3651 1297 ἱεροῖς
3688 1246 3795 1297 μυ-

2227 1317 2468 1386 στηρίοις
2503 1318 2645 1388 ὕδωρ
2666 1319 2744 1388 τῷ
2778 1320 2904 1389 οἴνῳ
2930 1303 3301 1390 παρακιρνᾷν.
3345 1318 3481 1371 Ἀλλ’
3511 1321 3561 1371 oi
3598 1320 3805 1389 Ἀρμέ-

2226 1425 2329 1462 νιοι
2351 1411 2479 1481 οἴνῳ
2515 1412 2660 1482 μόνῳ
2692 1411 2993 1482 ἐκέχρηντο
3040 1415 3098 1465 ἐν
3142 1416 3209 1483 τῇ
3245 1417 3482 1484 μυστικῇ
3516 1413 3799 1484 τραπέζῃ,

2185 1495 2188 1498 ’
2226 1502 2496 1574 χρώμενοι
2527 1505 2593 1573 τῇ
2626 1504 2705 1565 εἰς
2730 1503 2791 1555 τὸ
2817 1504 2956 1556 κατά
2983 1503 3261 1557 Ματθαῖον
3301 1506 3636 1572 Εὑαγγέλιον
3669 1505 3801 1571 ἐξη-

2225 1596 2382 1663 γήσει
2411 1595 2506 1648 τοῦ
2535 1596 2920 1665 Χρυσοστόμου
2952 1597 3045 1648 καὶ
3074 1596 3220 1648 θείου
3247 1598 3479 1666 Πατρός.
3505 1597 3677 1650 Τοῦτο
3701 1595 3802 1652 οὖν

2228 1688 2687 1756 ἀναιροῦντες,οί
2740 1689 2840 1757 τῆς
2894 1689 3112 1741 συνόδου
3172 1691 3378 1758 ταύτης
3439 1690 3682 1760 Πατέρες
3727 1692 3804 1743 τά

2231 1781 2450 1848 ῥήματα
2486 1780 2578 1833 τοῦ
2624 1782 3014 1850 Χρυσοστόμου
3048 1782 3143 1834 καὶ
3185 1781 3284 1851 τὴν
3329 1782 3507 1834 αὐτῶν
3539 1782 3788 1834 διάνοιαν

2231 1873 2626 1940 σαφηνίζουσι,
2647 1874 2743 1925 καί
2773 1890 2940 1942 φασιν
2974 1875 3057 1926 ὅτι
3077 1876 3176 1943 τὴν
3201 1875 3308 1926 τῶν
3354 1874 3807 1944 ’Υδροπαραστα-

2227 1964 2334 2014 τῶν
2366 1964 2576 2035 αἵρεσιν
2615 1965 2957 2035 ἀνατρέπων,
2988 1965 3040 2022 οἳ
3079 1966 3224 2035 μόνῳ
3257 1965 3414 2019 ὓδατι
3450 1967 3550 2038 τὴν
3595 1967 3801 2020 θυσίαν

2232 2056 2537 2125 ἱερουργεῖν
2562 2058 2799 2126 οἰόμενοι
2835 2061 3150 2128 κέχρηνται,
3182 2057 3276 2112 καὶ
3309 2058 3570 2113 δεικνύων
3597 2061 3804 2123 αὐτοὺς

2230 2150 2484 2210 ἐναντίως
2514 2152 2625 2212 τοῖς
2659 2150 2906 2218 Ιιατράσι
2951 2149 3046 2202 καὶ
3096 2152 3208 2212 τοῖς
3266 2153 3433 2220 ἱεροῖς
3476 2154 3803 2216 ortonam;

2233 2241 2630 2311 πορευομένους
2655 2243 2747 2294 καὶ
2767 2241 3076 2306 ποιοῦντας,
3101 2243 3194 2295 τὸν
3208 2245 3406 2296 οἰκεῖον
3427 2229 3804 2298 κατεσκεύασε

2232 2333 2404 2402 λόγον,
2449 2332 2563 2386 ἀλλ’
2585 2335 2684 2386 οὐκ
2723 2335 3035 2405 ἐπιτρέπων
3066 2331 3209 2389 οἶνον
3259 2337 3423 2405 μόνον
3451 2340 3509 2392 ἐν
3545 2343 3659 2403 τοῖς
3692 2359 3802 2410 μυ-

2234 2424 2475 2492 στηρίοις
2505 2423 2975 2492 παραλαμϐάνειν.
3009 2427 3118 2478 Καὶ
3149 2427 3303 2490 αὐτὸς
3333 2429 3439 2497 γὰρ
3461 2423 3614 2492 οὗτος
3642 2433 3699 2482 ἐν
3731 2436 3802 2502 τῇ

2233 2518 2349 2567 κατ’
2377 2517 2537 2568 αὑτὸν
2580 2516 2868 2585 Ἐκκλησία
2899 2513 3042 2569 οἶνον
3073 2519 3164 2570 καὶ
3195 2519 3338 2589 ὓδωρ
3362 2522 3417 2572 ἐν
3448 2527 3561 2582 τοῖς
3590 2540 3806 2592 μυστη-

2235 2609 2374 2679 ρίοις
2397 2608 2768 2678 λαμϐάνεσθαι
2801 2611 3174 2678 παραδέδωκε,
3211 2611 3305 2664 καὶ
3334 2613 3384 2664 οί
3415 2612 3592 2666 λοιποὶ
3626 2616 3807 2669 Πατέ-

2235 2718 2326 2771 ρες
2352 2701 2443 2752 καὶ
2493 2702 2776 2768 φωστῆρες
2819 2701 2918 2771 τῆς
2965 2703 3288 2772 Ἐκκλησίας
3315 2705 3804 2773 παραδεδώκασιν,

2233 2794 2384 2860 ἄρτῳ
2427 2793 2524 2844 καί
2566 2791 2693 2859 οἴνῳ
2723 2790 2875 2843 ὕδατι
2941 2794 3266 2863 μεμιγμένῳ
3313 2793 3411 2863 τὴν
3457 2795 3807 2865 ἀναίμακτον

2235 2885 2426 2936 θυσίαν
2466 2885 2756 2937 ἐπιτελεῖν.
2794 2885 2899 2936 Καὶ
2927 2885 3020 2937 ἐπὶ
3063 2886 3271 2948 τούτοις
3297 2887 3596 2955 ἐπάγουσιν
3617 2891 3669 2942 oi
3697 2891 3806 2958 τῆς
3900 2939 3902 2941 .

2234 2975 2396 3042 ἕκτης
2417 2974 2619 3042 ταύτης
2640 2976 2859 3029 συνόδου
2882 2979 2992 3038 τοῖς
3014 2979 3411 3048 παραϐαίνουσι
3434 2979 3800 3052 τδνιπαρόντα

582 3070 722 3126 sioni
749 3069 892 3139 justa
917 3065 1230 3120 credebant.
1263 3060 1398 3118 Nam
1431 3062 1477 3118 si
1507 3064 1788 3132 episcopus
1819 3061 2012 3129 aliquis
2043 3069 2134 3114 aut

2238 3069 2436 3120 κανόνα
2456 3068 2490 3122 ἃ
2515 3068 2602 3120 διὰ
2624 3068 2722 3137 τὴν
2769 3069 3081 3138 παράϐασιν
3116 3073 3424 3124 πείσονται·
3461 3075 3557 3126 καί
3595 3091 3762 3142 φασιν
3783 3089 3800 3103 °

583 3162 860 3233 presbyter
911 3165 1179 3234 acceptant
1247 3156 1316 3212 ab
1367 3154 1624 3226 apostolis
1687 3156 2130 3209 consuetudinem

584 3252 902 3322 neglexerit,
935 3264 998 3304 ac
1045 3239 1244 3313 vinum,
1297 3261 1434 3317 aqua
1478 3245 1784 3300 nullatenus
1834 3244 2034 3309 inlusa,
2082 3243 2134 3296 iit

584 3345 849 3402 sacrilicio
897 3341 1184 3413 purissimo
1226 3338 1496 3404 obtulerit,
1542 3337 1847 3401 hominem,
1900 3336 2136 3407 mysterii

583 3441 776 3508 quippe
809 3435 1122 3506 imperfecte
1152 3431 1409 3489 enuntiati
1459 3445 1633 3494 reum,
1683 3429 1874 3496 deponi
1923 3428 2134 3498 jubent.

583 3531 756 3585 [linus
809 3543 937 3583 vero
982 3515 1216 3595 perfecte
1279 3523 1590 3596 tnystcriutu
1643 3522 1920 3584 enuntiat,
1975 3521 2137 3588 quia,

583 3637 703 3676 cum
732 3635 794 3676 ex
832 3619 1106 3693 morientis
1157 3616 1365 3672 Domini
1419 3615 1588 3669 latere
1635 3613 1853 3682 sanguis
1893 3621 1946 3666 et
1999 3627 2138 3681 aqua

583 3711 764 3778 simul,
811 3721 870 3765 ut
917 3709 1172 3774 diximus,
1205 3707 1511 3780 etnauariut
1539 3745 1555 3771 ,
1603 3706 1924 3760 Sacriﬁcium
1959 3713 2137 3757 tamen

585 3805 697 3863 sola
725 3804 830 3860 vini
858 3802 1124 3858 oblatione
1169 3801 1516 3873 perﬁciendo,
1563 3814 1628 3854 ex
1663 3797 1872 3852 Domini
1917 3810 2141 3867 corpore

582 3898 894 3969 sanguinem
924 3895 1095 3952 solum
1127 3894 1352 3950 elfusunt
1372 3892 1556 3960 ,fuisse
1579 3904 1744 3960 opere
1775 3892 1892 3959 ipso
1922 3889 2140 3942 demon-

535 3983 544 3994 ’
583 4000 828 4056 strat,-et
868 3988 1036 4064 sacris
1084 3985 1531 4055 evangelistarutn
1587 3980 1908 4036 testimoniis
1953 3980 2144 4034 adver-

583 4095 754 4149 satur,
798 4091 851 4137 ct
906 4081 1102 4136 tradita
1157 4081 1424 4142 itnutntat,
1483 4079 1608 4131 dunt
1655 4075 1809 4143 juxta
1864 4074 2140 4144 antiquam

583 4173 1022 4231 consuetudinem
1054 4183 1156 4226 non
1189 4167 1474 4225 sacriﬁcat.

584 4263 812 4321 AltlST.
850 4285 868 4317 t
908 4263 1326 4333 Cbrysostontus
1369 4259 1945 4328 llydroparastatarunt
1993 4270 2143 4311 ever-

656 4379 672 4408 ι
717 4367 834 4412 tens
886 4357 1154 4419 haeresim,
1189 4351 1448 4418 Quando,
1503 4350 1666 4414 dicit,
1723 4359 1777 4402 ct
1825 4364 2013 4418 passus
2064 4357 2144 4402 est

661 4469 678 4499 ι
723 4447 977 4502 Dominus
1024 4455 1079 4499 ct
1135 4445 1446 4502 suscitatus.
1506 4444 1631 4495 vino
1690 4456 1816 4496 usus
1872 4451 1973 4495 est.
2025 4438 2139 4494 Hoc
2171 4444 2215 4499 D

659 4559 675 4586 ι
718 4537 1035 4604 arripientes
1087 4532 1350 4593 Armenii,
1410 4533 1594 4583 vinum
1655 4531 1827 4583 solum
1883 4530 2141 4594 offerunt,

663 4645 680 4677 ι
720 4641 820 4679 non
854 4623 1228 4692 intelligentes,
1257 4620 1426 4690 ipsum
1469 4621 1628 4674 etiam
1672 4618 2139 4689 Cbrysostotnutn,

661 4742 678 4772 ι
715 4730 768 4773 et
797 4717 1072 4778 Busiliunt,
1112 4725 1165 4768 et
1207 4711 1470 4767 Jacobuttt
1519 4713 1645 4766 vino
1686 4727 1824 4779 aqua
1859 4711 2144 4765 conitnisto

656 4834 674 4865 t
719 4827 842 4866 usos
893 4808 1078 4872 fuisse,
1131 4814 1204 4869 ct,
1257 4817 1313 4858 ut
1366 4807 1437 4857 ita
1486 4820 1583 4860 nos
1627 4804 1939 4868 olTeratnus,
1983 4806 2146 4858 tradi-

653 4929 669 4958 ι
712 4905 872 4960 disse.
907 4901 962 4955 Si
997 4901 1115 4968 quis
1143 4913 1271 4968 ergo
1303 4899 1382 4952 vel
1426 4898 1539 4953 solo
1565 4898 1707 4962 vino,
1732 4899 1814 4952 vel
1853 4913 1990 4975 aqua
2025 4898 2137 4952 sola

659 5019 676 5050 ι
716 5010 769 5053 et
801 5011 907 5051 nott
942 4995 1124 5059 tntsta,
1153 5002 1340 5057 utitur,
1374 4990 1687 5061 deponatur.
1717 5009 1738 5042 ι
1823 5027 1826 5036 ι

644 5093 884 5148 Armenii
917 5106 945 5143 a
977 5087 1347 5158 Cltrysostonti
1401 5086 1455 5139 in
1511 5084 1744 5138 Maltltmi
1795 5084 2140 5156 Evattgeliutn

583 5167 1046 5254 interpretatione,
1106 5181 1158 5232 itt
1220 5192 1321 5246 ιιιι]
1387 5176 1992 5247 llydroparastatarum,
2049 5179 2140 5248 qui

585 5291 726 5346 aqua
769 5274 882 5330 sola
925 5275 976 5327 itt
1011 5273 1286 5366 incruenta
1315 5269 1588 5324 oblatione
1622 5270 1930 5337 utebantur,
1973 5277 2144 5326 littere-

585 5365 688 5420 sim
737 5353 950 5418 auferre
1005 5353 1240 5418 conatus'
1280 5372 1384 5426 est,
1438 5359 1670 5424 seducti,
1732 5361 1913 5414 vinum
1971 5363 2144 5416 solum

589 5456 842 5511 oll'erunt.
895 5454 1010 5510 Non
1067 5453 1421 5521 intelligentes
1470 5452 1656 5522 impii,
1714 5451 1857 5521 quod
1917 5455 1982 5506 ad
2047 5454 2147 5509 lioc

496 5611 498 5615 l
589 5550 813 5620 respicit
843 5555 949 5603 tota
985 5547 1158 5602 sancti
1183 5545 1360 5602 Patris
1393 5547 1589 5609 oratio,
1624 5555 1680 5600 ut
1711 5543 2143 5614 llydt‘oparasta-

653 5731 702 5765 η
732 5730 917 5790 Matth.
954 5746 1102 5797 xxvi,
1131 5697 1221 5785 ac.
1298 5731 1344 5762 υ
1385 5730 1518 5787 ibid.
1551 5730 1640 5784 as.

2238 3160 2302 3212 Εί
2325 3177 2405 3220 τις
2433 3160 2731 3221 ἐπίσκοπος
2764 3162 2793 3227 ἦ
2822 3161 3195 3231 πρεσϐύτερος
3225 3165 3299 3233 μὴ
3327 3165 3466 3218 κατά
3495 3165 3590 3235 τὴν
3623 3185 3806 3235 παρα⁹

2237 3249 2484 3332 δοθεῖσαν
2516 3249 2619 3313 ὑπὸ
2647 3251 2754 3302 τῶν
2789 3251 2960 3317 ἁγίων
2990 3253 3305 3307 ἀποστόλων
3332 3255 3486 3318 τάξιν
3515 3258 3680 3318 ποιεῖ,
3710 3261 3809 3310 καὶ

2239 3341 2380 3410 ὕδωρ
2418 3343 2543 3412 οἴνῳ
2582 3341 2654 3414 μὴ
2689 3343 2882 3410 μιγνὺς
2917 3342 3058 3396 οὕτω
3093 3345 3192 3416 τὴν
3228 3349 3496 3417 ἄχραντον
3529 3351 3809 3418 προσάγει

2240 3434 2452 3498 θυσίαν,
2484 3432 2872 3503 καθαιρείσθω,
2901 3434 2974 3497 ὡς
3002 3437 3204 3499 ἀτελῶς
3227 3440 3284 3490 τὸ
3317 3441 3616 3508 μυστήριον
3643 3441 3810 3507 ἐξαγ-

2238 3524 2460 3591 γέλλων.
2509 3525 2738 3588 Ἀτελῶς
2763 3527 2819 3577 δὲ
2846 3527 2904 3577 τὸ
2937 3529 3234 3597 μυστήριον
3259 3527 3593 3597 ἐξαγγέλλει,
3625 3529 3714 3583 δια
3746 3534 3810 3581 τὸ

2239 3616 2366 3687 οἴνῳ
2390 3617 2532 3700 μόγῳ
2565 3618 2660 3670 ἐπὶ
2689 3622 2752 3690 τῇ
2785 3621 2948 3693 θυσίᾳ
2964 3623 3293 3692 κεχρῆσθαι,
3331 3623 3424 3675 τοῦ
3464 3625 3696 3693 Κυρίου,
3725 3625 3804 3686 ὡς

2241 3709 2473 3780 ἔρημεν,
2508 3707 2648 3780 αἷμα
2673 3714 2768 3765 καὶ
2804 3713 2946 3784 ὕδωρ
2977 3715 3042 3767 ἐκ
3081 3716 3178 3784 τῆς
3216 3717 3424 3776 οἰκείας
3459 3717 3699 3785 πλευρᾶς
3747 3720 3810 3768 ἐν

2241 3801 2320 3871 τῷ
2383 3802 2547 3856 πάθει
2587 3804 2927 3874 προχέοντος.
2959 3807 3206 3861 Διδάσκει
3249 3807 3357 3877 γάρ
3403 3811 3808 3877 πραγματικῶς

2242 3890 2384 3965 αἷμα
2416 3897 2574 3966 μόνον
2603 3898 2666 3954 ὲκ
2694 3898 2796 3966 τῆς
2825 3897 2918 3952 τοῦ
2968 3900 3171 3969 Κυρίου
3216 3901 3518 3969 κενωθῆναι
3577 3902 3807 3969 σαρκὸς,

2243 3991 2336 4044 καὶ
2361 3989 2694 4044 ἐναντιοῦται
2724 3993 2834 4052 τοῖς
2873 3987 3036 4060 ἱεροῖς
3079 3991 3515 4060 εὐαγγελισταῖς,
3553 3994 3646 4044 καὶ
3678 4009 3808 4045 και-

2244 4081 2382 4144 νίζει
2411 4083 2479 4134 τὰ
2507 4077 2938 4150 παραδεδομένα,
2970 4080 3046 4149 μὴ
3087 4081 3231 4134 κατὰ
3251 4081 3347 4151 τὴν
3397 4081 3629 4150 ἀρχαίαν
3661 4081 3810 4134 θύων

2245 4174 2566 4244 παράδοσιν.

2245 4266 2466 4320 ΑΡΙΣΤ.
2519 4285 2538 4317 t
2572 4267 2684 4337 Τὴν
2721 4267 3243 4335 ’Υδροπαραστατῶν
3277 4267 3517 4338 ἀναιρῶν
3553 4268 3817 4337 αἵρεσινὸ

2323 4379 2339 4410 ι
2389 4359 2791 4429 Χρυσόστομος,
2816 4377 2834 4410 ι
2873 4359 3085 4421 Ἢνίκα,
3113 4377 3131 4410 ι
3157 4360 3310 4427 φησὶ,
3337 4379 3354 4409 ι
3375 4360 3469 4412 καὶ
3487 4359 3757 4412 πέπονθεν
3789 4365 3818 4412 ὁ

2318 4467 2338 4500 ι
2385 4449 2608 4518 Κύριος,
2643 4452 2737 4502 καὶ
2767 4450 3080 4518 ἐγήγερται,
3108 4449 3236 4516 οῖν;›
3260 4449 3551 4517 ἐχρήσατο.
3587 4467 3604 4498 ι
3640 4447 3817 4500 Τοῦτο

2328 4563 2344 4595 ι
2391 4541 2649 4604 λαϐόντες
2695 4541 2742 4593 οἱ
2787 4540 3085 4609 Ἀρμένιοι,
3117 4537 3257 4591 οἶνον
3288 4540 3625 4610 προσάγουσι
3650 4542 3815 4609 μόνον

2329 4655 2348 4686 ι
2394 4635 2491 4688 οὐκ
2520 4634 2742 4696 εἰδότες,
2785 4634 2879 4686 καὶ
2921 4633 3083 4685 αὐτὸν
3132 4633 3219 4684 τὸν
3255 4632 3665 4701 Χρυσόστομον,
3714 4636 3815 4685 καὶ

2328 4747 2344 4778 ι
2395 4726 2693 4786 Βασίλειον,
2726 4727 2820 4777 καὶ
2862 4725 3118 4776 Ἰάκωϐον
3145 4724 3271 4790 οἴνῳ
3305 4741 3367 4792 με
3379 4725 3628 4792 μιγμένῳ
3659 4725 3815 4777 ὕδατι

2330 4837 2346 4867 t
2396 4816 2787 4886 κεχρημένους,
2841 4814 2935 4867 καὶ
2991 4817 3125 4883 ἡμῖν
3174 4813 3319 4865 οὓτω
3359 4815 3854 4884 παραδεδωκότος,

2330 4929 2346 4960 ι
2401 4909 2721 4980 προσάγειν.
2751 4911 2814 4961 Εἰ
2842 4926 2922 4970 τις
2955 4904 3048 4960 οὖν
3076 4907 3106 4976 ἥ
3137 4908 3262 4976 οἴνῳ
3294 4907 3438 4976 μόνῳ
3468 4907 3499 4976 ἢ
3539 4907 3687 4962 ὕδατι
3718 4910 3818 4976 μέ-

2329 5024 2345 5052 ι
2395 5020 2488 5072 νῳ,
2510 5003 2624 5055 ἀλλ’
2641 5002 2762 5072 οὐχὶ
2786 5000 3333 5071 μεμιγμένῳ-χρῷτο,
3359 4999 3750 5070 καθαιρείσθω.
3795 5021 3813 5052 ι

2339 5093 2468 5146 Ἀπὸ
2491 5095 2586 5162 τῆς
2612 5095 2694 5157 εἰς
2718 5094 2778 5145 τὸ
2801 5094 2938 5145 κατά
2966 5092 3244 5145 Ματθαῐον
3279 5092 3616 5160 Εὑαγγέλιον
3640 5093 3820 5162 ἑρμη-

2255 5185 2400 5247 νείας
2448 5184 2539 5236 τοῦ
2585 5183 2982 5254 Χρυσοστόμου
3018 5183 3065 5233 οἱ
3106 5181 3379 5249 Ἀρμένιοι
3427 5181 3821 5251 πλανηθέντες,

2250 5279 2307 5328 ἐν
2407 5277 2506 5345 τὴν
2533 5277 2640 5328 τῶν
2703 5273 3232 5344 ’Υδροπαραστατῶν
3288 5275 3502 5344 αἰρεσιν
3551 5273 3822 5327 ἔσπευσεν

2251 5367 2567 5438 ἀναιρῆσαι,
2601 5368 2710 5418 τῶν
2757 5367 2912 5418 ὕδατι
2946 5366 3091 5436 μόνῳ
3121 5367 3179 5418 ἐν
3232 5368 3296 5434 τῇ
3346 5364 3670 5433 ἀναιμάκτῳ
3721 5381 3826 5414 7.5--

2253 5461 2543 5532 χρημὲνων
2575 5459 2762 5528 θυσίᾳ,
2796 5457 2936 5512 οἶνον
2968 5459 3131 5528 μόνον
3168 5455 3542 5529 προσάγουσι·
3583 5454 3659 5523 μὴ
3694 5459 3825 5524 νοή-

2255 5568 2446 5614 σαντες
2491 5553 2539 5606 οί
2569 5551 2848 5615 δυσσεϐεῖς
2874 5550 2946 5613 ὡς
2988 5553 3066 5615 εἰς
3097 5549 3256 5604 τοῦτο
3280 5550 3380 5621 ὁρᾷ
3413 5549 3444 5617 ἡ
3473 5547 3623 5601 πᾶσα
3647 5564 3824 5602 κατα-ι
