4110 6224
228 301 335 365 635

1212 306 1293 365 iN
1335 307 1495 369 CAN.
1536 309 1786 371 XXXIII
1826 309 2030 397 CONC.
2076 312 2153 371 IN
2191 314 2505 376 TRULLO.

3349 304 3454 369 626

233 409 415 479 σκευὴ
451 410 547 463 τοῦ
574 412 757 478 ἁγίου,
789 413 871 476 εἰς
910 414 971 467 τὸ
1002 416 1297 487 ἀναιρῆσαι
1338 417 1437 487 τὴν
1464 415 1674 485 αἰρεσιν
1700 418 1807 469 τῶν

1918 434 2082 475 tarum
2143 425 2388 495 haeresim
2446 425 2685 489 tolleret,
2747 425 2917 494 iisque
2978 423 3105 478 vino
3176 422 3338 477 etiam
3400 423 3452 474 in

238 502 801 571 Ὑδροπαραστατῶν,
836 506 932 559 καὶ
949 508 1137 560 πεῖσαι
1166 509 1360 573 αὐτοὺς
1388 510 1480 563 καλ⁵
1502 507 1632 579 οἴνῳ
1657 509 1795 579 χρῆ·

230 594 364 646 σθαι
391 596 448 647 ὲν
470 597 582 654 τοῖς
626 598 969 667 μυστηρίοις.
1016 599 1176 653 Ἀλλά
1209 600 1526 670 νομίσαντες
1551 604 1634 655 ὃτι
1661 603 1794 655 ἀνα-

226 688 457 751 τρέπων
486 688 545 739 τὸ
577 687 723 760 ὕδωρ
770 691 1134 759 ἐμϐάλλεσθαι
1170 695 1227 744 ἐν
1280 695 1482 758 αὐτοῖς,
1533 695 1666 764 πρὸς
1706 696 1795 749 τὸν

228 779 460 847 ἔλεγχον
480 782 846 852 ἀντικατέστη
883 786 1081 849 αὐτῶν,
1107 782 1248 837 οἶνον
1269 787 1425 853 μόνον
1455 790 1797 857 προσφέρου-

234 888 346 933 σιν,
379 871 703 939 ἀγνοοῦντες
741 872 815 936 ώς
858 876 950 926 καὶ
980 877 1142 935 αὐτὸς
1168 878 1195 928 6
1222 877 1611 947 Χρυσόστομος
1649 880 1744 931 καὶ
1770 881 1797 931 6

236 965 419 1030 μέγας
470 964 752 1029 Βασίλειος
807 966 901 1018 καλ⁸
935 968 962 1018 6
991 968 1309 1036 ἀδελφόθεος
1357 969 1610 1032 Ἰάκωϐος
1654 968 1797 1023 οἶνον

235 1054 532 1123 μιγνύντες
565 1056 720 1108 ὕδατι
770 1058 870 1123 τὴν
902 1059 1093 1115 θυσίαν
1130 1060 1496 1131 προσέφερον·
1528 1060 1619 1114 καὶ
1668 1065 1798 1133 ἡμῖν

231 1146 379 1198 οῦτω
414 1147 715 1214 προσάγειν
749 1148 1221 1217 παραδεδώκασινς
1252 1151 1319 1202 Εἴ
1344 1169 1425 1212 τις
1456 1146 1548 1205 οῦν
1574 1153 1799 1206 ἐπίσκο-

235 1255 339 1299 πος
363 1240 396 1307 ἢ
438 1237 812 1308 πρεσϐύτερος
841 1240 917 1309 μὴ
942 1241 1083 1292 κατὰ
1131 1242 1230 1311 τὴν
1262 1244 1563 1313 παράδοσιν
1595 1244 1800 1312 ταύτην

232 1329 349 1380 τῶν
400 1330 718 1381 ἀποστόλων
761 1331 855 1381 καὶ
906 1331 1014 1382 τῶν
1044 1323 1340 1401 ’θεοφόρων
1401 1336 1657 1405 Πατέρων
1702 1336 1801 1405 τὴν

233 1426 508 1491 ἄχραντον
542 1423 812 1491 προσάγει
839 1422 1051 1489 θυσίαν,
1092 1424 1481 1493 καθαιρείσθω,
1515 1425 1589 1489 ὡς
1616 1426 1802 1492 ἁπλῶς

234 1516 299 1565 τὸ
338 1515 639 1582 μυστήριον
684 1514 1051 1583 ἐξαγγέλλων,
1085 1516 1178 1567 καὶ
1204 1515 1414 1571 ἀθετῶν
1446 1518 1514 1571 τὰ
1562 1519 1806 1588 παραδεν

231 1622 458 1658 eous-aa.

1310 1674 1335 1693 Ε

815 1699 1051 1754 ΚΑΝΩΝ
1097 1702 1217 1754 AI".

1901 516 2169 586 mysteriis
2214 517 2289 569 uti
2343 519 2705 585 persuaderet.
2754 516 2854 571 Sed
2904 515 3265 577 arbitrantes,
3314 515 3455 581 quod

1900 606 1988 659 ille
2016 621 2168 675 aquae
2196 607 2247 660 in
2296 607 2362 661 iis
2400 607 2781 662 immissionem
2838 605 3107 669 refellens,
3160 604 3225 658 ad
3271 618 3455 657 eorum

1903 699 2329 765 redargutionem
2358 714 2476 754 sese
2505 701 2773 769 opposuit,
2803 700 2984 753 vinum
3007 699 3175 752 solum
3203 695 3455 757 oli‘erunt,

1904 790 2214 859 ignorantes
2255 791 2395 860 quod
2424 799 2478 846 et
2513 792 2626 859 ipse
2656 789 3098 862 Chrysostomus,
3136 798 3196 844 et
3225 787 3458 843 Basilius

1904 898 2150 952 magnus,
2201 892 2255 937 et
2309 883 2520 936 Domini
2576 882 2744 936 frater
2787 881 3018 937 Jacobus
3065 880 3248 935 vinum
3308 893 3462 948 aquas

1905 974 2266 1028 immiscentes
2305 974 2628 1043 sacriﬁcium
2677 971 3016 1030 offerebant:
3076 983 3130 1027 et
3170 972 3328 1027 nobis
3384 971 3477 1024 ita-

1904 1065 2098 1121 oli'erre
2141 1068 2496 1121 tradiderunt.
2551 1066 2607 1121 Si
2656 1067 2777 1136 quis
2818 1068 2997 1134 itaque
3038 1067 3320 1134 episcopus
3365 1072 3462 1117 aut

1904 1160 2183 1229 presbyter
2263 1174 2366 1213 non
2419 1158 2711 1215 secundum
2778 1159 2918 1213 bane
2985 1156 3346 1226 apostolorum
3406 1165 3462 1207 et

1906 1251 2207 1305 divinorum
2236 1250 2452 1305 Patrum
2490 1251 2852 1315 traditionem,
2882 1248 3277 1305 immaculatum
3305 1245 3462 1301 oll‘ert

1908 1344 2255 1416 sacriﬁcium,
2297 1344 2614 1412 deponatur,
2650 1351 2707 1397 ut
2751 1356 2853 1396 non
2905 1348 3161 1395 accurate
3208 1339 3461 1411 mysteria

1908 1438 2183 1509 evulgans,
2214 1445 2268 1491 et
2295 1437 2491 1490 tradita
2519 1431 2851 1505 contemptui
2880 1432 3104 1490 habens.

2432 1703 2657 1761 CANON
2708 1703 2945 1759 XXXIII.

240 1809 264 1839 α
328 1772 657 1861 Ἐπειδήπερ
687 1792 932 1861 ἔγνωμεν
959 1796 1016 1845 ὲν
1059 1796 1125 1863 τῇ
1165 1794 1273 1847 τῶν
1319 1794 1620 1864 Ἀρμενίων
1650 1796 1803 1866 χώρᾳ.

1918 1821 1929 1853 ι
1972 1802 2233 1870 Quoniam
2288 1801 2655 1872 cognovimus,
2705 1799 2759 1854 in
2813 1798 3189 1854 Armeniorum
3243 1796 3471 1867 regione

315 1904 333 1934 ι
382 1885 580 1954 μόνους
639 1887 697 1937 ἐν
757 1885 945 1956 κλήρῳ
978 1887 1105 1948 τοὺς
1161 1887 1224 1937 ὲκ
1282 1886 1476 1954 γένους
1526 1886 1802 1958 ἱερατικοῦ

316 1996 331 2023 ι
380 1975 724 2042 κατάγεσθαι
768 1976 902 2044 (10),
948 1976 1260 2041 Ἰουδαϊκοῖς
1302 1978 1481 2030 ἔθεσιν
1524 1978 1805 2047 ἑπομένων

316 2089 333 2117 ι
382 2070 491 2119 τῶν
529 2068 687 2121 τοῦτο
741 2071 1007 2139 πράττειν
1044 2069 1501 2141 ὲπιχειρούντων’
1550 2071 1703 2131 τινὰς
1750 2073 1807 2124 δὲ

318 2180 335 2210 ι
380 2160 562 2212 αὐτῶν
592 2162 684 2213 καὶ
731 2161 805 2230 μὴ
843 2163 1308 2231 ἀποκειρομένους
1357 2163 1681 2232 ἱεροψάλτας
1712 2164 1809 2216 καὶ

318 2272 335 2302 ι
390 2249 745 2320 ἀναγνώστας
775 2252 921 2305 θείου
964 2253 1093 2305 ναοῦ
1122 2253 1521 2306 καθίστασθαι·
1576 2255 1812 2307 συνεῖδο-

318 2364 333 2392 ς
389 2339 501 2413 μεν’
530 2343 671 2397 ὥστε
707 2345 813 2398 ἀπὸ
846 2344 941 2397 τοῦ
977 2344 1072 2399 νῦν
1114 2349 1188 2415 μὴ
1220 2345 1422 2412 ἐξεῖναι
1451 2349 1565 2410 τοῖς
1608 2347 1810 2417 κλῆρον

315 2460 333 2487 ι
386 2441 742 2506 βουλομένοις
764 2442 1026 2509 προάγειν
1049 2442 1202 2504 τινὰς
1224 2443 1306 2503 είς
1324 2443 1386 2495 16
1408 2443 1561 2510 γένος
1583 2443 1811 2497 ἀποϐλέ-

315 2552 333 2579 «
384 2550 510 2585 πειν
548 2532 642 2587 τοῦ
675 2533 1155 2603 προχειριζομένου
1177 2549 1192 2564 ο
1226 2533 1363 2586 ἀλλὰ
1400 2534 1810 2601 δοκιμάζοντες,

317 2644 336 2672 ί
388 2627 436 2675 εἰ
471 2626 611 2689 ἄξιοι
643 2619 773 2691 εἶεν,
812 2626 950 2679 κατὰ
974 2627 1100 2688 τοὺς
1138 2625 1395 2689 τεθέντας
1426 2627 1481 2677 ἐν
1504 2628 1616 2689 τοῖς
1650 2628 1813 2695 ἱεροῖς

318 2741 339 2770 ‹
391 2718 617 2771 κανόσιν
642 2720 822 2788 ὄρους.
858 2720 916 2771 ὲν
943 2719 1129 2789 κλήρῳ
1172 2719 1559 2789 καταλεγῆναι,
1591 2720 1814 2783 τούτους

318 2833 337 2861 ‹
391 2812 879 2878 ἐκκλησιαστικοὺς
906 2812 1371 2882 προχειρίζεσθαι,
1426 2814 1533 2864 εἴτε
1602 2814 1693 2865 καὶ
1750 2815 1815 2867 ὲκ

321 2924 339 2954 ‹
390 2904 674 2975 προγόνων
724 2905 977 2971 γεγόνασι
1030 2904 1241 2975 ἱερέων,
1287 2904 1516 2967 εῖτεκκαὶ
1547 2906 1653 2974 μή·
1681 2904 1815 2958 ἀλλὰ

320 3016 341 3048 ε
396 2996 529 3064 μηδέ
552 3013 673 3048 τινα
692 2996 1087 3050 τῶνὰπάντων
1114 3000 1420 3069 συγχωρεῖν
1451 2997 1538 3049 ἐπ’
1563 2998 1814 3067 ἄμϐωνος

321 3108 339 3138 ι
386 3088 532 3141 κατά
560 3090 660 3157 τὴν
683 3088 790 3141 τῶν
813 3091 869 3141 ὲν
889 3089 967 3158 τῷ
984 3090 1170 3160 κλήρῳ
1190 3090 1641 3159 καταλεγομένων
1662 3092 1814 3156 τάξιν

318 3201 337 3231 ι
386 3183 515 3245 τοὺς
564 3182 742 3244 θείους
783 3182 859 3251 τῷ
885 3182 1001 3255 λαῷ
1046 3184 1235 3252 λόγους
1269 3185 1579 3251 ἀποφωνεῖν
1619 3185 1728 3253 (11)
1762 3187 1811 3239 εἰ

320 3294 337 3318 σ
392 3275 467 3344 μή
493 3292 543 3327 τι
592 3274 660 3327 ἂν
689 3275 935 3345 ἱερατικῇ
969 3277 1142 3347 κουρᾷ
1164 3278 1422 3347 χρήσοιτο
1477 3278 1503 3329 6
1551 3274 1811 3339 τοιοῦτος,

322 3387 341 3416 ι
393 3367 488 3419 καὶ
536 3366 634 3436 τὴν
686 3367 940 3434 εὐλογίαν
992 3369 1096 3422 ὑπὸ
1156 3368 1250 3422 τοῦ
1296 3369 1499 3423 οἰκείου
1558 3369 1813 3437 ποιμένος

320 3474 341 3509 ι
392 3457 693 3520 κανονικῶς
752 3459 1083 3525 ὑποδέξοιτο,
1142 3461 1211 3513 Εἰ
1277 3461 1336 3527 δέ
1390 3478 1474 3524 τις
1528 3459 1810 3530 φωραθείη

320 3570 341 3602 ι
391 3551 544 3619 παρὰ
577 3553 644 3603 τὰ
672 3553 1159 3623 προγεγραμμένα,
1181 3553 1376 3615 ποιῶν,
1411 3552 1808 3623 ἀφοριζέσθω.»

319 3646 516 3698 ΒΔΛΣ.
545 3644 648 3696 Δύο
680 3644 853 3697 ταῦτα
886 3646 913 3697 ό
948 3644 1137 3713 παρών
1174 3643 1355 3698 κανὼν
1398 3644 1724 3715 διορθοῦται,
1755 3645 1814 3696 16

244 3736 396 3790 κατά
424 3736 523 3805 τὴν
562 3736 747 3805 χώραν
794 3735 902 3787 τῶν
950 3736 1252 3806 Ἀρμενίων
1295 3735 1481 3797 κακῶς
1530 3735 1815 3802 γινόμενον

244 3828 411 3897 χάριν
439 3825 531 3877 τοῦ
572 3827 645 3895 μὴ
685 3826 858 3888 ἄλλως
896 3826 1144 3897 γίνεσθαι
1188 3827 1505 3896 κληρικοὺς,
1546 3825 1681 3878 ἀλλὰ
1716 3826 1814 3895 μό-

244 3937 377 3982 νους
408 3922 535 3981 τοὺς
561 3921 623 3972 ἐκ
654 3919 843 3987 γένους
876 3919 1153 3988 ἱερατικοῦ
1192 3921 1599 3987 καταγομένους
1631 3918 1725 3970 καὶ
1756 3917 1816 3969 16

244 4013 342 4063 ἐπὶ
375 4011 629 4081 ἄμϐωνος
689 4010 1164 4079 ἀναγινώσκεσθαι
1206 4011 1275 4063 τὰ
1319 4013 1439 4063 θεῖα
1479 4010 1635 4078 λόγια
1665 4008 1817 4076 παρὰ

244 4105 361 4157 τῶν
396 4103 471 4173 μὴ
498 4103 730 4173 ἐχόντων
764 4103 1134 4165 ἐπισκοπικὰς
1163 4103 1533 4170 ὲπικουρίδας,
1573 4102 1661 4153 τὸν
1695 4102 1814 4170 μὲν,

250 4197 328 4255 ώς
373 4196 666 4248 Ἰουδαϊκὸν
721 4195 1164 4265 (νενομοθέτηται
1219 4194 1327 4266 γὰρ
1356 4193 1505 4264 παρὰ
1551 4192 1817 4254 Ἰουδαίοις

246 4288 359 4341 ἀπὸ
390 4287 492 4357 τῆς
540 4286 831 4355 Λευῖτικῆς
864 4287 1033 4356 φυλῆς
1061 4288 1155 4340 καὶ
1191 4286 1357 4356 μόνης
1384 4286 1509 4347 τοὺς
1534 4286 1699 4355 ἱερεῖς
1734 4284 1820 4352 γίο

248 4378 501 4444 νεσθαι),
533 4377 594 4431 16
631 4378 708 4443 δὲ,
740 4377 816 4437 ώς
845 4376 1142 4445 ἀλογίστως
1161 4377 1501 4447 τελούμενον.
1534 4376 1701 4429 Φασὶν
1724 4375 1817 4430 οὖν

1983 1916 2000 1946 ι
2042 1910 2132 1948 eos
2164 1894 2333 1949 solum
2366 1895 2417 1947 in
2453 1895 2582 1948 cleri
2626 1894 2870 1948 ordinem
2920 1892 3145 1956 referri,
3189 1891 3281 1960 qui
3340 1900 3463 1946 sunt

1975 1990 1992 2042 ἀ
2031 2006 2095 2043 ex
2126 2005 2321 2059 genere
2348 1990 2689 2053 sacerdotali,
2713 1990 2800 2053 iis,
2827 1989 2915 2055 qui
2940 1988 3041 2043 hoc
3071 1989 3248 2043 facere
3274 2001 3463 2055 aggre-

1986 2102 2003 2131 ‹
2044 2082 2301 2146 diuntur,
2355 2095 2530 2135 mores
2577 2080 2829 2135 Iudaicos
2869 2079 3255 2147 sequentibus,
3331 2093 3464 2132 non-

1984 2194 2002 2224 ‹
2048 2173 2221 2227 nullos
2263 2182 2438 2227 autem
2473 2188 2677 2234 eorum,
2708 2173 2869 2226 etiam
2901 2187 3003 2226 non
3041 2180 3245 2232 tensos,
3278 2168 3476 2223 sacros‘

1984 2287 2002 2319 ι
2044 2275 2292 2322 cantores
2348 2277 2404 2322 et
2454 2266 2618 2319 divini
2673 2266 2854 2334 templi
2903 2266 3128 2320 lectores
3168 2261 3460 2320 constitui:

1983 2379 2002 2411 ι
2042 2359 2399 2419 decernimus,
2436 2368 2494 2412 ut
2528 2358 2778 2425 deinceps
2807 2373 2910 2411 non
2942 2357 3105 2412 liceat
3130 2355 3216 2420 iis,
3245 2354 3337 2424 qui
3362 2344 3466 2409 ’νο-

1989 2470 2006 2500 ι
2046 2452 2159 2504 lunt
2199 2451 2404 2517 aliquos
2449 2452 2513 2501 ad
2557 2449 2754 2502 elerum
2799 2449 3085 2514 adducere,
3123 2446 3189 2502 ad
3234 2446 3350 2516 ejus
3377 2445 3464 2499 cui

1988 2562 2005 2593 ι
2046 2558 2239 2596 manus
2269 2541 2579 2609 imponitur,
2616 2555 2781 2608 genus
2814 2539 3118 2607 respicere;
3145 2540 3236 2593 sed
3266 2539 3469 2593 exami-

1992 2649 2010 2679 ι
2054 2639 2244 2683 nautes
2278 2646 2344 2682 an
2371 2628 2512 2698 digni
2554 2630 2662 2682 sint
2688 2628 2837 2695 juxta
2883 2629 3188 2698 praescripta
3218 2629 3269 2682 in
3299 2627 3467 2683 sacris
3558 2684 3559 2687 η

1996 2742 2013 2771 ι
2052 2721 2349 2774 canonibus
2405 2720 2658 2783 decreta,
2716 2719 2809 2788 qui
2860 2719 2910 2771 in
2971 2719 3099 2773 cieri
3168 2719 3465 2787 catalogum

1988 2831 2004 2858 ‹
2047 2814 2370 2874 referantur,
2402 2825 2495 2864 eos
2543 2798 2935 2864 ecclesiasticos
2977 2825 3311 2878 promovere,
3358 2810 3475 2865 sive

1982 2922 1999 2953 ι
2038 2904 2144 2956 sint
2179 2919 2241 2956 ex
2284 2901 2579 2971 majoribus
2608 2903 2717 2956 suis
2748 2902 3135 2965 sacerdotibus,
3167 2904 3281 2958 sive
3324 2918 3467 2965 non;

1994 3014 2012 3044 ι
2050 2996 2140 3048 sed
2176 2995 2335 3048 etiam
2369 3006 2426 3047 ut
2467 2994 2592 3047 nulli
2638 3008 2704 3049 ex
2754 2996 3005 3050 omnibus
3053 3010 3238 3049 eorum
3287 2995 3470 3058 liceat,

1990 3108 2006 3132 ι
2051 3087 2139 3155 qui
2188 3096 2313 3139 sunt
2344 3086 2394 3139 in
2427 3087 2742 3141 clericorum
2774 3086 3018 3141 ordinem
3060 3085 3231 3148 relati,
3278 3085 3473 3156 popqu

1990 3198 2008 3230 ι
2055 3183 2106 3232 in
2134 3188 2383 3249 suggestu
2412 3178 2619 3234 divinas
2654 3179 2964 3248 Scripturas
2998 3180 3244 3239 recitare.
3276 3179 3377 3235 nisi
3422 3181 3469 3233 is

1987 3289 2008 3323 ι
2043 3271 2359 3326 sacerdotali
2389 3282 2607 3325 ton5ura
2652 3286 2783 3325 usus
2828 3270 3006 3331 inierit.
3048 3282 3101 3325 et
3133 3272 3467 3327 benedictio-

1992 3382 2010 3412 ‹
2053 3376 2170 3415 nem
2199 3378 2226 3414 a
2252 3378 2349 3417 suo
2373 3374 2586 3431 pastore
2616 3362 2872 3417 canonice
2900 3364 3217 3435 susceperit,
3261 3362 3316 3418 Si
3345 3365 3467 3434 quis

1994 3474 2011 3505 ι
2050 3446 2229 3510 autem
2263 3454 2420 3509 aliter
2462 3454 2641 3511 facere
2682 3456 3047 3525 deprehensus
3081 3455 3262 3522 fuerit,
3307 3458 3469 3527 depo-

1989 3566 2007 3598 (
2051 3556 2228 3601 natur.
2263 3566 2282 3597 ι

1982 3639 2176 3697 BALS.
2211 3640 2332 3693 llaec
2372 3655 2479 3694 uno
2503 3656 2735 3708 praesens
2770 3655 2940 3697 canon
2976 3642 3216 3711 corrigit,
3248 3650 3300 3698 et
3325 3645 3465 3712 quod

1918 3734 1969 3785 in
2013 3732 2389 3786 Armeniorum
2433 3732 2653 3802 regione
2698 3734 2837 3788 male
2871 3733 3049 3801 ﬁebat,
3100 3746 3157 3790 ut
3197 3752 3300 3791 non
3334 3737 3471 3790 alias

1917 3804 2106 3877 tierent
2152 3823 2358 3887 clerici,
2401 3822 2503 3877 nisi
2560 3824 2595 3877 ii
2648 3824 2738 3894 qui
2790 3840 2857 3880 ex
2901 3842 3097 3894 genere
3147 3828 3465 3882 sacerdotali

1919 3914 2361 3976 descendisseut;
2396 3922 2450 3967 et
2480 3915 2619 3982 quod
2644 3914 2696 3969 in
2722 3929 2969 3985 suggestu
3001 3916 3191 3971 divina:
3227 3917 3469 3986 Scriptu-

1919 4020 1990 4059 ra:
2017 4004 2332 4073 legebantur
2358 4004 2427 4060 ab
2468 4005 2533 4058 iis
2580 4005 2671 4074 qui
2703 4006 3037 4076 episcopales
3069 4017 3321 4064 tonsuras
3364 4025 3471 4063 non

1918 4097 2187 4153 habebant
2220 4114 2231 4149 z
2265 4095 2395 4150 illud
2439 4098 2677 4166 quidem.
2728 4108 2783 4150 ut
2821 4096 3101 4154 Judaicum
3147 4101 3285 4171 (lege
3326 4102 3468 4155 enim

1918 4191 2057 4258 apud
2091 4190 2304 4244 Judaaos
2334 4199 2546 4244 cautum
2581 4199 2702 4253 est,
2749 4200 2807 4244 ut
2856 4206 2923 4245 ex
2975 4191 3130 4262 195
3186 4194 3327 4246 tribu
3373 4192 3472 4246 Le-

1917 4282 2078 4337 vitica
2107 4297 2278 4351 eaque
2307 4282 2419 4336 sola
2450 4282 2758 4337 sacerdotes
2805 4262 3051 4353 ﬂereni);
3088 4285 3187 4340 lioc
3230 4300 3378 4349 vero,
3418 4296 3480 4339 ut

1921 4376 2063 4445 quod
2111 4375 2507 4431 inconsiderate
2563 4375 2736 4430 ﬁeret.
2789 4375 2980 4430 Dicunt
3030 4378 3211 4448 itaque
3261 4378 3474 4439 Patres,

244 4475 296 4525 οἱ
325 4471 570 4540 Πατέρες
596 4469 840 4533 ἐκείνους
866 4469 923 4520 ὲν
944 4468 1022 4538 τῷ
1060 4468 1248 4539 κλήρῳ
1275 4467 1725 4532 κατατάττεσθαι,
1745 4469 1810 4538 μὴ

1923 4465 2041 4520 illos
2068 4466 2120 4519 in
2152 4465 2299 4520 clero
2329 4462 2569 4520 ordinari
2599 4474 2865 4531 Oportere.
2913 4484 3020 4523 non
3056 4470 3145 4537 qui
3173 4483 3240 4524 ex
3281 4482 3477 4539 genere

248 4563 381 4623 τοὺς
410 4561 474 4613 ὲκ
502 4559 696 4629 γένους
730 4559 1005 4629 κληρικῶν
1051 4558 1227 4623 ὄντας,
1277 4558 1413 4611 ἀλλὰ
1442 4558 1570 4619 τοὺς
1615 4557 1817 4623 ἀξίους,

250 4657 350 4708 καὶ
388 4654 506 4706 κατ’
540 4652 795 4723 ὲπιλογὴν
825 4651 1193 4721 ἑπισκοπικὴν
1225 4650 1692 4720 προτιμωμένους,
1716 4650 1820 4703 κᾶν

253 4748 333 4817 μὴ
366 4748 428 4797 ἐκ
450 4745 639 4812 γένους
662 4743 909 4811 τοιούτου¹
924 4737 1055 4796 ὦσιν
1074 4760 1089 4774 ⁸
1110 4741 1366 4805 ὡσαύτως
1393 4742 1492 4804 τὰς
1523 4742 1608 4794 ἐπ’
1632 4742 1820 4812 ἄμϐω·

248 4857 344 4901 νος
367 4837 701 4905 ἀναγνώσεις
729 4838 921 4907 μόνους
949 4837 1123 4888 ποιεῖν
1144 4835 1268 4897 τοὺς
1296 4835 1375 4897 είς
1396 4833 1554 4887 τοῦτο
1578 4832 1820 4901 ἀποκλη-

256 4929 560 4998 ρωθέντας,
588 4928 913 4997 ἥγουν³τοὺς
941 4925 1165 4996 ἔχοντας
1202 4924 1569 4985 ὲπισκοπικὰς
1594 4925 1818 4974 ἐπικου-

216 5014 436 5087 ’ρίδας.
488 5018 672 5070 Ταῦτα
718 5017 811 5071 τοῦ
866 5018 1010 5069 θείου
1054 5019 1275 5077 κανόνος
1304 5013 1819 5085 παρακελευομένου

257 5117 355 5166 καὶ
385 5110 741 5179 άφορίζοντος
769 5109 893 5171 τοὺς
918 5108 1068 5177 παρὰ
1089 5109 1261 5162 ταῦτα
1293 5108 1600 5170 ποιοῦντας,
1630 5106 1823 5176 ἐλαλή-

1930 4558 2267 4622 clericornm,
2311 4556 2403 4609 sed
2433 4555 2523 4624 qui
2561 4555 2708 4624 digni
2746 4565 2897 4622 sunt,
2940 4568 2994 4613 et
3039 4561 3326 4629 episcopali
3369 4562 3477 4616 eleo

1927 4648 2102 4701 ctione
2128 4655 2529 4714 prmponuntur,
2556 4645 2764 4701 etiamsi
2788 4662 2891 4701 non
2913 4647 3020 4703 sint
3050 4664 3119 4703 ex
3141 4651 3228 4704 tali
3253 4667 3476 4720 genere:

1926 4738 2173 4791 similiter
2200 4735 2328 4789 et-iu
2362 4746 2611 4806 suggestu
2640 4751 2733 4792 eos
2759 4737 2903 4793 solos
2943 4740 3118 4809 legere
3147 4742 3360 4807 debere,
3388 4749 3479 4810 qui

1925 4832 1992 4884 ad
2042 4831 2142 4885 hoc
2193 4830 2247 4883 in
2293 4828 2611 4884 clericorum
2665 4846 2945 4885 numerum
2997 4832 3147 4888 relati
3198 4844 3345 4901 sunt,
3377 4853 3473 4892 eos

1927 4922 2132 4977 scilicet
2158 4921 2246 4988 qui
2289 4922 2486 4975 habent
2529 4922 2857 4992 episcopales
2889 4932 3156 4980 tonsuras.
3201 4926 3321 4981 llwc
3354 4945 3475 4982 cum

1929 5028 2084 5069 sacer
2108 5026 2279 5067 canon
2305 5011 2510 5082 jubeat,
2545 5023 2599 5067 et
2627 5028 2721 5069 eos
2754 5017 3182 5070 excommunieet
3206 5017 3295 5085 qui
3323 5018 3481 5069 aﬂter

1932 5104 2153 5167 faciunt,
2185 5118 2325 5172 saepe
2350 5104 2554 5157 dictum
2577 5113 2660 5159 est
2689 5120 2718 5160 a
2752 5105 2978 5160 diversis
3015 5107 3369 5173 antistitibus,
3389 5110 3487 5177 qui.

1493 5274 1693 5334 Guill.
1728 5272 2054 5349 Beveregii
2103 5254 2311 5331 nottef

335 5402 452 5467 (10)
499 5398 885 5468 Κατάγεσθαι.
921 5399 1052 5461 Mss.
1099 5399 1433 5454 XEtoniensis
1466 5409 1517 5450 et
1559 5399 1823 5468 Amerba-

265 5473 500 5524 cluianus
543 5467 724 5535 legunt
764 5470 1191 5523 κατατάττεσθαι
1226 5470 1495 5527 constitui,
1527 5467 1767 5521 ordinari
1802 5485 1820 5522 :

264 5543 394 5609 quin
424 5544 588 5594 etiam
614 5542 965 5605 κατάγεσθαι,
995 5557 1091 5609 pro
1131 5539 1534 5605 καταταγέσθαι
1568 5539 1822 5609 mendose

267 5607 533 5679 scriptum
574 5610 967 5663 videtur.‘Nam
999 5607 1051 5663 et
1096 5612 1151 5661 ὲν
1193 5611 1377 5677 κλήρῳ
1411 5607 1819 5671 καταταγέσθαι

264 5692 348 5733 cst
382 5678 458 5734 riu
506 5680 642 5733 clero
689 5680 955 5738 constitui,
1002 5682 1053 5733 in
1108 5680 1231 5732 ειειὶ
1280 5680 1514 5732 ordinem
1564 5678 1748 5742 referri
1802 5693 1822 5731 :

262 5752 724 5822 quemadmodum
758 5751 918 5804 etiam
952 5748 1211 5804 llem'tus
1244 5750 1421 5802 locutu
1452 5749 1750 5802 transtulit.

1990 5398 2101 5463 (ll)
2166 5397 2540 5467 Ἇποςρωνεῒν.
2600 5397 2779 5451 Codex
2830 5395 3294 5453 Amerhachianus
3354 5403 3485 5467 legit

1919 5470 2245 5535 ὑποφωνεῖν.
2303 5466 2603 5540 Utruttulue
2654 5467 2791 5520 idem
2846 5468 2930 5540 hic
2985 5469 3275 5537 signiﬁcat,
3334 5466 3477 5540 quonl

1917 5541 2215 5620 ἐκφωνεῑν,
2265 5538 2643 5622 pronuntiare,
2686 5536 3055 5622 promulgare,
3096 5536 3362 5622 recitat-ef
3391 5544 3481 5596 Sic

1921 5610 2402 5680 ittl_crprt:‘lt's_pcr
2471 5607 2868 5680 ἀναγινώσκειν
2932 5622 3228 5680 esponunt.
3294 5610 3491 5680 Neque~

1918 5678 2061 5729 cuitu
2119 5678 2205 5731 hic
2249 5677 2316 5731 de
2368 5677 2721 5730 concionibus
2779 5677 3062 5740 habendis,
3119 5681 3211 5736 sed
3262 5677 3490 5738 tantum.

1920 5748 1986 5799 de
2027 5749 2198 5801 sacris
2240 5748 2545 5816 Seripturis-
2581 5746 2820 5816 legendis
2856 5748 3055 5818 agitur.
