4110 6224
319 279 433 341 629

1310 291 1393 351 ΙΝ
1425 293 1586 353 CAN.
1632 294 1871 355 XXXIV
1912 296 2118 357 CUNC.
2166 297 2245 357 IN
2282 300 2601 364 TRULLO.

3456 309 3559 371 630

388 398 517 463 Τοῖς
571 396 886 463 Ἰουδαϊκοῖς
940 404 1197 474 ἑπόμενοι
1251 405 1428 461 ἔθεσιν
1457 410 1507 460 ot
1541 410 1599 461 ὲν
1633 411 1700 477 τῇ
1738 409 1891 480 χώρᾳ

1996 415 2093 482 Qui
2127 416 2177 467 in
2208 416 2587 471 Armeniorum
2607 427 2729 472 sunt
2764 418 3248 487 regioueludaicos
3273 436 3563 492 sequentes

311 493 427 546 τῶν
466 492 794 565 ⁹Δρμιινίων.
853 494 1051 564 μόνους
1082 500 1210 562 τοὺς
1268 501 1332 553 ἐκ
1387 500 1577 569 γένους
1612 502 1888 574 ἱερατικοῦ

314 583 480 646 ὄντας
511 584 594 646 είς
625 582 830 653 κλῆρον
875 586 1286 657 προσδέχονται.
1335 589 1500 643 Ἀλλὰ
1531 591 1777 654 καὶτοὺς
1814 590 1890 661 μὴ

315 674 573 740 εὐλογίας
605 675 871 745 τυχόντας
914 677 1241 741 ἐπισκόπου.
1294 683 1388 734 καὶ
1443 682 1691 753 ἱερατικῇ
1722 684 1893 753 κουρᾷ

317 765 729 835 χρησαμένους,
760 766 1085 837 ἱεροψάλτας
1114 771 1414 834 καθίστων,
1448 772 1541 825 καὶ
1564 773 1642 842 τῷ
1664 773 1777 842 λαῷ
1805 774 1889 825 ἐπ’

318 859 574 925 ἄμϐωνας
596 858 697 922 τὰς
732 861 885 930 ἱερὰς
907 860 1123 931 βίδλους
1152 862 1550 931 ἀναγινώσκειν
1573 864 1888 921 ὲπέταττον.

318 948 418 1001 Διά
447 948 603 1003 τοῦτο
630 949 759 1018 γοῦν
788 951 962 1004 ταῦτα
993 953 1089 1005 καὶ
1131 953 1419 1024 ἀμφότερα
1451 953 1481 1005 ό
1530 954 1721 1025 παρὼν
1738 951 1893 1019 οὗτος

313 1040 686 1110 ἀπαγορεύων
718 1041 921 1107 κανὼν,
959 1047 1283 1114 προστάττει
1355 1047 1495 1116 μήτε
1542 1049 1620 1110 εἰς
1645 1048 1705 1099 τὸ
1734 1049 1893 1115 γένος

316 1133 534 1203 ἀφορᾷν
570 1134 668 1185 τοῦ
717 1134 1047 1206 βουλομένου
1106 1139 1190 1202 είς
1246 1138 1448 1209 κλῆρον
1502 1140 1891 1209 προαχθῆναιο

313 1225 453 1277 ἀλλὰ
480 1226 643 1278 τοῦτο
667 1227 829 1296 μόνον
850 1230 1169 1302 ἀνερευνᾷν,
1194 1233 1243 1284 εἰ
1268 1231 1417 1298 ἄξιός
1442 1233 1555 1286 ἐστι
1573 1248 1587 1262 '
1624 1235 1760 1302 μήτε
1786 1234 1892 1287 τινὶ

317 1321 646 1389 συγχωρεῖν,
676 1320 819 1376 ὥστε
850 1322 1248 1389 ἀναγινώσκειν
1273 1324 1305 1395 ἥ
1338 1325 1562 1394 ψάλλειν
1592 1325 1679 1378 ἐπ’
1706 1325 1894 1391 ἄμϐω-

312 1428 428 1476 νος,
466 1413 515 1465 εί
550 1413 625 1483 μὴ
648 1414 803 1484 παρὰ
833 1413 929 1468 τοῦ
960 1416 1093 1469 ἰδίου
1125 1418 1430 1471 ἐπισκόπου
1475 1419 1728 1487 εὐλογίας
1752 1420 1889 1491 τύχῃ

313 1499 633 1569 κανονικῆς,
688 1502 783 1555 καὶ
833 1504 1087 1576 ἱερατικῇ
1130 1509 1309 1579 κουρᾷ
1351 1510 1656 1580 χρήσηται·
1713 1513 1805 1563 τὸν
1834 1512 1892 1564 δὲ

312 1590 470 1658 παρὰ
494 1591 562 1647 τὰ
601 1594 841 1649 ἐνταῦθα
868 1596 1278 1670 διατεταγμένα
1326 1602 1589 1657 ποιοῦντα
1633 1605 1895 1674 ἀφορίζε-

312 1682 464 1738 σθαι.
1428 1686 1431 1689 “

914 1786 1157 1840 ΚᾹΝΩΝ
1185 1785 1305 1844 ΔΔ’.

319 1886 343 1918 ι
382 1872 491 1923 Καὶ
516 1872 675 1927 τοῦτο
705 1874 761 1928 δὲ
779 1876 873 1929 τοῦ
904 1878 1181 1948 ἱερατικοῦ
1226 1883 1449 1944 κανόνος
1484 1883 1674 1953 σαφῶς
1703 1884 1890 1951 διαγο-

390 1983 410 2015 ι
454 1966 725 2034 ρεύοντος,
750 1968 827 2031 ὡς
854 1971 917 2025 τὸ
936 1973 1037 2042 τῆς
1061 1977 1407 2043 συνωμοσίας
1434 1977 1466 2045 ἢ
1489 1976 1761 2047 φρατρίας
1778 1979 1889 2045 (13)

392 2081 410 2108 ι
450 2059 703 2131 ἔγκλημα
744 2065 1020 2136 καὶιπαρά
1051 2067 1160 2119 τῶν
1196 2068 1304 2132 ἔξω
1331 2073 1513 2138 νόμων
1544 2070 1887 2131 κεκώλυται,ο

389 2172 409 2203 ι
453 2154 635 2225 πολλῴ
656 2157 712 2210 δὲ
746 2158 949 2225 μᾶλλον
998 2161 1057 2213 ἑν
1087 2164 1153 2231 τῇ
1200 2163 1504 2235 Ἐκκλησία
1551 2150 1711 2229 τοῦτο
1740 2164 1890 2233 γίνε-

388 2266 408 2296 ι
457 2246 583 2301 σθαι
609 2250 981 2320 ἀπαγορεύειν
1009 2255 1282 2324 προσήκει
1301 2272 1317 2288 ο
1344 2257 1440 2309 καὶ
1489 2257 1651 2326 ἡμεῖς
1689 2258 1891 2324 φυλάτ-

390 2360 412 2394 σ
447 2359 566 2395 τειν
593 2346 991 2415 σπουδάζομεν,
1018 2348 1115 2411 ὡς,
1145 2348 1197 2400 εἴ
1217 2366 1361 2414 τινες
1381 2349 1632 2420 κληρικοὶ
1654 2351 1685 2421 ἢ
1724 2369 1891 2419 μονα-

387 2453 410 2481 ι
449 2435 535 2504 χοὶ
555 2436 832 2506 εὑρεθεῖεν
855 2439 887 2507 ἢ
908 2441 1353 2515 συνομνύμενοιῆ
1381 2444 1830 2516 φρατριάζοντες,
1855 2445 1888 2514 ἦ

389 2543 409 2575 ι
452 2529 800 2593 κατασκευὰς
827 2532 1146 2601 τυρεύοντες
1179 2535 1498 2589 ἐπισκόπων
1528 2536 1559 2607 ἢ
1589 2537 1891 2607 συγκληρι-

393 2637 412 2667 r
453 2618 591 2685 κῶν,
614 2620 1029 2678 ἐκπιπτὲτωσαν
1055 2626 1229 2697 πάντη
1261 2627 1356 2680 τοῦ
1385 2631 1588 2683 οἰκείου
1616 2630 1845 2699 βαθμοῦ.
1864 2652 1884 2682 ι

383 2711 585 2767 ΒΑΛΣ.
612 2714 749 2782 Περὶ
774 2718 1119 2783 συνωμοσίας
1142 2721 1236 2771 καὶ
1258 2722 1529 2791 φρατρίας
1564 2724 1889 2794 ἐγράψαμεν

310 2807 369 2858 ἓν
401 2806 482 2875 τῷ
511 2805 580 2877 ιη’
605 2810 789 2861 κανόνι
814 2809 912 2877 τῆς
937 2812 994 2862 ἐν
1012 2811 1319 2881 Χαλκηδόνι
1353 2814 1593 2870 συνόδου.
1618 2816 1727 2869 Καὶ
1755 2817 1890 2871 ἀνάσ-

309 2899 486 2967 γνωθι
522 2900 711 2953 τοῦτον
742 2903 835 2955 καὶ
868 2902 937 2957 τὰ
966 2905 1022 2957 ἐν
1044 2904 1216 2973 αὐτῷ.
1273 2904 1545 2978 Ἑζητήθη
1592 2908 1647 2961 δέ
1680 2926 1810 2962 ποτε
1840 2910 1889 2962 εί

308 2993 939 3059 όφείλουσικολάζεσθαι
974 2998 1068 3051 καὶ
1100 2998 1149 3050 οἱ
1184 2999 1529 3069 συνωμοσίας
1567 3001 1890 3071 ποιήσαντες

1994 525 2175 564 mores
2202 526 2297 564 eos
2324 511 2487 573 solos,
2519 512 2607 579 qui
2640 528 2708 566 ex
2735 526 2934 580 genere
2962 524 3089 568 sunt
3123 517 3476 581 sacerdotali,
3508 518 3558 570 in

1994 604 2197 657 clerum
2228 603 2547 658 admittunt.
2590 603 2693 658 Sed
2725 613 2779 659 et
2812 621 2931 669 eos,
3003 609 3092 676 qui
3122 610 3361 678 episcopi
3403 612 3566 664 hence

1994 696 2284 750 dictionem
2313 712 2417 749 non
2451 697 2783 762 habuerunt,
2845 714 2947 755 nec
2987 703 3311 756 sacerdotali
3342 714 3563 755 tonsura

1993 800 2119 844 sunt
2152 790 2254 855 usi,
2283 806 2470 846 sacros
2523 793 2753 847 lectores
2791 793 3217 859 constituebant,
3245 804 3296 847 et
3319 810 3351 848 e
3372 812 3567 865 sugge-

1992 891 2075 935 stu
2103 896 2291 935 sacros
2318 883 2483 938 libros
2507 885 3279 956 populodegereimperabant.
3315 887 3561 956 Propter-

1993 990 2054 1028 ea
2119 975 2309 1028 borum
2345 986 2629 1045 utrumque
2667 979 2958 1046 prohibens
2990 980 3076 1034 hic
3100 995 3341 1067 prtesens
3366 996 3585 1042 canon,

1994 1069 2214 1120 mandat
2242 1086 2340 1122 nec.
2366 1076 2430 1119 ad
2458 1085 2629 1132 genus
2654 1071 2799 1124 illius
2824 1078 3115 1140 respicere,
3151 1073 3241 1141 qui
3274 1072 3326 1124 in
3360 1074 3562 1125 clerum

1995 1159 2294 1223 promoveri
2333 1146 2492 1228 196
2516 1162 2696 1223 cupit;
2729 1161 2822 1214 sed
2852 1161 2955 1215 hoc
2985 1170 3189 1213 tantum
3226 1162 3555 1227 perscrutari

1993 1264 2059 1302 an
2089 1249 2281 1317 dignus
2311 1253 2381 1303 sit
2410 1268 2422 1303 :
2473 1266 2573 1305 nec
2595 1252 2849 1321 cuiquam
2871 1240 3189 1314 cuncedere,
3212 1263 3271 1305 ut
3305 1253 3445 1323 legat
3472 1264 3568 1305 aut

1993 1355 2152 1397 canat
2171 1353 2495 1410 esuggestu,
2521 1345 2671 1407 nisifa
2699 1359 2797 1401 suo
2824 1334 3077 1415 episcopo
3099 1346 3417 1399 canonicam
3446 1361 3565 1399 sus-
3648 1376 3653 1381 -
3736 1390 3743 1403 .

1993 1434 2195 1502 ceperit
2236 1436 2695 1501 benedictionem,
2744 1448 2798 1492 et
2830 1448 3051 1491 tonsura
3087 1439 3409 1493 sacerdotali
3447 1447 3564 1487 uta-

1996 1537 2119 1581 tur:
2158 1543 2281 1581 eum
2317 1541 2464 1594 vero,
2513 1533 2602 1601 qui
2635 1544 2822 1588 contra
2878 1550 2939 1587 ea
2970 1548 3093 1603 quae
3149 1533 3233 1586 hic
3264 1533 3581 1584 tit‘cct'tttttt—-

1996 1627 2107 1680 tttr,
2163 1618 2373 1682 iecerit,
2401 1621 2621 1689 deponi.

2551 1800 2777 1855 CANON
2812 1801 3047 1857 XXXIV.

1999 1909 2019 1941 ι
2055 1890 2218 1942 Porro
2245 1904 2445 1950 autem.
2472 1908 2590 1945 cum
2613 1902 2666 1946 et
2689 1896 2787 1947 hoc
2812 1910 2983 1948 eanon
3000 1896 3354 1949 sacerdotalis
3384 1906 3579 1959 aperte

2068 2003 2085 2032 ‹
2121 1985 2315 2045 edient,
2342 1985 2890 2053 quodeoujurationis
2916 1988 2998 2040 vel
3034 1986 3337 2041 sodalitatis
3358 1987 3567 2041 crimen

2068 2096 2084 2124 ι
2123 2052 2283 2129 etiam
2321 2076 2388 2129 ab
2419 2082 2659 2132 externis
2694 2079 2899 2146 legibus
2960 2090 3043 2132 est
3093 2082 3318 2134 vetitum
3345 2119 3358 2141 ,
3400 2084 3569 2135 multo

2070 2190 2087 2221 ι
2124 2181 2303 2224 autem
2362 2173 2532 2240 magis
2570 2175 2671 2225 hoc
2710 2173 2824 2227 ﬁeri
2878 2174 2930 2226 in
2989 2173 3230 2228 Ecclesia
3278 2177 3571 2243 prohibere

2070 2282 2087 2312 ι
2132 2272 2373 2329 Oportet:
2420 2279 2513 2315 nos
2542 2278 2758 2333 quoque
2786 2266 3078 2320 observare
3108 2270 3408 2330 studemus,
3444 2271 3567 2323 utsi

2069 2376 2086 2407 ι
2130 2356 2219 2423 qui
2249 2356 2427 2412 clerici
2460 2366 2555 2411 aut
2589 2359 2835 2423 monachi
2893 2360 3094 2413 inventi
3144 2361 3271 2421 sint,
3315 2362 3394 2414 vel
3432 2377 3564 2416 con-
3660 2408 3663 2413 ,

2069 2469 2087 2499 ι
2128 2450 2375 2516 juraules
2407 2451 2486 2504 vel
2523 2452 2834 2507 sodalitates
2869 2454 3141 2514 ineuntes.
3184 2455 3264 2507 vel
3308 2457 3566 2509 adversus

2070 2563 2089 2593 ι
2133 2543 2417 2613 episcopos
2454 2544 2535 2597 vel
2569 2546 2907 2599 conclericos
2930 2546 3139 2616 aliquid
3192 2557 3487 2610 struentes,
3534 2565 3577 2603 ας

2068 2659 2085 2686 ι
2122 2639 2335 2706 proprio
2369 2639 2531 2707 gradu
2564 2653 2782 2705 prorsus
2816 2641 3087 2693 excidant.
3120 2659 3137 2690 ι
3177 2686 3183 2695 ς

2065 2729 2257 2783 BALS.
2311 2729 2383 2781 De
2417 2729 2790 2794 conjnratione
2830 2741 2881 2783 et
2918 2731 3205 2784 sodalitate
3250 2734 3589 2799 scripsimus.

1991 2822 2151 2877 etiam
2188 2825 2237 2875 in
2289 2823 2354 2876 18
2393 2838 2601 2876 canone
2645 2823 2970 2877 Chalcedon.
3042 2826 3250 2892 synodi.
3299 2825 3437 2895 Lege
3472 2845 3566 2878 au-

1992 2927 2096 2969 tem
2136 2931 2280 2979 eum,
2328 2928 2381 2969 et
2423 2931 2541 2980 qua:
2572 2918 2622 2968 in
2653 2932 2773 2969 euut
2811 2917 3013 2985 scripta
3046 2927 3196 2971 sunt.
3247 2918 3339 2970 Est
3387 2928 3577 2971 autem

1993 3008 2279 3076 aliquando
2301 3009 2581 3074 quaesitum
2608 3026 2675 3062 an
2703 3010 2736 3062 ii
2764 3009 2928 3062 etiant
2962 3011 3141 3080 puniri
3191 3012 3443 3077 debeant,
3475 3015 3564 3082 qni

309 3087 477 3156 χάριν
504 3086 713 3156 ἀγαθοῦ
735 3105 904 3151 τινος,
939 3088 1100 3159 τυχὸν
1140 3089 1236 3142 ἐὰν
1272 3091 1772 3164 όμογνωμονήσωσι
1796 3095 1891 3146 καὶ

1998 3100 2121 3153 boui
2186 3101 2417 3167 alicuius
2462 3101 2633 3169 gratia
2687 3100 3120 3163 coniurationem
3172 3102 3368 3162 ferere.
3431 3105 3569 3156 forte

309 3179 557 3247 όμόσωσι
593 3181 765 3251 χωρὶς
791 3182 1139 3251 προστάξεως
1170 3181 1457 3253 βασιλικῆς
1489 3183 1520 3253 ἢ
1562 3185 1890 3256 ἀρχοντικῆς

313 3275 458 3344 ὑπὲρ
492 3275 1051 3345 καταπολεμουμένης
1082 3276 1186 3329 ὑπὸ
1214 3275 1425 3346 ἐχθρῶν
1451 3277 1659 3341 πόλεως
1687 3280 1893 3332 ἀποθαο

314 3368 448 3427 νεῖν.
482 3368 514 3436 ἢ
549 3366 849 3437 ἀναιρῆσαί
900 3384 1024 3420 τινα
1079 3368 1339 3438 λυμεῶνα
1392 3369 1493 3439 τῆς
1547 3371 1667 3425 κατ’
1693 3372 1892 3435 αὐτοὺς

314 3465 549 3528 πόλεως,
582 3462 614 3534 ἦ
645 3461 775 3517 ἄλλο
807 3479 862 3515 τι
913 3460 1118 3529 ἀγαθὸν
1156 3462 1406 3531 ποιῆσαι.
1461 3465 1567 3516 Καὶ
1614 3463 1760 3529 τινὲς
1792 3465 1892 3535 μὲν

309 3554 472 3611 εἷπον
521 3555 621 3618 ὠς.
679 3556 806 3609 ἐπεὶ
842 3554 1086 3618 σπανίως
1147 3554 1356 3643 γίθνεται
1404 3559 1466 3609 τὸ
1512 3557 1652 3628 ὑπὲρ
1684 3559 1890 3627 ἀγαθοῦ

309 3652 644 3721 πράγματος
671 3648 1079 3717 συνομόσασθαί
1106 3667 1281 3711 τινας,
1311 3648 1408 3701 καὶ
1436 3649 1557 3703 οὐδὲ
1582 3650 1762 3721 ῥητῶς
1787 3651 1893 3704 ὑπὸ

309 3744 423 3798 τῶν
460 3744 643 3812 νόμων
679 3741 711 3812 ἢ
742 3742 852 3793 τῶν
886 3740 1128 3794 κανόνων
1156 3739 1315 3794 τοῦτο
1340 3742 1758 3812 ἐπιτέτραπται,
1793 3761 1889 3796 κε-

311 3836 556 3890 κώλυται
590 3835 771 3903 πάντη
790 3834 851 3887 τὸ
888 3832 1235 3911 συνομνύειν,
1270 3833 1357 3887 ἵνα
1416 3834 1490 3905 μὴ
1519 3836 1585 3904 τῇ
1618 3836 1891 3904 προφάσει

310 3930 409 3983 τοῦ
433 3927 642 3997 ἀγαθοῦ
664 3928 714 3980 οἱ
739 3926 927 3981 πολλοὶ
954 3928 1047 3979 καὶ
1062 3927 1418 3998 ἐλαφρότεροι
1443 3929 1524 3990 εἰς
1550 3928 1720 3980 πολλά
1746 3928 1891 3982 κακά

311 4020 716 4092 περιπίπτωσι,
772 4017 1088 4089 νομίζοντες
1121 4017 1326 4084 ἀγαθόν
1351 4034 1405 4069 τι
1437 4020 1645 4072 ποιεῖν*
1676 4036 1892 4089 περιαι-

313 4113 449 4185 ρεθῇ
507 4113 565 4166 δὲ
604 4108 852 4163 ἐντεῦθεν
891 4108 987 4161 καὶ
1025 4100 1085 4178 ἠ’
1118 4108 1376 4181 βασιλικὴ
1438 4111 1531 4163 καὶ
1591 4111 1892 4184 ἀρχόντικὴ

312 4203 558 4269 ἐξουσία,
591 4203 624 4273 ἡ
688 4201 759 4255 τὰ
791 4201 942 4255 κακά
990 4200 1359 4262 διεκδικοῦσα,
1399 4202 1493 4255 καὶ
1545 4205 1624 4266 εἰς
1653 4205 1720 4257 τὰ
1751 4206 1893 4260 καλὰ

308 4299 409 4350 τὸν
458 4297 630 4365 δῆμον
684 4294 1051 4364 διεγείρουσα.
1083 4294 1420 4364 Ἐχρήσαντο
1468 4294 1527 4348 δὲ
1569 4296 1665 4349 καὶ
1722 4297 1911 4369 τρίτῳ

309 4407 447 4459 κεφ.
468 4387 561 4441 τοῦ
591 4387 680 4453 λς’
727 4386 911 4440 τιτλου
960 4384 1057 4440 τοῦ
1089 4384 1129 4450 ξ’
1162 4386 1367 4456 βιϐλίου
1417 4386 1631 4457 λέγοντι
1664 4388 1795 4461 περὶ
1825 4391 1890 4443 τὰ

312 4483 465 4553 μέσα
504 4479 831 4542 κολάζεσθαι
883 4478 976 4531 τὸν
1036 4478 1381 4548 τωλεμοῦντα
1426 4480 1581 4546 παρά
1637 4480 1891 4536 κόλευσιν

268 4606 271 4609 -
312 4575 589 4647 βασιλέως
625 4572 721 4626 καὶ
753 4574 820 4643 τῇ
852 4572 910 4624 ὲν
941 4570 1092 4640 αὐτῷ
1117 4576 1455 4644 παραγραφῇ
1482 4571 1740 4647 λεγούσῃ,
1768 4576 1889 4642 Κᾶν

310 4669 543 4739 νικήσῃ,
588 4660 743 4728 οὗτος
786 4665 1154 4734 τιμωρεῖται·
1209 4663 1389 4735 ἕτεροι
1435 4664 1515 4730 δὲ,
1548 4665 1627 4736 τῷ
1653 4667 1887 4738 παρόντι

308 4761 507 4814 κανόνι
530 4758 803 4830 χρώμενοι
845 4759 939 4812 καὶ
969 4762 1084 4822 τοῖς
1112 4758 1548 4831 καταστρωθεῖσι
1572 4759 1706 4830 παρ’
1735 4763 1893 4832 ἡμῶν

308 4854 506 4923 νόμοις
539 4854 621 4916 εἰς
652 4852 714 4905 τὸ
748 4852 826 4917 λζ’
859 4869 988 4921 κεφ.
1044 4852 1138 4906 τοῦ
1172 4850 1219 4905 θ’
1252 4851 1434 4905 τίτλου
1480 4851 1577 4905 τοῦ
1627 4853 1895 4930 παρόντος

311 4948 723 5018 συντάγματος,
753 4946 1069 5001 διδάσκουσι
1110 4944 1182 5007 δι’
1212 4945 1337 4999 ὅλου
1369 4948 1498 5019 περὶ
1542 4948 1890 5017 συνωμοσίας

311 5041 462 5094 κατά
490 5057 652 5093 τινων
679 5039 1066 5110 τυρευθείσης,
1112 5038 1403 5091 ἀντέθεντο
1444 5038 1611 5107 μόνας
1644 5040 1743 5101 τὰς
1797 5042 1891 5094 ἐπὶ

310 5133 475 5203 κακῷ
503 5136 796 5204 γινομένας
826 5131 1172 5202 συνωμοσίας
1201 5132 1509 5185 κωλύεσθαι
1539 5131 1633 5185 καὶ
1659 5132 1890 5194 κολάζε-

311 5228 465 5284 σθαι,
498 5226 559 5278 οὐ
588 5227 698 5295 μὴν
727 5226 826 5278 καὶ
847 5227 946 5289 τάς
980 5224 1141 5294 χάριν
1171 5222 1384 5290 ἀγαθοῦ
1427 5239 1593 5285 τινος.
1641 5223 1795 5293 Ἐμοὶ
1828 5223 1887 5276 δὲ

308 5320 465 5371 δοκεῖ
486 5319 668 5370 πᾶσαν
694 5317 1036 5385 συνωμοσίαν
1067 5315 1173 5368 ὑπὸ
1202 5314 1296 5368 τοῦ
1336 5315 1506 5384 νόμου
1563 5308 1886 5379 κολάξεσθαι

309 5412 379 5466 δι’
404 5410 444 5465 ἆ
465 5428 528 5464 τε
569 5408 778 5465 ἄνωθεν
808 5408 1049 5483 εἴρηται,
1084 5408 1179 5463 καὶ
1208 5407 1300 5462 διὰ
1349 5409 1411 5462 τὸ
1440 5409 1498 5461 ἐν
1534 5408 1713 5478 ἀδήλῳ
1743 5403 1885 5461 εἶναι

1995 3192 2039 3245 si
2065 3192 2497 3254 conspiraverint
2528 3207 2591 3245 ac
2620 3193 3050 3258 roujttraverint.
3084 3193 3201 3247 sine
3227 3194 3568 3259 imperatoris

1995 3282 2077 3335 vel
2121 3284 2468 3352 magistratus
2495 3283 2674 3357 jussu,
2709 3298 2767 3337 se
2797 3298 2894 3351 pro
2925 3280 3258 3337 defendenda
3286 3284 3355 3335 ab
3395 3284 3569 3336 hosti-

1994 3376 2095 3434 bus
2157 3385 2460 3447 oppugnata
2495 3375 2627 3429 urbe
2665 3379 2983 3438 morituros,
3018 3375 3101 3428 vel
3172 3376 3404 3440 aliquem
3458 3392 3569 3428 suae

1992 3471 2229 3526 civitatis
2298 3483 2605 3523 eversorem
2666 3470 2731 3521 de
2808 3468 2987 3522 medio
3060 3468 3410 3530 sublaturos,
3485 3468 3567 3519 vel

1994 3564 2194 3632 aliquid
2239 3563 2387 3621 aliud
2435 3561 2558 3616 boui
2613 3560 2871 3616 facturos.
2927 3561 3005 3614 Ac
3056 3561 3293 3615 nonnulli
3345 3561 3566 3629 quidem

1993 3657 2267 3721 dixerunt,
2301 3656 2467 3727 quod,
2499 3655 2752 3725 quoniam
2790 3670 2912 3708 raro
2944 3654 3144 3709 accidit
3173 3664 3228 3707 ut
3261 3669 3359 3722 pro
3386 3654 3586 3718 aliqua,

1996 3765 2053 3803 re
2082 3750 2223 3803 bona
2268 3748 2433 3816 aliqui
2467 3745 2772 3813 conjureut,
2822 3754 2877 3797 et
2924 3760 3021 3798 nec
3066 3761 3092 3796 a
3146 3743 3441 3796 rationibus
3488 3744 3569 3795 vel

1994 3840 2201 3909 legibus
2231 3855 2485 3908 expresse
2516 3839 2843 3909 permissum
2892 3846 2996 3900 est,
3030 3836 3317 3904 conjurare
3348 3837 3569 3888 (ιιιιιιίηη

1994 3934 2325 4004 prohibitum
2353 3943 2455 3994 est.
2490 3948 2555 3983 tte
2596 3930 2719 3986 boui
2756 3939 3020 3996 prtnlcxttt
3069 3927 3246 4004 tttttlﬂ,
3298 3926 3569 3992 iidemque

1994 4012 2246 4086 leviores,
2291 4024 2343 4078 in
2394 4023 2559 4077 multa
2597 4022 2737 4076 mala
2786 4020 3048 4083 incidant,
3098 4033 3156 4071 se
3178 3986 3332 4070 Ἳιθιιὶ
3369 4014 3567 4082 aliquid

1997 4119 2176 4172 facere
2197 4117 2590 4188 existimantes.
2626 4114 2761 4168 Ilinc
2795 4122 2974 4166 autem
3019 4119 3246 4175 excepta
3281 4111 3352 4165 sit
3400 4109 3571 4175 impc-

1997 4210 2198 4264 ratoria
2234 4210 2308 4275 et!
2339 4207 2753 4275 magistratuum
2790 4214 3045 4271 potestas,
3102 4218 3222 4269 qua:
3253 4201 3390 4255 mala
3438 4199 3574 4252 ulci-

1996 4303 2187 4366 scitur,
2229 4310 2282 4355 et
2332 4298 2583 4367 populum
2633 4297 2698 4351 ad
2756 4297 2981 4350 honesta
3038 4296 3259 4348 excitat.
3317 4294 3409 4349 Usi
3444 4305 3579 4345 sunt-

1997 4404 2173 4447 autem
2207 4401 2261 4446 et
2302 4392 2333 4444 3
2404 4405 2524 4460 cap.
2573 4389 2639 4442 57
2692 4389 2772 4441 tit.
2850 4386 2918 4439 60
2974 4386 3093 4439 libri
3160 4388 3372 4439 dicente
3425 4384 3572 4438 circa

1999 4484 2257 4546 medium,
2289 4480 2468 4535 Puniri
2505 4496 2627 4537 eum
2680 4480 2771 4551 qui
2803 4478 3002 4533 bellum
3027 4478 3169 4549 gerit
3214 4477 3419 4547 injussu
3468 4477 3569 4529 im-

1997 4578 2295 4646 peratoris;
2326 4586 2381 4629 et
2406 4591 2527 4644 quae
2555 4575 2607 4628 in
2643 4589 2708 4627 eo
2748 4583 2852 4637 est,
2884 4572 3290 4642 praescriptione
3334 4573 3569 4625 dicente.

2000 4674 2174 4728 Etiam
2220 4671 2263 4725 si
2310 4670 2355 4723 is
2389 4669 2606 4733 vicerit,
2655 4668 2898 4738 punitur.
2945 4667 3047 4721 Alii
3094 4676 3271 4721 autem
3318 4669 3563 4736 praesenti

1997 4773 2208 4813 canone
2245 4767 2480 4821 utentes,
2516 4768 2569 4812 et
2596 4757 2806 4825 legibus
2832 4771 2953 4824 quae
2978 4772 3009 4810 α
3041 4756 3196 4811 nobis
3222 4758 3414 4824 posita:
3444 4769 3567 4810 sunt

2002 4852 2055 4905 in
2101 4851 2169 4905 57
2201 4864 2322 4919 cap.
2366 4849 2399 4902 9
2434 4850 2516 4902 tit.
2589 4847 2871 4917 praesentis
2923 4847 3124 4916 Operis,
3178 4864 3299 4916 qua:
3347 4850 3566 4901 omnim

1999 4945 2193 4998 docent
2247 4944 2313 4998 de
2368 4942 2789 5008 coniuratione,
2853 4955 2974 5009 qua:
3045 4945 3302 4994 adversus
3354 4942 3565 5013 aliqum

1994 5038 2249 5100 struitur,
2281 5036 2556 5098 dixerunt,
2582 5049 2676 5089 eas
2705 5033 2869 5096 solas,
2896 5048 3015 5102 quae
3057 5033 3125 5086 ad
3164 5032 3360 5085 malum
3410 5032 3586 5088 ﬁtun,.

1997 5129 2401 5200 coniurationes
2437 5126 2709 5197 prohiberi
2743 5136 2798 5180 et
2842 5123 3056 5195 puniri;
3105 5138 3208 5175 non
3263 5130 3442 5176 autem
3474 5140 3566 5175 ea.

1997 5238 2115 5290 quae
2145 5222 2371 5289 alicujus
2399 5221 2520 5275 boni
2566 5219 2738 5290 gratia
2778 5219 2931 5271 ﬁunt.
2967 5213 3094 5266 ΜΗιί
3137 5222 3316 5266 autem
3356 5213 3567 5266 videtur

1994 5331 2209 5372 onmem
2246 5313 2673 5385 conjuratiouetn
2723 5327 2753 5365 a
2799 5311 2914 5378 lege
2960 5309 3159 5377 puniri,
3206 5317 3316 5361 tum
3348 5315 3575 5376 propter

1993 5424 2056 5463 ea
2085 5424 2206 5478 qua:
2244 5408 2494 5474 superius
2535 5407 2676 5461 dicta
2723 5414 2882 5460 sunt.
2923 5412 2980 5455 et
3020 5399 3161 5465 quod
3210 5400 3453 5457 incertus
3496 5402 3568 5468 sit.

1549 5570 1750 5633 Guill.
1790 5569 2125 5650 Beveregii
2175 5583 2368 5631 noue.

385 5694 403 5763 (
416 5696 501 5758 15)
552 5695 863 5765 Φρατρίας.
902 5693 959 5748 lu
997 5711 1102 5748 ms.
1153 5694 1588 5749 Amerbacltiano
1626 5693 1887 5749 scribitur

313 5766 554 5835 φατρίας
588 5784 603 5821 :
641 5775 699 5819 ut
733 5774 787 5820 ct
822 5774 1007 5835 postea
1043 5766 1454 5837 φατριάξοντες,
1484 5781 1580 5834 pro
1619 5767 1886 5836 φρατριά·

1995 5692 2200 5756 ζοντες.
2232 5687 2703 5756 Quemadmodum
2732 5686 2895 5741 etiam
2926 5685 2982 5740 in
3017 5685 3462 5742 annotationibus
3497 5681 3575 5736 ad;

1995 5779 2115 5834 εγω.
2147 5763 2400 5819 (Ibalced.
2436 5778 2557 5816 can.
2595 5760 2683 5826 18,
2722 5758 3071 5814 observatum
3102 5768 3207 5815 est.
