4110 6224
479 271 584 335 635

1736 269 2012 329 THEOD.
2060 268 2456 329 BALSAMON

3617 268 3723 331 638

476 390 736 446 ecclesias
759 392 1077 460 pervaserit,
1110 391 1163 444 hi
1203 390 1375 445 multo
1405 388 1660 455 majorem
1685 385 2049 443 calamitatem

2162 384 2358 455 τόλμαν
2387 384 2596 451 αὐτῶν,
2623 384 2714 440 ἵνα
2745 384 2821 458 μὴ
2841 385 2932 438 καὶ
2952 384 3052 454 τῆς
3080 382 3175 437 ἐπὶ
3199 384 3315 446 τοῖς
3338 381 3589 447 Θανάτοις
3615 387 3724 438 τῶν

476 482 757 544 invehant,
776 492 832 537 et
847 497 911 537 ea
938 485 1048 536 sint
1075 497 1233 551 quam
1273 481 1381 550 jam
1403 481 1594 536 habent
1617 478 1863 537 molestia
1884 479 2041 546 longe

480 572 855 638 molestiores;
879 573 1068 627 statuit
1093 588 1190 641 per
1215 572 1353 628 hanc
1374 579 1687 641 praesentem
1708 570 2051 625 conetitutio-

475 680 622 728 nem,
653 680 721 718 ne
754 666 822 719 ab
851 664 939 729 iis,
968 664 1060 734 qni
1090 666 1309 719 ducales
1354 664 1703 731 magistratus
1727 672 1935 731 gerunt,
1963 662 2048 716 vel

476 756 874 825 descriptiones
892 756 971 808 vel
989 755 1166 825 aliqua
1187 755 1286 809 alia
1308 753 1636 824 publicijure
1650 763 1925 818 exercent,
1945 753 2050 809 tale

476 848 605 915 quid
637 852 688 900 in
713 847 1080 903 sanctissimas
1106 847 1387 914 ecclesias,
1413 846 1494 900 Vel
1524 861 1708 903 earnm
1729 844 2047 909 immobilia,

476 941 555 994 vel
585 939 886 993 antistitum
916 940 1100 1004 cellas,
1142 940 1194 994 in
1228 955 1415 994 eorum
1452 948 1625 992 morte
1650 937 1906 1005 deinceps
1932 952 2049 993 am-

477 1033 627 1098 plius.
654 1032 944 1087 innovetur
978 1046 994 1085 :
1045 1033 1138 1086 sed
1171 1031 1217 1087 si
1251 1031 1425 1086 testati
1474 1030 1690 1099 quidem
1742 1030 2046 1083 moriantur

474 1122 744 1177 antistites
770 1122 923 1191 justa
947 1138 1135 1177 eorum
1184 1121 1516 1177 voluntatem
1562 1131 1616 1176 et
1652 1121 2046 1175 ordinationem

474 1212 656 1266 omnia
695 1214 847 1277 ﬂant,
877 1214 1020 1282 quod
1046 1215 1111 1266 ad
1145 1228 1207 1267 ea
1238 1215 1430 1267 attinet
1458 1228 1581 1283 qua!
1606 1214 1657 1266 in
1686 1228 1871 1268 eorum
1897 1213 2048 1268 cellis

478 1302 847 1357 inveniuntur.
878 1302 1029 1369 Quod
1063 1303 1108 1357 si
1133 1304 1269 1358 forte
1306 1303 1467 1357 etiam
1523 1303 1758 1358 intestati
1805 1304 2052 1378 decesse-

479 1394 609 1457 rint,
634 1394 814 1449 omnia
852 1409 1069 1465 quoque
1100 1394 1251 1459 (iant,
1283 1405 1441 1464 prout
1471 1394 1523 1449 in
1556 1395 1726 1449 sacris
1749 1395 2049 1451 cauonibus

475 1500 530 1539 et
562 1486 770 1557 legibus
800 1487 914 1542 lleri
941 1490 1316 1558 praescriptum
1350 1499 1455 1544 est.
1489 1490 1652 1558 Atqui
1680 1489 1734 1544 in
1764 1489 2045 1545 viduarum

2158 476 2461 545 ἀρχιερέων
2513 475 2776 544 ἐπιούσης
2823 477 2943 536 ταῖς
2994 475 3113 529 κατ’
3163 474 3364 537 αὐτοὺς
3404 475 3721 542 ἐκκλησίαις

2157 569 2361 640 ζημίας
2395 569 2491 623 καὶ
2524 570 2816 641 συμφορᾶς
2849 565 2997 622 οὗτοι
3039 566 3607 641 βαρυσυμφορώτεροι
3642 568 3729 635 γε-

2156 678 2352 723 νοιντο,
2378 660 2474 714 καὶ
2496 660 2598 731 τῆς
2633 661 2727 713 ἐπὶ
2759 660 2938 722 αὐτοῖς
2963 659 3119 721 ἀνίας
3142 658 3528 729 ἁνιαρώτεροι,
3561 659 3731 728 διορί-

2155 752 2308 817 ζεται
2356 753 2444 807 διὰ
2482 752 2583 823 τῆς
2621 752 2911 823 παρούσης
2940 750 3288 820 προστάξεως
3330 752 3527 823 μηκέτι
3574 753 3730 822 παρὰ

2155 840 2266 907 τῶν
2316 841 2460 895 κατὰ
2501 840 2688 912 χώραν
2720 844 2817 903 τὰς
2860 841 3117 904 δουκικὰς
3152 842 3326 912 ἀρχὰς
3365 842 3659 895 διεπόντων
3692 842 3727 913 ἢ

2152 932 2477 1002 ἀναγραφὰς
2508 932 2540 1001 ἢ
2583 932 2727 1005 ἕτερ’
2754 934 2889 988 ἄττα
2933 933 3128 1003 δικαίῳ
3160 932 3255 985 τοῦ
3284 933 3547 1003 δημοσίου
3583 937 3733 1002 ἐνερ-

2156 1025 2402 1092 γούντων
2448 1024 2693 1078 τοιοῦτόν
2728 1043 2781 1078 τι
2828 1027 2972 1080 κατὰ
3008 1025 3116 1078 τῶν
3157 1026 3483 1094 ἁγιωτάτων
3532 1026 3734 1094 ἔκκλη-

2159 1114 2314 1176 σιῶν,
2346 1114 2379 1184 ἦ
2406 1114 2515 1167 τῶν
2545 1114 2638 1167 ὑπ’
2660 1115 2827 1178 αὑτὰς
2854 1115 3199 1187 ἁκινήτων.ῆ
3225 1115 3334 1169 τῶν
3363 1114 3589 1170 κελλίων
3620 1114 3731 1167 τῶν

2157 1205 2486 1279 ἀρχιερέων.
2518 1208 2575 1260 ἐν
2600 1209 2720 1271 ταῖς
2750 1207 2930 1265 αὐτῶν
2956 1207 3233 1271 τελευταῖς
3254 1206 3348 1261 τοῦ
3374 1206 3565 1261 λοιποῦ
3598 1226 3735 1260 νεωο

2152 1298 2509 1367 τερισθῆναιο
2562 1299 2676 1353 ἀλλ’
2729 1302 2777 1353 εί
2825 1300 2925 1371 μὲν
2968 1300 3305 1370 ὲνδιαθήκως
3357 1302 3406 1354 οἱ
3450 1303 3730 1371 ἀρχιερεῖς

2158 1388 2483 1460 τελευτῷεν,
2518 1389 2661 1444 κατὰ
2687 1390 2783 1452 τὰς
2812 1390 2992 1445 αὐτῶν
3022 1390 3223 1460 βουλάς
3250 1408 3308 1445 τε
3340 1392 3434 1446 καὶ
3458 1392 3735 1457 διατάξεις

2155 1481 2371 1535 ἅπαντα
2401 1481 2653 1549 γίνεσθαι
2675 1484 2799 1537 ὅσον
2841 1484 2933 1536 ἐπὶ
2965 1484 3080 1546 τοῖς
3114 1483 3644 1553 παρευρισκομένοις
3672 1485 3735 1539 ὲν

478 1582 1153 1635 ecclesiarumimmobilia
1206 1596 1272 1635 ne
1321 1583 1509 1651 pedem
1557 1582 1773 1647 quidem
1818 1582 2045 1637 omnino

2162 1575 2269 1636 τοῖς
2294 1574 2525 1637 κελλίοις
2556 1576 2737 1629 αὑτων
2758 1589 2774 1604 ⁶
2815 1576 2864 1629 εί
2889 1575 2934 1628 δ’
2968 1576 3098 1637 ἴσως
3122 1577 3215 1629 καὶ
3250 1576 3523 1633 ἁδιάθετοι
3552 1576 3731 1631 ἀπαλ-

479 1672 730 1725 immittet
761 1672 955 1739 aliquis
981 1686 1046 1723 ex
1079 1671 1325 1733 ducibus,
1374 1669 1457 1724 vel
1509 1669 1774 1737 aliquibus
1813 1669 1952 1732 aliis,
1992 1677 2049 1720 ttt

2162 1667 2425 1732 λάτοιντο,
2460 1669 2639 1722 πάντα
2675 1670 2768 1723 καὶ
2818 1667 2962 1723 οὕτω
3006 1654 3624 1739 συντε).εωοῆναι’κατὰ
3671 1669 3734 1721 τὸ

479 1764 510 1815 tl
537 1775 680 1817 cmm
712 1773 792 1817 est
825 1781 839 1820 :
870 1763 963 1817 sed
1004 1779 1103 1817 nec
1148 1752 1402 1831 quaelibet
1455 1762 1603 1818 illinc
1652 1776 1774 1830 pars
1829 1778 2055 1829 quomo-

2162 1762 2272 1821 τοῖς
2308 1760 2473 1830 ἱεροῖς
2502 1759 2693 1814 κανόσι
2721 1761 2947 1822 καὶτοῖς
2986 1761 3174 1831 νόμοις
3202 1760 3419 1817 δοκοῦν.
3448 1763 3573 1826 Τοῖς
3608 1764 3733 1816 ἀκι-

480 1858 765 1924 docunquo
782 1857 1081 1921 auferatur,
1115 1857 1208 1911 sed
1240 1844 1419 1909 omnia
1443 1871 1471 1907 a
1516 1855 1760 1923 partibus
1788 1854 2054 1923 ejusmodi

2163 1853 2346 1922 νήτοις
2378 1852 2563 1920 μέντοι
2596 1854 2702 1905 τῶν
2723 1853 3073 1923 χηρευουσῶν
3105 1854 3415 1923 ἐκκλησιῶν
3443 1854 3564 1908 οὐδὲ
3584 1855 3737 1908 επόδα

481 1946 831 2001 ecclesiarum
870 1949 921 2000 in
953 1948 1084 2015 ipsis
1112 1945 1656 2009 administrabantur,
1702 1946 2056 2013 quemadmo-

480 2041 608 2094 dum
641 2042 707 2093 de
735 2057 796 2094 ea
824 2040 1057 2109 legitime
1081 2050 1135 2095 et
1163 2042 1425 2099 canonice
1449 2039 1684 2091 edictum
1736 2045 1841 2097 est,
1887 2037 2058 2090 dnnec

406 2174 413 2181 ι
484 2135 714 2196 scilicet,
765 2134 855 2202 qui
890 2144 1008 2201 post
1066 2144 1307 2186 mortuos
1374 2130 1644 2185 antistites
1690 2130 1742 2184 in
1798 2129 2056 2184 ecclesias

481 2225 777 2279 renuntiati
804 2214 952 2289 sunt,
981 2226 1033 2278 in
1066 2225 1280 2295 regione
1309 2222 1529 2289 iuerint,
1559 2232 1616 2278 et
1661 2237 1846 2277 eorum
1896 2222 2061 2293 198

486 2315 1013 2368 administrationem
1038 2313 1399 2383 susceperint.
1430 2312 1646 2369 interim
1683 2313 1821 2367 sciat
1866 2312 1933 2376 is,
1965 2312 2059 2381 qui

487 2407 552 2459 :d
579 2405 997 2459 iulirmationetn
1034 2404 1263 2467 alicujus
1318 2420 1529 2467 eorum,
1568 2422 1688 2474 qua:
1739 2423 1767 2461 a
1804 2407 2057 2474 praesenti

488 2498 501 2550 i
528 2497 780 2566 uperialis
804 2499 1085 2566 potestatis
1112 2513 1243 2552 mea!
1272 2499 1659 2554 constitutione
1700 2498 1911 2553 decreta
1936 2508 2061 2555 sunt

488 2589 836 2657 prooesserit,
896 2590 1040 2658 quod
1068 2590 1281 2645 etiamsi
1315 2591 1455 2646 Deus
1484 2591 1537 2645 in
1570 2590 1661 2644 tali
1697 2590 1817 2658 ejus
1842 2598 2061 2657 tamque

493 2682 680 2737 audaci
707 2684 924 2752 incepto
951 2684 1003 2737 in
1034 2684 1316 2754 prtesentia
1348 2684 1580 2749 siluerit,
1616 2683 1839 2739 omnino
1871 2681 1926 2736 in
1970 2681 2059 2735 lu-

489 2782 672 2826 turum
702 2776 923 2844 dignum
956 2774 1073 2843 ejus
1099 2776 1420 2845 supplicium
1450 2791 1733 2832 reservans
1757 2816 1771 2839 ,
1806 2774 2061 2843 imperia-

489 2865 554 2921 h‘s
588 2877 766 2922 tamen
802 2881 922 2923 mea
955 2874 1197 2936 potestas
1229 2862 1353 2923 eum
1387 2866 1640 2922 acerbius
1685 2866 1740 2924 in
1775 2864 2062 2935 praesentia

2158 1945 2294 2007 ὅλως
2334 1945 2587 1998 ὲπιϐαλεῖ
2615 1962 2701 2009 τις
2739 1945 2847 1999 τῶν
2877 1946 3018 1999 κατὰ
3046 1946 3231 2017 χώραν
3257 1945 3467 2000 δουκῶν
3498 1946 3532 2017 ἦ
3568 1964 3736 1999 τινων

2158 2035 2381 2105 ἐτέρων.
2412 2036 2486 2098 ὠς
2517 2037 2756 2105 εἴρηται,
2782 2036 2905 2090 οὐδὲ
2932 2054 2984 2089 τι
3014 2037 3224 2091 οίονοῦν
3246 2036 3458 2092 ἐκεῖθεν
3487 2037 3747 2091 ὁπωσοῦν

2160 2128 2503 2199 ἀναλάϐηται
2530 2144 2547 2159 ο
2579 2126 2716 2181 ἀλλὰ
2750 2129 2928 2184 πάντα
2956 2130 3108 2200 παρὰ
3133 2130 3241 2186 τῶν
3267 2132 3451 2202 μερῶν
3478 2134 3589 2185 τῶν
3624 2150 3740 2184 τοι-

2160 2219 2334 2273 ούτων
2363 2216 2675 2288 ἐκκλησιῶν
2706 2220 2764 2273 ὲν
2795 2221 2980 2285 αὐτοῖς
3008 2223 3524 2294 οίκονομηθήσεται,
3552 2222 3737 2286 καθὼς

2165 2312 2276 2383 ἄρα
2312 2314 2408 2367 καὶ
2436 2314 2565 2385 περὶ
2589 2314 2781 2367 τούτου
2814 2314 3061 2385 νομίμως
3092 2315 3187 2368 καὶ
3220 2314 3523 2379 κανονικῶς
3556 2315 3742 2387 διηγό-

2163 2423 2377 2476 ρευται,
2411 2407 2605 2478 μέχρις
2642 2406 2709 2461 ἂν
2739 2407 2942 2478 δηλαδὴ
2979 2407 3030 2461 oi
3072 2406 3216 2462 κατὰ
3248 2408 3374 2470 τοὺς
3405 2407 3741 2477 τεθνηκότας

2161 2497 2444 2568 ἀρχιερεῖς
2478 2500 2559 2561 είς
2586 2498 2886 2569 ἐκκλησίας
2911 2498 3404 2569 ὲπικηρυττόμενοι
3445 2499 3587 2553 κατὰ
3626 2497 3707 2569 χὼ
3726 2528 3740 2539 ο

2170 2606 2272 2660 ραν
2304 2591 2588 2658 γεγονότες
2626 2590 2801 2654 αὐτοὶ,
2838 2590 2938 2660 τῆς
2974 2589 3179 2644 τούτων
3206 2591 3519 2660 οἰκονομίας
3548 2592 3740 2645 ἀναδέ-

2163 2681 2381 2746 ξωνται.
2436 2680 2648 2733 Εἱδέναι
2702 2680 3011 2748 όφειλοντος
3052 2681 3145 2734 τοῦ
3188 2683 3269 2746 είς
3304 2682 3559 2752 ἀθέτησίν
3593 2700 3739 2745 τινος

2162 2772 2271 2825 τῶν
2318 2774 2378 2826 ὲν
2426 2776 2493 2843 τῇ
2535 2772 2788 2847 παρούσῃ
2841 2774 3136 2843 προστάξει
3181 2775 3283 2845 τῆς
3324 2774 3739 2847 βασιλείαςτμου

2163 2862 2535 2932 διωρισμένων
2583 2844 2938 2933 χωρήσαντος
2988 2864 3087 2930 ὼς,
3139 2865 3190 2917 εί
3230 2844 3481 2929 καιΘεὸς
3529 2844 3741 2938 ἐπὶντῴ

483 2957 851 3025 aggredietur,
879 2961 1056 3028 poenis
1088 2972 1211 3013 eum
1248 2958 1621 3029 corporalibus
1650 2957 1964 3025 subiiciens,
2006 2966 2055 3017 el

2165 2953 2397 3026 τοιούτῳ
2418 2954 2606 3010 αὐτῶν
2644 2956 2957 3027 τολμήματι
2998 2958 3137 3029 πρός
3163 2975 3223 3012 τε
3263 2960 3325 3012 τὸ
3362 2960 3537 3031 παρὸν
3561 2980 3742 3029 παρα-

486 3061 711 3101 suorum
771 3048 1142 3103 membrorum
1203 3047 1655 3114 truncationibus,
1690 3047 2055 3115 bonorumque

2168 3050 2535 3120 σιωπήσεται,
2566 3050 2785 3115 πάντως
2813 3051 2895 3113 είς
2920 3050 2984 3104 τὸ
3026 3051 3221 3121 μέλλον
3245 3052 3433 3118 αὐτοῖς
3455 3055 3554 3125 τὴν
3580 3056 3739 3121 ἀξίαν

487 3138 861 3205 publicationi,
889 3148 943 3195 et
963 3139 1225 3195 diuturno
1256 3141 1465 3197 exsilio.
1492 3141 1608 3196 Non
1634 3141 1805 3197 solum
1824 3143 1967 3198 enim
1988 3157 2055 3200 ex

2162 3143 2321 3214 δίκην
2348 3144 2765 3212 ταμιευόμενος,
2798 3143 2913 3196 ἀλλ’
2948 3145 2980 3215 ἡ
3027 3143 3276 3214 βασιλεία
3308 3164 3411 3217 μου
3441 3150 3535 3202 καὶ
3568 3152 3649 3212 είς
3677 3152 3741 3203 τὸ

486 3248 553 3288 so
583 3233 834 3304 simplum
865 3234 1055 3289 reddet
1092 3234 1360 3299 ecclesiae,
1392 3235 1532 3305 quod
1564 3235 1612 3290 ei
1662 3235 1756 3291 illo
1803 3238 1960 3290 modo
1990 3239 2059 3293 ab

484 3327 606 3394 ipso
637 3326 988 3383 auferendum
1015 3337 1121 3392 est,
1158 3329 1249 3384 sed
1279 3329 1445 3383 etiam
1481 3343 1512 3382 a
1547 3328 1677 3384 fisco
1733 3330 1853 3384 talis
1884 3345 2061 3398 quan-

485 3420 656 3475 titatis
676 3418 900 3490 duplum
925 3420 1130 3490 absque
1158 3419 1265 3474 ulla
1295 3421 1768 3475 commiseratione
1789 3423 2057 3488 exigetur,

484 3510 872 3579 perfectissima
899 3527 961 3565 ea
1018 3512 1085 3566 de
1112 3526 1168 3565 re
1202 3511 1515 3582 cognitione
1540 3527 1637 3582 per
1660 3513 1958 3569 antistitem
1985 3516 2058 3577 ei,

484 3604 575 3672 qui
605 3620 702 3670 pro
723 3613 965 3668 tempore
991 3600 1251 3674 mysticus
1282 3603 1410 3670 erit,
1429 3604 1573 3667 data.
1592 3605 1691 3674 qui
1711 3608 1874 3661 etiam
1908 3618 2060 3659 utra-

483 3712 589 3764 que
642 3695 1023 3749 administrare
1076 3698 1278 3751 debet:
1328 3696 1396 3750 de
1447 3712 1547 3751 suo
1604 3706 1785 3752 autem
1842 3712 2062 3768 peccato

482 3790 704 3843 omnino
737 3790 1143 3845 excusationem
1181 3805 1284 3844 non
1310 3791 1549 3845 habebit.
1582 3788 1745 3845 Venit
1777 3792 1918 3847 enim
1955 3793 2061 3847 im-

484 3881 704 3948 perialis
730 3897 848 3937 mea
876 3894 1139 3949 potestas,
1170 3892 1225 3937 et
1252 3884 1331 3938 eis
1365 3899 1461 3953 per
1481 3894 1805 3953 praesentem
1856 3886 2062 3941 consti-

484 3977 745 4031 tutionem
767 3977 1074 4048 evangelice
1104 3978 1304 4031 ’locuta
1338 3986 1441 4042 est,
1472 3994 1594 4047 qute
1625 3979 1676 4032 in
1716 3993 1874 4033 sacro
1898 3980 2061 4034 char-

484 4069 792 4138 tuahylacin
840 4082 1147 4140 reponetur,
1200 4071 1561 4126 sanctissimis
1613 4072 1859 4128 ecclesiis
1915 4073 2064 4128 suill-

2160 3237 2334 3308 παρδν
2376 3236 2701 3308 πικρότερον
2752 3237 2887 3292 αὐτὸ
2937 3238 3344 3307 μετελεύσεται,
3398 3247 3741 3312 σωματικαῖς

2159 3332 2372 3395 ποιναῖς
2414 3329 2577 3384 αὐτὸν
2627 3329 3088 3388 καθυποὸαλοῦσα
3128 3371 3147 3398 ,
3197 3334 3377 3403 μελῶν
3418 3352 3478 3390 τε
3519 3338 3741 3391 οἰκείων

2158 3422 2662 3494 ἀκρωτηριασμοῖς,
2691 3422 2788 3476 καὶ
2815 3423 2925 3478 τῶν
2951 3424 3619 3498 ὑπαρχόντωνδημεύσει,
3645 3431 3741 3485 καὶ

2160 3513 2351 3587 ἔξορία
2387 3516 2596 3586 μακρᾷ.
2630 3513 2705 3568 Οὐ
2746 3515 2906 3591 μόνον
2934 3516 3044 3587 γάρ
3068 3517 3131 3571 τὸ
3166 3518 3374 3573 άπλοῦν
3405 3521 3742 3575 ἀπεντεῦθεν
3852 3538 3855 3539 ⁷

2161 3608 2437 3662 ἀποδώσει
2472 3608 2501 3661 6
2534 3607 2778 3672 τοιοῦτος
2806 3612 2872 3680 τῇ
2905 3609 3195 3681 ἐκκλησίᾳ,
3237 3612 3297 3665 τὸ
3331 3612 3388 3678 ἐξ
3418 3613 3593 3681 αὐτῆς
3629 3632 3741 3668 τοι-

2159 3700 2499 3770 ουτοτρόπως
2536 3702 2665 3771 παρ’
2691 3698 2857 3753 αὐτοῦ
2914 3701 3444 3773 ἀφαιρεθησόμενον,
3481 3705 3615 3758 ἀλλὰ
3646 3707 3741 3758 καὶ

2163 3792 2303 3858 πρὸς
2334 3791 2428 3845 τοῦ
2462 3791 2726 3863 δημοσίου
2755 3793 2834 3854 είς
2862 3790 2922 3845 τὸ
2948 3790 3170 3846 διπλοῦν
3199 3794 3544 3863 άσυμπαθῶς
3569 3797 3739 3849 ἁπαι-

2161 3884 2463 3956 τηοὴσεται
2495 3883 2591 3954 τὴν
2615 3882 2877 3952 τοιαύτην
2902 3884 3200 3955 ποσότητα,
3224 3872 3483 3956 είδῆσεως
3512 3890 3740 3960 ἀκριϐε-

2170 3962 2371 4044 στάτης
2398 3974 2682 4043 διδομένης
2726 3974 2857 4044 περὶ
2886 3973 3078 4027 τούτου
3113 3974 3266 4044 παρὰ
3304 3975 3398 4029 τοῦ
3440 3979 3742 4048 τηνικαῦτα

2167 4070 2474 4140 ἀρχιερέως
2507 4068 2585 4136 τῷ
2618 4066 2760 4120 κατὰ
2802 4066 2901 4135 τὴν
2950 4068 3166 4137 ἡμέραν
3218 4068 3488 4138 μυστικῷ,
3538 4069 3599 4132 ὃς
3646 4072 3742 4122 καὶ

479 4162 628 4213 (τέρπε
661 4161 863 4227 futura,
887 4164 928 4215 si
966 4162 1085 4232 ejus
1128 4161 1300 4216 solum
1360 4162 1600 4231 exetupla
1654 4166 1962 4219 autltentica
1998 4182 2055 4222 ac

2162 4161 2370 4231 ὀφείλει
2405 4158 2501 4212 καὶ
2538 4161 2704 4227 ἄμφω
2737 4158 3038 4227 οἰκονομεῖν
3069 4174 3082 4188 ⁸
3114 4159 3388 4228 πρόφασιν
3433 4160 3488 4213 δὲ
3526 4161 3739 4219 πάντως

481 4254 805 4320 «τυηψοῑοιιιί
851 4256 951 4307 lide
1002 4256 1204 4308 munita
1271 4255 1338 4309 ab
1402 4255 1532 4324 ipsis
1592 4258 1832 4323 partibus
1878 4268 2055 4312 osten-

2162 4255 2260 4324 οὐχ
2294 4252 2406 4316 ἕξει
2440 4252 2570 4321 περ)⁵
2614 4250 2715 4319 τῆς
2756 4250 3032 4320 ἁμαρτίας
3070 4248 3260 4304 αὑτοῦ.
3320 4247 3491 4305 Ἦλθε
3544 4254 3654 4321 γάρ
3706 4254 3741 4322 ή

477 4343 695 4397 dmtur.
739 4343 812 4398 Ea
843 4346 987 4398 enim
1016 4346 1316 4415 archetypi
1343 4344 1450 4398 vim
1481 4346 1775 4413 habebunt,
1819 4357 1875 4403 et
1900 4350 2055 4404 exiti-

2167 4343 2413 4415 βασιλεία
2451 4360 2553 4414 μου
2593 4342 2965 4410 εὑαγγελικῶς
2998 4342 3095 4395 καὶ
3130 4341 3395 4412 ἐλάλησεν
3423 4343 3607 4404 αὐτοῖς
3652 4343 3741 4395 διὰ

480 4431 727 4486 lwnfibus
757 4436 821 4486 ad
855 4446 1115 4488 aelermtm
1143 4436 1491 4489 securitatem
1530 4444 1713 4490 erunt.

2162 4439 2262 4507 τῆς
2291 4435 2575 4506 παρούσης
2615 4431 2989 4503 προστάξεως,
3033 4432 3156 4501 ἥτις
3204 4434 3726 4503 καταστρωθήσεται

476 4524 573 4576 καὶ
608 4523 683 4593 τῷ
713 4526 844 4595 ἱερῷ
886 4528 1305 4597 χαρτοφυλακίῳ
1346 4528 1828 4600 ὲναποτεθήσεται,
1886 4531 2198 4601 ἀρκέσουσα
2229 4532 2349 4592 ταῖς
2416 4526 2748 4595 ἁγιωτάταις
2809 4525 3148 4596 ἐκκλησίαις,
3220 4524 3322 4580 κᾶν
3386 4530 3616 4580 ίσότυπα
3650 4519 3742 4583 καΣ

481 4614 617 4683 μόνα
647 4617 852 4687 ταύτης
883 4621 1277 4690 πεπιστωμένα
1316 4621 1469 4692 παρὰ
1509 4621 1620 4675 τῶν
1657 4622 1839 4692 μερῶν
1868 4625 2049 4680 αὐτῶν
2087 4617 2717 4703 ὲμφανίζηταιτἚξουσι
2743 4618 2853 4689 γὰρ
2902 4616 3280 4689 πρωτοτύπων
3341 4618 3498 4689 ἰσχὺν
3562 4619 3742 4680 ταῦτα

476 4709 573 4761 καὶ
621 4711 734 4772 τοῖς
782 4711 1175 4781 πορισαμένοις
1216 4714 1577 4785 προσέσονται
1627 4716 1707 4778 είς
1748 4715 2049 4785 ἀσφάλειαν
2083 4716 2470 4779 αἱωνίζουσαν.

550 4798 797 4857 ΖοΝΑιι.
830 4805 975 4858 idem
1025 4784 1402 4873 argumentum
1455 4816 1662 4876 quartae
1699 4784 1913 4878 quoque
1966 4825 2055 4882 sy-

2237 4804 2475 4883 ZONAP.
2503 4804 2637 4857 -Καὶ
2664 4804 2692 4856 6
2721 4801 2968 4865 είκοστδς
3008 4801 3266 4872 δεύτερος
3298 4802 3483 4856 κανὼν
3527 4794 3629 4873 τῆς
3656 4813 3742 4857 τε-

482 4894 609 4946 nndi
668 4910 845 4949 canon
898 4897 1194 4953 vicesimus
1254 4898 1525 4954 secundus
1581 4903 1912 4969 exsequitur.
1979 4902 2055 4958 lbi

2163 4901 2372 4969 τάρτης
2407 4895 2628 4948 συνόδου
2657 4894 2789 4963 περὶ
2822 4893 3015 4947 τούτου
3067 4892 3162 4947 τοῦ
3190 4893 3489 4960 κεφαλαίου
3521 4895 3742 4964 διαλαμ-

480 4992 534 5037 et
564 4983 723 5052 hujus
749 4986 977 5041 canonis
1007 4988 1212 5044 mentio
1238 5003 1268 5042 a
1302 4989 1459 5043 nobis
1477 4989 1641 5054 facta,
1690 5000 1744 5046 et
1806 4992 1911 5047 alia
1962 5008 2055 5063 per

2166 4992 2339 5055 6άνει,
2384 4987 2516 5041 ἔνθα
2555 4988 2649 5038 καὶ
2676 4984 2773 5039 τοῦ
2807 4986 3078 5053 παρόντος
3110 4985 3335 5050 κανόνος
3361 4986 3737 5057 ἰμνήσθημενο

480 5091 599 5142 qua:
630 5076 869 5144 ejusdem
900 5080 1247 5151 explicationi
1299 5080 1643 5137 satisfactum
1699 5083 2053 5149 arbitramur,

2164 5085 2329 5155 ἀρκεῖ
2352 5081 2448 5135 οὖν
2485 5081 2553 5133 τὰ
2584 5079 2853 5151 εἰρημένα
2881 5082 3016 5133 ἐκεῖ.

484 5167 645 5219 :tllttla
680 5167 856 5226 fuere.
1228 5222 1246 5232 ,

483 5256 710 5315 ARIST.
757 5279 776 5316 ι
822 5262 1092 5337 Episcopo
1121 5265 1232 5321 vita
1262 5263 1540 5332 defuncto,
1572 5265 1754 5321 clerus
1792 5265 1930 5321 bona
1968 5282 2053 5321 re-

2162 5264 2376 5321 ΔΡΙΣΤ.
2426 5280 2446 5315 ε
2484 5260 2857 5322 Τελευτῶντος
2880 5258 3205 5325 ἐπισκόπου,
3229 5257 3259 5309 ὁ
3285 5258 3489 5330 κλῆρος
3513 5258 3742 5327 φυλάξει

561 5370 580 5399 ι
620 5355 878 5413 servabit.
912 5357 969 5412 Si
1008 5373 1139 5414 vero
1186 5357 1364 5414 nullus
1415 5359 1750 5427 relinquatur
1803 5362 2056 5421 clericus,

574 5468 591 5495 ι
639 5449 1090 5515 metropolitanus
1151 5466 1217 5508 ea
1276 5451 1642 5517 conservabit,
1690 5450 1863 5506 donec
1918 5451 2057 5505 alter

567 5561 586 5592 ι
616 5544 918 5598 ordinetur.
957 5563 978 5601 ›

559 5633 671 5687 Nec
708 5636 925 5691 clericis
963 5648 1084 5707 post
1117 5649 1344 5695 mortem
1369 5636 1608 5710 episcopi
1659 5652 1765 5695 Sill-
1796 5651 1892 5691 nec
1950 5651 2061 5688 tne-

490 5727 818 5801 trOpolitauo
868 5730 998 5786 licet
1051 5733 1345 5801 quidquam
1428 5748 1459 5788 e
1517 5740 1763 5787 vacantis
1816 5728 2065 5785 ecclesiae

2243 5377 2261 5410 ι
2298 5357 2370 5411 τὰ
2409 5355 2716 5426 πράγματα
2749 5369 2765 5385 ·
2801 5355 2851 5408 εί
2895 5352 2955 5407 δὲ
3004 5352 3079 5423 μὴ
3116 5351 3507 5406 ὑπολέλειπται
3547 5353 3743 5422 κληρι-

2236 5468 2253 5499 t
2292 5449 2407 5511 κὸς,
2440 5448 2468 5499 ὁ
2499 5445 2905 5516 μητροπολίτης
2937 5448 3113 5499 ταῦτα
3154 5444 3473 5515 διαςρυλάξει
3498 5445 3602 5507 ἕως
3635 5446 3736 5514 τῆς

2245 5559 2263 5592 ›
2307 5540 2499 5609 ἑτέρου
2530 5538 2889 5609 χειροτονίας.
2928 5557 2947 5587 ι
3370 5604 3373 5607 _
3814 5518 3835 5527 κ

2234 5629 2371 5685 Οὔτε
2406 5634 2518 5695 τοῖς
2551 5632 2836 5700 κληρικοῖς
2872 5630 3013 5702 μετὰ
3050 5630 3153 5701 τὴν
3194 5631 3453 5703 τελευτὴν
3478 5629 3570 5686 τοῦ
3611 5630 3741 5682 ἑπι-

2169 5725 2372 5779 σκόπου
2401 5725 2583 5781 αὐτῶν
2604 5723 2728 5779 οὔτε
2751 5724 2829 5796 τῷ
2857 5727 3233 5799 μητροπολίτη
3256 5726 3467 5793 ἔξεστιν
3483 5726 3736 5796 ἀφαιρεῖ·
