4110 6224
442 328 550 397 637

434 539 571 592 ἀλλὰ
600 539 777 595 πάντα
806 542 1082 611 ὀφείλουσι
1106 550 1630 618 παραφυλάττεσθαι
1661 553 1792 625 παρ’
1815 552 1996 608 αὐτῶν

429 630 497 700 δὴ
523 632 633 685 τῶν
672 633 968 703 κληρικῶν,
989 638 1185 709 μέχρις
1206 639 1273 694 ἂν
1301 642 1487 714 ἕτερος
1503 644 1797 708 ἐπίσκοπος
1820 663 1998 716 χειρο-

433 721 660 792 τονηθῇ.
693 724 754 775 Εἰ
782 724 828 777 δ’
859 727 988 790 ῐσως
1015 728 1277 799 κληρικδς
1306 733 1365 785 ὲν
1397 736 1462 806 τῇ
1488 736 1711 809 τοιαύτῃ
1743 737 1841 809 οὐχ
1866 737 1998 791 ὑπε-

438 811 639 881 λείφθη
662 814 948 890 ἐκκλησίᾳ,
983 820 1013 873 6
1043 823 1441 897 μητροπολίτης
1467 825 1639 879 ταῦτα
1674 830 1998 900 παραφυλά-

442 902 522 964 ξει
553 904 822 974 ἀμείωτα,
863 910 1155 968 ἀποδοῦναι
1202 915 1411 986 μέλλων
1446 919 1625 975 πάντα
1652 920 1729 996 τῷ
1755 938 1998 993 χειροτο-

435 994 795 1071 νηθησομένῳ
824 1002 1130 1075 ὲπισκόπῳ.

1020 1096 1258 1151 ΚΑΝΩΝ
1283 1100 1428 1168 aqu

444 1194 464 1227 ι
518 1176 931 1252 Ἀνανεούμενοι
976 1185 1043 1239 τὰ
1089 1191 1237 1261 παρὰ
1268 1190 1376 1244 τῶν
1421 1191 1615 1247 ἑκατὸν
1662 1212 1997 1266 πεντηκοντα

517 1290 536 1321 ι
580 1272 752 1340 ἁγίων
795 1276 1052 1347 Πατέρων
1084 1281 1193 1335 τῶν
1237 1283 1297 1335 ιν
1327 1286 1393 1355 τῇ
1445 1284 1792 1359 θεοφυλάκτῳ
1823 1289 1995 1363 ταύτῃ

518 1384 537 1414 ι
578 1366 674 1418 καὶ
705 1367 935 1437 βασιλίδι
968 1364 1131 1427 πόλει
1156 1376 1537 1445 συνελθόντων,
1555 1380 1649 1435 καὶ
1671 1381 1780 1435 τῶν
1804 1382 1997 1447 ἑξακο-

514 1477 533 1506 ι
579 1460 712 1514 σίων
735 1462 1028 1532 τριάκοντα
1057 1466 1167 1521 τῶν
1195 1469 1252 1521 ὲν
1296 1471 1598 1543 Χαλκηδόνι
1632 1476 1997 1531 συνελθόντων

517 1573 534 1635 ι
579 1555 1033 1625 νομοθετηθέντα,
1059 1560 1315 1631 ὁρίζομεν
1359 1561 1453 1617 τὸν
1486 1565 1996 1622 Κωνσταντινουπὸ-

515 1666 532 1693 ε
576 1645 709 1708 λεως
740 1645 927 1715 θρόνον
950 1648 1060 1701 τῶν
1089 1650 1218 1704 ίσων
1244 1651 1537 1707 ἀπολαύειν
1562 1656 1872 1726 πρεσϐείων
1900 1660 1996 1713 τοῦ

518 1760 533 1784 ι
574 1739 675 1808 τῆς
713 1741 1093 1811 πρεσϐυτέρας
1124 1742 1345 1813 Ῥώμης
1389 1744 1601 1817 θρόνου,
1654 1749 1749 1803 καὶ
1789 1750 1846 1803 ἐν
1886 1752 1996 1814 τοῖς

515 1850 533 1877 ‹
578 1830 1056 1901 ἐκκλησιαστικαῖς
1082 1835 1157 1897 ὡς
1187 1836 1391 1891 ἐκεῖνον
1424 1814 1823 1909 μεγαλύνεσθαι
1859 1846 1999 1913 πρά·
2027 1814 2072 1870 Β

516 1945 531 1971 ‹
575 1941 767 1993 γμασι,
798 1925 1050 1996 δεύτερον
1085 1928 1201 1997 μετ’
1223 1930 1430 1984 ἐκεῖνον
1474 1932 1783 2004 ὑπάρχοντα
1810 1951 1829 1968 ο
1876 1935 1996 2005 μεθ’

518 2038 533 2062 ι
577 2015 636 2068 ὃν
673 2018 700 2067 6
730 2017 829 2084 τῆς
872 2017 1257 2090 Ἀλεξανδρέων
1289 2023 1707 2091 μεγαλοπόλεως
1750 2026 1998 2098 ἀριθμεί-

514 2126 531 2153 ι
578 2108 687 2160 σθω
719 2107 922 2177 θρόνος,
952 2106 1066 2163 εἶτα
1095 2114 1123 2165 6
1166 2114 1509 2185 Ἀντιοχείας,
1539 2117 1628 2169 καὶ
1653 2119 1789 2190 μετά
1810 2120 1995 2176 τοῦτον

515 2221 531 2250 ι
576 2201 724 2269 ὁτῆς
765 2204 1211 2275 Ἱεροσολυμιτῶν
1248 2208 1474 2271 πόλεως.
1515 2228 1535 2262 ι

509 2295 703 2347 ΒΑΛΣ.
730 2297 864 2367 Περὶ
886 2296 980 2350 τοῦ
1009 2298 1265 2372 δευτέρου
1294 2304 1385 2357 καὶ
1411 2304 1596 2374 τρίτου
1618 2305 1840 2370 κανόνος
1863 2306 1997 2375 φασὶ

435 2384 540 2453 τῆς
562 2387 1078 2458 δευτέρας’συνόδου
1099 2406 1115 2421 ·
1155 2392 1249 2446 καὶ
1280 2395 1373 2447 τοῦ
1407 2393 1493 2465 κη’
1543 2397 1768 2461 κανόνος
1820 2401 1921 2465 τῆς
1954 2398 1995 2451 δ’

440 2479 687 2532 συνόδου.
731 2480 840 2533 Καὶ
890 2480 1166 2549 ἀνάγνωθι
1224 2486 1292 2539 τά
1336 2486 1396 2539 ὲν
1444 2486 1655 2553 τούτοις
1684 2488 1812 2560 παρ’
1841 2489 1996 2560 ἡμῶν

434 2568 741 2635 γραφέντα.

508 2660 750 2713 ΖΩΝΑΡ.
781 2660 863 2718 Τά
891 2663 948 2714 ἐν
976 2667 1043 2734 τῇ
1077 2664 1334 2738 ἐξηγήσει
1361 2650 1468 2723 τῶν
1503 2672 1810 2743 εἰρημένων
1834 2674 2017 2728 κανόοη

441 2770 573 2816 νων,
617 2748 692 2809 ὧν
739 2757 1012 2827 μέμνηται
1039 2761 1066 2812 6
1098 2761 1289 2832 παρὼν
1318 2764 1519 2831 κανὼν,
1561 2769 1825 2837 εἰρημένα
1865 2770 1996 2838 ἡμῖν

438 2846 687 2916 περὶτοῦ
719 2848 909 2915 θρόνου
940 2850 1040 2919 τῆς
1065 2854 1681 2922 Κωνσταντινουπόλεως
1712 2858 1996 2930 ζητητῖον,

434 2941 530 2991 καὶ
558 2936 715 3008 οἶμαι
744 2942 821 3005 ὡς
868 2944 927 2996 οὖ
959 2946 1222 3001 πλειόνων
1252 2948 1435 3020 δεήσει
1462 2951 1540 3022 τῷ
1574 2951 1763 3007 τοῦτον
1801 2955 1997 3008 ἀνανι⁴

435 3048 727 3095 νωσκοντι.

520 344 550 399 7
1188 344 1271 407 ΙΝ
1311 346 1474 409 CAN.
1518 349 1759 411 XXXVI
1802 352 1899 412 ET
1941 351 2217 417 XXXVII
2252 357 2458 424 CONC.
2500 361 2581 424 IN
2603 366 2925 428 TRULLO.

440 447 568 499 σθαί
592 465 645 501 τι
668 447 779 503 τῶν
800 449 900 521 τῆς
922 468 1263 525 χηρευουσης
1290 458 1584 530 ἐκκλησίας
1609 461 1950 531 πραγμάτων
1978 476 1994 493 ο

2100 469 2252 524 bonis
2282 472 2520 537 auferre,
2554 476 2647 530 sed
2683 477 2863 531 omnia
2908 476 3167 532 custodiri
3219 476 3418 532 debent
3455 476 3521 530 ab
3551 477 3662 531 illis

3553 361 3658 425 633

2104 562 2234 630 ipsis
2254 562 2490 628 clericis,
2527 568 2845 635 usquedum
2876 565 3013 621 alius
3039 568 3323 635 episcopus
3354 567 3645 620 constitua-

2100 662 2207 709 tur.
2232 654 2289 711 Si
2318 656 2458 713 forte
2487 666 2663 713 autem
2701 658 2930 715 clericus
2957 660 3011 714 in
3042 660 3131 713 illa
3166 674 3271 729 uou
3324 660 3658 725 relinquatur

2102 748 2347 812 ecclesia.
2378 751 2820 820 metropolitanus
2848 767 2910 806 ea
2958 752 3240 806 imminuta
3279 752 3515 808 servabit
3542 766 3657 807 om-

2104 841 2191 897 nia
2220 841 2403 899 futuro
2432 844 2683 915 episcopo
2713 844 3046 900 redditurus.

2622 1113 2848 1170 CANON
2895 1112 3137 1169 XXXVI.

2107 1224 2126 1259 ι
2157 1205 2499 1262 Renovantes
2530 1223 2648 1275 qua:
2677 1225 2706 1261 a
2756 1207 2958 1262 sanctis
3014 1215 3228 1259 centum
3275 1210 3330 1257 ct
3387 1201 3656 1272 quinqua-

2180 1316 2199 1349 ι
2232 1299 2378 1365 ginta
2408 1300 2681 1365 Patribus,
2710 1299 2800 1367 qui
2828 1299 2879 1352 in
2915 1300 3016 1355 hac
3044 1314 3070 1350 a
3101 1298 3208 1351 Deo
3254 1305 3565 1349 conservata
3604 1306 3659 1349 et

2186 1409 2205 1443 ι
2235 1392 2381 1461 regia
2412 1390 2565 1458 urbe,
2603 1402 2658 1446 et
2692 1391 2964 1447 sexcentis
3004 1390 3241 1459 triginta.
3292 1389 3381 1458 qui
3432 1388 3658 1443 Chalce-

2176 1503 2196 1537 ι
2234 1485 2374 1540 done
2405 1500 2726 1548 convenere,
2755 1486 3043 1540 constituta
3096 1493 3243 1546 sunt,
3291 1482 3654 1543 decernimus,

2178 1595 2197 1630 ι
2234 1587 2293 1632 ιιι
2324 1577 2552 1632 thronus
2599 1576 3218 1646 Constantinopolitanus
3263 1574 3485 1645 aequalia
3542 1571 3656 1641 pri-

2154 1687 2195 1739 ηι
2237 1668 2428 1740 vilegia
2468 1683 2588 1723 cum
2623 1669 2858 1737 antiqua:
2886 1668 3066 1722 Romae
3092 1667 3284 1721 throno
3313 1667 3572 1725 obtineat,
3604 1671 3658 1719 et

2176 1780 2196 1814 ι
2235 1762 2288 1817 in
2313 1760 2697 1816 ecclesiasticis
2724 1761 2951 1829 negotiis
2977 1769 3032 1813 ut
3055 1759 3144 1812 ille
3167 1757 3459 1827 magniﬁat,
3481 1765 3539 1808 ut
3562 1755 3651 1822 qui

2176 1858 2291 1908 «sit
2316 1854 2581 1910 secundus
2634 1862 2756 1922 post
2810 1853 2981 1905 illum.
3043 1851 3172 1904 Post
3228 1864 3388 1914 quem
3450 1862 3655 1915 magna:

2173 1967 2191 1999 ι
2229 1947 2711 2001 Alexandrinorum
2760 1946 2993 2000 civitatis
3040 1952 3350 1997 numeretur
3408 1942 3653 1998 thronus.

2175 2059 2193 2092 ι
2232 2040 2424 2095 deinde
2447 2038 2764 2103 Antiochize,
2784 2049 2838 2094 et
2866 2048 2987 2107 post
3015 2052 3137 2092 eum
3162 2032 3656 2105 llierosolytnitaum

2177 2150 2195 2183 ι
2228 2132 2486 2187 civitatis.
2526 2150 2545 2184 ι

2170 2305 2366 2360 BALS.
2396 2304 2471 2359 De
2530 2302 2768 2359 secundo
2824 2310 2878 2356 et
2934 2299 3092 2355 tertio
3150 2306 3360 2355 canoue
3408 2294 3657 2351 secunda:

2097 2398 2305 2469 synodi,
2336 2406 2391 2451 et
2417 2396 2487 2451 28
2511 2410 2633 2450 can.
2671 2404 2877 2462 quarta:
2908 2391 3096 2464 synodi
3128 2392 3442 2461 loquuntur.
3482 2388 3550 2443 Et
3578 2386 3657 2441 le-

2098 2503 2162 2559 ge
2190 2503 2309 2558 qua:
2340 2488 2393 2541 iu
2426 2500 2520 2541 eos
2549 2501 2579 2541 a
2612 2484 2766 2542 nobis
2792 2483 2995 2552 scripta
3029 2491 3173 2536 sunt.

2166 2661 2417 2718 ZONAR.
2462 2659 2592 2728 Quae
2647 2674 2675 2712 a
2729 2658 2886 2714 nobis
2938 2656 3006 2710 de
3064 2650 3655 2720 Conslantinopolitaua

2097 2758 2221 2813 Sede
2254 2758 2552 2809 in.corum
2592 2766 2880 2817 canonum,
2928 2748 3020 2819 qui
3071 2749 3161 2803 hic
3212 2747 3514 2806 laudantur.
3566 2758 3658 2797 ex-

2096 2847 2386 2918 plicatione
2453 2845 2593 2898 dicta
2667 2852 2831 2908 sunt,
2904 2856 2965 2895 ea
3017 2841 3339 2908 quaerenda;
3395 2851 3512 2905 quae
3564 2835 3653 2905 qui

2097 2939 2309 3009 legerit,
2343 2939 2499 3007 plura
2528 2937 2582 2991 iu
2616 2936 2761 2990 hanc
2788 2932 3108 2990 sententiam
3160 2940 3217 2985 ut
3256 2929 3509 2986 arbitror.
3551 2944 3655 2981 non

2097 3031 2356 3100 requiret.

432 3124 655 3179 ΑΡΙΣΤ.
723 3146 742 3179 ι
802 3126 860 3181 ’0
890 3130 1509 3201 Κωνσταντινουπόλεως
1561 3136 1701 3207 μετά
1723 3136 1814 3191 τὸν
1851 3136 1985 3192 Ῥώ-

2101 3123 2261 3194 199
2290 3118 2515 3177 ARIST.
2556 3138 2574 3171 ι
2596 3118 2845 3173 Thronus
2874 3111 3496 3180 Constantinopolitanus
3536 3120 3657 3177 post

513 3236 531 3268 ι
575 3235 687 3286 μης
736 3218 898 3287 ἔστω,
945 3223 1053 3277 τῶν
1117 3226 1248 3282 ῐσων
1305 3228 1591 3282 ἀπολαύων
1644 3229 1991 3300 πρεσϐείων·

519 3326 536 3358 ι
581 3309 704 3379 μεθ’
754 3311 812 3365 ὃν
843 3314 871 3365 6
924 3315 1024 3383 τῆς
1060 3312 1467 3390 ’Δλεξὰνδρείας
1502 3335 1515 3349 ⁶
1547 3319 1673 3389 ἑξῆς
1726 3319 1755 3372 6
1792 3320 1977 3376 ’Δντιο

516 3419 533 3451 ι
582 3401 755 3470 χείαςο
783 3398 901 3458 εἶτα
926 3406 953 3458 6
988 3406 1396 3481 Ἱεροσολύμων.
1442 3430 1462 3464 ε

509 3494 580 3545 Τὸ
606 3496 698 3546 τὸν
754 3497 1379 3564 Κωνσταντινουπόλεως
1409 3506 1517 3559 τῶν
1541 3506 1673 3564 ἴσων
1694 3508 1995 3564 ἀπολαύειν

439 3586 747 3654 πρεσϐείων
800 3590 937 3655 μετὰ
978 3593 1068 3645 τὸν
1104 3594 1321 3665 Ῥώμης
1382 3596 1551 3662 οὕτως
1597 3602 1656 3654 ἐν
1705 3601 1782 3672 τῷ
1833 3602 2001 3673 τρίτῳ

436 3681 622 3733 κανόνι
668 3681 768 3751 τῆς
798 3686 857 3736 ὲν
917 3686 1482 3746 Κωνσταντινουπόλει
1547 3694 1763 3748 συνόδου
1813 3697 2002 3768 ἡρμη-

435 3772 726 3843 νεύσαμεν,
776 3776 869 3837 καὶ
896 3776 954 3828 ὲν
978 3776 1058 3848 τῷ
1113 3781 1345 3851 εἰκοστῷ
1372 3781 1541 3853 ὀγδόῳ
1571 3786 1670 3855 τῆς
1696 3787 1755 3840 ἐν
1781 3787 1993 3858 Χαλκηη

434 3865 822 3921 δόνισυνόδουο
882 3867 1022 3923 ὥστε
1070 3874 1145 3941 μὴ
1201 3872 1341 3929 κατὰ
1396 3877 1493 3946 τὴν
1544 3879 1709 3949 τιμὴν
1750 3879 2000 3952 δεύτερον

437 3953 534 4007 τοῦ
570 3955 785 4027 Ῥώμης
826 3960 1135 4026 τάττεσθαι,
1197 3964 1332 4019 ἀλλὰ
1380 3968 1519 4021 κατά
1574 3970 1700 4031 τοὺς
1754 3972 1997 4041 χρόνους.

443 4045 599 4100 Οὕτω
625 4050 755 4117 γοῦν
785 4053 877 4104 καὶ
909 4054 1147 4108 ἐνταῦθα
1174 4056 1255 4110 δεῖ
1277 4060 1416 4110 νοεῖν
1445 4059 1544 4130 τὴν
1572 4061 1711 4129 μετά
1738 4063 1998 4133 πρόθεσιν

441 4139 534 4191 τοῦ
591 4142 783 4211 χρόνου
838 4140 979 4200 εἶναι
1023 4147 1347 4222 δηλωτικὴν,
1399 4152 1514 4205 ἀλλ’
1558 4152 1619 4205 οὐ
1661 4153 1758 4223 τῆς
1813 4155 1996 4225 τιμῆς.

440 4231 594 4284 Μετὰ
623 4235 731 4305 γὰρ
753 4236 977 4306 χρόνους
1011 4238 1237 4305 πολλοὺς
1273 4242 1382 4297 τῶν
1442 4244 1569 4298 ῐσων
1604 4247 1907 4316 πρεσϐείων
1930 4250 1997 4320 τῇ

450 4325 739 4394 Ῥωμαίων
783 4327 1074 4401 Ἐκκλησία
1100 4333 1193 4385 καὶ
1224 4334 1251 4386 6
1296 4336 1482 4405 θρόνος
1530 4331 1684 4402 οὗτος
1705 4339 1803 4408 τῆς
1843 4340 2001 4401 Know-~

400 4456 403 4459 ,
440 4415 929 4482 σταντινουπόλεως
952 4418 1130 4491 ἔτυχε,
1168 4421 1255 4476 διὰ
1300 4425 1359 4477 τὸ
1386 4425 1629 4497 βασιλείᾳ
1660 4444 1717 4479 τε
1743 4429 1837 4482 καὶ
1864 4444 2000 4497 συγ-

2179 3233 2198 3266 ι
2239 3214 2534 3267 Romanum
2555 3211 2832 3281 proximus
2852 3251 2867 3273 .
2898 3210 3192 3281 aequalibus
3212 3206 3419 3262 fruatur
3437 3203 3656 3276 privile-

2177 3325 2195 3359 ι
2235 3307 2357 3377 giis.
2404 3304 2534 3361 Post
2573 3302 3148 3371 eum‘AleXandriuus,
3186 3301 3440 3370 deinceps
3469 3299 3658 3352 Antio-

2172 3416 2193 3451 ι
2236 3400 2460 3460 cheuus.
2488 3406 2544 3451 et
2571 3396 2760 3453 deinde
2784 3392 3323 3465 Hierosolymitanus.
3368 3410 3387 3442 ι

2170 3491 2489 3560 EpiscOpum
2535 3486 3183 3555 Constantinopolitanum
3216 3483 3509 3556 aequalibus
3550 3481 3655 3536 frui

2100 3580 2396 3651 privilegiis
2421 3589 2542 3650 post
2568 3578 2895 3644 Romanum,
2919 3576 2996 3631 sic
3026 3576 3079 3629 in
3116 3576 3274 3630 tertio
3303 3573 3489 3644 synodi
3512 3572 3657 3651 0.0":-

2101 3670 2608 3739 stantinopolitanae,
2667 3678 2720 3724 et
2774 3668 2828 3723 in
2891 3664 3154 3721 vicesimo
3211 3675 3402 3718 octavo
3463 3640 3653 3734 synodi

2100 3761 2550 3819 Chalcedonensis
2592 3775 2798 3817 canone
2831 3756 3162 3826 interpretati
3205 3770 3413 3819 sumus,
3450 3766 3506 3809 ut
3550 3770 3651 3808 non

2094 3850 2346 3913 honoris.
2370 3849 2463 3905 sed
2494 3848 2747 3917 temporis
2777 3858 3022 3915 respectu
3053 3847 3328 3902 secundus
3357 3862 3383 3896 a
3417 3845 3657 3898 Bouiano

2102 3941 2425 3997 collocetur.
2464 3939 2556 3994 Sic
2586 3940 2767 4007 itaque
2789 3948 2843 3993 et
2874 3938 2963 3993 hic
2997 3937 3401 4006 intelligendum
3427 3946 3506 3989 est
3533 3952 3663 4000 pne-

2100 4030 2451 4102 positi‘onem.
2487 4039 2632 4101 post,
2667 4038 2879 4096 tempus
2905 4028 3168 4090 indicare,
3215 4042 3322 4081 non
3358 4034 3534 4079 autem
3564 4026 3660 4078 ho-
3746 4100 3749 4101 ν

2102 4136 2311 4177 norem.
2358 4121 2488 4175 Nam
2541 4130 2661 4190 post
2694 4135 2866 4175 annos
2912 4119 3107 4174 multos
3146 4118 3372 4189 aequalia
3409 4116 3667 4171 Romanae

2102 4214 2355 4270 Ecclesia:
2380 4216 2613 4281 obtinuit
2647 4214 2873 4268 thronus
2907 4213 2993 4268 hic
3029 4211 3667 4281 (Ξοιιειςιιιιίιιοροιἰιιιηιμι

2102 4305 2419 4376 privilegia;
2454 4319 2520 4359 eo
2553 4306 2698 4375 quod
2730 4302 2955 4375 imperio
2983 4311 3038 4358 et
3099 4310 3289 4355 senatu
3326 4302 3440 4356 haec
3470 4301 3669 4355 civitas

2102 4399 2360 4453 honorata
2395 4406 2501 4465 est,
2532 4395 2828 4469 aequalibus
2866 4394 3035 4451 veteri
3073 4393 3258 4449 Romae
3305 4392 3505 4465 gaudet
3553 4392 3670 4461 pri—-

437 4502 621 4575 κλήτῳ
649 4506 946 4575 τιμηθῆναι
970 4486 1078 4577 τὴν⁷
1099 4510 1254 4567 πόλιν
1285 4486 1511 4584 ταύτην,
1571 4486 1663 4568 κάὶ
1696 4516 1806 4571 τῶν
1867 4486 1999 4573 ἰσων

2104 4486 2335 4558 vilegiis.

437 4595 736 4650 ἀπολαύειν
766 4600 1073 4679 πρεσϐείων
1106 4605 1171 4674 τῇ
1203 4605 1549 4677 πρεσϐυτέρᾳ
1590 4606 1798 4679 Ῥώμῃ.

1026 4694 1262 4747 ΚΔΝΩΝ
1291 4694 1412 4751 ΛΖ’.

446 4798 465 4827 ι
524 4781 741 4853 Ἐπειδὴ
782 4785 925 4837 κατά
947 4784 1238 4857 διαφόρους
1285 4790 1512 4858 καιροὺς
1545 4790 1880 4863 βαρϐαρικαὶ
1911 4811 2003 4863 γε.

517 4891 534 4921 ι
581 4873 802 4939 γόνασιν
830 4876 1029 4947 ἔφοδοι,
1085 4880 1181 4931 καὶ
1238 4879 1490 4934 πλεῖσται
1539 4881 1721 4945 πόλεις
1753 4884 2003 4941 ἐντεῦθεν

514 4984 530 5013 ι
573 4964 873 5037 ὑποχείριοι
911 4970 1023 5043 τοῖς
1051 4969 1275 5039 ἀνόμοις
1301 4971 1667 5043 κατέστησαν,
1702 4974 1777 5039 ὡς
1822 4976 2003 5031 ὲντεῦ-

512 5074 531 5106 ι
578 5058 669 5109 θεν
728 5060 803 5128 μὴ
838 5059 1136 5129 δυνηθῆναι
1195 5061 1286 5113 τὸν
1340 5062 1438 5130 τῆς
1480 5062 1733 5133 τοιαύτης
1796 5068 2002 5132 πόλεως

518 5168 535 5196 ι
583 5137 843 5221 πρόεδρον
903 5151 1039 5219 μετά
1091 5150 1190 5221 τὴν
1237 5149 1324 5203 ἐπ’
1355 5152 1502 5222 αὐτῷ
1550 5155 1882 5226 χειροτονίαν
1909 5157 2001 5211 τὸν

518 5260 535 5291 ι
578 5242 777 5296 οἰκεῖον
810 5243 1001 5312 θρόνον
1033 5246 1385 5309 καταλαϐεῖν,
1444 5247 1538 5298 καὶ
1570 5248 1628 5296 ἐν
1652 5245 1803 5316 αύτῷ
1849 5248 2000 5319 ἱερα-

515 5351 533 5380 ε
580 5336 703 5403 τικῇ
732 5335 1064 5403 καταστάσει
1092 5335 1465 5407 ἐνιδρυνθῆναι
1489 5351 1504 5367 ·
1562 5338 1656 5388 καὶ
1681 5323 1825 5389 οὕτω
1854 5337 1996 5391 κατά

517 5442 536 5474 ι
578 5424 639 5476 τὸ
668 5426 947 5498 κρατῆσαν
979 5427 1097 5490 ἔθος
1135 5429 1235 5491 τάς
1274 5428 1605 5499 χειροτονίας
1635 5432 1729 5481 καὶ
1760 5428 1934 5482 πάντα
1962 5429 1999 5484 ἃ

517 5538 535 5570 ι
577 5517 655 5589 τῷ
673 5519 951 5592 ὲπισκόπῳ
967 5522 1160 5592 ἀνήκει
1190 5506 1450 5591 πράττὲιν
1480 5537 1538 5572 τε
1570 5523 1665 5575 καὶ
1690 5522 2001 5591 μεταχειρί-

518 5630 537 5661 ι
584 5610 793 5675 ζεσθαιο
824 5614 1006 5682 ἡμεῖς,
1029 5614 1089 5666 τὸ
1116 5613 1296 5683 τίμιον
1330 5604 1436 5668 καὶ
1496 5614 1792 5683 σεϐάσμιον
1814 5616 1880 5683 τῇ
1921 5616 1996 5667 ίε-

519 5720 538 5752 t
580 5701 797 5772 ρωσύνῃ
830 5702 1211 5769 φυλάττοντες,
1240 5704 1336 5758 καὶ
1362 5703 1619 5774 μηδαμῶς
1653 5704 1789 5774 πρὸς
1818 5703 1997 5775 λύμην

524 5811 541 5841 ι
583 5790 698 5845 τῶν
721 5792 1193 5863 ἐκκλησιαστικῶν
1224 5794 1449 5849 δικαίων
1478 5795 1575 5863 τὴν
1606 5795 1821 5866 ὲθνικὴν
1854 5797 1990 5867 ὲπήι

2613 4680 2753 4739 CAN
2765 4678 2855 4736 ΟΝ
2892 4677 3163 4737 XXXVII.

2108 4796 2126 4829 ι
2164 4776 2428 4843 Quoniam
2484 4774 2715 4829 diversis
2764 4773 3096 4842 temporibus
3144 4770 3441 4828 barbaricae
3486 4770 3666 4826 incur-

2182 4892 2200 4922 ι
2240 4872 2420 4927 siones
2452 4869 2621 4939 fuere,
2654 4876 2710 4924 et
2740 4885 2805 4924 ex
2834 4884 2899 4925 eo
2931 4868 3175 4939 plurimae
3199 4866 3445 4922 civitates
3466 4866 3535 4922 ab
3557 4863 3662 4921 fui-

2177 4987 2195 5017 ε
2239 4966 2361 5037 quis
2398 4965 2714 5036 subiugata,
2763 4975 2821 5019 ut
2859 4966 2977 5020 ideo
3013 4980 3119 5019 non
3161 4963 3330 5032 possit
3377 4961 3495 5029 ejus
3532 4962 3663 5013 civi-

2173 5078 2190 5108 ι
2235 5060 2360 5115 tatis
2387 5057 2604 5129 praesul,
2649 5067 2927 5127 postquam
2962 5056 3243 5109 ordinatus
3274 5054 3468 5114 fuerit.
3504 5068 3657 5106 suum:

2181 5172 2200 5201 ‹
2240 5153 2492 5206 thronum
2543 5164 2829 5220 occupare,
2875 5156 2930 5203 et
2975 5147 3026 5201 in
3058 5144 3371 5201 sacerdotali
3413 5153 3554 5197 statu
3607 5144 3657 5197 in

2176 5263 2191 5291 ι
2233 5258 2298 5298 eo
2320 5242 2566 5298 collocari
2588 5280 2603 5303 ,
2636 5252 2691 5296 et
2719 5241 2798 5294 sic
2824 5256 2918 5309 pro
2942 5255 3004 5297 ea
3034 5255 3153 5309 qua:
3183 5236 3406 5293 invaluit
3430 5250 3657 5291 consue—

2176 5358 2192 5384 ι
2235 5335 2438 5399 tudine,
2458 5333 2825 5388 ordinationes
2845 5340 2900 5386 et
2919 5331 3097 5385 omnia
3117 5344 3238 5398 quae
3260 5329 3325 5382 ad
3350 5329 3654 5399 episcopum

2173 5446 2188 5474 ι
2231 5426 2525 5494 pertinent,
2560 5419 2811 5492 agere‘et
2854 5431 3088 5476 tractare
3123 5438 3138 5477 :
3176 5435 3272 5478 nos
3304 5421 3559 5475 honorent
3593 5435 3655 5473 ac

2176 5537 2192 5567 ε
2234 5516 2630 5569 venerationem
2655 5512 2959 5569 sacerdotio
2987 5522 3286 5577 servantes,
3317 5522 3372 5567 et
3400 5512 3649 5582 gentilcuu

2170 5630 2184 5657 I
2227 5608 2472 5677 iniuriam
2496 5621 2830 5673 nequaquam
2855 5604 2920 5658 ad
2941 5603 3424 5660 ecclesiasticarum
3453 5603 3652 5673 jurium

2178 5722 2193 5749 ι
2237 5701 2525 5769 perniciem
2570 5714 2727 5767 posse
2767 5697 3062 5769 quidquam
3093 5712 3253 5766 agere
3284 5696 3545 5759 volentes,
3574 5698 3654 5747 eis

2173 5814 2183 5835 ι
2231 5790 2319 5859 qui
2378 5790 2457 5845 sic
2510 5788 2744 5844 ordinati
2803 5798 2949 5853 sunt,
2993 5797 3049 5844 et
3078 5797 3298 5863 propter
3343 5785 3649 5859 pradictam
