4110 6224
445 317 549 379 (ill

1373 310 1451 370 ta
1497 311 1660 370 CAN.
1700 311 1970 374 XXXVII
2005 310 2209 374 CONC.
2245 314 2326 376 IN
2367 293 2688 378 TRULLO.

3585 322 3690 384 642
3737 366 3746 374 .

451 450 516 508 επ
548 428 821 498 προσόντα
855 427 1038 489 αὐτοῖς
1089 428 1426 497 ἡγουμενεῖα
1465 427 1560 479 καὶ
1613 427 1885 493 ἁδελφάτα
1919 428 2013 480 καὶ

2125 429 2270 484 electi
2299 442 2442 495 sunt,
2470 434 2667 487 habere
2694 433 2744 486 in
2773 441 3047 502 posterum
3077 432 3522 488 monasteriorum
3550 450 3689 502 ιιι-ευ-

448 523 699 591 οφεξίκια·
734 523 855 592 ἥτις
926 521 1038 590 ἔχει
1091 522 1230 572 κατὰ
1281 519 1433 589 ῥῆμα
1463 517 1668 582 οὕτως·
1723 518 2018 587 ’Λνέμαθεν

450 625 486 686 η
517 615 770 687 βασιλεία
803 632 927 685 μου,
959 616 1228 682 ἁγιωτατε
1261 612 1500 664 δέσποτά
1547 627 1648 678 μου
1680 612 1775 662 καὶ
1835 611 2018 662 οἰκου-

457 710 645 777 μενικὲ
677 708 1016 780 πατριάρχα,
1050 705 1263 759 ὅτιτῶν
1287 706 1345 755 ἐν
1374 705 1493 764 ταῖς
1521 702 1616 754 τοῦ
1635 701 1768 753 Θεοῦ
1820 701 2020 769 ἐκκλη-

457 801 598 862 σίαις
672 798 869 866 ψήφων
924 793 1367 866 προϐαινουσῶν,
1431 791 1575 852 τινὲς
1623 791 1730 842 τῶν
1798 791 1875 852 εἰς
1921 790 2019 852 τὰς

449 893 667 962 ψήφους
753 879 1116 954 ἐπιλεγέντιυν
1193 881 1651 954 ἡγουμενεύοντες
1728 882 1786 932 ὲν
1851 897 2017 949 μονα-

454 984 700 1053 στηρίοις
757 979 853 1033 καὶ
901 976 1402 1047 οἰκονομοῦντες,ἢ
1464 976 1560 1026 καί⁵
1611 974 1807 1044 ἐτέρας
1864 973 2018 1034 τινὰς

453 1071 761 1141 ὑπηρεσίας
815 1065 1240 1136 διενεργοῦντες,
1296 1066 1391 1117 κα)⁸
1421 1063 1607 1127 ἁπλῶς
1657 1063 2020 1132 τυγχάνοντες

460 1165 710 1235 μοναχοὶ,
763 1163 941 1232 ἕτεροι
970 1161 1028 1213 δὲ
1057 1160 1112 1211 ἔν
1145 1175 1204 1211 τε
1234 1161 1301 1228 τῇ
1351 1158 1444 1210 τοῦ
1499 1157 1632 1209 Θεοῦ
1673 1156 1900 1227 Μεγάλῃ
1929 1157 2021 1206 ἐκ·

451 1257 656 1326 κλησίᾳ
681 1254 776 1307 καὶ⁵
803 1256 862 1307 ὲν
897 1252 1132 1322 ἑτέραις,
1168 1249 1278 1304 ἀπό
1305 1267 1366 1304 τε
1388 1249 1658 1321 ὀφφικίων
1686 1249 1782 1302 κα)⁸
1815 1249 2018 1318 ἐτέρων

454 1347 618 1398 τινῶν
639 1344 990 1415 λειτουργιῶν
1011 1344 1078 1396 τά
1111 1343 1336 1414 ζωαρκῆ
1367 1341 1716 1410 κεκτημένοι,
1741 1340 2019 1410 δυσχερῶς

453 1439 640 1507 ἔχουσι
677 1437 767 1489 τὸν
799 1437 897 1505 τῆς
936 1435 1236 1506 ἱερωσύνης
1260 1432 1426 1499 ζυγὸν
1458 1431 1570 1500 (20)
1611 1431 1885 1498 ύπελθείν,
1921 1431 2018 1484 καὶ

456 1511 579 1591 ταῖς
622 1527 942 1597 ἐκκλησίαις
999 1525 1366 1595 ἐπιστατῆσαι
1402 1517 1490 1585 αἷς
1543 1521 2017 1591 ὲπεκηρύχθησαν,

457 1601 700 1684 δεδιότες.
750 1622 984 1691 μήποτε,
1020 1617 1128 1670 τῶν
1161 1615 1418 1669 τοιούτων
1471 1614 1781 1683 ἐκκλησιῶν
1804 1616 1863 1666 ὲν
1905 1615 2020 1676 τοῖς

449 1715 552 1782 τῆς
583 1712 872 1780 ’Δνατολῆς
909 1711 1100 1781 μέρεσι
1131 1707 1511 1776 διακειμένων,
1541 1705 1844 1775 ὲπιλείψειε
1901 1704 2019 1757 τού·

453 1821 570 1869 τοις
597 1804 665 1860 τὰ
693 1807 966 1873 ἀναγκαῖα
991 1821 1004 1834 ο
1040 1803 1135 1856 ἆτε
1161 1801 1268 1853 τῶν
1301 1799 1399 1869 μὲν
1425 1800 1481 1851 ὲν
1509 1793 1598 1862 αίς
1644 1795 2019 1873 ἐπεψηφίσθη-

452 1915 554 1951 σαν
592 1872 900 1965 ἐκκλησιῶν
957 1894 1134 1964 πάντη
1192 1891 1586 1962 τυγχανουσῶν
1643 1872 1866 1960 ἀπόρων
1919 1891 2016 1942 καὶ.

447 1985 814 2058 ἀπροσϐάτων
861 1985 1046 2048 αὐτοῖς
1077 1983 1377 2046 παντελῶς,
1437 1982 1813 2051 στερουμένων
1837 1979 1895 2033 δὲ
1924 1981 2020 2032 καὶ

449 2079 656 2142 αὐτῶν,
681 2079 770 2131 διὰ
803 2077 860 2130 τὸ
894 2078 996 2144 τὴν
1026 2074 1349 2128 ἐπιστασίαν
1379 2072 1588 2126 τούτων
1644 2069 2012 2133 ὑπεισελθεῖν,

448 2176 560 2226 τῶν
581 2171 901 2243 προσουσῶν
925 2171 1110 2232 αὐτοῖς
1143 2166 1524 2239 ὴγουμενειῶν
1548 2164 1643 2218 καὶ
1669 2162 2015 2232 οἰκονομιῶν,

450 2265 547 2318 καὶ
569 2263 771 2333 ἑτέρων
803 2260 1172 2331 λειτουργιῶν,
1223 2259 1319 2312 καὶ
1348 2257 1459 2310 τῶν
1483 2255 1760 2317 ἁπλοϊκῶς
1789 2255 2016 2323 λεγομέο

453 2373 560 2409 νων
598 2353 970 2424 ἀδελφάτωνῆ
1009 2351 1102 2404 καὶ
1143 2349 1430 2420 ὀφφικίων,
1463 2350 1558 2402 καὶ
1605 2346 1806 2416 ἐτέρων
1855 2347 2017 2398 τινῶν

451 2446 792 2516 ὑπηρεσιῶν.
821 2443 1125 2513 Διορίςεται
1184 2441 1366 2494 τοίνυν
1404 2443 1436 2508 ἡ
1486 2438 1738 2509 βασιλεία
1770 2456 1894 2508 μου,
1937 2439 2016 2489 οί-

451 2534 730 2606 κονομικῷ
769 2552 874 2588 τινι
922 2535 1064 2602 λόγῳ
1124 2531 1491 2605 διευθετοῦσα-
1521 2531 1590 2581 τὰ
1640 2530 1760 2581 κατ’
1795 2530 2012 2594 αὐτοὺς,

455 2629 532 2699 μή
582 2644 704 2681 τινα
731 2627 935 2681 τούτων
958 2626 1095 2696 μετὰ
1143 2623 1320 2678 ταῦτα
1354 2621 1730 2691 δυσχεραίνειν
1762 2621 1838 2691 τῷ
1866 2620 2016 2690 ζυγῷ

451 2720 553 2788 τῆς
579 2715 989 2787 ἀρχιερωσύνης
1033 2713 1413 2784 ὑποδραμεῖν..
1447 2711 1653 2773 Πάντες
1713 2711 1822 2780 γάρ
1870 2705 2016 2766 οὗτοι

452 2808 932 2863 καταπολαύσουσι
988 2809 1079 2859 καὶ
1143 2805 1308 2858 πάλιν
1337 2803 1446 2854 τῶν
1495 2802 1813 2871 προσουσῶν
1834 2804 2016 2864 αὐτοῖς

455 2897 830 2968 ἡγουμενειῶν
890 2913 948 2948 τε
1000 2895 1094 2948 καὶ
1152 2893 1495 2964 οἰκονομιῶν,
1555 2893 1665 2944 τῶν
1721 2892 1927 2963 ἐτέρων
1956 2909 2014 2946 τε

455 2986 770 3058 ὑπηρεσιῶν
814 2989 907 3041 καὶ
937 2985 1294 3056 λειτουργιῶν
1346 2987 1441 3037 καὶ
1461 2985 1759 3052 ὀφφικίων,
1791 2985 2014 3037 καὶτῶν

453 3082 772 3154 προσόντων
798 3081 979 3143 αὐτοῖς
1010 3077 1326 3146 ἁδελφάτων
1348 3093 1361 3107 ·
1403 3077 1496 3128 καὶ
1521 3077 1612 3129 τὸν
1640 3079 1739 3144 τῆς
1764 3077 2015 3131 διδασκα-
2047 3119 2087 3176 C

453 3174 579 3236 λίας
624 3171 1073 3242 ύπεισερχόμενοι
1131 3169 1331 3237 λόγον,
1382 3171 1475 3220 καὶ
1526 3168 1624 3239 τὴν
1687 3168 2017 3222 τελειοποιον

457 3263 611 3328 τάξιν
645 3262 1054 3330 ἀναδεξάμενοι,
1114 3261 1205 3313 καὶ
1231 3259 1340 3312 τῶν
1369 3259 1465 3311 ἀπ’
1489 3257 1714 3310 ἐκείνων
1738 3260 2018 3328 προσόδων

455 3355 949 3420 κατεξουσιάσουσι
1001 3354 1194 3423 μέχρις
1221 3352 1286 3404 ἂν
1317 3351 1499 3404 ἄνεσιν
1531 3351 1764 3414 λάϐοιεν,
1797 3354 1888 3403 καὶ
1914 3353 2019 3405 ἀπὸ

453 3451 552 3517 τῆς
582 3447 678 3500 νῦν
707 3445 1035 3516 δυσκληρίας
1070 3445 1397 3496 κατασταῖεν
1423 3443 1568 3511 πρὸς
1598 3444 1896 3512 εὐκληρίαν
1920 3446 2018 3514 τὴν

453 3540 566 3592 τῶν
600 3537 1068 3608 ἐπιψηφισθεισῶν
1099 3537 1284 3596 αὐτοῖς
1319 3534 1643 3603 ἐκκλησιῶν,
1673 3535 1745 3594 ὡς
1775 3536 2014 3604 εἴρηται,

458 3631 677 3684 ἀϐάτων
704 3628 878 3680 οὐσῶν
908 3626 1136 3685 τούτοις,
1167 3625 1239 3687 ῶς
1270 3625 1376 3676 ὑπὸ
1423 3626 1530 3676 τῶν
1574 3625 1833 3693 ἐχθίστων
1888 3643 2021 3678 κατ-

457 3723 736 3792 εχομένων
791 3719 1020 3790 ἐχθρῶν.
1082 3716 1231 3787 Πλὴν
1277 3719 1344 3770 τά
1392 3716 1629 3769 ἐνταῦθα
1689 3717 2023 3787 διωρισμένα

457 3816 612 3886 παρὰ
647 3819 744 3882 τῆς
797 3811 1074 3882 βασιλείας
1113 3827 1213 3880 μου
1245 3811 1345 3863 οὐκ
1393 3809 1618 3861 ἐπὶτῶν
1664 3810 2020 3880 άρχοντικίων

458 3907 722 3975 κρατήσει
755 3907 849 3956 καὶ
903 3903 1010 3955 τῶν
1038 3901 1263 3972 βαθμῶν
1290 3901 1400 3952 τῶν
1467 3901 1658 3968 ἱερέων
1680 3918 1739 3952 τε
1791 3904 1883 3953 καὶ
1910 3903 2016 3953 τῶν

457 3996 722 4050 δαιμόνων
755 3994 979 4048 καὶτῶν
1008 3993 1211 4047 λοιπῶν
1243 3992 1338 4045 τοῦ
1397 3991 1599 4062 κλήρου
1628 3994 1725 4062 τῆς
1754 3992 1845 4044 τοῦ
1880 3992 2014 4045 Θεοῦ

2120 522 2379 584 facturas,
2412 531 2466 576 et
2505 524 2896 586 fraternitates,
2929 533 2982 577 et
3014 523 3207 586 ollicia,
3255 528 3319 577 ad
3355 525 3478 578 illos
3522 529 3692 590 perti-

2120 613 2326 664 nentia.
2358 611 2485 676 Quae
2527 613 2788 666 verbatim
2829 615 2907 665 sic
2937 627 2995 666 se
3030 612 3188 665 habet
3229 628 3245 668 :
3285 612 3486 664 Didicit
3521 614 3685 678 impe-

2120 703 2266 757 ralis
2285 718 2400 756 mea
2419 685 2676 772 potestas,
2699 704 3036 757 sanctissime
3063 704 3274 756 domine
3295 715 3346 756 et
3370 705 3692 761 universalis

2121 796 2448 862 patriarcha,
2501 796 2648 864 quod
2690 808 2808 846 cum
2864 794 2916 850 itt
2965 794 3054 846 Dei
3111 793 3350 846 Ecclesia
3397 794 3692 848 electiones

2120 889 2437 954 procedant,
2482 887 2698 954 quidam
2728 901 2936 948 eorum,
2968 888 3056 953 qui
3093 887 3249 940 electi
3294 897 3440 948 sunt,
3473 887 3526 938 in
3571 903 3689 939 ιου-

2125 976 2384 1030 nasteriis
2433 977 2797 1044 gttbernantes
2843 989 2898 1028 et
2955 979 3143 1029 domus
3197 976 3690 1028 administrationis

2130 1082 2314 1119 curam
2347 1075 2618 1134 gerentes,
2655 1065 2732 1120 vel
2753 1065 2872 1119 «alia
2907 1067 3072 1120 etiam
3105 1067 3400 1120 ministeria
3433 1081 3693 1120 exercen-

2123 1165 2226 1215 tes.
2273 1165 2327 1211 et
2363 1158 2586 1212 omnino
2619 1157 2867 1211 monachi
2919 1159 3261 1220 eXsistentes,
3309 1159 3397 1211 alii
3431 1170 3607 1212 autem
3636 1160 3688 1211 in
3733 1183 3741 1193 ι

2127 1248 2316 1321 Magna
2365 1251 2455 1304 Dei
2502 1252 2755 1315 ecclesia,
2788 1261 2841 1304 et
2897 1252 2948 1304 in
2982 1252 3120 1317 aliis,
3159 1268 3222 1307 ex
3266 1253 3456 1308 ciliciis
3483 1265 3540 1308 et
3569 1257 3690 1310 aliis

2122 1338 2433 1392 muneribus
2461 1353 2524 1393 ac
2566 1341 2904 1404 ministeriis,
2955 1357 3016 1395 ea
3051 1358 3168 1410 qua:
3205 1345 3370 1398 victui
3420 1345 3715 1418 sullicittnt

2129 1430 2487 1496 possidentes,
2523 1447 2665 1500 mgre
2713 1434 2890 1487 lerunt
2917 1436 3435 1508 pontiticalejugnm
3481 1440 3687 1504 subire,

2121 1530 2174 1574 ct
2215 1522 2323 1576 illis
2368 1522 2612 1582 ecclesiis
2642 1539 2894 1594 praeesse,
2941 1527 2992 1579 in
3027 1543 3160 1594 qttas
3203 1530 3496 1586 renuntiati
3541 1543 3685 1593 sunt.

2123 1615 2284 1667 veriti
2310 1629 2378 1668 ne
2405 1631 2526 1668 cum
2552 1619 2812 1686 ejusmodi
2844 1620 3083 1674 ecclesiae
3111 1622 3160 1674 in
3186 1620 3423 1677 Orientis
3448 1624 3689 1691 partibus

2123 1707 2252 1768 sint.
2302 1708 2380 1761 eis
2414 1712 2723 1763 necessaria
2767 1711 2985 1778 desint;
3033 1725 3238 1782 utpote,
3285 1732 3405 1770 cum
3450 1719 3689 1772 ecclesia:

2124 1799 2362 1867 quidem,
2393 1802 2445 1853 itt
2475 1801 2668 1870 quibus
2706 1802 2858 1857 electi
2887 1815 3036 1868 sunt,
3065 1808 3353 1861 admodum
3389 1811 3689 1877 indigentes

2125 1897 2234 1950 sint
2263 1906 2318 1950 et
2348 1896 2452 1951 illis
2487 1899 2713 1951 omnino
2749 1900 3058 1964 iitaccessm,
3098 1903 3375 1970 priventnr
3420 1915 3598 1957 autem
3635 1916 3688 1957 et

2129 1988 2251 2053 ipsi,
2286 2003 2349 2042 eo
2376 1991 2518 2056 quod
2556 1989 2766 2044 illarum
2796 2007 2978 2045 curam
3005 1993 3322 2060 suscipiant,
3360 1995 3688 2060 prmlt-ctiiris

2123 2090 2178 2134 et
2203 2082 2544 2145 meonomiis,
2575 2098 2694 2152 quae
2723 2085 2826 2138 sibi
2861 2085 3078 2144 adsunt.
3111 2095 3163 2137 et
3195 2085 3312 2138 aliis
3343 2088 3685 2150 muneribus,

2123 2179 2176 2223 et
2225 2169 2312 2232 iis,
2359 2185 2477 2238 qua:
2525 2172 2842 2241 simpliciter
2892 2172 3150 2226 dicuntur
3195 2173 3577 2235 fraternitates,
3633 2185 3689 2226 et

2123 2258 2334 2326 olllciis,
2367 2271 2421 2314 et
2462 2263 2783 2331 quibusdam
2819 2264 2940 2319 aliis
2975 2263 3308 2318 ministeriis.
3345 2262 3457 2316 Mea
3509 2263 3688 2330 itaque

2123 2355 2310 2406 statuit
2345 2353 2642 2422 imperialis
2678 2368 2934 2424 potestas,
2976 2371 3060 2417 ea.
3093 2371 3212 2424 qua:
3246 2356 3310 2408 ad
3345 2356 3490 2423 ipsus
3521 2359 3688 2421 perti-

2125 2455 2274 2506 nent.
2320 2443 2684 2512 dispensativa
2732 2449 2964 2516 quadam
3024 2429 3232 2501 ratione
3278 2448 3588 2517 disponens,
3623 2463 3689 2499 ne

2123 2532 2513 2609 qttislposthac
2562 2534 2874 2600 pontiﬁcale
2916 2535 3102 2602 jugum
3153 2534 3336 2588 subire
3370 2545 3603 2589 recuset.
3649 2536 3685 2588 li

2121 2621 2263 2675 enim
2308 2637 2493 2675 omnes
2538 2624 2700 2676 etiam
2750 2635 2951 2677 rursus'
2979 2623 3230 2678 fruentur
3279 2624 3378 2686 iis.
3426 2641 3542 2694 qua:
3587 2624 3686 2680 sibi

2123 2714 2337 2778 adsunt,
2363 2713 2719 2783 praefecturis,
2750 2725 2804 2769 et
2826 2717 3164 2779 (economiis,
3196 2726 3250 2771 et
3276 2718 3396 2771 aliis
3428 2720 3552 2772 item
3589 2720 3686 2771 mi-

2123 2805 2362 2859 nisteriis
2388 2820 2451 2858 ac
2477 2807 2790 2861 muneribus
2817 2818 2870 2860 et
2899 2807 3110 2871 ollieiis,
3139 2817 3193 2861 et
3220 2824 3338 2876 qua:
3370 2809 3471 2860 illis
3497 2810 3689 2863 adsunt

2125 2894 2490 2949 fraternitales
2535 2911 2550 2949 :
2601 2905 2654 2950 et
2709 2898 2965 2952 doctrina:
3022 2898 3288 2950 rationem
3354 2897 3686 2965 subeuntes,

2122 2987 2429 3054 perliciente
2481 3002 2508 3039 a
2554 3001 2614 3040 se
2662 2997 2914 3056 suscepto
2968 2988 3176 3053 ordine,
3224 2985 3434 3042 illorum
3479 3004 3690 3058 quoque

2123 3078 2324 3131 reditus
2356 3077 2519 3131 libere
2558 3059 2873 3146 percipient.
2912 3079 3082 3133 donec
3129 3082 3499 3134 remissionem
3532 3097 3688 3135 acce-

2121 3169 2316 3238 perint,
2338 3169 2479 3230 etab
2501 3183 2583 3233 ea,
2606 3185 2725 3238 quae
2757 3183 2897 3223 nunc
2925 3180 3030 3232 est,
3059 3170 3184 3234 cleri
3209 3173 3523 3226 calamitosa
3542 3184 3690 3226 sorte
3716 3228 3724 3236 ,

2124 3263 2189 3313 ad
2219 3261 2493 3315 tneliorent
2519 3261 2648 3315 cleri
2676 3275 2980 3315 successum
3011 3261 3089 3315 eis
3109 3265 3484 3336 attributarum
3513 3262 3689 3315 eccle-

2122 3355 2347 3417 siarum,
2383 3369 2501 3423 quite
2539 3355 2605 3408 ab
2632 3355 2732 3419 eis,
2767 3364 2823 3407 ut
2861 3355 2994 3420 dixi,
3039 3355 3172 3407 adiri
3214 3370 3321 3408 non
3354 3363 3597 3422 possunt,
3634 3362 3690 3406 ut

2125 3460 2243 3513 quae
2286 3447 2353 3498 ab
2386 3447 2754 3500 infestiSsintis
2798 3455 3084 3500 teneantur
3121 3445 3383 3508 hostibus,
3436 3460 3690 3512 pervene-

2127 3539 2253 3592 rint.
2285 3539 2414 3601 Sed,
2447 3554 2564 3607 quaa
2598 3554 2627 3592 a
2659 3554 2774 3592 mea
2800 3538 3062 3606 imperiali
3101 3547 3365 3607 potestate
3393 3539 3682 3590 constituta

2129 3641 2276 3694 Sttnt,
2324 3631 2499 3684 locum
2547 3644 2654 3683 non
2694 3631 2964 3683 habebunt
3007 3631 3058 3683 in
3099 3628 3286 3683 ciliciis
3324 3629 3400 3682 vel
3439 3628 3690 3697 gradibus

2128 3723 2464 3778 sacerdotum
2529 3732 2584 3776 et
2651 3723 3004 3776 diaeonorum
3068 3731 3124 3776 et
3177 3706 3495 3776 cancrorum
3556 3721 3685 3793 cieri

2128 3815 2331 3885 Magnae
2364 3815 2452 3870 Dei
2491 3815 2930 3872 ecclesizc.‘Pone
2959 3828 3088 3883 ergo
3128 3824 3442 3881 praesentem
3474 3815 3686 3867 consti-

2127 3908 2388 3959 tutionem
2437 3909 2485 3960 itt
2541 3906 2814 3960 codicibus
2869 3902 3296 3974 ehartopltylacii
3354 3904 3554 3973 Magnae
3596 3903 3686 3955 Dei

2122 3997 2384 4052 ecclesim.

459 4094 717 4162 Μεγάλης
757 4091 1069 4163 ἐκκλησίας.
1127 4089 1524 4159 Κατάστρωσον
1580 4086 1673 4141 οὖν
1728 4089 1789 4141 τὸ
1834 4095 2006 4162 παρὸν
2031 4094 2315 4148 πιττάκιον
2338 4095 2395 4145 ὲν
2422 4095 2534 4155 τοῖς
2566 4091 2752 4158 seats;
2789 4090 2882 4144 τοῦ
2932 4088 3375 4161 χαρτοφυλακίου
3431 4088 3526 4156 τῆς
3593 4084 3688 4139 τοῦ

457 4189 594 4244 Θεοῦ
625 4187 882 4256 Μεγάλης
915 4183 1232 4254 ἐκκλησίας.

532 4281 775 4334 ΖΩΝΑΡ.
830 4277 968 4336 Τοὺς
1007 4273 1302 4344 κληθέντας
1363 4272 1442 4334 είς
1490 4268 1619 4323 λαοῦ
1649 4271 2006 4350 προστασίαν,
2047 4279 2088 4332 ι)

460 4373 558 4428 καὶ¹
585 4372 660 4444 μὴ
694 4367 1045 4437 πειθομένους
1094 4365 1369 4424 ἀπελθεῖν,
1423 4362 1671 4432 ἀφορίζει
1700 4363 1728 4413 ὁ
1757 4362 2023 4415 ἑπτακαι..

459 4466 688 4524 δέκατος
737 4461 834 4530 τῆς
858 4460 914 4510 ἐν
951 4457 1260 4525 Ἀντιοχείᾳ
1313 4452 1532 4506 συνόδου
1582 4451 1782 4506 κανῶν.
1809 4453 1944 4515 Τοὺς
1965 4456 2021 4508 δὲ

462 4552 968 4627 χειροτονηθέντας,
1010 4549 1085 4618 μὴ
1141 4547 1472 4607 ἀπελθόντας
1494 4546 1570 4608 δὲ,
1596 4546 1653 4596 ού
1684 4544 1815 4614 παρ’
1839 4547 2020 4599 αἰτίαν

459 4649 690 4710 οἰκείαν,
722 4643 836 4699 ἀλλ’
869 4643 901 4715 ἢ
938 4643 1026 4695 διὰ
1069 4641 1169 4712 τὴν
1200 4638 1295 4692 τοῦ
1340 4637 1468 4690 λαοῦ
1502 4637 1853 4707 παραίτησιν,
1887 4637 2022 4708 aeu
2049 4672 2058 4697 ε

463 4745 660 4811 ἑτέραν
692 4738 868 4792 αἰτίαν
899 4736 998 4789 οὐκ
1030 4735 1088 4799 ἐξ
1139 4733 1318 4786 αύτῶν
1349 4730 1668 4798 γενομένην,
1699 4731 1726 4781 ὁ
1754 4728 2022 4782 ὀκτωκαι-

462 4837 690 4894 δέκατος
737 4831 832 4900 τῆς
886 4829 1055 4898 αὐτῆς
1111 4824 1330 4879 συνόδου
1386 4822 1564 4875 κανὼν
1626 4822 1870 4890 μετέχειν
1928 4825 2023 4890 τῆς

463 4924 634 4994 τιμῆς
662 4921 756 4976 καὶ
785 4923 881 4988 τῆς
931 4916 1272 4987 λειτουργίας
1335 4912 1568 4966 κελεύει.
1597 4911 1765 4964 Τοῦτο
1796 4911 1860 4982 δὴ
1889 4911 2027 4965 πλα-

461 5017 686 5085 τύτερον
716 5013 812 5066 καὶ
852 5011 879 5062 ὁ
914 5009 1103 5079 παρὼν
1149 5005 1393 5069 θεσπίζει
1449 5003 1650 5066 κανὼν,
1707 5003 1880 5070 λέγων
1926 5003 2023 5068 ῶς,

464 5109 562 5162 ἐάν
600 5123 682 5168 τις
713 5106 791 5166 εἰς
815 5102 1120 5170 ἐπισκοπὴν
1155 5097 1450 5169 προαχθεὶς
1499 5099 1572 5165 μὴ
1622 5093 1825 5164 δυνηθῇ
1857 5095 2029 5146 ἀπελ-

465 5201 581 5254 θεῖν
616 5200 694 5260 εἰς
733 5196 830 5266 τὴν
863 5192 1137 5263 λαχοῦσαν
1166 5190 1330 5244 αὑτὸν
1361 5189 1537 5251 πόλιν,
1582 5187 1684 5240 ὑπὸ
1731 5185 2030 5257 Βαρϐάρων

467 5292 600 5352 ἴσως
657 5285 1048 5356 κατεχομένην,
1075 5285 1102 5336 ὁ
1127 5279 1370 5343 τοιοῦτος
1396 5279 1540 5332 ἅπαν
1567 5278 1677 5342 ἕξει
1732 5278 2029 5346 προνόμιον

2200 4269 2451 4326 ZONAR.
2496 4271 2595 4336 Qui
2639 4271 2974 4339 assignatum
3011 4271 3349 4339 praefecturae
3381 4287 3572 4324 munus
3601 4273 3691 4324 dc-

2129 4362 2362 4430 lugiunt,
2409 4359 2760 4414 Antiocheam
2809 4363 2996 4429 synodi
3051 4361 3126 4413 17’
3148 4375 3268 4413 can.
3316 4373 3688 4430 segregantur.

2128 4456 2226 4521 Qui
2256 4469 2383 4508 vero
2418 4464 2663 4522 pastores
2699 4451 3015 4516 renuntiati,
3052 4468 3154 4504 non
3189 4453 3368 4520 aliquo
3403 4468 3500 4505 suo
3538 4455 3687 4516 vitio,

2127 4549 2220 4601 sed
2249 4545 2332 4598 vel
2361 4560 2389 4597 a
2417 4544 2755 4598 multitudine
2785 4544 3013 4608 exclusi,
3045 4547 3127 4599 vel
3155 4545 3256 4597 alia
3292 4561 3472 4608 causa,
3509 4549 3558 4598 in
3583 4562 3684 4614 qua

2125 4637 2279 4705 culpa
2324 4635 2421 4704 ipsi
2463 4644 2738 4695 vacarent,
2786 4635 3046 4702 impediti,
3101 4637 3336 4690 muneris
3390 4640 3467 4691 sui
3513 4651 3692 4706 partes

2131 4729 2279 4780 obire
2315 4735 2641 4790 vetarentnr,
2674 4726 2737 4779 iis
2773 4738 2828 4779 ιιι
2871 4729 3072 4782 honore
3104 4728 3450 4782 nihilmninns
3494 4740 3545 4780 et
3589 4731 3688 4784 οιιο

2131 4818 2337 4871 nistcrii
2367 4818 2738 4886 praerogativis
2760 4815 2862 4869 frui
2888 4818 3068 4881 liceat,
3101 4819 3304 4871 decimo
3329 4831 3519 4871 Octavo
3546 4817 3690 4882 ejus-

2130 4909 2248 4962 dem
2296 4910 2478 4970 synodi
2525 4889 2664 4963 can.‘
2701 4913 3070 4963 constitutam.
3126 4908 3267 4962 Idem
3314 4911 3414 4962 hoc
3464 4925 3688 4968 canone,

2130 4999 2302 5053 fusius
2349 5000 2613 5068 explicata
2659 5001 3066 5063 constitutione,
3105 5001 3430 5053 decernitur.
3477 5000 3533 5050 Si
3572 5015 3691 5064 quis

2131 5091 2295 5154 enim,
2331 5091 2522 5158 inquit,
2570 5091 2637 5143 ad
2682 5090 3047 5158 episcopatum
3081 5101 3319 5148 evectus,
3366 5088 3688 5140 destinatam

2137 5182 2238 5235 sibi
2267 5184 2564 5246 civitatem,
2595 5184 2786 5252 quippe
2819 5198 2845 5236 a
2883 5182 3139 5235 Barbaris
3173 5183 3312 5234 forte
3343 5190 3688 5248 occupatam,

2138 5275 2289 5330 obire
2319 5290 2427 5329 non
2460 5285 2643 5345 queat,
2679 5275 2860 5330 omnia
2895 5275 2942 5328 is
2969 5272 3267 5343 privilegia,
3301 5269 3402 5326 sibi
3447 5285 3542 5339 pro
3575 5287 3690 5321 ttttt-

1675 5409 1878 5472 Guill.
1925 5410 2250 5489 Beveregii
2281 5416 2463 5472 notua.

539 5547 654 5617 (‘20)
705 5547 819 5616 Τῆς
853 5547 1182 5614 ἱερωσύνης
1224 5541 1420 5612 ζυγόν.
1475 5538 1944 5617 Amerbachianns
1974 5546 2028 5592 et

462 5609 808 5674 Etoniensis
833 5609 1067 5690 codices
1132 5609 1267 5669 mss.
1300 5609 1523 5690 ’legunt
1568 5609 1984 5690 άρχιερωσύνης
2009 5648 2025 5670 ,

465 5705 632 5755 quam
669 5705 802 5744 sane
831 5688 1116 5742 lectionem
1155 5699 1350 5740 sensus
1377 5688 1645 5755 requirit;
1681 5696 1856 5755 neque
1884 5696 2024 5755 enim

469 5748 542 5816 'de
576 5758 911 5815 sacerdotali
942 5796 957 5822 ,
989 5760 1080 5811 sed
1115 5757 1402 5824 episcopali
1431 5748 1560 5823 ψει»
1603 5753 1689 5803 lnc
1731 5751 1929 5819 agitur.
1967 5748 2028 5800 Et

2135 5539 2358 5608 quidem
2397 5539 2447 5592 in
2493 5552 2619 5592 vera
2649 5549 2748 5590 nae
2776 5544 3018 5608 lectione
3068 5551 3256 5608 omnes
3286 5535 3503 5608 codices
3531 5541 3690 5603 paulo

2135 5607 2505 5673 consentiunt,
2541 5609 2634 5663 ubi
2654 5607 2968 5677 diciturﬁtp
2991 5607 3138 5675 ζυγῷ
3171 5607 3267 5675 τῆς
3285 5607 3690 5680 ἀρχιερωσύνης

2139 5683 2271 5735 ύποὸ
2281 5683 2496 5751 ραμεῖν.
