4110 6224
432 297 548 365 643

1696 292 1970 358 THEOD.
2014 294 2408 357 BALSAMON

3564 293 3669 357 644

428 426 563 468 nere
592 410 955 481 prafectnrc,
987 422 1154 479 quam
1185 408 1397 464 obtinet
1421 407 1625 475 debita,
1657 410 2010 463 nihilominus

2118 410 2497 482 ἀρχιερατικὺν
2523 411 2729 481 ἀνῆκον
2785 409 2952 479 αὐτῷ.
2994 409 3102 463 Καὶ
3151 380 3531 481 χειροτονήσει
3564 408 3673 478 γάρ

430 505 750 559 vindicabit.
804 501 989 572 Itaque
1035 512 1091 557 et
1138 502 1366 556 clericos
1411 502 1689 557 ordinibus
1724 503 2004 570 insignire,

436 597 702 650 canonice
739 604 945 655 tamen,
982 593 1085 648 hoc
1128 603 1230 656 est,
1277 594 1504 647 servatis
1544 595 1595 646 in
1628 608 1696 647 eo
1739 607 2007 648 canonum

431 688 801 742 sanctionibus
825 687 1043 755 poterit,
1075 697 1130 739 et
1160 687 1420 740 honorem
1456 685 1694 754 episcopi
1726 697 1783 738 et
1814 686 2004 739 cathe-

431 783 544 836 drae
561 782 875 849 dignitatem
897 779 1180 833 obtinebit.
1206 778 1299 832 Est
1316 780 1429 833 haec
1451 795 1681 847 namque
1699 778 2011 845 praesulatus

433 873 731 927 auctoritas
763 856 1061 927 secundum
1096 873 1342 940 proprios
1381 872 1517 925 lines
1550 872 1663 926 sive
1695 883 1853 940 prout
1882 871 2013 924 deli-

435 965 608 1016 nitum
640 975 720 1017 est
747 972 802 1018 et
828 964 1201 1028 constitutum,
1235 963 1440 1017 honore
1473 962 1608 1017 allici
1644 964 1789 1016 illam
1820 962 2012 1016 civita-

435 1063 564 1116 tem,
597 1054 668 1107 ita
714 1065 769 1106 nt
814 1056 987 1123 prima
1033 1056 1104 1107 sit
1148 1054 1307 1117 forte,
1354 1053 1435 1107 vel
1472 1054 1732 1117 secunda,
1764 1044 1862 1108 'vel
1908 1053 2009 1106 alia

435 1126 711 1210 deinceps:
739 1139 852 1195 Non
875 1142 1019 1195 enim
1040 1142 1108 1197 de
1131 1156 1192 1195 ea
1215 1141 1519 1208 dejicietur,
1549 1151 1831 1210 propterea
1858 1140 2000 1211 quod

436 1247 647 1285 sacram
692 1232 862 1302 ipsius
911 1233 1062 1286 urbis
1101 1232 1413 1285 cathedram
1458 1242 1646 1286 tenere
1693 1218 2010 1301 adhuc/non

438 1326 697 1393 potuerit.
747 1326 849 1379 Sed
887 1337 940 1378 et
982 1340 1321 1394 qna'cunque
1366 1325 1653 1393 episcopali
1687 1326 2014 1378 auctoritate

406 1394 411 1407 ⁵
438 1420 508 1473 ab
535 1436 599 1473 eo
630 1419 928 1472 constituta
958 1429 1145 1471 actave
1174 1419 1392 1483 fuerint,
1426 1429 1537 1471 rata
1571 1420 1749 1470 omnia
1777 1430 1829 1471 et
1850 1434 2010 1487 quam

438 1512 645 1578 optimo
688 1510 813 1580 jure
858 1511 1010 1563 firma
1061 1511 1243 1563 ltaheri
1289 1510 1483 1575 placet.
1529 1508 1635 1563 Nec
1678 1512 1840 1571 enim,
1889 1511 2011 1575 quia

443 1610 740 1668 Irruperant
781 1600 1089 1668 iniquitate,
1120 1600 1475 1667 excitataque
1520 1614 1547 1651 a
1596 1599 1848 1653 Barbaris
1890 1615 2015 1667 pro-

443 1689 593 1744 cella:
628 1690 868 1759 periculo
903 1689 1155 1744 exclusus
1189 1690 1432 1744 ecclesia:
1463 1704 1571 1750 sua:
1609 1693 2009 1757 possessionem

2111 502 2427 571 κληρικοὺς.
2461 502 2598 571 πλὴν
2662 505 2846 571 μέντοι
2908 500 3227 564 κανονικῶς,
3262 501 3340 566 ὡς
3368 502 3419 555 oi
3452 504 3676 565 κανόνες

2109 592 2311 663 δηλαδὴ
2346 593 2747 653 διατάττονται,
2773 593 2869 645 καὶ
2922 594 3018 663 τὴν
3062 592 3229 662 τιμὴν
3251 593 3364 658 ἓεει
3412 592 3505 646 τοῦ
3549 597 3675 647 tm-

2113 687 2319 738 σκόπου
2362 686 2456 737 καὶ
2490 685 2758 754 καθέδρας
2786 685 3166 752 ἀξιωθήσεται.
3201 685 3348 754 Αὕτη
3374 687 3483 756 γάρ
3514 687 3545 756 ὴ
3574 687 3677 754 τῆς

2110 773 2397 843 προεδρίας
2457 772 2713 825 αὑθεντία
2776 774 2915 826 κατά
2970 776 3063 825 τὸν
3113 773 3242 827 ἴδιον
3301 775 3446 844 ὅρον,
3503 776 3677 847 ήγουν

2109 860 2295 923 καθὼς
2326 861 2558 927 ὥρισται
2622 864 2714 914 καὶ
2748 864 3053 916 τετύπωται
3078 864 3343 932 τιμᾶσθαι
3370 864 3472 934 τὴν
3519 866 3678 919 πόλιν

2108 952 2343 1023 εκείνην,
2398 954 2622 1023 πρώτην
2669 950 2810 1007 εἶναι
2858 957 3037 1025 τυχὸν,
3090 955 3121 1026 ἦ
3176 957 3475 1027 δευτέραν,
3509 958 3542 1028 ἢ
3576 962 3677 1028 ἑφ-

2109 1042 2259 1112 εξῆς.
2287 1044 2361 1096 Οὐ
2392 1044 2502 1113 γάρ
2547 1043 3073 1116 ὑποϐιϐασθήσεται,
3107 1048 3195 1102 διὰ
3223 1049 3285 1101 τὸ
3316 1050 3389 1120 μὴ
3426 1051 3679 1118 ἐνιδρυνο

2110 1133 2273 1202 θῆναι
2301 1134 2437 1204 αὐτῇ
2477 1136 2542 1205 τῇ
2574 1136 2697 1206 ἱερᾷ
2723 1136 2978 1207 καθέδρᾳ.
3020 1138 3176 1192 Ἀλλά
3197 1140 3289 1192 καὶ
3332 1142 3434 1195 ὅσα
3464 1145 3528 1195 ἀν
3554 1144 3681 1195 διοι-

2110 1226 2255 1297 κήσῃ
2282 1225 2376 1278 καὶ
2420 1226 2786 1297 διαπράξηται
2827 1230 3203 1301 ἀρχιερατικῷ
3232 1230 3449 1302 δικαίῳ,
3480 1234 3680 1304 βέϐαια

2110 1318 2322 1371 ἔσονται
2356 1318 2551 1383 πάντα,
2600 1321 2694 1372 καὶ
2717 1321 2927 1391 νόμιμα
2958 1323 3399 1391 λογισθήσονται.
3455 1328 3529 1379 Οὐ
3562 1329 3673 1397 γὰρ

2113 1409 2178 1461 ὲκ
2206 1409 2299 1461 τοῦ
2357 1409 2430 1480 μὴ
2460 1410 2755 1479 δυνηθῆναι
2783 1413 2944 1464 αὐτὸν
2971 1414 3228 1467 ἀπελθεῖν
3256 1418 3335 1477 είς
3362 1416 3460 1485 τὴν
3484 1417 3685 1486 ἐκκλη-

2113 1501 2237 1553 σίαν
2272 1502 2437 1554 αὑτοῦ
2484 1503 2727 1573 διά“τὴν
2773 1504 3022 1573 ἀνάγκην
3067 1505 3161 1558 τοῦ
3218 1505 3433 1577 καιροῦ,
3461 1510 3555 1561 καὶ
3577 1511 3681 1578 τὴν

2114 1597 2435 1662 περίστασιν
2452 1596 2551 1664 τὴν
2573 1596 2637 1647 ὲκ
2649 1595 2758 1647 τῶν
2783 1594 3103 1667 Βαρϐάρων,
3124 1600 3624 1669 παραγραφήσεται
3648 1602 3682 1670 ἡ

2113 1685 2390 1757 ἀκρίϐεια,
2429 1689 2522 1740 καὶ
2550 1689 2577 1740 ό
2607 1689 2707 1757 τῆς
2735 1688 3049 1757 οἰκονομίας
3091 1676 3215 1758 ὄρος
3261 1690 3677 1759 περιορισθήσε-

441 1784 727 1850 episcopus
757 1783 905 1837 adire
933 1800 1037 1835 non
1083 1782 1278 1851 possit,
1303 1782 1505 1837 idcirco
1536 1782 2013 1836 circmnscribetnr

2118 1794 2227 1837 ται,
2256 1778 2378 1832 ἀντὶ
2399 1778 2518 1841 τοῦ,
2558 1778 2820 1849 συστολὴν
2842 1781 2953 1845 ἕξει
2986 1782 3105 1834 τινὰ
3130 1782 3685 1856 καὶιὲλαττωθήσεται

443 1874 739 1941 diligentia,
771 1888 825 1929 et
853 1874 1166 1928 (economite
1197 1874 1313 1926 sive
1338 1874 1760 1941 dispensationis
1794 1873 2006 1927 termini

443 1968 723 2035 angustius
758 1967 1127 2027 detiniemur;
1181 1965 1281 2019 hoc
1330 1975 1435 2025 est.
1483 1981 1585 2018 non
1631 1982 1692 2018 ea
1743 1966 1807 2017 de
1843 1980 2005 2018 causa

447 2057 625 2110 minus
684 2066 873 2110 exacte
929 2070 993 2109 ac
1052 2054 1303 2123 religiose
1353 2070 1473 2108 can.
1528 2055 1733 2107 servari
1789 2058 2004 2120 plaeet,

446 2164 675 2216 quorum
700 2148 1021 2202 auctoritate
1039 2147 1329 2225 episcopis,
1358 2149 1409 2199 itt
1434 2163 1527 2199 sua
1553 2148 1746 2214 cuique
1804 2146 2047 2213 dimcesi,

444 2256 706 2294 concessa
728 2228 987 2293 facultas.

450 2336 604 2406 201
639 2334 863 2389 AlllST.
897 2353 915 2386 ι
954 2333 1254 2405 Episcopus
1282 2334 1371 2404 qni
1404 2343 1621 2405 propter
1652 2334 2012 2390 Barbarorum

522 2445 542 2479 ι
588 2428 948 2482 incursionem
981 2430 1033 2481 in
1061 2430 1256 2481 throno
1282 2443 1386 2480 non
1416 2428 1727 2492 collocatur,
1755 2437 1809 2481 et
1832 2429 2015 2482 cathe-

522 2538 541 2571 ι
578 2521 670 2573 dra
722 2533 817 2573 sua
858 2519 1105 2583 fruatur,
1159 2529 1215 2571 et
1260 2518 1499 2583 ordinet,
1528 2532 1715 2591 ratque
1761 2520 2015 2574 omnibus

522 2632 544 2666 ι
582 2612 882 2667 sacerdotis
914 2610 1230 2664 muneribus
1264 2609 1573 2664 ﬁrmissime
1603 2610 1873 2679 fungatur.
1915 2628 1934 2662 ι

515 2705 572 2760 Si
611 2704 733 2773 quis
763 2704 1050 2773 episcopus
1080 2707 1379 2772 ordinetur,
1412 2715 1466 2760 et
1498 2716 1714 2774 prepter
1742 2706 1910 2761 Barba
1923 2720 2014 2759 ro-

447 2812 565 2851 rum
620 2796 960 2849 incursiones
1000 2812 1119 2850 non
1171 2797 1339 2867 possit
1387 2796 1451 2851 ad
1490 2799 1701 2862 urbem,
1749 2798 1803 2851 in
1857 2811 2019 2867 quam

447 2885 730 2938 ordinatus
770 2894 913 2947 erat,
945 2899 1003 2938 se
1039 2888 1299 2955 recipere,
1348 2897 1411 2940 ιιι·
1458 2888 1510 2940 in
1544 2902 1607 2942 ea
1635 2888 2019 2951 constituatur,

446 2986 501 3030 et
543 2978 593 3030 in
627 2988 773 3031 statu
815 2978 1113 3032 collocetur
1156 2979 1477 3033 sacerdotali
1517 2996 1531 3033 :
1566 2994 1633 3033 ne
1667 2980 2021 3049 prohibeatur

448 3082 610 3138 agere
640 3084 759 3137 qua:
792 3067 857 3121 ad
892 3068 1199 3138 episcopum
1247 3066 1541 3138 pertinent,
1582 3071 1675 3122 sed
1709 3070 1888 3123 omnia
1936 3071 2020 3145 l'a-

2112 1873 2145 1940 ἡ
2176 1871 2285 1923 τῶν
2336 1872 2580 1925 κανόνων
2627 1873 2910 1941 ἀκρίϐεια,
2952 1874 3172 1928 διδοῦσα
3225 1878 3338 1936 τοῖς
3360 1877 3685 1936 ἐπισκόποης

2110 1963 2361 2028 ἐξουσίαν
2415 1963 2515 2033 τῆς
2563 1963 2882 2033 διοικήσεως
2936 1967 3044 2019 τῶν
3078 1968 3135 2019 ιν
3179 1968 3302 2028 ταῖς
3351 1969 3685 2027 ἐπισκοπαίς

2112 2053 2292 2107 αὐτῶν
2340 2057 2580 2110 πάντων.

2114 2151 2183 2201 de
2224 2148 2477 2201 omnibus
2531 2164 2648 2219 quae
2687 2150 2751 2204 ad
2796 2166 2912 2205 eam
2966 2150 3233 2219 pertinent
3277 2152 3548 2207 statuendi
3604 2165 3690 2207 est

2117 2330 2342 2387 ΔΡῙΣΤ.
2407 2345 2426 2380 ι
2473 2329 2855 2392 Ἐπίσκοποςὸ
2885 2331 2974 2385 διά
3025 2329 3325 2405 Βαρϐάρων
3376 2335 3563 2403 ἔφοδον
3610 2338 3688 2408 μὴ

2192 2444 2211 2477 ι
2254 2421 2483 2487 ἐπιστὰς
2511 2422 2589 2493 τῷ
2613 2421 2808 2493 θρόνῳ,
2860 2424 2956 2476 καὶ
2998 2423 3279 2497 ⁵καθέδραν
3328 2427 3427 2496 τὴν
3477 2430 3687 2484 οἰκείαν

2189 2535 2210 2570 ι
2249 2516 2447 2587 ἐχέτω,
2473 2516 2569 2569 καὶ
2592 2514 2991 2587 χειροτονείτω,
3025 2518 3118 2570 καὶ
3146 2518 3327 2573 πάντα
3354 2521 3424 2575 τά
3450 2520 3553 2591 τῆς
3604 2524 3686 2575 ls-

2192 2625 2213 2661 ι
2263 2606 2513 2679 ρωσύνης
2544 2607 2841 2676 ἄνεργείτω
2873 2607 3225 2678 βεϐαιότατα.
3263 2628 3284 2664 ι

2183 2698 2250 2750 El
2273 2714 2360 2761 τις
2406 2697 2704 2759 ἐπίσκοπος
2734 2700 3110 2771 χειροτονηθῇ,
3170 2702 3264 2754 καὶ
3307 2702 3395 2758 διά
3440 2706 3539 2768 τὰς
3574 2706 3686 2759 τῶν

2118 2789 2418 2861 Βαρϐάρων
2451 2788 2748 2860 ἐπιδρομὰς
2779 2790 2840 2843 οὐ
2857 2791 3053 2863 δυνηθῇ
3071 2793 3326 2847 ἀπελθεῖν
3352 2797 3431 2860 εἰς
3457 2799 3523 2868 ἢν
3544 2800 3692 2869 ἐχει-

2122 2882 2376 2954 ροτονήθη
2399 2882 2579 2947 πόλιν,
2598 2882 2736 2935 ὥστε
2755 2884 2811 2936 ὲν
2827 2884 2962 2953 αὐτῇ
2987 2887 3338 2956 καταστῆναι,
3362 2891 3455 2942 καὶ
3482 2892 3654 2957 ἐγκαθ
3668 2922 3687 2932 ο

2125 2973 2433 3045 ιδρυνθῆναι
2486 2975 2739 3044 ἱερατικῇ
2768 2976 3096 3029 καταστάσει
3129 2993 3144 3009 ο
3181 2978 3254 3049 μὴ
3293 2980 3586 3033 κωλυέσθω
3606 2983 3694 3033 ὲν-

2119 3069 2301 3136 εργεῖν
2322 3065 2358 3119 ά
2383 3068 2494 3126 τοῖς
2522 3065 2841 3129 ἐπισκόποις
2863 3068 3077 3136 ἀνήκει,
3098 3068 3231 3123 ἀλλά
3261 3071 3438 3123 πάντα
3456 3074 3695 3143 πραττέα
3780 3077 3789 3085 ’

447 3162 557 3213 clat
585 3169 901 3223 tracta-tque,
931 3165 984 3211 et
1007 3159 1224 3213 honoris
1248 3160 1336 3227 qui
1365 3159 1415 3212 in
1446 3158 1701 3213 cathedra
1733 3170 1814 3213 est
1841 3161 2014 3229 parti—

2125 3157 2362 3221 cOtu,7.a.l.
2382 3158 2862 3228 μεταχειριζέσθω,
2892 3161 2983 3212 καὶ
3004 3159 3101 3231 τὴν
3117 3162 3174 3214 ὲν
3192 3165 3256 3233 τῇ
3277 3164 3515 3235 καθέδρᾳ
3526 3165 3691 3237 τιμὴν

448 3265 576 3319 ceps
601 3252 694 3311 sit,
728 3259 782 3302 et
809 3248 1128 3303 clericorum
1158 3250 1428 3305 variorum
1460 3253 1828 3307 ordinationes
1855 3269 2019 3307 cauo-

448 3343 569 3396 nice
602 3340 789 3403 faciat.
822 3350 880 3395 et
924 3341 1182 3411 quidquid
1216 3343 1283 3396 ab
1314 3358 1377 3397 eo
1405 3347 1694 3398 secundum
1734 3346 1824 3411 jus
1856 3361 2019 3400 cano-

447 3436 631 3489 nicum
684 3434 879 3488 factum
936 3431 1098 3490 fuerit
1155 3437 1365 3488 ﬁrmum
1419 3438 1696 3491 habeatur.
1742 3438 2018 3504 Temporis

450 3527 601 3579 enim
623 3526 914 3580 necessitas
943 3541 1064 3581 eum
1095 3543 1199 3581 non
1231 3530 1666 3594 circumscrihet,
1701 3541 1757 3586 ιιι
1785 3532 2020 3603 dignitas

446 3618 566 3687 ejus
600 3618 918 3688 episcopalis
955 3619 1062 3673 ullo
1092 3621 1250 3674 modo
1280 3621 1561 3677 imminuta
1587 3626 1679 3679 sit.

960 3706 1187 3763 CANON
1228 3708 1509 3765 XXXVIII.

452 3815 478 3849 c
514 3796 809 3864 Cononem,
840 3799 928 3867 qui
963 3815 991 3854 a
1034 3800 1281 3856 Patribns
1309 3802 1485 3857 factus
1522 3814 1628 3867 est,
1678 3820 1775 3859 nos
1804 3818 2021 3874 quoque

527 3906 546 3939 t
579 3888 928 3941 observamus
950 3928 964 3949 ,
998 3890 1088 3957 qui
1115 3889 1193 3944 sic
1235 3892 1432 3945 edicit:
1476 3892 1531 3946 Si
1578 3909 1683 3963 qua
1731 3896 1923 3949 civitas
1953 3896 2019 3947 ah

522 3999 543 4034 ι
582 3982 713 4048 imp.
772 3992 1040 4052 potestate
1082 3985 1330 4036 innovata
1367 3985 1457 4047 sit,
1495 3985 1575 4039 vel
1612 3990 1832 4054 posthac
1867 3989 2019 4039 inno-

519 4089 545 4129 ι
581 4074 779 4140 vanda,
809 4074 997 4127 civiles
1041 4088 1104 4127 ac
1136 4075 1375 4141 publicos
1415 4089 1575 4148 typos
1610 4089 1663 4132 et
1692 4079 2021 4133 ecclesias‘ti-

522 4181 543 4217 t
580 4179 766 4220 carum
798 4179 1015 4235 quoque
1047 4180 1226 4219 rerum
1258 4170 1389 4221 ordo
1420 4178 1798 4239 consequatur.
1836 4187 1854 4220 ι

521 4354 716 4409 BALS.
759 4354 815 4410 In
845 4354 1164 4413 duodecimo
1200 4371 1407 4411 canone
1437 4357 1891 4413 Chalcedonensis
1922 4377 2013 4431 sy-

454 4449 573 4501 mdi
617 4448 932 4517 scripsimus
961 4464 1079 4517 quae
1111 4450 1326 4517 quidem
1368 4450 1705 4518 scripsimus.
1752 4454 2015 4518 Quoniam

454 4549 635 4594 autem
687 4554 923 4608 praesens
972 4556 1183 4610 quoque
1233 4557 1405 4597 canon
1462 4545 1653 4598 statuit
1709 4560 1841 4609 eas,
1900 4564 2019 4615 qua:
2051 4521 2091 4575 θ

452 4631 800 4701 imperatoria
838 4640 1101 4700 potestate
1129 4634 1395 4699 excitatae,
1425 4634 1506 4690 vel
1529 4638 1692 4690 etiam
1716 4639 2018 4694 excitanda:

457 4732 585 4777 sunt
617 4722 902 4790 civitates,
939 4724 1005 4777 ah
1043 4725 1289 4780 ecclesiis
1318 4741 1534 4797 quoque
1565 4727 1839 4791 honorari,
1882 4731 2021 4784 sicut

455 4813 733 4884 imperiale
763 4814 976 4886 jussum
1002 4815 1390 4885 descripserit.
1437 4821 1488 4874 id
1523 4832 1624 4886 est,
1663 4830 1719 4873 ut
1764 4824 1891 4888 ipsae
1922 4823 2018 4876 ha-

453 4912 615 4966 beant
650 4909 735 4965 vel
767 4910 1129 4980 episcopalem
1175 4912 1488 4982 dignitatem
1522 4914 1602 4968 vel
1648 4918 2020 4985 metropolita-

455 5017 581 5057 nam
616 5020 630 5059 :
665 5003 904 5075 (oportet
933 5004 1076 5058 enim
1107 5005 1535 5062 ecclesiasticum
1566 5010 1807 5063 ordinem
1834 5010 2021 5064 civiles

453 5105 503 5148 et
523 5094 784 5163 publicos,
814 5097 928 5150 sive
951 5096 1326 5166 imperatorias
1371 5108 1522 5169 typos
1551 5102 1724 5169 sequi)
1770 5100 2022 5167 dicimus,

454 5188 593 5255 quod
642 5187 803 5240 etiam
852 5203 879 5238 ιι
930 5187 1180 5255 praesenti
1236 5202 1444 5243 canone
1488 5190 1799 5259 imperatori
1840 5193 2020 5244 datum

457 5288 535 5331 est
583 5270 920 5347 episcopatus
957 5296 1120 5334 novus
1164 5282 1364 5342 facere,
1407 5282 1543 5336 alios
1590 5295 1765 5337 autem
1812 5284 1863 5337 in
1906 5286 2025 5353 jura

459 5370 811 5437 tnetropoleos
844 5375 1071 5440 erigere,
1114 5383 1169 5426 et
1206 5375 1269 5427 tle
1299 5390 1486 5428 eorum
1517 5376 1779 5431 electione
1811 5379 2027 5446 aliaque

460 5460 940 5527 administratione,
994 5476 1148 5533 prout
1196 5466 1244 5519 ei
1288 5467 1459 5519 visum
1509 5466 1712 5533 fuerit,
1765 5478 2023 5523 statuere.

460 5550 677 5605 Interim
714 5564 893 5606 autem
944 5556 1100 5610 debet
1144 5558 1307 5622 scire,
1348 5557 1494 5627 quod
1536 5556 1590 5611 in
1641 5573 1826 5613 mense
1859 5559 2021 5623 Maio.

463 5645 665 5696 deeitna
736 5645 1061 5713 indictione,
1110 5663 1252 5703 anno
1311 5650 1451 5705 6595
1502 5651 1633 5704 exiit
1679 5652 1915 5706 edictum
1960 5654 2028 5706 ab

464 5734 650 5787 illustri
684 5734 1007 5803 imperatore
1034 5741 1251 5795 domino
1275 5740 1469 5797 Alexio
1497 5740 1775 5799 Comneno
1805 5742 1859 5799 in
1885 5744 2028 5798 hunc

2122 3251 2313 3320 ἐχέτω,
2348 3253 2440 3304 καὶ
2468 3252 2809 3322 χειροτονίας
2835 3253 3117 3323 κληρικῶν
3145 3255 3421 3326 διαφόρων
3472 3276 3693 3312 κανονι-

2118 3342 2234 3403 κώς
2270 3342 2514 3407 ποιείτω,
2549 3343 2644 3395 καὶ
2678 3345 2787 3396 πᾶν
2814 3345 2905 3396 ὑπ’
2933 3344 3095 3398 αὐτοῦ
3121 3347 3370 3417 πραχθὲν
3400 3351 3543 3402 κατὰ
3581 3366 3691 3404 κα-

2117 3436 2333 3503 νονικὴν
2358 3434 2648 3504 ἀκρίϐειαν
2702 3434 2843 3489 ἔστω
2899 3434 3144 3505 βέϐαιον.
3185 3438 3251 3491 'll
3300 3439 3408 3510 γὰρ
3464 3441 3687 3511 ἀνάγκη

2119 3527 2209 3578 τοῦ
2242 3525 2435 3595 καιροῦ
2502 3529 2583 3590 είς
2642 3528 2990 3600 περιγραφὴν
3044 3528 3208 3582 αὐτοῦ
3264 3530 3326 3583 οὐ
3371 3532 3689 3603 γενήσεται,

2120 3618 2260 3673 ὥστε
2285 3620 2382 3690 τὴν
2413 3619 2777 3686 ὲπισκοπικὴν
2802 3620 2969 3672 αὑτοῦ
2995 3620 3356 3675 ἐλαττοῦσθαι
3388 3622 3570 3687 ἀξίαν.

2693 3712 2933 3764 ΚΑΝΩΝ
2976 3714 3107 3769 AH'.

2128 3824 2146 3857 ι
2193 3805 2298 3857 Τὸν
2328 3806 2391 3859 ὲκ
2440 3804 2550 3857 τῶν
2610 3805 2875 3877 Πατέρων
2928 3805 3155 3859 τεθέντα
3184 3805 3385 3861 κανόνα
3405 3809 3501 3860 καὶ
3524 3810 3693 3879 ἡμεῖς

2195 3914 2214 3949 ι
2255 3896 2769 3967 παραφυλάττομεν,
2793 3898 2883 3950 τὸν
2900 3896 3042 3950 οὕτω
3065 3897 3479 3967 διαγορεύοντα·
3516 3901 3580 3952 Εἴ
3603 3919 3693 3964 τις

2195 4007 2212 4040 ι
2261 3990 2325 4041 ὲκ
2354 3988 2640 4058 βασιλικῆς
2675 3980 2921 4053 ἐξουσίας
2950 3990 3231 4061 ὲκαινίσθη
3269 3990 3446 4054 πόλις,
3479 3989 3697 4065 ἢαῦθις

2196 4100 2213 4132 ι
2259 4081 2586 4149 καινισθείη,
2622 4082 2735 4143 τοῖς
2783 4080 3087 4144 πολιτικοῖς
3134 4083 3229 4133 καὶ
3281 4080 3565 4153 δημοσίοις
3594 4084 3696 4135 τύ-

2194 4193 2212 4226 ι
2260 4191 2383 4235 ποις
2453 4175 2547 4227 καὶ
2593 4174 2763 4245 ἡτῶν
2813 4175 3292 4245 ὲνκκλησιαστικῶν
3344 4176 3695 4246 πραγμάτων

2195 4284 2213 4316 ι
2258 4267 2411 4331 τάξις
2445 4265 2827 4320 ἀκολουθείτω.
2862 4288 2879 4319 ι

2180 4354 2381 4431 ΒΛΛΣ.
2427 4355 2516 4409 Ἐν
2542 4358 2640 4426 μὲν
2691 4357 2769 4428 τῷ
2821 4357 2887 4429 ιβ’
2927 4362 3114 4415 κανόνι
3169 4365 3265 4433 τῆς
3294 4364 3353 4415 ὲν
3386 4362 3696 4433 Χαλκηδόνι

2124 4451 2343 4503 συνόδου
2407 4450 2727 4520 ἐγράψαμεν
2776 4452 2876 4505 ὅσα
2898 4453 2965 4524 δὴ
3000 4456 3095 4507 καὶ
3132 4455 3484 4526 ἐγράψαμεν
3539 4457 3700 4508 ἐπει-

2120 4542 2184 4612 δὴ
2231 4542 2287 4594 δὲ
2338 4542 2432 4596 καὶ
2489 4542 2517 4594 ὁ
2579 4543 2773 4612 παρὼν
2825 4545 3004 4598 κανὼν
3071 4547 3364 4618 διορίζεται
3423 4546 3525 4611 τὰς
3602 4547 3697 4600 διὰ

2125 4634 2413 4705 βασιλικῆς
2473 4635 2715 4700 ἐξουσίας
2744 4637 3128 4707 ἀνεγερθείσας
3162 4640 3345 4702 πόλεις
3371 4638 3404 4709 ἢ
3436 4640 3529 4693 καὶ
3557 4640 3696 4691 ἀνε-

2123 4727 2529 4796 γερθησομένας
2589 4728 2856 4797 τιμᾶσθαι
2927 4733 3019 4783 καὶ
3092 4732 3242 4802 παρὰ
3306 4732 3419 4784 τῶν
3487 4732 3695 4800 ἐκκλη-

2125 4819 2277 4882 σιῶν,
2336 4818 2516 4882 καθὼς
2563 4821 2596 4889 ἡ
2651 4820 2903 4893 βασιλικὴ
2957 4822 3301 4877 ὑποτυπώσει
3348 4823 3697 4894 πρόσταξις,

2123 4913 2395 4964 τουτέστιν
2455 4912 2604 4983 ἔχειν
2669 4914 2839 4978 αὐτάς
2872 4915 3237 4986 ῆὲπισκοπῆς
3263 4916 3480 4987 ἀξίωμα
3512 4917 3545 4985 ἢ
3585 4935 3699 4988 μη-

2122 5003 2430 5074 τροπόλεως
2502 5007 2641 5075 (δέον
2664 5025 2672 5033 ’
2698 5006 2805 5076 γάρ
2860 5011 3007 5061 ἐστιν
3032 5009 3344 5062 ἀκολουθεῖν
3368 5010 3467 5081 τὴν
3496 5012 3701 5081 ἐκκλη-

2129 5100 2412 5166 σιαστικὴν
2442 5098 2590 5163 τάξιν
2618 5102 2731 5162 τοῖς
2776 5100 3072 5164 πολιτικοῖς
3121 5106 3214 5155 καὶ
3276 5103 3559 5170 δημοσίοις
3607 5106 3703 5155 τύ-

2128 5205 2251 5250 ποις
2282 5190 2399 5258 ἧτοι
2427 5193 2537 5251 τοῖς
2589 5190 2884 5259 βασιλικοῖς
2910 5194 3322 5264 προστάγμασι)
3348 5211 3361 5225 ·
3400 5196 3581 5264 φαμὲν
3621 5196 3700 5256 ὡς

2128 5280 2347 5350 ἐνεδόθη
2387 5282 2485 5349 μὲν
2517 5285 2625 5337 ἀπὸ
2680 5284 2773 5334 τοῦ
2809 5287 3074 5354 παρόντος
3128 5288 3351 5348 κανόνος
3382 5286 3457 5356 τῷ
3489 5286 3701 5355 βασιλεῖ

2128 5374 2433 5436 ὲπισκοπάς
2483 5377 2656 5425 ποιεῖν
2686 5378 2748 5425 ἐκ
2803 5376 2946 5440 νέον,
3001 5378 3193 5446 ἑτέρας
3240 5378 3295 5429 δὲ
3330 5379 3552 5445 ἀνάγειν
3610 5381 3695 5437 εἰς

2127 5467 2308 5519 δίκαια
2365 5469 2767 5537 μητροπόλεως,
2815 5472 2909 5521 καὶ
2961 5471 3276 5523 ὑποτυποῦν
3336 5472 3405 5527 τὰ
3438 5471 3562 5539 περὶ
3595 5469 3696 5535 τῆς

2126 5557 2308 5628 ψήφου
2358 5560 2537 5625 αὐτῶν
2571 5559 2665 5612 καὶ
2717 5561 2815 5628 τῆς
2851 5562 3015 5631 ἄλλης
3066 5563 3383 5633 οἰκονομίας
3444 5566 3586 5616 κατὰ
3638 5563 3701 5614 τὲ

2129 5650 2292 5715 δόξαν
2326 5649 2475 5719 αὐτῷ
2499 5666 2514 5679 ·
2563 5651 2699 5713 τέως
2731 5650 2788 5703 δὲ
2842 5653 3045 5721 ὀφείλει
3070 5655 3273 5708 εἰδέναι
3299 5656 3381 5708 ὅτι
3427 5655 3569 5707 κατά
3606 5654 3697 5705 τὸν

2138 5746 2310 5800 Μάῖον
2346 5745 2489 5814 μῆνα
2515 5747 2577 5813 τῇ
2607 5749 2637 5794 ι’
2672 5744 2958 5800 ἰνδικτιῶνι
2984 5744 3074 5800 τοῦ
3116 5746 3277 5816 ςιρί-,έ
3310 5747 3462 5809 ἔτους
3506 5745 3694 5813 γέγονε
