4110 6224
406 314 522 382 διδ

1334 312 1413 371 IN
1453 311 1615 371 CAN.
1652 286 2203 372 xxxvm'covc.
2257 310 2335 370 IN
2378 311 2699 373 TRULLO.

3547 317 3653 380 646

410 428 710 499 σημείωμα
739 425 891 497 παρά
914 424 1010 479 τοῦ
1038 424 1282 494 ἀοιδίμου
1319 425 1581 495 βασιλέως
1607 424 1777 495 κυροῦ
1827 422 1977 477 Ἀλεη

2084 433 2344 484 tenorem,
2384 426 2524 490 quod
2554 439 2676 477 cum
2712 431 3026 494 metropotls
3053 424 3261 481 Basilici
3294 434 3349 482 et
3380 436 3652 498 metropo-

410 519 528 583 ξίου
556 517 652 571 τοῦ
680 516 993 589 Κομνηνοῦ,
1032 516 1399 584 διαλαμϐάνον
1424 517 1525 580 ὡς,
1560 518 1659 586 τῆς
1694 517 1971 587 μητροπό-

409 611 547 672 λεως
574 610 669 663 τοῦ
691 608 984 662 Βασιλαίου
1012 610 1108 663 καὶ
1136 610 1236 679 τῆς
1269 609 1658 678 μητροπόλεως
1710 608 1979 662 Μαδύτων

408 702 759 772 χηρευουσῶν
785 703 880 756 καὶ
914 702 1228 772 μελλουσῶν
1280 703 1642 772 ψηφισθῆναι,
1699 700 1982 769 διανέστη-

415 812 514 845 σαν
541 794 589 845 οἱ
625 792 1026 863 μητροπολίται
1052 795 1081 845 ό
1113 794 1442 864 Ἡρακλείας
1488 794 1585 847 καὶ
1610 794 1639 845 ό
1686 791 1979 861 ’Δγκύρας,

409 888 507 937 καὶ
524 880 677 937 εἷπον
707 886 781 955 μὴ
812 885 1053 954 ὀφείλειν
1106 886 1204 949 τὰς
1234 887 1492 949 τοιαύτας
1527 887 1845 957 ἐκκλησίας,
1878 886 1980 939 κᾶν

405 978 818 1048 ἐπιτιμήθησαν
837 978 921 1059 τῇ
939 982 1041 1046 τῆς
1076 988 1463 1049 μητροπόλεως
1501 981 1795 1049 ἀξιώματι,
1831 978 1982 1050 παρά

404 1069 501 1122 τοῦ
538 1070 738 1140 μέρους
794 1071 897 1136 τῆς
956 1072 1212 1140 Μεγάλης
1266 1072 1561 1143 ἐκκλησίας
1616 1073 1979 1145 ψηφισθῆναι,

403 1163 543 1217 ἀλλὰ
575 1162 707 1234 παρ’
764 1164 980 1217 αὐτῶνο
1020 1168 1107 1219 διὰ
1134 1168 1193 1218 τὸ
1220 1166 1317 1237 τὴν
1372 1167 1472 1235 μὲν
1519 1165 1820 1236 ἐκκλησίαν
1870 1166 1979 1219 τῶν

400 1254 675 1307 Μαδύτων
730 1256 1037 1337 ἐπισκοπὴν
1081 1254 1224 1311 εἶναι
1272 1256 1368 1311 τοῦ
1408 1258 1755 1330 Ἡρακλείας,
1797 1259 1897 1329 τὴν
1925 1258 1982 1311 δὲ

410 1346 710 1413 ἐκκλησίαν
731 1348 826 1400 τοῦ
856 1349 1145 1403 Βασιλαίου
1203 1350 1508 1419 ἐπισκοπὴν
1538 1347 1679 1404 εἶναι
1708 1350 1804 1404 τοῦ
1849 1351 1981 1419 Ἀγτ

408 1440 604 1517 κύρας.
648 1432 1033 1521 Χρησαμένωιί
1060 1442 1116 1494 δέ
1145 1443 1254 1495 τῶν
1282 1444 1537 1495 τοιούτων
1565 1443 1982 1513 μητροπολιτῶν

408 1534 501 1584 καὶ
528 1531 607 1600 τῷ
640 1531 706 1600 ιβ’
734 1531 925 1584 κανόνι
946 1532 1045 1601 τῆς
1074 1536 1132 1585 ἐν
1157 1534 1458 1603 Χαλκηδόνι
1486 1534 1725 1601 συνόδου,
1752 1535 1981 1605 διοριζο-

409 1621 561 1691 μένῳ
607 1621 876 1686 σώζεσθαι
930 1625 997 1691 τῇ
1048 1624 1175 1676 κατ’
1235 1624 1491 1693 ἀλήθειαν
1552 1626 1882 1695 μητροπόλει
1912 1624 1983 1679 τὰ

404 1713 680 1782 προσόντα.
706 1714 843 1784 αὐτῇ
877 1714 1061 1767 δίκαια
1112 1714 1206 1768 ἐπὶ
1232 1717 1300 1785 τῇ
1330 1715 1624 1787 τιμηθείση
1691 1716 1978 1788 ἐκκλησίᾳ,

2085 513 2149 566 lis
2179 512 2454 582 Madytana
2486 514 2658 568 viduae
2689 526 2891 578 essent,
2925 524 2979 569 et
3008 517 3308 572 antistitum
3332 518 3650 573 electionem

2081 606 2199 660 tieri
2247 615 2538 673 oporteret,
2576 619 3001 663 exsurrexerunt
3047 608 3410 664 lleracleanus
3454 623 3506 664 et
3535 614 3653 666 Au-

2081 714 2312 770 cyranus
2358 701 2829 770 metropolitauus,
2869 711 2925 755 et
2970 702 3258 765 dixerunt,
3303 719 3406 756 non
3454 703 3654 760 dehere

2082 806 2172 845 eas
2203 790 2479 853 eet-lesias,
2516 792 2729 846 etiamsi
2765 791 3137 861 metropolium
3169 792 3430 861 dignitate
3480 797 3648 849 hono—

2083 896 2213 941 rata}
2245 890 2376 946 sint,
2416 902 2444 939 a
2491 886 2691 953 Magum
2730 889 2977 942 ecclesia:
3010 888 3253 957 partibus
3298 903 3480 943 earum
3509 894 3651 943 auti-

2084 978 2270 1033 stitum
2303 978 2624 1033 electionem
2655 980 2957 1048 suscipere,
2983 984 3077 1033 sed
3110 984 3177 1032 ah
3209 981 3338 1048 ipsis
3371 1001 3384 1036 :
3415 997 3480 1036 eo
3506 986 3648 1052 quod

2078 1068 2361 1139 Madytana
2391 1069 2603 1138 quidem
2632 1073 2860 1125 ecclesia
2891 1072 2960 1125 sit
2984 1073 3263 1128 Heraclea:
3284 1074 3651 1143 episcopatus,

2083 1161 2290 1216 Basiltei
2329 1173 2509 1216 autem
2544 1164 2772 1218 ecclesia
2815 1164 2887 1218 sit
2934 1165 3205 1235 Ancyrani
3256 1168 3649 1233 metropolitani

2084 1254 2450 1323 episcopatus.
2488 1253 2551 1307 Et
2580 1271 2701 1308 cum
2735 1255 2817 1309 usi
2860 1268 3045 1310 essent
3083 1256 3117 1309 ii
3149 1258 3547 1325 metmpolitani
3587 1260 3653 1313 l2

2083 1359 2285 1399 canone
2319 1344 2772 1399 Chalcedonensis
2820 1347 3031 1417 synodi,
3084 1361 3203 1415 quae
3252 1348 3497 1403 decernit
3535 1365 3651 1403 ser-

2083 1438 2252 1490 vanda
2283 1453 2422 1492 verte
2457 1438 2736 1506 metropoli
2760 1439 2909 1506 jura,
2934 1454 3052 1508 qua:
3079 1439 3150 1493 illi
3184 1440 3379 1494 adsunt
3402 1443 3451 1494 in
3486 1442 3654 1496 hono-

2085 1536 2200 1581 rata
2228 1529 2452 1583 ecclesia
2481 1548 2495 1593 ;
2526 1530 2801 1583 decretmn
2840 1530 2938 1585 fuit
2967 1532 3244 1601 imperiale
3278 1533 3331 1587 in
3365 1535 3649 1601 praesentia

2083 1621 2295 1691 synodi,
2327 1635 2447 1689 qua:
2479 1633 2603 1676 tunc
2637 1631 2775 1683 erat,
2805 1625 3191 1679 consentientis
3223 1640 3436 1692 unaque
3465 1628 3654 1695 decero

2086 1713 2283 1773 uentis.
2313 1713 2475 1770 licere
2521 1716 2940 1785 imperatoribus
2983 1717 3348 1785 pontificalem
3400 1719 3649 1772 thronum

405 1805 699 1873 διάγνωσις
735 1805 926 1875 γέγονε
976 1804 1233 1878 βασιλικὴ
1264 1808 1406 1861 κατὰ
1431 1807 1735 1877 παρουσίαν
1759 1807 1854 1861 καὶ
1883 1809 1977 1877 τῆς

2084 1803 2330 1859 ccclesiis
2361 1804 2565 1872 largiri,
2593 1814 2647 1859 et
2672 1807 3015 1872 episcopatus
3050 1804 3129 1859 vel
3160 1806 3562 1875 archiepiscopa
3592 1820 3653 1860 us

402 1897 527 1950 τότε
585 1898 1164 1969 συνδιαγνωμονοΰσης
1220 1899 1464 1961 συνόδου,
1513 1902 1801 1971 ἐφειμένον
1836 1895 1977 1954 εἶναι

400 1987 482 2059 τῷ
504 1988 716 2060 βασιλεῖ
742 1991 1038 2061 προεδρίας
1087 1991 1273 2061 θρόνον
1301 1995 1423 2056 ταῖς
1453 1992 1776 2053 ἐκκλησίαις
1820 1991 1976 2062 χαρί-

401 2082 616 2147 ζεσθαι,
654 2084 750 2136 καὶ⁵
782 2085 884 2146 τὰς
935 2085 1246 2148 ἐπισκοπάς
1290 2086 1387 2139 καὶ
1414 2085 1513 2146 τὰς
1538 2086 1976 2154 ἀρχιεπισκοπὰς

399 2181 486 2241 εἰς
521 2178 881 2249 μητροπόλεις
898 2178 1120 2245 ἀνάγειν
1143 2196 1158 2212 ο
1207 2182 1304 2233 καί
1333 2181 1403 2234 τὰ
1453 2182 1582 2250 περὶ
1608 2181 1716 2233 τῶν
1776 2180 1975 2250 ψήφων

400 2271 587 2327 αὐτῶν
621 2271 831 2341 καὶτῆς
883 2272 1050 2343 ἄλλης
1080 2272 1467 2342 διευθετήσεως
1502 2273 1814 2324 ὑποτυποῦν
1836 2272 1985 2324 κατάν

400 2366 468 2420 τὸ
515 2365 666 2435 αὐτῷ
700 2366 945 2437 θελητὸν,
979 2367 1054 2436 μὴ
1102 2364 1518 2435 ἐμποδιζομένῳ
1551 2364 1689 2435 πρὸς
1728 2364 1890 2418 τοῦτο
1911 2369 1975 2419 ἐκ

399 2456 500 2510 τοῦ
534 2457 761 2520 κανόνος
805 2457 898 2510 τοῦ
932 2457 1307 2528 διοριζομένου
1367 2456 1734 2525 φυλάττεσθαι
1761 2460 1826 2527 τῇ
1866 2468 1979 2527 μη-“

401 2548 662 2619 τροπόλει
688 2549 755 2601 τὰ
793 2548 935 2601 κατά
958 2550 1059 2617 τῆς
1098 2547 1428 2618 τιμηθείσης
1472 2548 1778 2617 ἐπισκοπῆς
1803 2562 1977 2618 προσ-

395 2640 532 2692 όντα
562 2640 699 2708 αὐτῇ
730 2620 983 2709 ἀρχῆθεν»
1002 2638 1217 2691 δίκαια.
1256 2638 1373 2702 Καὶ,
1401 2637 1675 2703 ἀνάγνωθι
1707 2637 1768 2689 τὸ
1799 2638 1978 2691 τοιοῦ-

398 2748 495 2784 τον
542 2730 837 2800 σημείωμα
896 2728 1198 2800 ἐρμηνεῦον
1252 2726 1372 2790 πῶς
1416 2726 1620 2796 ὀφείλει
1653 2728 1888 2780 νοεῖσθαι
1916 2729 1978 2781 τὸ

400 2820 675 2887 σώζεσθαι
707 2822 776 2875 τὰ
802 2822 991 2875 δίκαια
1032 2821 1133 2889 τῆς
1161 2820 1400 2882 παλαιᾶς
1453 2819 1857 2890 μητροπόλεως,
1882 2821 1979 2874 καὶ

404 2913 471 2966 τὸ
546 2913 621 2985 μὴ
699 2913 1136 2983 κατατέμνεσθαι
1196 2910 1292 2980 τὴν
1344 2912 1473 2981 μίαν
1539 2912 1813 2981 ἐπαρχίαν
1898 2914 1979 2976 εἰς

400 3004 519 3059 δύο.
579 3005 774 3074 Ἥμεῐς
800 3005 930 3073 γάρ,
957 3003 1044 3057 διά
1065 3003 1125 3055 τὸ
1163 3002 1488 3073 πολύστιχον
1526 2998 1684 3068 εἶναι,
1727 3002 1786 3056 οὑ
1839 2997 1975 3056 κατ·

2081 1897 2133 1948 in
2183 1894 2507 1964 metropolcs
2536 1895 2752 1967 erigere
2792 1913 2804 1948 :
2846 1909 3052 1962 eaque,
3084 1910 3204 1963 quae
3242 1896 3307 1947 ad
3338 1894 3648 1949 electionem

2080 1987 2347 2056 pertinent
2394 1997 2451 2040 et
2502 1988 2763 2051 reliquam
2815 1985 3224 2054 dispositionem
3256 2025 3271 2049 ,
3326 1996 3484 2053 prout
3537 1990 3649 2053 ipse

2080 2077 2332 2141 voluerit,
2375 2076 2704 2139 describere,
2760 2090 2860 2130 nec
2911 2091 2939 2129 a
2977 2089 3185 2129 canone
3238 2077 3511 2145 impediri.
3555 2081 3646 2140 qui

2077 2168 2265 2223 statuit
2300 2169 2581 2236 metropoli
2622 2169 2744 2236 jura
2798 2168 3034 2231 servari,
3087 2183 3205 2235 qum
3242 2168 3314 2222 illi
3359 2169 3651 2222 adfuerunt

2081 2261 2148 2311 ah
2180 2261 2333 2312 initio
2367 2260 2417 2313 iu
2455 2261 2718 2314 honorato
2765 2260 3101 2329 episcopatu.
3132 2258 3197 2313 Et
3247 2260 3362 2326 lege
3392 2260 3492 2313 hoc
3534 2262 3651 2313 edi-

2077 2366 2246 2415 ctum,
2293 2353 2432 2419 quod
2476 2352 2863 2421 interpretatur
2889 2352 3159 2421 quomodo
3189 2352 3411 2421 intelligi
3456 2352 3650 2406 debeat

2081 2443 2231 2507 illud,
2257 2445 2457 2497 servari
2485 2443 2606 2513 jura
2655 2444 2891 2513 antiquae
2926 2444 3264 2512 metropolis,
3304 2454 3357 2498 et
3387 2446 3507 2506 hoc,
3540 2461 3645 2499 non

2078 2535 2420 2589 dividendam
2473 2549 2590 2589 esse
2643 2550 2798 2587 uuam
2848 2534 3182 2602 provinciam
3240 2533 3291 2586 in
3339 2533 3494 2588 duas.
3542 2534 3649 2587 Nos

2078 2628 2251 2692 enim,
2282 2643 2346 2680 eo
2381 2629 2522 2696 quod
2559 2628 2629 2681 sit
2657 2627 2938 2696 prolixius,
2989 2628 3075 2680 hic
3108 2628 3371 2695 integrum
3411 2643 3512 2680 nou
3548 2642 3647 2695 po-

2078 2722 2305 2776 suimus.
2346 2720 2455 2795 lloc
2488 2720 2663 2789 ipsum
2706 2729 2883 2771 autem
2918 2718 3174 2781 edictum,
3210 2726 3329 2785 post
3371 2719 3646 2773 decretum

2078 2812 2219 2880 quod
2250 2813 2511 2871 continet.
2548 2810 2743 2864 debere
2770 2809 3027 2863 ecclesias
3064 2824 3186 2878 quae
3218 2819 3337 2883 sunt
3376 2810 3650 2863 imum-aue

2072 2907 2224 2979 jussu
2260 2905 2519 2975 imperiali
2550 2920 2581 2959 a
2626 2905 2820 2959 throno
2851 2886 3452 2972 Constantinopolitano
3480 2905 3643 2974 202

2077 2997 2362 3069 przesulum
2400 2995 2715 3051 electionem
2755 2994 3025 3061 accipere,
3068 3007 3167 3047 nec
3201 3008 3313 3057 eos,
3363 2994 3454 3062 qui
3489 2995 3648 3061 paulo

398 3064 766 3167 σστρὼσαμεν
778 3064 1161 3150 αδτδένταῦθα
1173 3064 1546 3166 ἐξολοκληρου.
1565 3094 1638 3148 Τὸ
1659 3064 1791 3148 αὐτὸ
1805 3095 1859 3148 δὲ
1879 3111 1977 3166 ση-

2079 3064 2202 3145 ante
2219 3064 2373 3143 erant
2396 3086 2793 3156 metropolitani
2818 3087 2977 3139 ullam
3002 3087 3053 3139 iu
3076 3086 3157 3140 eis
3175 3095 3384 3154 partem
3406 3086 3646 3152 habere;

408 3193 651 3263 μείωμα,
680 3192 818 3262 μετὰ
846 3191 945 3262 τὴν
975 3190 1227 3261 διήγησιν
1278 3188 1378 3260 τὴν
1425 3188 1785 3260 περιέχουσαν
1832 3190 1977 3258 ὀφεί-

2079 3182 2195 3236 lttec
2241 3194 2459 3250 quoque
2506 3193 2763 3246 expresse
2813 3177 3099 3231 continet:
3141 3177 3403 3241 Quoniam
3465 3186 3641 3229 autem

402 3284 521 3337 λειν
551 3282 881 3354 ψηφίζεσθαι
938 3282 1038 3345 τὰς
1094 3280 1420 3351 τιμηθείσας
1468 3282 1767 3352 ἐκκλησίας
1827 3283 1974 3336 κατά

2079 3289 2264 3330 rursus
2289 3287 2505 3342 quoque
2545 3271 2838 3334 antistites,
2864 3270 3119 3325 Chalced.
3157 3269 3347 3333 synodi
3376 3284 3641 3323 canonem

401 3374 709 3445 πρόσταξιν
750 3372 1041 3445 βασιλικὴν
1086 3372 1236 3443 παρά
1277 3372 1381 3426 τοῦ
1434 3372 1622 3443 θρόνου
1670 3374 1769 3442 τῆς
1825 3375 1976 3428 Κων-

402 3467 901 3529 σταντινουπόλεως
925 3505 941 3530 ,
1002 3466 1099 3519 καὶ
1156 3464 1319 3534 μηδὲν
1389 3466 1640 3536 μετέχειν
1720 3467 1813 3518 ἐπὶ
1873 3468 1975 3519 at)-

396 3564 525 3623 ταῖς
563 3561 691 3623 τοὺς
739 3557 933 3631 πρώην
989 3556 1418 3628 μητροπολίτας,
1450 3556 1812 3626 διαλαμϐάνει
1875 3558 1970 3611 καὶ

396 3653 580 3707 ταῦτα
625 3651 826 3722 ῥητῶς.
867 3651 1016 3703 Ἐπεὶ
1049 3650 1109 3702 δὲ
1138 3650 1188 3701 ot
1218 3649 1494 3720 ἀρχιερεῖς
1544 3651 1640 3703 καὶ
1696 3645 1851 3711 αὖθις
1882 3650 1974 3704 τὸν

398 3752 505 3819 τῆς
560 3748 617 3799 ἐν
674 3744 976 3814 Χαλκηδόνι
1026 3743 1245 3795 συνόδου
1314 3743 1511 3795 κανόνκ
1558 3742 1974 3813 προσφέροντες

398 3839 531 3900 τοὺς
559 3837 624 3888 ἐκ
652 3833 1064 3905 προσελεύσεως
1112 3832 1203 3886 τοῦ
1251 3832 1585 3902 ὑψηλοτέρου
1613 3832 1974 3902 ἀξιουμένους

400 3928 601 3998 θρόνου
630 3932 782 3997 παρὰ
814 3924 1048 3987 κανόνας
1080 3923 1265 3990 ἔλεγον
1289 3926 1386 3986 τῆς
1410 3923 1747 3994 τελεωτέρας
1776 3924 1976 3992 τυγχά-

400 4037 520 4073 νειν
554 4019 741 4089 τιμῆς,
773 4017 869 4070 καὶ
917 4016 1107 4086 ἡθελον
1136 4018 1254 4079 ταῖς
1277 4015 1578 4081 ἀλογίστοις
1602 4016 1800 4083 ὁρμαῖς
1851 4016 1972 4068 ἐπι-

396 4114 629 4183 τεθῆναι
650 4110 906 4180 κώλυμα,
944 4110 1043 4162 καὶ
1072 4104 1213 4179 ἦσαν
1243 4107 1535 4177 κανονικὴν
1576 4108 1974 4176 προσφέροντες

396 4204 647 4268 ἀξίωσιν,
677 4203 710 4271 ἡ
744 4199 992 4271 βασιλεία
1046 4217 1172 4271 μου,
1213 4197 1312 4267 καὶ
1361 4200 1427 4268 τῇ
1460 4197 1719 4269 βασιλικῇ
1754 4199 1976 4271 ἐξουσίᾳ

397 4296 464 4347 τὸ
485 4291 639 4363 παρά
674 4292 784 4344 τῶν
814 4289 974 4359 θείων
1023 4291 1266 4344 κανόνων
1311 4289 1595 4359 δεδομένον
1628 4288 1802 4360 ταύτῃ
1835 4307 1973 4361 προ.

398 4383 592 4453 νόμιον
623 4380 970 4453 παρορᾶσθαι
1005 4382 1080 4450 μὴ
1112 4380 1365 4444 θέλουσα,
1423 4381 1517 4433 καὶ
1571 4380 1670 4444 τάς
1714 4366 1974 4451 ἐπιπρο-

2074 3366 2426 3425 adducentes,
2458 3379 2553 3417 eos
2580 3363 2670 3431 qui
2705 3377 2772 3416 ex
2806 3362 3194 3430 supplicatione
3223 3362 3417 3415 altiore
3447 3361 3644 3415 throno

2075 3458 2219 3529 digni
2266 3456 2433 3513 habiti
2477 3464 2622 3520 sunt,
2663 3456 2947 3519 dicebant,
2983 3465 3177 3525 praster
3206 3465 3443 3507 canones
3473 3452 3645 3505 hono-

2075 3564 2189 3604 rem
2241 3547 2610 3618 perfectiorem
2667 3548 2945 3616 consequi,
3003 3554 3056 3600 et
3117 3546 3345 3600 rationis
3388 3555 3643 3613 expertes

2075 3656 2258 3696 eorum
2293 3640 2650 3708 appetitiones
2680 3639 2914 3693 coerceri
2948 3637 3199 3692 volebant
3230 3649 3283 3690 et
3321 3637 3636 3691 canonicam

2075 3732 2453 3787 auctoritatem
2488 3731 2824 3793 al'ferebant;
2859 3732 3143 3801 imperium
3178 3746 3356 3785 meum
3388 3740 3442 3784 et
3469 3729 3641 3799 impe-

2076 3826 2193 3879 riali
2239 3840 2332 3878 sua
2382 3833 2678 3892 potestate,
2727 3825 2869 3894 quod
2924 3838 2953 3877 ε
3002 3824 3199 3878 divinis
3240 3824 3539 3878 canonibus
3587 3822 3644 3879 el

2075 3916 2254 3970 datum
2283 3926 2366 3969 est
2389 3914 2746 3983 privilegium,
2786 3915 3047 3983 neglectui
3080 3914 3269 3969 haberi
3299 3930 3403 3968 non
3433 3915 3639 3983 siueus,

2075 4023 2130 4066 et
2164 4014 2469 4069 antistitum
2515 4013 2583 4067 ob
2625 4014 2846 4070 honoris
2891 4013 3329 4089 provocationem
3373 4012 3642 4080 supplica-

2076 4106 2272 4167 tiones,
2309 4115 2365 4158 ttt
2408 4120 2512 4158 non
2548 4105 2839 4158 cauonicas
2877 4118 3049 4170 neque
3080 4104 3366 4171 legitimas,
3399 4102 3639 4169 appella-

2078 4194 2241 4248 tionis
2277 4205 2526 4249 eventum
2581 4195 2828 4261 accipere
2877 4193 3064 4247 nolens
3107 4192 3315 4261 statuit,
3352 4193 3637 4260 episcopa-

2077 4294 2187 4339 tum
2218 4300 2325 4339 non
2348 4285 2508 4340 aliter
2534 4284 2585 4339 in
2621 4284 2984 4340 sublimiorem
3024 4283 3272 4337 thronum
3298 4284 3638 4352 erigendum,

2074 4374 2570 4444 archiepiscopatus
2624 4375 2833 4429 scilicet
2882 4372 2965 4428 vel
3008 4372 3345 4442 metropolis,
3385 4390 3542 4443 quam
3592 4378 3638 4430 si

398 4479 599 4549 κλήσει
630 4479 802 4549 τιμῆς
868 4476 1258 4547 προσελεύσεις
1306 4476 1415 4528 τῶν
1461 4476 1767 4547 ἀρχιερέων
1794 4476 1870 4540 ὡς
1895 4473 1970 4546 μὴ

2079 4466 2167 4533 qui
2193 4473 2321 4519 tunc
2342 4476 2423 4520 est
2453 4465 2743 4535 imperator
2764 4463 2985 4534 proprio
3011 4473 3157 4517 m0tu
3186 4461 3469 4532 impulsus,
3498 4463 3640 4516 nulla

400 4571 719 4637 κανονικάς,
781 4563 905 4641 μηδ’
957 4569 1185 4638 ἔννομον
1243 4568 1426 4638 τὸτῆς
1483 4569 1723 4637 ἐφέσεως
1774 4570 1973 4623 ἀποτέ-

398 4665 583 4734 λεσμα
637 4664 712 4734 μὴ
770 4663 1074 4733 λαμϐάνειν
1106 4661 1389 4727 ἐθέλουσα,
1423 4661 1636 4714 εὐδοκεῖ
1682 4662 1759 4733 μὴ
1800 4662 1976 4721 ἄλλως

2080 4556 2312 4611 humana
2332 4555 2582 4611 indecore
2600 4555 2775 4625 gratia
2796 4552 3187 4616 intercedente,
3212 4553 3444 4609 voluerit
3465 4554 3637 4621 illam,

2079 4681 2198 4736 qua:
2223 4667 2467 4736 superior
2496 4677 2580 4723 est
2619 4682 2682 4722 ac
2711 4669 3051 4734 eminentior,
3082 4668 3398 4740 dignitatem
3426 4672 3473 4726 ei
3508 4692 3641 4741 pra'.

400 4757 709 4825 ἐπισκοπὴν
739 4754 820 4818 είς
852 4753 1345 4825 προϐαθμιώτερον
1402 4751 1594 4823 θρόνον
1646 4753 1972 4821 ἀνάγεσθαι,

2082 4757 2227 4820 here,
2281 4758 2364 4813 vel
2417 4769 2634 4827 propter
2672 4759 2907 4816 civitatis
2952 4762 3248 4830 honorem,
3296 4765 3379 4819 vel
3424 4779 3641 4836 propter

400 4848 851 4922 ἀρχιεπισκοπῆς
894 4846 1139 4916 δηλονότι
1183 4845 1215 4914 ἢ
1272 4845 1686 4915 μητροπόλεως,
1740 4847 1788 4899 εὶ
1843 4848 1918 4917 μη
1945 4848 1975 4900 ὁ

2079 4850 2195 4918 ejus
2228 4848 2384 4903 iidem
2414 4850 2463 4903 iu
2504 4860 2746 4906 sanctam
2778 4852 3093 4921 Ecclesiam,
3134 4858 3219 4912 vel
3256 4858 3396 4927 ejus,
3437 4861 3526 4928 qui
3564 4860 3637 4913 illi

402 4942 550 4996 κατά
595 4938 824 5009 καιροὺς
875 4936 1130 5007 βασιλεὺς
1181 4934 1394 4987 οἴκοθεν
1419 4932 1708 5005 ὁρμηθεὶς,
1743 4934 1965 5005 χάριτος

2079 4950 2289 5011 prmest,
2335 4943 2585 4998 virtutem
2641 4943 2937 5011 bonorans,
2987 4958 3041 5002 et
3090 4964 3153 5003 ex
3190 4963 3257 5003 eo
3304 4965 3396 5003 sua
3448 4962 3640 5017 sponte

401 5032 756 5104 ἀνθρωπίνης
785 5027 860 5099 μὴ
887 5025 1295 5098 μεσολαϐούσης
1327 5026 1428 5078 οὐκ
1479 5026 1813 5095 εὐπρεποῦς,
1847 5026 1971 5098 βου.

2079 5032 2336 5086 incitatus
2379 5033 2443 5085 ad
2493 5034 2821 5101 largiendum
2867 5036 3146 5092 honorem.
3186 5042 3260 5093 Ac
3303 5039 3351 5092 ei
3390 5042 3633 5108 quidem,

401 5123 599 5196 ληθείη
627 5122 801 5195 ταύτῃ
829 5124 891 5173 τὺ
946 5117 1359 5188 ἐπαναὸεϐηκδς
1388 5116 1605 5187 ἀξίωμα
1632 5122 1967 5189 παρασχεῖν,

2079 5124 2162 5192 qui
2208 5136 2425 5194 propter
2454 5127 2736 5179 humanam
2780 5126 3139 5195 aﬂ'ectionem,
3182 5139 3236 5183 et
3278 5144 3458 5182 mores
3512 5147 3617 5181 non

402 5220 600 5289 ἢτιμῇ
637 5213 737 5281 τῆς
792 5211 1085 5281 πόλεως,ἤ
1134 5210 1314 5263 πίστει
1337 5210 1402 5281 τῇ
1467 5210 1602 5279 πρὸς
1651 5211 1750 5281 τὴν
1793 5213 1967 5283 ἐναγῆ

2079 5216 2347 5283 laudatos,
2403 5219 2645 5272 ordinem
2703 5218 2991 5273 sublimem
3046 5218 3270 5288 largitur
3313 5220 3620 5274 divinorum

416 5304 838 5374 Ἐκκλησίαν,ἣ
899 5303 993 5355 τοῦ
1056 5300 1397 5371 προεστῶτος
1450 5301 1619 5371 αὐτῆς
1643 5303 1740 5372 τὴν
1769 5304 1969 5372 ἀρετὴν

2079 5324 2342 5362 canonum
2383 5318 2553 5362 metus
2586 5311 2903 5363 intentatur.
2940 5310 2997 5363 In
3031 5326 3165 5377 quos
3197 5326 3262 5362 ne
3303 5326 3442 5379 saepe
3472 5313 3637 5382 impe-

408 5398 717 5462 σεϐασθεὶς,
769 5393 1061 5448 κάντεῦθεν
1084 5391 1428 5461 αὺθόρμητος
1456 5391 1696 5459 γεγονὼς
1727 5393 1861 5462 πρὸς
1904 5395 1964 5447 τὸ

2079 5408 2225 5451 t‘ator
2269 5400 2546 5468 impingat,
2599 5401 2859 5469 permittit
2903 5410 2957 5455 et
3000 5402 3361 5463 sanctissimo,
3396 5404 3486 5471 qui
3538 5420 3633 5473 pro

405 5491 734 5563 χαρίσασθαι
760 5491 859 5559 τὴν
910 5488 1097 5557 τιμήν.
1152 5487 1259 5539 Καὶ
1286 5485 1450 5556 τῷγε
1502 5485 1570 5539 δι’
1624 5486 1967 5559 ἀνθρωπίνην

2079 5499 2310 5557 tempore
2332 5500 2434 5553 est,
2459 5491 2803 5559 patriarchae,
2834 5505 2938 5545 non
2957 5491 3113 5545 aliter
3142 5506 3172 5545 a
3195 5494 3385 5560 quovis
3408 5494 3628 5548 allatam

412 5583 791 5656 :poqrcdeetav
821 5580 912 5633 καὶ
936 5580 1140 5650 τρόπον
1170 5578 1268 5632 οὐκ
1301 5576 1696 5647 ἐπαινούμενον
1720 5579 1778 5629 τὺ
1797 5577 1965 5649 ὑπερ-

2079 5581 2133 5636 le
2175 5582 2544 5651 cujuscunque
2583 5582 2827 5637 ecclesia:
2868 5584 3103 5651 primatu
3147 5584 3389 5637 chartam
3437 5587 3633 5639 conﬁr-

407 5675 639 5744 ϐεϐηκὸς
670 5670 1019 5743 χαριζομένῳ
1068 5672 1165 5739 τῆς
1211 5669 1419 5734 τάξεως
1448 5667 1508 5720 τὸ
1538 5667 1647 5721 ἀπὸ
1667 5667 1775 5721 τῶν
1808 5668 1964 5721 θείων

2079 5685 2234 5734 mare,
2279 5686 2382 5733 nec
2417 5672 2536 5739 ejus
2575 5670 2860 5740 prmsulum
2896 5671 3036 5727 inter
3083 5672 3513 5742 archiepiscopos
3545 5676 3629 5729 vel

404 5788 479 5822 κα
511 5770 646 5821 όνων
672 5766 789 5827 δέος
815 5760 1247 5816 ἐπανατείνεται.
1284 5757 1377 5824 οἷς
1412 5762 1496 5813 ἵνα
1547 5761 1621 5830 μὴ
1691 5760 1961 5830 περιπέσῃ

2079 5766 2511 5829 ωηιξη-(ηροιίιωιοὸ
2547 5763 2806 5833 recipere,
2851 5778 3013 5831 quant
3044 5774 3328 5834 postquam
3375 5766 3443 5823 de
3480 5783 3540 5822 ea
3572 5782 3631 5822 re
