4110 6224
552 327 659 390 655

1799 310 2076 370 TllEOD.
2118 307 2209 364 BA
2224 305 2521 368 LSAMON

3668 294 3768 355 τεο

555 441 597 490 si
634 432 930 488 inonachus
960 444 1078 483 esse
1101 426 1340 495 elegerit,
1369 439 1474 479 non
1511 421 1686 491 rejicit
1718 437 1729 472 :
1766 423 1858 473 sed
1891 433 2010 471 eum
2048 415 2111 467 ad

2222 419 2498 484 πέμπεται
2526 432 2539 446 ⁸
2569 412 2706 481 πλὴν
2734 414 2835 467 οὐκ
2860 414 3033 468 ἄλλως
3058 410 3245 463 τοῦτον
3262 409 3340 471 είς
3369 407 3460 461 τὸν
3495 406 3775 475 μοναδικον

554 531 716 583 vitam
747 523 1096 579 monasticam
1129 534 1236 572 non
1268 517 1423 569 aliter
1453 514 1817 583 recipiendum
1851 508 2110 567 decernit,

552 616 728 690 quam’
744 619 788 672 si
820 615 888 669 ab
917 614 1169 682 episcOpo
1197 607 1450 677 probatus
1492 604 1675 657 fuerit.
1710 601 1907 669 Adjicit
1937 607 2111 651 autem

553 724 613 765 se
654 709 766 762 haec
797 714 1074 763 statuere,
1112 697 1361 768 quoniam
1404 694 1644 748 Ecclesia
1702 692 1789 745 Dei
1832 690 2001 760 gratia
2046 689 2111 741 ad

556 799 826 853 anteriora
860 794 1132 864 procedat,
1181 799 1232 844 et
1281 782 1694 842 addivinorum
1739 780 2111 834 mandatorum

559 889 991 945 observationem
1027 883 1231 937 ﬁrmior
1270 895 1332 934 ac
1358 878 1588 931 validior
1614 875 1828 928 evadat.
1871 871 2007 927 Usus
2033 881 2116 925 est

556 992 731 1037 autem
771 982 837 1034 ad
868 992 1055 1033 eorum
1085 971 1548 1029 conﬁrmationem
1582 968 1743 1021 etiam
1779 964 1844 1019 iis
1880 978 1999 1031 qua:
2048 962 2114 1016 de

552 1073 879 1129 diaconissis
922 1070 974 1124 in
1003 1075 1215 1138 .quarta
1258 1064 1460 1134 synodo
1493 1061 1634 1115 dicta
1683 1070 1829 1120 sunt,
1876 1056 2110 1110 dicens:

554 1169 706 1234 Quod
734 1181 855 1219 cum
893 1171 1114 1218 sanctus
1162 1158 1357 1212 Paulus
1400 1152 1731 1215 decreverit,
1781 1163 1900 1218 qme
1951 1162 2114 1201 sexa-

554 1235 697 1330 ginta
726 1265 850 1311 sunt
879 1266 1160 1312 annorum,
1217 1248 1400 1300 viduas
1428 1245 1478 1297 in
1510 1240 1934 1297 diaconissaruin
1969 1237 2116 1290 ordi-

555 1368 677 1407 nent
736 1362 890 1420 posse
934 1342 1148 1406 referri,
1206 1339 1395 1393 Patres
1446 1333 1705 1402 virginem
1764 1328 2113 1398 quadraginta

554 1457 723 1497 annos
755 1450 931 1493 natam
963 1432 1319 1489 diaconissam
1362 1424 1600 1481 ordinari
1642 1431 1965 1477 censuerunt
1999 1435 2013 1471 :
2058 1426 2115 1470 ut

554 1550 618 1587 ex
649 1549 713 1586 eo
739 1529 1041 1598 colligatur,
1082 1524 1270 1577 Patres
1299 1519 1430 1573 nihil
1469 1516 1756 1571 absurdum
1789 1513 2112 1574 decrevisse,
2158 1530 2161 1531 ν

556 1626 646 1692 qui
676 1623 1019 1690 imperfectos
1050 1613 1299 1670 tondendi
1336 1623 1541 1677 tempus
1573 1608 1638 1661 ab
1670 1607 1881 1659 decimo
1923 1614 2114 1659 octavo

555 1716 697 1771 aimo
734 1714 798 1766 ad
833 1710 1097 1764 decimum
1134 1703 1452 1769 redegerint.
1497 1700 1588 1753 Est
1619 1709 1795 1752 autem
1828 1711 2015 1764 magna
2048 1692 2113 1746 iis

2220 511 2335 580 βίον
2368 509 2773 580 παραδέχεσθαι
2800 506 3090 576 διορίζεται
3117 504 3165 556 εί
3202 504 3275 572 μὴ
3296 500 3431 555 κατᾶ
3455 499 3775 569 δοκιμασίαν

2216 603 2310 654 τοῦ
2346 603 2668 656 ἐπισκόπου.
2701 598 3033 669 Προστίθησι
3062 596 3119 649 δὲ
3155 594 3323 648 ταῦτα
3348 592 3781 679 νομοθετεῖν,διᾶ

2218 694 2277 745 τὸ
2312 696 2408 763 τὴν
2443 692 2771 761 Ἐκκλησίαν
2816 693 2998 761 χάριτι
3037 687 3169 742 Θεοῦ
3207 687 3298 738 ἐπὶ
3326 687 3393 737 τὰ
3426 686 3612 754 πρόσω
3647 700 3780 751 προσ

2219 786 2445 848 ϐαίνειν,
2499 785 2596 837 καὶ
2633 784 2985 852 παγιωτέραν
3028 779 3280 850 γενέσθαι
3329 777 3423 847 τὴν
3470 777 3578 829 τῶν
3619 775 3780 827 θείων

2219 878 2449 930 ἐντολῶν
2480 877 2831 948 συντήρησιν.
2867 874 3165 943 Ἐχρήσατο
3188 869 3243 922 δὲ
3270 870 3349 931 εἰς
3380 866 3781 935 ἐπιστηηιγμὸν

2219 970 2427 1022 τούτων
2455 967 2548 1020 καὶ
2574 970 2688 1028 τοῖς
2716 964 2843 1034 περὶ
2886 960 3243 1015 διακονισσῶν
3284 958 3591 1029 εἰρημένοις
3626 957 3681 1008 ἐν
3710 957 3777 1024 τῇ

2219 1064 2452 1133 τετάρτῃ
2495 1060 2714 1128 συνόδῳ,
2740 1056 2908 1111 εἰπὼν
2939 1057 3022 1109 ὅτι
3047 1054 3153 1107 Τοῦ
3180 1051 3325 1104 θείου
3358 1049 3569 1102 Παύλου
3598 1047 3781 1099 διατα-

2221 1156 2452 1224 ξαμένου
2494 1153 2593 1216 τὰς
2642 1153 2904 1221 ἑξήκοντα
2935 1149 3073 1201 ἐτῶν
3112 1144 3277 1207 οὔσας
3326 1144 3502 1213 χήρας
3557 1138 3634 1208 τῷ
3669 1138 3779 1189 τῶν

2218 1242 2573 1296 διακονισσῶν
2598 1240 2997 1308 καταλέγεσθαι
3026 1237 3291 1304 τάγματι,
3327 1234 3375 1285 οἱ
3412 1230 3653 1300 Πατέρες
3680 1227 3780 1295 τὴν

2220 1335 2488 1404 παρθένον
2528 1335 2630 1403 τὴν
2658 1330 3168 1398 τεσσαρακονταετῆ
3204 1321 3629 1396 χειροτονεῖσθαι
3662 1318 3782 1371 δια-

2219 1427 2477 1477 κόνισσαν
2509 1423 2713 1491 ὥρισαν
2735 1436 2748 1451 ·
2777 1421 2852 1484 ὡς
2880 1419 3130 1472 ἐντεῦθεν
3160 1414 3491 1483 συνάγεσθαι
3532 1411 3696 1480 μηδέν
3730 1428 3784 1462 τι

2218 1516 2346 1578 τοὺς
2387 1515 2636 1585 Πατέρας
2685 1511 3027 1583 διορίσασθαι
3067 1511 3288 1567 ἄτοπον,
3346 1504 3784 1561 ὑποὸιϐάσαντσς

2217 1606 2310 1658 τὸν
2340 1605 2529 1675 χρόνον
2554 1604 2651 1674 τῆς
2681 1602 3038 1670 ἀποκάρσεως
3062 1598 3169 1651 τῶν
3192 1596 3393 1651 ἀτελῶν
3432 1597 3525 1647 καὶ
3557 1591 3662 1646 ἀπὸ
3713 1589 3782 1661 ιη’

2221 1703 2299 1762 εἰς
2350 1696 2378 1750 ι’
2425 1696 2585 1751 αὑτὸν
2643 1697 3099 1765 περιστήσαντας.
3144 1690 3505 1759 Εὐχαριστίας
3552 1687 3607 1738 δὲ
3641 1684 3784 1749 ἄξιοι

558 1805 761 1875 agenda
791 1802 985 1871 gratia,
1014 1797 1151 1865 quod
1182 1811 1288 1849 non
1324 1804 1700 1867 quemcunque
1730 1788 1914 1842 decem
1945 1800 2115 1839 annos

2222 1791 2461 1859 μεγάλης
2492 1788 2652 1851 εἰσὶν,
2696 1789 2778 1839 ὅτι
2825 1786 2925 1837 οὐκ
2966 1781 3313 1851 ἐξεχώρησαν
3344 1778 3509 1831 παντὶ
3537 1778 3786 1829 δεκαετεῖ

558 1909 764 1958 natum,
793 1892 934 1947 nulla
972 1886 1297 1956 diligentiori
1332 1868 1759 1953 perscrutatione
1792 1879 1955 1942 facta,
1995 1887 2115 1932 ton-

556 1991 672 2046 deri
710 1982 1092 2056 permiserint:
1146 1980 1237 2033 sed
1288 1979 1389 2031 hoc
1435 1973 1667 2044 episcopi
1716 1971 2011 2041 prudentiae
2054 1982 2116 2023 ac

555 2080 755 2151 judicio
790 2074 1125 2145 reliquerint.
1156 2069 1405 2124 Fortasse
1436 2068 1576 2121 enim
1611 2066 1726 2134 ejus
1764 2058 2113 2121 examinatio,

558 2175 700 2225 lmuc
729 2168 966 2238 quidem,
1008 2164 1098 2232 qni
1141 2162 1405 2216 decimum
1450 2172 1647 2209 annum
1695 2151 2008 2215 exeesserit,
2052 2149 2116 2201 ad

559 2275 832 2315 tonsuram
865 2257 1112 2310 admittet
1142 2271 1155 2306 :
1185 2253 1330 2305 illum
1362 2264 1490 2301 vero
1520 2246 1756 2315 repellet.
1795 2246 1970 2311 Atque
2008 2241 2119 2293 lucc

559 2353 775 2427 quidem
803 2359 949 2411 sunt,
982 2361 1100 2415 qua:
1128 2344 1180 2397 in
1204 2355 1410 2396 canone
1441 2338 1804 2392 continentur.
1835 2334 1913 2385 Tu
1940 2342 2116 2385 autent

559 2423 673 2514 lege
701 2444 734 2497 6
786 2440 1059 2496 Novellaru
1092 2431 1431 2504 imperatoris
1490 2428 1671 2482 domui
1718 2425 1911 2479 Leonis
1945 2423 2122 2477 Philo-

559 2534 734 2604 sophi,
775 2547 892 2600 quae
940 2526 1184 2583 continet
1226 2523 1371 2576 illum
1424 2519 1661 2588 quidem,
1707 2516 1795 2584 qui
1847 2514 2115 2569 decimum

560 2640 770 2681 sextum
816 2636 1013 2676 annum
1056 2615 1345 2685 complevit
1390 2613 1473 2666 vel
1525 2611 1793 2664 decimum
1836 2609 2118 2676 septimum

560 2719 762 2786 absque
812 2714 916 2765 ullo
964 2708 1346 2779 impedimento
1405 2718 1564 2774 posse
1615 2699 1844 2761 tonderi,
1900 2708 1955 2751 ut
2009 2694 2122 2749 vult

566 2822 791 2877 magnus
817 2805 1065 2865 Basilius,
1098 2810 1257 2867 atque
1286 2797 1447 2851 etiam
1480 2794 1662 2849 testari
1695 2810 1711 2849 :
1754 2807 1874 2845 cum
1914 2798 2120 2853 autem,

563 2902 652 2971 qui
687 2913 827 2952 anno
868 2896 1039 2949 aetatis
1076 2907 1186 2945 sua:
1216 2890 1423 2942 decimo
1465 2886 1761 2939 monachus
1789 2897 1909 2937 esse
1940 2881 2121 2935 volue-

560 2994 651 3055 rit,
704 3002 858 3060 posse
897 2986 1110 3053 quiuem
1151 2979 1313 3033 libere
1357 2978 1457 3030 hoc
1494 2974 1692 3040 facere,
1738 2990 1802 3026 ex
1851 2972 2119 3028 sententia

565 3083 723 3151 hujus
753 3076 972 3132 canonis
996 3112 1010 3137 ,
1041 3072 1105 3125 de
1144 3070 1299 3125 bonis
1331 3078 1533 3131 autem,
1580 3080 1697 3134 qua:
1740 3063 1922 3127 habet,
1955 3069 2120 3116 testa-

2216 1881 2797 1950 άπολυπραγμονήτως
2824 1876 3242 1946 ἀποκείρεσθαι,
3271 1873 3403 1925 ἀλλὰ
3438 1873 3530 1922 ἐπὶ
3561 1872 3626 1938 τῇ
3666 1868 3785 1920 δια-

2217 1974 2399 2043 κρίσει
2426 1969 2520 2024 τοῧ
2542 1969 2843 2022 ἐπισκόπου
2867 1969 2935 2019 τά
2960 1967 3091 2036 περὶ
3115 1965 3307 2017 τούτου
3329 1962 3600 2014 ἀνέθεντο.
3624 1958 3787 2021 Ἰσως

2217 2066 2325 2137 γὰρ
2346 2063 2639 2133 δοκιμασία
2683 2059 2872 2122 αὑτοῦ,
2913 2058 3062 2112 τόνδε
3094 2057 3192 2127 μὲν
3234 2056 3655 2126 ὑπεραναὸάντα
3693 2052 3786 2105 τὸν

2216 2157 2449 2224 δεκαετῆ
2503 2155 2695 2226 χρόνον
2729 2154 2810 2216 εἰς
2840 2151 3146 2222 ἁπόκαρσιν
3184 2148 3548 2219 παραδέξεται
3579 2164 3593 2179 ο
3627 2144 3780 2198 τόνδε

2217 2254 2272 2306 δὲ
2303 2251 2714 2320 ἀποπέμψεται.
2738 2246 2847 2300 Kal.
2865 2246 2932 2298 τὰ
2959 2245 3056 2311 μὲν
3087 2241 3181 2296 τοῦ
3208 2242 3428 2303 κανόνος
3460 2242 3518 2292 ἐν
3549 2241 3787 2299 τούτοις.

2220 2347 2290 2397 Σὺ
2336 2343 2391 2397 δὲ
2425 2338 2699 2409 ἀνάγνωθι
2744 2338 2845 2406 τὴν
2904 2337 3075 2403 ἕκτην
3105 2334 3324 2403 Νεαρὰν
3376 2332 3467 2384 τοῦ
3523 2330 3786 2400 βασιλέως

2221 2434 2391 2505 κυροῢ
2435 2433 2665 2494 Λέοντος
2707 2430 2803 2483 τοῦ
2837 2427 3155 2496 Φιλοσόφου,
3190 2423 3659 2493 διαλαμὸάνουσαν
3692 2422 3786 2473 τὸν

2225 2526 2325 2593 μὲν
2374 2525 2650 2611 ἀνύσαντά
2727 2521 2917 2592 χρόνον
2958 2525 3033 2583 ις’
3089 2519 3121 2589 ἢ
3176 2517 3245 2582 ιζ’
3296 2516 3786 2586 ἀπαρεμποδίστως

2218 2608 2628 2687 ἀποκείρεσθαι,
2655 2615 2797 2668 κατὰ
2831 2614 2922 2666 τὸν
2962 2613 3137 2683 μέγαν
3163 2611 3435 2667 Βασίλειον
3455 2612 3545 2666 καὶ
3560 2608 3789 2666 διατίθε-

2221 2712 2344 2764 σθαι
2376 2726 2390 2740 ·
2426 2694 2598 2762 τδνδὲ
2626 2705 2949 2779 βουλόμενον
2982 2708 3211 2777 μονάσαι
3242 2706 3384 2759 κατὰ
3410 2707 3503 2758 τὸν
3528 2704 3559 2758 ι’
3599 2708 3787 2757 ἐνιαυ-

2220 2808 2310 2857 τὸν
2358 2804 2469 2867 (ἳῦ)
2520 2803 2617 2871 τῆς
2657 2802 2870 2871 ἡλικίας
2910 2799 3096 2861 αὑτοῦ,
3134 2798 3277 2869 ἔχειν
3321 2799 3419 2867 μὲν
3470 2800 3555 2848 ἐπ’
3601 2796 3787 2856 ἁδείας

2219 2898 2375 2948 τοῦτο
2413 2898 2606 2957 ποιεῖν,
2637 2893 2780 2947 κατὰ
2807 2892 2894 2945 τὺν
2907 2893 3150 2962 παρόντα
3178 2890 3378 2943 κανόνα
3399 2904 3413 2918 °
3446 2889 3707 2958 διαθήκην
3730 2889 3789 2939 δὲ

2222 2988 2381 3057 χάριν
2409 2987 2515 3039 τῶν
2542 2985 2852 3056 προσόντων
2882 2983 3029 3053 αὐτῴ
3058 2984 3133 3053 μὴ
3163 2984 3355 3046 ποιεῖν,
3387 2981 3520 3034 ἀλλὰ
3550 2983 3789 3050 περιμέ-

2222 3096 2333 3130 νειν
2365 3077 2555 3147 μέχρις
2595 3076 2661 3129 ἂν
2686 3074 2779 3130 τοῦ
2815 3075 3304 3128 πεντεκαιδεκάτου
3340 3073 3532 3143 χρόνου
3556 3072 3786 3141 ἅψηται.

563 3184 799 3229 Incuttuu
833 3170 1007 3222 facere
1052 3178 1155 3217 non
1189 3174 1367 3230 posse,
1427 3159 1519 3212 sed
1572 3165 1887 3225 exspectare
1950 3156 2121 3208 donec

2237 3171 2321 3222 Ἐν
2352 3170 2425 3239 τῷ
2457 3171 2607 3239 μέσῳ
2632 3169 2685 3222 δὲ
2716 3169 2766 3220 εί
2806 3168 3140 3238 τελευτήσει,
3166 3168 3216 3219 oi
3250 3166 3347 3235 μὲν
3373 3166 3575 3220 οίκέται
3614 3166 3786 3219 αὐτοῦ

561 3263 828 3319 decimum
870 3258 1115 3327 quintum
1154 3267 1350 3305 annum
1396 3247 1655 3314 attigerit.
1704 3247 1910 3300 Interea
1941 3256 2120 3298 autent

563 3358 606 3410 si
637 3366 879 3409 mortuus
913 3346 1095 3411 fuerit,
1129 3345 1246 3414 ejus
1294 3340 1509 3411 quidem
1554 3337 1697 3393 servi
1742 3338 2121 3391 manumitten-

565 3458 673 3511 tnr,
706 3444 921 3510 reliqua:
956 3447 1133 3492 autem
1169 3434 1448 3488 facultates
1493 3430 1744 3483 bifariam
1777 3428 2120 3494 dividentur;

562 3547 617 3592 et
646 3540 779 3587 duas
801 3532 1019 3601 quidem
1048 3534 1227 3596 partes
1257 3522 1486 3591 accipiet
1518 3517 1931 3581 monasterium,
1965 3518 2123 3571 tertia

565 3641 694 3680 vero
725 3638 850 3694 pars
876 3617 1120 3689 cognatis
1164 3614 1403 3669 dabitur.
1435 3610 1589 3678 Quod
1631 3611 1676 3664 si
1721 3606 1973 3662 defuncto
2016 3622 2121 3661 non

570 3718 774 3772 iuerint
797 3709 1034 3781 cognati,
1065 3708 1217 3762 tertia
1259 3719 1472 3775 quoque
1521 3717 1646 3772 pars
1676 3700 2004 3754 monasterio
2031 3713 2124 3752 ac-

565 3801 796 3866 créscet.
2124 3846 2125 3849 η

637 3900 796 3971 205
827 3898 1074 3955 ZONAR.
1099 3894 1311 3958 Puellas
1373 3892 1438 3945 ad
1478 3887 1798 3958 virginitatis
1840 3883 2125 3956 professio-

567 4014 691 4053 nem
745 3995 957 4050 nonnisi
990 3992 1255 4048 sexdecim
1287 3998 1379 4042 aut
1421 3984 1798 4056 septemdecim
1827 3981 1981 4034 annis
2010 3994 2125 4032 ma-

564 4090 733 4158 jores,
771 4086 996 4140 Basilius
1039 4096 1263 4151 magnus
1305 4080 1511 4134 decimo
1546 4086 1737 4131 octavo
1788 4086 1991 4128 canone
2033 4073 2127 4125 ad-

490 4206 493 4209 -
571 4181 705 4234 mitti
726 4179 878 4248 jubet
901 4196 914 4231 :
936 4177 979 4231 si
1001 4190 1118 4245 qua:
1152 4188 1279 4225 vero
1298 4179 1421 4223 ante
1439 4168 1490 4223 id
1516 4177 1722 4236 tempus
1746 4162 2125 4234 promissiones

570 4268 996 4333 intercesserint,
1034 4282 1138 4319 non
1162 4263 1329 4333 magis
1352 4260 1456 4314 illis
1477 4273 1635 4329 quam
1666 4270 1951 4326 puerorum
1976 4252 2125 4307 voci-

571 4363 671 4416 bus
694 4357 1102 4414 auscultandum
1144 4354 1456 4407 arbitratur.
1481 4347 1578 4401 llic
1606 4357 1782 4399 autem
1809 4358 2000 4407 canon,
2034 4341 2126 4411 qui

568 4454 754 4510 decem
796 4448 950 4502 modo
977 4459 1146 4499 annos
1166 4456 1325 4495 natus
1354 4441 1444 4502 sit,
1471 4438 1537 4492 ad
1564 4436 1870 4490 monasticm
1892 4432 2127 4499 discipli-
2158 4468 2201 4524 υ

571 4560 653 4598 na:
679 4539 1090 4596 exercitationes
1110 4550 1172 4589 ac
1196 4534 1373 4586 ninnia
1402 4530 1785 4585 admittendum
1815 4527 2129 4582 essedecer-

569 4637 670 4689 nit.
701 4632 766 4684 Et
810 4630 1030 4685 canonis
1062 4627 1275 4695 quidem
1314 4640 1343 4677 a
1371 4622 1565 4675 Basilio
1584 4621 1710 4674 editi
1740 4618 2001 4684 meminit,
2032 4616 2126 4671 sed

568 4724 817 4796 quoniam
867 4723 967 4774 hoc
1005 4728 1245 4787 tempore
1273 4724 1327 4768 et
1359 4713 1607 4767 Ecclesiae
1651 4710 1850 4778 aliquid
1894 4708 2122 4774 roboris,

567 4826 622 4871 et
666 4813 785 4868 lidei
834 4812 951 4882 plus
992 4810 1212 4862 omnino
1257 4805 1523 4858 ﬁrmitatis
1565 4801 1871 4865 acceSSerit,
1910 4801 2124 4868 sintque

569 4904 800 4960 lidelium
837 4897 1000 4955 animi
1037 4899 1104 4953 ad
1134 4893 1457 4966 capessenda
1492 4893 1682 4946 divina:
1725 4890 1855 4957 legis
1900 4890 2124 4959 imperia

566 4997 884 5069 paratiores,
909 4995 1021 5051 hoc
1063 4992 1405 5060 dispensasse
1436 4986 1588 5039 dicit.
1620 4985 1914 5051 Simileqne
1943 4998 2123 5037 exem-

510 5117 523 5127 ›
567 5091 709 5159 plum
742 5102 806 5142 ex
838 5095 1028 5157 quarta
1071 5082 1276 5153 synodo
1310 5081 1375 5134 de
1416 5078 1736 5134 diaconissis
1778 5074 2001 5145 profert,
2041 5076 2125 5129 di-

568 5179 729 5233 cens:
754 5176 887 5245 Geni
913 5177 1123 5229 viduam
1150 5173 1423 5240 sexaginta
1449 5170 1606 5223 anuis
1630 5178 1806 5221 natam
1828 5168 1948 5237 eligi
1975 5167 2128 5221 divus

573 5272 766 5325 Paulus
786 5256 1086 5331 Statuisset,
1117 5269 1361 5319 eamdem
1393 5276 1613 5331 prorsus
1656 5264 1917 5313 rationein
1950 5259 2123 5312 secuti

574 5359 785 5425 Patres,
833 5361 974 5428 quod
1009 5368 1161 5412 aucta
1192 5355 1312 5410 tidei
1348 5355 1675 5416 constantia,
1710 5353 1925 5405 altiores
1955 5349 2120 5404 divini

2223 3263 2771 3333 ἐλευθερωθήσονται,
2796 3263 2829 3331 ἡ
2855 3254 2910 3313 δὲ
2933 3260 3093 3328 λοιπὴ
3118 3261 3309 3311 τούτου
3333 3258 3619 3328 περιουσία
3645 3260 3787 3311 διαι-

2224 3355 2511 3424 ρεθήσεται
2543 3352 2687 3421 διχῆ,
2717 3353 2812 3404 καὶ
2835 3351 2896 3403 τὸ
2932 3351 3029 3419 μὲν
3067 3349 3312 3420 δίμοιρον
3338 3349 3398 3403 τδ
3428 3352 3787 3419 μοναστήριον

2222 3445 2471 3516 λήψεται,
2502 3448 2563 3498 τὸ
2585 3444 2640 3497 δὲ
2671 3445 2853 3510 τρίτον
2888 3445 2999 3505 τοῖς
3024 3443 3312 3511 συγγενέσι
3344 3441 3535 3494 τούτου
3560 3441 3785 3511 δοθήσεο

2221 3555 2329 3589 ται.
2365 3538 2453 3605 Μὴ
2482 3536 2649 3588 ὄντων
2685 3534 2740 3588 δὲ
2765 3535 3041 3602 συγγενῶν
3062 3533 3141 3604 τῷ
3164 3533 3568 3604 τελευτήσαντι,
3599 3538 3695 3586 καὶ
3724 3533 3787 3586 τὸ

2223 3629 2403 3699 τρίτον
2442 3630 2520 3690 εἰς
2551 3629 2610 3680 τὸ
2642 3632 3004 3698 μοναστήριον
3027 3628 3405 3697 προχωρήσει.

2298 3887 2539 3941 ΖΩΝΛΡ.
2591 3889 2651 3941 '0
2691 3889 2788 3957 μὲν
2849 3887 3025 3959 μέγας
3076 3888 3360 3953 Βασίλειος
3399 3890 3461 3963 έν
3497 3889 3574 3960 τῷ
3612 3890 3809 3945 ὀκτωο’

2230 3979 2537 4048 καιδεκάτῳ
2564 3979 2727 4032 αὐτοῦ
2759 3981 2943 4033 κανόνι
2991 3984 3130 4048 μετὰ
3167 3981 3236 4034 τὰ
3271 3980 3561 4046 ἑξκαίδεκα
3603 3983 3634 4053 ἦ
3687 3985 3786 4037 καὶ

2234 4071 2598 4124 ἑπτακαίδεκα
2660 4070 2754 4141 ἔτη
2809 4071 2908 4134 τὰς
2959 4072 3069 4123 τῶν
3131 4072 3420 4144 παρθένων
3495 4075 3786 4144 ὁμολογίας

2230 4161 2578 4233 ἐγκρίνεσθαι
2620 4161 2959 4214 διατάττεται
3003 4178 3017 4191 ·
3055 4163 3153 4226 τὰς
3182 4163 3248 4232 ,δὲ
3288 4163 3393 4234 πρὸ
3430 4164 3526 4234 τῆς
3560 4164 3780 4234 ἡλικίας

2229 4255 2431 4327 ταύτης
2460 4253 2888 4316 συγκαταθέσεις
2938 4254 3193 4317 παιδικὰς
3227 4255 3438 4324 ἡγεῖται
3471 4256 3674 4325 φωνάς.
3723 4255 3784 4307 '0

2229 4344 2286 4397 δὲ
2308 4346 2407 4415 τῆς
2434 4345 2652 4399 συνόδου
2679 4345 2882 4416 ταύτης
2919 4345 3099 4399 κανὼν
3135 4346 3368 4417 δεκαετῆ
3430 4350 3595 4417 φησὶν
3634 4345 3769 4402 sive:

2230 4435 2339 4487 δεῖν
2363 4438 2455 4487 τὶν
2489 4436 2782 4506 μοναχικὸν
2809 4435 2969 4504 ζυγὸν
3003 4438 3395 4508 ὑπερχόμενον.
3441 4440 3549 4492 Καὶ
3577 4440 3789 4510 μέμνη-

2227 4547 2318 4582 ται
2351 4528 2451 4598 μὲν
2482 4529 2576 4582 τοῦ
2610 4531 2834 4595 κανόνος
2865 4527 2956 4585 τοῦ
2994 4534 3233 4603 μεγάλου
3277 4534 3557 4588 Βασιλείου
3580 4576 3595 4601 ,
3635 4537 3786 4603 λέγει

2226 4619 2283 4672 δὲ
2308 4623 2612 4690 οἰκονομεῖν
2642 4622 2822 4686 τοῦτο,
2854 4622 2929 4686 ὼς
2959 4626 3058 4689 τῆς
3101 4625 3428 4696 Ἐκκλησίας
3470 4630 3788 4699 κραταιοτέ-

2228 4724 2328 4777 ρας
2362 4710 2676 4780 γινομένης,
2706 4713 2799 4763 καί¹
2826 4712 2929 4781 τῆς
2958 4715 3194 4776 πίστεως
3223 4715 3316 4767 ἐπὶ
3346 4714 3507 4767 πλέον
3539 4718 3792 4787 στηριζο-

2231 4801 2417 4871 μένης,
2475 4802 2568 4855 καῖ⁵
2608 4802 2716 4855 τῶν
2745 4804 2968 4857 ’πιστῶν
3016 4806 3152 4877 πρὸς
3206 4808 3439 4877 τήρησιν
3488 4810 3596 4861 τῶν
3627 4812 3788 4863 θείων

2227 4893 2455 4947 ἐντολῶν
2526 4893 2727 4963 μᾶλλον
2778 4896 3197 4966 ὲδραιουμένων.
3272 4899 3548 4969 Κέχρηται
3597 4900 3654 4953 δὲ
3709 4905 3788 4963 είς

2229 4987 2579 5056 παράδειγμα
2626 4987 2720 5040 καὶ
2760 4988 2837 5057 τῷ
2874 4991 3006 5059 περὶ
3052 4991 3159 5042 τῶν
3199 4992 3556 5044 διακονισσῶν
3592 4993 3787 5046 κανόνι

2228 5081 2326 5148 τῆς
2359 5079 2624 5149 τετάρτης
2661 5080 2877 5132 συνόδου
2904 5121 2918 5144 ,
2952 5083 3123 5149 λέγων
3153 5083 3234 5135 ὃτι
3268 5084 3361 5135 τοῦ
3395 5084 3541 5137 θείου
3574 5085 3789 5138 Παύλου

2231 5172 2493 5241 ἑξήκοντα
2517 5172 2653 5223 ἐτῶν
2684 5173 2782 5236 τὰς
2825 5178 2997 5243 χήρας
3027 5174 3426 5240 καταλέγεσθαι
3457 5176 3790 5245 διαταξαμέ-

2228 5280 2343 5326 νου,
2401 5264 2449 5315 oi
2486 5264 2725 5347 Πατέρες
2774 5264 2872 5334 τὴν
2901 5264 3165 5333 παρθένον
3189 5270 3599 5336 τεσσαράκοντα
3646 5269 3788 5319 ἑτῶν

2229 5355 2394 5408 οὖσαν
2457 5360 2883 5427 χειροτονεῖσθαι
2950 5358 3197 5411 διάκονον
3275 5358 3483 5431 ὥρισαν
3552 5361 3636 5413 διὰ
3684 5364 3785 5429 την

1785 5472 1984 5532 Guill.
2018 5472 2341 5549 Beveregii
2381 5481 2567 5532 notua.

644 5598 753 5668 (9.6)
785 5599 944 5652 Μετά
966 5598 1070 5651 τὸν
1101 5597 1131 5651 ι’
1166 5599 1462 5653 ἐνιαυτόν.
1501 5597 1602 5650 Ms.
1648 5597 2114 5653 Auterbaehianns

574 5668 702 5736 leglt
747 5670 880 5735 μετὰ
934 5674 1023 5719 τὸν
1075 5672 1233 5719 πέντε
1271 5672 1365 5720 καὶ
1404 5670 1626 5721 δεκατὸν
1688 5670 1949 5719 ἐνιαυτόν.
1979 5671 2110 5721 Cum

577 5754 753 5793 autem
793 5742 875 5789 hic
903 5742 967 5789 de
1000 5750 1247 5804 prwscntt
1298 5756 1504 5791 canone
1533 5750 1745 5805 agatur,
1772 5737 1925 5805 juxta
1951 5754 2109 5805 qum:

2222 5597 2495 5680 quispiam
2539 5609 2660 5680 post
2701 5599 2971 5655 decirnum
3017 5608 3451 5680 :ctatis_annum
3489 5607 3789 5661 monachus

2219 5675 2339 5791 3;“
2395 5678 2592 5733 potest,
2655 5683 2839 5727 nostra
2867 5683 2919 5726 ct
2957 5675 3266 5731 communis
3297 5678 3457 5732 lectio
3504 5680 3793 5731 retinenda
