4110 6224
345 307 468 371 6⁸ῑῦ

1334 319 1413 380 IN
1451 320 1617 382 CAN.
1660 319 1822 381 XLII
1855 318 2065 381 CONC.
2105 321 2187 383 IN
2228 321 2550 389 TRULLO.

3475 338 3578 427 cer.

430 440 449 470 ε
500 422 856 492 μοναστηρίῳ
899 423 1356 490 ἐγκαθίστασθαι,
1385 427 1482 479 καὶ
1519 428 1630 489 τοῖς
1665 427 1911 496 ἀδελφοῖς

2094 454 2111 487 ι
2149 435 2300 502 Quod
2341 438 2387 496 si
2423 441 2522 494 hoc
2555 455 2660 494 non
2693 441 2972 511 elegerint,
3004 458 3100 498 eos
3132 445 3355 499 omnino
3385 463 3452 502 ex
3481 422 3576 501 ur-

429 535 452 570 ι
496 518 960 584 ἐγκαταλέγεσθαι
1004 522 1156 590 (28)·
1187 525 1234 576 εί
1282 522 1340 574 δὲ
1402 523 1475 593 μὴ
1529 522 1690 576 τοῦτο
1749 519 1914 590 προέ-

381 657 386 662 .
433 629 454 660 ι
495 609 696 676 λοιντο,
733 613 1079 667 παντάπασιν
1113 614 1313 678 αὐτοὺς
1365 613 1474 667 τῶν
1513 613 1724 667 πόλεων
1778 615 1917 666 ἀπε-

431 721 448 753 ι
496 703 812 766 λαύνεσθαι,
843 706 934 758 καὶ
966 706 1062 766 τὰς
1094 707 1336 774 ἐρήμους
1359 706 1554 769 οἰκεῖν,
1609 703 1670 768 ἐξ
1709 696 1784 758 ὧν
1818 703 1916 758 καὶ

434 813 454 845 ι
495 795 592 854 τὰς
625 795 940 862 ἐπωνυμίας
972 798 1185 860 ἑαυτοῖς
1232 797 1632 860 ἀνεπλάσαντο.
1677 815 1697 849 t

428 886 626 939 ΒΑΛΣ.
661 887 854 940 Πολλοὶ
883 887 1174 942 λαοπλάνοι
1199 891 1296 953 τὰς
1325 889 1507 952 πόλεις
1535 887 1916 959 περιέρχονται

358 977 879 1047 μελανειμονοῢντες
913 979 1007 1033 καὶ
1053 981 1436 1051 ἀκειροκόμαι,
1493 979 1752 1052 νηστείαν
1818 982 1914 1033 καὶ

351 1069 613 1121 ἀλουσίαν
641 1069 1078 1140 ὑποκρινόμενοι,
1103 1074 1198 1126 καὶ
1230 1074 1550 1138 ἀπατῶντες
1571 1074 1696 1136 τοὺς
1726 1072 1921 1126 ἁπλου-

356 1163 602 1233 στέρους,
655 1163 746 1214 καὶ
805 1163 866 1216 τὸ
924 1167 1213 1234 μοναχικδν
1270 1167 1594 1236 ἐπάγγελμα
1654 1164 1916 1240 καθυϐρί-

355 1256 559 1319 ζοντες.
597 1258 704 1310 Καὶ
755 1259 803 1310 oi
845 1257 944 1327 μὲν
991 1259 1048 1324 ἐξ
1079 1259 1258 1312 αὐτῶν
1294 1261 1431 1329 μετᾶ
1461 1259 1666 1314 λαῖκῶν
1709 1260 1918 1330 ἀνδρῶν

356 1351 453 1402 καὶ
503 1349 778 1416 γυναικῶν
811 1351 1210 1421 συνδιάγοντες,
1246 1355 1336 1406 καὶ
1385 1354 1486 1417 τὰς
1526 1354 1769 1424 τριόδους
1807 1352 1922 1406 δαισ

359 1441 648 1511 μινιὼδεσι
727 1443 1019 1514 διδάγμασι
1083 1446 1597 1516 καταϐομϐοὖντες,
1672 1445 1921 1516 εὔχονται

354 1533 520 1602 δῆθεν
563 1535 704 1605 ὑπὲρ
756 1533 851 1588 τοῦ
907 1534 1076 1602 λαοῦ,
1129 1537 1225 1590 καὶ
1284 1538 1570 1608 μετάνοιαν
1613 1537 1919 1609 κηρύσσου-

359 1642 486 1679 σινο
551 1628 599 1680 oi
663 1626 720 1679 δέ
775 1625 1146 1694 λέγουσικαθ’
1197 1628 1424 1697 ὁρισμὸν
1483 1629 1618 1683 Θεοῦ
1673 1627 1733 1692 ἐξ
1785 1628 1916 1700 ἐρή-

361 1737 462 1791 μου
494 1720 572 1783 είς
593 1719 692 1783 τὰς
719 1719 904 1782 πόλεις
942 1719 1137 1784 ἐλθεῖν,
1172 1721 1256 1791 ἐφ’
1299 1712 1342 1788 ᾧ
1374 1721 1726 1791 προμηνῦσαι
1794 1739 1916 1776 τινα
1948 1715 1978 1791 -’

362 1788 626 1886 μέλλοντα
650 1830 664 1843 ·
699 1817 789 1868 καὶ
819 1815 1051 1880 ἀναιδῶς
1106 1788 1287 1885 ἀγαθά
1314 1788 1438 1871 τινα
1471 1788 1582 1882 τοῖς
1613 1818 1919 1883 ἀπλουστέέ
1947 1788 1994 1847 Β

361 1924 482 1976 ροις
521 1906 952 1974 ἐπαγγέλλονται
1001 1909 1164 1979 χάριν
1203 1908 1428 1978 κέρδους
1473 1911 1568 1964 καὶ
1623 1910 1918 1981 ἐμπορίας.

357 1998 584 2052 Τούτων
621 1995 717 2053 οὖν
757 1997 792 2069 ἡ
829 1999 1045 2062 σύνοδος
1099 1998 1236 2071 αὕτη
1267 2001 1563 2073 διορίζεται
1611 2003 1709 2066 τὰς
1742 2002 1921 2072 κόμας

359 2093 670 2163 κείρεσθαι,
711 2093 804 2146 καὶ
849 2093 916 2146 ,ἐν
964 2093 1350 2164 μοναστηρίοις
1403 2095 1745 2163 εἰσάγεσθαι,
1776 2095 1918 2149 ὥστε

356 2187 454 2238 τὸν
490 2187 698 2257 μονήρη
741 2187 857 2256 βίον
915 2186 1124 2253 διάγειν
1155 2187 1212 2238 ἐν
1243 2185 1447 2248 αὐτοῖς.
1505 2187 1565 2239 Ei
1597 2187 1643 2238 δ’
1693 2189 1754 2240 ού
1798 2188 1923 2257 βού-

357 2275 545 2332 λονται
578 2278 756 2342 τοῦτο,
797 2277 1081 2331 ἐκδιώκειν
1125 2277 1322 2339 αὐτοὺς
1350 2271 1558 2331 ἐκτῶν
1585 2279 1814 2342 πόλεων,
1849 2279 1926 2345 ὡς

359 2369 431 2423 ἂν
463 2371 520 2422 ἐν
551 2371 778 2439 ἐρήμοις
803 2369 1034 2438 διάγωσι
1054 2385 1070 2401 ο
1101 2371 1193 2422 καὶ
1225 2367 1290 2439 ἣν
1319 2368 1532 2433 ἑαυτοῖς
1553 2371 1925 2426 ἀνεπλάσαντο

357 2462 662 2532 διαγωγὴν,
697 2463 797 2516 ούκ
831 2459 891 2528 ἐξ
941 2465 1220 2535 ἀληθείας,
1275 2464 1390 2519 ἀλλ’
1433 2465 1540 2519 ἀπὸ
1598 2465 1803 2536 πλάνης
1835 2467 1927 2520 καὶ

360 2554 574 2623 τρόπου
633 2555 848 2611 σκαιοῦ.
882 2551 1016 2609 Οὐδὲ
1045 2557 1155 2625 γὰρ
1197 2555 1418 2627 ᾤκησαν
1464 2557 1558 2627 τὴν
1594 2555 1802 2626 ἔρημον
1836 2557 1924 2611 διὰ

364 2646 648 2715 σωτηρίαν
674 2647 873 2717 ψυχῆς,
924 2650 972 2701 εί
1001 2648 1206 2716 ταύτην
1237 2650 1639 2718 πραγματικῶς
1665 2647 1724 2713 ἐξ
1755 2648 1924 2715 ἀνάγ·

361 2755 471 2808 κης
511 2740 696 2808 ἔχωσι,
753 2740 829 2810 μὴ
887 2741 1377 2812 παραχωρούμενοι
1408 2743 1466 2794 ἐν
1502 2741 1688 2794 πόλεσι
1735 2758 1919 2813 παρα-

361 2831 610 2883 ϐάλλειν.

435 2921 682 2975 ΖΩΝΑΡ.
720 2920 932 2976 Παλαιὰ
965 2924 996 2992 ἡ
1032 2923 1220 2989 κακία,
1263 2926 1351 2978 ἀεὶ
1391 2925 1596 2994 ταύτην
1641 2926 1763 2987 ταῖς
1817 2923 1930 2976 τῶν

362 3014 672 3084 ἀνθρώπων
713 3015 964 3086 καρδίαις
1011 3016 1104 3069 τοῦ
1157 3017 1465 3087 ἀρχεκάκου
1523 3017 1927 3086 ἐνσπείροντος.

363 3103 553 3163 ’Ἦσαν
589 3109 696 3180 γὰρ
727 3110 822 3162 καὶ
846 3109 1011 3162 πάλαι
1044 3109 1207 3173 τινὲς.
1240 3108 1290 3162 οἳ
1324 3109 1525 3179 μέλανα
1547 3109 1924 3178 περιόλὴματα
1952 3141 1996 3196 C

668 3178 676 3180 _
1329 3178 1333 3179 ν
1953 3178 1998 3204 υ

363 3202 673 3264 ἐνεδύοντο,
736 3203 829 3254 καὶ
880 3202 978 3264 τὰς
1014 3201 1188 3270 κόμας
1222 3202 1322 3254 οὐκ
1380 3200 1618 3270 ἔκειρον,
1649 3199 1766 3253 ἀλλ’
1799 3200 1926 3251 εῖων

366 3298 450 3356 si;
489 3293 818 3364 βοστρύχους
864 3294 1031 3355 αὑτὰς
1082 3292 1483 3360 καθισταμένας
1538 3293 1651 3364 τοῖς
1687 3289 1930 3356 στέρνοις

365 3386 551 3441 αὐτῶν
589 3387 684 3440 καὶ
740 3388 851 3448 τοῖς
885 3385 1056 3455 ὤμοις
1114 3385 1481 3454 περικεῖσθαι,
1517 3383 1612 3438 καὶ
1646 3381 1788 3437 οὕτω
1833 3381 1931 3444 τὰς

366 3482 555 3545 π’ἱλεις
605 3480 972 3550 περιέτρεχον,
1023 3479 1120 3532 καὶ
1174 3480 1382 3542 λαῖκοῖς
1416 3477 1640 3548 ἀνδράσι
1696 3477 1932 3545 συνῆσαν

367 3573 469 3624 καὶ¹
495 3571 734 3640 γυναιξὶ,
767 3571 828 3623 τὸ
863 3572 1154 3641 μοναχικδν
1186 3571 1509 3640 ἐπάγγελμα
1567 3567 1928 3638 καθυϐρίζον-

365 3684 484 3722 τες.
515 3665 738 3728 Τούτοις
771 3665 802 3733 ἡ
838 3662 1054 3726 σύνοδος
1095 3660 1235 3732 αὕτη
1263 3663 1558 3733 προτάσσει
1610 3660 1710 3720 τὰς
1755 3661 1933 3730 κόμας

368 3756 676 3824 κείρεσθαι,
698 3757 792 3808 καὶ
815 3756 872 3808 ἐν
894 3753 1279 3824 μοναστηρίοις
1306 3752 1640 3820 είσάγεσθαι,
1675 3751 1814 3804 ὥστε
1842 3769 1935 3822 μο-

371 3852 558 3919 ναχοῖς
584 3849 846 3900 συνοικεῖν
871 3862 929 3898 τε
949 3845 1036 3899 καὶ
1057 3847 1337 3899 συνασκεῖν
1357 3861 1372 3877 ο
1406 3844 1454 3896 εί
1479 3843 1524 3897 δ’
1557 3844 1617 3896 οὐ
1656 3843 1933 3914 βούλονται

370 3942 556 4007 τοῦτο,
602 3938 876 4000 παντελῶς
911 3936 1022 3989 τῶν
1067 3936 1277 3988 πόλεων
1307 3934 1739 3998 ἀπελαύνεσθαι,
1771 3936 1856 3988 ἵνα
1877 3936 1936 3986 ἐν

370 4035 607 4104 ἐρήμοις
635 4032 914 4100 διάγωσιν,
948 4031 1005 4096 ἐξ
1051 4023 1125 4082 ὧν
1170 4028 1268 4098 τὴν
1296 4027 1613 4094 ἐπωνυμίαν
1650 4026 1709 4079 τὸ
1744 4026 1940 4095 ἐρημῖ-

371 4142 466 4179 ται
502 4124 785 4177 καλεῖσθαι
819 4123 1034 4184 ἑαυτοῖς
1065 4119 1465 4173 ἀνεπλάσαντο.
1500 4116 1574 4169 Οὐ
1607 4114 1716 4184 γὰρ
1758 4113 1817 4178 ἐξ
1841 4114 1938 4165 αύ-

372 4211 471 4264 τοῦ
499 4210 594 4262 τοῦ
626 4211 950 4280 πράγματος
982 4209 1250 4278 ἐσχήκασι
1292 4205 1389 4273 τὴν
1419 4203 1755 4274 ἐπωνυμίαν,
1798 4201 1934 4256 ἀλλά

373 4303 588 4372 ψευδῶς
620 4300 824 4372 ταύτην
869 4299 1081 4362 ἑαυτοῖς
1135 4298 1521 4366 ἐπωνόμασαν,
1571 4295 1665 4349 καὶ
1707 4293 1934 4363 πλάσμα

378 4395 568 4456 αὐτοῖς
593 4393 656 4446 τὸ
696 4392 885 4462 σχῆμά
912 4407 972 4444 τε
1007 4390 1102 4444 καλ⁸
1131 4389 1191 4443 τὸ
1217 4389 1408 4460 ὄνομα.

2095 547 2112 580 ι
2151 527 2308 586 bibus
2350 533 2567 600 expelli.
2604 544 2656 588 et
2685 549 2899 590 erctnos
2951 536 3196 592 habitare
3220 581 3236 603 ,
3266 555 3331 592 ev
3373 541 3576 608 quibus

2091 639 2111 672 ι
2154 623 2258 678 sibi
2295 625 2457 678 etiam
2491 623 2958 684 denominationes
2983 629 3314 687 conﬁnxere.
3353 650 3373 684 ι

2089 892 2284 948 BALS.
2323 894 2642 964 Complures
2684 896 2865 964 populi
2919 896 3252 959 seductores,
3283 898 3446 953 urbes
3476 899 3580 953 ob-

2022 995 2241 1050 euntes,
2272 987 2574 1041 induuntur
2605 987 2774 1056 nigris
2809 989 3082 1050 vestibus.
3113 997 3166 1043 et
3197 999 3324 1045 sunt
3349 990 3579 1045 intonsis

2019 1077 2260 1141 capillis,
2283 1077 2552 1146 jejunium
2580 1094 2643 1133 ac
2671 1079 2978 1149 squalorem
3006 1097 3112 1148 pra!
3142 1097 3202 1137 se
3231 1083 3492 1142 ferentes,
3526 1091 3582 1137 et

2022 1165 2391 1237 simpliciores
2423 1167 2797 1236 decipientes.
2838 1184 2900 1222 ae
2943 1171 3318 1225 monaehalem
3373 1171 3583 1240 profes-

2023 1257 2234 1313 sionem
2293 1258 2490 1328 injuria
2545 1259 2862 1315 allicientes.
2926 1263 3002 1315 Ac
3059 1262 3303 1315 nonnulli
3361 1261 3580 1328 quidem
3627 1257 3632 1260 ”

2023 1365 2238 1414 eorum,
2266 1367 2371 1406 una
2396 1367 2520 1405 cum
2554 1351 2690 1406 viris
2726 1352 2880 1408 laieis
2910 1353 3338 1424 mulieribusque
3365 1369 3584 1409 versan-

2024 1453 2128 1508 tes,
2163 1454 2217 1499 et
2251 1446 2303 1499 in
2341 1445 2517 1502 triviis
2545 1448 2896 1502 daemoniacis
2929 1448 3196 1502 doctrinis
3233 1449 3585 1504 circumstre-

2026 1546 2235 1606 peutes,
2254 1553 2352 1608 pro
2368 1540 2568 1608 popqu
2587 1541 2774 1609 utique
2794 1547 3110 1609 precantur,
3137 1547 3189 1594 et
3212 1540 3580 1610 paenitentiam

2025 1629 2347 1698 praedicant.
2378 1630 2480 1684 Alii
2513 1646 2644 1685 vero
2673 1631 2860 1685 dicunt
2893 1647 2952 1686 se
2985 1630 3073 1684 Dei
3099 1630 3260 1697 jussu
3293 1647 3356 1685 ex
3392 1631 3586 1684 solitu-

2025 1720 2153 1775 dine
2184 1721 2238 1774 in
2274 1721 2526 1775 civitates
2554 1720 2792 1785 venisse,
2821 1731 2880 1774 ut
2913 1720 3095 1774 futura
3122 1721 3363 1790 quaedam
3391 1719 3588 1787 praedi-

2023 1821 2150 1867 cant
2185 1831 2200 1868 :
2241 1821 2295 1868 et
2333 1812 2757 1882 simplicioribus
2793 1813 2932 1866 bona
2963 1811 3212 1879 quaedam
3248 1811 3588 1877 impudenter

2025 1906 2389 1972 pollicentur,
2426 1902 2562 1960 lucri
2595 1913 2647 1960 et
2684 1903 3025 1958 mercimonii
3065 1903 3259 1973 gratia.
3305 1901 3429 1957 Haec
3459 1916 3588 1972 ergo

2025 1999 2270 2070 synodus
2317 2001 2532 2060 statuit,
2583 2009 2642 2050 ttt
2687 1998 2768 2053 eis
2811 2012 2982 2050 conta:
3035 1995 3383 2056 tonileantur,
3427 2004 3479 2048 et
3534 1995 3586 2048 in

2024 2092 2355 2147 monasteria
2406 2091 2848 2154 introducantur,
2896 2098 2956 2142 ttt
3004 2088 3366 2142 monasticam
3416 2088 3468 2140 in
3508 2089 3588 2141 eis

2024 2183 2191 2236 vitam
2221 2189 2404 2253 agant.
2447 2181 2542 2234 Sin
2586 2191 2763 2235 autem
2798 2180 2899 2235 hoc
2937 2180 3134 2243 nolint,
3175 2188 3237 2234 ttt
3263 2196 3327 2234 ex
3363 2179 3586 2232 urbibus

2025 2272 2388 2343 expellantur,
2431 2286 2539 2341 quo
2585 2270 2640 2324 in
2670 2272 2870 2326 eremis
2900 2285 3020 2323 eam
3068 2268 3282 2324 vivendi
3317 2269 3586 2322 rationem

2026 2373 2451 2436 persequantur,
2491 2378 2654 2432 quam
2697 2361 2834 2426 sibi,
2871 2377 2977 2417 non
3011 2377 3077 2416 ex
3115 2362 3360 2426 veritate,
3400 2360 3490 2414 sed
3521 2375 3587 2414 es

2028 2457 2240 2513 fallacia
2293 2465 2347 2511 et
2378 2472 2587 2512 morum
2633 2454 3000 2524 improbitate,
3042 2453 3370 2508 conﬁnxere.
3405 2451 3589 2520 Neque

2027 2553 2170 2608 enim
2203 2551 2256 2604 in
2301 2563 2488 2603 eremo
2530 2557 2748 2617 propter
2796 2546 2990 2599 anima:
3021 2547 3254 2600 salutem
3291 2544 3593 2598 habitavis-

2026 2651 2169 2704 sent,
2195 2641 2239 2698 si
2264 2641 2408 2695 hanc
2430 2639 2609 2707 reipsa
2641 2637 2949 2694 necessario
2977 2638 3304 2700 tenuissent,
3331 2635 3396 2690 ad
3423 2637 3592 2690 urbes

2028 2735 2290 2792 accedere
2327 2747 2436 2787 non
2469 2731 2773 2815 concessi.’

2098 2912 2351 2970 ZONAR.
2385 2913 2680 2982 Antiquum
2715 2910 2819 2965 hoc
2847 2912 3048 2964 malum
3079 2917 3184 2969 est,
3217 2908 3270 2961 in
3306 2905 3589 2961 hominum

2031 3010 2343 3082 pectoribus
2383 3007 2454 3062 ab
2494 3006 2612 3076 ipso
2661 3004 2926 3058 malorum
2982 3003 3226 3056 omnium
3267 3009 3491 3054 auctore
3535 3004 3593 3053 et

2033 3113 2251 3173 parente
2276 3099 2709 3156 disseminatum.
2738 3095 2876 3151 Olim
2904 3109 3122 3164 quoque
3153 3092 3319 3162 igitur
3349 3107 3454 3145 non
3486 3092 3577 3144 de-

2032 3197 2202 3259 fuere,
2233 3194 2324 3264 qui
2359 3194 2516 3260 nigro
2547 3191 2771 3252 amictu,
2804 3201 3072 3256 comaque
3115 3198 3458 3254 nequaquam
3495 3183 3592 3236 de-

2031 3296 2212 3351 tonsa,
2243 3284 2335 3341 sed
2370 3285 2421 3337 in
2452 3283 2732 3338 cincinnos
2765 3279 2919 3348 plexa
2956 3288 3009 3331 et
3049 3277 3271 3338 intorta,
3305 3276 3357 3329 in
3395 3282 3582 3344 pectus

2033 3380 2400 3445 ltunterosque
2428 3373 2717 3437 deﬂuente,
2755 3372 2826 3425 ita
2860 3370 3076 3424 demum
3111 3368 3275 3422 urbes
3305 3367 3594 3436 pervolitau

2033 3479 2175 3534 rent,
2204 3478 2258 3523 et
2279 3484 2400 3522 eum
2429 3465 2585 3520 laicis
2609 3464 2740 3518 viris
2765 3463 2968 3534 pariter
2989 3477 3053 3516 ac
3080 3459 3316 3518 feminis.
3343 3473 3447 3512 non
3475 3459 3594 3512 sine

2035 3563 2234 3635 injuria
2267 3560 2578 3615 monastica‘.
2606 3556 2960 3629 professionis
2995 3569 3057 3608 ac
3088 3551 3347 3616 instituti,
3376 3551 3594 3605 assidue

2034 3663 2396 3711 versarentur.
2433 3651 2538 3706 Eos
2590 3650 2756 3720 igitur
2798 3648 3048 3702 homines
3089 3644 3314 3697 detonsa
3349 3656 3502 3695 conta
3540 3643 3593 3694 in

2035 3747 2368 3802 monasteria
2399 3743 2618 3805 deduci,
2653 3741 2836 3807 ibique
2867 3753 2990 3792 cum
3032 3733 3314 3789 monachis
3339 3731 3595 3799 degentes

2035 3841 2224 3894 cadent
2255 3838 2375 3892 vitae
2397 3837 2579 3890 munia
2621 3834 2773 3888 obire
2808 3849 2822 3885 :
2854 3829 2997 3901 quod
3028 3828 3072 3883 si
3112 3829 3217 3881 hoc
3248 3841 3351 3878 non
3383 3826 3590 3885 volunt,

2046 3935 2270 3985 omnino
2331 3946 2396 3984 ex
2440 3928 2667 3982 urbibus
2709 3923 2946 3990 extrudi,
2982 3936 3047 3977 ac
3091 3921 3146 3974 in
3182 3917 3402 3979 eremis,
3435 3915 3598 3985 209

2039 4024 2183 4078 unde
2227 4021 2572 4076 ercmitarum
2609 4017 2710 4073 sibi
2763 4016 2974 4070 falsum
3017 4026 3215 4066 nomen
3263 4012 3594 4070 asciverant,

2039 4113 2268 4183 relegari
2313 4112 2553 4181 synodus
2583 4109 2760 4178 jubet.
2797 4107 2911 4158 Nec
2955 4104 3098 4157 enim
3137 4115 3334 4155 nomen
3370 4097 3498 4152 illud
3529 4110 3592 4150 ex

2040 4223 2170 4260 vero
2195 4207 2444 4268 ductum,
2485 4201 2580 4256 sed
2615 4198 2758 4270 quod
2794 4196 3018 4250 sibimet
3069 4194 3171 4263 ipsi
3220 4192 3358 4246 falso
3390 4189 3599 4244 indide-

2041 4307 2186 4355 rant.
2226 4310 2350 4350 cum
2402 4292 2591 4371 habitu
2624 4287 2868 4345 mendaci
2914 4301 3107 4342 nomen
3147 4297 3363 4354 quoque
3414 4281 3596 4337 tictutn

2043 4391 2303 4444 habuere.

369 4485 598 4559 IAPIET.
647 4501 664 4535 t
703 4482 1062 4552 Μελανείμων
1124 4480 1218 4533 καὶ
1300 4478 1685 4549 ἀκερσεκόμης
1735 4476 1930 4549 ἐρημί-

2033 4479 2257 4538 ARIST.
2295 4496 2314 4530 ι
2346 4477 2581 4531 Eremita
2602 4473 2773 4543 nigris
2797 4469 3042 4527 vestibus
3063 4465 3309 4530 indutus,
3335 4471 3388 4518 et
3411 4474 3596 4517 comas

455 4597 474 4629 ι
518 4593 639 4642 της,
679 4577 727 4628 εί
768 4573 844 4645 μὴ
873 4573 1188 4643 κειρόμενος
1219 4570 1637 4639 ἐγκαταλέγοιτο
1665 4569 1744 4641 τῷ
1774 4571 1939 4640 μόνα-

364 4723 366 4726 ,
456 4689 475 4718 σ
525 4669 749 4738 στηρίῳ,
783 4664 1122 4743 τῆςπόλεως
1149 4663 1553 4716 ἁπελαυνέσθω.
1593 4681 1611 4714 ι

455 4764 515 4814 0i
549 4761 644 4821 τάς
676 4759 767 4810 πό)
781 4774 859 4820 εις
897 4754 1326 4825 περιτρέχοντες,
1352 4751 1427 4815 ὡς
1455 4752 1616 4820 δῆθεν
1656 4753 1936 4821 ἐρημῖται,

365 4835 481 4906 καὶ
515 4853 612 4914 τὰς
638 4849 877 4919 κεφαλὰς
906 4845 1207 4914 κομῶντες,
1261 4845 1356 4897 καὶ
1395 4842 1935 4912 μελανειμονοῦντες,

377 4946 411 5014 ἢ
453 4945 532 5005 είς
557 4941 914 5011 μοναστήριον
932 4936 1144 5005 είσερχέ
1158 4935 1394 4997 σθωσαν,
1415 4933 1513 4996 τὰς
1533 4932 1724 5003 τρίχας
1753 4934 1934 5003 κειρό-

380 5053 558 5108 μενοι,
593 5033 690 5087 καὶ
718 5032 778 5084 τὸ
803 5029 990 5100 σχῆμα
1016 5027 1125 5080 τῶν
1150 5025 1355 5080 λοιπῶν
1399 5024 1648 5094 μοναχῶν
1682 5023 1940 5093 ἀναδεχόο

379 5140 556 5196 μενοιο
593 5123 628 5195 ἢ
663 5125 712 5176 εί
745 5121 818 5192 μὴ
849 5118 1005 5174 τοῦτο
1057 5115 1374 5186 αἱροῦνται,
1431 5114 1541 5166 τῶν
1598 5113 1802 5166 πόλεων
1831 5114 1936 5165 ἀπ-

376 5214 811 5275 ελαυνέσθωσαν,
853 5210 941 5277 ἵνα
991 5207 1150 5278 μὴτὸ
1178 5205 1394 5274 οἰκεῖονι
1433 5203 1755 5273 ἐπάγγελμα
1803 5203 1936 5257 καθ-

377 5307 681 5376 υὸρίζωσι·
723 5304 816 5357 καὶ
847 5302 942 5363 τὰς
975 5299 1212 5372 ἐρημίας
1257 5296 1597 5360 οίκείτωσαν,
1630 5297 1685 5361 ἐξ
1735 5290 1809 5348 ὧν
1840 5295 1935 5346 καὶ

373 5401 478 5468 τὴν
507 5396 822 5466 ἐπωνυμίαν
851 5394 1170 5460 ἐκτήσαντο.

2097 4591 2116 4623 ι
2155 4586 2260 4624 non
2292 4570 2577 4629 detonsus,
2613 4565 2715 4619 nisi
2750 4562 3016 4617 detonsus
3048 4557 3382 4615 monasterio
3420 4554 3597 4609 inclu-

2111 4685 2129 4717 ι
2173 4665 2353 4726 datur,
2390 4663 2522 4715 urbe
2552 4659 2879 4726 expellatur.
2921 4673 2942 4707 ι

2109 4756 2212 4822 Qui
2255 4755 2418 4809 urbes
2464 4757 2816 4821 percurrunt,
2874 4756 2932 4800 ut
2977 4745 3188 4801 scilicet
3235 4741 3499 4804 eremittc,
3543 4749 3599 4795 et

2038 4849 2272 4919 capitqu
2300 4859 2511 4899 comam
2537 4841 2811 4906 nutriunt,
2829 4845 2884 4894 et
2909 4838 3078 4908 nigris
3103 4835 3404 4891 induuntur
3428 4831 3598 4886 vesti-

2035 4941 2162 5003 bus,
2213 4937 2297 4992 vel
2348 4933 2742 4990 monasterium
2795 4930 3186 5001 ingrediantnr,
3224 4926 3455 4996 capillos
3501 4922 3600 4976 de-

2037 5030 2203 5095 tonsi,
2244 5035 2298 5084 et
2339 5027 2672 5096 reliquorum
2715 5021 3103 5076 monachorum
3152 5019 3394 5072 habitum
3427 5012 3599 5070 susci-

2038 5121 2272 5192 pientes,
2297 5117 2379 5172 vel
2407 5116 2452 5170 si
2482 5117 2584 5170 hoc
2606 5128 2712 5168 non
2735 5112 3017 5181 elegerint,
3043 5110 3266 5164 urbibus
3288 5107 3598 5176 abigantur,

2040 5227 2109 5267 ne
2155 5207 2483 5280 professioni
2529 5221 2641 5260 sua:
2690 5203 2944 5272 injuriam
2995 5199 3198 5254 faciant
3245 5213 3260 5252 :
3303 5207 3358 5253 et
3385 5210 3599 5253 eremos

2041 5301 2367 5366 inhabitent,
2396 5314 2426 5355 e
2464 5297 2662 5368 quibus
2700 5305 2755 5352 et
2785 5309 2983 5350 nomen
3016 5291 3192 5346 sortiti
3229 5297 3379 5346 sunt.

1599 5499 1794 5563 Guill.
1839 5501 2168 5590 Beveregii
2193 5509 2380 5564 natm.

450 5615 562 5688 (28)
588 5615 696 5669 Καὶ
747 5613 874 5688 τοῖς
922 5611 1208 5688 ἀδελφοῖς
1271 5603 1814 5688 ἐγκαταλέγεσίζαιτ.
1840 5600 1924 5688 Ita

376 5670 600 5762 quidem
624 5699 820 5762 omnes
843 5670 1028 5762 legunt
1051 5670 1504 5762 c'od-ice81prazter

381 5743 538 5826 dum,
582 5756 675 5827 qui
722 5753 848 5825 legit
895 5743 1380 5820 ἔγκαταλέγεσθὰι.
1425 5743 1493 5802 Ut
1521 5758 1683 5801 sensu
1716 5743 1788 5797 sit
1817 5757 1924 5796 una

2029 5607 2284 5676 fratribus
2314 5605 2560 5676 includi,
2599 5604 2705 5659 viz.
2751 5601 2804 5656 in
2847 5601 3194 5664 monasterio,
3239 5597 3302 5654 dc
3361 5613 3470 5669 quo
3511 5597 3599 5654 hic

2029 5675 2210 5736 Sermo
2241 5675 2489 5733 habetur.
2713 5676 2718 5680 ’
