4110 6224
408 271 509 341 δειι

1350 275 1459 363 ‘IN
1492 274 1655 334 CAN.
1693 271 1897 335 XLvu
1940 270 2147 331 eoae.
2188 272 2272 334 1N
2335 274 2655 338 TRULLO.

3537 288 3643 355 6‘32

412 387 505 440 θεν
556 383 771 437 ὁλισοον
820 382 1140 453 κωλύσομεν
1161 400 1174 414 ·
1226 383 1379 436 ἔσται
1408 382 1586 453 πολλῷ
1618 383 1763 454 ῥᾴων
1794 401 1852 435 τε
1887 383 1978 435 καὶ

2083 384 2295 451 planior
2325 387 2498 441 sacris
2530 390 3008 447 concertatoribus
3052 392 3177 449 vita:
3225 393 3472 454 melioris
3513 413 3643 453 cor-

412 474 759 543 εὐκολωτέρα
788 476 898 538 τοῖς
931 474 1098 545 ἱεροῖς
1127 475 1455 543 ἀγωνισταῖς
1480 474 1513 543 ἡ
1542 472 1635 527 τοῦ
1669 473 1975 543 κρείττονος

418 562 534 635 βίου
564 567 923 636 κατόρθωσις.
962 568 1165 631 Πάντες
1194 568 1373 620 τοίνυν
1404 566 1537 638 τῷδε
1567 565 1646 635 τῷ
1673 567 1822 634 νῦμῳ
1854 582 1975 615 πει-

416 659 829 723 θέσθωσανααὶ⁵
864 660 993 729 μήτε
1019 660 1209 730 ἄνδρες
1233 659 1679 712 ἁποτιθέσθωσαν
1710 659 1768 709 ἐν
1794 675 1979 722 γυναι-

416 752 581 806 κείων
613 752 986 823 μοναστηρίων
1012 752 1219 821 τάφοις,
1252 754 1389 822 μήτε
1420 754 1676 820 γυναῖκες
1704 750 1977 819 ἁνδρικοῖς

420 844 807 916 μοναστηρίοις
853 846 1393 916 κατορυττέσθωσαν.
1447 846 1578 898 Οὐδὲ
1610 844 1717 912 γὰρ
1753 844 1977 912 ἀνδράσι

416 937 858 1007 γυναικωνίτιδες
888 937 1353 1007 πρέπουσιν,οῦτε
1387 937 1540 998 αὖθις
1570 936 1838 1007 ἀνδρῶνες
1865 939 1979 1000 τοῖς

413 1030 525 1084 τῶν
571 1030 849 1099 γυναικῶν
897 1031 1239 1099 καττλόγοις.
1274 1031 1406 1083 Οὐδὲ
1440 1030 1688 1083 ἐντεῦθεν
1734 1028 1823 1082 διὰ
1852 1029 1979 1092 τοὺς

413 1123 846 1192 τελευτήσαντας
875 1124 987 1186 τοῖς
1015 1122 1264 1191 περιοῦσι
1294 1122 1391 1186 τὰς
1421 1124 1738 1192 ἀσχήμονας
1769 1120 1978 1184 ταύτας

415 1216 503 1267 ἐπι
513 1213 690 1283 μίξεις
717 1212 961 1281 γίνεσθαι
994 1212 1300 1285 βουλόμεθα
1324 1230 1339 1245 ο
1389 1213 1476 1267 ἴνα
1521 1213 1597 1283 μὴ
1630 1213 1863 1283 πάροδος
1894 1214 1981 1267 ὲν-

414 1302 607 1357 τεῦθεν
641 1304 865 1374 γένηται
892 1307 958 1375 τῇ
990 1304 1150 1373 φύσει
1181 1305 1315 1376 πρὸς
1347 1304 1573 1374 ἑαυτὴν,
1623 1303 1660 1359 ἃ
1709 1305 1781 1376 μὴ
1821 1305 1980 1373 θέμις

415 1399 630 1470 τρυφᾷν
673 1414 732 1451 τε
780 1398 873 1450 καὶ
919 1397 1159 1461 παίζειν.
1189 1400 1283 1451 καὶ
1334 1398 1402 1452 τὰ
1435 1397 1552 1450 θεῖα
1599 1399 1979 1469 καταισχύνειν

415 1490 743 1559 πράγματα.
777 1490 872 1542 καὶ
907 1490 1190 1554 εὐσεϐείας
1217 1491 1378 1559 δῆθεν
1411 1488 1839 1562 προκαλύμματι
1887 1489 1980 1543 καὶ

414 1583 493 1652 τῷ
537 1580 636 1652 τῆς
666 1581 819 1645 ὁσίας
867 1583 1110 1652 σχήματι
1141 1582 1317 1637 ταῦτα
1352 1582 1634 1653 πράττειν,
1665 1581 1808 1654 ἅπερ
1858 1582 1978 1635 οὐδὲ

413 1673 594 1741 λέγειν
624 1671 747 1725 οὐδὲ
772 1672 970 1725 ἐννοεῖν
999 1675 1111 1736 τοῖς
1145 1674 1355 1743 μονήρη
1385 1671 1500 1742 βίον
1533 1670 1763 1725 ἀσκοῦσι
1792 1666 1975 1724 καλόν.

2084 475 2278 529 rectio.
2315 474 2517 533 Omnes
2558 493 2691 549 ergo
2734 479 2810 534 illi
2845 480 2947 551 legi
3007 492 3254 551 pareant,
3283 495 3338 540 et
3374 502 3474 541 nec
3535 488 3645 543 viri

2085 565 2140 619 in
2196 567 2483 622 mulierum
2539 574 3000 627 monasteriorum
3048 575 3318 643 sepulcris
3371 593 3644 646 rcponan-
3725 635 3729 640 ,

2085 664 2196 719 tur,
2226 671 2327 711 nec
2352 658 2610 714 mulieres
2659 661 2713 713 in
2747 661 2986 715 virorum
3053 661 3404 719 inliumentur
3438 682 3634 720 moua-
3706 646 3722 704 -

2083 747 2284 802 steriis.
2345 745 2531 818 Neque
2587 751 2729 804 enim
2763 752 2923 807 viris
2975 751 3257 825 Gynaecea,
3294 772 3393 811 nec
3446 773 3641 814 rursus

2085 838 2372 893 mulierum
2425 842 2692 910 catalogis
2749 845 2996 898 virorum
3066 846 3376 901 habitacula
3441 862 3646 903 conve-

2086 930 2263 985 niunt.
2304 929 2446 987 Hinc
2471 948 2570 988 nec
2606 944 2833 1005 propter
2883 935 3175 993 defunctos
3206 938 3510 1003 indecoras
3543 941 3642 996 has

2085 1023 2505 1092 congressiones
2534 1039 2564 1079 ιι
2622 1028 3015 1094 supersﬁtibus
3064 1030 3183 1085 ﬁeri
3242 1032 3529 1088 volumus:
3575 1049 3643 1088 ne

2084 1131 2149 1171 ex
2182 1130 2248 1169 eo
2280 1123 2493 1171 natura:
2530 1116 2597 1170 ad
2664 1119 2898 1187 seipsam
2949 1120 3110 1175 detur
3161 1122 3362 1188 aditus,
3407 1136 3464 1177 ut
3508 1139 3643 1193 quo-

2086 1207 2247 1262 modo
2277 1222 2384 1262 non
2421 1208 2503 1263 fas
2531 1218 2615 1264 est
2644 1225 2703 1264 se
2734 1210 2968 1267 delicate
2986 1221 3218 1284 geratet
3248 1214 3418 1280 ludat,
3449 1225 3507 1271 et
3552 1232 3642 1273 res

2084 1300 2296 1356 divinas
2352 1301 2551 1367 injuria
2608 1302 2828 1367 alliciat,
2880 1313 2934 1359 et
2980 1305 3195 1372 pietatis
3248 1309 3438 1378 utique
3506 1311 3646 1379 prm-

2086 1400 2236 1446 textu
2273 1402 2326 1446 et
2380 1392 2484 1447 sub
2534 1394 2843 1448 sanctitatis
2884 1396 3073 1464 specie
3102 1411 3163 1450 ea
3191 1406 3339 1467 agat,
3394 1415 3517 1469 quat
3573 1415 3641 1455 ne

2083 1482 2264 1537 dicere
2298 1483 2517 1553 quidem
2561 1500 2660 1539 nec
2689 1486 2933 1556 cogitare
2971 1486 3054 1542 fas
3078 1496 3165 1542 est
3196 1503 3291 1544 eos
3330 1491 3422 1559 qui
3471 1491 3631 1546 hone-

2085 1581 2222 1628 stam
2252 1572 2419 1628 vitam
2467 1577 2826 1630 monasticam
2883 1588 3318 1647 persequuntur.
3370 1581 3503 1635 Cum
3537 1581 3644 1637 hoc

2085 1670 2264 1717 autem
2292 1666 2360 1718 sit
2389 1673 2663 1736 apertum.
2696 1682 2924 1723 necesse
2952 1678 3034 1723 est
3063 1684 3159 1724 eos
3216 1671 3311 1740 qui
3343 1672 3644 1741 sepulturi:

427 1764 667 1819 Ἐκείνου
697 1764 755 1818 δὲ
783 1764 926 1817 οὕτω
960 1762 1197 1833 φανεροῦ
1231 1748 1404 1827 ὁντὸς,
1435 1763 1648 1833 ἀνάγκη
1670 1762 1979 1831 καθέστηκε

2082 1754 2413 1821 deserviunt,
2446 1758 2503 1811 ει
2531 1772 2623 1811 eos
2658 1759 2895 1813 maxime
2932 1760 3027 1829 qui
3081 1760 3285 1815 lectum
3344 1766 3545 1830 ferunt,
3588 1769 3646 1820 et

413 1857 541 1918 τοὺς
571 1856 689 1917 ταῖς
716 1855 913 1922 ταφαῖς
940 1853 1442 1924 ὑπηρετουμένους.
1468 1854 1562 1907 καὶ
1593 1853 1828 1923 μάλιστα
1855 1851 1982 1915 τοῦς

413 1944 514 2013 τὴν
551 1945 741 2014 κλίνην
773 1944 1062 2015 φέροντας,
1082 1944 1206 2007 τούς
1232 1960 1291 1996 τε
1320 1942 1668 2015 ὁρύττοντας,
1700 1943 1981 2012 εἰσφοιτᾷν

414 2036 495 2098 είς
523 2036 593 2090 τὰ
621 2037 984 2107 μοναστήρια.
1011 2034 1118 2088 Καὶ
1146 2036 1205 2087 ἑν
1252 2034 1352 2104 μὲν
1398 2036 1511 2097 τοῖς
1560 2034 1838 2105 ἀνδρικοῖς
1888 2050 1982 2103 μο-

415 2128 733 2198 ναστηρίοις
778 2129 841 2181 τὸ
875 2129 1108 2198 πρᾶγμα
1160 2126 1381 2181 εὔκολόν
1431 2128 1602 2188 ἐστιν.
1651 2129 1709 2181 ὲν
1757 2125 1814 2180 δὲ
1870 2128 1982 2189 τοῖς

414 2220 749 2287 γυναικείοις
802 2219 900 2289 οὐχ
951 2218 1125 2277 οὕτως
1159 2218 1248 2271 διὰ
1281 2218 1381 2288 τὴν
1428 2218 1723 2288 εἰρημένην
1775 2216 1984 2285 ἀπαγό-

421 2328 632 2382 ρευσιν.
675 2311 1017 2379 Θεσπίζομεν
1046 2311 1247 2376 τοίνυν,
1283 2307 1336 2361 εί
1364 2326 1491 2362 ποτε
1526 2308 1707 2377 μέλλοι
1742 2308 1983 2361 τοιοῦτον

421 2401 697 2470 γίνεσθαι,
745 2403 838 2454 καί⁵
871 2399 1172 2454 θάπτεσθαί
1204 2416 1287 2462 τις
1320 2398 1457 2471 γυνὴ
1488 2403 1543 2453 ὲν
1566 2400 1861 2470 γυναικείῳ
1886 2418 1985 2468 μο-

416 2490 700 2560 ναστηρίῳ
727 2488 948 2560 (ἀνδρας
977 2490 1088 2560 γὰρ
1122 2488 1220 2542 οὐκ
1252 2487 1519 2558 ἐφίεμεν),
1550 2490 1647 2553 τὰς
1681 2489 1778 2558 μὲν
1825 2489 1988 2543 εὐλα-

418 2582 690 2643 ϐεστάτας
710 2582 974 2648 γυναῖκας
994 2580 1054 2631 ὲν
1075 2578 1152 2649 τῷ
1180 2579 1365 2647 οἰκείῳ
1395 2578 1581 2649 μένειν
1607 2580 1981 2650 μοναστηρίῳθ

423 2674 595 2743 μόνην
626 2671 701 2737 δὶβ
730 2671 830 2732 τὴν
874 2670 1119 2741 θυρωρὸν
1165 2669 1199 2741 ἢ
1246 2670 1344 2732 τὰς
1392 2670 1696 2741 θυρωροὺς,
1744 2672 1837 2724 καὶ
1884 2670 1984 2740 τὴν

415 2761 733 2832 ἡγουμένην
765 2764 894 2824 ῐσως
923 2759 1112 2831 αὐτὴν,
1146 2761 1196 2813 εί
1233 2758 1544 2831 βουληθείη,
1579 2762 1837 2830 παρεῖναι
1866 2764 1982 2826 τοῖς

421 2853 757 2923 γινομένοιςο
793 2852 890 2906 καὶ
919 2851 1113 2906 θᾶττον
1142 2851 1385 2916 ἐκείνους
1414 2851 1732 2924 πράξαντας
1760 2853 1827 2907 τὰ
1859 2855 1985 2924 περὶ

420 2944 521 3011 τὴν
552 2944 708 2995 ὁσίαν
738 2941 1126 3022 νενομισμένα,
1161 2942 1256 2996 καὶ
1304 2942 1398 2995 τδν
1443 2942 1613 3011 τάφον
1660 2942 1982 3014 ὀρύξαντας,

2081 1846 2173 1917 qui
2206 1845 2438 1913 fodiunt,
2466 1849 2534 1903 ad
2581 1850 2971 1904 monasterium
3022 1852 3304 1908 accedere.
3339 1852 3407 1908 Et
3453 1857 3508 1909 in
3561 1856 3637 1911 vi.
3714 1884 3719 1887 ι

2082 1951 2268 1990 rerum
2300 1938 2520 2008 quidem
2548 1939 2897 1995 monasteriis
2925 1955 3015 1996 res
3046 1949 3130 1996 est
3180 1942 3382 2007 facilis,
3409 1945 3502 1999 sed
3532 1960 3638 2001 non

2084 2031 2249 2085 sicin
2281 2032 2594 2095 mulierum,
2653 2042 2876 2101 propter
2932 2032 3134 2088 dictam
3188 2034 3639 2103 prohibitionem.

2084 2121 2389 2178 Statuimus
2453 2123 2659 2193 itaque,
2685 2124 2729 2179 si
2762 2124 2978 2194 quando
3008 2123 3139 2193 quid
3192 2125 3462 2194 ejusmodi
3492 2127 3642 2181 futu-

2082 2227 2202 2266 rum
2249 2225 2351 2277 est,
2381 2221 2435 2268 et
2465 2212 2774 2283 sepelienda
2805 2214 2876 2268 sit
2903 2213 3101 2269 mulier
3135 2215 3188 2269 in
3222 2214 3316 2269 tali
3347 2216 3639 2271 mulierum

2083 2304 2416 2360 monasterio
2438 2304 2644 2376 (virum
2673 2306 2816 2358 enim
2845 2319 2952 2358 non
2982 2306 3347 2377 admittimus)
3396 2318 3456 2362 ut
3509 2309 3641 2363 reli-
3692 2326 3699 2337 κ

2082 2396 2406 2465 εἰοείεείωω
2463 2396 2684 2466 quidem
2740 2396 3002 2451 mulieres
3045 2396 3102 2451 in
3147 2412 3249 2453 suo
3303 2401 3644 2456 monasterio

2084 2493 2366 2552 maneant;
2392 2472 2505 2539 sola
2547 2493 2728 2540 autem
2763 2486 2985 2540 ostiaria
3019 2486 3103 2541 vel
3140 2488 3379 2543 ostiaria:
3427 2499 3480 2543 et
3525 2490 3642 2558 ipsa

2086 2578 2224 2632 forte
2251 2578 2478 2641 rectris,
2511 2578 2557 2633 si
2589 2578 2739 2641 velit,
2770 2576 2954 2633 adsint
2988 2579 3057 2634 iis
3108 2595 3229 2649 quae
3259 2581 3436 2635 llunt:
3483 2593 3536 2636 et
3562 2583 3641 2637 illi

2083 2683 2207 2722 cum
2238 2667 2473 2738 primum
2522 2668 2669 2737 justa
2705 2677 2760 2725 ει
2788 2671 3079 2739 exsequias
3135 2685 3299 2741 quam
3353 2673 3642 2730 celerrime

2084 2760 2333 2821 fecerint.
2367 2769 2422 2813 et
2452 2760 2763 2830 sepulcrum
2835 2760 3095 2827 foderint,
3154 2776 3464 2834 corpusque
3506 2779 3643 2819 con—

2087 2852 2345 2919 texerint,
2368 2853 2555 2908 statim
2588 2850 2868 2917 recedant,
2898 2869 3001 2909 nec
3024 2854 3151 2909 ullis
3175 2869 3204 2908 a
3236 2869 3296 2910 se
3335 2856 3471 2910 visis
3493 2856 3642 2911 reli-

2083 2944 2412 3014 giosissimis
2444 2944 2688 3007 ίειιιίηἱε,
2722 2960 2822 2999 nec
2859 2946 2940 3000 eis
2970 2945 3213 3003 vicissim
3249 2945 3318 3002 ab
3366 2948 3493 3003 ullis
3546 2962 3641 3003 ea-

423 3033 519 3085 καὶ
545 3033 607 3087 τὸ
633 3034 792 3102 σῶμα
822 3032 1195 3102 καλύψαντας,
1226 3033 1389 3097 εὐθὺς
1419 3034 1727 3105 ἀποχωρεῖν
1760 3035 1837 3106 μὴ
1889 3053 1980 3088 τε·

2088 3049 2235 3121 ιἰιιι]ο
2262 3036 2596 3106 conspectis.
2639 3034 2744 3091 Sed
2800 3050 2903 3090 nec
2946 3037 3053 3091 viri
3098 3036 3266 3093 alium
3333 3039 3643 3108 excogiteut
3731 3089 3733 3092 ι

422 3124 717 3196 θεαμένους
743 3124 896 3188 τινας
922 3125 1028 3178 τῶν
1058 3124 1466 3178 εὖλαδεστάτων
1492 3124 1786 3195 γυναικῶν,
1821 3128 1961 3197 μήτε

423 3216 576 3285 παρά
622 3232 783 3268 τινων
812 3215 991 3267 αὐτῶν
1023 3215 1335 3275 θεαθέντας.
1379 3215 1543 3271 Ἀλλὰ
1573 3216 1711 3287 μηδὲ
1744 3218 1984 3272 amnt.

421 3325 603 3362 τωσαν
638 3308 971 3377 πρόφασινςῆ
1004 3308 1195 3379 ἄνδρες
1224 3308 1334 3361 τῶν
1379 3310 1462 3372 είς
1491 3311 1781 3378 γυναικεῖα
1814 3327 1982 3381 μονα-

424 3401 623 3473 στήρια
659 3399 932 3471 παρόδων,
963 3399 996 3469 ἢ
1029 3401 1283 3468 γυναῖκες
1306 3399 1415 3452 τῶν
1466 3400 1727 3471 ἀνδράσιν
1772 3403 1984 3472 ἀφωριὲ-

425 3490 661 3559 σμένων,
693 3485 789 3542 xii
814 3488 1085 3558 προφάσει
1115 3488 1222 3540 τῶν
1257 3489 1385 3558 περὶ
1417 3488 1516 3559 τὴν
1562 3490 1712 3543 ὁσίαν
1748 3507 1985 3559 πράττοι-

426 3585 645 3651 μένων’
697 3580 764 3645 ἃς
809 3580 874 3651 δὴ
922 3582 1145 3650 μνήμας
1190 3580 1457 3645 ποιοῦσιν,
1507 3582 1589 3645 είς
1636 3582 1825 3652 τρίτην
1885 3585 1983 3639 καὶ

423 3675 655 3738 ὲννάτην
703 3672 971 3735 συνιόντες
1018 3671 1317 3743 ήμέρας,ἦ
1365 3673 1526 3744 ήνίκα
1572 3675 1981 3745 τεσσαράκοντα

420 3766 691 3836 ἑξήκοιεν,
726 3764 758 3835 ἢ
806 3764 899 3818 καὶ
930 3763 1208 3827 ἐνιαυτός·
1262 3764 1401 3831 ἐξὸν,
1436 3767 1484 3818 εί
1539 3768 1636 3837 μὲν
1671 3770 1983 3834 γυναικεῖον

421 3859 507 3928 εῐη
533 3858 596 3910 τὸ
627 3858 1008 3928 μοναστήριον,
1038 3858 1304 3923 γυναῖκας
1335 3857 1551 3910 ἅπαντα
1586 3859 1878 3925 πράττειν·
1932 3861 1982 3914 εί

419 3951 476 4004 δὲ
512 3948 776 4019 ἀνὸρῷον,
811 3947 1037 4017 ἄνδρας·
1072 3946 1164 4000 καὶ
1190 3948 1264 4017 μὴ
1296 3947 1562 4017 προφάσει
1591 3948 1698 4001 τῶν
1727 3947 1983 4003 τοιούτων

420 4039 860 4113 παρατηρήσεων
899 4036 1112 4101 ἀδοξίαν
1146 4038 1269 4090 τινὰ
1301 4040 1413 4100 τοῖς
1446 4037 1670 4106 εὐαγέσι
1706 4054 1981 4109 μοναστη-

423 4133 564 4203 ρίοις
590 4129 1029 4201 προστρίϐεσθαι.

494 4221 738 4276 ΖΩΝΛΡ.
760 4219 974 4281 ,Παντὸς
1024 4216 1323 4272 σκανδάλου
1354 4216 1698 4289 ἀπηλλάχθαι
1739 4218 1769 4271 ὁ
1802 4217 1982 4291 κανὼν
2020 4269 2026 4277 ,

418 4315 545 4385 οὐχὶ
593 4314 719 4376 τοὺς
773 4309 1016 4381 ἀσκητάς
1077 4310 1333 4375 ἀπαιτεῖ,
1390 4308 1530 4361 ἀλλά
1576 4314 1702 4373 τους
1756 4310 1981 4374 πιστοὺς

2086 3133 2424 3195 υνξειειιιιιῐι,
2458 3139 2567 3195 quo
2599 3124 2665 3179 ad
2699 3125 2984 3180 mulierum
3004 3127 3332 3182 monasteria
3355 3128 3639 3194 accedant,

2082 3216 2165 3271 vel
2222 3216 2482 3271 mulieres
2531 3216 2598 3271 ad
2663 3217 2995 3273 monasteria
3059 3233 3181 3289 qua:
3211 3219 3344 3274 viris
3392 3221 3644 3278 dedicata

2081 3317 2230 3374 sunt,
2270 3308 2337 3363 ab
2365 3308 2591 3363 obtentu
2640 3323 2828 3365 eorum
2861 3324 2983 3380 qua:
3014 3309 3071 3363 in
3103 3311 3381 3380 exsequiis
3404 3318 3456 3366 et
3476 3312 3641 3380 justis
3690 3296 3691 3303 ‘

2083 3407 2301 3454 mortuo
2351 3399 2656 3470 praebendis
2680 3399 2853 3466 (lunt;
2886 3408 2947 3453 ut
2988 3398 3081 3469 qui
3105 3413 3292 3453 eorum
3323 3404 3637 3457 memoriam

2080 3490 2495 3556 faciunt,‘tertio
2526 3500 2579 3546 et
2599 3505 2745 3545 nono
2770 3490 2859 3546 die
2881 3492 3286 3559 convenientes,
3318 3492 3402 3547 vel
3420 3504 3638 3563 quanoc

2078 3582 2437 3653 quadraginta
2468 3582 2588 3636 dies
2620 3582 2895 3648 venerint,
2927 3582 3012 3636 vel
3060 3582 3225 3637 etiam
3258 3597 3461 3649 annus,
3510 3600 3639 3639 eum

2081 3662 2242 3730 liceat
2276 3675 2496 3745 quidem
2530 3672 2874 3739 mulieribus,
2905 3673 2953 3729 si
3004 3673 3295 3729 mulierum
3329 3676 3402 3731 sit
3452 3692 3644 3731 mona-

2080 3766 2330 3831 sterium‘,
2368 3766 2549 3820 omnia
2576 3765 2794 3832 facere;
2831 3767 2916 3821 sin
2949 3776 3129 3822 autem
3161 3767 3426 3835 virorum,
3464 3769 3637 3834 viris;

2080 3868 2133 3913 et
2170 3873 2279 3912 non
2309 3858 2495 3911 talimn
2519 3857 2967 3913 Observationum
2991 3867 3256 3928 praetextu
3289 3862 3494 3917 sanctis
3527 3878 3643 3917 ιιιο⁴

2082 3950 2339 4005 nasteriis
2367 3950 2606 4020 aliquam
2636 3946 2875 4004 infamia:
2904 3960 3085 4005 notam
3115 3950 3356 4007 inurere.

2151 4208 2410 4265 ZONAR.
2436 4208 2781 4265 Olfensiones
2811 4223 3003 4265 omnes
3037 4218 3091 4266 et
3119 4213 3378 4271 scandala
3405 4214 3630 4281 evitare_

2082 4314 2256 4375 neque
2286 4303 2369 4357 vel
2398 4318 2466 4389 ex
2501 4303 2624 4357 aliis
2650 4302 2754 4357 sibi
2793 4304 3050 4372 peccandi
3104 4305 3429 4361 occasiones
3483 4323 3637 4378 quae.-

421 4408 691 4464 ἆπαντας.
743 4402 838 4454 καὶ
890 4401 1028 4471 μήτε
1074 4400 1288 4462 ἑαυτοῖς
1333 4399 1401 4451 δι’
1439 4398 1641 4469 ἑτέρων
1675 4402 1980 4469 περιποιεῖν

2085 4413 2229 4462 rere,
2271 4395 2359 4450 vel
2416 4394 2541 4448 aliis
2601 4394 2705 4464 ipsi
2763 4393 3028 4463 praebere,
3093 4409 3201 4450 non
3259 4405 3479 4462 ascetaa,
3537 4399 3635 4454 sed

422 4494 718 4559 σκάνδαλα,
770 4492 898 4561 μήθ’
928 4492 1137 4560 ἑτέροις
1183 4489 1251 4543 δι’
1280 4489 1512 4554 ἑαυτῶν,
1563 4492 1691 4556 τοὺς
1725 4492 1782 4545 δὲ
1818 4510 1983 4562 μονα-

421 4590 550 4659 χοὺς
580 4585 763 4656 πολλῷ
800 4582 982 4636 πλέον.
1014 4581 1088 4634 Τὸ
1119 4580 1175 4633 δὲ
1202 4582 1260 4633 ὲν
1284 4580 1582 4650 γυναικείῳ
1635 4583 1980 4654 μοναστηρίῳ

422 4681 708 4736 καθεύδειν
737 4676 956 4746 ἄνδρας,
982 4674 1016 4745 ἢ
1046 4672 1377 4737 τούναντίον,
1412 4671 1508 4726 καὶ
1536 4674 1720 4736 αὐτοῖς
1750 4673 1979 4738 ἐκείνοις

422 4772 735 4828 σκανδάλων
783 4769 959 4822 αίτιον
1004 4767 1159 4820 ἔσται
1205 4767 1298 4819 xui.
1329 4767 1530 4828 ἄλλοις.
1562 4765 1840 4835 Ἐμφυτον
1870 4765 1978 4837 γάρ

320 4860 327 4869 ’
421 4866 489 4934 τῇ
526 4863 693 4939 σαρκὶ
720 4860 782 4913 τὸ
816 4858 1015 4930 πῦρίτὸ
1058 4860 1123 4910 ὲκ
1156 4855 1266 4910 τῶν
1292 4856 1502 4918 παθῶν,
1534 4859 1628 4909 καὶ
1660 4855 1813 4925 μόλις
1845 4857 1979 4928 ήμῖν

419 4955 558 5023 ὕλης
603 4949 950 5019 ἀναπτοῦσης
999 4948 1132 5001 αὐτὸ
1178 4948 1367 5019 πόρρω
1401 4946 1627 5009 ἑαυτοὺς
1678 4947 1978 5001 καθιστῶσι

421 5043 850 5119 μαλθακώτερον
895 5041 1091 5109 γένοιτ’
1124 5039 1209 5093 ἄν.
1255 5040 1316 5092 Ei
1344 5039 1398 5092 δὲ
1429 5041 1586 5109 ἡμεῖς
1614 5038 1762 5109 αὐτῷ
1796 5054 1980 5110 παρα-

424 5137 683 5207 ειθὲαμιν
729 5132 1153 5203 ὑπεκκαύματα,
1183 5129 1387 5201 λαῦρον
1428 5130 1778 5203 ἔσεται,κώ
1809 5147 1980 5184 κατα-

421 5230 627 5301 πρήσει
681 5226 756 5289 ὡς
810 5226 1001 5295 χόρτον
1055 5224 1251 5295 ῥαδίως
1300 5222 1468 5293 ἡμᾶς.
1531 5220 1595 5274 Τί
1629 5220 1673 5273 δ’
1705 5222 1770 5275 ἂν
1828 5221 1981 5275 ἔσται

418 5321 649 5392 ἀνδράσι
682 5318 815 5385 πρὸς
848 5318 908 5370 τὸ
943 5317 1041 5387 τῆς
1071 5314 1371 5383 ἐπιθυμίας
1401 5312 1511 5384 πῦρ
1540 5312 1985 5391 δραστικώτερον

418 5414 755 5481 ὑπέκκαυμα
778 5412 1055 5480 γυναικὸς,
1089 5409 1121 5482 ἢ
1155 5406 1403 5475 γυναιξὶν
1435 5400 1593 5467 αὖθις
1620 5404 1813 5475 ἀνδρὸς
1843 5404 1980 5475 πρὸς

418 5505 613 5577 ἔξαψιν
661 5501 759 5572 τῆς
790 5498 1044 5569 τοιαύτης
1074 5496 1293 5565 φλογός.
1328 5496 1435 5547 Καὶ
1466 5494 1607 5546 οὕτω
1659 5492 1757 5562 μὲν
1816 5492 1979 5563 ἀλλή-

418 5598 534 5661 λοις
591 5596 639 5649 οἱ
699 5595 966 5664 μονασται
1020 5590 1191 5651 λαϐὰς
1252 5586 1553 5641 σκανδάλου
1602 5584 1929 5655 παρέξουσιν
1962 5626 1978 5652 ,

419 5690 643 5760 ἑτέρους
688 5686 746 5738 δὲ
792 5682 1256 5747 σκανδαλίσουσιν,
1302 5679 1543 5750 ὁρῶντας
1598 5681 1863 5750 γυναῖκας
1920 5680 1978 5733 ἐν

680 5779 953 5841 ΡΑτιιοι.
989 5776 1103 5842 Gri.
1136 5773 1501 5841 CXXXVII.
1830 5806 1859 5831 υ

2081 4502 2273 4544 omnes
2319 4486 2537 4557 quidem
2572 4485 2695 4541 ﬁdei
2732 4485 3007 4556 mysteriis
3037 4486 3265 4551 initiati,
3292 4488 3636 4559 proindeque

2083 4581 2254 4636 multo
2282 4577 2455 4648 magis
2484 4576 2739 4631 monachi
2769 4577 2873 4643 hoc
2898 4591 3109 4632 canone
3163 4577 3445 4647 iubentur.
3478 4579 3635 4648 Quod

2082 4671 2127 4727 si
2164 4672 2218 4726 in
2248 4669 2596 4725 monasteriis
2627 4669 2918 4725 munierunt
2956 4670 3057 4723 viri
3126 4680 3478 4740 pernucteut,
3530 4684 3628 4728 aut

2054 4756 2295 4826 contra,
2347 4763 2399 4815 in
2437 4772 2664 4822 eo,tum
2707 4759 2954 4828 ipsorum
3008 4761 3102 4829 qui
3153 4760 3204 4814 id
3250 4762 3463 4817 faciunt
3519 4773 3634 4817 tum

2080 4854 2307 4910 aliorum
2336 4867 2576 4924 quoque,
2612 4851 2969 4907 ollensiouem
3006 4853 3248 4922 aliquam
3297 4854 3637 4910 intercedere

2081 4960 2304 5002 necesse
2327 4954 2434 5000 est.
2464 4944 2630 4999 Carni
2659 4945 2804 4999 enim
2830 4944 3052 5000 innatus
3081 4953 3166 5000 est
3214 4947 3380 5000 animi
3414 4958 3631 5016 pertur-

2080 5038 2356 5107 bationum
2386 5036 2549 5106 ignis,
2586 5045 2639 5090 et
2667 5036 2752 5089 vix
2821 5035 3000 5101 nobis,
3060 5038 3244 5105 procul
3294 5054 3323 5091 a
3380 5039 3632 5101 materia,

2081 5144 2200 5201 qua:
2228 5143 2352 5182 eum
2382 5128 2652 5193 accendit,
2711 5137 2929 5183 nosmet
2978 5128 3447 5184 constituentibus
3481 5128 3629 5184 debi-

2082 5222 2185 5277 lior
2218 5220 2329 5275 ﬁat.
2364 5218 2518 5284 Quod
2555 5219 2601 5273 si
2639 5221 2806 5273 etiam
2860 5218 3101 5273 iotuitem
3152 5219 3369 5288 ipsimet
3423 5219 3627 5286 ingera-
3658 5210 3663 5217 ί

2081 5328 2221 5375 mus,
2255 5312 2549 5365 invalescet
2580 5311 2981 5375 vehementius,
3043 5326 3256 5380 nosque
3283 5311 3432 5365 nullo
3465 5328 3630 5381 nego-

2083 5404 2161 5458 tio
2198 5402 2333 5457 [tnui
2365 5402 2645 5471 stipulieve
2666 5403 2840 5455 instar
2869 5402 3141 5455 absumet.
3194 5400 3332 5466 Quid
3374 5417 3539 5473 porro
3569 5404 3634 5458 ad

2080 5498 2400 5568 cupiditatis
2426 5499 2479 5551 in
2524 5497 2745 5551 homine
2811 5494 3083 5550 ﬂammam
3138 5498 3480 5551 excitandam
3514 5514 3634 5552 mu~

2080 5589 2212 5645 liere
2242 5588 2667 5643 vehementius?
2693 5587 2819 5657 quid
2856 5587 3118 5653 vicissim,
3158 5600 3217 5642 ut
3268 5587 3625 5645 iuilammetur

2082 5681 2186 5736 hoc
2216 5680 2336 5751 igne
2372 5680 2587 5747 mulier,
2622 5679 2841 5733 homine
2873 5678 3277 5748 periculosius?
3312 5678 3483 5736 Erunt
3533 5684 3634 5754 igi-

3266 5772 3341 5832 92
