4110 6224
422 257 520 315 (in?

1671 200 1942 318 THEOD‘.
1983 254 2379 315 BALSAMON

3532 257 3633 321 688

414 373 675 428 traheret.
700 370 969 440 Quoniam
1022 380 1336 442 autemw
1370 373 1839 429 consecrationem
1892 374 1979 427 di-

2093 370 2165 425 Ξιά
2194 372 2292 441 τὴν
2325 372 2653 442 χειροτονίαν
2693 374 2789 441 τὴν
2828 372 3092 437 διάζευξιν
3130 354 3437 443 ᾑρετίσατο,
3472 372 3640 442 ἀναγ-

405 467 664 522 ενοτιὶιιιιι
682 465 880 535 elegit,
896 478 995 534 per
1018 473 1304 537 tonsuram
1322 473 1545 535 cogetur
1572 466 1978 535 separationent

401 560 710 630 perlicere,
766 565 821 613 et
862 572 972 612 non
1027 556 1215 611 ludere
1251 558 1347 612 ubi
1392 574 1497 612 non
1529 566 1612 613 est
1664 558 1981 614 ludendum.

404 653 559 706 ‘Cum
601 652 739 705 laico
768 648 913 703 enim
950 648 1153 702 =hahitu
1186 663 1304 702 eam
1357 664 1480 703 esse
1514 649 1568 702 in
1625 642 1981 715 monasterio,

430 741 684 812 supplicii
719 754 828 793 non
887 738 1139 792 beneﬁcii
1175 753 1312 807 opus
1348 750 1469 792 est:
1540 737 1686 807 quod
1750 737 1814 791 ad
1873 752 1983 791 non

431 849 656 899 parvum
722 830 1165 885 consecrationis
1225 832 1461 886 dedecus
1511 838 1744 899 Spectat.
1805 828 1985 894 Quare

429 940 528 980 nec
561 910 610 977 vi
660 922 883 991 suscipi
946 931 1191 985 tonsura,
1253 924 1346 977 sed
1381 933 1575 992 sponte
1628 936 1691 976 ac
1752 921 1985 976 consilio

411 1027 728 1088 reputatur.
779 1014 937 1081 Quod
1006 1025 1187 1067 autem
1250 1014 1403 1068 laieaa
1464 1015 1639 1067 solum
1731 1014 1986 1067 mulieres

410 1114 607 1181 dignae
634 1111 965 1164 diaconissze
998 1108 1269 1178 dignitate
1292 1110 1622 1172 habeantur,
1648 1123 1837 1162 verum
1874 1122 1985 1161 non

422 1213 536 1258 est.
600 1202 735 1256 Nam
799 1214 851 1255 et
907 1203 1194 1255 monachae
1246 1215 1308 1254 ea
1369 1199 1547 1269 dignae
1610 1200 1976 1253 habebantur.

429 1297 643 1365 Alioqui
675 1295 716 1349 si
743 1308 1067 1348 concessum
1130 1290 1313 1356 fuerit,
1351 1300 1409 1345 ut
1438 1308 1561 1345 eum
1606 1291 1747 1345 laico
1796 1289 1985 1344 habitu

430 1387 771 1457 ingrediatur
797 1384 1216 1442 monasterium,
1244 1383 1364 1450 ejus
1388 1381 1482 1451 qui
1510 1386 1864 1435 consecratus
1905 1386 1990 1433 est

433 1492 591 1541 uxor,
618 1476 767 1545 juste
813 1490 877 1528 ac
910 1473 1176 1543 probabili
1235 1472 1303 1527 de
1352 1485 1520 1524 causa
1576 1467 1731 1524 extra
1771 1482 1989 1539 quoque

434 1571 640 1633 versari
667 1578 892 1638 qureret,
942 1566 1081 1619 forte
1112 1576 1291 1619 autem
1348 1562 1515 1618 etiam
1547 1578 1670 1617 cum
1708 1563 1816 1617 alio
1870 1562 1987 1615 viro

430 1662 709 1731 conjungi.
743 1661 828 1714 vel
866 1660 1029 1713 etiam
1079 1672 1200 1711 cum
1242 1670 1330 1720 eo,
1370 1655 1461 1725 qui
1492 1656 1783 1726 episcopus
1816 1652 1990 1709 lactus

430 1767 537 1818 est,
607 1749 1063 1805 consuetudinem
1117 1744 1354 1800 habere:
1426 1744 1570 1812 quod
1636 1744 1856 1814 quidem
1907 1752 1991 1798 est

431 1844 748 1908 absurdum,
779 1849 833 1896 et
854 1850 1046 1895 contra
1076 1837 1383 1893 divinorum
1427 1851 1697 1892 canonum
1738 1835 1987 1890 volunta-

433 1948 563 1993 tem.
596 1934 731 1988 Nota
758 1948 887 2011 ergo
907 1933 1021 1985 hate
1051 1928 1256 1992 omnia,
1286 1937 1341 1983 et
1370 1929 1606 1982 maxime
1643 1936 1864 1997 propter
1896 1942 1991 1982 eos

432 2029 523 2097 qui
572 2025 891 2081 existimant
957 2019 1304 2076 sacerdotum
1358 2033 1557 2073 uxores
1611 2033 1770 2088 posse
1827 2017 1991 2073 etiam

432 2117 675 2174 secundo
736 2116 961 2169 nubere.
989 2112 1260 2167 Existimo
1277 2110 1442 2170 enim,
1467 2111 1613 2181 quod
1666 2109 1736 2163 ab
1768 2110 1871 2165 hoc
1900 2124 1993 2163 ca-

435 2228 598 2275 none,
629 2210 713 2264 eis
744 2204 986 2262 secundo
1042 2204 1249 2258 nubere
1283 2217 1392 2257 non
1421 2202 1789 2272 permittetur.
1850 2199 1992 2267 Quo-

434 2309 577 2358 niam
642 2308 822 2354 autem
882 2297 937 2351 in
1000 2297 1187 2351 multis
1263 2294 1663 2349 nomocanonis
1710 2294 1990 2348 invenitur

433 2394 726 2451 Iustiniani
758 2390 974 2446 Novella
1007 2388 1131 2460 (sita
1165 2388 1217 2441 in
1257 2403 1317 2441 ιιι
1342 2386 1435 2441 lib.
1464 2385 1682 2440 Basilic.
1703 2385 1788 2438 tit.
1818 2386 1992 2454 primo

432 2504 550 2558 cap.
598 2486 654 2552 7,
694 2484 841 2554 quod
887 2483 1108 2555 quidem
1145 2480 1385 2551 positum
1413 2488 1499 2533 est
1522 2493 1550 2531 a
1584 2477 1745 2533 nobis
1776 2478 1829 2532 in
1867 2493 1989 2547 cap.

432 2583 523 2648 εὖ,
548 2580 706 2653 primi
742 2578 883 2633 tituli
945 2573 1228 2647 praesentis
1262 2574 1489 2643 rxoperis)
1538 2586 1658 2642 quas
1689 2572 1879 2626 statuit
1922 2567 2004 2626 atf

430 2672 803 2745 episcopalem
850 2667 1171 2738 dignitatem
1227 2678 1336 2718 non
1398 2679 1519 2719 esse
1579 2664 1987 2733 provehendum

430 2768 526 2836 qui
566 2765 728 2821 habet
757 2775 987 2818 uxorem
1029 2758 1115 2813 vel
1160 2756 1384 2821 liberos,
1444 2755 1527 2811 vel
1581 2770 1707 2810 eum
1755 2755 1987 2826 alioqui,

430 2861 522 2932 qui
558 2864 756 2927 praater
790 2854 908 2907 haec
968 2850 1121 2913 facit,
1171 2846 1596 2919 deponendum,
1628 2855 1683 2902 et
1729 2845 1990 2917 frequens

431 2954 498 3008 de
524 2964 587 3005 ea
619 2961 676 3008 re
732 2945 939 2998 mentio
982 2941 1125 2995 facta
1169 2948 1255 2994 est
1282 2954 1309 3009 ε⁵
1348 2936 1585 2992 dicimus
1646 2951 1768 2992 eam
1806 2937 1991 2992 novel-

2083 463 2416 534 κασθήσεται
2455 463 2543 516 διὰ
2577 464 2674 532 τῆς
2715 464 3071 533 ἀποκάρσεως
3108 463 3389 516 τελειῶσαι
3426 464 3486 517 τὸ
3526 465 3645 517 δια-

2084 555 2285 623 ζύγιον,
2314 555 2406 607 καὶ
2442 555 2516 623 μὴ
2546 555 2762 618 παίζειν
2792 556 2847 607 ἐν
2876 556 2935 607 οὐ
2968 558 3232 618 παικτοῖς.
3261 557 3335 608 Τὸ
3366 555 3473 626 γὰρ
3507 557 3646 625 μετά

2084 645 2269 700 λαῖκοῦ
2320 647 2596 716 σχήματος
2647 642 2786 700 εἶναι
2834 647 3002 717 αὐτὴν
3047 647 3125 709 είς
3167 647 3228 698 τὸ
3281 648 3646 717 μοναστήριον

2086 739 2358 801 κολάσεως
2406 740 2566 810 ἔργον
2607 740 2790 801 ἐστὶν,
2838 740 2937 791 ούκ
2978 738 3313 807 εὐεργεσίας.
3348 738 3523 809 Ὅπερ
3566 741 3646 800 είς

2086 830 2305 899 ἀτιμίαν
2334 829 2433 899 τῆς
2473 831 2805 900 χειροτονίας
2840 833 3016 902 ἀφορᾷ
3047 832 3106 883 ού
3147 831 3370 899 μικράν.
3406 832 3497 883 Διὸ
3529 830 3647 883 οὐδὲ
3696 847 3700 851 ‘

2085 919 2358 986 λογίζεται
2398 923 2775 993 ἁναγκαστικὴ
2812 924 2844 994 ἡ
2883 924 3221 992 ἀπόκαρσις,
3257 921 3392 976 ἀλλὰ
3426 922 3643 992 αἱρετή.
3693 908 3709 923 ⁸

2085 1010 2161 1061 Τὸ
2192 1011 2246 1062 δὲ
2281 1011 2475 1074 λαῖκάς
2515 1013 2681 1080 μόνας
2720 1015 2983 1080 γυναῖκας
3022 1011 3305 1077 ἀξιοῦσθαι
3339 1011 3647 1063 διακονικοῦ

2087 1101 2393 1172 ἀξιώματος
2434 1105 2533 1158 οὐκ
2574 1105 2722 1157 ἐστιν
2759 1104 2956 1174 ἀληθές
2980 1120 2994 1133 ’
3039 1105 3130 1157 καὶ
3174 1104 3501 1173 μονάζουσαι
3540 1104 3648 1173 γὰρ

2086 1193 2335 1263 ἠξιοῦντο
2363 1196 2548 1250 αὑτοῦ.
2574 1196 2779 1261 Ἀλλως
2806 1214 2867 1248 τε
2894 1199 2943 1249 εί
2972 1196 3098 1267 δοοῇ
3134 1195 3271 1266 μετά
3298 1196 3486 1249 λαῖκοῦ
3519 1198 3648 1267 σχή-

2092 1302 2259 1352 ματος
2297 1286 2434 1341 εἶναι
2474 1290 2553 1351 είς
2584 1288 2645 1341 τὸ
2687 1292 3044 1359 μοναστήριον
3079 1288 3177 1360 τὴν
3212 1288 3301 1343 τοῦ
3341 1306 3651 1359 χειροτονηα-

2090 1377 2273 1441 Θέντος
2305 1381 2572 1446 γυναῖκα,
2608 1382 2831 1451 ζητήσει
2868 1380 3103 1449 εὐλόγως
3137 1381 3229 1434 καὶ
3262 1381 3416 1443 ἐκτὸς
3446 1381 3650 1450 διατρί-

2091 1469 2203 1523 ϐειν
2232 1470 2416 1533 αὐτοῦ,
2449 1471 2580 1534 ἴσως
2608 1472 2663 1525 δὲ
2693 1472 2785 1524 καὶ
2818 1471 3176 1542 συζευχθῆναι
3209 1465 3382 1543 ἑτέρῳ
3413 1472 3588 1543 ἀνδρὶ,
3618 1472 3653 1542 ἢ

2092 1562 2187 1614 καὶ
2237 1564 2373 1632 μετά
2422 1563 2514 1616 τοῦ
2570 1562 3065 1627 ὲπισκοπεύσαντος
3120 1563 3461 1632 συνδιάγειν’
3517 1565 3654 1634 ὅπερ

2092 1656 2291 1709 ἄτοπον
2324 1655 2419 1709 καὶ
2452 1658 2561 1719 τοῖς
2601 1657 2764 1720 θείοις
2801 1656 3022 1709 κανόσιν
3055 1656 3374 1724 ἀϐούλητον.
3412 1656 3657 1725 Σημείω-

2094 1762 2183 1799 σαι
2216 1743 2309 1800 οὖν
2337 1747 2510 1802 ταῦτα
2542 1749 2717 1803 πάντα
2748 1749 2833 1801 διὰ
2863 1749 2989 1811 τοὺς
3027 1747 3308 1812 ἀξιοῦντας
3339 1748 3658 1819 δευτερογα-

2096 1840 2215 1906 μεῖν
2244 1839 2343 1903 τάς
2370 1838 2479 1891 τῶν
2511 1840 2700 1909 ἱερέων
2730 1841 3013 1908 γυναῖκας.
3046 1838 3271 1908 Νομίζω
3302 1839 3407 1907 γὰρ
3440 1839 3513 1900 ὡς
3551 1837 3659 1899 ἀπὸ

2091 1929 2185 1983 τοῦ
2224 1932 2491 2003 παρόντος
2524 1933 2747 1996 κανόνος
2779 1933 2838 1985 ού
2872 1932 3439 2003 παραχωρηθήσονται
3474 1930 3658 1983 δευτε-

2094 2023 2425 2093 ρογαμῆσαι.
2456 2023 2608 2076 Ἐπεὶ
2633 2023 2689 2075 δὲ
2715 2026 2771 2075 ὲν
2798 2024 3010 2085 πολλοῖς
3034 2023 3142 2075 τῶν
3169 2021 3544 2092 νομοκανόνων
3570 2021 3661 2074 εὖ·

2096 2112 2337 2180 ρίσκεται
2371 2113 2559 2182 Νεαρά
2588 2114 3014 2176 ’Ῑουστινιάνειος
3044 2113 3251 2181 (κεῖται
3284 2113 3341 2166 δὲ
3373 2116 3405 2182 ἡ
3435 2114 3659 2183 τοιαύτη

2092 2202 2282 2272 Νεαρὰ
2307 2205 2416 2273 (45)
2445 2206 2538 2259 καὶ
2564 2207 2645 2270 είς
2671 2205 2874 2276 βιϐλίον
2899 2205 2945 2273 γ’
2966 2206 3071 2258 τῶν
3100 2205 3423 2273 Βασιλικῶν,
3449 2207 3584 2261 τίτλ.
3611 2223 3658 2261 α’

2093 2313 2219 2366 κεφ.
2243 2296 2308 2363 ζ’,
2331 2299 2467 2370 ὅπερ
2496 2301 2759 2370 κατετέθη
2790 2302 2920 2372 παρ’
2941 2302 3097 2371 ἡμῶν
3123 2304 3203 2363 είς
3231 2318 3354 2370 κεφ.
3383 2309 3467 2371 κγ’
3488 2301 3583 2356 τοῦ
3612 2313 3661 2354 α’

2091 2386 2268 2441 τίτλου
2299 2389 2391 2443 τοῦ
2426 2390 2692 2457 παρόντος
2726 2391 3166 2461 συντάγματος),
3199 2391 3547 2462 διοριζομένη
3584 2391 3661 2463 μὴ

2093 2480 2391 2545 ἀνάγεσθαι
2430 2482 2509 2543 είς
2550 2480 2762 2550 ἀξίωμα
2807 2482 3159 2535 ὲπισκοπικὸν
3191 2482 3283 2534 τὸν
3338 2483 3526 2553 ἔχοντα
3563 2500 3665 2552 γυο

2094 2574 2252 2628 ναῖκα
2287 2573 2318 2644 ἢ
2349 2572 2538 2635 τέκνα,
2570 2573 2603 2643 ἢ
2641 2573 2748 2643 μὴν
2776 2574 2865 2626 τὸν
2897 2572 3047 2642 παρά
3075 2572 3248 2627 ταῦτα
3285 2575 3664 2646 χειροτονηθη-

2051 2710 2061 2719 .
2096 2664 2322 2733 σόμενον
2349 2665 2760 2735 καθαιρεῖσθαι,
2788 2668 2883 2720 καὶ
2918 2667 3254 2737 ὲλαλήθησαν
3281 2666 3351 2719 τὰ
3384 2668 3513 2734 περὶ
3540 2666 3666 2719 τού-

2093 2776 2184 2811 του
2224 2758 2477 2820 πολλάκις
2501 2773 2516 2788 ο
2555 2758 2784 2828 λέγομεν
2817 2758 2906 2821 ὡς.
2926 2760 2991 2812 τὰ
3024 2759 3123 2827 τῆς
3155 2758 3412 2828 τοιαύτης
3446 2759 3667 2829 Νεαρᾶς

2092 2848 2453 2918 ὴπράκτησαν
2482 2847 2568 2901 διὰ
2597 2850 2654 2901 τὸ
2688 2849 2763 2920 μὴ
2792 2846 3014 2921 τεθῆναι
3046 2852 3221 2913 εἰς’τά
3251 2851 3539 2915 Βασιλικά,
3571 2852 3666 2904 καὶ

2093 2941 2373 3012 ἐνεργοῦσι
2407 2940 2475 2993 τὰ
2513 2941 2605 2994 τού
2647 2944 2910 3011 παρόντος
2955 2943 3198 3017 κανόνος,
3242 2945 3333 2996 καὶ
3368 2944 3401 3013 ἡ
3439 2943 3669 3013 δευτέρα

346 3100 351 3105 κ
432 3047 536 3099 lam
575 3038 907 3104 exolevisse,
945 3050 1013 3090 eo
1060 3032 1209 3105 quod
1263 3034 1317 3086 in
1354 3029 1608 3087 Basilicis
1672 3046 1782 3087 non
1824 3033 1987 3115 poni-

2093 3032 2281 3102 Νεαρά
2312 3032 2407 3085 τοῦ
2451 3032 2714 3102 βασιλέως
2752 3034 2917 3104 κυροῦ
2954 3036 3180 3099 Λέοντος
3219 3034 3312 3088 τοῦ
3350 3034 3666 3104 Φιλοσόφου.

434 3148 521 3189 tur
546 3151 562 3199 ;
585 3133 728 3187 hunc
758 3139 939 3182 autem
987 3137 1254 3180 canonem
1293 3136 1417 3178 esse
1450 3124 1504 3176 in
1534 3137 1657 3190 usu,
1687 3133 1744 3179 et
1792 3106 1991 3180 secun-

431 3227 556 3280 dam
580 3219 845 3275 novellam
874 3213 1220 3286 imperatoris
1259 3210 1465 3267 domini
1496 3211 1699 3282 Leonis
1743 3212 1990 3283 philoso-

431 3317 547 3389 phi,
583 3328 746 3384 quam
785 3311 923 3381 lege,
981 3323 1102 3377 quae
1152 3306 1266 3360 haec
1301 3314 1488 3374 aperte
1534 3303 1786 3359 decernit
1840 3306 1990 3361 circa

431 3412 614 3465 tinent.
648 3403 842 3460 Nostra
862 3400 1026 3471 igitur
1052 3398 1427 3469 imperatoria,
1466 3411 1587 3467 qua:
1625 3412 1691 3453 ex
1727 3396 1838 3452 Deo
1882 3407 1989 3465 est,

428 3500 716 3570 maiestas,
744 3495 790 3550 si
823 3492 1100 3548 mandatis
1136 3491 1339 3545 divinis
1378 3489 1699 3553 insistatur.
1741 3489 1795 3545 id
1830 3489 1992 3559 longe

430 3587 854 3649 convenientius
885 3584 1003 3640 fore
1047 3583 1514 3647 animadvertens,
1550 3596 1850 3636 consonam
1886 3582 1995 3637 illis

431 3674 641 3754 profert
666 3680 876 3749 legem;
907 3683 963 3731 et
996 3674 1455 3744 quemadmodum
1505 3672 1638 3743 ipsis
1678 3673 1896 3728 videtur
1925 3675 1992 3730 ad

441 3773 757 3847 primarium
789 3767 1159 3825 sacerdotium
1187 3762 1519 3835 promoveri,
1553 3765 1646 3835 qui
1672 3765 1766 3821 illo
1790 3767 1995 3823 honore

440 3865 641 3935 alioqui
683 3864 879 3933 dignus
919 3862 1010 3924 sit,
1049 3856 1266 3912 etiamsi
1306 3855 1509 3911 liberos
1560 3856 1760 3915 habeat
1815 3858 2011 3929 legiLi--

2094 3126 2162 3198 ἢν
2196 3126 2289 3177 καὶ
2321 3125 2617 3192 ἀνάγνωθι,
2652 3126 3030 3197 διοριζομένην
3065 3126 3190 3197 περὶ
3224 3128 3283 3179 τὸ
3316 3127 3466 3190 τέλος
3498 3127 3669 3180 ταῦτα

2094 3215 2299 3287 ῥητῶς.
2342 3213 2408 3268 Ἦ
2438 3210 2531 3268 οὖν
2562 3216 2626 3268 ὲκ
2657 3215 2792 3267 Θεοῦ
2827 3215 3075 3286 βασιλεία
3102 3214 3280 3285 ἡμῶν,
3310 3215 3466 3267 τοῦτο
3500 3216 3669 3285 ἁρμο-

2095 3309 2346 3380 διώτερον
2376 3307 2714 3361 κατανοοῦσα
2745 3312 2854 3372 τοῖς
2886 3308 3051 3372 θείοις
3080 3308 3308 3362 ἕπεσθαι
3340 3307 3665 3371 ὲντὰλμασι,

2099 3399 2389 3470 σύμφωνον
2416 3400 2644 3461 ἐκείνοις
2672 3402 2896 3470 ἐκφέρει
2925 3400 3084 3469 νόμον
3104 3417 3119 3432 ’
3149 3399 3243 3453 καὶ
3271 3399 3461 3469 ὥσπερ
3487 3398 3669 3461 αὐτοῖς

2097 3493 2244 3547 δοκεῖ
2272 3492 2331 3545 τὸ
2360 3493 2495 3563 πρὸς
2527 3491 2939 3562 ἀρχιερωσύνην
2965 3492 3263 3559 ἀνάγεσθαι
3292 3491 3381 3543 τὸν
3411 3490 3558 3554 ἀξιον
3584 3506 3669 3543 τι-

2099 3586 2239 3656 μῆς,
2272 3586 2376 3639 κᾶν
2406 3579 2509 3639 ὦσι
2542 3585 2699 3653 γοναὶ
2733 3585 2880 3655 νόμῳ
2913 3586 3273 3655 τετιμημέναι
3298 3599 3312 3613 ·
3346 3582 3515 3645 οὕτως
3548 3582 3665 3653 ὁρί-

2097 3677 2263 3743 ζουσα
2297 3680 2387 3731 τὸν
2422 3676 2875 3746 ἀντιφθέγγεσθαι
2915 3674 3281 3747 θρασυνθέντα
3318 3677 3478 3745 νόμον
3511 3674 3665 3745 δίκην

2096 3774 2194 3846 τῆς
2225 3772 2559 3845 θρασύτητος
2588 3772 2685 3843 τὴν
2714 3774 2791 3836 εἰς
2820 3771 2910 3824 τὸν
2939 3754 3129 3825 ἔπειτα
3157 3771 3345 3843 χρόνον
3375 3771 3470 3823 καὶ
3497 3770 3669 3841 διηνε-

2097 3867 2166 3936 κῆ
2195 3866 2440 3935 ἀφωνίαν
2470 3864 2920 3936 εἰσπράττεσθαι.

435 3975 585 4015 mos:
618 3966 673 4012 et
707 3957 779 4009 ita
826 3952 1047 4022 quidem
1094 3962 1352 4010 censens,
1373 3954 1433 4000 ut
1464 3960 1495 4001 a
1545 3948 1663 4018 lege
1693 3965 1815 4020 quae
1840 3958 2218 4017 contradicere
2281 3972 2412 4014 ausa
2471 3957 2594 4025 fuit,
2662 3959 2717 4013 in
2775 3956 3018 4012 audacia:
3069 3969 3283 4026 ptenam
3349 3960 3668 4025 perpetuum

432 4046 487 4105 in
518 4051 759 4105 futurum
780 4047 1032 4115 exigatur
1066 4042 1368 4097 silentium.

503 4141 755 4199 ZONAR.
803 4142 859 4196 Si
896 4140 1023 4209 quis
1059 4138 1292 4191 maritus
1323 4135 1391 4191 ad
1440 4137 1757 4208 episcopale
1794 4155 1996 4197 munus
2050 4196 2056 4201 ,

430 4245 679 4301 vocetur,
699 4248 824 4290 eum
852 4248 960 4287 non
992 4229 1061 4283 ab
1097 4244 1269 4283 uxore
1307 4229 1478 4283 invita
1527 4229 1738 4299 divelli,
1774 4234 1895 4290 sed.
1929 4252 1991 4291 ea

432 4328 811 4389 consentiente
858 4334 914 4379 et
949 4323 1166 4377 volente
1219 4320 1516 4376 divortium
1580 4322 1734 4391 ﬁeri;
1765 4342 1830 4382 eo
1870 4344 1998 4383 vero

2171 4145 2411 4198 ΖΩΝΑΡ.
2443 4143 2556 4196 Οὐκ
2580 4139 2820 4208 ἀκούσης
2845 4140 2942 4209 τῆς
2969 4138 3227 4208 γυναικὸς
3252 4136 3668 4203 διαζεύγνυσθαι

2100 4236 2267 4306 αὐτῆς
2308 4235 2397 4288 τὸν
2435 4235 2603 4303 ἄνδρα
2647 4232 2894 4303 βούλεται
2935 4233 2963 4283 ό
3003 4230 3179 4285 κανὼν
3218 4230 3550 4300 καλούμενον
3590 4230 3669 4293 είς

2100 4326 2424 4394 ἐπισκοπὴν,
2455 4326 2566 4377 ἀλλ’
2589 4327 2654 4377 ὲκ
2684 4323 2995 4393 συμφώνου,
3028 4324 3120 4377 καὶ
3148 4321 3558 4392 διαζευχθεῖσαν
3589 4321 3669 4391 μὴ

434 4424 598 4487 laeto,
623 4436 689 4475 ne
714 4418 797 4472 vel
819 4417 922 4472 sub
953 4414 1147 4470 eodem
1173 4421 1340 4478 tecto,
1360 4414 1442 4469 vel
1475 4415 1529 4469 in
1559 4416 1754 4472 vicinis
1785 4421 1993 4477 aedibus

2104 4419 2368 4470 συνοικεῖν
2407 4415 2585 4486 αὐτῷ,
2633 4414 2759 4485 μήτ’
2784 4418 2950 4484 ἐγγὺς
2995 4416 3092 4484 τῆς
3134 4415 3345 4468 ἐκείνου
3388 4416 3669 4478 κατοικίας

438 4530 576 4570 uxor
621 4511 851 4573 habitet,
907 4509 1003 4562 sed
1055 4508 1107 4561 in
1161 4505 1498 4561 monasterio
1559 4511 1747 4577 procul
1782 4512 1850 4566 ab
1887 4513 2000 4582 epi-

435 4606 583 4674 scopi
609 4602 840 4658 statione
869 4600 1050 4668 degat,
1081 4599 1184 4653 hoc
1215 4614 1428 4654 canone
1454 4602 1848 4673 conStitutum.
1884 4604 2000 4658 Mu-

438 4706 563 4748 tnus
590 4704 829 4760 namque
856 4697 911 4743 et
943 4687 1300 4757 quotidianus
1330 4689 1546 4743 illorum
1579 4691 1722 4745 inter
1769 4707 1830 4747 se
1864 4707 1998 4748 con-

436 4794 681 4856 spectus,
715 4782 917 4852 prioris
936 4782 1059 4835 vita:
1092 4781 1623 4851 consuetudinisque
1670 4785 1996 4839 memoriam

438 4875 748 4942 renovabit,
780 4882 834 4929 et
865 4872 1069 4926 amoris
1105 4872 1160 4926 in
1222 4880 1456 4943 utroque
1487 4872 1759 4928 ﬂammam
1797 4892 1996 4931 accen-

433 4966 732 5026 det.Uxori
768 4980 900 5023 vero
927 4966 1109 5035 longe,
1142 4964 1303 5035 217
1363 4964 1570 5033 inquit,
1615 4968 1824 5035 agenti,
1883 4969 1998 5039 epi-

436 5063 585 5134 scopi
612 5076 741 5118 cura
795 5056 1243 5130 providentiaque
1294 5058 1604 5113 subveniet.
1650 5060 1810 5127 Quod
1873 5063 1999 5133 qui-

2101 4511 2299 4573 οίκεῖν,
2336 4507 2451 4563 ἀλλ’
2476 4510 2535 4561 ὲν
2575 4508 2917 4579 μοναστηρίῳ
2958 4498 3144 4579 πόρρω
3180 4508 3419 4578 κειμένῳ
3448 4510 3544 4579 τῆς
3575 4508 3672 4561 τοῦ

2100 4602 2400 4656 ἐπισκόπου
2440 4602 2790 4670 καταγωγῆς.
2827 4600 2901 4653 Τὸ
2936 4601 3044 4672 γάρ
3082 4598 3343 4671 ἀλλήλους
3379 4601 3511 4670 ὁρᾷν
3547 4617 3674 4653 συν-

2103 4695 2240 4765 εχῶς
2266 4693 2704 4763 ἀναμιμνήσκειν
2733 4690 2916 4760 μέλλει
2945 4692 3160 4754 πάντως
3189 4691 3384 4755 αὐτοὺς
3410 4693 3509 4759 τῆς
3538 4709 3672 4761 προ-

2103 4788 2265 4856 τέρας
2295 4767 2569 4855 διαγωγῆς
2600 4801 2658 4837 τε
2690 4786 2785 4836 καὶ
2816 4779 3193 4855 συμϐιώσεως,
3225 4785 3320 4842 καὶ
3352 4785 3674 4839 ὑπεκκαίειν

2105 4877 2256 4944 σφίσι
2298 4876 2385 4928 τὸν
2426 4875 2623 4945 ἔρωτα.
2670 4875 2863 4947 nepeta
2926 4875 2983 4928 δὲ
3027 4872 3193 4929 οὖσαν
3236 4877 3489 4947 προνοίας
3532 4876 3676 4929 ἀπο-

2104 4965 2287 5019 λαύειν
2320 4965 2530 5018 κελεύει
2566 4963 2718 5035 παρά
2750 4965 2844 5019 τοῦ
2883 4967 3204 5021 ἐπισκόπου.
3244 4966 3417 5019 Τοῦτο
3454 4966 3512 5019 δὲ
3545 4983 3675 5036 νοτ,-

2106 5056 2249 5121 τέον,
2275 5058 2363 5109 ὅτε
2398 5055 2472 5127 μὴ
2500 5055 2707 5110 οἴκοθεν
2734 5055 2918 5127 ἐκείνη
2947 5056 3171 5112 δύναται
3199 5060 3279 5121 εἰς
3304 5059 3373 5111 τὰ
3401 5060 3680 5125 ἀναγκαῖα

1626 5194 1820 5257 Guill.
1844 5195 2174 5274 Beveregii
2214 5202 2400 5257 notae.

502 5312 616 5385 (4'5)
645 5312 837 5367 Κεῖται
876 5314 945 5369 δὲ
993 5315 1031 5382 ἡ
1056 5315 1295 5380 τοιαύτη
1325 5315 1540 5384 Νεαρὰ.
1578 5317 1675 5373 llic
1706 5318 1995 5386 diligenter

440 5389 755 5460 observetur
802 5400 903 5438 vox
945 5386 1171 5453 τοιαύτη
1228 5386 1394 5460 talis,
1432 5403 1607 5457 neque
1667 5392 1809 5443 enim
1880 5392 1997 5460 ipsa

442 5454 647 5529 novella
677 5463 801 5529 ante
821 5466 1245 5529 commemorata
1278 5457 1464 5529 eadem
1512 5454 1614 5522 est,
1655 5476 1776 5529 quae
1814 5454 1915 5515 hic-
1940 5461 1996 5515 in

440 5524 682 5580 Basilicis
713 5527 814 5578 sita
853 5526 1074 5587 dicitur,
1115 5536 1170 5579 et
1219 5527 1518 5581 etiamnum
1577 5524 1784 5585 ess-lat.
1828 5531 1991 5585 Istam
2036 5546 2039 5555 '

439 5595 585 5650 enim
620 5593 857 5663 diserte
908 5596 984 5647 ait
1037 5594 1089 5647 in
1155 5596 1388 5650 Basilica
1454 5616 1561 5652 non
1630 5602 1822 5655 referri
1856 5641 1871 5663 ,
1934 5617 1997 5656 ac

440 5662 663 5737 proinde
710 5665 1014 5719 exolevisse
1040 5703 1054 5717 .
1092 5665 1321 5735 λέγομεν
1371 5667 1444 5732 ὡς
1477 5671 1551 5754 ⁸τὰι
1594 5673 1691 5742 τῆς
1743 5662 2000 5745 τοιαύτης

2100 5320 2309 5393 νεαρᾶς
2327 5320 2691 5389 ἡπράκτησαν
2720 5320 2809 5374 διὰ
2848 5319 2910 5373 τὸ
2941 5322 3015 5391 μὴ
3050 5321 3273 5393 τεθῆναι
3303 5325 3386 5389 είς
3414 5326 3483 5379 τὰ
3514 5328 3675 5382 Βασι-

2102 5390 2249 5444 λικά.
2280 5392 2620 5458 Quapropter
2643 5401 2852 5445 sextam
2874 5390 3052 5455 potins
3080 5390 3379 5449 Justiniani
3408 5399 3668 5451 novellam

2106 5461 2179 5513 ihi
2213 5531 2219 5533 _
2250 5460 2654 5533 intelligendam
2701 5475 2920 5524 censeo,
2977 5470 3162 5533 utpote
3208 5467 3449 5519 secundo
3498 5468 3672 5533 ipsius

2104 5531 2284 5599 capite
2314 5532 2502 5583 eadem
2552 5529 2832 5597 iubentem
2860 5569 2873 5591 ,
2909 5546 3028 5597 qnze
3078 5532 3365 5587 Balsamon
3417 5539 3469 5589 in
3501 5529 3668 5592 citata

2106 5600 2374 5654 contineri
2437 5606 2656 5659 asserit,
2702 5602 2841 5673 etin
2876 5599 3124 5655 Basilicis
3173 5606 3337 5658 etiam
3375 5620 3481 5661 non
3520 5610 3670 5673 posi-

2109 5682 2239 5736 tam,
2269 5673 2725 5739 quemadmodum
2760 5671 2806 5725 is
2834 5675 2898 5726 dc
2922 5688 2984 5726 ea
3009 5674 3254 5732 tradidit.
