4110 6224
559 168 670 238 707

1814 170 2084 247 THEOD.
2130 171 2531 237 BALSAMON

3662 168 3771 235 708

555 282 724 355 igitur
755 295 965 336 canone
990 281 1208 352 quidam
1258 287 1473 335 utentes
1513 292 1848 349 quaecunque
1883 295 1950 333 eo
1990 281 2109 334 loco

2213 284 2381 351 μένοι,
2436 282 2562 343 τοὺς
2612 282 2686 351 μὴ
2722 280 3218 351 ἀπηριθμημένους
3258 279 3314 331 ὲν
3358 260 3506 349 αὐτῷ
3564 279 3771 349 γάμους

554 376 760 445 nuptize
817 375 964 427 inter
1016 374 1303 427 damnatas
1371 388 1716 441 nequaquam
1780 383 2113 426 enumerata:

456 456 467 467 ”
559 467 798 529 fuerant,
837 465 1053 519 easdem
1086 463 1243 533 quasi
1272 478 1562 519 concessas
1593 479 1858 533 usurpare
1894 464 1997 533 ipsi
2032 464 2114 516 ni-

552 561 828 617 tebantur,
864 557 1173 625 violataque
1215 566 1423 611 natura:
1469 558 1584 626 lege
1624 574 1746 611 cum
1791 558 2113 626 propinquis

552 651 790 704 coibant.
820 649 1049 703 Proinde
1079 649 1227 703 illum
1280 666 1543 703 canonem
1581 651 1683 703 hoc
1723 648 1839 703 luco
1871 652 2112 720 synodus

552 744 843 811 spectavit,
904 756 1078 810 eaque
1140 744 1348 795 ratione
1382 741 1655 811 adducta,
1719 743 1887 794 multa
1947 741 1999 794 in
2046 755 2112 795 eo

558 844 813 887 sanctum
848 832 1020 885 virum
1079 832 1350 884 silentium
1382 810 1699 885 'involvisse
1740 822 1998 895 defendit,
2046 846 2113 884 ne

550 924 761 980 scilicet
812 924 941 977 dum
1000 923 1244 976 damnati
1299 922 1541 993 conjugii
1602 939 1797 992 genera
1856 924 2109 977 universa

550 1019 922 1087 persequitur,
944 1017 1244 1070 orationem
1273 1030 1429 1069 suam
1458 1016 1749 1069 verborum
1776 1015 2112 1085 turpitudine

550 1108 710 1177 223
760 1107 1094 1174 inquinaret,
1130 1121 1192 1159 ac
1232 1105 1437 1160 idcirco
1470 1106 1767 1175 generatim
1798 1108 1980 1159 omnia
2016 1107 2114 1161 vd-

554 1200 721 1252 luisse
763 1214 870 1251 uno
905 1197 1238 1266 impuritatis
1276 1198 1501 1252 nomine
1543 1198 1809 1252 indicare.
1850 1199 2108 1267 Singulos

551 1286 748 1342 deinde
806 1288 1096 1341 vetitarum
1168 1289 1482 1356 nuptiarum
1533 1290 1723 1343 modos
1764 1289 1951 1344 Patres
2010 1291 2109 1359 ipsi

550 1391 911 1450 percensent,
942 1397 1005 1453 ac
1036 1380 1300 1447 ejusmodi
1326 1382 1540 1461 quidem
1573 1384 1825 1453 conjugia
1887 1387 2111 1437 omnino

548 1471 891 1536 dissolviyrea
922 1487 1051 1545 vero
1081 1475 1174 1543 qui
1213 1475 1555 1539 attentarint,
1597 1475 1867 1544 septennii
1898 1490 2131 1537 canone,

506 1554 507 1557 “
558 1563 738 1631 puniri
760 1562 974 1631 jnbent.

548 1653 774 1710 ARIST.
807 1673 824 1705 ι
860 1652 1067 1708 Fratris
1126 1653 1291 1706 filium
1317 1669 1438 1709 cum
1468 1654 1652 1711 fratris
1690 1657 1795 1710 filia
1832 1656 2115 1711 matrimo-

625 1763 643 1795 ε
683 1747 769 1798 nia
802 1746 1058 1813 conjungi
1094 1761 1201 1798 non
1257 1748 1577 1814 permittes;
1632 1762 1730 1801 nec
1763 1764 1885 1801 cum
1924 1749 2027 1802 filia
2061 1757 2115 1804 et

626 1855 645 1888 ι
676 1848 869 1901 matre,
902 1837 1066 1891 filium
1099 1847 1150 1892 et
1176 1846 1423 1907 patrem:
1480 1854 1578 1893 nec
1604 1850 1829 1894 matrem
1865 1850 1917 1895 et
1952 1841 2112 1894 filiam

626 1949 644 1981 ς
673 1946 792 1984 cum
822 1932 1032 1984 duobus
1061 1930 1358 1995 fratribus;
1394 1947 1493 1986 nec
1528 1933 1724 1987 fratres
1750 1949 1871 1988 Cum
1903 1932 2115 1988 duabus

625 2035 647 2071 ε
679 2011 980 2075 sororibus;
1006 2020 1059 2073 Si
1085 2017 1213 2089 quid
1235 2028 1412 2073 autem
1438 2020 1747 2075 istiusmodi
1769 2021 1968 2075 factum
1997 2022 2116 2077 fue-

628 2130 647 2163 ‹
682 2112 772 2177 rit,
797 2127 901 2165 una
926 2127 1047 2165 cum
1077 2111 1410 2165 matrimonii
1442 2112 1802 2168 dissolutione
1828 2116 2115 2185 septennia

629 2223 647 2254 ι
680 2203 1065 2271 subjicientur.
1096 2221 1115 2254 υ

620 2294 688 2349 Et
716 2296 1027 2365 huiusmodi
1046 2295 1299 2365 conjugia
1328 2306 1386 2350 ut
1411 2288 1689 2366 prohibita
1708 2297 2109 2353 dissolventur:

551 2396 606 2442 et
640 2389 730 2457 qui
762 2404 822 2440 ea
855 2388 1365 2455 contraltuntjuxta
1392 2401 1712 2457 praesentem
1737 2400 1792 2443 et
1824 2402 2115 2460 septuage-

552 2480 751 2545 simpm
804 2472 1056 2532 octavum
1133 2478 1321 2534 Basilii
1368 2480 1550 2550 magni
1595 2494 1891 2546 canonem,
1943 2496 2112 2534 unum

551 2585 756 2624 annum
790 2569 1083 2633 deﬂebunt,
1104 2569 1244 2623 duos
1275 2570 1518 2632 audient,
1546 2580 1656 2624 tres
1675 2572 2111 2637 substerncntur,

551 2669 607 2714 et
635 2660 871 2730 septimo
905 2673 1013 2712 una
1056 2676 1179 2714 cum
1220 2659 1465 2715 fidelibus
1514 2662 1853 2727 consistent;
1906 2674 1959 2718 et
2003 2665 2104 2729 sic,

553 2753 600 2807 si
635 2767 757 2804 cum
809 2751 1067 2821 lacrymis
1100 2752 1451 2822 resipiscam,
1502 2752 1702 2809 divinis
1753 2757 2113 2812 sacramentis

553 2844 702 2915 digni
732 2844 1103 2899 habebuntur.

1147 3022 1372 3081 CANON
1412 3027 1518 3082 LV.

2214 374 2288 435 ὡς
2323 374 2674 443 παρανόμους
2703 373 3016 433 ἀκωλύτους
3042 368 3346 435 ’ἐϐιάζοντο
3395 372 3634 441 φρονεῖν,
3683 374 3777 424 καὶ

2212 466 2309 532 τὴν
2333 466 2490 532 φύσιν
2514 465 2767 533 συνέχεον
2790 452 3077 529 συγγενέσι
3114 464 3452 532 μιγνύμενοι.
3479 465 3578 515 Διά
3605 462 3778 515 ταῦτα

2214 556 2346 625 πρὸς
2397 555 2486 606 τὸν
2530 555 2729 606 κανόνα
2789 554 2977 606 τοῦτον
3026 554 3243 606 ἀπεῖδεν
3300 555 3332 623 ἡ
3389 553 3623 619 σύνοδος,
3686 560 3780 606 καὶ

2213 645 2561 711 ἀπολογεῖται
2599 643 2701 711 μὲν
2730 644 2819 697 διά
2876 642 2929 696 τί
2982 646 3047 697 τά
3099 643 3268 696 πλείω
3318 646 3493 715 σιωπῇ
3536 644 3565 695 ό
3624 645 3780 712 am;

2214 735 2577 804 παρέδραμεν
2604 735 2740 810 ’Ἰν-α,
2772 735 2927 803 φησὶ,
2963 736 3036 807 μὴ
3064 736 3154 787 τὸν
3182 736 3337 803 λόγον
3362 736 3711 807 καταρῤυπαί
3744 753 3779 810 ῃ

2211 829 2321 886 τοῖς
2381 827 2619 895 ῥήμασιν
2669 803 2901 879 ἕκαστον
2960 828 3067 880 τῶν
3105 828 3355 895 ἀθέσμων
3399 829 3589 897 γάμων
3631 830 3775 879 ἁπα-

2218 917 2301 984 ριθ
2314 916 2447 983 μῶν·
2476 917 2839 984 περιεκτικῶς
2862 916 2915 969 δὲ
2945 916 3021 985 τῷ
3047 917 3144 984 τῆς
3173 918 3511 987 ἀκαθαρσίας
3554 920 3779 987 ὀνόματι

2214 1008 2334 1069 τοὺς
2365 1007 2716 1076 παρανόμους
2747 1008 2955 1077 γάμους
2993 1006 3286 1071 ὑπέδειξεν.
3324 1004 3457 1062 Εἶτα
3495 1009 3778 1078 ἐπήγαγον

2212 1099 2261 1149 οἱ
2296 1098 2392 1165 τῆς
2427 1098 2646 1152 συνόδου
2670 1099 2914 1169 Πατέρες
2945 1098 3040 1152 καὶ
3098 1102 3309 1168 γάμους
3355 1100 3646 1172 ἀθέσμους,
3682 1100 3779 1163 οὓς

2212 1192 2304 1244 καὶ
2339 1190 2813 1261 ἀπηριθμὴσαντο,
2860 1194 2953 1245 καὶ
3000 1192 3331 1247 διασπᾶσθαι
3354 1193 3453 1262 μὲν
3497 1194 3626 1256 τοὺς
3665 1212 3779 1247 τοι-

2210 1283 2396 1346 ούτους
2456 1284 2667 1353 γάμους
2732 1286 2795 1336 ὲκ
2864 1285 3061 1347 παντὸς
3124 1285 3464 1353 διωρίσαντο,
3536 1286 3661 1348 τοὺς
3722 1286 3778 1338 δὲ

2213 1374 2541 1445 χρανθέντας
2586 1376 2768 1439 αὐτοῖς
2792 1376 2887 1446 ’τῷ
2920 1360 3028 1446 ’τῆς
3057 1377 3350 1442 ἑπταετίας
3377 1377 3565 1432 κανόνι
3597 1379 3779 1431 ἐπιτι-

2214 1467 2439 1537 μᾶσθαι.
2488 1486 2493 1493 '

2138 1624 2187 1682 Β
2216 1648 2436 1702 ΑΡΙΣΤ.
2487 1667 2505 1701 ‹
2540 1646 2614 1704 Ού
2668 1650 3042 1720 συγχωρήσεις
3094 1646 3358 1723 ἑξαδέλφῃ
3392 1650 3781 1722 συζευχθῆναι

2137 3000 2182 3063 C

2294 1758 2312 1790 ι
2348 1740 2637 1807 ὲξὰδελφον
2657 1757 2669 1771 ·
2699 1740 2821 1793 οὐδὲ
2847 1739 3077 1809 θυγατρὶ
3106 1740 3200 1793 καὶ
3232 1741 3345 1792 υἱὸν
3376 1743 3468 1794 καὶ
3525 1744 3743 1813 πατέρα
3763 1758 3777 1773 ⁸

2297 1851 2315 1884 ι
2353 1833 2473 1886 οὐδὲ
2504 1833 2657 1885 δυσὶν
2689 1833 2938 1901 ἀδελφοῖς
2971 1833 3182 1903 μητέρα
3213 1835 3308 1887 καὶ
3342 1834 3616 1904 θυγατέρα
3644 1849 3660 1864 ⁸
3685 1838 3779 1888 0'5-

2290 1943 2309 1977 ι
2345 1924 2399 1977 δὲ
2429 1925 2581 1978 δυσὶν
2609 1925 2867 1995 ἀδελφαῖς
2889 1927 3154 1996 ἀδελφούς
3178 1944 3191 1957 ·
3245 1930 3294 1981 εἰ
3324 1928 3379 1981 δέ
3443 1946 3497 1981 τι
3541 1927 3781 1982 τοιοῦτον

2293 2034 2311 2067 ι
2342 2015 2575 2085 γένοιτο,
2611 2019 2749 2087 μετά
2777 2020 2873 2088 τῆς
2905 2019 3203 2084 διαλύσεως
3233 2020 3526 2075 ἑπταετίαν
3575 2021 3780 2074 ὑποπι-

2291 2129 2310 2162 ι
2350 2113 2651 2165 πτέτωσαν.
2696 2129 2715 2163 ι

2234 2360 2239 2367 ν
2285 2288 2397 2341 Καὶ
2427 2283 2572 2342 οὗτοι
2595 2291 2641 2342 οἱ
2667 2288 2855 2358 γάμοι,
2887 2291 2962 2355 ὡς
3006 2293 3465 2365 ἀπηγορευμένοι,
3520 2294 3778 2363 διαλυθή-

2217 2398 2399 2433 σονται
2431 2398 2445 2411 ·
2477 2382 2570 2434 καὶ
2591 2384 2639 2434 of
2674 2384 3098 2449 συναλλάξαντες
3126 2388 3320 2449 αὐτοὺς
3347 2388 3487 2441 κατά
3513 2392 3603 2440 τὸν
3635 2406 3780 2459 παρο

2188 2473 2337 2525 κόντα
2361 2474 2559 2526 κανόνα
2589 2476 2681 2528 καὶ
2709 2477 2798 2528 τὸν
2837 2478 3232 2549 ἑϐδομηκοστὸν
3273 2482 3455 2549 ὄγδοον
3488 2484 3579 2535 τοῦ
3607 2484 3776 2549 μεγά-

2213 2564 2304 2615 λου
2340 2564 2617 2618 Βασιλείου
2645 2569 2886 2621 ἐνιαυτὸν
2935 2572 3394 2639 προσκλαύσουσι,
3439 2575 3644 2627 διετίαν
3676 2576 3775 2625 ὑπι

2214 2657 2590 2725 ακροάσονται,
2621 2660 2858 2726 τριετίαν
2898 2663 3313 2731 ύποπεσοῦνται,
3345 2667 3438 2717 καὶ⁵
3466 2666 3541 2734 τῷ
3563 2665 3777 2735 ἑϐδόμῳ

2216 2749 2568 2817 συστήσονται
2600 2752 2735 2819 μετὰ
2762 2753 2867 2804 τῶν
2890 2756 3096 2806 πιστῶν
3126 2774 3140 2788 ο
3171 2757 3264 2810 καὶ
3302 2759 3491 2822 οὕτως,
3522 2761 3617 2811 ἐὰν
3639 2763 3778 2826 μετὰ

2213 2837 2463 2908 δακρύων
2487 2843 2883 2912 μετανοήσωσι,
2912 2847 3018 2897 τῶν
3051 2847 3209 2900 θείων
3238 2851 3593 2921 ἁγιασμάτων
3619 2853 3776 2917 ἀξιω-

2215 2927 2491 3000 θήσονται.

2795 3029 3026 3083 ΚΛΝΩΝ
3056 3031 3197 3085 ΛΕ’.ι

539 3083 872 3182 (Quoniam
910 3116 1275 3171 intelleximus
1303 3134 1420 3183 eos,
1467 3118 1559 3188 qui
1592 3128 1719 3173 sunt
1752 3119 1804 3174 in
1838 3106 2112 3175 Romano;

2796 3068 3022 3083 ...μηηη
3056 3068 3141 3085 μμ
3171 3073 3184 3084 .

2222 3068 2493 3187 ΓἘπειδὴ
2532 3118 2929 3191 μεμαθήκαμεν
2958 3124 3081 3186 τοὺς
3113 3127 3169 3193 εν
3198 3130 3261 3196 τῇ
3307 3128 3593 3198 Ῥωμαίων
3620 3133 3774 3185 πόλει

633 3230 652 3263 ι
682 3226 802 3263 rum
839 3210 1081 3275 civitate,
1116 3210 1167 3265 in
1201 3211 2111 3289 sanctisQuadragesimmjejuniis

630 3322 649 3354 ι
686 3302 805 3371 ejus
842 3302 1097 3356 Sabhatis
1148 3303 1418 3371 jcjunarc,
1456 3316 1650 3374 praeter
1684 3306 2110 3361 ecclesiasticam

628 3412 647 3445 ι
676 3394 932 3448 traditam
958 3396 1403 3463 consequentiam
1430 3414 1441 3450 :
1478 3405 1678 3450 sancta:
1706 3398 1909 3467 synodo
1941 3400 2110 3452 visum

570 3520 579 3527 κ
628 3505 647 3538 ‹
681 3495 784 3551 est,
818 3494 877 3539 ut
909 3487 960 3540 in
999 3485 1369 3541 Romanorum
1419 3504 1636 3559 quoque
1670 3490 1910 3546 Ecclesia
1944 3492 2115 3548 invio-

627 3597 646 3631 ι
678 3578 911 3633 Iabiliter
940 3580 1182 3633 obtineat
1213 3594 1415 3643 canon,
1445 3583 1535 3651 qui
1566 3582 1733 3640 dicjt':
1769 3582 1823 3636 Si
1855 3585 1977 3654 quis
2006 3585 2117 3641 cle-

632 3684 652 3719 ι
686 3667 835 3721 ricus
887 3668 1138 3722 inventus
1173 3668 1338 3723 fuerit
1384 3669 1438 3722 in
1476 3681 1667 3725 sancto
1702 3671 1989 3729 Dominico
2029 3676 2113 3730 vel

629 3776 647 3811 ι
684 3757 921 3814 Sahbato
949 3760 1219 3830 jejunare,
1272 3774 1465 3830 praeter
1497 3780 1661 3818 unum
1702 3774 1754 3819 et
1784 3768 1985 3837 solum,
2018 3769 2113 3823 de-

628 3869 647 3904 ι
677 3863 951 3922 ponatur:
985 3856 1069 3908 sin
1102 3863 1281 3909 autem
1306 3854 1503 3921 laicus,
1550 3869 1880 3930 segregetur.
1922 3879 1943 3913 ι

624 4027 818 4084 BALS.
860 4028 999 4084 Tum
1034 4038 1256 4102 propter
1285 4031 1390 4087 alia
1423 4035 1615 4100 multa,
1649 4045 1764 4090 tum
1794 4039 1955 4103 etiam
1991 4057 2115 4111 pro-

552 4140 675 4195 pter
724 4134 1041 4195 prtesentem
1108 4141 1395 4192 canonem,
1448 4129 1659 4207 dicunt,
1729 4133 1821 4200 qui
1877 4143 2112 4188 veterem

553 4219 778 4273 Romam
810 4220 1075 4285 incolunt,
1106 4235 1213 4272 non
1243 4236 1367 4275 esse
1399 4231 1641 4276 sanctam
1675 4225 1813 4278 hanc
1843 4227 2110 4297 synodum

2076 3881 2151 3933 ,Δ

2287 3223 2305 3256 ι
2343 3208 2401 3257 ὲν
2427 3210 2544 3271 ταῖς
2572 3209 2752 3274 ἁγίαις
2770 3212 2864 3279 τῆς
2896 3212 3320 3281 Τεσσαρακοσῆς
3349 3222 3625 3286 νηστείαις
3655 3226 3770 3285 τοῖς

2288 3316 2305 3349 ι
2338 3297 2538 3367 ταύτης
2569 3301 2862 3365 Σαϐϐἁτοις
2892 3305 3168 3371 νηστεύειν
3202 3310 3352 3377 παρά
3378 3312 3475 3379 τὴν
3538 3312 3776 3382 παρέδο-

2285 3409 2303 3440 ι
2343 3389 2543 3465 θεῖσαν
2573 3394 3026 3465 ἐκκλησιαστικὴν
3092 3399 3412 3452 ἀκολουθίαν
3447 3414 3463 3428 ⁸
3512 3403 3653 3466 ἔδοξε
3707 3409 3772 3473 τῇ

2290 3499 2308 3531 ς
2346 3482 2476 3553 ἁγίᾳ
2508 3485 2704 3555 συνόδῳ
2732 3485 3123 3556 ὧστενκρατεῖν
3148 3495 3238 3542 καὶ
3266 3494 3358 3544 ἐπὶ
3386 3496 3449 3563 τῇ
3489 3494 3773 3564 Ῥωμαίων

2292 3591 2311 3622 r
2345 3573 2642 3646 Ἐκκλησία
2671 3578 3140 3646 ἀπαρασαλεύτως
3168 3583 3257 3635 τὸν
3286 3585 3507 3650 κανόνα,
3560 3588 3649 3639 τὸν
3683 3589 3773 3641 λέ-

2289 3681 2307 3715 ι
2346 3672 2513 3734 γοντα
2549 3673 2563 3694 ⁸
2600 3668 2668 3719 Εἴ
2704 3686 2785 3731 τις
2814 3672 3075 3741 κληρικὸς
3111 3676 3360 3748 εὑρεθείη
3391 3684 3456 3748 τῇ
3502 3681 3631 3750 ἁγία
3656 3684 3773 3735 Κυ-

2295 3776 2313 3809 c
2355 3763 2515 3831 ριακῇ
2561 3762 2833 3831 νηστεύων
2864 3764 2895 3834 ἢ
2924 3765 2984 3817 τὸ
3019 3766 3295 3821 Σάϐϐατον
3326 3772 3463 3840 πλὴν
3513 3774 3606 3829 τοῦ
3656 3778 3774 3840 ἐνὸς

2292 3869 2311 3903 ι
2350 3855 2442 3925 καὶ
2482 3853 2671 3923 μόνου,
2703 3856 3069 3925 καθαιρείσθω
3093 3874 3109 3890 ·
3143 3863 3191 3912 εί
3233 3860 3290 3913 δὲ
3342 3862 3547 3931 λαῖκδς,
3580 3869 3776 3940 ἀφορι-

2292 3965 2311 3998 ‹
2346 3946 2538 4009 ζέσθω.
2584 3968 2602 4001 ι
3694 3969 3770 4017 -3

2286 4041 2478 4094 ΒΑΛΣ.
2518 4044 2624 4095 Καὶ
2664 4045 2744 4107 είς
2781 4044 2913 4097 ἀλλα
2956 4047 3055 4117 μὲν
3083 4048 3275 4117 πολλὰ,
3303 4052 3440 4117 τέως
3468 4054 3524 4108 δὲ
3558 4055 3653 4109 καὶ
3682 4057 3773 4111 διὰ

2214 4132 2303 4187 τὸν
2362 4136 2600 4206 παρόντα
2675 4138 2894 4203 κανόνα,
2950 4140 3198 4210 λέγουσιν
3252 4146 3300 4197 οἱ
3355 4147 3455 4216 τῆς
3533 4150 3774 4214 παλαιᾶς

2228 4226 2439 4297 Ῥώμη,
2471 4231 2543 4299 μὴ
2579 4225 2838 4302 εἶναιτὴν
2866 4234 3024 4302 ἁγίαν
3057 4238 3262 4307 ταύτην
3301 4239 3517 4293 σύνοδον
3581 4246 3699 4295 οἰκο
3714 4273 3767 4294 δ’
3852 4296 3861 4299 ,

553 4311 970 4375 (ecumenicam,
1000 4313 1142 4366 sicut
1168 4323 1221 4366 et
1248 4315 1303 4366 in
1333 4314 1451 4381 ejus
1475 4319 1741 4385 prooemio
1766 4319 2109 4387 scripsimus.

2220 4323 2463 4392 μενικὴν,
2501 4322 2677 4387 καθὼς
2701 4329 2794 4377 καὶ
2826 4331 2883 4379 ἐν
2908 4328 2995 4397 τῷ.
3022 4332 3293 4401 προοιμίῳ
3317 4334 3486 4403 αὐτῆς
3532 4337 3779 4405 ἐγράψα-

482 4412 499 4423 ‘
554 4404 835 4473 Tanquam
871 4404 1015 4456 enim
1050 4404 1251 4459 ferrum
1286 4421 1382 4459 cor
1414 4422 1598 4461 eorum
1628 4411 1887 4477 pervasit,
1916 4426 2113 4481 eosque

557 4498 765 4564 pungit,
800 4504 859 4549 ut
883 4496 977 4565 qui
1000 4508 1189 4549 contra
1214 4500 1570 4566 apostolicum
1603 4516 1863 4557 canonem
1891 4503 2113 4573 faciant,

555 4588 647 4655 qui
685 4589 848 4640 dicit:
883 4588 1090 4655 Siquis
1117 4588 1353 4643 clericus
1390 4590 1644 4647 inventus
1707 4594 1870 4651 fuerit
1923 4608 2114 4651 sancto

557 4678 839 4732 Dominico
866 4688 918 4733 et
950 4680 1189 4737 Sabbato
1214 4683 1489 4754 jejunare,
1534 4696 1890 4757 praeterquam
1926 4706 2033 4745 uno
2060 4700 2114 4745 et

556 4770 694 4835 snlo,
719 4770 1059 4839 deponatur:
1102 4776 1148 4828 si
1200 4784 1384 4829 autem
1434 4775 1629 4841 laicus,
1682 4790 2016 4849 segregetur.
2072 4783 2113 4837 li

553 4879 685 4931 ergo
720 4865 875 4917 venia
909 4866 1058 4934 digni
1091 4882 1197 4920 non
1233 4877 1380 4933 sunt,
1416 4871 1509 4938 qui
1564 4887 1675 4924 sua:
1694 4871 1898 4928 rursus
1936 4877 2115 4945 priVa-

557 4965 621 5009 ta:
660 4957 1037 5017 constitutioni
1066 4960 1354 5024 inhaerent,
1387 4969 1440 5013 et
1472 4977 1577 5015 non
1610 4964 1786 5018 solum
1827 4967 1877 5020 in
1910 4978 2112 5023 sancta:

464 5118 471 5125 ι
555 5048 993 5117 Quadragesima:
1014 5049 1272 5106 Sabbatis
1292 5052 1563 5122 jejunant,
1597 5057 1691 5110 sed
1718 5070 1771 5111 et
1800 5059 1851 5111 in
1887 5062 2112 5130 reliquis

553 5140 827 5194 omnibus.
875 5139 987 5210 Ego
1016 5151 1194 5197 autem
1229 5146 1339 5198 vidi
1394 5148 1657 5215 quosdam
1705 5147 1950 5216 Latinos,
1997 5154 2111 5220 qui,

553 5246 679 5285 cum
729 5242 1017 5303 propterea
1056 5224 1606 5304 reprehenderentur,
1646 5240 1861 5295 inanem
1894 5257 2112 5312 qucque

553 5326 961 5380 excusationem
999 5326 1316 5396 afferebant,
1355 5331 1422 5386 ad
1454 5342 1705 5386 sanctum
1761 5351 1955 5406 nempe
2006 5337 2110 5391 Do-

556 5416 688 5469 mini
735 5428 790 5472 et
820 5419 1131 5478 Servatoris
1174 5426 1352 5478 nostri
1400 5422 1530 5479 Jesu
1564 5426 1761 5480 Christi
1796 5429 2108 5497 sepulcrum

556 5506 882 5574 aditionem,
915 5521 972 5568 et
1004 5514 1148 5583 quod
1181 5515 1344 5585 hujus
1375 5517 1452 5572 rei
1487 5519 1665 5588 gratia
1692 5533 1758 5573 ex
1786 5519 1947 5589 longa
1975 5536 2110 5574 con-

556 5599 845 5658 suetudine
873 5603 1113 5660 obtinuit
1133 5605 1427 5678 jejunium.
1458 5610 1606 5669 Alios
1637 5620 1818 5667 autem
1853 5614 1985 5683 vidi,
2015 5616 2107 5685 qui

2220 4431 2338 4483 μεν.
2378 4414 2462 4479 Ὠς
2490 4417 2597 4486 γὰρ
2650 4417 2866 4489 σίδηρος
2919 4421 3101 4490 διῆλθε
3140 4425 3237 4492 τὴν
3294 4427 3519 4498 καρδίαν
3573 4432 3795 4493 αὐτῶν,

2216 4508 2311 4559 καὶ
2350 4509 2652 4576 στηλιτεύει
2684 4514 2908 4579 τούτους
2924 4515 2997 4579 ὡς
3028 4518 3363 4584 ὑπεναντίως
3384 4525 3673 4588 ποιοῦντας
3696 4528 3778 4596 τῷ

2216 4600 2557 4672 ἀποστολικῷ
2599 4606 2803 4669 κανόνι,
2864 4608 2941 4677 τῷ
2995 4610 3245 4677 λέγοντι·
3278 4614 3345 4665 Εῖ
3396 4632 3481 4677 τις
3517 4618 3777 4687 κληρεκὸς

2214 4691 2461 4762 εὑρεθείη
2520 4696 2583 4763 τῇ
2634 4696 2765 4766 ἁγίᾳ
2817 4699 3068 4772 Κυριακῇ
3118 4706 3339 4772 καὶτῷ
3390 4706 3651 4775 Σαϐϐάτῳ
3682 4726 3779 4777 νη-

2216 4782 2421 4835 στεύων
2451 4785 2589 4855 π>.ὴν
2631 4786 2722 4838 τοῦ
2764 4789 2881 4851 ἐνὸς
2915 4796 3006 4843 καὶ
3048 4792 3232 4861 μόνου,
3276 4795 3686 4865 καθαιρείσθω·
3726 4802 3777 4851 εἰ

2212 4872 2266 4925 δὲ
2297 4874 2500 4939 λαῖκὸς,
2555 4878 2915 4949 ἀφοριζέσθω.
2940 4884 3014 4936 Οὐ
3042 4886 3147 4954 χρὴ
3179 4882 3269 4939 οὖν
3297 4886 3518 4949 τούτους
3556 4892 3771 4963 συγνῴ-

2217 4980 2322 5032 μης
2340 4964 2767 5038 ἀξιωθῆναιητῆς
2782 4972 2948 5041 αὐτῆς
2972 4976 3354 5045 ἐξερχομένους
3376 4980 3775 5051 ίδιορῤυθμίας,

2212 5056 2307 5108 καὶ
2358 5058 2519 5111 πάλιν
2580 5062 2675 5113 καὶ
2729 5066 3084 5133 νηστεύοντας
3143 5069 3218 5138 μὴ
3272 5070 3437 5139 μόνον
3502 5076 3645 5129 κατά
3708 5082 3775 5130 τὰ

2212 5147 2464 5202 Σάϐϐατα
2487 5152 2583 5221 τῆς
2612 5153 2775 5221 ἁγίας
2807 5156 3285 5231 Τεσσαρακοστῆς,
3327 5163 3465 5219 ἀλλὰ
3507 5170 3604 5222 καὶ
3634 5175 3777 5226 κατά

2211 5242 2278 5293 τὰ
2303 5240 2482 5301 λοιπά.
2523 5245 2664 5314 Ἐγὼ
2690 5247 2745 5300 δὲ
2772 5246 2910 5304 εἶδόν
2941 5269 3092 5317 τινας
3120 5256 3383 5322 Λατίνους
3408 5264 3776 5335 αἰτιωμένους

2210 5333 2296 5387 διὰ
2337 5335 2514 5402 τοῦτο,
2551 5341 2645 5391 καὶ
2669 5343 2903 5410 ματαίαν
2950 5347 3423 5420 προϐαλλομένους
3476 5333 3769 5427 πρόφασιν,

2208 5426 2307 5495 τὴν
2344 5429 2556 5519 είςίτδν
2607 5434 2762 5499 ἅγιον
2810 5440 2976 5505 τάφον
3020 5439 3115 5493 τοῦ
3150 5442 3358 5512 Κυρίου
3401 5451 3493 5499 καὶ
3518 5426 3772 5519 Σωτῆρος

2210 5519 2365 5588 ἡμῶν
2419 5508 2594 5592 Ἰησοῦ
2651 5527 2884 5601 ξριστοῦ
2927 5508 3253 5598 ἁπέλευσιν,
3298 5537 3393 5591 καὶ
3458 5539 3555 5610 τὴν
3604 5508 3767 5609 χέε,ιᾷ

2210 5614 2399 5670 τούτου
2428 5621 2782 5692 κρατήσασαν
2814 5612 3067 5695 νηστείαν
3103 5632 3168 5684 ὲκ
3201 5612 3488 5705 συνηθείας
3526 5636 3771 5705 μακρᾶς.
