4110 6224
372 272 384 286 ,
407 199 514 266 τις

1406 197 1487 259 IN
1516 198 1681 259 CAN.
1726 199 1851 259 LVI
1893 198 2100 260 CONC.
2147 199 2227 259 lN
2257 176 2594 291 TRULLQ.

3515 204 3628 275 710

408 318 639 376 ’Ἄλλους
664 313 724 366 δὲ
752 310 889 367 εἶδον
930 311 1005 383 μὴ
1024 311 1355 378 ἀπελθόντας
1383 316 1461 377 εἰς
1490 315 1558 367 τὰ
1596 314 1944 385 Ἰεροσόλυμα

2073 314 2498 386 Hierosolymam
2548 332 2656 372 non
2704 322 2982 384 venerant,
3026 324 3081 374 et
3111 317 3365 376 similiter
3407 319 3623 391 jejuna-

404 410 501 467 καὶ
525 407 882 479 νηστεύοντας
922 406 1120 478 ὁμοίως
1162 424 1177 439 °
1216 408 1311 461 καὶ⁵
1367 409 1559 474 ἄλλους
1605 408 1969 478 ἀτιμάζοντας

407 500 507 570 τὴν
557 499 811 568 τοιαύτην
870 501 1126 568 νηστείαν
1195 502 1288 552 καὶ
1335 501 1637 572 ἀδιαφόρως
1693 502 1833 555 κατά
1901 502 1971 555 τὰ

406 595 660 649 Σάϐϐατα
702 593 1094 656 καταλύοντας,
1149 593 1478 658 ἀπελθόντας
1524 595 1617 647 καὶ
1671 595 1843 649 ταῦτα
1889 596 1969 659 είς

405 687 498 738 τὸν
534 685 620 738 τοῦ
644 685 855 755 Κυρίου
879 685 1060 751 τάφον.
1094 684 1208 739 Οὔκ
1258 685 1366 753 ἔχω
1417 683 1547 752 γοῦν
1595 679 1770 736 εἷπειν
1824 685 1969 745 ὅπως

403 777 579 832 ταῦτα
611 776 752 830 οὕτω
781 775 1067 846 παράᾓτῶν
1090 775 1345 829 τοιούτων
1369 775 1632 844 γίνονται.
1681 777 1868 830 Ἕοικε
1911 774 1967 826 δὲ

402 868 477 928 ὡς
502 870 611 929 τοῖς
650 867 793 919 ἔθεσι
826 867 1077 937 μᾶλλονῆ
1111 869 1224 929 τοῖς
1255 869 1475 920 κανόσιν
1523 868 1856 921 ἀκολουθεῖν.

473 962 724 1014 ΖΩΝΛΡ.
777 960 1185 1030 Διορθώσασθαι
1243 962 1302 1013 τὸ
1368 960 1589 1031 σφάλμα
1644 961 1802 1013 τοῦτο
1861 961 1966 1014 τῶν

401 1054 652 1110 Λατίνων
704 1055 739 1123 ἡ
785 1054 999 1116 συνόδος
1031 1053 1407 1123 ἐπεχείρησεν,
1476 1053 1590 1106 ἀλλ’
1648 1052 1965 1123 ἀδιόρθωτοι

404 1148 503 1201 καὶ
526 1146 683 1209 αὖθις
714 1146 1038 1210 οἱάλαζόνες
1066 1147 1289 1216 ἔμεινάν
1317 1164 1377 1198 τε
1412 1146 1503 1199 καὶ
1535 1146 1776 1216 μένουσι,
1808 1148 1959 1217 ,μήτε

401 1240 514 1302 τοῖς
534 1238 913 1308 παλαιοτέροις
943 1240 1131 1291 κανόσι
1160 1237 1493 1306 πειθόμενοι,
1538 1241 1647 1301 τοῖς
1708 1240 1833 1292 ἄνευ
1868 1236 1963 1291 τοῦ

401 1332 519 1392 ett;
555 1330 837 1383 Σαϐϐἀτου
884 1329 977 1381 τοῦ
1024 1329 1259 1399 μεγάλου
1304 1330 1503 1401 δηλαδὴ
1554 1329 1628 1400 μὴ
1684 1328 1962 1396 νηστεύειν

399 1423 459 1473 ὲν
490 1421 751 1492 Σαϐϐάτῳ
784 1420 1081 1483 κελεύουσι,
1121 1422 1254 1491 μήτε
1284 1421 1459 1492 τούτῳ
1490 1421 1960 1491 ἐπιστρεφόμενοι,

399 1516 493 1568 καὶ
528 1517 665 1587 μήτε
691 1518 789 1586 τὴν
808 1515 1126 1584 καθαίρεσιν
1148 1516 1199 1567 οἱ
1235 1515 1524 1587 ίερωμένοι
1548 1514 1957 1586 εὐλαϐούμενοι,

400 1607 530 1679 μηθ’
557 1609 607 1660 οἱ
654 1607 832 1661 λαῖκοὶ
856 1610 947 1661 τὸν
969 1608 1293 1678 ἀφορισμόν.

2074 404 2243 459 bant:
2280 415 2333 458 et
2360 406 2499 461 alios
2533 407 2625 476 qui
2662 406 2929 483 ejusmodi
2981 408 3250 478 jejunium
3307 419 3628 468 contemne-

2070 498 2199 552 bant
2246 508 2299 552 et
2349 498 2826 554 iudiscriminatim
2890 500 2943 553 in
3001 499 3258 558 Sabbatis
3300 503 3623 569 solvebant,

2069 592 2160 658 qui
2208 591 2367 644 etiam
2425 592 2490 645 ad
2546 590 2760 645 Domini
2816 595 3120 662 sepulcrum
3170 606 3449 651 venerant.
3505 595 3625 653 Non

2070 696 2291 749 possum
2331 684 2512 751 itaque
2560 684 2741 740 dicere
2775 684 3051 754 quomodo
3100 686 3215 741 haec
3266 688 3495 761 abillis
3543 689 3625 744 sic

2073 773 2229 827 ﬁant.
2309 773 2572 830 Videntur
2628 787 2806 831 autem
2857 778 2897 831 ii
2943 780 3392 836 consuetudinem
3443 782 3626 853 potius

2068 867 2241 930 sequi,
2275 882 2438 935 quam
2472 884 2731 925 canones.

2138 954 2387 1011 ZONAR.
2441 956 2758 1013 Latinorum
2830 960 2933 1015 hoc
2987 972 3271 1033 peccatum
3336 967 3626 1023 emendare

2064 1048 2306 1116 synodus
2329 1057 2555 1104 conatus
2579 1062 2694 1117 est;
2729 1069 2915 1108 verum
2947 1054 3000 1110 in
3028 1071 3127 1109 sua
3160 1057 3455 1125 pertinacia
3486 1058 3621 1113 bac-

2063 1154 2222 1196 teuus
2259 1154 2680 1212 permanserunt
2721 1158 3067 1217 arrogantes,
3102 1149 3372 1218 hodieque
3409 1164 3623 1219 perma-

2063 1244 2214 1288 nent.
2270 1234 2454 1303 Neque
2502 1252 2655 1300 vero,
2708 1240 3080 1309 autantiqu'os
3105 1255 3341 1295 canones
3372 1242 3617 1306 audiunt,

2061 1324 2152 1394 qui
2182 1338 2343 1379 omne
2372 1327 2425 1378 in
2453 1324 2689 1381 Sabbato
2710 1327 3002 1396 jejunium,
3033 1346 3141 1385 uno
3161 1322 3408 1400 excepto,
3428 1346 3622 1400 nempe

2062 1417 2243 1486 magni
2278 1418 2500 1472 Sabbati
2529 1418 2640 1483 die,
2680 1422 2904 1476 vetitum
2931 1439 3054 1478 esse
3086 1425 3329 1490 voluere,
3378 1433 3473 1479 aut
3518 1425 3622 1499 bu-
3676 1474 3683 1481 .

2056 1508 2146 1577 jus
2174 1523 2391 1579 quoque
2422 1522 2713 1566 moventur
2744 1515 3086 1571 auctoritate.
3141 1516 3282 1581 Quin
3314 1528 3367 1571 et
3397 1515 3619 1586 deposi-

2064 1600 2265 1656 tiouem
2297 1618 2514 1673 quoque
2546 1606 2639 1676 qui
2669 1607 2844 1661 sacris
2881 1607 3074 1661 initiati
3106 1618 3252 1668 sunt,
3283 1618 3338 1661 et
3362 1623 3618 1678 segrega-

2062 1690 2260 1747 tionem
2289 1694 2663 1764 jejunantibus
2697 1698 2954 1753 indictam
2990 1698 3112 1753 laici
3143 1700 3446 1771 negliguut.

403 1790 630 1844 ΔΡΙΣΤ.
672 1805 691 1839 ι
727 1788 788 1841 Ol
823 1788 1091 1855 Ῥωμαῖοι
1116 1789 1230 1849 τοῖς
1252 1786 1350 1854 τῆς
1376 1785 1833 1856 Τεσσαρακοστῆς
1863 1803 1952 1856 νη-

2058 1782 2284 1841 ARIST.
2321 1806 2338 1839 ι
2366 1787 3048 1861 RomaniQuadragesimze
3066 1791 3614 1863 Sabbatisjejunant:

475 1900 496 1933 ι
536 1880 789 1934 στεύουσι
842 1879 1153 1934 Σάϐϐασινο
1233 1878 1641 1949 ὑπομιμνήσκει
1691 1878 1872 1931 τοίνυν
1926 1880 1959 1950 ὴ

473 1991 493 2025 ι
528 1974 744 2035 σύνοδος
769 1972 862 2024 καὶ
895 1970 988 2023 ἐπὶ
1034 1970 1239 2024 τούτων
1266 1969 1360 2023 τδν
1384 1969 1737 2023 ἀποστολικὺν
1758 1970 1960 2025 κανόνα

475 2085 495 2115 ι
535 2066 778 2135 κρατεῖν.
825 2082 845 2115 ι
938 2134 943 2137 _

466 2158 735 2213 Μαθοῦσα
770 2157 967 2225 αῦτηὴ
1000 2156 1131 2223 ἀγία
1173 2154 1388 2219 σύνοδος
1430 2156 1559 2219 τοὺς
1600 2158 1660 2210 ὲν
1713 2158 1779 2227 τῇ
1828 2155 1959 2209 Ῥω-

397 2256 579 2325 μαίων
619 2254 770 2305 πόλει
802 2252 891 2305 τὸν
937 2250 1228 2322 ἑξηκοστὸν
1279 2249 1541 2320 τέταρτον
1595 2241 1796 2303 κανόνα
1851 2251 1958 2303 τῶν

393 2347 570 2415 ἁγίων
601 2345 914 2399 ἀποστόλων
945 2343 1401 2414 παραϐαίνοντας,
1430 2342 1521 2394 τὸν
1555 2343 1957 2412 προστάττοντα

390 2438 524 2492 ἄνευ
552 2437 643 2489 τοῦ
674 2435 910 2505 μεγάλου
947 2435 1224 2487 Σαϐϐάτου
1254 2434 1440 2501 ἓτερον
1466 2433 1741 2486 Σάϐϐατον
1781 2434 1812 2503 ἢ
1848 2435 1957 2485 Κυ-

394 2531 597 2603 ριακήν
633 2532 705 2599 μὴ
748 2528 1028 2599 νηστεύειν
1061 2544 1075 2557 ⁸
1103 2527 1268 2597 ὥρισε
1304 2527 1399 2578 καὶ
1430 2528 1487 2578 ἐν
1542 2529 1605 2596 τῇ
1676 2525 1955 2596 Ῥωμαίων

2133 1895 2153 1929 ι
2200 1878 2457 1967 admonet
2508 1882 2693 1952 itaque
2744 1886 2986 1949 synodus
3035 1884 3088 1938 in
3119 1884 3205 1940 his
3239 1886 3404 1941 etiam
3437 1902 3611 1944 cano-

2132 1990 2152 2022 ι
2187 1986 2309 2026 ηοω
2343 1975 2703 2043 apostolicum
2732 1978 2932 2032 valere.
2960 1994 2981 2028 ι
3165 2018 3173 2024 .
3438 1996 3443 2003 ·

2125 2153 2571 2221 lntelligensluec
2598 2167 2785 2212 sancta
2817 2174 2938 2233 syn.
2972 2174 3088 2225 eos,
3117 2161 3209 2233 qui
3241 2161 3296 2217 in
3332 2162 3613 2219 Romano-

2055 2258 2173 2298 rum
2227 2255 2354 2299 sunt
2406 2246 2567 2319 224
2617 2230 3304 2321 οἰνίιαιε,ἐεχεεεείιηυιη
3355 2266 3614 2326 quartum

2055 2345 2370 2390 sanctorum
2411 2340 2785 2408 apostolorum
2821 2357 3084 2417 canouem
3118 2346 3225 2399 alio
3250 2344 3610 2420 praeterquam

2054 2418 2250 2496 magno
2284 2427 2523 2484 Sabbato
2576 2442 2673 2485 aut
2728 2432 2816 2487 die
2872 2433 3156 2491 Dominico
3202 2452 3309 2493 non
3359 2418 3613 2511 jejuinare

2053 2521 2422 2585 mandantem,
2457 2524 2737 2579 transilire
2767 2543 2781 2580 :
2845 2527 3109 2591 decrevit,
3142 2541 3195 2583 et
3226 2531 3280 2585 in
3335 2531 3610 2589 Romam-

402 2622 706 2693 Ἐκκλησίᾳ
739 2622 1186 2692 ἁπαρασάλευτον
1217 2620 1307 2674 τὸν
1328 2619 1569 2674 τοιοῦτον
1597 2619 1952 2674 ἀποστολικὸν

2052 2625 2169 2662 rum
2234 2610 2476 2666 Ecclesia
2511 2614 2658 2667 illum
2723 2618 3085 2686 apostolorum
3139 2635 3399 2680 canonem
3459 2625 3613 2702 firme

390 2715 596 2768 κανόνα
626 2714 1011 2783 φυλάττεσθαι.
1068 2708 1071 2715 ’

955 2826 1195 2880 ΚΑΝΩΝ
1250 2825 1391 2894 Nan

396 2962 418 2995 ι
474 2940 746 2999 ’Ὡσαύτως
775 2939 1246 3009 μεμαθήκαμενὲν
1278 2957 1335 2992 τε
1358 2941 1422 3009 τῇ
1467 2939 1767 3010 Ἀρμενιων
1798 2940 1950 3014 χώρᾳ

474 3053 494 3086 ι
526 3036 620 3086 καὶ
644 3035 700 3085 ἐν
733 3032 937 3100 ἑτέροις
970 3032 1174 3093 τόποις,
1211 3032 1265 3081 ἐν
1322 3033 1432 3090 τοῖς
1463 3032 1703 3084 Σάϐεασι
1754 3034 1846 3086 καὶ
1895 3037 1951 3087 ὲν

463 3144 481 3176 ι
520 3128 642 3183 ταῖς
682 3124 989 3193 Κυριακαῖς
1019 3126 1117 3193 τῆς
1160 3122 1319 3184 ἁγίας
1371 3121 1830 3191 Τεσσαρακοστῆς
1870 3122 1952 3175 ὠὰ

470 3236 487 3269 ι
529 3206 622 3270 καλ
676 3214 841 3285 τυρὸν
910 3213 1111 3266 ἐσθίειν
1165 3213 1353 3274 τινάς·
1420 3212 1564 3277 ἔδοξε
1624 3213 1800 3266 τοίνυν
1858 3214 1951 3266 καὶ

472 3330 491 3362 ‹
530 3308 874 3368 τοῦτο.ὦστε
922 3306 1019 3375 τὴν
1069 3304 1211 3358 κατὰ
1257 3306 1436 3357 πᾶσαν
1494 3304 1592 3374 τὴν
1628 3305 1950 3374 οἰκουμένην

466 3401 610 3455 (τοῦ
668 3400 801 3452 Θεοῦ
869 3394 1235 3464 Ἐκκλησίαν,
1301 3398 1398 3464 μιᾷ
1450 3395 1950 3449 κατακολουθοῦσαν

468 3515 488 3547 ι
523 3493 696 3557 τάξει,
721 3491 819 3562 τὴν
840 3489 1092 3559 νηστείαν
1136 3489 1424 3550 ἐπιτελεῖν,
1488 3488 1581 3541 καὶ
1626 3488 1947 3559 ἀπέχεσθαι,

467 3606 486 3639 ι
524 3587 709 3655 ὧσπερ
738 3580 898 3636 θυτοῦ
938 3583 1153 3643 παντὸς,
1184 3580 1324 3633 οὕτω
1357 3578 1422 3650 δὴ
1468 3579 1572 3643 ᾠοῦ
1606 3581 1701 3632 καὶ
1760 3580 1947 3649 τυροῦ,

1972 2902 2019 2967 C

472 3698 491 3730 ι
538 3677 573 3731 ὃ.
600 3676 809 3745 καρπός
840 3674 945 3725 εἰσι
985 3674 1078 3739 καὶ
1119 3672 1436 3741 γεννήματα
1484 3666 1559 3724 ὧν
1606 3672 1946 3741 ἀπεχόμεθα.
1996 3708 1999 3713 ~

470 3791 488 3823 ι
532 3771 596 3823 Εἰ
618 3771 673 3823 δὲ
709 3769 781 3838 μὴ
802 3767 957 3820 τοῦτο
980 3764 1472 3833 παραφυλάττοιεν,
1497 3766 1545 3816 εί
1571 3764 1667 3832 μὲν
1697 3766 1950 3836 κληρικοὶ

464 3884 485 3916 t
522 3859 655 3925 εἷεν,
685 3857 1157 3935 καθαιρείσθῳσαν
1185 3874 1199 3888 ο
1241 3857 1291 3908 εί
1337 3856 1392 3908 δὲ
1415 3856 1627 3925 ,λαῖκοὴ
1699 3857 1952 3926 ἁφοριζέ-

468 3977 486 4008 ι
528 3955 759 4007 σθωταν.
804 3971 821 4003 ι

2051 2702 2544 2773 inviolabiliterque
2572 2706 2974 2762 observandum
3012 2725 3156 2768 esse.

2162 2812 2167 2817 '
2468 2814 2473 2817 ‘
2608 2804 2854 2876 ‘CANON
2894 2820 3028 2877 LVL
3112 2834 3119 2837 -

2057 2950 2077 2999 ι
2125 2933 2389 2990 Similiter
2424 2938 2733 3007 accepimus
2764 2947 2817 2992 et
2862 2939 2915 2993 in
2971 2941 3356 2999 Armeniorum
3386 2947 3609 3017 regione
3670 2966 3697 2989 ο

2129 3043 2148 3075 ‹
2180 3034 2233 3079 et
2263 3026 2315 3079 in
2348 3027 2471 3081 aliis
2502 3026 2659 3092 locis,
2695 3028 2747 3082 in
2782 3026 3036 3086 Sabbatis
3066 3043 3119 3086 et
3150 3031 3450 3093 Dominicis
3482 3054 3611 3095 san-

2127 3136 2145 3168 ι
2180 3126 2278 3171 ctae
2308 3117 2765 3188 Quadragesimaa,
2814 3124 3077 3191 quosdam
3132 3139 3230 3180 ova
3286 3139 3337 3183 et
3386 3144 3604 3186 caseum

2126 3226 2143 3260 ι
2173 3210 2472 3263 comedere.
2516 3207 2696 3264 Visum
2728 3221 2807 3265 est
2841 3226 2971 3280 ergo
3002 3223 3055 3268 et
3092 3215 3215 3282 hoc,
3272 3226 3328 3271 ut
3360 3228 3467 3273 tcta
3512 3220 3606 3276 Dei

2126 3319 2144 3353 ι
2178 3301 2442 3364 Ecclesia,
2479 3318 2599 3372 qua:
2637 3312 2720 3357 est
2752 3303 2804 3357 in
2851 3304 3105 3361 universo
3136 3317 3404 3364 terrarum
3452 3315 3602 3379 orbe,

2125 3413 2145 3446 ι
2177 3411 2342 3448 unum
2376 3394 2619 3451 ordinem
2668 3411 2925 3465 sequens,
2952 3398 3222 3467 jejunium
3256 3402 3520 3470 perficiat,
3550 3414 3606 3459 et

2129 3505 2149 3540 ι
2180 3487 2474 3552 abstineat,
2514 3488 2657 3565 sicut
2684 3489 2752 3542 ab
2787 3489 2932 3543 omni
2962 3491 3254 3558 mactabili,
3283 3494 3360 3548 sic
3396 3496 3461 3550 ab
3490 3498 3605 3551 ovis

2062 3620 2071 3629 .
2124 3598 2145 3631 ι
2178 3589 2232 3635 et
2281 3595 2461 3647 caseo,
2514 3597 2635 3651 quae
2684 3581 2901 3650 quidem
2960 3592 3089 3638 sunt
3124 3584 3331 3643 fructus
3362 3598 3414 3643 et
3442 3589 3605 3645 ﬂetus

2125 3691 2144 3725 ι
2171 3689 2359 3728 eorum
2392 3689 2421 3727 a
2453 3675 2650 3744 quibus
2677 3676 3028 3731 abstinemus.
3066 3676 3122 3731 Si
3158 3692 3333 3735 autem
3368 3682 3468 3737 hoc
3496 3698 3605 3739 non

2123 3784 2141 3817 ι
2174 3767 2531 3830 servaverint,
2586 3767 2628 3820 si
2666 3768 2774 3821 sint
2809 3768 3028 3837 quidem
3082 3772 3289 3839 clerici,
3320 3773 3605 3845 deponat--

2126 3876 2145 3909 ι
2182 3867 2311 3913 tur:
2349 3858 2432 3913 sin
2452 3866 2628 3913 autem
2664 3858 2808 3928 laici,
2837 3871 3209 3932 segregentur.
3248 3882 3269 3917 ι

464 4067 658 4120 ΒΛΔΣ.
701 4066 790 4117 Ἑν
818 4062 895 4133 τῷ
922 4063 1245 4132 προλαϐόντι
1302 4058 1486 4113 κανόνι
1512 4061 1947 4132 ,νενομοθέτηται

2052 4054 2312 4135 ξιΒᾼιε.
2370 4054 2429 4108 In
2464 4054 2786 4123 praecedenti
2822 4055 3043 4124 quidem
3096 4072 3304 4114 canone
3333 4070 3599 4120 statutum

385 4161 469 4231 μὴ
500 4157 783 4228 νηστεύειν
816 4158 873 4209 ὲν
901 4158 1011 4217 τοῖς
1036 4154 1335 4216 Σαϐϐάτοις
1376 4154 1467 4206 καὶ
1494 4155 1609 4215 ταῖς
1638 4155 1946 4223 Κυριακαῖς

2052 4158 2151 4213 est,
2184 4151 2238 4202 in
2271 4147 2526 4201 Sabbatis
2554 4157 2607 4201 et
2637 4146 2935 4202 Dominicis
2990 4159 3193 4204 sanctae
3231 4150 3598 4226 Quadragesi-

380 4252 487 4319 τῆς
514 4250 669 4314 ἁγίας
689 4247 1163 4318 Τεσσαρακοστῆς.
1211 4243 1485 4312 Ἀρμένιοι
1521 4243 1612 4296 οὖν
1650 4244 1743 4295 καί
1796 4262 1942 4306 τινες

2052 4257 2149 4295 mae
2199 4256 2303 4296 non
2332 4255 2452 4295 esse
2476 4239 2851 4308 jejunandum.
2884 4241 3124 4296 Armenii
3161 4243 3344 4313 itaque
3369 4256 3425 4301 et
3476 4249 3599 4318 qui-

382 4342 681 4412 ὀρθόὸοξοι,
710 4340 783 4401 ὡς
810 4340 974 4395 ἔοικε.
1003 4336 1367 4405 πλανηθέντες
1393 4336 1498 4388 ἀπὸ
1550 4333 1643 4386 τοῦ
1704 4336 1943 4388 τοιούτου

388 4434 638 4496 κανόνος,
670 4433 932 4485 κατέλυον
957 4433 1014 4483 ὲν
1047 4433 1160 4493 τοῖς
1209 4430 1418 4499 ῥηθεῖσι
1470 4429 1794 4509 ξηαϐϐάτοις,
1852 4432 1944 4483 καὶ

380 4526 572 4597 ἤσθιον
602 4525 683 4577 ὡὰ
710 4527 804 4577 καὶ
833 4524 1014 4593 τυρὸν,
1044 4523 1117 4585 ὼς
1163 4521 1325 4587 δῆθεν
1381 4521 1455 4589 μὴ
1500 4520 1795 4589 μετέχοντα
1856 4520 1945 4573 αἴ·-

384 4633 583 4687 ματος,
618 4614 735 4668 ἀλλ’
767 4616 981 4667 ἐοικότα
1010 4615 1243 4682 καρποῖς
1277 4612 1585 4682 ὀπωρινοῖς.
1633 4609 1801 4663 Τοῦτο
1847 4610 1941 4664 οῦν

383 4707 746 4777 διορθουμένη
782 4707 816 4775 ἡ
853 4705 1093 4767 σύνοδος,
1122 4702 1416 4773 διορίζεται
1442 4704 1541 4772 μιᾷ
1566 4701 1717 4766 τάξει
1775 4718 1944 4785 καταέ

384 4795 666 4849 κολουθεῖν
695 4796 792 4857 τὰς
828 4793 1295 4863 ὃλαςἘκκλησίας
1322 4793 1418 4846 τοῦ
1449 4793 1603 4859 Θεοῦ,
1625 4793 1717 4845 καὶ
1740 4794 1945 4855 πάντας

384 4890 695 4961 ἀπέχεσθαι
757 4889 919 4942 θυτοῦ
979 4889 1259 4951 παντοίου,
1310 4888 1392 4939 ὅτι
1441 4886 1631 4939 καὶτὰ
1673 4884 1754 4937 ὠά
1778 4885 1870 4938 καὶ
1896 4884 1945 4937 οἱ

377 4984 548 5053 τυροὶ
571 4984 676 5037 κᾶν
703 4983 906 5052 καρποὶ
955 4981 1301 5049 λογίζωνται,
1334 4978 1445 5032 ἀλλ’
1478 4977 1600 5031 ἐπεὶ
1637 4977 1705 5030 τὰ
1750 4976 1820 5040 ’ἐξ
1871 4969 1945 5030 ὧν

379 5076 564 5129 ταῦτα
590 5075 901 5143 γεγόνασιν,
927 5074 1029 5126 οὐκ
1053 5072 1326 5140 ἐσθίομεν,
1352 5071 1472 5123 οὐδὲ
1500 5070 1581 5131 είς
1611 5069 1750 5123 αὐτὰ
1777 5085 1945 5121 κατα-

381 5168 542 5221 λύειν
564 5167 871 5235 όφείλομεν.
901 5165 1040 5227 Τοὺς
1086 5164 1268 5233 μέντοι
1324 5162 1399 5233 μὴ
1462 5162 1824 5229 φυλάττοντας
1876 5159 1945 5213 τά

382 5258 818 5327 διατεταγμένα,
848 5258 1136 5327 κληρικοὺς
1185 5256 1285 5326 μὲν
1334 5256 1511 5317 ὄντας,
1566 5252 1943 5322 καθαιρεῖσθαι

385 5348 826 5421 παρακελεύεται
855 5349 883 5399 ὁ
911 5346 1119 5401 κανὼνο
1176 5345 1398 5406 λαῖδίοὺς
1448 5345 1527 5406 δὲ,
1564 5343 1937 5413 ἀφορίζεσθαι.

384 5438 501 5491 Καὶ
527 5436 743 5499 πάντως
776 5436 855 5505 τῴ
883 5436 1033 5506 αὑτῷ
1064 5436 1323 5505 ἐπιτιμίῳ
1379 5434 1691 5497 ὑπόκεινται
1749 5432 1843 5486 καὶ
1892 5432 1941 5484 οἱ

382 5532 478 5584 διὰ
508 5528 675 5601 τυροῦ
705 5530 802 5582 καὶ
829 5527 939 5582 ὼοῦ
966 5529 1323 5592 καταλύοντες
1356 5527 1437 5591 είς
1465 5527 1561 5591 τὰς
1584 5525 1710 5587 ὅλας
1730 5525 1938 5596 Τετρά-

384 5623 488 5687 δας
519 5623 613 5676 καὶ
643 5622 1000 5693 Παρασκευάς
1028 5638 1043 5652 ·
1068 5622 1150 5675 ὅτι
1173 5619 1589 5690 νενομοθέτηται
1619 5615 1758 5671 κατὰ
1804 5617 1937 5670 ταύ-

2046 4332 2209 4398 ιὶειην
2245 4340 2303 4385 ιιι
2339 4338 2421 4385 est
2467 4329 2783 4392 verisimile,
2835 4331 3125 4384 orthodoxi
3161 4347 3222 4386 ex
3262 4335 3364 4389 hoc
3394 4351 3600 4393 canone

2045 4430 2316 4487 errantes,
2374 4420 2428 4474 in
2480 4420 2641 4475 dictis
2695 4418 2949 4475 Sabbatis
3007 4423 3359 4479 comedebant
3398 4440 3499 4483 ova
3545 4437 3600 4483 et

2044 4530 2285 4578 caseum,
2334 4521 2390 4566 ut
2436 4528 2555 4581 quae
2583 4522 2768 4567 essent
2803 4512 3086 4583 sanguinis
3123 4516 3361 4584 cxpertla
3397 4526 3450 4572 et
3497 4535 3598 4573 au-

2044 4607 2216 4661 tumni
2272 4604 2540 4660 fructibus
2612 4605 2835 4659 similia.
2892 4603 3007 4661 Hoc
3064 4606 3245 4677 itaque
3319 4611 3597 4681 corrigens

2043 4700 2229 4754 delinit
2254 4699 2518 4769 synodus,
2554 4712 2742 4769 omnes
2779 4696 2869 4752 Dei
2900 4696 3173 4755 Ecclesias
3207 4700 3403 4757 debere
3427 4719 3593 4758 unum

2043 4793 2283 4847 ordinem
2323 4790 2499 4858 sequi,
2536 4798 2588 4843 et
2623 4789 2895 4843 abstinere
2945 4805 3132 4846 omnes
3189 4792 3254 4846 ab
3304 4794 3449 4847 omni
3482 4811 3594 4849 ma-

2044 4882 2246 4943 ctabili,
2279 4881 2532 4949 quoniam
2584 4889 2638 4935 et
2682 4894 2778 4933 ova
2813 4882 3074 4947 et.casei,
3126 4883 3336 4945 etiamsi
3386 4885 3592 4941 fructus

2042 4982 2381 5043 reputentur,
2432 4972 2556 5041 quia
2611 4980 2788 5025 tamen
2832 4987 2920 5036 ea,
2976 4974 3281 5041 exquibus
3337 4974 3422 5028 illa
3467 4991 3592 5043 pro-

2043 5074 2348 5125 cesserunt,
2416 5079 2519 5116 non
2550 5063 2922 5127 comedimus,
2970 5079 3036 5117 ne
3090 5065 3169 5118 eis
3214 5062 3429 5133 quidem
3462 5067 3594 5135 ipsis

2008 5172 2012 5177 '
2042 5158 2189 5212 vesci
2220 5170 2280 5210 ac
2307 5154 2574 5224 jejunium
2601 5157 2815 5210 solvere
2873 5156 3154 5211 debemus.
3210 5157 3289 5209 Ac
3341 5172 3438 5213 eos
3471 5159 3594 5227 qui-
3624 5210 3641 5233 ί

2042 5244 2185 5308 dem,
2217 5242 2307 5310 qui
2343 5242 2455 5295 haec
2491 5241 2707 5296 decreta
2738 5257 2844 5297 non
2877 5254 3117 5308 servant,
3153 5244 3197 5298 si
3230 5246 3339 5299 sint
3370 5247 3588 5315 quidem

2042 5336 2249 5395 clerici,
2280 5335 2479 5405 deponi
2509 5335 2662 5403 jubet
2696 5349 2896 5400 canon,
2932 5334 3098 5389 laicos
3138 5351 3268 5390 vero
3298 5340 3587 5409 segregari.

2040 5431 2118 5483 Ac
2141 5428 2317 5482 eidem
2351 5427 2566 5495 quidem
2626 5426 2847 5480 omnino
2898 5440 3071 5496 penna:
3115 5428 3477 5497 subjiciuntur
3535 5438 3591 5483 et

2042 5522 2135 5591 qui
2166 5534 2258 5589 per
2290 5532 2513 5572 caSeum
2541 5526 2596 5572 et
2643 5534 2804 5572 ovum
2857 5518 3118 5589 jejunium
3173 5522 3389 5576 solvunt
3437 5522 3585 5576 omni

2045 5620 2238 5685 quarta
2270 5618 2323 5667 et
2371 5617 2522 5665 sexta
2587 5608 2744 5677 feria,
2796 5606 2892 5668 seu
2947 5612 3279 5679 Parascevc;
3329 5614 3584 5685 quoniam
