4110 6224
511 191 611 255 711

1746 189 1850 249 ΤΗ
1861 187 2021 250 ΕΟΙ).
2069 187 2471 249 BALSAMON

3623 181 3726 246 712

511 311 772 360 statutum
805 311 910 368 est,
943 312 1002 356 ut
1035 303 1219 357 ﬁdeles
1250 303 1334 355 his
1363 301 1558 356 diebus
1588 301 1853 371 jejunent,
1889 318 2074 372 quem-

2176 321 2274 366 τας
2300 301 2594 372 ,νηστεύειν
2649 301 2775 362 τοὺς
2832 299 3080 363 πιστοὺς,
3133 297 3322 367 ὥσπερ
3357 294 3455 350 καὶ
3509 296 3588 358 είς
3640 296 3705 364 τὴ

515 395 807 449 admodum
834 405 890 448 et
919 394 971 446 in
1001 393 1444 460 Quadragesima.

587 485 833 540 ZUNAR.
875 486 974 550 Qui
1010 486 1062 538 in
1099 485 1165 539 iis
1217 485 1531 552 regionibus
1580 485 1869 540 Christiani
1905 485 2066 553 dege—

515 580 667 641 bant,
708 594 831 631 cum
862 591 1149 640 canoncm,
1181 587 1238 630 ut
1270 578 1623 641 arbitramur,
1667 592 1775 646 quo
1804 577 2066 645 jejunium

519 670 774 724 Sabbatis
806 683 869 722 ac
909 667 1204 722 Dominicis
1256 669 1697 736 Quadragesima:
1728 668 2068 736 prohibetur,

515 762 871 829 reperissent,
905 759 1021 812 ovis
1056 773 1176 813 sese
1225 775 1320 829 per
1346 759 1589 813 eosdies
1640 765 1692 812 et
1722 773 1880 811 caseo
1929 757 2071 827 sagi-

415 885 429 898 -
518 854 740 907 nabant.
797 849 854 903 ld
887 864 1016 918 ergo
1042 864 1164 902 cum
1221 848 1508 903 emendare
1557 847 1796 919 synodus
1829 858 2067 916 cuperet,

516 945 585 995 ab
623 943 689 996 iis
744 957 959 1011 quoque
1016 943 1152 996 cibis
1202 941 1580 996 abstinendum
1633 956 1754 995 esse
1805 941 2069 995 decernit.

517 1035 985 1101 Quemadmodum
1017 1036 1184 1097 enim,
1215 1036 1410 1105 inquit,
1441 1035 1588 1088 omni
1621 1034 1920 1094 mactabili,
1953 1033 2072 1086 ani-

519 1129 798 1182 mantibus
832 1129 1106 1193 videlicet,
1137 1142 1257 1197 quae
1285 1128 1507 1181 mactari
1537 1126 1844 1196 jugularive
1874 1126 2066 1187 solent,

518 1236 859 1291 nequaquam
912 1221 1202 1281 vescimur,
1253 1221 1324 1272 ita
1374 1226 1427 1272 et
1462 1235 1581 1287 qua?
1607 1233 1673 1272 ex
1717 1218 1905 1272 iisdem
1955 1219 2072 1270 ani-

523 1311 797 1366 mantibus
826 1312 1123 1381 gignuntur
1155 1311 1416 1378 attingere
1452 1325 1557 1363 non
1589 1317 1824 1379 oportet.
1880 1307 1945 1361 Et
1975 1323 2069 1363 eos

521 1403 614 1470 qui
667 1404 780 1456 haec
815 1403 1028 1456 decreta
1077 1416 1183 1454 non
1237 1401 1552 1462 observant,
1586 1401 1814 1454 clericos
1849 1398 2067 1469 deponi,

522 1493 690 1547 laicos
725 1510 855 1546 vero
907 1493 1280 1562 segregatione
1311 1490 1491 1561 puniri
1514 1491 1686 1560 jubet.

521 1587 745 1643 ARIST.
787 1605 805 1638 ι
835 1586 1074 1641 Armenii
1129 1599 1228 1638 ova
1263 1595 1316 1638 et
1364 1599 1582 1638 caseum
1636 1580 2070 1650 Quadragosimtl:

2174 393 2766 464 Τεσσαρακονθήμερον
2787 393 3072 463 ιηστείαν.

2234 486 2477 540 ΖΩΝΑΡ.
2529 486 2592 537 Οἱ
2627 487 2684 537 ὲν
2718 486 2838 548 ταῖς
2869 484 3073 554 χώραις
3117 483 3356 543 ἐκείναις
3388 481 3733 552 Χριστιανοὶ,

2168 579 2440 649 εὑρόντες,
2476 576 2551 638 ὡς
2578 576 2742 636 ἔοικε,
2769 576 2861 628 τὸν
2888 577 3089 628 κανόνα
3113 577 3204 627 τὸν
3246 575 3475 641 λέγοντα
3508 573 3584 642 μὴ
3621 572 3736 625 δεῖν

2167 668 2226 720 ὲν
2253 669 2362 729 τοῖς
2399 667 2699 728 Σαϐϐἀτοις
2731 667 2826 719 καλ⁵
2852 668 2972 729 ταῖς
3026 668 3334 738 Κυριακαῖς
3378 666 3473 735 τῆς
3527 667 3739 718 Τεσσα·

2172 758 2437 825 ρακοστῆς
2462 755 2765 825 νηστεύειν,
2795 754 2880 809 ὠὰ
2904 755 2998 808 καὶ
3030 755 3192 825 τυρὸν
3215 756 3272 805 ἐν
3294 755 3483 814 αὑταῖς
3523 753 3734 822 ἤσθιον.

2170 847 2340 901 Τοῦτο
2371 848 2463 900 οὖν
2504 848 2858 922 διοργθουμένη
2924 849 2959 916 ἡ
3020 846 3236 910 σύνοδος
3277 846 3614 916 ἀπαγορεύει
3675 846 3737 898 τὸ

2168 940 2342 994 ταῦτα
2375 938 2594 1003 ἐσθίειν,
2636 940 2873 1006 λέγουσα
2903 942 3005 1003 ὅτι,
3031 939 3218 1010 ὥσπερ
3248 938 3563 1007 ἀπεχόμεθα
3595 955 3734 990 παν-

2168 1032 2316 1083 τοίου
2349 1030 2530 1091 θυτοῦ.
2577 1031 2732 1096 ζώων
2757 1033 2956 1102 δηλαδὴ
2983 1034 3264 1103 θυομένων
3306 1034 3425 1101 ἦτοι
3463 1029 3739 1098 σφαζομέ-

2171 1123 2474 1186 νων,λοῦτω
2492 1124 2586 1178 καὶ
2624 1125 2731 1177 τῶν
2768 1125 2827 1188 ἐξ
2873 1125 3051 1177 αὐτῶν
3101 1125 3400 1194 γινομένων
3437 1122 3736 1191 ἀπέχεσθαι

2167 1214 2266 1276 δεῖ,
2295 1215 2392 1269 καὶ
2428 1217 2553 1278 τοὺς
2585 1216 2658 1286 μὴ
2681 1217 2749 1270 τὰ
2779 1218 3180 1287 διατεταγμένα
3219 1217 3394 1270 ταῦτα
3443 1216 3740 1283 φυλάττον-

2167 1322 2266 1368 τας
2293 1304 2586 1376 κληρικοὺς
2616 1307 2994 1378 καθαιρεῖσθαι
3022 1308 3234 1362 κελεύει
3253 1325 3266 1338 ·
3288 1310 3411 1372 τοὺς
3438 1309 3492 1362 δὲ
3518 1307 3740 1367 λαῖκοὺς

2170 1397 2544 1468 ἀφορίζεσθαι.
3123 1393 3132 1402 ’

2176 1575 2396 1629 ΔΡΙΣΤ.
2450 1595 2467 1627 ι
2506 1579 2567 1630 Οἱ
2615 1579 2882 1649 ’Ᾱρμένιοι
2909 1579 2992 1634 tbi
3022 1581 3112 1633 καὶ
3140 1581 3302 1649 τυρὸν
3335 1583 3446 1642 τοῖς
3469 1582 3568 1651 τῆς
3598 1584 3738 1636 Τεσο

599 1697 617 1729 ι
647 1678 900 1732 Sabbatis
922 1676 1228 1731 comedunt.
1252 1676 1479 1729 Cautum
1510 1683 1593 1728 est
1615 1675 1799 1743 igitur,
1824 1682 1882 1726 ut
1925 1681 2069 1726 totus

2254 1683 2273 1716 ι
2319 1670 2662 1740 σαρακοστῆς
2697 1670 2932 1724 ἐσθίουσι
2966 1672 3236 1736 Σρϐϐασιν
3260 1689 3275 1706 ο
3307 1672 3539 1741 ὥρισται
3558 1675 3740 1727 τοίνυν

599 1785 618 1818 ι
651 1777 918 1820 terrarum
952 1766 1101 1820 orbis
1146 1767 1212 1818 ah
1253 1764 1374 1820 istis
1424 1764 1588 1818 etiam
1647 1762 1952 1817 abstineat:
1988 1760 2070 1816 sin

597 1876 616 1910 ι
649 1857 847 1925 minus,
885 1857 1180 1929 segregari.
1212 1875 1228 1907 ι

1076 1946 1300 2005 (ΣΑΝΟΝ
1360 1945 1517 2001 LVII.

531 2057 549 2091 ι
582 2036 736 2104 Quod
765 2036 831 2092 ad
864 2036 1034 2092 altare
1063 2036 1166 2092 mel
1199 2045 1253 2091 et
1304 2037 1387 2091 lac
1414 2035 1608 2090 θίγοι-τε
1640 2049 1748 2088 non
1766 2045 2013 2114 (oportet.
2049 2053 2068 2087 ι

593 2215 787 2271 BALS.
846 2213 921 2270 De
977 2230 1041 2270 eo
1075 2215 1194 2269 fuse
1228 2214 1546 2284 scripsimus
1576 2214 1628 2266 iu
1659 2212 1691 2264 ὃ
1721 2227 1924 2266 canone
1953 2227 2078 2265 san—-

523 2320 736 2363 ctorum
763 2308 1156 2378 apostolorum,
1179 2321 1278 2360 nec
1302 2321 1363 2359 ea
1389 2315 1516 2360 sunt
1541 2319 1732 2360 rursus
1759 2306 2071 2374 repetenda.

523 2403 715 2467 Quare
744 2410 799 2454 et
825 2399 894 2453 28
928 2413 1053 2453 can.
1091 2398 1373 2469 przesentis
1402 2397 1616 2469 synodi.
2086 2383 2090 2387 ”

595 2576 846 2636 ZONAR.
885 2576 999 2634 Hoc
1038 2577 1197 2632 tertio
1251 2590 1468 2646 quoque
1519 2580 1829 2630 sanctorum
1863 2583 2077 2643 aposto-

525 2673 701 2726 lorum
731 2687 854 2740 can.
892 2670 1118 2724 vetitum
1146 2677 1250 2733 est,
1281 2668 1334 2722 itt
1364 2682 1475 2738 quo
1509 2683 1633 2720 cum
1666 2666 1818 2720 melle
1851 2680 1916 2720 ac
1939 2668 2077 2722 lacte

527 2764 690 2834 hujus
741 2763 953 2833 generis
999 2762 1108 2817 alia
1171 2759 1413 2832 quaedam
1477 2765 1736 2832 praeterea
1780 2770 2075 2814 recensen-

528 2865 636 2909 tur.

526 2945 747 3002 ARIST.
766 2966 784 3000 ι
813 2946 892 3000 Ad
923 2947 1091 3002 altare
1115 2945 1220 3000 mel
1248 2953 1304 3000 et
1327 2945 1411 3001 lac
1439 2945 1624 3001 οπεπί
1654 2956 1776 3002 non
1795 2951 2026 3018 oportet.
2048 2961 2068 2998 ι

598 3039 932 3108 Perspicuae.
1728 3029 1768 3046 “”

963 3127 1122 3198 225
1177 3125 1403 3183 CANON
1458 3125 1630 3183 mu.

531 3242 551 3278 ι
585 3223 973 3279 Νθωοιεοτιιηι
1001 3224 1093 3292 qui
1131 3233 1261 3278 sunt
1295 3225 1348 3277 in
1385 3223 1577 3278 ordine
1604 3223 1866 3278 laicorum
1895 3224 2076 3280 divina

551 3298 553 3300 ’
601 3333 618 3364 ι
653 3315 758 3368 sibi
795 3313 1048 3378 mysteria
1083 3311 1382 3379 impertiat,
1415 3322 1679 3382 praesente
1706 3313 1964 3382 episc0po
1993 3316 2077 3369 vel

598 3424 615 3452 ιι
649 3404 967 3474 presbytero
1008 3402 1088 3456 vel
1140 3403 1390 3457 diacono.
1446 3402 1548 3468 Qui
1577 3409 1757 3455 autem
1803 3403 1911 3456 tale
1945 3404 2075 3473 quid

600 3515 617 3546 ι
654 3509 821 3550 ausus
862 3494 1043 3558 fuerit,
1069 3500 1128 3546 ut
1157 3503 1352 3563 praeter
1378 3508 1442 3550 ea
1472 3508 1592 3564 quae
1623 3502 1753 3549 sunt
1783 3496 2078 3549 constituta

603 3606 621 3638 ι
650 3586 876 3649 faciens,
912 3598 1018 3637 una
1051 3585 1350 3653 septimana
1378 3593 1716 3654 segregetur,
1765 3599 1832 3638 ex
1861 3599 1926 3640 eo
1951 3587 2078 3640 edo-

601 3697 620 3731 ι
645 3689 787 3742 ctus,
822 3693 930 3732 non
973 3676 1206 3746 amplius
1251 3691 1444 3747 sapere
1475 3691 1635 3747 quam
1682 3691 1872 3746 sapere
1905 3692 2078 3747 opor-

600 3787 620 3821 ι
649 3777 745 3824 tet.
779 3787 797 3821 ι

597 3860 786 3915 BALS.
828 3860 934 3915 Alii
983 3860 1200 3931 quidem
1249 3859 1454 3916 diversi
1501 3874 1738 3916 canones
1784 3863 2076 3930 prohibue-

528 3963 676 4016 runt,
706 3970 774 4008 ne
810 3968 839 4006 a
870 3954 1024 4009 laicis
1055 3963 1241 4009 sancta
1269 3956 1528 4024 mysteria
1579 3963 1968 4020 tractarentur,
2021 3966 2078 4011 et

527 4062 591 4101 ea
623 4047 748 4100 aliis
774 4046 859 4100 vel
889 4047 991 4101 sibi
1024 4047 1364 4116 impertirent
1395 4060 1409 4100 :
1443 4047 1703 4116 quoniam
1731 4048 2000 4118 episcopis
2025 4057 2077 4103 et

526 4141 858 4212 presbyteris
908 4149 963 4194 et
1013 4139 1257 4194 diaconis
1322 4140 1442 4194 talis
1497 4138 1621 4194 data
1682 4151 1764 4195 est
1821 4141 2077 4212 dignitas.

530 4230 776 4284 Praesens
803 4236 982 4282 autem
1018 4243 1190 4282 canon
1221 4228 1404 4282 eadem
1438 4245 1562 4283 cum
1589 4230 1695 4282 illis
1731 4232 2074 4300 praecipiens,

2103 2995 2150 3058 Ο

2250 1773 2270 1808 ι
2312 1759 2492 1811 πᾶσαν
2521 1761 2620 1828 τὴν
2646 1764 2968 1833 οἰκουμένην
3000 1765 3092 1816 καὶ
3140 1764 3342 1817 τούτων
3391 1764 3697 1834 ἀπέχεσθαι
3720 1782 3734 1796 ⁸

2160 1878 2166 1890 ι
2250 1865 2270 1900 ι
2309 1852 2359 1902 εί
2386 1849 2442 1902 δὲ
2476 1851 2572 1922 μη,
2602 1854 2976 1925 ἀφορίζεσθαι.
3005 1874 3024 1906 ι

2754 1946 2985 1999 ΚΑΝΩΝ
3010 1948 3131 2000 NZ‘.

2182 2047 2200 2082 ι
2239 2031 2362 2086 Ὀτι
2393 2032 2453 2086 οὐ
2502 2035 2606 2106 χρὴ
2637 2037 2784 2100 ἐντὸς
2829 2039 3220 2110 θυσιαστηρίου
3279 2039 3401 2110 μέλι
3451 2041 3548 2095 καὶ
3594 2041 3734 2110 γάλα

2710 2147 2728 2180 ι
2765 2131 3121 2199 προσφέρειν.
3159 2119 3183 2182 3

2249 2215 2444 2272 ΒΑΛΣ.
2479 2220 2612 2288 Περὶ
2641 2221 2828 2276 τούτου
2855 2222 3097 2286 πλατέως
3132 2223 3448 2293 ἐγράψαμεν
3482 2225 3540 2279 ἐν
3575 2227 3651 2296 τῷ
3685 2225 3738 2295 γ’

2175 2309 2356 2360 κανόνι
2387 2309 2496 2361 τῶν
2527 2312 2695 2378 ἁγίων
2730 2314 3057 2375 ἀποστόλων,
3091 2316 3182 2367 καὶ
3209 2317 3268 2367 οὐ
3319 2320 3424 2385 χρὴ
3459 2320 3589 2388 «περὶ⁵
3628 2321 3738 2373 τῶν

2174 2400 2353 2452 αὐτῶν
2399 2402 2758 2472 παλιλλογεῖν.
2807 2407 2966 2475 Ζήτει
3019 2411 3108 2460 καὶ
3157 2407 3248 2460 τὸν
3285 2405 3369 2477 κη’
3406 2409 3602 2463 κανόνα
3639 2414 3736 2482 τῆς

2176 2493 2454 2563 παρούσης
2504 2497 2745 2550 συνόδου.

2246 2583 2485 2639 ΖΩΝΑΡ.
2516 2587 2684 2640 Τοῦτο
2736 2590 2827 2642 καὶ
2859 2589 2888 2642 ὁ
2939 2591 3125 2661 τρίτος
3173 2593 3351 2646 κανὼν
3399 2595 3505 2647 τῶν
3565 2597 3734 2662 ἁγίων

2176 2674 2482 2729 ἀποστόλων
2516 2679 2812 2740 κεκώλυκε,
2846 2681 2923 2751 τῷ
2958 2684 3136 2750 μέλιτι
3164 2689 3258 2737 καὶ⁸
3285 2687 3358 2755 τῷ
3381 2687 3614 2754 γάλακτι
3642 2691 3736 2742 καὶ

2176 2765 2260 2820 Ere
2270 2783 2337 2838 pa
2367 2769 2479 2839 εἴδη
2513 2770 3154 2842 συναπαριθμησάμενος.

2174 2937 2395 2993 ΔΡΙΣΤ.
2454 2959 2472 2993 ι
2514 2943 2601 2994 Ἐν
2645 2944 2723 3012 τῷ
2783 2944 3150 3016 θυσιαστηρίῳ
3199 2947 3258 3000 οὐ
3321 2947 3424 3020 χρὴ
3479 2948 3600 3019 μέλι
3641 2949 3734 3002 καὶ

2253 3052 2272 3085 ι
2303 3032 2441 3102 γάλα
2458 3036 2878 3106 προσφέρεσθαι.
2921 3056 2938 3088 ›
2979 3039 3204 3107 Σαφής.

2749 3129 2982 3182 ΚΑΝΩΝ
3007 3131 3140 3184 ΝΗ’.

2181 3235 2202 3271 ι
2245 3219 2451 3290 Μηδεὶς
2498 3221 2607 3274 τῶν
2647 3223 2704 3274 ὲν
2763 3221 2964 3284 λαῖκοῖς
3008 3227 3352 3294 τεταγμένων
3402 3227 3576 3298 ἑαυτῷ
3625 3230 3735 3282 τῶν

2253 3327 2276 3362 ‘t
2318 3310 2473 3364 θείων
2498 3313 2809 3383 μυστηρίων
2839 3313 3186 3383 μεταδιδότω,
3222 3318 3485 3386 παρόντος
3510 3322 3734 3373 ἐπισκό-

2253 3422 2271 3455 ι
2316 3421 2417 3457 που
2447 3405 2478 3474 ἢ
2505 3407 2871 3476 πρεσϐυτέρου
2902 3409 2934 3478 ἢ
2961 3408 3233 3463 διακόνου.
3263 3412 3318 3462 ’0
3343 3410 3397 3462 δέ
3419 3429 3469 3464 τι
3497 3414 3736 3466 τοιοῦτον

2247 3513 2265 3546 ι
2305 3496 2536 3566 τολμῶν,
2566 3498 2638 3560 ὡς
2665 3499 2814 3568 παρὰ
2851 3499 2919 3552 τὰ
2967 3499 3361 3569 διατεταγμένα
3409 3503 3594 3564 ποιῶν,
3639 3505 3734 3556 ἐπὶ

2259 3605 2277 3639 ι
2315 3589 2581 3660 ἑϐδομάδα
2618 3591 2746 3660 μίαν
2776 3575 3143 3662 ἁφόριζέσθω,
3170 3591 3419 3646 ἐντεῦθεν
3451 3596 3732 3664 παιδαγω-

2256 3698 2274 3732 ι
2309 3681 2572 3750 γούμενος
2599 3681 2673 3754 μὴ
2703 3685 2919 3752 φρονεῖν
2955 3685 3085 3755 παρ’
3114 3684 3142 3737 ὃ
3177 3682 3259 3736 δεῖ
3287 3689 3525 3755 φρονεῖν.
3567 3707 3586 3740 ›

2247 3859 2442 3913 ΒΑΛΣ.
2501 3859 2686 3912 ’Δλλοι
2739 3858 2836 3928 μὲν
2875 3860 3097 3924 κανόνες
3151 3861 3399 3932 διάφοροι
3452 3864 3733 3920 ἐκώλυσαν

2177 3950 2326 4020 παρὰ
2360 3949 2562 4003 Λαϊκῶν
2605 3951 2676 4004 τὰ
2723 3951 2853 4018 ἆγια
2907 3954 3180 4023 μυστήρια
3236 3955 3730 4024 μεταχειρίζεσθαι,

2177 4043 2272 4095 καὶ
2324 4041 2356 4112 ἦ
2399 4042 2603 4112 ἑτέροις
2640 4043 2974 4111 μεταδιδόναι
3021 4046 3220 4108 αὐτῶν,
3270 4047 3541 4117 ῆὲαυτοῖς
3569 4063 3586 4080 ο
3649 4051 3733 4102 ὅτι

2178 4135 2494 4196 ἐπισκόποις
2547 4136 2639 4188 καὶ
2697 4134 2900 4206 ἱερεῦσι
2943 4139 3037 4190 καὶ
3081 4137 3349 4202 διακόνοις
3401 4141 3460 4192 τὸ
3491 4141 3732 4196 τοιοῦτον

2176 4223 2518 4296 ἀπεχαρίσθη
2549 4225 2781 4296 ἀξίωμα.
2820 4226 2878 4280 '0
2907 4227 2962 4280 δὲ
2998 4228 3189 4297 παρὼν
3237 4230 3419 4284 κανὼν
3462 4233 3529 4284 τὰ
3591 4233 3732 4288 αὐτὰ

511 4332 581 4408 ἐι
609 4315 772 4374 unius
799 4333 1013 4390 quoque
1040 4320 1355 4388 septimana:
1383 4321 1746 4388 segregationi
1792 4337 1914 4375 eum
1948 4325 2074 4378 sub-

2182 4316 2407 4380 ἐκείνοις
2439 4319 2968 4389 παρακελευόμενος,
3031 4322 3127 4373 καὶ
3165 4322 3455 4393 ἀφορισμῷ
3501 4323 3733 4376 καθυπο-

523 4415 744 4483 jiciens,
775 4413 867 4480 qui
906 4423 1096 4479 praeter
1134 4426 1195 4466 ea
1223 4426 1342 4481 quae
1375 4419 1514 4465 sunt.
1559 4420 1778 4476 statuta,
1831 4415 1882 4466 id
1914 4415 2076 4470 etiam

532 4503 740 4571 adjicit,
770 4502 912 4572 quod
943 4503 1054 4556 [nec
1091 4511 1221 4556 tunc
1255 4504 1426 4558 laicus
1477 4519 1584 4557 non
1618 4503 1840 4559 audebit
1876 4506 2077 4572 facere,

528 4595 752 4663 quando
777 4595 929 4648 adest
974 4596 1286 4665 episcopus,
1323 4597 1628 4668 presbyter
1665 4597 1747 4652 vel
1795 4599 2077 4668 diaconus,

529 4686 623 4757 qui
657 4700 808 4740 sacra
861 4693 1092 4741 tractare
1139 4697 1336 4757 potest.
1386 4688 1580 4743 Dicunt
1624 4690 1786 4759 igitur
1837 4693 2078 4762 quidam,

532 4787 743 4847 sumpta
773 4793 804 4832 a
835 4780 1110 4832 contrario
1140 4779 1514 4844 distinctione,
1545 4780 1689 4849 quod
1720 4785 1941 4853 quando
1971 4801 2079 4841 non

528 4871 680 4925 adest
708 4885 894 4926 eorum
931 4871 1130 4940 aliquis
1165 4882 1384 4941 pr0pter
1427 4873 1664 4927 oblatam
1696 4875 1799 4930 sibi
1835 4878 2079 4932 necessi-

530 4967 718 5025 tatem,
755 4958 859 5013 sibi
895 4959 1018 5029 quis
1069 4969 1216 5014 recte
1263 4959 1441 5014 divina
1495 4973 1832 5019 sacramenta
1885 4966 2083 5036 imper-

533 5053 647 5107 tiet.
685 5051 816 5107 Mihi
849 5062 1030 5107 autem
1067 5067 1175 5106 non
1211 5053 1464 5109 videtur:
1515 5065 1572 5108 ut
1597 5057 1742 5109 enim
1793 5057 1900 5109 tale
1949 5059 2078 5125 quid

533 5145 790 5208 audeant,
819 5161 886 5200 ex
921 5146 1371 5215 interpretatione
1411 5159 1465 5201 et
1491 5162 1520 5201 e
1552 5148 1825 5202 contrario
1869 5162 2080 5220 sumpta

533 5234 907 5301 distinctione,
946 5253 1052 5292 non
1087 5237 1431 5294 concedetur.
1472 5237 1646 5292 Latini
1677 5248 1852 5294 autem
1889 5256 2076 5312 azyma

539 5327 754 5382 assidue
787 5329 842 5382 in
877 5329 996 5384 sinu
1026 5329 1283 5395 ferentes,
1314 5331 1524 5386 etiamsi
1557 5330 1668 5386 sint
1697 5329 1840 5396 laici,
1874 5345 1934 5387 ea
1973 5347 2078 5388 non

536 5415 711 5469 solum
742 5418 846 5472 sibi
895 5427 956 5473 ut
1007 5432 1344 5477 sacramenta
1389 5422 1726 5494 impertiunt,
1780 5421 1872 5478 sed
1919 5423 2077 5479 etiam

609 5595 859 5660 ZONAR.
918 5602 1114 5662 Sancta
1147 5618 1397 5676 tractare,
1435 5623 1608 5680 caque
1638 5607 1847 5665 caeteris
1878 5608 2076 5679 imper-

2181 4407 2388 4461 ϐάλλων
2419 4409 2511 4462 ἐπὶ
2541 4411 2807 4480 ἑϐδομάδα
2837 4414 2964 4481 μίαν
2988 4413 3078 4466 τὸν
3122 4412 3273 4484 παρὰ
3314 4414 3383 4467 τὰ
3446 4415 3731 4485 διατεταγ-

2183 4500 2317 4570 μένα
2352 4499 2629 4566 ποιοῦντα,
2686 4503 3038 4573 προστίθησιν
3057 4504 3132 4568 ὡς
3167 4505 3287 4556 τότε
3325 4505 3498 4558 ταῦτα
3549 4509 3579 4560 ό
3615 4508 3731 4562 λαῖο

2179 4592 2272 4655 κὸς
2296 4595 2354 4646 οὐ
2380 4594 2635 4664 τολμήσει
2663 4596 2903 4664 ποιῆσαι,
2953 4598 3041 4649 ὅτε
3074 4597 3336 4666 πάρεστιν
3376 4600 3668 4664 ἐπίσκοπος
3695 4602 3728 4671 ἢ

2177 4685 2544 4757 πρεσϐύτερος
2577 4686 2610 4757 ἢ
2641 4686 2904 4751 διάκονος,
2933 4687 3226 4757 δυνάμενος
3255 4691 3733 4759 μεταχειρισθῆναι

2177 4779 2244 4833 τὰ
2302 4777 2452 4845 ἆγια.
2500 4779 2728 4846 Λέγουσι
2773 4779 2900 4846 γοῦν
2931 4795 3075 4842 τινες
3119 4781 3178 4844 ἐξ
3207 4780 3610 4850 ἀντιδιαστολῆς
3633 4782 3733 4849 ὡς,
3773 4828 3782 4834 ,

2176 4871 2305 4926 ὅταν
2339 4871 2566 4942 πάρεστί
2592 4888 2672 4935 τις
2709 4871 2768 4937 ἐξ
2809 4871 3008 4939 αὐτῶν,
3058 4871 3145 4925 διὰ
3191 4871 3593 4950 προσκειμένην
3645 4874 3735 4925 ἀν-

2179 4964 2354 5034 άγκην
2413 4963 2592 5028 καλῶς
2643 4964 2941 5035 μεταδώσει
3012 4982 3098 5029 τις
3161 4965 3340 5036 ἐαυτῷ
3398 4966 3507 5017 τῶν
3573 4966 3733 5018 θείων

2177 5057 2531 5127 ἁγιασμάτων
2564 5075 2578 5090 ·
2608 5057 2730 5126 ἐμοὶ
2753 5058 2808 5112 δὲ
2835 5059 2894 5110 οὐ
2924 5058 3087 5113 δοκεῖ.
3150 5057 3401 5111 Τοιοῦτον
3451 5060 3561 5129 γὰρ
3615 5060 3737 5112 τολ-

2182 5149 2417 5220 μηθῆνιι
2441 5151 2548 5203 ἀπὸ
2582 5151 2876 5221 ἑρμηνείας
2907 5151 3004 5204 καὶ
3026 5149 3440 5221 ἀντιδιαστολῆς
3473 5149 3575 5203 οὐκ
3642 5153 3734 5202 ὲκ.

2179 5241 2582 5312 χωρηθήσεται.
2621 5241 2686 5293 Οἱ
2733 5241 2916 5310 μέντοι
2975 5242 3189 5295 Λατῖνοι
3237 5239 3424 5310 ἄζυμα
3471 5241 3733 5310 διηνεκῶς

2179 5333 2441 5401 ὲγκόλπια
2492 5335 2746 5404 φέροντες
2773 5335 2868 5389 καὶ
2897 5334 3075 5388 λαῖκοὶ
3112 5336 3285 5401 ὄντες,
3317 5337 3378 5390 οὐ
3418 5339 3572 5406 μόνον
3601 5340 3728 5388 ἑαυ-

2177 5428 2290 5489 τοῖς
2321 5425 2522 5479 τούτων
2552 5427 2927 5496 μεταδιδόασιν
2956 5428 3029 5493 ὡς
3054 5429 3427 5498 ἁγιασμὰτων,
3455 5426 3585 5481 ἀλλὰ
3632 5429 3729 5480 καὶ

2182 5518 2409 5588 ἑτέροις.

2256 5612 2498 5667 ΖΩΝΑΡ.
2539 5612 2611 5666 Τὸ
2644 5614 3116 5685 μεταχειρίζεσθαι
3136 5615 3202 5670 τὰ
3230 5616 3380 5684 ἅγια,
3404 5611 3498 5667 καὶ
3525 5612 3732 5683 ἑτέροις
