4110 6224
511 300 621 373 715
843 380 855 399 ,
952 298 957 309 ³
1782 307 2057 367 THEOD.

2175 308 2323 367 .LSA
2335 309 2403 364 λιι
2423 306 2488 365 ix
3639 317 3739 385 715

512 419 903 485 interdictum;
942 420 1147 490 quique
1176 418 1231 472 id
1261 434 1428 473 ausus
1458 419 1641 481 fuerit,
1676 418 1948 471 initiatum
1983 418 2073 471 de-

2176 419 2310 487 ὅντι,
2343 420 2433 470 καὶ
2464 419 2552 472 τὸν
2579 418 2737 473 τοῦτο
2760 422 3109 493 τολμήσαντα
3143 425 3436 497 ἱερωμένον
3462 429 3565 484 καθ
3598 438 3737 504 ipsi,

508 513 661 581 poni,
694 512 863 565 laicos
894 525 1020 563 vero
1049 512 1421 581 segregatione
1475 508 1647 564 teneri
1684 510 1885 579 placet.
1923 507 2072 561 Duo-

510 603 753 657 decimus
789 616 914 655 vero
941 616 1115 654 canon
1154 603 1339 671 primae
1389 612 1442 656 et
1478 600 1733 655 secunda:
1784 601 1835 653 in
1872 601 2073 668 templo

511 689 838 743 Sanctorum
894 690 1277 758 Apostolorum
1332 690 1531 745 habitae
1576 689 1790 760 synodi,
1846 704 1873 740 a
1928 690 2072 741 clero

509 782 801 851 sepositos,
853 782 953 836 hoc
997 791 1100 844 est,
1148 783 1391 852 episcopi
1449 785 1771 837 auctoritate
1817 796 1883 832 nx
1922 783 2071 834 omni

509 875 658 928 clero
686 874 786 927 loci
822 874 989 937 illius,
1023 873 1114 942 Qui
1148 874 1199 926 in
1252 876 1463 943 privata
1519 877 1632 929 aede
1685 887 1837 927 sacra
1874 870 2070 925 facturi

509 974 660 1032 sunt,
690 970 849 1035 eique
881 965 1090 1020 muneri
1128 968 1426 1034 separatim
1460 964 1703 1020 addictos
1736 983 1858 1021 esse
1912 983 2072 1035 Opor-

510 1070 626 1114 tere
682 1059 945 1114 decernit.
989 1058 1123 1112 Illud
1156 1072 1287 1127 ergo
1343 1075 1405 1111 ex
1448 1067 1680 1127 utroque
1717 1060 1819 1112 hoc
1865 1072 2073 1111 canone

510 1151 761 1213 edicitur,
796 1160 851 1203 ut
880 1151 934 1203 in
973 1151 1062 1203 tali
1090 1150 1332 1203 oratorio
1366 1165 1521 1203 sacra
1560 1166 1839 1218 peragere,
1898 1150 2073 1218 bapti-

508 1260 798 1314 smumque
845 1245 1193 1327 ministrarc,’
1252 1258 1349 1297 nec
1396 1244 1619 1297 omnino
1674 1244 1922 1306 vetitum,
1974 1257 2072 1295 nec

508 1332 763 1391 omnibus
816 1337 1141 1406 permissum
1189 1350 1310 1391 esse
1364 1335 1772 1402 intelligan‘ius:
1848 1336 1939 1390 sed
1978 1334 2071 1403 qni

508 1429 777 1496 ejusmodi
812 1444 965 1483 sacra
1015 1427 1317 1479 ministeria
1353 1427 1602 1494 privatim
1657 1426 1859 1503 abituri
1921 1434 2069 1487 sunt,

508 1535 603 1575 eos
637 1520 899 1579 delectos,
936 1527 988 1571 et
1017 1520 1153 1571 bene
1183 1518 1431 1587 cognitos
1478 1532 1597 1570 esse
1645 1517 1834 1570 Patres
1884 1519 2075 1570 volue-

509 1622 630 1665 runt
659 1652 672 1675 ,
704 1626 805 1664 nec
839 1611 1001 1663 alium
1036 1622 1296 1679 praeterea
1346 1607 1413 1660 ad
1446 1608 1532 1661 illa
1590 1622 1917 1677 quemquam
1971 1608 2071 1659 ad-

507 1704 669 1765 mitti,
704 1720 803 1756 nec
834 1702 1099 1768 enjnsque
1147 1700 1454 1755 sacerdotis
1510 1699 1773 1751 voluntati
1809 1698 1911 1751 hoc
1942 1714 2071 1751 ron-

2177 511 2393 571 λαῖιιους
2440 511 2496 563 δὲ
2549 513 2819 583 ἀφορίζει.
2891 516 2952 568 ὐ
3005 516 3061 569 δὲ
3096 518 3397 581 δωδέκατος
3447 522 3624 576 κανὼν
3646 526 3744 591 τῆς

2178 603 2393 673 πρώτης
2447 605 2535 655 καὶ
2566 605 2825 675 δευτέρας
2859 609 3076 660 συνόδου
3109 610 3207 679 τῆς
3246 614 3302 663 ἐν
3328 613 3407 682 τῷ
3467 616 3580 685 ναῷ
3634 616 3745 669 τῶν

2188 692 2383 760 Ἀγίων
2439 695 2777 749 Ἀποστόλων
2844 700 3119 768 συστάσης
3182 704 3749 776 ἀποκεκληρωμίνους

2177 780 2313 835 εἶναι
2344 784 2589 853 βούλεται
2614 788 2737 848 τοὺς
2760 788 2816 838 ὲν
2840 789 3113 861 εύκτηρίῳ
3137 791 3582 865 λειτουργοῦντας
3599 797 3747 849 ἔνδον

2175 873 2353 933 οἰκίας
2382 873 2518 935 ὄντι,
2549 876 2669 926 ἀντὶ
2702 877 2794 929 τοῦ
2843 876 3211 947 ὡρισμένους¹
3252 886 3743 955 ἐκκεχωρημένους

2177 966 2325 1032 παρα
2360 963 2451 1015 τοῦ
2488 965 2625 1017 κατὰ
2657 967 2819 1018 τόπον
2846 970 3170 1022 ἐπισκόπου.
3210 971 3381 1025 Τοῦτο
3416 970 3508 1026 οὖν
3542 978 3601 1041 ἐξ
3633 979 3747 1045 ἀμ·
3790 1022 3799 1029 .

2176 1055 2296 1120 φοῖν
2322 1054 2429 1105 τῶν
2458 1054 2699 1107 κανόνων
2729 1060 2932 1110 τούτων
2967 1062 3467 1131 καταλαμϐάνεται,
3502 1068 3585 1120 ὅτι
3618 1068 3743 1122 οὔτε

2175 1145 2353 1214 πάντη
2390 1149 2781 1200 κεκώ).υταιτὸ
2817 1150 3123 1219 ἱερουργεῖν
3192 1156 3249 1207 ἐν
3300 1158 3577 1229 εύκτηρίῳ
3627 1178 3739 1212 τοι·

2174 1236 2313 1301 ούτῳ
2346 1240 2438 1288 καὶ
2472 1240 2779 1307 βαπτίζειν,
2817 1241 2941 1293 οὔτε
2979 1245 3143 1296 παντὶ
3169 1247 3560 1318 ἐπετέτραπτο,
3607 1253 3743 1306 ἀλλὰ

2172 1326 2510 1395 ὡρισμένους
2548 1334 2640 1381 καὶ
2663 1334 3039 1400 ἐγνωσμένους
3074 1336 3264 1404 ἤθελον
3298 1340 3347 1390 οἱ
3381 1340 3625 1409 Πατέρες
3652 1337 3734 1393 εἷ-

2174 1435 2261 1469 ναι
2291 1419 2416 1481 τοὺς
2441 1421 2731 1489 μέλλοντας
2788 1425 2847 1474 ἐν
2910 1425 3219 1501 εύκτηριίοις
3268 1418 3590 1500 ἱερουργεῖν,
3646 1434 3744 1485 καὶ

2173 1506 2302 1576 παρ’
2333 1510 2573 1572 ἐκείνους
2610 1514 2778 1582 ἑτέρῳ
2817 1512 2892 1583 μὴ
2924 1514 3123 1578 ἐξεῖναι
3154 1517 3309 1570 τοῦτο
3347 1527 3543 1585 ποιεῖν,
3596 1522 3739 1592 μηδὲ

2170 1598 2247 1668 τῷ
2277 1601 2509 1654 ἑκάστου
2547 1602 2738 1670 ἱερέως
2782 1603 3084 1675 βουλήματι
3111 1606 3269 1661 τοῦτο
3319 1610 3508 1664 ἄνετον
3554 1611 3740 1667 εἶναι’

2173 1693 2323 1760 παρὰ
2363 1692 2454 1743 τοῦ
2486 1696 2790 1748 ἐπισκόπου
2840 1697 2895 1749 δὲ
2926 1699 3025 1767 τῆς
3076 1700 3256 1768 χώρας
3301 1702 3595 1771 λαμϐάνειν
3641 1708 3745 1779 τὴν

505 1809 725 1847 cessum
763 1808 919 1856 esse;
983 1792 1078 1845 sed
1138 1808 1200 1845 ex
1233 1791 1469 1859 regionis
1533 1790 1793 1859 episeopo
1854 1789 2066 1863 veniam

2175 1781 2517 1853 ἐκχώρησιν.·
2538 1786 2673 1848 Τοὺς
2696 1788 2752 1840 δὲ
2773 1786 2833 1852 ἐξ
2857 1791 3064 1853 οἰκείας
3095 1794 3269 1863 ὁρμῆς
3315 1798 3471 1847 τοῦτο
3522 1773 3742 1850 ποιοῦν-

504 1884 809 1955 impctrari.
843 1883 1167 1952 Quicunque
1198 1897 1337 1936 vero
1357 1897 1477 1937 sese
1520 1896 1628 1934 non
1679 1882 1859 1933 vocati
1914 1862 2067 1948 opeFi

504 1976 867 2040 accinxerint,
895 1975 1114 2045 deponi,
1144 1974 1353 2044 quique
1403 1976 1484 2042 eis
1520 1972 2064 2037 communicaverint,

505 2068 779 2139 segregari
815 2068 991 2135 jubet.
1049 2066 1235 2120 Primo
1284 2080 1505 2135 quoque
1551 2075 1605 2121 et
1656 2065 1934 2119 tricesimo
1972 2080 2066 2119 ca-

504 2175 649 2215 none
684 2160 872 2213 eadem
907 2159 1022 2213 haec
1050 2169 1199 2213 sexta
1229 2159 1473 2229 synodus
1502 2161 1555 2212 in
1581 2159 1854 2227 ejusmodi
1890 2166 2071 2212 orato-

507 2254 585 2305 rio
638 2266 795 2306 sacra
842 2250 1096 2320 mysteria
1175 2265 1433 2318 peragere
1483 2258 1536 2302 et
1596 2250 1894 2318 baptizare,
1960 2248 2066 2303 nisi

505 2346 761 2415 episcopo
793 2351 1087 2409 annuente,
1122 2350 1290 2397 vetat.

507 2435 735 2491 ARIST.
764 2454 781 2486 ι
808 2436 863 2489 In
884 2436 1089 2490 :edibus
1119 2434 1378 2488 oratoriis
1398 2436 1539 2488 intra
1562 2436 1779 2486 dommn
1802 2433 2069 2487 constitu-

580 2547 596 2578 ι
631 2529 698 2582 tis
740 2528 1068 2595 baptismum
1122 2541 1226 2579 non
1261 2525 1645 2579 celebrabunt.
1687 2523 1787 2589 Qui
1834 2525 1938 2578 hoc
1970 2540 2062 2577 au-

582 2638 599 2668 ι
627 2629 734 2672 tem
770 2633 875 2670 non
901 2618 1182 2680 observat,
1223 2615 1457 2669 clericus
1487 2615 1705 2683 quidem
1734 2614 2023 2684 deponitur
2052 2632 2064 2666 :

583 2731 598 2761 ι
629 2712 801 2764 laicus
837 2719 1017 2763 autem
1047 2716 1380 2777 segregatur.
1414 2725 1433 2759 ι

577 2802 636 2855 ln
672 2800 912 2853 oratorio
942 2800 1085 2867 quod
1118 2806 1203 2853 est
1232 2799 1371 2850 intra
1405 2798 1624 2851 domum
1663 2813 1817 2852 sacra
1865 2798 2065 2862 facere,

504 2894 578 2946 ita
627 2892 843 2945 volente
891 2891 1129 2960 regionis
1197 2890 1353 2944 istius
1406 2891 1685 2957 episcopo,
1760 2888 2085 2943 tricesimus”

503 2985 714 3055 primus
745 2982 936 3053 synodi
976 2982 1259 3051 prasentis
1293 2996 1470 3036 canon
1510 2982 1888 3052 praescripsit:
1940 2983 2070 3037 licet

505 3076 993 3146 quinquagesimus
1024 3084 1250 3128 octavus
1283 3076 1474 3144 synodi
1503 3072 1858 3128 Laodicensis
1889 3086 2065 3127 canon

2173 1891 2271 1937 τας
2300 1878 2700 1945 καθαιρεῖσθαι,
2744 1885 2985 1947 καὶτοὺς
3053 1886 3428 1956 μετασχόντας
3466 1888 3565 1956 τῆς
3623 1908 3739 1942 κοι-

2176 1968 2369 2028 νωνίας
2401 1970 2581 2023 αὐτῶν
2615 1972 2974 2041 ἀφορίζεσθαι
2996 1991 3009 2004 ’
3044 1977 3185 2028 καὶὸ
3213 1980 3531 2047 τριακοστὸς
3584 1981 3734 2049 πρῶ-

2174 2074 2263 2120 τος
2297 2060 2478 2114 κανὼν
2507 2064 2603 2133 τῆς
2629 2065 2793 2135 ἕκτης
2825 2067 3042 2120 συνόδου
3074 2068 3281 2139 ταύτης
3322 2070 3465 2123 κατὰ
3515 2073 3740 2143 γνώμην

2173 2151 2268 2205 τοῦ
2291 2154 2593 2210 ἐπισκόπου
2630 2157 2932 2230 ἱερουργεῖν
2972 2161 3066 2213 καὶ
3114 2162 3397 2230 βαπτίζειν
3447 2166 3505 2217 ὲν
3532 2168 3737 2236 εὐκτη-

2178 2249 2279 2321 ρὶῳ
2331 2248 2561 2319 τοιούτῳ
2591 2251 2727 2320 οἴκῳ
2771 2252 3133 2321 προστάσσει.

2175 2431 2401 2484 ΔΡΙΣΤ.
2432 2454 2439 2455 ί
2466 2449 2486 2482 ι
2536 2430 2624 2483 Ἐν
2658 2433 2970 2505 εὐκτηρίοις
3024 2436 3195 2501 οῐκοις
3250 2437 3398 2491 ἔνδον
3419 2440 3568 2492 οἴκου
3622 2442 3723 2495 οὐκ

2249 2542 2266 2573 ι
2306 2523 2679 2577 ὲπιτελέσουσι
2711 2526 3012 2597 βάπτισμα.
3042 2528 3102 2583 '0
3127 2530 3183 2583 δὲ
3220 2532 3294 2602 μὴ
3326 2533 3742 2602 φυλάξας,κὶη-

2254 2634 2269 2664 ι
2312 2615 2462 2682 ρικὸς
2520 2616 2643 2683 μὲν,
2710 2618 3100 2687 καθαιρεῖται·
3158 2623 3481 2694 λαῖκὸςιδὲ,
3554 2628 3748 2697 ἀᾳορί-

2252 2718 2270 2750 ι
2306 2703 2475 2765 ζεται.
2524 2725 2542 2753 ι

2246 2789 2318 2844 Τὸ
2375 2791 2472 2860 μὲν
2534 2795 2592 2845 ὲν
2621 2794 2893 2865 εύκτηρίῳ
2932 2798 3065 2866 οἴκῳ
3113 2801 3261 2854 ἔνδον
3311 2803 3488 2867 οἰκίας
3541 2807 3749 2875 τυγχάιν

2175 2897 2317 2933 νοντι
2375 2881 2711 2954 λειτουργεῖν
2764 2888 2899 2955 μετὰ
2926 2889 3148 2961 γνώμης
3203 2890 3296 2943 τοῦ
3358 2894 3501 2947 κατὰ
3562 2897 3748 2966 χώραν

2175 2972 2473 3026 ἐπισκόπου
2502 2977 2530 3028 ό
2558 2980 2874 3057 τριακοστὸς
2927 2982 3144 3052 πρῶτος
3175 2986 3357 3038 κανὼν
3391 2990 3489 3056 τῆς
3530 2991 3742 3059 παρού-

2178 3080 2276 3133 σης
2306 3066 2523 3118 συνόδου
2569 3069 2977 3140 προετρέψατο·
3020 3074 3124 3126 κᾶν
3157 3075 3185 3127 ὁ
3241 3080 3603 3147 πεντηκοστὸς
3645 3082 3745 3151 ϐτ-

505 3132 640 3223 illud
660 3132 733 3221 ah
753 3132 1038 3237 vopiSCOpis
1086 3176 1182 3221 aut
1217 3132 1553 3237 presbyteris
1619 3166 1733 3221 tieri
1776 3164 2070 3235 prohibuit.

2176 3155 2295 3219 δοος
2330 3156 2516 3210 κανὼν
2546 3159 2645 3228 τῆς
2665 3163 2722 3213 ἐν
2758 3164 3051 3236 Λαοδικείᾳ
3083 3169 3303 3222 συνόδου
3328 3170 3483 3224 τοῦτο
3502 3171 3743 3226 ἐκώλυσε

503 3261 836 3329 Baptismum
901 3270 1083 3315 autem
1129 3260 1399 3314 celebrari
1452 3261 1506 3313 in
1547 3258 1819 3327 ejusmodi
1862 3257 2075 3312 aedibus

503 3354 763 3408 oratoriis
824 3367 1066 3422 prtesens
1128 3366 1305 3406 canon
1354 3361 1523 3413 vetat,
1577 3351 1909 3419 mandatque
1954 3364 2074 3411 eos,

503 3447 595 3516 qui
638 3445 823 3500 divina
857 3446 1260 3499 illuminatione
1297 3444 1642 3498 habebuntur
1668 3443 1841 3513 digni,
1889 3442 2076 3495 catho-

505 3540 635 3593 licas
677 3539 829 3592 adire
874 3540 1159 3602 ecclesias,
1202 3548 1255 3592 et
1298 3538 1350 3590 in
1392 3538 1460 3592 iis
1504 3544 1649 3590 dono
1682 3538 1791 3590 isto
1842 3534 2071 3605 perfrui.

509 3629 605 3685 Sin
645 3630 850 3696 minus,
909 3644 1054 3694 eum,
1091 3629 1186 3697 qtti
1233 3629 1452 3683 decreta
1491 3628 1607 3681 hiet:
1650 3625 2074 3696 transgreditur,

508 3722 555 3774 si
591 3720 810 3790 quidem
847 3720 1079 3776 clericus
1104 3721 1195 3787 sit,
1232 3720 1470 3788 deponi:
1512 3719 1558 3773 si
1592 3734 1722 3773 vero
1752 3718 1946 3785 laicus,
1989 3733 2075 3773 se-

511 3810 751 3881 gregari.

1091 3984 1325 4057 CANON
1378 3984 1491 4040 LX.

515 4096 533 4130 ι
571 4081 707 4135 Cum
757 4079 955 4135 clamet
1021 4078 1337 4150 Apostolus,
1382 4079 1526 4149 quod
1589 4096 1607 4129 ι
1682 4078 1773 4146 qui
1849 4076 2077 4132 Domino

586 4192 604 4224 ι
640 4174 897 4236 adhaeret,
916 4188 1063 4228 unus
1079 4171 1496 4242 estapiritus”,
1523 4189 1542 4222 ι
1572 4172 1780 4224 clarum
1804 4179 1907 4236 est,
1931 4171 2077 4239 quod

589 4284 609 4316 ι
642 4269 732 4333 qui
768 4265 929 4318 etiam
957 4278 1081 4317 enm
1112 4264 1395 4317 contrario
1425 4264 1527 4316 init
1557 4263 1978 4316 familiaritatem
2013 4276 2076 4314 ac

590 4376 608 4409 ι
640 4358 1119 4418 consuetudinem,
1166 4373 1288 4410 cum
1342 4357 1436 4409 illo
1471 4356 1863 4423 conjunctione
1908 4370 2074 4408 unum

590 4468 606 4498 ι
640 4448 719 4502 l'it.
774 4449 879 4501 Eos
915 4462 1043 4517 ergo
1075 4450 1165 4515 qui
1216 4462 1275 4501 se
1325 4449 1569 4499 dwmone
1611 4455 1903 4515 correptos
1948 4462 2074 4503 esse
2102 4475 2153 4533 D

592 4561 608 4590 ι
640 4540 981 4602 simulant,et
1024 4553 1236 4591 morum
1270 4538 1611 4606 improbitate
1635 4550 1823 4592 eorum
1848 4539 2071 4608 ﬁguram

593 4649 610 4680 ι
644 4640 697 4684 et
732 4630 977 4705 habitum
1017 4631 1270 4683 simulate
1298 4645 1406 4699 prae
1441 4646 1500 4685 se
1543 4630 1743 4696 lerunt,
1783 4633 1957 4686 visum
1989 4640 2075 4685 est

591 4738 607 4769 ι
640 4722 789 4773 omni
829 4719 991 4772 modo
1019 4719 1224 4788 puniri,
1277 4730 1330 4775 et
1370 4720 1639 4788 ejusmodi
1690 4721 2072 4775 alnictionibus
2128 4736 2129 4739 ‘

592 4810 1030 4879 «laboribusque
1078 4810 1273 4878 subjici
1318 4821 1589 4881 Oportere,
1643 4814 1841 4882 quibus
1894 4815 1928 4867 ii
1978 4815 2068 4883 qui

592 4924 609 4955 ι
644 4918 768 4957 vere
801 4918 830 4956 a
856 4904 1102 4957 daemone
1131 4907 1364 4973 correpti
1416 4914 1564 4967 sunt,
1621 4917 1676 4958 ut
1726 4922 1755 4959 a
1806 4906 2071 4962 daemonis

593 5017 610 5048 ι
639 4997 957 5066 operatione
982 4996 1299 5062 liberentur,
1324 4999 1446 5067 jure
1478 5001 1861 5069 subjiciuntur.
1894 5020 1912 5053 ι

590 5087 781 5142 BALS.
839 5085 945 5143 Eos
976 5089 1067 5158 qui
1121 5090 1187 5142 ad
1237 5089 1448 5143 lucrum
1502 5091 1604 5144 sibi
1659 5091 1956 5161 parandum
2017 5107 2077 5146 se

519 5180 763 5234 daemone
809 5190 1090 5250 correptos
1141 5197 1261 5236 esse
1314 5183 1594 5245 simulant,
1651 5195 1705 5238 et
1754 5200 1876 5238 cum
1936 5184 2075 5237 mala

519 5270 772 5344 Satanica
827 5274 1166 5328 conscientia
1231 5276 1476 5344 quaedam
1528 5278 1855 5330 dzemoniaca
1906 5279 2076 5331 instar

436 5394 440 5404 ι
517 5372 697 5417 vatum
733 5367 1010 5432 gentilium
1062 5368 1380 5435 praedicant,
1413 5384 1585 5423 canon
1617 5371 1920 5437 puniendos
1953 5385 2075 5425 esse

517 5452 779 5515 decernit,
816 5454 882 5506 iis
917 5455 1153 5523 denique
1184 5456 1628 5512 :tlllictationibns
1690 5459 2069 5529 laboribusque

516 5542 731 5612 subjici,
763 5544 959 5611 quibus
988 5546 1354 5615 subjiciantur
1388 5561 1440 5603 et
1475 5551 1564 5619 qui
1601 5567 1725 5605 vere
1754 5551 2065 5606 dznmoniaci

548 5716 594 5750 θ’
623 5714 643 5768 ι
666 5718 790 5772 Cor.
814 5734 889 5783 Vl,
929 5719 1013 5771 l7.

2180 3250 2427 3317 γίνεσθαι
2463 3252 2615 3322 παρὰ
2669 3256 3046 3330 ἐπισκόπωνῆ
3109 3262 3515 3333 πρεσϐυτέρων
3566 3266 3626 3317 τὸ
3666 3267 3748 3318 δὲ

2175 3343 2459 3414 βάπτισμα
2485 3345 2757 3398 τελεῖσθαι
2783 3348 2840 3400 ὲν
2870 3349 3179 3420 εύκτηρίοις
3212 3354 3475 3416 τοιούτοις
3520 3358 3692 3421 οἴκοις
3715 3360 3751 3411 δ

2175 3435 2367 3506 παρὼν
2394 3437 2726 3508 ἀπαγορεύει
2748 3439 2953 3519 κανὼν,
2985 3445 3079 3495 καὶ
3110 3447 3431 3513 προστάττει
3454 3448 3577 3512 τοὺς
3609 3450 3744 3519 μέλ-

2174 3527 2364 3591 λοντας
2392 3526 2672 3592 ἀξιοῦσθαι
2699 3529 2794 3582 τοῦ
2853 3516 2998 3587 θείου
3023 3536 3368 3606 φωτίσματος
3408 3544 3529 3603 ταῖς
3576 3543 3745 3596 x100-

2174 3620 2351 3682 λικαῖς
2386 3619 2704 3690 ἐκκλησίαις
2741 3625 3160 3694 προσέρχεσθαι,
3191 3630 3284 3683 καὶ
3319 3631 3376 3683 ὲν
3405 3632 3593 3697 αὑταῖς
3640 3628 3791 3704 τῆς“

2174 3710 2379 3780 δωρεᾶς
2406 3709 2608 3781 ταύτης
2632 3712 2927 3767 ἀπολαύειν
2948 3732 2962 3745 ’
3000 3718 3049 3769 εί
3077 3718 3132 3770 δὲ
3182 3719 3279 3790 μὴ,
3313 3722 3404 3775 τὸν
3459 3724 3741 3794 παραϐαί-

2176 3817 2335 3853 νοντα
2354 3801 2431 3852 ⁴τα
2460 3801 2764 3870 ὁρισθέντα,
2794 3805 2841 3856 εί
2864 3804 2971 3873 μὲν
2994 3806 3274 3878 κληρικὸς,
3334 3812 3740 3885 καθαιρεῖσθαι,

2175 3896 2226 3946 εἱ
2283 3891 2571 3957 δὲλαῖκὸς,
2638 3893 3013 3965 ἀφορίζεσθαι.

2799 3989 3037 4043 ΚΑΝΩΝ
3056 3993 3131 4047 Ξ’.

2182 4096 2200 4129 ι
2240 4079 2345 4132 Τοῦ
2362 4079 2419 4134 Ἀ
2429 4083 2680 4135 ποστόλου
2701 4082 2929 4153 βοῶντος
2955 4086 3033 4137 ὅτι
3058 4087 3086 4138 ὁ
3102 4086 3435 4157 κολλώμενος
3454 4089 3529 4159 τῷ
3550 4091 3745 4161 Κυρίῳ

2254 4188 2273 4221 ι
2316 4173 2373 4224 ἓν
2427 4175 2648 4244 πνεῦμά
2692 4179 2830 4239 ἐστι,
2873 4177 3136 4248 πρόδηλον
3170 4178 3245 4242 ὡς
3290 4182 3385 4232 καὶ
3413 4182 3441 4232 ό
3473 4181 3550 4251 τῷ
3584 4183 3743 4234 ἐναν-

2256 4289 2273 4312 .
2317 4263 2416 4334 τίιρ
2467 4266 2658 4319 ἑαυτὸν
2682 4265 2899 4319 οἱκειῶν
2929 4266 2987 4319 ἓν
3024 4271 3232 4334 γίνεται
3266 4272 3330 4338 τῇ
3390 4271 3528 4341 πρὸς
3581 4273 3749 4325 αὐτὸν

2252 4378 2270 4410 ι
2312 4361 2597 4432 συναφείᾳ.
2632 4362 2769 4428 Τοὺς
2830 4354 3013 4414 ’τοίνυν
3057 4362 3319 4435 δαιμονᾷν
3379 4366 3746 4437 ὑποκρινομέ-

2258 4471 2275 4502 ι
2318 4471 2459 4517 νους,
2494 4455 2586 4505 καὶ
2621 4454 2839 4524 τρόπων
2883 4455 3176 4525 φαυλότητι
3239 4460 3623 4530 προσποιητῶς
3672 4461 3747 4513 τὰ

2258 4564 2275 4596 ι
2322 4547 2542 4598 ἐκείνων
2579 4546 3107 4617 σχηματιζομένους,
3150 4548 3295 4612 ἔδοξε
3329 4550 3516 4621 τρόπῳ
3562 4554 3744 4604 ὲπιτι⁸

2259 4656 2276 4688 ι
2315 4637 2516 4705 μᾶσθαι
2543 4641 2728 4702 παντὶ,
2751 4638 2845 4690 καὶ
2867 4639 3140 4703 τοιαύταις
3170 4641 3368 4704 αὐτοὺς
3417 4642 3747 4712 σκληραγω-

2259 4745 2277 4779 ι
2317 4729 2460 4796 γὶαις
2502 4730 2593 4781 καὶ
2620 4729 2804 4792 πόνοις
2838 4731 3181 4796 ὑποϐάλλειν,
3210 4728 3288 4796 οἷς
3316 4733 3382 4786 ἂν
3417 4737 3467 4786 οἱ
3523 4734 3749 4805 ἀληθῶς

2260 4839 2277 4872 ι
2321 4821 2684 4891 δαιμονῶντες
2718 4823 2854 4891 πρὸς
2884 4824 3209 4895 ἀπαλλαγὴν
3238 4826 3334 4895 τῆς
3357 4826 3450 4878 τοῦ
3482 4826 3744 4895 δαίμονος

2258 4934 2276 4963 ι
2314 4916 2588 4985 ἐνεργείας
2612 4916 2773 4982 ἀξίως
2807 4916 3208 4971 ύποϐἀλλοιντο.
3255 4938 3272 4969 ι

2248 5092 2441 5146 ΒΑΛΣ.
2476 5095 2611 5157 Ἱόὺς
2642 5096 3151 5167 σχηματιζομένους
3174 5100 3435 5171 δαιμονᾷν
3466 5101 3551 5155 διὰ
3581 5120 3745 5174 πορι-

2172 5185 2308 5253 σμὸν
2336 5186 2581 5254 κέρδους,
2624 5190 2718 5238 καὶ
2746 5187 3119 5256 κηρύσσοντας
3145 5193 3282 5258 μετὰ
3320 5194 3527 5260 φαύλου
3560 5212 3745 5247 συνει-

2172 5276 2323 5340 δότος
2357 5277 2650 5329 σατανικοῠ
2687 5278 3012 5350 δαιμονιὼδη
3036 5281 3155 5334 τινὰ
3184 5283 3325 5336 κατὰ
3350 5286 3448 5347 τὰς
3475 5286 3580 5338 τῶν
3607 5285 3741 5337 Ἐλ-

2173 5368 2351 5437 λήνων
2411 5368 2770 5438 προφήτιδας,
2826 5372 2855 5422 ὁ
2918 5370 3096 5424 κανὼν
3129 5374 3484 5445 ἐπιτιμᾶσθαι
3539 5376 3743 5447 ὁρίζει,

2174 5461 2341 5528 ἣγουν
2370 5459 2754 5529 τιμωρεῖσθαι,
2789 5463 2883 5514 καὶ
2911 5462 3355 5535 σκληραγωγίαις
3388 5470 3479 5519 καὶ
3540 5468 3734 5530 πόνοις

2170 5552 2561 5605 ὑποϐἀλλεσθαι
2586 5553 2864 5619 τοιούτοις,
2890 5549 2970 5619 οἷς
2996 5555 3061 5608 ἂν
3090 5560 3139 5609 οἱ
3168 5560 3383 5629 ἀληθῶς
3431 5559 3742 5631 δαιμονῶν-
