4110 6224
280 340 305 347 κ

428 296 528 363 717

1414 324 1417 329 ν
1457 290 1534 357 ΙΝ
1573 295 1736 356 CAN.
1782 291 1908 353 LXI
1948 282 2154 350 CnNC.
2204 286 2282 348 IN
2306 290 2630 350 TRULI.0.

3523 280 3625 344 718

423 432 516 477 τες
550 412 922 483 ὑποϐληοεῖεν,
950 414 1034 466 ἵνα
1054 412 1415 480 ἀπαλλαγεῖεν
1437 408 1526 463 τοῦ
1551 409 1821 477 δαίμονος.
1846 404 1980 470 Φησὶ

2103 401 2304 467 'uorint,
2362 413 2419 456 nt
2453 421 2480 456 ει
2514 404 2757 456 dmmonc
2814 401 3132 456 liberentur.
3190 399 3327 452 Dicit
3374 410 3554 454 autem
3588 410 3642 455 ct

444 507 502 559 δὲ
534 508 622 558 καὶ
639 506 736 573 τὴν
755 492 1110 576 προσποίησιν
1136 506 1311 558 αὐτῶν
1330 504 1449 566 τοὺς
1468 502 1724 571 δαίμονας
1751 495 1982 550 οἰκειού-

430 595 571 649 τθαι.
604 594 741 661 Ἐγὼ
766 594 841 659 δὲ,
885 594 1094 665 βλέπων
1126 595 1352 655 πολλοὺς
1376 593 1644 651 τοιούτους
1665 591 1761 651 τὰς
1801 587 1982 647 πόλεις

430 690 911 760 περιερχομένους,
968 690 1061 740 καὶ
1112 688 1187 757 μὴ
1245 685 1666 753 κολαζομένους,
1698 680 1835 734 ἀλλά
1889 678 1982 730 καὶ

430 776 507 840 ὡς
537 779 899 847 ἡγιασμένους
935 776 1395 845 ἀγκαλιζομένους
1445 774 1801 843 παράτινων,
1836 768 1983 838 ζητῶ

432 870 625 935 μαθεῖν
656 870 753 935 τὴν
785 868 985 929 αἰτίαν,
1018 869 1109 920 καὶ
1136 866 1328 933 ἐξαιτῶ
1370 866 1468 933 τὴν
1511 863 1816 933 διόρθωσιν.
1874 860 1977 912 Τὸν

433 962 617 1027 μέντοι
652 959 983 1028 Σταυρὰκιον
1006 960 1216 1011 ’ἐκεῖνον
1246 957 1337 1009 τὸν
1382 956 1723 1023 Ὀξεόὄαφον,
1766 952 1872 1004 ’τὸν
1906 950 1981 1012 ὡς

426 1049 642 1118 ἀληθῶς
671 1049 898 1106 δίκαιον,
920 1048 1346 1119 ὑποκρινόμενον
1377 1048 1474 1116 τὴν
1504 1046 1591 1098 διὰ
1613 1044 1743 1097 Θεὸν
1775 1043 1985 1113 μωρίαν

426 1141 515 1193 διὰ
547 1142 669 1203 τοὺς
699 1141 1043 1201 ἀπατεῶνας,
1084 1141 1223 1208 μετὰ
1254 1139 1371 1190 τῶν
1413 1134 1723 1205 ὑποκριτῶν
1780 1134 1984 1201 ἐθέμην

430 1233 551 1285 κατ’
571 1233 791 1300 ἄγνοιαν
817 1248 830 1261 ·
873 1233 1182 1303 παρομοίώς
1204 1231 1261 1284 δὲ
1285 1233 1405 1300 ἐμοὶ
1433 1231 1523 1283 καὶ
1539 1230 1712 1298 ἕτεροι
1741 1227 1870 1288 ἴσως
1899 1226 1985 1279 ἵνα

431 1325 921 1395 ὲκριματξσθησαν.
958 1325 1105 1377 Ἔδει
1160 1319 1253 1376 οὖν
1301 1323 1368 1375 τὰ
1436 1321 1658 1373 τοιαῦτα
1681 1316 1984 1387 κωλυθῆναι

430 1419 572 1470 κατὰ
602 1419 689 1469 τὸν
747 1416 989 1486 παρόντα
1044 1416 1263 1481 κανόνα,
1296 1415 1384 1467 ἴνα
1428 1413 1502 1484 μὴ
1556 1416 1649 1465 καὶ
1684 1413 1731 1464 οἱ
1791 1409 1987 1478 ἀγαθοὶ¹

430 1510 519 1561 διὰ
570 1510 696 1571 τοὺς
755 1507 991 1575 φαύλους
1037 1508 1416 1576 ἐπιτιμῶνται.
1476 1504 1666 1557 Πολλοὶ
1726 1505 1834 1573 γάρ
1881 1504 1993 1559 εἰσι,

429 1602 622 1670 τρόποι
663 1601 931 1670 σωτηρίας
961 1599 1155 1669 ψυχῆς,
1193 1599 1284 1651 καὶ
1327 1599 1547 1651 δύναταί
1598 1615 1681 1657 τις
1709 1595 1774 1648 δι’
1809 1593 1988 1647 αὐτῶν

434 1696 671 1763 σωθῆναι
708 1690 1006 1745 σκανδάλου
1041 1693 1161 1760 δίχα
1202 1694 1420 1753 παντός.
1471 1689 1654 1743 Ταῦτα
1712 1688 1767 1741 δὲ
1821 1689 1984 1754 λέγω,

431 1788 532 1839 οὐκ
585 1785 793 1838 οἴκοθεν
826 1826 840 1848 ,

433 1876 704 1944 Θρώπων,
766 1875 1125 1946 πλασαμένων
1194 1872 1290 1939 μὲν
1365 1870 1617 1938 τοιαύτην
1698 1869 1991 1937 θεάρεστον

433 1962 595 2028 δῆθεν
626 1962 922 2030 διαγωγὴν,
952 1964 1329 2029 καταγνόντων
1355 1962 1409 2011 δέ
1435 1958 1636 2026 ταύτης
1658 1957 1732 2019 ὡς
1790 1954 1993 2009 ἐπωλέ-

433 2053 593 2119 Θρου,
627 2056 721 2117 καὶ
746 2055 1091 2123 καταγούσης
1154 2056 1233 2116 εἰς
1292 2050 1587 2119 σατανικὴν
1647 2050 1859 2120 μερίδα.
1897 2046 1997 2101 Διά

434 2162 517 2199 τοι
553 2146 706 2200 τοῦτο
745 2150 836 2200 καὶ
858 2146 1101 2215 διάφοροι
1134 2143 1432 2214 ἁγιώτατοι
1481 2144 1814 2216 πατριάρχαι
1871 2142 1999 2193 πολ-

435 2238 565 2301 λοὺς
590 2240 1086 2309 προσκαθημένους
1139 2239 1255 2308 μετ’
1292 2239 1531 2291 ἁλύσεων
1572 2242 1629 2288 ἐν
1654 2236 1731 2305 τῷ
1760 2236 1870 2305 ναῷ
1903 2235 1997 2286 τοῦ

435 2333 598 2398 ἁγίου
667 2333 1147 2402 μεγαλομάρτυρος
1197 2331 1433 2402 Νικήτα,
1488 2330 1580 2382 καὶ
1627 2330 1846 2399 ἑτέρους
1902 2329 1999 2388 τὰς

433 2425 681 2496 τριόδους
712 2426 1190 2496 περιερχομένους,
1238 2427 1331 2477 καί
1351 2410 1846 2495 προσποιουμένους
1872 2419 2000 2472 δαί-

444 2518 637 2587 μονᾷν,
671 2518 932 2591 κατέσχον
992 2517 1108 2586 μετ’
1136 2515 1442 2577 αὐθεντίας,
1479 2515 1573 2567 καὶ
1609 2516 1693 2576 εἰς
1738 2512 2001 2582 δημοσίας

440 2611 687 2679 φρουρὰς
713 2608 1072 2661 κατέκλεισαν
1103 2605 1410 2669 ἀκολούθως
1436 2605 1513 2675 τῷ
1547 2606 1752 2658 κανόνι.

447 2746 449 2749 .
510 2701 753 2753 ΖΩΝΑΡ.
780 2701 934 2764 Τινὲς
962 2700 1415 2772 προσποιούμενοι
1437 2696 1696 2767 δαιμονᾷν
1721 2696 1801 2758 είς
1829 2694 1995 2763 πόρον

439 2792 667 2864 κέρδους
725 2795 790 2864 τῇ
839 2793 1119 2862 ὑποκρίσει
1165 2791 1336 2861 ταύτῃ
1364 2789 1679 2858 ἐκέχρηντο,
1709 2787 1747 2857 ᾖ
1781 2788 1875 2839 καὶ
1909 2785 2003 2837 νῦν

440 2888 765 2957 κέχρηνται.
795 2886 963 2939 Ἰὀῦτο
991 2884 1187 2939 κωλύει
1215 2885 1243 2935 ό
1295 2884 1475 2937 κανὼν
1503 2877 1679 2947 οὗτος,
1734 2883 1828 2932 καὶ
1876 2880 2002 2941 τοὺς

445 2976 951 3048 σχηματιζομένους
997 2976 1223 3029 τοιαῦτα
1264 2974 1619 3044 ἐπιτιμᾶσθαι
1654 2971 1851 3040 ὁρίζει.
1897 2971 2004 3023 Καὶ

2092 510 2277 548 eorum
2310 497 2657 550 simulatione
2691 496 2961 549 dmmones
2995 508 3212 563 quoque
3250 494 3356 547 illis
3407 493 3643 549 familia-

2090 603 2175 642 res
2212 587 2348 642 ﬁeri.
2410 587 2519 657 Ego
2550 599 2749 650 autem,
2789 603 2910 640 cum
2943 588 3148 641 videam
3185 587 3451 654 ejusmodi
3495 602 3644 641 eoin-

2092 680 2270 750 plures
2296 681 2536 734 civitates
2584 681 2875 745 obeuntes,
2929 688 2980 733 et
3036 695 3141 733 non
3181 679 3381 747 puniri,
3437 678 3530 733 sed
3587 688 3645 731 ut

2091 772 2463 826 sanctiﬁcatos
2498 788 2524 825 a
2558 771 2885 841 quibusdam
2916 771 3089 825 obviis
3120 769 3264 853 ulnis
3286 771 3485 839 excipi,
3513 786 3612 824 can
3633 800 3645 810 -

2091 879 2205 917 sam
2240 864 2379 918 scire
2408 864 2679 933 desidero,
2729 874 2780 917 et
2819 860 3205 916 correctionem
3257 864 3495 931 postulo.
3550 864 3647 916 At-

2091 958 2181 1024 qui
2267 955 2609 1010 Slauracittm
2656 957 2832 1010 'illuni
2887 954 3263 1025 Oxybaplmm,
3316 955 3405 1024 qui
3463 970 3646 1010 revera

2087 1049 2272 1117 justus
2297 1060 2430 1111 erat,
2455 1064 2572 1102 eam
2602 1058 2779 1102 autem
2812 1035 2929 1114 qnze
2950 1058 3032 1101 est
3069 1056 3287 1115 propter
3318 1046 3481 1100 Deum
3509 1047 3647 1101 stul—

2091 1140 2263 1193 titiam
2290 1140 2482 1209 agebat
2515 1148 2735 1209 propter
2781 1140 3119 1201 sedne-tores,
3177 1154 3298 1192 cum
3350 1140 3647 1207 Iiypocritis

2093 1248 2186 1300 per
2247 1232 2602 1297 ignorantiam
2644 1232 2949 1299 ponebam:
3011 1230 3241 1285 fortasse
3288 1240 3467 1285 autem
3503 1247 3531 1283 a
3564 1247 3649 1284 me

2094 1324 2341 1377 nonnulli
2372 1339 2588 1392 quoque
2616 1326 2705 1377 alii
2734 1324 3045 1391 pra'jmlicio
3077 1323 3253 1376 affecti
3298 1332 3443 1378 sunt.
3477 1320 3649 1391 Opor-

2096 1417 2240 1471 tebat
2264 1431 2388 1485 ergo
2410 1417 2537 1469 talia
2565 1432 2659 1486 per
2688 1426 3005 1484 prmsentem
3037 1430 3301 1469 canonem
3338 1417 3640 1484 prohiberi,

2094 1527 2162 1565 ne
2188 1511 2311 1568 boni
2344 1520 2564 1581 pr0pter
2591 1512 2762 1577 malos
2800 1513 3114 1580 puniantur.
3150 1510 3302 1565 Multi
3336 1511 3477 1563 cnim
3524 1524 3650 1563 sunt

2095 1602 2237 1654 modi
2272 1602 2463 1655 salutis
2491 1600 2703 1664 animae,
2739 1610 2795 1655 et
2819 1609 2996 1670 potest
3035 1601 3160 1670 quis
3202 1616 3295 1669 per
3318 1616 3411 1655 eos
3447 1602 3650 1655 servari

2095 1692 2301 1762 absque
2346 1694 2455 1747 ullo
2490 1693 2764 1748 seandalo.
2803 1693 2925 1748 llaec
2955 1704 3133 1747 autem
3191 1709 3296 1746 non
3344 1708 3411 1747 ex
3446 1704 3653 1762 meopte.

927 1785 1043 1837 ἀλλ’
1118 1759 1189 1848 ἐξ
1253 1784 1582 1851 ἀφηγήσεως
1660 1778 1837 1833 καλῶν
1896 1779 1987 1830 ἀν-

2103 1787 2311 1857 ingenio
2348 1785 2490 1851 dico,
2524 1787 2615 1841 sed
2643 1803 2702 1839 ex
2729 1787 2990 1839 bonorum
3023 1786 3181 1855 227
3201 1788 3437 1839 virorum
3464 1786 3656 1838 narrai

2093 1878 2368 1949 tione,'qui
2399 1878 2538 1933 hanc
2561 1880 2748 1948 utique
2781 1877 2888 1932 Deo
2918 1888 3121 1947 gratam
3155 1878 3363 1932 vivendi
3394 1879 3652 1933 rationein

2098 1970 2441 2038 ciiinxernnt,
2511 1972 2604 2026 sed
2629 1987 2770 2036 eam,
2816 1980 2873 2024 nt
2898 1969 3256 2040 perniciosam
3279 1979 3331 2024 et
3361 1968 3424 2023 ad
3450 1981 3654 2038 partem

2098 2056 2313 2117 Salaria:
2366 2063 2742 2126 deducentem,
2809 2065 3262 2131 condemnarunt.
3318 2062 3382 2114 Et
3424 2076 3541 2116 eam
3588 2061 3657 2114 ob

2098 2167 2315 2206 causam
2352 2152 2507 2205 multi
2541 2153 2703 2206 etiam
2742 2152 2914 2206 sancti
2947 2153 3270 2221 patriarcha:
3305 2152 3505 2205 multos
3532 2165 3655 2203 cum

2100 2246 2307 2299 catenis
2339 2244 2644 2299 assidentes
2699 2247 2751 2299 in
2804 2244 2918 2300 aede
2970 2245 3144 2299 sancti
3175 2244 3349 2317 magni
3406 2242 3657 2314 martyris

2100 2332 2322 2397 Niceten,
2379 2346 2432 2388 et
2480 2335 2615 2388 alios
2664 2337 2817 2389 trivia
2882 2337 3167 2399 obeuntes,
3220 2346 3273 2389 ct
3316 2350 3373 2388 se
3417 2334 3661 2387 dmmone

2101 2424 2303 2495 corripi
2339 2440 2447 2492 pra:
2474 2440 2532 2479 se
2583 2425 2840 2488 ferentes,
2888 2442 3009 2479 cum
3050 2426 3374 2480 auctoritate
3408 2424 3658 2479 detinue-

2102 2525 2249 2579 runt,
2285 2527 2337 2572 et
2382 2518 2434 2569 in
2466 2516 2695 2585 publicis
2725 2518 2987 2572 custodiis
3019 2520 3212 2572 canoni
3262 2528 3663 2588 consequenter

2104 2610 2468 2668 incluserunt.

2172 2702 2421 2757 ZONAR.
2469 2704 2698 2770 Quidam
2747 2703 2995 2757 homines
3020 2743 3035 2767 ,
3075 2720 3198 2757 cum
3258 2720 3285 2757 a
3320 2705 3569 2758 daemone
3605 2718 3663 2757 sc.

2104 2803 2386 2863 correptos
2428 2808 2550 2848 esse
2597 2781 2946 2854 simularent,
2993 2810 3056 2847 ea
3102 2794 3475 2859 simulatione,
3515 2795 3659 2863 quod

2104 2900 2248 2939 nunc
2290 2902 2504 2955 quoque
2534 2886 2829 2955 contingit,
2866 2885 2932 2939 ad
2976 2896 3240 2955 quaestum
3277 2888 3663 2939 abolebantur.

2107 2974 2159 3027 ld
2196 2976 2298 3032 ilOC
2323 2992 2533 3031 canone
2564 2978 2786 3031 vetitum
2816 2984 2919 3042 est,
2944 2993 3006 3031 ac
3028 2978 3297 3047 ejusmodi
3330 2980 3662 3048 impostores

443 3073 546 3140 οὐχ
625 3071 811 3133 ἁπλῶς
886 3069 1263 3138 ἐπιτιμᾶσθαι,
1329 3069 1465 3120 ἀλλὰ
1537 3065 1834 3146 βαρύτερον
1911 3064 1998 3117 καὶ

2109 3068 2303 3138 pmnis,
2341 3078 2393 3123 et
2418 3070 2634 3139 quidem
2656 3069 3021 3139 gravioribus,
3052 3072 3387 3125 coercendos
3422 3086 3541 3125 esse
3571 3072 3667 3123 de-

432 3165 890 3234 ισκληραγωγίαις
971 3161 1164 3227 αὐτοὺς
1233 3161 1328 3215 καὶ
1382 3160 1562 3221 πόνοις
1611 3155 2005 3211 ὑποὸἀλλεσθαι

445 3254 729 3316 τοιούτοις,
798 3253 929 3315 οἵοις
972 3252 1036 3305 ἂν
1076 3253 1124 3303 οἱ
1179 3250 1393 3321 ἀληθῶς
1440 3252 1803 3319 δαιμονωντες
1869 3246 2039 3298 ὑπο--

445 3346 713 3415 amcam,
762 3345 827 3397 ἵν’
868 3345 1227 3411 ἀπαλλαγεῖεν
1265 3342 1357 3397 τοῦ
1381 3343 1651 3413 δαίμονος.
1679 3342 1842 3409 Λέγει
1899 3340 2007 3409 γὰρ

444 3439 530 3490 ὅτι
577 3437 660 3490 διὰ
685 3438 902 3506 τρόπων
935 3438 1241 3505 φαυλότητα
1269 3436 1347 3504 τῷ
1371 3434 1581 3504 δαίμονι
1603 3430 2009 3503 προσοικειοῦν-

445 3547 540 3593 τες
576 3531 799 3592 ἑαυτοὺς
832 3530 887 3581 ἓν
921 3532 1156 3597 γίνονται
1204 3531 1269 3598 τῇ
1318 3528 1451 3598 πρὸς
1494 3526 1657 3580 αὐτὸν
1712 3524 2000 3594 συναφείᾳ,

454 3624 556 3675 καὶ
581 3624 773 3692 ἐπάγει
802 3623 1101 3692 μαρτυρίαν
1132 3623 1196 3673 ἐκ
1220 3619 1313 3673 τού
1336 3619 1569 3689 μεγάλου
1601 3617 1810 3669 Παύλου
1831 3616 2011 3683 λέγον-

447 3733 541 3778 τος
562 3732 576 3745 ·
622 3715 684 3769 '0
717 3714 1096 3784 κολλώμενος
1130 3713 1207 3778 τῷ
1233 3714 1431 3780 Κυρίῳ
1460 3711 1528 3765 ἓν
1554 3709 1789 3779 πνεῦμά
1818 3709 2008 3761 ἐστιν.

448 3915 677 3970 ΑΡΙΣΤ.
736 3933 753 3965 ι
793 3915 856 3966 Εἴ
871 3931 953 3975 τις
978 3914 1332 3984 ὑποκρίνεται
1365 3912 1647 3982 δαιμονᾷν,
1678 3909 1746 3963 τὰ
1774 3908 1878 3961 τῶν
1902 3908 2013 3962 δαι-

440 4056 447 4077 ,
531 4028 550 4060 ι
593 4006 1142 4077 μονώντωνέπιτίμια
1174 3994 1555 4074 ὑπόστήσεται.
1592 4022 1608 4053 ι

521 4102 581 4152 Εἰ
616 4102 646 4151 ό
670 4099 1001 4170 κολλώμενος
1035 4098 1352 4168 τῷΚυρίῳ,
1381 4097 1522 4148 κατά
1550 4095 1639 4149 τὸν
1677 4093 2013 4155 ’Δπόστολον,

406 4204 411 4207 ‘
448 4192 509 4243 ἓν
534 4189 751 4261 πνεῦμά
776 4191 911 4252 ἐστι,
943 4188 1209 4259 πρόδηλον
1269 4185 1342 4249 ὡς
1371 4187 1398 4237 ὁ
1428 4185 1507 4254 τῷ
1537 4183 1768 4253 διαϐόλῳ
1824 4181 2010 4235 ἑαυτὸν

450 4281 674 4335 οξκειῶν
692 4281 748 4332 ἓν
774 4282 988 4349 γίνεται
1010 4282 1074 4350 τῇ
1100 4280 1233 4349 πρὸς
1255 4276 1416 4330 αὑτὸν
1442 4277 1725 4344 συναφεία.
1743 4276 1840 4328 Διά
1861 4275 2017 4326 τοῦτο

2109 3171 2340 3215 cretum.
2373 3160 2711 3231 Eosqnipoe
2739 3160 2931 3216 iisdem
2970 3164 3253 3218 laboribus
3280 3173 3334 3217 et
3357 3165 3668 3234 asperitati-

2108 3254 2211 3307 bus
2253 3254 2497 3307 exerceri
2557 3254 2751 3323 placet,
2804 3255 3002 3326 quibus
3028 3256 3123 3324 qui
3160 3256 3427 3324 arreptitii
3480 3271 3665 3310 revera

2110 3358 2254 3410 sunt,
2282 3347 2549 3399 dmmonis
2591 3346 2811 3417 l'ugandi
2841 3365 3005 3403 causa
3040 3348 3355 3418 fatigantur.
3395 3349 3527 3403 Nam
3570 3350 3666 3412 illi,

2111 3437 2317 3506 inquit,
2360 3438 2429 3491 ob
2473 3453 2683 3492 morum
2713 3439 3113 3507 improbitatem
3149 3457 3207 3495 se
3236 3442 3286 3493 in
3323 3440 3663 3495 familiarita-

2112 3537 2216 3583 tem
2256 3530 2656 3587 cacodzemonis
2698 3534 3061 3597 insinuantes,
3105 3534 3321 3603 impuro
3348 3533 3561 3603 spiritui
3589 3533 3670 3586 in-

2112 3624 2238 3674 tima
2296 3624 2679 3693 conjunctione
2722 3626 3071 3695 copulantur.
3117 3627 3291 3692 Quam
3331 3642 3440 3681 rem
3488 3622 3669 3695 magni

2110 3714 2259 3768 Pauli
2293 3717 2605 3771 testimonio
2641 3716 2971 3795 confirmat;
3007 3720 3108 3784 Qui
3158 3719 3295 3783 Deo,
3335 3714 3530 3788 inquit,
3564 3718 3666 3771 ad-

2112 3805 2293 3868 ha’ret,
2322 3822 2457 3859 unus
2486 3816 2561 3859 est
2584 3800 2802 3875 spiritus
2815 3806 2858 3860 ’.

2113 3920 2338 3975 ARlST.
2388 3942 2406 3972 ¢
2446 3922 2549 3988 Qui
2578 3924 2822 3977 daalnone
2849 3938 2906 3976 se
2932 3931 3241 3989 correptum
3280 3923 3525 3986 simulat,
3556 3922 3667 3978 da:-

2342 4034 2347 4041 -
2396 4032 2413 4062 α
2449 4016 2827 4068 moniacorum
2867 4028 3058 4083 poenas
3092 4014 3323 4069 subibit.
3358 4034 3376 4064 ›

2184 4105 2271 4168 Si,
2308 4106 2399 4175 qui
2427 4105 2653 4159 Domino
2694 4106 3124 4175 conglutinatur,
3184 4104 3489 4158 secundum
3533 4105 3677 4172 Apo-

2121 4200 2347 4261 SiOilllll,
2398 4215 2540 4251 unus
2588 4208 2671 4252 est
2708 4200 2955 4267 spiritus,
2989 4196 3337 4251 manifestum
3378 4207 3483 4261 est,
3533 4200 3678 4271 quod

2122 4292 2211 4357 ιιιιί
2245 4307 2367 4345 cum
2391 4292 2605 4345 diabolo
2644 4291 3068 4344 iainiliaritatem
3104 4289 3222 4350 init,
3253 4305 3375 4346 eum
3410 4290 3512 4344 isto
3544 4304 3678 4344 con-

448 4378 543 4429 τὸν
575 4374 1001 4447 ὑποκρινόμενον
1048 4372 1331 4441 δαιμονᾷν,
1377 4372 1470 4424 καὶ
1498 4370 1567 4423 τὰ
1596 4370 1819 4423 ἐκείνων
1846 4369 1998 4438 ἰτράτ¹

855 4466 906 4480 ..,
1290 4464 1299 4477 .
1540 4462 1551 4477 .
1573 4464 1616 4480 ,ς
1735 4479 1739 4480 ν
1767 4461 1784 4480 η

2121 4386 2402 4454 jnnctionc
2438 4401 2604 4439 unum
2644 4386 2722 4439 ﬁt.
2754 4383 3099 4453 Quapropter
3130 4400 3289 4446 enm,
3346 4387 3439 4452 qni
3474 4399 3535 4438 se
3568 4386 3679 4439 dae-

447 4487 567 4521 τειν
605 4466 1097 4537 σχηματιζόμενον,
1150 4464 1430 4526 τοιαύταις
1492 4462 1656 4515 αὑτὸν
1696 4461 2012 4532 σκληραγωο

448 4566 599 4631 γίαις
631 4562 916 4614 ὑποϐάλλει
941 4563 1033 4613 καὶ
1066 4560 1269 4621 πόνοις,
1294 4560 1500 4619 ὁποίοις
1527 4557 1591 4609 ἂν
1636 4556 1841 4609 καὶτὸν
1885 4556 2016 4625 ἁλη-

323 4644 382 4713 κι.
450 4660 562 4720 OG);
584 4658 924 4726 δαιμονῶντα
975 4660 1109 4726 πρὸς
1160 4651 1484 4722 ἀπαλλαγὴν
1504 4653 1601 4722 τῆς
1629 4651 1721 4707 τοῦ
1764 4650 2015 4720 δαίμονος

392 4737 535 4832 ξένε
548 4752 751 4820 ργείας.

1054 4886 1291 4938 ΚΑΝΩΝ
1318 4854 1435 4938 ΞΑὲ.

455 5019 475 5052 ε
507 5002 572 5053 Οἱ
608 5000 862 5064 μάντεσιν
916 5000 1143 5062 ἑαυτοὺς
1176 5000 1471 5061 ἐκδιδόντες
1504 4998 1536 5069 ἦ
1570 5000 1679 5061 τοῖς
1711 4997 2021 5068 λεγομένοις

524 5111 551 5141 ν
600 5092 1041 5162 ἑκατοντάρχοις,
1068 5092 1101 5160 ἦ
1119 5107 1229 5144 τισι
1246 5090 1526 5152 τοιούτοις,
1558 5091 1634 5154 ὡς
1654 5092 1719 5143 ἂν
1739 5091 2022 5158 παρ’ὲκεί-

524 5204 544 5236 ι
586 5202 692 5236 νων
721 5184 942 5253 μάθοιεν
966 5184 993 5234 δ
1023 5200 1078 5235 τι
1112 5182 1179 5236 ἂν
1204 5184 1386 5253 αὐτοῖς
1420 5180 1854 5236 ἐκκαλύπτεσοαι
1897 5182 2020 5254 βού-

525 5298 545 5328 ‹
585 5279 761 5329 λοιντο
806 5278 948 5329 κατά
1002 5276 1070 5329 τὰ
1125 5276 1317 5348 πρώην
1355 5274 1587 5349 ύπὸτῶν
1613 5276 1870 5345 Πατέρων
1893 5278 2019 5345 περὶ

520 5390 539 5421 ι
585 5370 765 5422 αὐτῶν
818 5370 1125 5441 ὁρισθέντα,
1162 5369 1267 5422 ὑπὸ
1317 5370 1407 5422 τὸν
1432 5368 1631 5421 κανόνα
1671 5370 2019 5420 πιπτέτωσαν

524 5482 545 5513 ι
590 5462 688 5531 τῆς
726 5462 990 5528 ἑξαετίας.
1040 5461 1128 5530 Τῷ
1165 5461 1312 5531 αύτῷ
1361 5461 1416 5514 δὲ
1453 5461 1627 5531 τούτῳ
1678 5459 2017 5513 καθυποόάλ-

530 5573 549 5605 ι
598 5554 787 5608 λεσθαι
824 5554 1029 5611 δεῖκαὶ
1077 5555 1201 5620 τοὺς
1248 5555 1346 5619 τὰς
1399 5555 1630 5625 ἄρκτους
1682 5554 2014 5622 ἐπιφερομέ-

523 5744 568 5772 ἰ
607 5741 779 5797 lCor.
808 5741 995 5800 νι,1“1.

2122 4476 2321 4529 moniis
2352 4485 2664 4545 correptum
2709 4476 2952 4534 simulat,
2998 4482 3053 4528 et
3087 4490 3276 4528 eorum
3310 4490 3473 4544 opera
3519 4478 3681 4545 perli-

2123 4584 2248 4623 cere
2276 4584 2383 4635 pra:
2415 4583 2473 4622 se
2507 4568 2632 4629 fert,
2656 4568 3011 4621 talilmseum
3044 4567 3432 4625 afﬂictionibus
3462 4566 3686 4634 subjicit

2124 4672 2179 4715 et
2229 4660 2532 4724 laboribus,
2574 4658 2829 4728 qualibus
2870 4667 2923 4712 et
2967 4673 3156 4711 revera
3207 4656 3454 4713 daemone
3497 4666 3682 4715 corre-

2125 4763 2302 4822 ptum,
2326 4763 2385 4805 ut
2410 4752 2675 4806 daemonis
2708 4750 3030 4820 operatione
3052 4751 3344 4805 eximatur.

2690 4860 3118 4939 CANON'LXL

2133 5022 2152 5054 ι
2189 5002 2292 5068 Qui
2342 5003 2556 5055 vatibus
2624 5000 2834 5067 seipsos
2877 4997 3250 5059 tradiderunt,
3318 4996 3399 5049 vel
3459 4994 3524 5046 iis
3586 4992 3677 5061 qui

2203 5114 2221 5145 ι
2266 5094 2616 5148 centuriones
2661 5091 2951 5149 dicuntur.
3000 5088 3080 5141 vel
3115 5089 3238 5140 aliis
3282 5084 3576 5151 ejusmodi.
3631 5093 3687 5135 ut

2206 5208 2222 5238 ι
2265 5184 2469 5240 abillis
2502 5184 2734 5242 discant,
2782 5183 2825 5235 si
2870 5180 3001 5250 quid
3038 5179 3141 5231 sibi
3212 5177 3438 5231 revelari
3485 5177 3683 5229 velint:

2205 5298 2223 5330 ι
2266 5278 2654 5331 convenienter
2706 5275 2770 5327 iis
2803 5289 2922 5341 qua:
2953 5271 3020 5325 de
3059 5270 3194 5338 ipsis
3235 5284 3262 5321 ιι
3297 5269 3548 5323 Pati-ibus
3589 5284 3687 5321 nu-

2189 5390 2207 5421 ι
2254 5384 2350 5438 per
2375 5367 2670 5421 constituta
2705 5372 2853 5425 sunt,
2882 5361 3127 5418 scxcnnii
3152 5359 3359 5421 canoni
3385 5359 3685 5429 subjiciun-

2203 5483 2220 5513 ι
2263 5472 2372 5513 Inr.
2406 5458 2593 5512 Eidem
2625 5465 2805 5510 autem
2848 5471 2943 5510 eos
2972 5467 3191 5523 quoque
3218 5452 3415 5522 subjici
3451 5460 3684 5521 oportet.

2202 5574 2221 5605 ι
2261 5552 2351 5622 qui
2390 5565 2547 5606 ursas
2581 5551 2659 5604 vel
2692 5548 2960 5618 ejusmodi
2996 5546 3287 5613 animalia,
3319 5543 3386 5598 ad
3416 5544 3601 5599 ludum
3633 5549 3686 5597 et
