4110 6224
398 283 512 348 ’125

1391 286 1477 350 ΙΝ
1511 287 1674 350 CAN.
1711 285 1878 347 LXII
1918 284 2127 350 CONC.
2167 287 2250 350 ΙΝ
2286 287 2612 350 TRULLO.
2708 309 2714 315 ·

3517 299 3622 361 Ἷὲἳ

389 392 564 463 δνομα
624 392 946 464 ἐπιλέγηται
1003 395 1116 459 τοῖς
1147 393 1430 459 τοιούτοις,
1492 397 1598 451 κᾶν
1659 398 1834 464 ἁγίων
1875 399 1959 465 ’γί-

2068 395 2334 464 ejusmodi
2368 398 2678 454 actionibus
2709 399 3094 468 admisceatur,
3145 404 3188 458 si
3219 406 3621 462 cmlitcs'etiam

390 501 588 537 νωνται
624 484 965 555 ἐπίκλησεις,
1003 485 1103 539 κᾶν
1126 486 1186 539 τὸ
1224 489 1454 556 σημεῖον
1487 487 1582 541 τοῦ
1615 487 1760 541 θείου
1790 505 1958 540 σταυ-

395 578 495 649 ροῦ
524 578 822 646 ἐπάγηται,
858 579 1080 647 φεύγειν
1107 579 1189 633 δεῖ
1233 582 1304 634 τὰ
1350 580 1574 634 τοιαῦτα
1605 581 1698 634 καὶ
1731 582 1962 652 ἀποτρέ·

395 673 612 724 πεσθαι.
670 669 762 723 ait
818 671 910 723 καὶ
972 673 1020 724 oi
1053 672 1154 742 τῆς
1190 675 1410 728 συνόδου
1461 674 1662 742 ταύτης
1717 676 1962 743 Πατέρες

394 763 521 822 τοὺς
546 761 787 814 τοιοῦτόν
813 779 866 814 τι
892 763 1179 828 ποιοῦντας
1210 765 1302 826 ἐπὶ
1329 766 1578 831 ἑξαετίαν
1604 766 1960 837 ἀφορίζεσθαι

392 853 716 924 διωρίσαντο
772 853 927 920 (ἀλλὰ
969 855 1060 907 τὸν
1107 857 1414 927 ἀφορισμὸν
1454 858 1547 910 ἐπὶ
1583 857 1791 911 λαῖκῶν
1836 875 1963 928 νοη-

390 947 517 999 τέον
551 961 565 977 ο
615 946 665 998 οί
712 947 818 1016 γὰρ
863 947 1147 1018 ἱερωμένοι
1197 950 1708 1020 καθαιρεθήσονται.
1762 951 1850 1003 Ἐν
1879 945 1962 1015 οἷς

393 1040 506 1109 γὰρ
563 1040 901 1108 πταίσμασιν
960 1040 1072 1111 (65)
1136 1045 1186 1096 οί
1243 1043 1422 1096 λαῖκοὶ
1476 1044 1850 1115 ἀφορίζονται,
1903 1049 1962 1099 ἐν

393 1127 686 1195 τούτοιςόί
723 1133 1013 1202 ίερωμένοι
1067 1135 1503 1208 καθαιροῦνται).
1572 1125 1962 1206 Ἐπίμένοντας

391 1222 719 1286 δὲ’τούτοις,
751 1226 971 1293 καὶτῆς
1017 1225 1342 1296 Ἐκκλησίας
1376 1227 1761 1289 ἐκκόπτεσθαι,
1798 1230 1964 1297 ἤγουν

392 1315 495 1383 τῆς
522 1315 631 1367 τῶν
662 1316 870 1369 πιστῶν
894 1316 1242 1387 δμηγύρεως.
1277 1319 1386 1372 Καὶ
1427 1320 1489 1371 οὐ
1542 1319 1680 1389 μόνα
1713 1319 1783 1373 τὰ
1811 1321 1960 1390 είρηι

395 1406 537 1474 μένα
595 1407 794 1460 κωλύει
839 1408 1088 1476 γίνεσθαι
1149 1411 1178 1463 δ
1233 1410 1432 1475 κανὼν,
1489 1411 1624 1464 ἀλλὰ
1683 1411 1759 1482 τῷ
1815 1412 1963 1481 αὐτῷ

396 1498 662 1570 ἐπιτιμίῳ
709 1500 1000 1553 ὑποϐάλλει
1053 1501 1148 1555 καὶ¹
1182 1504 1308 1565 τοὺς
1335 1503 1450 1574 ,τὰς
1486 1502 1721 1574 ἄρκτους
1771 1505 1962 1556 ἐπισυὶ

401 1594 667 1662 ρομένους
702 1595 735 1658 ἢ
759 1593 984 1648 τοιαῦτα
1023 1595 1140 1658 ζῶα
1169 1598 1307 1666 πρὸς
1335 1597 1587 1664 παίγνιον
1619 1599 1712 1650 καὶ
1763 1597 1964 1668 βλάϐην

395 1686 508 1738 τῶν
563 1687 968 1757 ἁπλουστέρων.
1023 1689 1134 1743 Καὶ
1187 1691 1294 1759 γὰρ
1348 1690 1610 1759 βάμματα
1666 1689 1964 1760 ἐξαρτῶσιν

395 1777 577 1828 αὐτῶν
608 1779 701 1831 καὶ
743 1779 938 1848 τρίχας
976 1780 1252 1850 κείροντες
1292 1781 1351 1844 ἐξ
1398 1781 1601 1846 αὐτῶν,
1633 1779 1835 1835 δίδοάσι
1865 1800 1964 1850 γυ-

394 1870 572 1934 ναιξὶν
622 1870 693 1934 ὡς
741 1873 1114 1942 φυλακτήρια,
1170 1873 1264 1925 καὶ
1292 1873 1366 1935 ὡς
1395 1875 1535 1943 τάχα
1580 1877 1638 1928 ἐν
1693 1878 1886 1939 νότοις.
1931 1877 1964 1948 ἢ

289 1955 299 1962 ’
395 1961 694 2031 βασκάνοις
740 1963 1042 2034 ὀφθαλμοῖς
1082 1963 1382 2017 λυσιτελεῖν
1438 1983 1491 2028 τι
1542 1967 1856 2036 δυνάμενα·
1909 1969 1964 2021 αἱ

390 2054 474 2120 δὲ,
507 2055 680 2108 ταῦτα
709 2055 784 2120 ὡς
825 2058 1098 2125 ἀναγκαῖα
1135 2056 1535 2127 λαμϐάνουσαι,
1581 2061 1771 2129 μισθὸν
1823 2061 1966 2115 ἐκεί-

397 2165 516 2208 νοις
556 2147 879 2218 παρέχουσι,
913 2149 1009 2203 καὶ
1041 2150 1256 2214 ἀξιοῦσι
1302 2150 1373 2203 τὰ
1414 2151 1578 2204 τέκνα
1631 2153 1813 2205 αὐτῶν
1855 2156 1964 2217 τοῖς

392 2237 592 2303 νώτοις
624 2240 715 2292 τοῦ
751 2239 912 2311 θηρὸς
973 2241 1280 2306 ἐπιθέσθαι,
1336 2242 1410 2306 ῶς
1455 2242 1517 2313 δή
1568 2259 1732 2297 τινων
1780 2245 1966 2297 κακῶν

393 2331 719 2401 ἀποτροπῆς
756 2331 1024 2402 ἐσομένης
1069 2335 1132 2385 ἐκ
1162 2321 1354 2386 τούτου
1388 2336 1501 2396 τοῖς
1536 2336 1727 2386 παισὶν
1756 2335 1965 2388 ἑαυτῶν

394 2428 494 2480 καὶ
557 2426 895 2514 τοὺςςξύχην
935 2426 1300 2496 ὀνομάζοντας
1336 2429 1428 2481 καὶ
1479 2430 1819 2498 εἱμαρμένην
1872 2430 1965 2482 καὶ

391 2517 772 2590 γενεαλογίαν.
809 2517 993 2570 Ταῦτα
1037 2518 1093 2571 δὲ
1143 2517 1464 2588 Ἑλληνικῆς
1510 2520 1616 2572 είσι
1673 2520 1963 2588 φλυαρίας,

402 2608 644 2680 Ὁμοίως
667 2599 1042 2680 ,ἐπιτιμᾶσθαι
1066 2610 1444 2664 διακελεύεται
1474 2627 1489 2642 ο
1527 2614 1622 2677 Τίς
1649 2613 1781 2681 γὰρ,
1807 2616 1960 2680 φησὶ,

393 2697 680 2755 κοινωνία
711 2702 856 2771 φωτὶ
899 2697 1044 2770 πρὸς
1084 2705 1350 2766 σκότος;
1391 2688 1489 2755 καὶ
1519 2703 1586 2754 τὰ
1627 2702 1715 2756 διὰ
1755 2704 1964 2768 τούτοις

398 2795 728 2864 συνημμένα
760 2795 922 2857 λοιπὰ
953 2794 1045 2848 τοῦ
1088 2791 1412 2849 Ἀποστόλου
1448 2796 1609 2866 ῥητά.

393 2885 621 2940 ΑΡΙΣΤ.
681 2905 698 2936 ι
743 2888 839 2948 Ὃς
897 2886 1087 2939 ἐαυτὸν
1140 2889 1561 2956 ἑκατοντάρχοις
1618 2888 1650 2958 ἢ
1715 2887 1965 2956 δαίμοσιν

478 2999 497 3030 ι
534 2979 740 3053 ἐπιδῷ,
791 2979 930 3032 ὥστε
995 2999 1044 3033 τι
1099 2980 1207 3033 τῶν
1265 2981 1600 3050 ἀπορρήτων
1651 2979 1963 3049 μανθάνειν,

477 3092 496 3125 ι
535 3072 783 3137 ἑξαετίαν
815 3071 1190 3125 ὑποπιπτέτω.
1214 3072 1374 3124 Κατὰ
1394 3073 1558 3125 ταυτὺ
1587 3073 1682 3125 καὶ
1713 3075 1739 3126 ό
1763 3073 1964 3144 ἄρκτον
1993 3098 2037 3158 c

479 3184 499 3217 ι
539 3163 964 3236 ἐπισυρόμενος,
1023 3165 1393 3236 όγοητευταϊς
1444 3165 1538 3218 καὶ
1585 3165 1968 3235 νεφοδιώκταις

479 3279 499 3311 ι
538 3251 903 3328 κολλώμενος,
943 3257 1040 3312 καὶ
1066 3258 1375 3331 εἱμαρμένῃ
1409 3259 1506 3313 καὶ
1528 3260 1664 3330 τύχῃ
1697 3260 1969 3313 πιστεύων

482 3371 502 3403 ι
537 3355 636 3421 τῆς
673 3351 997 3419 Ἐκκλησίας
1025 3351 1472 3419 ἀποσυνάγωγος.
1506 3371 1526 3404 ι

473 3445 614 3509 Τοὺς
647 3443 1132 3508 ἐξακολουθοῦντας
1158 3446 1268 3506 τοῖς
1305 3443 1450 3496 ἔθεσι
1480 3444 1588 3496 τῶν
1634 3443 1827 3506 ἐθνῶν,
1871 3446 1970 3498 καί

361 3547 370 3552 “
402 3536 721 3610 μάντεσινῆ
781 3535 1051 3598 ἐπαοιδοῖς
1081 3536 1304 3599 ἐαυτοὺς
1351 3536 1735 3600 ἐκδεδωκότας,
1770 3537 1850 3599 ὡς
1902 3537 1969 3590 ἂν
2010 3598 2022 3611 ί

357 3651 368 3661 ο
402 3629 658 3702 μάθωσιν
690 3629 751 3694 ἐξ
779 3627 960 3682 αὐτῶν
1007 3628 1300 3698 ἀπόρρητά
1346 3645 1466 3680 τινα
1496 3643 1512 3659 ο
1560 3627 1822 3692 ὡσαύτως
1877 3630 1970 3682 καὶ.

402 3723 533 3785 τοὺς
575 3720 1006 3792 ἐπισυρομένους
1042 3720 1141 3782 τὰς
1169 3719 1468 3790 ἄρκτουςῆ
1503 3720 1666 3792 ’ἐτειρά
1694 3739 1811 3773 τινα
1854 3722 1969 3786 ζῶα

404 3817 546 3887 προς
582 3815 831 3883 παίγνιον
881 3814 975 3867 καὶ
1019 3813 1228 3884 πλάνην
1277 3814 1385 3865 τῶν
1435 3815 1838 3884 ἁπλουστέρων,
1876 3821 1969 3868 καὶ

401 3908 575 3978 ⁴τύχην
635 3906 726 3960 καὶ
765 3891 1104 3979 εἱμαρμένην
1145 3907 1240 3960 καὶ
1285 3906 1632 3975 γενεαλογίας
1690 3907 1966 3975 λέγοντας,

405 4004 504 4055 καὶ
554 4003 679 4064 τοὺς
742 4001 1096 4064 πιστεύοντας
1154 4004 1266 4065 τοῖς
1329 4006 1652 4071 γοητευταῖς
1711 4005 1802 4056 καὶ
1856 4006 1969 4065 τοῖς

403 4093 723 4163 λεγομένοις
751 4092 1156 4161 νεφοδιώκταις,
1177 4093 1392 4170 ’ὥρισεν
1424 4095 1450 4164 ἡ
1481 4093 1695 4157 σύνοδος
1721 4095 1968 4152 ἑξαετίαν

404 4184 806 4256 ἐπιτιμᾶσθαι·
839 4184 979 4239 ὥστε
1034 4188 1093 4240 ἐν
1141 4186 1434 4256 τέσσαρσιν
1488 4188 1633 4240 ἔτεσι
1693 4191 1829 4256 μετὰ
1860 4189 1967 4242 τῶν

406 4278 826 4332 ὑποπιπτόντων
867 4277 1139 4350 ἵστασθαι,
1176 4279 1269 4332 ἐπὶ
1307 4279 1362 4332 δὲ
1406 4280 1559 4333 δυσὶν
1599 4280 1783 4344 ἄλλοις
1825 4281 1968 4335 ἔτεσι

409 4370 764 4423 συνίστασθαι
817 4373 933 4434 τοῖς
984 4373 1233 4434 πιστοῖς,
1299 4373 1392 4424 καὶ
1458 4371 1631 4434 οὕτως
1683 4372 1967 4438 ἀξιοῦσθαι

2063 490 2423 558 advocentur,
2476 492 2765 563 divineque
2805 494 3026 564 insuper
3059 499 3274 568 signum
3321 502 3500 553 crucis
3546 505 3627 554 in-

2063 590 2404 652 terponatur,
2448 585 2634 653 fugere
2684 592 2862 640 tamen
2894 601 2953 641 ea
3002 604 3098 640 nos
3130 604 3191 641 ac
3224 592 3436 658 penitus
3469 608 3623 644 aver—

2063 675 2174 726 sari
2206 673 2422 728 debere.
2479 674 2717 729 Proinde
2749 674 2910 742 hujus
2936 693 3152 745 quoque
3187 680 3375 748 synodi
3411 679 3619 744 Patres,
3665 691 3670 698 ‘

2062 765 2153 833 qui
2209 765 2314 819 tale
2353 765 2632 834 quidpiam
2693 765 3030 829 admiserim,
3091 771 3360 837 segregari
3410 771 3474 821 ad
3531 787 3621 825 sex

2064 871 2236 912 annos
2285 858 2501 926 jussere
2542 876 2556 912 :
2613 858 2756 928 (quae
2800 866 2981 913 tamen
3015 859 3080 913 de
3125 861 3278 914 laicis
3310 863 3625 930 accipienda

2063 949 2366 1019 segregalio
2412 957 2530 1004 est:
2581 951 2724 1005 sacri
2757 965 2989 1019 namque
3016 950 3221 1005 ordinis
3254 951 3501 1007 homines
3531 952 3626 1008 de-

2065 1039 2332 1104 positione
2359 1040 2672 1110 punientur.
2757 1041 2887 1095 Nam
2920 1059 3041 1112 qua:
3081 1044 3149 1097 ob
3185 1045 3414 1098 crimina
3448 1060 3629 1113 segre-

2064 1136 2213 1202 gatio
2244 1120 2397 1189 laicis
2425 1135 2718 1203 irrogatur,
2751 1135 2819 1188 ob
2843 1150 2901 1187 ea
2929 1136 3099 1189 sacris
3121 1135 3400 1191 ordinibus
3431 1137 3626 1190 initiati

2065 1224 2407 1294 depositione
2455 1227 2673 1281 multari
2727 1228 2926 1292 solent)
2979 1243 3067 1291 ac,
3124 1229 3226 1283 nisi
3261 1238 3444 1297 postea
3495 1231 3629 1282 resi-

2065 1318 2304 1384 puerint,
2359 1318 2426 1372 ab
2455 1317 2721 1372 Ecclesiae
2779 1333 3008 1388 corpore
3058 1317 3326 1382 abscindi,
3384 1320 3624 1384 horest,

2063 1425 2094 1464 e
2146 1417 2260 1463 toto
2318 1409 2553 1463 fidelium
2612 1419 2756 1466 coetu
2806 1412 3099 1466 eliminari.
3155 1410 3264 1488 Nec
3314 1429 3374 1466 ea
3425 1416 3626 1478 solum,

2066 1516 2185 1570 quae
2217 1501 2478 1565 diximus,
2524 1516 2700 1556 canon
2748 1504 2870 1563 ﬁeri
2925 1513 3090 1569 vetat,
3139 1505 3233 1560 sed
3276 1521 3370 1561 eos
3413 1522 3627 1576 quoque

2065 1594 2155 1663 qui
2211 1609 2367 1648 ursas
2411 1594 2583 1650 aliave
2633 1595 2684 1650 id
2734 1599 2947 1666 generis
2980 1599 3273 1652 animantia
3306 1599 3371 1653 ad
3414 1600 3628 1668 imperi-

2069 1693 2246 1739 torum
2300 1685 2754 1773 oblectamentum
2798 1690 2960 1744 simul
3021 1705 3328 1760 noxamque
3389 1691 3627 1744 circum-

2067 1777 2306 1837 ducunt.
2370 1775 2560 1832 iisdem
2625 1781 2801 1848 pmnis
2861 1780 3128 1836 obnoxios
3182 1797 3306 1836 csse
3367 1783 3628 1836 decernit.

2070 1867 2376 1936 Suspensas
2409 1868 2552 1922 enim
2584 1869 2652 1923 de
2689 1872 3014 1941 corporibus
3051 1871 3290 1926 ferarum
3341 1873 3627 1933 tincturas,

2065 1959 2453 2028 detractasque
2509 1960 2702 2015 iisdem
2757 1963 2915 2016 villos
2974 1978 3073 2031 pro
3131 1964 3384 2018 amuletis
3444 1973 3630 2018 contra

2066 2050 2284 2104 morbos
2308 2059 2363 2106 et
2400 2049 2786 2110 fascinationes
2827 2055 3165 2112 mulierculis
3200 2056 3453 2111 tradunt:
3499 2057 3630 2111 illa":-
3668 2099 3675 2106 .

2066 2158 2172 2212 que
2188 2143 2425 2213 pretium
2456 2147 2610 2214 quasi
2635 2157 2858 2219 accepto
2888 2149 3199 2204 necessario
3232 2151 3630 2206 medicamento

2065 2235 2404 2306 persolvunt,
2464 2237 2814 2308 infantesque
2865 2257 3016 2308 suos,
3069 2242 3233 2297 veluti
3288 2244 3513 2312 probato
3561 2244 3629 2298 ad

2064 2331 2406 2386 calamitates
2433 2333 2762 2388 avertendas
2785 2334 3047 2400 remedio,
3084 2325 3394 2408 ferm‘tergo
3425 2337 3629 2406 imponi

2065 2433 2278 2507 rogant.
2359 2423 2501 2478 Tum
2535 2426 2627 2496 qui
2663 2426 2896 2482 fortuna:
2926 2438 3022 2483 aut
3054 2427 3148 2483 fati
3179 2441 3274 2485 aut
3306 2430 3634 2502 genealogiae

2065 2530 2259 2569 nomen
2299 2518 2668 2586 usurpaverit,
2690 2536 2824 2592 qua:
2861 2521 3045 2575 omnia
3078 2509 3318 2592 profanae
3362 2512 3634 2594 supersti-

2065 2607 2228 2660 tionis
2275 2615 2423 2666 sunt.
2479 2607 2670 2662 iisdem
2717 2598 2892 2680 poenis
2935 2625 3109 2665 canon
3159 2611 3469 2670 multandos
3512 2629 3632 2670 esse

2063 2698 2367 2774 constituit.
2430 2697 2560 2764 Qua:
2595 2701 2755 2763 enim,
2795 2701 2894 2766 ait,
2938 2702 3164 2756 societas
3201 2703 3308 2758 luci
3332 2720 3452 2758 cum
3489 2715 3631 2761 tene-

2067 2790 2276 2870 bris"?
2322 2791 2537 2860 aliaque
2565 2791 2818 2861 deinceps
2844 2795 3089 2860 Apostoli
3126 2796 3285 2852 verba
3321 2798 3628 2854 continuat.

2068 2883 2291 2939 ARIST.
2329 2901 2350 2934 ι
2380 2884 2482 2951 Qui
2504 2887 2916 2941 centurionibus
2931 2888 3015 2941 vel
3033 2888 3372 2946 daemonibus
3390 2891 3626 2958 seipsum

2145 2994 2163 3027 ι
2209 2978 2396 3042 tradit.
2443 2989 2504 3036 ut
2543 2979 2746 3049 aliquid
2793 2981 2990 3035 secreti
3029 2980 3258 3046 ediscat,
3312 2984 3659 3063 sexennium,

2145 3089 2164 3122 ‹
2212 3072 2614 3128 substernatur.
2682 3074 2880 3130 Eodem
2915 3077 3072 3131 modo
3102 3084 3156 3129 et
3187 3080 3277 3146 qui
3311 3093 3496 3132 ursum
3527 3077 3636 3130 cir-

2146 3183 2165 3216 ι
2213 3167 2472 3232 cuml'ert,
2516 3169 2610 3237 qui
2652 3167 3082 3224 incantatoribus
3110 3179 3163 3225 et
3196 3171 3418 3236 nubium
3452 3155 3632 3238 perse-

2146 3270 2166 3303 ‹
2211 3255 2496 3309 cutoribus
2521 3271 2580 3310 se
2596 3256 2898 3324 coniungit.
2920 3268 2972 3312 et
2990 3257 3220 3313 fortunae
3241 3258 3457 3327 fatoque
3474 3257 3632 3312 ﬁdem

2146 3366 2163 3397 ι
2213 3347 2394 3409 habet,
2425 3348 2492 3401 ab
2523 3347 2778 3404 Ecclesia:
2815 3359 3083 3414 conventu
3118 3362 3388 3406 arceatur.
3411 3370 3451 3420 _)

2142 3436 2304 3505 230
2347 3436 2474 3502 Eos,
2508 3440 2599 3505 qui
2638 3441 2976 3494 ethnicorum
3010 3451 3316 3509 sequuntur
3349 3455 3545 3506 mores,
3583 3447 3638 3495 et

2071 3529 2284 3581 vatibus
2327 3543 2389 3584 ac
2424 3531 2857 3587 incantatoribus
2910 3532 3120 3601 seipsos
3165 3531 3527 3594 tradiderunt,
3575 3540 3633 3585 ut

2070 3636 2266 3674 arcana
2290 3622 2534 3690 quaedam
2559 3638 2621 3676 ex
2655 3623 2720 3679 iis
2750 3623 3053 3688 discerent;
3078 3633 3129 3680 et
3149 3641 3244 3681 eos
3269 3625 3519 3681 similiter
3541 3629 3634 3697 qui

2071 3728 2249 3778 ursos,
2270 3723 2364 3768 aut
2383 3716 2485 3769 alia
2509 3733 2846 3787 qnmcunque
2868 3719 3120 3773 animalia
3142 3719 3206 3773 ad
3226 3717 3408 3772 ludum
3434 3726 3487 3773 et
3505 3720 3637 3774 sim-
3684 3721 3701 3766 .’

2041 3843 2044 3847 -
2072 3812 2355 3879 pliciorum
2401 3794 2788 3878 'deccptiouem
2821 3811 3235 3874 circumferunt.
3279 3825 3334 3867 et
3362 3811 3632 3868 fortunam

2068 3913 2123 3958 et
2156 3903 2323 3955 fatum
2365 3910 2419 3956 et
2452 3902 2793 3973 genealogias
2823 3902 3126 3969 proferunt,
3180 3917 3385 3970 eosque
3419 3903 3510 3970 qui
3552 3901 3635 3956 in-

2066 3993 2445 4049 cantatoribus
2498 3993 2656 4047 Iidem
2705 3993 2926 4054 habent.
2990 4004 3044 4046 et
3096 3995 3215 4048 istis
3263 3996 3354 4063 qui
3411 3993 3633 4047 ιιιιιιίιιιιι

2072 4096 2446 4159 persecutores
2506 4088 2783 4149 dicuntur,
2855 4086 3093 4152 decrevit
3149 4095 3336 4142 sancta
3397 4085 3638 4157 synodus

2071 4199 2162 4236 sex
2218 4198 2390 4236 annos
2441 4197 2652 4251 pmuam
2709 4180 2891 4241 luere.
2943 4180 3014 4233 ita
3072 4188 3128 4231 ut
3175 4187 3406 4246 quatuor
3461 4192 3637 4234 annos

2073 4275 2212 4328 inter
2243 4274 2544 4328 substratos
2595 4278 2967 4342 permaneant.
3007 4285 3070 4324 ac
3105 4271 3242 4324 duos
3279 4270 3414 4324 alios
3461 4286 3636 4326 annos

2074 4381 2196 4420 cum
2241 4365 2490 4418 ﬁdelibus
2539 4363 2964 4425 constituantur,
3008 4371 3062 4416 et
3097 4361 3178 4415 sic
3213 4361 3412 4416 divinis
3456 4378 3640 4418 sacra-

403 4463 519 4517 τῶν
565 4462 724 4518 θείων
777 4463 1151 4533 ἀγιασμάτων.
1187 4465 1249 4518 Ei
1290 4465 1346 4517 δὲ
1381 4465 1696 4536 ἁδιόρθωτοι
1748 4466 1967 4536 μένουσι

2076 4457 2269 4512 mentis
2305 4455 2485 4510 haberi
2523 4457 2737 4527 dignos.
2802 4453 2856 4508 Si
2884 4465 3069 4511 autem
3113 4469 3211 4508 nec
3253 4469 3346 4521 per
3379 4453 3634 4508 inflictam

406 4557 503 4612 καὶ
533 4557 671 4626 μετὰ
703 4555 764 4608 τὸ
801 4556 1094 4625 ἐπιτίμιον,
1135 4557 1229 4610 καὶ
1257 4558 1364 4610 τῶν
1399 4556 1734 4627 Ἑλληνικῶν
1765 4559 1984 4611 τούτων

404 4646 858 4718 ἐπιτηδευμάτων
911 4647 972 4700 ού
1021 4648 1425 4717 μετατίθενται,
1482 4649 1582 4719 τῆς
1646 4649 1973 4720 Ἐκκλησίας

406 4745 757 4800 παντάπασιν
791 4744 1246 4815 ἁπορῤίπτεσθαι.

995 4837 1236 4894 ΚΑΝΩΝ
1264 4837 1379 4892 ΞΒ’.

410 4945 432 4978 ι
472 4925 584 4987 Τὰς
611 4926 751 4980 οὓτω
776 4927 1071 4996 λεγομένας
1103 4927 1411 4993 Καλάνδας,
1456 4929 1550 4981 καὶ
1591 4927 1661 4980 τὰ
1701 4928 1971 4997 λεγόμενα

487 5036 506 5070 ι
550 5017 707 5083 Boeth,
741 5018 836 5071 καὶ
885 5019 953 5072 τὰ
998 5017 1307 5089 καλούμενα
1367 5017 1702 5086 Βρουμάλια,
1755 5019 1845 5069 καὶ
1873 5017 1971 5086 τὴν

489 5127 508 5160 ι
548 5111 606 5161 ἐν
643 5113 705 5180 τῇ
749 5109 938 5181 πρώτῃ
979 5109 1073 5163 τοῦ
1111 5109 1349 5179 Μαρτίου
1403 5109 1567 5180 μηνὸς
1617 5109 1800 5179 ἡμέρᾳ
1849 5111 1971 5163 ἐπι-

489 5221 506 5253 ι
544 5204 870 5273 τελουμένην
915 5204 1246 5274 πανήγυριν,
1302 5202 1556 5285 καθάπαξ
1587 5203 1650 5254 ἐκ
1703 5201 1801 5270 τῆς
1860 5201 1971 5252 τῶν

443 5285 508 5345 ἰ
548 5295 756 5349 πιστῶν
815 5293 1093 5358 πολιτείας
1154 5293 1570 5366 περιαιρεθῆναι
1625 5291 1925 5361 βουλόμεθα
1953 5308 1966 5321 ·

516 5454 563 5504 ’Ξ
585 5450 630 5507 Il
653 5453 782 5509 Cor.
814 5468 890 5520 vr,
916 5452 1005 5510 14.

2075 4567 2291 4621 pugnam
2324 4550 2518 4620 corrigi
2552 4557 2799 4619 possunt.
2855 4557 2909 4601 et
2962 4564 2990 4601 a
3039 4546 3372 4604 Graecanicis'
3405 4547 3524 4608 istis
3551 4545 3635 4597 iu-

2074 4646 2279 4699 stitutis
2311 4659 2420 4697 non
2449 4650 2866 4708 convertuntur,
2923 4639 3164 4694 Ecclesia
3221 4653 3448 4706 prorsus
3496 4632 3634 4704 abii-

2075 4737 2297 4792 ciendos
2332 4749 2471 4791 esse.

2640 4824 2868 4883 CANON
2920 4822 3076 4878 LXII.

2085 4941 2102 4973 ι
2140 4922 2426 4986 Calendas,
2464 4931 2516 4976 et
2566 4920 2721 4982 Bota,
2754 4928 2808 4973 et
2838 4916 3112 4971 Brumalia
3164 4924 3220 4968 ut
3253 4921 3538 4975 vocantur,
3585 4914 3637 4962 et

2156 5035 2174 5067 ι
2219 5025 2566 5078 conventum,
2619 5013 2818 5083 quiin
2873 5011 3050 5082 primo
3081 5000 3261 5062 Martii
3297 5003 3502 5058 mensis
3551 5001 3638 5055 die

2157 5125 2176 5159 ι
2223 5108 2299 5169 lit,
2332 5122 2397 5160 ex
2429 5105 2666 5159 ﬁdelium
2699 5103 2922 5158 civitate
2947 5099 3169 5156 omnino
3201 5095 3312 5150 tolli
3346 5093 3635 5155 volumus;

2158 5216 2177 5250 ι
2224 5198 2318 5251 sed
2367 5206 2419 5250 et
2456 5196 2702 5266 publicas
2736 5193 3019 5247 mulierum
3052 5188 3375 5245 saltationes
3412 5183 3635 5236 multam

2155 5308 2174 5342 ‹
2221 5305 2413 5344 noxam
2446 5287 2778 5357 exitiumque
2815 5283 3132 5348 aﬂ‘erentes;
3164 5277 3294 5350 quin
3326 5276 3488 5334 etiam
3521 5289 3630 5336 eos,

1566 5539 1762 5604 Guill.
1795 5537 2134 5618 Beveregii
2165 5544 2350 5599 nota).

482 5652 595 5726 (65)
632 5655 735 5708 Ἕν
772 5648 862 5720 οἷς
905 5651 1015 5725 γὰρ
1047 5649 1436 5706 πταίσαασιν.
1513 5645 1640 5704 Haec
1703 5657 1879 5716 usque
1931 5659 1968 5698 at

2076 5640 2466 5713 καθαιροῦνται
2528 5645 2584 5701 in
2642 5659 2746 5701 ms.
2816 5637 3248 5697 Amerbacbisno
3307 5634 3628 5690 desideran-

408 5731 521 5784 tur.
