4092 6214
361 283 468 346 729

1353 285 1430 345 ΙΝ
1470 283 1632 346 CAN.
1667 274 1829 345 LXII
1866 285 2072 351 CONC.
2120 290 2201 352 ΙΝ
2230 291 2555 355 TRULLO.

3479 295 3583 356 734.)

350 393 639 465 συνηθείας
697 395 755 448 ὲν
821 397 941 459 ταῖς
1017 395 1121 461 ἔξω
1194 396 1401 465 χώραις
1481 397 1764 467 γινόμενα.
1826 398 1908 460 Τά

2009 417 2194 457 eorum
2232 422 2416 459 curam
2450 406 2623 474 gerit:
2668 405 2769 461 hoc
2799 422 2923 461 vero
2956 423 3050 477 pro
3084 408 3314 471 Baccho,
3347 408 3484 466 vini.
3516 421 3574 463 ιιι

350 486 486 537 Βοτά
552 483 649 537 καὶ
713 485 780 537 τὰ
836 485 1167 555 Βρουμάλια
1218 486 1403 555 ἑορταὶ
1464 483 1600 558 ἦσαν
1672 487 1912 555 Ἐλληνιο

350 578 478 639 καὶ,
535 578 565 643 ἡ
646 575 743 643 μὲν
826 575 1130 645 τελουμένη
1184 576 1342 646 χάριν
1399 576 1493 629 τοῦ
1560 577 1913 647 ψευδωνύμου

350 667 488 719 θεοῦ
530 666 622 718 τοῦ
668 666 863 729 Πανὸς,
921 667 1015 719 τοῦ
1081 668 1417 738 ἐφορῶντος,
1475 668 1550 730 ὡς
1600 668 1911 738 ὲφλυάρουν

350 759 398 809 oi
428 758 707 831 Ἕλληνες,
736 758 803 809 τά
832 756 942 810 τῶν
973 757 1165 827 βοτῶν,
1190 760 1357 829 ἤγουν
1386 760 1454 812 τὰ
1481 759 1590 812 τῶν
1618 760 1911 830 προϐάτων

350 851 444 901 καὶ
483 850 591 901 τῶν
617 849 823 918 λοιπῶν
846 849 999 914 ζώων
1023 866 1038 880 ·
1067 852 1099 920 ἡ
1125 851 1179 903 δὲ
1204 852 1362 920 χάριν
1384 850 1474 903 τοῦ
1506 850 1659 903 Διονύ
1672 868 1787 915 σου,
1818 850 1912 905 τοῦ

322 958 325 965 ‘
360 942 629 1010 σωτῆρος,
653 941 727 1003 ὡς
753 943 951 1007 ἐκεῖνοι
981 944 1383 1014 ἐϐλασφήμουν,
1416 945 1512 997 τοῦ
1543 945 1709 999 οἴνου.
1743 945 1912 1012 Βροῦ-

353 1048 453 1100 μος
487 1033 595 1101 γάρ
630 1028 699 1103 ἦν
758 1028 1006 1087 ἐπίθετον
1058 1032 1150 1086 τοῦ
1201 1034 1476 1088 Διονύσου.
1530 1036 1683 1089 Κατὰ
1724 1036 1779 1089 δὲ
1822 1036 1913 1088 τὸν

351 1124 599 1191 Μάρτιον
626 1124 769 1192 μῆνα
796 1125 1025 1177 ἐτελεῖτο
1061 1126 1669 1198 πανήγυριςΈλληνικὴ
1702 1130 1910 1200 μεγάλη

344 1214 437 1268 διὰ
469 1214 567 1283 τήν
599 1215 705 1267 τῶν
738 1214 895 1285 ὡρῶν
919 1218 1010 1269 καὶ
1049 1215 1141 1269 τοῦ
1178 1216 1334 1284 ἀέρος
1358 1219 1682 1287 εὐκρασίαν*
1709 1220 1796 1273 ὅτε
1821 1221 1914 1273 καὶ

347 1305 607 1374 ὀρχήσεις
661 1308 927 1372 ἀπρεπεῖς
980 1307 1217 1373 ἐγίνοντο
1269 1306 1419 1385 παρά
1468 1325 1630 1363 τινων
1678 1311 1912 1375 γυναίων

344 1397 444 1447 καὶ
463 1394 695 1463 ἀνδρῶν.
731 1395 980 1448 Ἀπαντα
1006 1398 1099 1449 καὶ
1128 1399 1196 1449 τὰ
1227 1396 1441 1459 τούτοις
1469 1399 1627 1468 ὃμοια
1657 1402 1706 1453 οί
1763 1400 1913 1469 ἆγιοι

359 1486 612 1555 Πατὲρες
668 1487 1126 1557 ἀποτρεπόμενοι,
1158 1490 1441 1559 ἐπήγαγον
1498 1492 1702 1561 μηδένα
1741 1493 1910 1565 ἄνδρα

341 1577 632 1647 δτεδήποτε
664 1576 967 1648 κεχρῆσθαι
999 1582 1288 1651 γυναικείᾳ
1325 1582 1505 1653 στολῇ,
1540 1583 1572 1654 ἢ
1606 1584 1667 1637 τὸ
1699 1586 1913 1638 ἀνάπα-

340 1668 467 1720 λιν·
509 1668 643 1721 ἀλλὰ
689 1670 824 1739 μηδὲ
874 1673 1195 1740 προσωπεῖα
1239 1678 1461 1742 κωμικὰ
1503 1668 1829 1730 ὑποδύεσθαι
1871 1679 1904 1749 ἦ

340 1760 583 1828 τραγικὰ
626 1735 1013 1833 ἢ-σατυρικά·
1064 1764 1202 1834 μήτε
1252 1735 1355 1834 μὴν
1403 1766 1463 1818 τὸ
1511 1766 1605 1819 τοῦ
1652 1735 1905 1823 Διονύσού
1934 1735 1981 1793 Β

342 1850 516 1920 ὄνομα
568 1853 626 1905 ἐν
660 1855 792 1915 »ταῖς
834 1853 1015 1923 ληνοῖς
1063 1854 1371 1925 ὀνομάζειν,
1406 1858 1538 1926 μηδὲ
1572 1862 1684 1924 τοῖς
1729 1862 1905 1925 πίθοις

340 1945 675 2015 ἑγχεομένου
705 1946 798 2000 τοῦ
838 1948 982 2000 οἴνου
1009 1948 1173 2020 γελᾷ-ι
1205 1952 1295 2002 καὶ
1320 1951 1733 2022 ἑπικαγχάζειν.
1766 1955 1905 2018 Τοὺς

339 2037 399 2092 δι
424 2038 666 2091 τοιοῦτόν
694 2057 748 2094 τι
777 2041 1227 2111 ἐπιχειρήσοντας
1272 2043 1495 2112 ποιῆσαι
1531 2045 1670 2112 μετὰ
1707 2046 1767 2098 τὸ
1812 2046 1906 2099 λα-

342 2130 461 2182 σεῖν
488 2131 694 2200 εἴδησιν
720 2132 813 2184 τοῦ
837 2132 1122 2185 κανονικοῦ
1162 2133 1466 2202 διορισμοῦ,
1496 2135 1786 2205 κληρικοὺς
1808 2138 1905 2207 μὲν

344 2222 529 2286 ὄντας,
560 2223 962 2293 καθαιρεῖσθαι,
1000 2225 1222 2288 λαῖκοῦς
1243 2226 1297 2278 δὲ
1326 2226 1699 2296 ἀφορίζεσθαι.
1736 2232 1908 2299 Ζητη-

340 2315 470 2367 τὲον
500 2312 594 2368 οὖν
645 2316 765 2369 τίνα
796 2319 901 2369 εἰσὶ
932 2317 1012 2405 ,τά
1044 2318 1265 2386 κωμικὰ
1313 2321 1657 2388 προσωπεῖα,
1691 2321 1805 2372 τίνα
1837 2322 1907 2374 τὰ

337 2409 604 2477 τραγικὰ,
634 2409 729 2463 καὶ
784 2410 904 2462 τίνα
937 2412 1004 2463 τὰ
1038 2412 1327 2481 σατυρικά.’
1384 2414 1492 2467 Καὶ
1518 2409 1772 2481 ’κωμικὰ
1806 2416 1904 2483 μέν

340 2501 450 2553 εἱσι
484 2501 552 2554 τὰ
582 2503 918 2569 γελωτοποιὰ
948 2503 1044 2555 καὶ
1091 2502 1411 2574 ἑφῦὃριστα,
1458 2505 1533 2567 ὡς
1562 2505 1629 2558 τὰ
1670 2494 1905 2577 συγγραέ

341 2596 519 2661 φέντα
554 2595 702 2661 παρὰ
729 2593 823 2647 τοῦ
872 2594 1295 2665 Ἀριστοφάνους
1319 2612 1334 2627 ·
1368 2598 1608 2667 τραγικά
1640 2599 1708 2650 τὰ
1754 2617 1906 2671 περι-

340 2685 496 2755 παθῆ
525 2687 620 2738 καὶ
662 2686 732 2738 τὰ
764 2688 1033 2757 θρηνώδη,
1089 2689 1163 2751 ὡς
1194 2689 1262 2742 τὰ
1296 2691 1389 2742 τοῦ
1431 2688 1722 2763 Εὐριπίδου
1779 2678 1908 2760 ἰαμ-

337 2775 463 2829 ϐεῖα
484 2777 593 2847 (68)
625 2792 639 2805 °
673 2780 764 2831 καὶ
792 2774 1078 2849 σατυρικὰ,
1111 2779 1178 2832 τὰ
1205 2783 1284 2843 είς
1314 2781 1483 2851 ὕμνον
1513 2782 1605 2835 τοῦ
1640 2782 1900 2835 Διονύσου

254 2918 261 2923 .
336 2870 646 2939 τελούμενα
676 2871 841 2940 ὄργια
876 2873 1029 2941 παρὰ
1055 2873 1312 2944 Σατύρων
1342 2876 1434 2927 καὶ
1461 2874 1705 2946 Βακχῶν.
1725 2876 1906 2929 Ταῦτα

341 2962 456 3016 τῶν
491 2962 748 3030 Πατέρων
768 2964 1164 3035 διορισαμένων
1193 2968 1563 3035 ἁγιοπρεπῶς,
1591 2968 1685 3022 καὶ⁸
1712 2968 1805 3022 τοῦ
1836 2966 1905 3033 ξδ’

2019 496 2097 549 illi
2129 497 2291 566 impie
2326 500 2600 565 dicebant,
2640 510 3049 555 cunservatore.
3139 500 3230 554 Est
3272 500 3412 553 enim
3447 498 3581 555 Bro-

2017 590 2159 643 mius
2190 589 2389 645 Bacchi
2415 592 2721 663 epitheton.
2782 591 2963 647 Mense
2995 603 3172 646 autem
3205 592 3396 646 Martio
3424 594 3584 647 ﬂebat

2017 697 2212 752 magna
2253 682 2437 739 Graeca
2484 686 2694 750 concio,
2743 701 2838 740 seu
2884 686 3204 740 universalis
3258 696 3582 749 conventus,

2020 784 2244 843 propter
2275 777 2468 829 bonam
2501 787 2801 846 temporum
2836 785 2889 829 et
2916 776 3058 831 aeris
3093 779 3441 845 temperiem:
3473 792 3584 842 quo

2015 876 2264 938 tempore
2300 873 2464 924 etiam
2502 871 2770 925 indecorae
2800 871 3122 926 saltationes
3174 886 3201 923 a
3257 871 3580 939 quihusdam

2016 960 2359 1016 mulierculis
2392 961 2630 1029 virisque
2681 961 2900 1015 ﬁebant.
2984 960 3113 1026 Quae
3162 960 3342 1014 omnia
3396 970 3448 1013 et
3496 960 3584 1014 his

2014 1052 2213 1107 similia
2271 1055 2443 1106 sancti
2500 1050 2687 1106 Patres
2734 1063 3070 1118 aversantes,
3124 1053 3252 1105 nulli
3301 1053 3417 1106 viro
3461 1067 3583 1121 per-

2016 1143 2305 1198 mittebant
2337 1144 2585 1199 muliebri
2614 1145 2750 1199 stola
2784 1146 2894 1199 ullo
2927 1146 3085 1199 modo
3118 1145 3217 1208 uti,
3250 1146 3331 1199 vel
3357 1155 3579 1205 contra;

2015 1236 2109 1292 sed
2146 1252 2321 1306 neque
2368 1253 2624 1307 personas
2672 1239 2898 1291 induere
2932 1238 3170 1291 comicas
3208 1238 3288 1291 vel
3344 1240 3580 1305 tragicas

2013 1328 2097 1382 vel
2133 1329 2433 1397 satyricas:
2474 1344 2571 1383 nec
2604 1328 2797 1382 Bacchi
2827 1329 3042 1396 quidem
3084 1343 3276 1383 nomen
3306 1328 3356 1381 in
3394 1338 3581 1381 torcu-

2013 1418 2219 1473 laribus
2268 1418 2571 1480 nominare,
2625 1435 2725 1472 nec
2759 1420 2882 1471 vino
2910 1417 3070 1471 doliis
3098 1417 3278 1470 inl‘nso
3327 1417 3498 1471 ridere
3529 1428 3582 1472 et

2014 1509 2350 1565 cachinnari.
2433 1509 2538 1565 Eos
2570 1519 2748 1564 autem
2776 1509 2865 1578 qui
2905 1511 3007 1563 tale
3038 1510 3164 1577 quid
3184 1509 3374 1589 facere
3403 1510 3578 1563 adorti

2016 1598 2256 1665 fuerint,
2316 1610 2603 1671 postquam
2654 1601 2904 1654 canonici
2962 1600 3163 1656 decreti
3220 1601 3577 1671 Cognitionem

2013 1697 2278 1761 ceperint,
2312 1694 2373 1763 lsi
2424 1696 2534 1750 sint
2582 1695 2797 1763 quidem
2851 1693 3319 1763 clerici,deponi:
3378 1694 3422 1747 si
3456 1710 3582 1747 vero
3644 1696 3653 1711 ‘

2012 1787 2155 1850 laici,
2209 1788 2508 1857 segregari.
2590 1785 2951 1852 Qumrendum
3010 1802 3139 1854 ergo
3199 1798 3278 1839 est
3330 1802 3578 1855 quamam

2009 1880 2119 1933 sint
2143 1881 2363 1934 comica:
2395 1896 2657 1949 personae,
2687 1898 2807 1952 quae
2831 1884 3065 1954 tragicae,
3090 1893 3145 1938 et
3169 1899 3287 1960 qua:
3311 1880 3578 1951 satyricae.

2007 1971 2084 2024 Ac
2139 1983 2265 2026 sunt
2313 1973 2533 2040 quidem
2586 1976 2813 2036 comica,
2867 1992 2987 2043 quae
3034 1978 3203 2029 risum
3260 1981 3478 2028 movent
3528 1983 3583 2025 et

2012 2071 2142 2114 sunt
2193 2062 2487 2130 petulantia
2519 2079 2583 2117 ac
2618 2065 3035 2130 contumeliosa,
3077 2074 3137 2119 ut
3186 2080 3306 2134 quae
3357 2063 3424 2116 ab
3464 2062 3582 2115 Ari-

2008 2155 2272 2217 stophane
2291 2156 2489 2225 scripta
2508 2164 2653 2211 sunt.
2692 2155 2943 2220 Tragica.
2969 2174 3041 2226 qu
3055 2173 3099 2212 te
3120 2167 3336 2211 movent
3354 2156 3579 2208 allectus

2006 2255 2059 2301 et
2108 2257 2237 2303 sunt
2288 2250 2672 2315 lamentabilia,
2726 2259 2781 2305 ut
2846 2252 3119 2320 Euripidis
3180 2249 3432 2305 iambica.
3514 2247 3579 2300 Et

2008 2337 2265 2406 satyrica,
2312 2354 2432 2406 qua:
2465 2338 2517 2392 in
2548 2339 2747 2393 Bacchi
2785 2340 3044 2410 hymnum
3082 2355 3144 2393 ac
3190 2339 3402 2391 laudem
3434 2345 3575 2391 cete-

2010 2428 2242 2482 brantur
2296 2430 2446 2499 orgia
2482 2446 2511 2483 a
2543 2430 2753 2501 Satyris
2799 2440 2852 2487 et
2878 2431 3129 2487 Bacchis.
3210 2430 3343 2484 Cum
3395 2430 3578 2484 Patres

2008 2519 2123 2574 haec
2151 2531 2336 2575 sancte
2375 2522 2689 2585 statuerint,
2729 2530 2783 2576 et
2823 2521 2889 2576 64
2951 2538 3074 2593 cap.
3132 2522 3232 2576 125
3283 2523 3575 2577 Justiuiani

2007 2628 2155 2673 nov.,
2190 2613 2323 2677 sive,
2358 2614 2423 2666 l5
2456 2628 2578 2680 cap.
2611 2615 2769 2681 primi
2806 2614 2890 2671 tit.
2953 2615 3020 2669 lll
3083 2615 3177 2668 lib.
3219 2614 3434 2669 Basilic.
3467 2608 3579 2668 bzcc

2007 2714 2262 2767 expresse
2310 2701 2492 2755 dicat:
2549 2699 2817 2756 Omnibus
2867 2712 3047 2757 autem
3098 2705 3323 2757 omnino
3376 2706 3466 2773 qui
3524 2705 3577 2756 in

2008 2796 2365 2852 sarcularibus
2404 2806 2711 2862 versantur,
2755 2805 2810 2852 et
2847 2798 2912 2854 iis
2949 2800 3203 2860 maxime,
3237 2799 3326 2868 qui
3360 2800 3577 2853 scenica

2010 2896 2266 2967 tractant,
2307 2890 2442 2944 viris
2474 2901 2527 2947 et
2561 2890 2901 2953 mulieribus,
2950 2900 3110 2959 atque
3161 2890 3224 2945 iis
3267 2889 3428 2944 etiam
3458 2906 3580 2959 qua:

2008 2990 2285 3051 praesunt.
2347 2982 2751 3044 interdicimus,
2801 2998 2871 3037 ne
2927 2982 3173 3037 monachi
3231 2970 3431 3035 amictu
3496 2978 3578 3035 vel

338 3069 469 3121 κεφ.
501 3052 599 3121 τῆς
628 3058 748 3123 ρκγ¹
772 3053 1194 3109 Ἰουστινιανείου
1228 3057 1471 3129 Νεαρᾶς,
1539 3060 1660 3129 ήτοι
1686 3059 1777 3113 τοῦ
1838 3066 1903 3129 ιγ’

2010 3074 2258 3131 ascetriaa
2296 3082 2537 3137 utantur,
2580 3074 2661 3129 vel
2692 3091 2813 3130 eum
2847 3078 3036 3145 quovis
3069 3077 3228 3130 modo
3258 3078 3576 3140 imitentur;
3620 3076 3629 3081 ’

339 3160 477 3225 καφ.
507 3143 601 3197 τοῦ
637 3151 685 3198 α’
711 3146 889 3200 τίτλου
916 3147 1007 3200 τοῦ
1038 3147 1079 3201 δ’
1131 3148 1361 3218 βιϐλίου,
1397 3155 1905 3225 παρακελευομένου

340 3218 521 3288 ταῦτα
553 3236 751 3307 ῥητῶς.
807 3240 948 3295 [lich
982 3238 1038 3293 δὲ
1072 3239 1329 3307 καθάπαξ
1381 3218 1491 3299 τοῖς⁷
1517 3246 1576 3297 ἐν
1621 3218 1908 3315 κοσμικοῖς

341 3316 860 3400 ἀναστρεφομένοις,
886 3333 980 3386 καὶ
1010 3334 1247 3403 μάλιστα
1275 3338 1386 3399 τοῖς
1411 3340 1477 3390 τὰ
1522 3339 1754 3409 σκηνικά
1782 3358 1910 3409 μετ-

340 3425 688 3492 ερχομίνοις,
761 3425 989 3494 ἀνδράσι
1028 3444 1087 3479 τε
1140 3429 1235 3481 καὶ
1266 3429 1503 3496 γυναιξὶ,
1542 3431 1635 3483 καὶ
1673 3431 1780 3499 μὴν
1813 3433 1908 3485 καὶ

338 3518 468 3577 ταῖς
483 3516 878 3583 προῖσταμέναι
894 3536 930 3584 ·,
950 3518 1361 3590 άπαγορεύομεν
1374 3521 1672 3595 κεχρῆσθαι
1694 3525 1791 3593 σχῆ
1804 3541 1907 3593 μαι·

338 3623 400 3657 τι
423 3606 657 3675 μοναχοῦ
677 3604 709 3676 ἢ
728 3608 1055 3679 άσκτγτρίας,
1077 3610 1420 3681 ἢοίῳδήποτε
1439 3612 1624 3683 τρόπῳ
1644 3613 1798 3666 τοῦτο
1823 3631 1910 3683 μι-

343 3698 568 3768 μεῖσθαι
588 3701 999 3769 ’ἐπισταμένων
1023 3703 1238 3757 πάντων
1260 3704 1366 3757 τῶν
1386 3703 1705 3774 τολμώντων
1726 3706 1756 3777 ἢ
1777 3726 1807 3776 χ
1815 3708 1910 3779 ρης

342 3792 872 3865 σασθαιτῷοτοιούτῳ
894 3795 1151 3867 σχήματι,
1171 3796 1201 3867 ἢ
1222 3799 1580 3869 μιμήσασθαι,
1596 3799 1628 3868 ἢ
1646 3802 1906 3868 ἐμπαῖξαι

340 3891 429 3953 είς
465 3889 786 3959 οἱανδήποτε
811 3889 1273 3964 ἑκκλησιαστικὴν
1308 3894 1671 3961 κατάστασιν,
1702 3897 1784 3950 ὅτι
1812 3898 1905 3951 καὶ

336 3981 670 4050 σωματικὰς
697 3982 972 4051 τιμωρίας
1002 3983 1424 4056 ὑποστήσονται,
1464 3984 1559 4039 καὶ
1590 3988 1774 4059 ἐξορίᾳ
1799 4007 1905 4043 πα-

345 4072 778 4144 ραδοθήσονταιο
819 4075 1188 4145 προνοούντων
1228 4075 1322 4130 τοῦ
1366 4080 1612 4132 τοιούτου
1655 4082 1715 4134 οὐ
1751 4083 1907 4151 μόνον

339 4167 454 4221 τῶν
490 4167 631 4220 κατὰ
660 4167 825 4219 τόπον
859 4169 1167 4222 ὁσιωτάτων
1196 4169 1508 4223 ἐπισκόπων
1556 4172 1781 4228 καὶτῶν
1814 4173 1905 4228 ὑπ’

340 4257 543 4317 αὐτοὺς
581 4257 884 4328 κληρικῶν,
916 4260 1052 4312 ἀλλὰ
1083 4261 1177 4314 καὶ
1207 4260 1315 4314 τῶν
1355 4261 1649 4317 πολιτικῶν
1674 4265 1766 4318 καὶ
1798 4265 1907 4320 τῶν

345 4344 761 4420 στρατιωτικῶν
789 4351 1086 4420 ἀρχόντων,
1115 4354 1207 4405 καὶ
1223 4353 1330 4405 τῶν
1357 4354 1447 4408 ὑπ’
1466 4355 1661 4419 αὐτοὺς
1678 4358 1903 4423 τάξεων,

343 4442 445 4495 καὶ
479 4440 587 4494 τῶν
611 4445 751 4496 κατὰ
770 4443 936 4497 τόπον
959 4445 1205 4502 ὲκδίκων.
1231 4447 1295 4500 Oi
1319 4447 1373 4500 δὲ
1404 4448 1655 4518 σκηνικοὶ
1682 4454 1908 4505 παντοῖα

340 4536 671 4602 προσωπεῖα
726 4533 1067 4598 ὑποδύονται,
1117 4538 1212 4590 καὶ
1259 4538 1428 4601 ἀδεῶς
1477 4541 1603 4603 τοὺς
1641 4544 1908 4613 μοναχοὺς

342 4623 680 4691 ὲμπαίζουσι
730 4628 823 4680 καὶ
870 4629 998 4691 τοὺς
1035 4612 1351 4700 κληρικούς.
1400 4632 1566 4686 Ἀλλὰ
1622 4634 1714 4688 καί
1765 4612 1907 4700 τινες

344 4715 601 4785 κληρικοὶ
632 4718 774 4780 κατά
797 4737 945 4783 τινας
977 4721 1168 4791 ἑορτὰς
1200 4722 1334 4793 πρὸς
1361 4724 1594 4796 διάφορα
1627 4743 1903 4796 μετασχη-

349 4808 670 4875 ματίζονται
716 4814 1055 4881 προσωπεῖα.
1100 4813 1206 4866 Καὶ
1256 4813 1383 4868 ποτὲ
1436 4815 1536 4885 μὲν
1569 4815 1813 4885 ξιφήρεις
1847 4820 1903 4869 ἐν

337 4897 425 4967 τῷ
483 4901 728 4972 μεσονάῳ
788 4904 888 4973 τῆς
949 4903 1243 4974 ἐκκλησίας
1301 4906 1440 4976 μετὰ
1492 4907 1902 4977 στρατιωτικῶν

338 4992 567 5061 ἁμερίων
591 4994 947 5066 εἰσέρχονται,
971 4995 1101 5049 ποτὲ
1138 4997 1193 5049 δὲ
1252 5005 1347 5052 καὶ.
1373 4997 1446 5060 ὡς
1476 5000 1699 5068 μοναχοὶ
1739 5018 1903 5070 προο-

339 5083 617 5148 δεύουσιν,
647 5086 679 5156 ἥ
719 5087 813 5140 καὶ
843 5088 917 5151 ὡς
955 5088 1071 5152 ζῶα
1098 5090 1424 5161 τετράποδα.
1463 5092 1777 5163 Ἐρωτήσας
1810 5088 1903 5149 οὖν

339 5176 494 5236 ὅπως
548 5178 718 5232 ταῦτα
768 5183 1243 5253 παρεχωρήοησαν
1301 5184 1587 5251 γίνεσθαι.
1642 5186 1793 5259 ούδέν
1848 5205 1900 5241 τι

341 5270 538 5338 ἕτερον
579 5270 808 5341 ἥκουσα,
834 5274 1002 5346 ἀλλ’ἢ
1043 5278 1107 5328 ἐκ
1153 5278 1369 5347 μακρᾶς
1406 5277 1692 5346 συνηθείας
1726 5280 1897 5345 ταῦτα

340 5360 641 5431 τελεῖσθαι.
701 5364 939 5419 Τοιαῦτά
987 5367 1145 5428 εἰσιν,
1197 5367 1274 5431 ὡς
1325 5368 1450 5437 ἐμοὶ
1500 5368 1667 5431 δοκεῖ,
1709 5367 1899 5424 καὶτὰ

344 5453 498 5522 παρά
532 5442 695 5506 τινων
753 5454 1248 5525 δομεστικευὸντων
1282 5458 1340 5513 ὲν
1391 5458 1577 5529 κλήρῳ
1614 5459 1895 5528 γινόμενα.

2009 3166 2309 3222 scientibus
2342 3166 2633 3229 universis,
2661 3168 2753 3235 qui
2782 3168 2983 3221 audent
3013 3167 3095 3220 vel
3128 3167 3219 3219 tali
3247 3167 3321 3221 nti
3353 3167 3576 3220 amictu.

2010 3255 2089 3308 vel
2128 3253 2353 3316 imitari,
2385 3254 2466 3308 vel
2503 3254 2553 3307 in
2584 3270 2964 3323 quamcunque
2993 3254 3416 3309 ecclesiasticam
3445 3269 3578 3308 con-

2008 3338 2346 3397 stitutionem
2377 3343 2619 3405 illudere,
2656 3344 2799 3412 quod
2828 3344 2989 3397 etiam
3022 3344 3321 3412 corporalia
3356 3344 3563 3411 suppli-

2007 3439 2091 3493 cia
2147 3436 2428 3499 subibunt,
2485 3444 2538 3489 et
2584 3436 3123 3489 exterminabuntur:
3182 3434 3306 3489 huic
3339 3436 3413 3489 rei
3452 3450 3577 3505 pro-

2011 3524 2401 3595 spicientibus,
2480 3541 2588 3578 non
2650 3526 2830 3591 solum
2899 3526 3141 3579 locorum
3212 3526 3575 3581 sanctissimis

2008 3617 2277 3688 episcopis
2320 3625 2374 3671 et
2410 3617 2501 3684 qui
2557 3616 2658 3670 sub
2698 3616 2777 3673 eis
2826 3624 2952 3670 sunt
2984 3616 3218 3680 clericis,
3270 3616 3363 3670 sed
3414 3616 3574 3669 etiam

2008 3711 2257 3767 civilibus
2286 3716 2339 3764 et
2368 3709 2693 3765 militaribus
2743 3709 3167 3779 magistratibus,
3220 3708 3408 3779 eisque
3448 3710 3575 3763 sub-

2004 3804 2163 3874 jectis
2192 3802 2497 3867 ordinibus,
2524 3811 2577 3857 et
2612 3804 2852 3856 locorum
2886 3802 3284 3856 defensoribus.
3347 3801 3576 3856 Histrioo

2008 3910 2104 3950 nes
2137 3904 2317 3948 autem
2352 3894 2571 3963 quasvis
2599 3909 2858 3962 personas
2888 3892 3136 3957 induunt,
3171 3876 3577 3960 monacﬂosqne

2006 3994 2060 4040 et
2108 3985 2336 4041 clericos
2390 3999 2580 4039 secure
2638 3980 3006 4037 ludiﬁCantur.
3099 3982 3203 4037 Sed
3249 3991 3301 4036 et
3356 3983 3574 4052 quidam

2008 4077 2190 4134 clerici
2233 4076 2287 4132 in
2327 4076 2652 4147 quibusdam
2695 4075 2847 4129 festis
2894 4074 3075 4129 varias
3106 4089 3367 4142 personas
3402 4072 3575 4127 susci-
3644 4114 3661 4121 η

2007 4172 2163 4243 piunt
2190 4180 2244 4227 et
2272 4172 2564 4242 ellingunt:
2597 4181 2651 4225 et
2683 4170 2976 4234 aliquando
3007 4171 3223 4240 quidem
3250 4186 3378 4225 ense
3412 4170 3571 4231 cincti

2008 4281 2132 4320 cum
2189 4264 2516 4319 militaribus
2562 4264 2801 4319 vestibus
2843 4264 2896 4318 in
2930 4262 3173 4318 ecclesiae
3214 4263 3571 4337 meditullimn

2012 4356 2410 4425 ingrediuntur,
2462 4355 2755 4425 aliquando
2810 4371 2936 4409 vero
2970 4363 3028 4408 ut
3066 4340 3321 4409 monachi
3350 4370 3575 4424 progre-

2010 4447 2257 4511 diuntur,
2292 4448 2371 4502 vel
2399 4455 2458 4501 ut
2492 4446 2861 4517 quadrupedia
2893 4447 3167 4501 animalia.
3232 4446 3365 4500 Cum
3394 4447 3573 4516 itaque

2010 4540 2454 4613 interrogassem,
2504 4538 2776 4607 quomodo
2826 4539 2937 4593 haec
2966 4537 3080 4593 ﬁeri
3124 4538 3446 4607 permissum
3479 4539 3571 4599 sit,

1980 4632 2140 4688 nihil
2180 4634 2323 4689 aliud
2370 4633 2574 4699 audivi,
2620 4647 2779 4705 quam
2832 4634 2942 4687 haec
2981 4632 3139 4700 longa
3182 4631 3571 4687 consuetudine

2006 4728 2143 4797 ﬁeri.
2214 4726 2492 4796 Ejusmodi
2541 4736 2692 4787 sunt,
2746 4733 2803 4778 ιιι
2853 4724 2983 4778 mihi
3029 4725 3260 4791 videtur,
3315 4734 3368 4779 et
3399 4739 3569 4791 quzea

2007 4816 2359 4887 quibusdam,
2386 4816 2476 4886 qui
2506 4816 2560 4871 in
2595 4816 2741 4870 clero
2767 4824 2914 4879 sunt,
2947 4815 3367 4871 domesticorum
3404 4815 3570 4869 instar

2012 4911 2164 4973 tinnit,
2200 4908 2288 4978 qui
2322 4924 2498 4962 aerem
2535 4908 2717 4977 digitis
2748 4915 2806 4960 ut
2836 4898 3038 4977 auriga:
3065 4905 3291 4971 feriunt,
3340 4913 3392 4959 et
3421 4904 3571 4974 genis

2010 5002 2164 5057 fucos
2205 5008 2505 5071 apponunt.
2553 5008 2606 5053 et
2641 5000 2924 5053 muliebria
2972 5000 3216 5069 quaedam
3264 5011 3425 5066 opera
3472 4997 3569 5050 lin-

2006 5103 2159 5165 gunt,
2216 5102 2270 5148 et
2321 5092 2427 5145 alia
2483 5092 2778 5156 indeéora,
2836 5101 2895 5143 ut
2949 5089 3348 5158 spectatoribus
3398 5089 3583 5141 risum-

2010 5193 2276 5240 moveant.
2362 5182 2560 5238 Ridere
2601 5192 2787 5238 autem
2823 5190 3065 5251 agrestes
3097 5183 3218 5234 vino
3264 5181 3443 5234 infuso
3472 5180 3567 5232 do-

2006 5276 2117 5335 liis.
2171 5286 2253 5330 est
2301 5276 2504 5345 aliquid
2544 5276 2710 5330 veluti
2744 5274 3424 5342 uecessario.c0nsequens
3477 5272 3585 5333 iis,

2006 5370 2097 5436 qui
2129 5369 2182 5421 in
2214 5368 2389 5421 lacum
2430 5369 2828 5437 ingrediuntur,
2870 5366 3234 5421 vinitoribus:
3296 5365 3393 5419 nisi
3442 5366 3577 5436 quis,

2002 5443 2200 5514 dixerit
2223 5458 2365 5513 hanc
2399 5458 2705 5515 Satanicam
2742 5460 3111 5532 Operationem
3143 5458 3463 5525 exolevisse,
3497 5474 3568 5516 eu

1514 5596 1705 5657 Guill.
1742 5598 2066 5678 Beveregii
2106 5606 2291 5659 notae.

413 5737 529 5805 (68)
562 5736 672 5798 Τοῦ
696 5737 1040 5803 Εἰγὶιπίΰου.
1072 5739 1172 5803 Ms.
1198 5743 1663 5807 Amerbachianus
1692 5746 1891 5803 rectius

2009 5746 2060 5809 :it
2087 5743 2179 5805 τοῦ
2207 5742 2529 5807 Εὕριπιδοίις
2575 5744 2833 5810 ’ἰαμϐεῖαη
