4092 6214
532 263 635 329 731
716 214 717 217 γ

1782 269 2061 331 THEOD.
2102 268 2508 329 BALSA‘MON

3650 266 3751 328 732

523 383 669 451 quod
697 396 939 455 agrestes
968 386 1305 457 frequentius
1330 389 1515 445 dicant
1548 391 1603 444 in
1628 405 1952 461 unaquaque
1984 389 2096 444 fere

2216 388 2290 440 τὸν
2326 386 2463 457 ἀέρα
2492 387 2601 446 τοῖς
2646 386 2926 450 δακτύλοις
2969 384 3110 439 κατὰ
3145 383 3392 454 ἡνιόχους
3422 383 3762 445 τυπτόντων,

523 491 805 540 mensura,
836 475 996 549 Kyrie
1028 480 1258 533 eleison.
1342 480 1470 546 Quae
1508 496 1673 551 porro
1710 481 1962 534 indecora
1996 479 2099 533 ali-

526 571 749 635 quando
781 573 980 626 ﬁebant
1013 588 1041 626 a
1070 573 1322 637 notariis,
1347 574 1771 630 adolescentium
1802 575 2099 628 instructo-

474 700 475 709 η
525 663 699 729 ribus,
728 662 781 717 in
813 675 1125 719 sanctorum
1161 668 1496 722 nomriorum
1527 667 1682 734 festo,
1714 684 1834 723 cum
1868 666 2099 723 scenicis

523 757 771 824 personis
826 757 1005 813 forum
1040 759 1424 822 'obeuntibus.
1479 770 1602 815 ante
1660 760 1869 830 aliquot
1927 773 2096 815 annos

2207 481 2300 533 xei
2351 483 2498 550 φύκη
2542 479 2662 540 ταῖς
2722 477 2942 545 γνάθοις
2999 477 3162 545 δῆθεν
3202 473 3637 544 περιτιθεμένων
3672 474 3766 528 καὶ

2206 572 2655 645 ὕπορῤινομένων
2691 569 2826 640 ἔργα
2878 566 2995 621 τινὰ
3036 568 3345 633 γυναικεῖα,
3378 566 3469 619 καὶ
3509 565 3676 635 ἕτερα
3708 568 3768 618 ἀ-

2207 664 2417 732 πρεπῆ,
2449 663 2536 715 ῖνα
2564 663 2699 732 πρὸς
2741 662 2954 730 γέλωτα
2994 660 3119 722 τοὺς
3154 660 3453 730 βλέποντας
3478 659 3773 729 μετακινή-

2206 775 2363 811 σωσι.
2400 757 2473 808 Τὸ
2514 756 2569 808 δὲ
2614 756 2778 827 γελᾷν
2826 756 2949 819 τοὺς
2984 756 3221 824 ἀγρότας
3265 748 3629 823 ὲγχεομένουξ
3674 753 3769 807 τοῦ

522 848 900 911 exoleverunt,
941 851 1275 907 sanctissimi
1321 851 1466 905 illius
1509 851 1839 922 patriarcha:
1887 848 2095 905 domini

2216 849 2346 902 >ῐνου
2382 851 2493 911 τοῖς
2519 848 2722 911 πίθοις,
2754 848 2884 900 ὡσεί
2925 866 2972 899 τι
3015 847 3403 916 παρεπόμενον
3439 846 3498 910 ἐξ
3524 836 3772 917 ἀνάγκης

529 937 688 995 Lucae
721 940 957 996 decreto.

2216 942 2314 993 :otl.
2337 943 2446 1003 τοῖς
2471 940 2862 1011 ληνοϐατοῦσιν
2885 957 2897 970 ·
2924 940 2969 990 εί
2999 940 3160 1009 μήτις
3188 938 3320 1010 εἴπῃ
3346 938 3446 1008 τὴν
3475 939 3776 1008 σατανιχὴν

524 1036 730 1104 ταύτην
769 1037 1032 1105 ἐργασίαν
1063 1038 1457 1105 καταργεῖσθαι
1487 1039 1572 1091 διὰ
1612 1038 1705 1091 τοῦ
1743 1038 1921 1105 λέγειν
1955 1035 2065 1106 (69)
2103 1034 2229 1097 τοὺς
2254 1034 2489 1104 ἀγρότας
2532 1036 2853 1104 συχνότερον
2898 1035 2980 1101 ἐφ’
3046 1034 3259 1102 ἑκάστῳ
3330 1032 3514 1103 μέτρῳ
3582 1035 3765 1102 σχεδὸν

527 1126 607 1191 τὺ,
643 1128 815 1198 Κύριε
857 1129 1098 1199 ἐλέησον.
1128 1129 1209 1182 Τὰ
1248 1132 1429 1199 μέντοι
1467 1133 1595 1183 ποτὲ
1657 1132 1922 1198 γινόμενα
1974 1128 2207 1198 ,ἀπρεπῆ
2270 1126 2422 1196 παρὰ
2487 1128 2597 1177 τῶν
2635 1126 2899 1196 νοταρίων
2952 1125 3449 1178 παιδοδιδασκὰλων
3494 1126 3634 1177 κατά
3676 1124 3778 1191 τὴν

526 1218 855 1288 ἑορτὴνκτῶν
880 1219 1051 1287 ἁγίων
1108 1221 1394 1288 νοταρέων,
1464 1221 1599 1289 μετὰ
1640 1220 1998 1290 προσωπείων
2060 1216 2334 1288 σκηνικῶν
2392 1216 2761 1286 διερχομένων
2807 1216 2905 1286 τὴν
2954 1217 3179 1284 ἀγορὰν,
3223 1218 3329 1285 πρὸ
3361 1214 3568 1284 χρόνων
3610 1214 3776 1267 τινῶν

524 1311 979 1380 κατηργήθησαν,
1014 1312 1135 1365 καθ’
1162 1312 1387 1382 ὀρισμδν
1416 1312 1507 1366 τοῦ
1537 1311 1843 1380 ἁγιωτάτου
1874 1310 2083 1362 ἐκείνου
2125 1304 2463 1375 πατριάρχου
2492 1306 2659 1374 κυροΰ
2692 1307 2896 1358 Λουκᾶ.

606 1400 856 1457 ZONAR.
893 1401 1034 1455 Sunt
1082 1403 1323 1456 calendae
1379 1405 1537 1473 primi
1580 1404 1783 1457 mensis
1838 1402 2104 1473 cujusque

525 1496 666 1556 dies.
698 1511 837 1565 quos
874 1493 1043 1547 Grmci
1092 1495 1322 1549 solemni
1368 1495 1627 1563 religione
1684 1491 2104 1569 acueremonia

530 1590 597 1643 de
647 1603 797 1640 more
855 1584 1229 1639 celebrabant.
1283 1585 1411 1637 Bota
1468 1598 1683 1652 quoque
1726 1592 1779 1636 et
1824 1578 2103 1633 Brumalia

2282 1396 2525 1450 ΖΩΝΑΡ.
2559 1395 2834 1450 Καλάνδαι
2859 1397 2999 1450 εἰσὶν
3016 1396 3074 1449 αἱ
3101 1396 3320 1465 πρῶται
3352 1396 3581 1449 ἑκάστου
3609 1397 3786 1467 μηνὸς

2211 1488 2439 1557 ἡμέραι,
2490 1489 2548 1539 ὲν
2584 1484 2670 1551 αἷς
2716 1489 2920 1541 εῐθιστο
2964 1492 3074 1551 τοῖς
3125 1488 3354 1557 Ἕλλησι
3406 1489 3578 1542 ποιεῖν
3629 1506 3787 1553 τινας

2210 1578 2453 1641 τελετάς.
2484 1579 2594 1632 Καὶ
2634 1579 2699 1632 τὰ
2730 1579 2863 1648 βοτὰ
2892 1579 2948 1633 δὲ
3001 1581 3095 1633 καὶ
3125 1580 3193 1633 τὰ
3242 1580 3553 1649 βρουμάλια
3588 1581 3784 1651 Ἐλληο

529 1668 844 1734 Graecorum
907 1679 1030 1734 festi
1092 1677 1208 1731 dies
1285 1675 1456 1731 fuere.
1512 1675 1762 1737 Bromius
1830 1673 2101 1741 siquidem

2216 1656 2359 1725 νικαὶ
2405 1668 2544 1742 ἦσαν
2595 1672 2804 1743 ἑορταί.
2856 1671 3103 1743 Βροῦμος
3137 1673 3243 1743 γὰρ
3288 1673 3539 1727 ἐπίθετον
3595 1670 3667 1744 ἦν
3703 1676 3788 1745 τῷ

534 1773 736 1826 Bacchi
801 1772 1121 1842 epithetum.
1175 1770 1279 1824 Eos
1330 1770 1497 1837 igitur
1536 1768 1781 1836 aliosque
1832 1763 2099 1831 ejusmodi

530 1864 849 1920 Graecorum
888 1863 1081 1918 .l'estos
1115 1862 1251 1923 dies,
1298 1878 1364 1916 ne
1414 1861 1565 1915 cultu
1621 1860 1804 1928 aliquo
1843 1856 2100 1927 prosequi

536 1958 788 2011 tidelibus
816 1957 994 2019 liceat,
1027 1956 1216 2009 Patres
1248 1951 1849 2042 ilecrevere.’Pultlicas
1887 1964 2103 2018 quoque

537 2048 828 2101 mulierum
871 2047 1210 2109 saltationes,
1240 2043 1439 2114 quibus
1488 2039 1801 2109 spectandis
1849 2039 2105 2094 videlicet

536 2139 603 2192 ad
638 2138 915 2191 libidinem
955 2136 1202 2192 homines
1248 2135 1571 2197 incitantur,
1618 2140 1729 2185 tum
1765 2145 2105 2200 quaecunque

533 2229 711 2285 Graeci
741 2230 839 2284 viri
878 2238 973 2283 aut
1009 2228 1242 2289 feminae,
1284 2225 1781 2281 commentitiorum
1809 2224 1972 2293 232
2008 2239 2105 2276 nu-

541 2323 746 2376 minum
807 2320 999 2375 honori
1060 2321 1388 2385 tribuentes,
1447 2333 1705 2388 peragere
1755 2318 1897 2371 soliti
1955 2323 2106 2379 sunt,

538 2413 789 2469 exhiberi
841 2404 1049 2470 vetant.
1086 2411 1353 2466 Praeterea
1386 2410 1514 2465 viris
1584 2409 1833 2463 muliebri
1886 2415 2103 2473 ornatu,

540 2502 684 2559 virili
725 2501 964 2565 feminis,
994 2517 1115 2572 quae
1176 2501 1561 2556 bacchantium
1621 2500 1725 2555 sibi
1771 2502 2106 2553 consuetudo

542 2595 898 2662 permiserat,
935 2593 1183 2659 quinimo
1205 2606 1567 2662 personarum
1594 2606 1829 2659 quoque,
1863 2590 2104 2654 comicus,

539 2688 783 2756 tragicm.
828 2687 1148 2758 satyricaeve
1194 2702 1296 2741 usu
1345 2686 1559 2755 penitus
1594 2684 1962 2739 interdictum.
2011 2684 2108 2737 Est

542 2794 674 2834 vero
712 2779 920 2834 comica
961 2793 1218 2847 persona,
1254 2794 1374 2847 quae
1396 2778 1461 2831 ad
1495 2778 1630 2832 alios
1662 2784 1960 2831 scommate
1987 2791 2108 2843 per-

544 2870 892 2939 stringendos
951 2872 1275 2926 assumitur.
1337 2868 1589 2937 Tragica,
1638 2886 1761 2939 quze
1822 2871 2108 2939 perturba-

544 2963 720 3019 tiones
750 2963 915 3019 animi
961 2979 1024 3019 ac
1059 2964 1274 3037 dolores
1312 2964 1521 3018 incitat.
1574 2963 1818 3031 Satyrica
1865 2964 2105 3026 demum.

2212 1764 2468 1832 Διονύσῳ.
2500 1765 2607 1817 Καὶ
2641 1765 2810 1818 τᾶλλα
2852 1765 3074 1835 ὁμοίως,
3104 1766 3139 1819 ἃ
3177 1767 3355 1820 πάντα
3392 1767 3666 1820 κωλύουσι
3696 1768 3791 1835 γίο

2210 1857 2394 1910 νεσθαι
2447 1858 2497 1909 οἱ
2530 1856 2774 1928 Πατέρες
2819 1859 2972 1929 παρὰ
3016 1858 3124 1911 τῶν
3163 1860 3388 1912 πιστῶν.
3429 1861 3693 1928 Εῖργουσι
3724 1861 3789 1912 δὲ

2211 1951 2304 2004 καὶ
2349 1950 2446 2012 τὰς
2474 1949 2584 2003 τῶν
2617 1950 2892 2017 γυναικῶν
2940 1950 3208 2020 δημοσίας
3260 1950 3537 2020 ὀρχήσεις,
3575 1952 3651 2015 ὡς
3700 1951 3789 2015 εις

2210 2041 2509 2103 ἀκολασίας
2542 2041 2832 2112 ὲρεθισμδν
2853 2045 2966 2106 τοῖς
2997 2042 3296 2113 θεωμένοις
3328 2044 3520 2109 αὑτὰς,
3550 2045 3643 2097 καὶ
3680 2045 3789 2099 ὅσα

2210 2136 2320 2194 τοῖς
2349 2133 2611 2201 Ἕλλησιν
2635 2132 2965 2204 ὲπράττοντο
2994 2132 3054 2199 ὲξ
3084 2134 3296 2204 ἀνδρῶν
3330 2136 3361 2204 ἦ
3395 2137 3634 2203 γυναίων
3662 2136 3788 2189 ὀνό-

2215 2242 2347 2294 ματι
2378 2224 2484 2277 τῶν
2512 2224 2883 2294 ψευδωνύμων
2933 2226 3072 2278 θεῶν
3102 2208 3427 2289 αὑτῶνίκαὶ
3470 2229 3545 2297 μὴ
3578 2231 3787 2299 κεχρῆ-

2215 2318 2338 2371 σθαι
2379 2317 2661 2370 κελεῦουσι
2705 2320 2829 2379 τοὺς
2862 2318 3061 2389 ἄνδρας
3088 2320 3437 2387 γυναικείαις
3473 2322 3711 2387 στολαῖς,
3746 2324 3786 2393 ἢ

2212 2409 2312 2470 τὰς
2342 2412 2607 2476 γυναῖκας
2642 2408 2932 2479 ἁνδρῴαις,
2956 2405 3045 2463 οἷα
3075 2411 3296 2464 ἐποίουν
3330 2414 3377 2465 οἱ
3418 2412 3495 2482 τῷ
3534 2396 3788 2484 Διονΰσῳ

2214 2500 2592 2570 βακχεύοντες,
2631 2500 2767 2555 ἀλλά
2827 2502 2962 2573 μηδὲ
3019 2507 3339 2572 προσωπεῖα
3394 2507 3619 2575 κωμικὰ
3650 2508 3789 2558 ὑπο.

2212 2592 2459 2655 δύεσθαι,
2506 2593 2890 2665 ῆτραγικὰ,ἢ
2928 2596 3217 2665 σατυρικὰ.
3270 2598 3508 2667 κωμικὰ
3558 2600 3657 2667 μὲν
3688 2594 3789 2652 οὖν

2212 2689 2531 2760 προσωπεῖὰ
2580 2689 2686 2740 εἱσι
2745 2688 2813 2740 tit
2860 2689 2940 2749 είς
2991 2688 3305 2757 σκῦμματά
3346 2707 3510 2741 τινων
3585 2692 3787 2761 ἐπιτη-

2211 2779 2505 2848 δευόμενα’
2545 2778 2791 2848 τραγικὰ
2850 2779 2907 2832 δὲ
2946 2776 3016 2832 τὰ
3059 2765 3341 2848 περιπαθῆ
3393 2781 3488 2833 καὶ
3546 2780 3789 2850 θρήνους

2214 2871 2575 2941 ἐμποιοῦντα·
2629 2871 2698 2924 τὰ
2735 2871 2791 2924 δὲ
2854 2872 3123 2941 σατυρικὰ
3162 2872 3269 2925 τῶν
3302 2872 3395 2924 ἐπὶ
3438 2871 3513 2941 τῷ
3542 2871 3790 2943 Διονύσῳ

2213 2963 2560 3034 τελουμένων
2586 2958 2747 3035 ἦσαν.
2785 2965 2895 3017 Καὶ
2921 2966 2969 3017 oi
3002 2965 3225 3035 σάτυροι
3256 2965 3385 3034 γὰρ,
3429 2965 3503 3029 ὡς
3531 2967 3589 3019 αἱ
3646 2968 3792 3021 Βάκ-

543 3073 732 3113 eorum
768 3059 859 3129 qui
890 3057 1107 3113 Baccho
1141 3058 1493 3113 initiarentur
1526 3060 1742 3127 propria
1795 3056 1916 3112 fuit.
1949 3056 2107 3128 Saty-

2216 3076 2322 3129 χαι,
2361 3059 2461 3127 τῆς
2495 3058 2620 3128 περὶ
2658 3056 2747 3110 τὸν
2782 3057 3036 3111 Διόνυσον
3061 3058 3378 3129 ἐμπλήκτου
3415 3060 3638 3129 χορείας
3669 3061 3795 3114 ἐλέε-

546 3164 731 3203 rerum
783 3150 1078 3219 siquidem,
1132 3151 1276 3205 sicut
1320 3158 1374 3205 et
1426 3150 1780 3215 Baccharum,
1832 3164 1863 3205 e
1910 3148 2108 3205 Bacchi

517 3242 804 3296 ‘comitatu
836 3258 959 3298 esse
992 3242 1277 3297 dicebatur
1307 3242 1397 3295 illa
1450 3243 1651 3298 furoris
1698 3243 1912 3298 attoniti
1950 3242 2107 3312 plena

546 3334 784 3389 saltatio.
816 3335 896 3388 Ad
925 3337 1035 3390 haec
1088 3351 1263 3411 neque
1301 3336 1499 3395 Bacchi
1536 3353 1731 3390 nomen
1779 3336 1834 3391 in
1868 3336 2109 3391 torcula-

548 3424 700 3478 ribus
733 3425 933 3494 passim
970 3427 1125 3488 cieri,
1156 3440 1330 3494 neque
1384 3442 1617 3490 merum,
1649 3427 1857 3479 interea
1890 3426 2018 3479 dum
2052 3428 2110 3479 in

544 3514 707 3570 doliis
731 3517 1010 3581 conditur,
1044 3521 1155 3572 risu
1185 3530 1240 3572 et
1268 3518 1540 3572 cachinno
1602 3518 1853 3585 prosequi
1899 3518 2109 3572 sinunt.

551 3605 719 3662 Porro
752 3606 999 3663 Bacchus
1028 3624 1058 3662 a
1089 3608 1292 3664 Graecis
1332 3610 1385 3669 in
1431 3610 1654 3663 deorum
1691 3625 1918 3664 numero
1957 3609 2108 3663 babi-

550 3706 663 3760 tus,
694 3715 854 3768 quem
890 3701 1170 3755 ebrietatis
1205 3701 1487 3771 praesidem
1537 3702 1763 3768 vinique
1802 3701 2112 3771 largitorem

2216 3167 2375 3220 γοντο
2401 3146 2563 3204 εἶναι.
2588 3148 2740 3219 Μήτε
2768 3148 2876 3219 μὴν
2904 3148 2968 3202 τὸ
2985 3140 3366 3203 τοιῖΔιονύσου
3391 3151 3559 3221 ὀνομα
3586 3153 3645 3206 ἐν
3665 3154 3793 3216 ταῖς

2214 3242 2395 3314 ληνοῖς
2423 3242 2738 3312 ὀνομάζειν,
2780 3243 2920 3313 μήτε
2948 3244 3062 3305 τοῖς
3104 3243 3284 3305 πίθοις
3319 3244 3652 3313 ἐγχεομένου
3685 3245 3791 3299 τοῦ

2216 3336 2361 3388 οῐνου
2402 3335 2571 3407 γελᾷν
2604 3336 2695 3387 καὶ
2726 3333 3143 3405 έπικαγχάζειν.
3191 3335 3251 3387 Ὀ
3282 3334 3338 3387 δὲ
3380 3335 3633 3399 Διόνυσος
3665 3337 3793 3399 θεὸς

2218 3427 2495 3498 ἐνομίζετο
2520 3428 2633 3490 τοῖς
2668 3426 2951 3495 Ἕλλησιν,
2993 3426 3190 3496 ἔφορος
3224 3428 3335 3497 τῆς⁹
3354 3428 3525 3497 μέθης
3557 3429 3655 3482 καὶ
3687 3429 3791 3482 τοῦ

2219 3520 2365 3574 οἴνου
2399 3521 2586 3591 δοτήρ.
2636 3520 2702 3571 Ἀ
2732 3519 2826 3572 καὶ
2861 3517 2957 3572 νῦν
2995 3519 3237 3585 γίνονται
3275 3520 3424 3591 παρὰ
3471 3523 3586 3585 τοῖς
3616 3523 3792 3592 ἀγρό-

2220 3629 2365 3675 ταις,
2422 3611 2497 3682 μὴ
2552 3610 2750 3665 εἰδόσιν
2798 3608 2833 3663 ἃ
2881 3608 3145 3663 ποιοῦσιν.
3189 3610 3248 3663 '0
3308 3611 3366 3664 δὲ
3412 3611 3596 3665 κανὼν
3629 3607 3793 3676 οὗτος

2225 3703 2353 3767 τοὺς
2421 3703 2518 3773 μὲν
2584 3702 2914 3774 ίερωμένους
2968 3701 3355 3772 καθαιρεῖσθαι
3410 3704 3789 3773 προστάσσει,

554 3792 941 3876 agnoscebant.
992 3791 1054 3845 lli
1104 3798 1285 3845 tamen
1340 3807 1520 3846 mores
1572 3808 1600 3846 a
1653 3792 1893 3858 rusticis,
1929 3809 2107 3849 eorum

2216 3795 2459 3851 τοιοῦτόν
2505 3815 2558 3850 τι
2612 3797 2899 3861 ποιοῦντας
2946 3799 3002 3851 ἐν
3036 3799 3267 3867 γνώσει·
3297 3799 3425 3861 τοὺς
3474 3799 3531 3851 δὲ
3562 3799 3792 3862 λαῐκοὺς

551 3898 671 3951 quae
704 3884 908 3938 faciunt
934 3885 1294 3953 ignoratione,
1349 3900 1492 3937 nunc
1522 3900 1741 3954 quoque
1787 3887 2114 3942 retinentur.

2216 3888 2602 3961 ἀφορίζεσθαι.

552 3979 750 4033 Verum
786 3979 876 4033 hic
905 3968 1103 4045 canon,
1134 3980 1273 4034 sacri
1304 3978 1514 4033 ordinis
1580 3978 1863 4045 clericum,
1932 3980 1979 4034 si
2035 3981 2305 4052 ejusmodi
2371 3981 2646 4052 quidpiam
2696 3981 2877 4038 sciens
2932 3982 3505 4053 admiserit,‘deponi;
3589 3981 3790 4037 laicunt

551 4089 682 4129 vero
715 4077 982 4144 segregari
1018 4075 1194 4142 jubet.

554 4166 781 4222 ARIST.
821 4186 839 4218 ι
878 4167 921 4220 Α
953 4168 1189 4222 ﬁdelium
1224 4168 1344 4221 vita:
1377 4170 1585 4221 ratione
1614 4167 1934 4223 auferantur
1956 4167 2118 4231 Bota,

632 4277 650 4310 ι
690 4268 746 4312 et
776 4259 1047 4323 Calendae,
1081 4267 1134 4313 et
1160 4259 1457 4318 Brumalia,
1485 4267 1539 4312 et
1588 4260 1641 4312 in
1684 4258 1911 4313 deorum
1946 4259 2120 4312 hono-

2226 4168 2446 4223 ΑΡΙΣΤ.
2485 4187 2503 4220 ι
2551 4160 2956 4240 Περιαιρείσθω
2982 4171 3080 4237 τῆς
3116 4170 3225 4222 τῶν
3261 4169 3470 4222 πιστῶν
3508 4128 3659 4237 λβοτᾶ
3692 4181 3795 4217 πο-

2304 4280 2323 4313 ι
2368 4260 2594 4326 λιτείας,
2638 4263 2729 4315 καὶ
2775 4264 2831 4318 αἱ
2884 4261 3169 4328 καλάνδαι,
3227 4262 3318 4314 καὶ
3352 4261 3422 4315 τὰ
3458 4260 3792 4330 βρουμάλια,

635 4370 653 4401 ι
697 4366 806 4405 rem
855 4350 1197 4413 saltationes,
1248 4360 1302 4403 et
1357 4350 1597 4415 comica),
1649 4358 1702 4406 et
1750 4342 2018 4421 satyriw,
2068 4360 2107 4405 e1

2302 4374 2322 4409 ι
2368 4355 2464 4409 καὶ
2502 4357 2555 4409 αἱ
2588 4357 2843 4427 ὀρχήσεις
2873 4357 2955 4422 εἰς
2987 4355 3162 4417 θεοὺς,
3189 4354 3284 4409 καὶ
3307 4356 3374 4406 τὰ
3405 4353 3667 4420 κωμικὰ..
3691 4352 3795 4405 καὶ

637 4460 656 4493 ι
698 4444 912 4511 tragica:
937 4455 1203 4511 persmtm,
1233 4449 1285 4493 et
1312 4440 1507 4494 Bacchi
1559 4443 1613 4496 in
1648 4444 2012 4497 torcularibus
2041 4445 2125 4497 in-

637 4552 656 4586 ‹
695 4534 929 4597 vocatio,
986 4533 1238 4601 risusque
1295 4538 1350 4587 in
1394 4534 1574 4590 doliis.
1633 4535 1736 4602 Qui
1790 4545 1969 4590 autem
2002 4544 2125 4607 post

635 4643 655 4678 ι
696 4640 958 4681 canonem
986 4626 1040 4680 in
1068 4625 1153 4681 his
1183 4628 1504 4695 persistunt,
1539 4630 1762 4684 obnoxii
1793 4640 1941 4685 sunt.
1992 4650 2010 4682 ι

631 4801 857 4857 Omnem
884 4802 1246 4857 idololatriam
1281 4814 1333 4859 et
1356 4806 1648 4859 vanitatem
1674 4821 1702 4860 e
1727 4806 1962 4860 ﬁdelium
1996 4821 2126 4861 con-

561 4895 873 4951 versatione
928 4894 1115 4948 Patres
1164 4895 1435 4965 tollentes,
1494 4913 1600 4951 non
1673 4900 1994 4967 permittunt
2040 4914 2124 4964 ea,

565 5005 691 5059 quae
744 4990 799 5043 in
847 4990 1100 5059 praesenti
1154 5004 1364 5045 canone
1409 4991 1614 5045 diserte
1666 5003 2043 5057 numerantur,
2096 5009 2125 5046 a

2303 4467 2322 4500 ι
2373 4447 2662 4517 σατυρικὰ.
2712 4449 2805 4501 καὶ
2856 4448 3098 4516 τραγικὰ
3159 4448 3449 4517 πρόσωπα,
3505 4446 3598 4497 καὶ
3631 4447 3665 4513 ή
3701 4446 3799 4497 ἐπὶ

2306 4557 2325 4591 ι
2373 4539 2555 4607 ληνοῖς
2580 4539 2675 4592 τοῦ
2707 4541 2963 4599 Διονύσου
3003 4540 3313 4609 ἐπίκλησις,
3347 4538 3442 4589 καὶ
3482 4540 3509 4590 ὀ
3551 4540 3645 4590 ἐπὶ
3678 4541 3798 4600 τοῖς

2308 4649 2328 4684 ι
2372 4630 2550 4695 πίθοις
2576 4630 2771 4699 γέλως.
2830 4633 2892 4686 ΟΞ
2917 4633 2973 4684 δὲ
3002 4632 3352 4702 ἐπιμένοντες
3386 4632 3527 4700 μετὰ
3567 4631 3660 4682 τὸν
3695 4648 3799 4682 xa-

2308 4743 2327 4776 ι
2375 4725 2520 4787 νόνα,
2550 4723 2862 4777 ὑπεύθυνοι.
2894 4743 2913 4775 ι

2303 4818 2487 4872 Πάντα
2520 4816 2594 4869 τὰ
2625 4820 2722 4887 τῇς
2759 4804 3045 4885 εἰδωλικῆς
3073 4817 3167 4868 καὶ
3201 4817 3564 4885 ματαιότητος
3596 4816 3660 4868 ἐκ
3694 4815 3799 4880 τῆς

2230 4907 2337 4960 τῶν
2388 4908 2594 4961 πιστῶν
2644 4909 2921 4970 πολιτείας
2964 4908 3013 4960 οἱ
3071 4907 3313 4977 Πατὲρες
3352 4905 3793 4977 περιαιροῦντες,

2231 5000 2334 5052 οὐκ
2364 4999 2647 5069 ἀνέχονται
2695 5000 2966 5055 τελεῖσθαι
3001 5000 3154 5068 παρὰ
3206 4998 3312 5050 τῶν
3341 4998 3687 5068 Χριστιανῶν
3720 4998 3794 5050 t‘z

518 5082 527 5089 ’
564 5084 890 5141 (Σιιτίειὶιιηὶε
916 5084 1102 5154 βοτοκί
1134 5100 1148 5137 :
1183 5085 1275 5139 sed
1319 5085 1365 5138 si
1400 5084 1507 5138 sint
1548 5084 1770 5153 quidem
1796 5084 2005 5145 clerici,
2036 5103 2106 5154 qu

2227 5094 2285 5147 ὲν
2323 5092 2402 5162 τῷ
2433 5094 2662 5163 παρόντι
2697 5094 2882 5146 κανόνι
2937 5094 3115 5162 ῥητῶς
3154 5092 3631 5163 ἁπηριθμημέναξ
3677 5090 3797 5144 ἀλλ’

566 5176 678 5231 haec
702 5188 754 5233 et
786 5177 1057 5243 ejusmodi
1091 5177 1320 5241 faciunt,
1351 5177 1541 5246 deponi
1593 5176 1747 5246 jubet
1786 5191 1998 5242 canon;
2045 5178 2107 5233 sit

2230 5188 2278 5239 εἰ
2310 5187 2704 5257 με’)’κληρικοί
2750 5188 2888 5240 εἰσιν
2928 5187 2976 5239 οἱ
3026 5185 3253 5239 τοιαῦτα
3287 5184 3591 5246 ποιοῦντες,
3624 5200 3797 5254 προσ-

572 5285 698 5324 vero
726 5270 869 5335 laici,
902 5272 1201 5342 segregari.

1115 5362 1343 5418 CANON
1395 5361 1578 5418 LXIII.

575 5471 598 5506 ι
634 5439 767 5522 Qua:
822 5470 851 5509 a
897 5457 1145 5513 veritatis
1193 5457 1447 5513 hostibus
1507 5456 1646 5512 falso
1700 5459 1947 5514 conﬁctae
2003 5468 2132 5514 sunt

2234 5276 2419 5331 τάττει
2477 5278 2891 5349 καθαιρεῖσθαι*
2944 5278 2994 5329 εἰ
3037 5277 3095 5331 δὲ
3153 5278 3356 5342 λαῖκοὶ,
3413 5274 3790 5346 ἀφορίζεσθαι.

2806 5369 3065 5441 ΚΑΝΩΝ,
3093 5365 3211 5423 Et".

2241 5482 2261 5515 ι
2307 5463 2389 5517 Τὰ
2442 5462 2655 5534 ψευδῶς
2692 5462 2798 5517 ὑπὸ
2835 5463 2944 5516 τῶν
2984 5463 3083 5533 τῆς
3129 5462 3389 5532 ἀληθείας
3428 5458 3639 5530 ἐχθρῶν
3672 5456 3793 5528 (70)

1723 5549 1917 5610 Guill.
1954 5551 2280 5632 Beveregii
2316 5561 2502 5616 notua.

646 5643 756 5717 (ὅθ)
787 5645 888 5700 Διὰ
912 5648 1015 5702 τοῦ
1054 5649 1274 5717 λέγειν.
1312 5652 1532 5707 Rectius
1584 5653 1772 5709 itidem
1815 5653 1869 5709 in
1910 5670 2010 5711 ms.
2057 5655 2130 5708 A-

579 5716 967 5787 mcrbachiano
994 5716 1187 5787 legitur
1219 5721 1307 5775 διὰ
1342 5722 1437 5776 τοῦ
1464 5722 1669 5793 λέγειν.

2310 5657 2423 5729 (ΕΟ)
2490 5656 2567 5729 Τὰ
2614 5656 2853 5729 ψευδῶς
2891 5657 3007 5729 ῥπὸ
3058 5655 3177 5709 τῶν
3235 5656 3343 5729 τῆς
3384 5653 3666 5729 ἀληθείας
3694 5652 3798 5729 ex-

2242 5724 2417 5795 θρῶνζ
2484 5726 2828 5783 Constantini
2891 5726 3278 5797 llarntcnopuli
3339 5727 3567 5796 epitomc
3632 5724 3798 5793 bnj’us
