4092 6214
629 320 731 381 735

1870 330 1972 390 ΤΗ
1982 330 2145 392 ΕΟΙ).
2192 331 2281 389 BA
2292 332 2588 392 LSAMON

3723 341 3819 398 736

699 434 949 490 ZUNAR.
984 435 1215 502 Quidam
1249 454 1276 493 a
1313 441 1412 493 lide
1444 442 1603 496 alieni
1650 444 1920 505 homines,
1964 444 2163 498 nostro.

2345 446 2589 500 ZQNAP.
2640 444 2775 498 Ὑπὸ
2806 446 3070 512 ἀπίστων,
3107 447 3181 511 ὡς
3229 446 3396 514 ἔοικε,
3427 448 3689 504 θελόντων
3719 450 3830 504 δια-

631 542 746 578 rmn
782 529 1117 583 accusationi
1163 538 1217 583 et
1252 534 1599 588 contumeliis
1644 536 1860 599 intenti,
1921 538 2175 592 nonnulla

629 622 781 685 μιοιιιςι
835 621 1191 704 absurditatis
1227 633 1279 677 et
1315 624 1662 695 ineptiarum.
1710 630 1868 698 quasi
1901 645 1928 684 a
1977 642 2179 704 marty-

628 710 774 762 ribus
803 711 943 765 dicta
980 690 1073 766 au‘t
1123 716 1615 786 ell'ecta“luissent,
1649 720 1843 777 litteris
1884 724 2172 793 consigna-

628 808 815 852 verant
847 819 859 853 :
896 814 951 854 ut
987 804 1039 856 in
1072 820 1137 859 eo
1164 807 1372 861 scilicet
1403 809 1523 863 tidei
1575 822 1774 866 nostrae
1808 824 2174 883 contemptus,

625 899 675 943 et
709 893 913 946 Sanctis
935 911 1152 965 quoque
1178 901 1505 969 martyribus
1531 903 1826 972 ignominia
1860 907 2175 962 conciliare-

624 993 730 1037 tur.
760 982 953 1038 Eorum
985 1003 1089 1041 non
1120 992 1281 1045 modo
1312 993 1544 1049 lectione
1574 996 1864 1056 interdicit.
1893 1000 2050 1070 233
2079 1000 2172 1054 sed

625 1075 852 1133 [intumis
884 1097 1102 1151 quoque
1138 1084 1341 1139 aboleri
1372 1102 1546 1142 canon
1588 1088 1758 1157 jubet.
1792 1091 1891 1157 Qui
1936 1109 2065 1147 vero
2111 1110 2172 1148 ea
2208 1100 2213 1107 ’

624 1166 869 1235 legerint,
900 1187 961 1225 ac
1000 1188 1096 1239 pro
1132 1177 1276 1231 veris
1324 1180 1654 1248 acceperint,
1691 1185 2029 1239 anathemate
2071 1168 2171 1255 pu-

623 1260 849 1315 niendos
893 1278 1013 1317 esse
1047 1264 1308 1324 decernit.

621 1351 848 1408 ARIST.
916 1373 934 1406 1
980 1355 1361 1429 Martyrologia
1424 1363 1493 1416 ab
1546 1363 2059 1439 ethnicisconiicta
2118 1368 2171 1422 in

982 1469 1000 1500 1
1043 1451 1269 1506 ecclesia
1301 1469 1367 1506 ne
1401 1455 1766 1523 publicentur.
1814 1476 1833 1508 ›

692 1533 1074 1620 Martyrologia
1109 1542 1160 1596 in
1217 1544 1419 1600 Christi
1476 1560 1768 1620 martyrum
1822 1549 2169 1620 ignominiam

620 1628 687 1682 ab
716 1631 950 1685 ethnicis
985 1615 1300 1715 conscripta
1340 1655 1440 1692 non
1469 1650 1685 1708 oportet
1732 1643 1784 1697 in
1817 1645 2062 1700 eerlesiis
2102 1646 2175 1700 le-

2283 535 2469 605 σύρειν
2502 537 2570 589 τὰ
2595 536 2703 590 τῶν
2736 539 3079 607 Χριστιανῶν
3120 542 3539 612 συνετράφησάν
3580 560 3725 604 τινα,
3761 543 3831 605 ὼς

2276 626 2534 696 λεχθέντα
2588 631 2682 682 καὶ
2717 630 3036 701 πραχθέντα
3085 632 3240 703 παρὰ
3281 632 3389 687 τῶν
3426 633 3594 701 ἁγίων
3630 634 3824 703 μαρτύ·

2278 736 2410 790 ρων,
2439 706 2702 775 ἀλλόκοτα
2731 722 2763 792 ἢ
2794 724 2888 776 καὶ
2938 724 3144 791 γελοία,
3183 726 3250 779 ἵν’
3295 725 3439 779 οὑτω
3486 724 3828 794 καταγελῷτο

2279 811 2379 878 μὲν
2413 813 2445 882 ἡ
2481 812 2669 876 πίστις
2701 814 2876 884 ἡμῶν,
2906 816 3212 888 ὑϐρίζοιντο
3238 818 3293 872 δὲ
3325 820 3418 872 καὶ¹
3448 819 3497 871 οἱ
3531 818 3824 888 μάρτυρες.

2276 901 2355 954 Τά
2385 902 2513 969 γοῦν
2535 906 2758 958 τοιαῦτα
2787 908 2847 959 οὑ
2878 909 3039 976 μόνον
3063 908 3545 978 ἀναγινώσκεσθαι
3571 908 3773 961 κωλύει
3802 910 3827 960 6

2275 994 2477 1058 κανὼν,
2509 997 2644 1050 ἀλλά
2691 1000 2785 1053 καὶ
2831 1002 3006 1053 καίειν
3045 1002 3183 1057 αὑτὰ
3231 1004 3472 1057 ἀπαιτεῖ.
3504 1003 3565 1055 Εἰ
3607 1001 3665 1054 δέ
3689 1017 3826 1063 τινες

2274 1083 2482 1148 τούτοις
2506 1089 2742 1157 χρῶνται
2772 1092 3120 1156 πιστεύοντες
3138 1094 3212 1157 ὡς
3244 1094 3522 1163 ἀληθέσιν,
3557 1091 3825 1160 ἀναθεμ⁵’

2271 1176 2514 1238 τίζεσθαι
2542 1180 2759 1234 κελεύει
2788 1182 3007 1246 αὐτούς.
3457 1178 3463 1193 ’

2666 1254 2674 1271 .

2273 1356 2494 1411 ΑΡΙΣΤ.
2530 1375 2549 1410 1
2598 1359 2677 1412 Τά
2708 1360 2797 1426 ὑφ’
2833 1361 3099 1432 Ἑλλήνων
3137 1363 3568 1434 συμπλασθέντα
3599 1381 3825 1434 μαρτυ-

2592 1468 2611 1501 ‹
2642 1452 2859 1520 ρο>,όγια
2888 1452 2961 1523 μὴ
2994 1455 3423 1524 ἐκκλησιάζοιτο.
3452 1475 3473 1507 ι

2343 1539 2417 1590 Οὐ
2449 1539 2531 1592 δεῖ
2556 1543 2641 1592 ἐπ’
2668 1543 2988 1613 ἐκκλησίαις
3013 1545 3511 1613 ἀναγινώσκεσθαι,
3551 1548 3685 1602 άλλὰ
3732 1549 3828 1601 καὶ

2275 1638 2410 1700 πυρὶ
2441 1633 2849 1701 παραδίδοσθαι,
2882 1636 2951 1689 τά
2981 1638 3118 1708 πρὸς
3141 1638 3296 1707 ὓϐριν
3327 1638 3435 1692 τῶν
3461 1639 3552 1693 τοὺ
3591 1641 3825 1710 Χριστοῦ

538 1727 544 1735 ‘
618 1737 763 1789 gere,
795 1724 890 1777 sed
928 1726 1033 1794 igni
1062 1727 1297 1784 tradere.
1334 1731 1388 1785 Si
1421 1733 1545 1801 quis
1576 1743 1753 1789 autem
1795 1736 2163 1806 deprehendat

2274 1725 2566 1793 μαρτύρων
2599 1729 2750 1797 παρὰ
2770 1729 3158 1801 τῶνἙλλήνων
3180 1734 3464 1801 γραφέντα
3492 1735 3828 1805 μαρτυρολὸ-

619 1820 705 1864 tur
730 1829 814 1881 ea,
846 1825 903 1870 ut
933 1834 1083 1883 vera,
1118 1822 1409 1893 recipiens,
1445 1832 1786 1888 anathemate
1819 1840 2163 1904 percutiatur.

2270 1830 2380 1883 για.
2412 1817 2473 1870 Ei
2498 1817 2553 1869 δέ
2583 1835 2665 1879 τις
2692 1820 2912 1890 εὑρεθῇ,
2941 1821 3015 1884 ὡς
3038 1822 3210 1894 άληθῆ
3242 1822 3413 1875 ταῦτα
3438 1804 3821 1895 παραδεχόμεοΔ

1156 2002 1381 2058 CANON
1440 2007 1618 2065 LXIV.

623 2100 646 2136 1
682 2082 834 2151 Quod
861 2103 964 2142 non
1007 2102 1219 2155 oportet
1276 2096 1471 2151 lairum
1511 2103 1722 2169 publice
1756 2108 2037 2177 disputare
2084 2117 2165 2171 vel

555 2174 564 2183 ‘
691 2192 711 2226 ι
753 2176 971 2239 docere.
1004 2181 1235 2237 docendi
1281 2190 1657 2247 auctoritatem
1691 2212 1751 2252 ex
1795 2216 1860 2254 eo
1907 2204 2007 2258 sibi
2044 2207 2165 2260 vin-

694 2286 711 2318 1
754 2269 1051 2338 dicantem,
1080 2276 1173 2330 sed
1205 2281 1382 2335 ordini
1411 2290 1439 2336 'a
1469 2283 1696 2341 Domino
1726 2294 1923 2347 tradito
1952 2286 2164 2364 codrre,

686 2379 705 2411 1
746 2371 798 2414 et
827 2378 1012 2419 aurem
1043 2366 1128 2429 iis,
1157 2371 1250 2438 qui
1283 2373 1509 2430 docendi
1538 2382 1765 2446 gratiam
1812 2400 2161 2457 acceperunt.

686 2471 705 2504 1
747 2457 980 2522 aperire,
1014 2469 1067 2514 et
1092 2461 1275 2518 divina
1309 2466 1378 2520 ab
1416 2467 1494 2524 eis
1523 2469 1730 2529 doceri.
1784 2477 1837 2531 In
1872 2496 1974 2534 una
2018 2485 2160 2537 enim

686 2563 705 2595 1
749 2544 986 2603 Ecclesia
1015 2551 1227 2610 diversa
1292 2560 1530 2615 membra
1579 2562 1705 2620 fecit
1758 2567 1920 2634 Deus,
1970 2583 2028 2628 ut
2081 2587 2163 2631 est

684 2655 703 2687 1
744 2653 842 2691 vox
892 2640 1185 2710 Apostoli:
1247 2664 1408 2716 quam
1462 2654 1822 2726 interpretans
1870 2663 2162 2735 Gregorius

682 2746 701 2779 1
745 2728 1068 2803 'l‘beologns,
1103 2753 1224 2792 eum
1260 2742 1351 2809 qui
1387 2743 1438 2797 in
1475 2745 1540 2800 iis
1579 2757 1663 2803 est
1702 2752 1943 2808 ordinem
1975 2770 2163 2826 aperte

684 2836 703 2868 1
745 2827 1108 2891 commendat,
1137 2829 1328 2887 dicens
1367 2850 1381 2887 :
1414 2834 1568 2893 llunc
1608 2842 1856 2898 ordinem
1914 2863 2163 2906 reverea-

684 2933 703 2966 1
748 2916 889 2976 mur.
924 2919 1141 2985 fratres,
1196 2927 1340 2983 hunc
1369 2946 1668 2992 servemus.
1720 2938 1816 2995 Hic
1845 2944 2061 3011 quidem
2090 2948 2161 3003 sit

680 3026 700 3059 1
744 3010 927 3075 auris;
966 3014 1053 3069 ille
1082 3032 1207 3070 vero
1236 3019 1452 3089 lingua;
1486 3024 1572 3081 hic
1599 3039 1777 3085 autem
1809 3050 2034 3101 manus;
2071 3039 2160 3094 ille

681 3118 700 3151 1
741 3117 870 3157 vero
899 3104 1101 3176 aliquid
1146 3111 1313 3166 aliud.
1366 3114 1720 3187 llie'quidem
1774 3124 1963 3182 doceat

680 3213 698 3245 1
739 3209 866 3249 vero
899 3199 1092 3257 discat.
1149 3204 1209 3258 Et
1254 3209 1413 3273 paulo
1449 3222 1571 3280 post
1601 3231 1615 3267 :
1643 3213 1706 3268 Et
1753 3220 1843 3285 qui
1888 3222 2067 3288 discit,
2102 3226 2156 3279 in

612 3278 615 3281 ’
683 3305 700 3336 1
742 3288 1042 3356 docilitate,
1078 3307 1129 3348 et
1158 3301 1248 3367 qui
1297 3278 1631 3370 suppeditat,
1687 3308 1737 3362 in
1773 3312 2069 3378 hilaritate,
2104 3330 2157 3371 et

678 3396 697 3431 1
740 3383 831 3450 qui
871 3400 1025 3449 opem
1061 3388 1163 3442 fert
1204 3407 1266 3445 ac
1298 3394 1701 3462 subministrat.
1754 3404 1805 3458 in
1858 3405 2155 3464 alacritate.

676 3492 693 3523 1
742 3475 819 3528 Ne
850 3478 1022 3531 simus
1054 3499 1240 3536 omnes
1266 3485 1471 3556 lingua,
1511 3493 1653 3560 quod
1691 3507 1773 3549 est
1813 3502 2156 3569 promptissi-

676 3585 694 3615 1
740 3582 920 3633 mum;
980 3589 1045 3626 ne
1104 3591 1295 3633 omnes
1352 3585 1618 3650 apostoli;
1680 3602 1744 3639 ne
1787 3605 1978 3645 omnes
2027 3609 2156 3661 pro-

678 3675 694 3708 1
737 3659 942 3727 phetze;
1004 3682 1067 3718 ne
1137 3682 1327 3725 omnes
1397 3674 1835 3743 interpretemur.
1901 3682 1965 3736 Et
2028 3659 2155 3750 post

677 3769 697 3802 1
736 3758 977 3822 quaedam
1007 3762 1149 3815 :Cur
1176 3772 1226 3816 te
1266 3774 1532 3832 pastorem
1560 3769 1715 3835 facis,
1745 3787 1868 3826 cum
1896 3775 1972 3828 sis
2001 3778 2157 3832 ovis?

680 3868 698 3898 1
739 3850 849 3903 Cur
889 3862 1051 3918 caput
1083 3854 1332 3921 cliiceris,
1371 3874 1490 3912 cum
1532 3861 1610 3915 sis
1658 3865 1790 3930 pes?
1837 3865 1950 3919 Cur
1987 3868 2156 3936 impe-

675 3961 693 3993 1
737 3951 885 3997 rator
912 3961 1033 3998 esse
1060 3948 1298 4011 conaris,
1349 3966 1468 4003 cum
1514 3954 1713 4010 relatus
1752 3956 1827 4011 sis
1868 3959 1919 4012 iu
1966 3978 2156 4016 nume-

671 4054 689 4085 1
733 4050 845 4089 rum
877 4040 1143 4092 militum?
1170 4039 1229 4094 ΕΙ
1286 4043 1412 4095 alibi
1452 4044 1600 4112 juiwt
1631 4046 1937 4114 Sapientia,
1970 4051 2047 4105 Ne
2078 4052 2154 4107 sis

673 4148 689 4178 1
734 4130 883 4183 velox
932 4130 985 4184 in
1035 4133 1441 4201 sermonibus;
1474 4154 1561 4200 ne,
1618 4156 1738 4192 cum
1798 4142 1872 4195 sis
1927 4160 2152 4215 pauper,

669 4239 688 4271 1
738 4238 841 4275 una
880 4239 1003 4277 cum
1052 4224 1219 4278 divite
1267 4232 1613 4296 extendaris;
1665 4250 1761 4287 nec
1797 4251 2011 4302 quIeras
2062 4252 2152 4290 sa-

670 4333 687 4363 1
736 4316 1004 4383 pientibus
1039 4335 1159 4373 esse
1199 4322 1516 4388 sapientior.
1566 4326 1619 4379 Si
1647 4310 1975 4395 1p:is.aiitem
2006 4317 2169 4407 pne:

672 4426 688 4456 1
732 4418 934 4462 sentem
1012 4421 1275 4464 cauouem
1370 4413 1705 4469 labefactans
1784 4418 2151 4487 deprehensus

669 4516 687 4546 1
731 4498 911 4564 fuerit,
946 4500 1302 4571 quadraginta
1335 4505 1526 4559 diebus
1558 4519 1888 4577 segregetur.
1933 4530 1951 4561 ι

665 4587 854 4642 BALS.
904 4582 1166 4658 Populum
1205 4592 1414 4649 Domini
1468 4599 1681 4661 ducere,
1727 4610 1781 4652 et
1833 4600 2017 4655 divina
2054 4604 2150 4660 de-

595 4685 744 4727 creta
775 4675 1144 4746 interpretari,
1196 4681 1327 4735 solis
1356 4685 1648 4742 antistibus
1692 4702 1719 4742 a
1747 4690 1926 4744 divina
1980 4692 2173 4763 Spiriz

604 4775 692 4819 tus
744 4770 914 4835 gratia
976 4786 1294 4826 concessum
1347 4784 1448 4839 est,
1495 4788 1547 4832 et
1599 4780 1664 4832 iis
1694 4783 1897 4851 quibus
1947 4787 2013 4840 ab
2047 4788 2152 4841 illis

593 4861 915 4929 permissum
947 4873 1046 4917 est.
1071 4865 1138 4921 Ut
1155 4876 1237 4922 est
1260 4884 1387 4937 ergo
1416 4872 1725 4938 verisimile,
1757 4877 1975 4944 quidam
2021 4882 2146 4935 laici

591 4964 643 5007 et
669 4950 822 5008 ’τοι-ιιι
853 4956 1016 5009 etiam
1059 4957 1231 5023 docti,
1272 4960 1339 5014 de
1387 4964 1713 5029 quibusdam
1762 4970 2153 5027 ecclesiasticis

591 5037 928 5113 argumentis
956 5048 1170 5115 publice
1192 5049 1567 5118 disputabant.
1589 5068 1638 5106 et
1660 5059 1950 5123 quamdam
1976 5072 2153 5114 aucto-

590 5137 802 5189 ritatem
832 5140 1063 5192 docendi
1100 5155 1207 5206 pne
1231 5156 1288 5193 se
1321 5143 1585 5197 ferebant.
1618 5144 1790 5199 Divini
1812 5162 1941 5215 ergo
1963 5148 2151 5203 Patres

594 5227 695 5281 hoc
767 5230 1142 5297 prohibentes.
1210 5242 1541 5299 statuerunt,
1598 5252 1666 5289 ne
1720 5237 1846 5306 quid
1916 5241 2150 5304 amplius

593 5321 863 5385 ejusmodi
897 5316 1081 5382 'lieret.
1135 5341 1203 5378 ne
1235 5323 1489 5380 Ecclesia:
1519 5328 1652 5382 ordo
1703 5328 2147 5403 confutuleretur.

596 5409 699 5464 Sed
737 5415 1017 5481 quoniam,
1074 5416 1272 5485 inquit,
1315 5418 1456 5473 Deus
1502 5435 1566 5474 ex
1617 5422 1847 5476 diversis
1896 5424 2153 5478 tnetnbris

598 5498 892 5555 Ecclesium
924 5505 1039 5558 suis
1072 5507 1295 5561 stabiliit
1325 5517 1378 5565 et
1403 5509 1594 5573 erexit,
1617 5520 1669 5563 et
1687 5513 2040 5565 constitutqu
2069 5522 2153 5569 cst

598 5603 655 5645 ut
704 5594 826 5647 laici
875 5594 1220 5663 docerentur,
1261 5617 1366 5654 non
1412 5602 1692 5666 docerent,
1745 5604 1942 5657 debent
1975 5605 2153 5673 potius

597 5698 781 5745 aurem
838 5687 1162 5741 docentibus
1223 5695 1485 5759 pra-bere,
1537 5710 1696 5762 quam
1749 5697 1983 5765 linguam
2035 5714 2153 5749 nru-

602 5791 746 5841 vere,
781 5790 843 5829 ac
872 5776 1071 5831 mullos
1103 5778 1375 5839 oﬂendcre
1408 5804 1419 5839 :
1456 5794 1508 5839 ct
1538 5786 1910 5859 unusquisque
1937 5805 2154 5845 manere

2015 3147 2028 3183 :
2073 3132 2158 3185 ille
2185 3141 2228 3198 ο

2269 1923 2377 1973 νος,
2414 1908 2911 1981 άναθεματιζέσθω.

2846 2007 3082 2059 ΚΑΝΩΝ
3114 2006 3230 2061 EA’.

2272 2111 2292 2144 1
2339 2094 2543 2148 Ὅτιοὺ
2578 2097 2683 2167 χρὴ
2735 2098 2970 2171 δημοσίᾳ
3004 2099 3191 2155 λαῖκὺν
3227 2101 3385 2170 λόγον
3416 2102 3641 2174 κινείνῆ
3680 2103 3824 2156 διδά-

2288 2230 2306 2247 ,
2343 2205 2361 2238 1
2409 2203 2580 2253 σκειν,
2641 2190 2859 2261 ἀξίωμα
2916 2193 3098 2263 ἑαυτῷ
3147 2192 3538 2248 διδασκαλικὸν
3572 2195 3822 2248 ἐντεῦθεν

2342 2295 2360 2328 1
2406 2282 2890 2350 περιποιούμενον,
2944 2282 3061 2337 ἀλλ’
3108 2284 3285 2339 εῐκειν
3340 2290 3405 2357 τῇ
3455 2288 3821 2359 παραδοθείσῃ

2340 2388 2359 2420 1
2404 2372 2554 2449 παρά
2584 2372 2679 2425 τοῦ
2728 2375 2931 2443 Κυρίου
2965 2376 3138 2443 τάξει,
3194 2379 3289 2430 καὶ
3347 2379 3409 2432 τὸ
3456 2373 3548 2443 οὖς
3577 2382 3689 2442 τοῖς
3718 2382 3816 2450 τὴν

2342 2478 2361 2511 1
2407 2442 2565 2533 χάριν
2595 2464 2687 2516 τοῦ
2733 2464 3113 2522 διδασκαλικοὺ
3153 2468 3385 2524 λαϐοῦσι
3433 2470 3591 2540 λόγου
3622 2471 3822 2525 διανοί-

2338 2572 2355 2603 1
2403 2571 2539 2620 γειν,
2582 2556 2676 2608 καὶ
2711 2558 2778 2611 τὰ
2825 2558 2942 2613 θεία
2977 2562 3111 2630 παρ’
3153 2561 3338 2615 αὑτῶν
3386 2564 3814 2617 ἐκδιδάσκεσθαι.

2339 2666 2357 2699 1
2420 2650 2506 2703 Ἐν
2552 2653 2659 2720 γάρ
2711 2655 2775 2723 τῇ
2810 2656 2906 2725 μιᾷ
2966 2655 3234 2728 ἐκκλησίᾳ
3282 2657 3513 2727 διάφορα
3552 2658 3686 2728 μέλη
3722 2676 3816 2710 πε-

2336 2760 2356 2795 1
2404 2742 2628 2814 ποίηκεν
2671 2748 2697 2798 ὁ
2733 2746 2884 2814 Θεὸς,
2919 2747 3058 2801 κατά
3087 2748 3186 2819 τὴν
3225 2752 3318 2803 τοὺ
3346 2750 3673 2803 Ἀποστόλου
3708 2770 3818 2819 φω-

2338 2853 2357 2886 1
2400 2836 2520 2906 νήν.
2559 2838 2687 2890 Ἦν,
2721 2841 2749 2891 6
2796 2838 3059 2908 Θεολόγος
3111 2844 3434 2912 ἑρμηνεύων
3487 2845 3812 2915 Γρηγόριος,

2337 2946 2355 2978 1
2404 2928 2591 2996 σαφῶς
2616 2929 2716 3001 τὴν
2750 2932 2806 2983 ἐν
2826 2932 3037 2997 τούτοις
3064 2935 3219 2999 τάξιν
3252 2918 3577 3007 παρίστησι,
3600 2940 3774 3004 λέγων
3797 2957 3810 2969 ·

2333 3040 2350 3071 1
2390 3021 2613 3091 Ταύτην
2651 3024 2931 3095 αἰδὼμεθα
2962 3027 3062 3098 τὴν
3108 3028 3280 3092 τάξιν,
3315 3030 3553 3100 ἀδελφοὶ,
3608 3031 3811 3099 ταύτην

2336 3131 2355 3165 1
2403 3114 2777 3185 φυλάττωμεν.
2847 3117 2906 3171 Ὀ
2965 3118 3064 3187 μὲν
3113 3119 3254 3172 ἔστω
3309 3138 3393 3183 τις
3479 3122 3638 3193 ἀκοὴ,
3690 3126 3718 3174 6
3754 3125 3808 3175 δὲ

2336 3226 2355 3258 1
2400 3207 2641 3276 γλῶττα,
2661 3212 2687 3261 6
2708 3210 2762 3262 δὲ
2784 3210 2928 3280 χεὶρ,
2958 3213 2985 3263 6
3012 3210 3068 3262 δὲ
3094 3211 3221 3265 ἄλλο
3241 3229 3326 3265 τι·
3352 3216 3380 3265 ὀ
3401 3214 3454 3265 δὲ
3482 3213 3778 3267 διδασκέτω
3795 3232 3806 3242 ·

2289 3318 2352 3352 κ(
2399 3284 2519 3352 όδὲ
2572 3301 2935 3369 μανθανέτω·
2978 3306 3069 3355 καί
3130 3305 3266 3373 μετὰ
3330 3304 3578 3375 βραχέα·
3618 3306 3731 3359 Καὶ
3783 3308 3809 3356 6

2334 3411 2351 3441 1
2403 3391 2686 3461 μανθάνων
2718 3394 2775 3445 ὲν
2794 3394 3095 3465 εὐπειθείᾳ,
3130 3396 3225 3448 καὶ
3252 3394 3279 3449 6
3307 3397 3559 3467 χορηγῶν
3608 3398 3668 3449 ἑν
3699 3398 3810 3449 ἰλα-

2332 3501 2350 3534 ‹
2403 3485 2605 3553 ρὸτητι,
2642 3487 2778 3539 καὶὸ
2806 3486 3097 3562 ὑπουργῶν
3130 3489 3187 3540 ὲν
3216 3488 3497 3559 προθυμίᾳ
3521 3504 3537 3520 ο
3567 3490 3641 3560 μὴ
3678 3491 3810 3542 πάν-

2333 3593 2352 3626 1
2396 3592 2486 3637 τες
2542 3570 2691 3645 ὦμεν
2713 3579 2957 3645 γλῶσσα,
2988 3580 3051 3632 τὸ
3085 3582 3433 3650 ἑτοιμότατον
3459 3598 3473 3613 ο
3503 3582 3579 3652 μὴ
3611 3584 3811 3661 πάντες

2330 3684 2350 3718 1
2397 3668 2699 3734 ἀπόστολοι,
2753 3670 2826 3741 μὴ
2867 3671 3068 3743 πάντες
3116 3673 3412 3743 προφῆται.
3469 3676 3543 3741 μὴ
3608 3661 3808 3735 πάντες

2335 3776 2354 3810 1
2401 3760 2845 3832 διερμηνεὺωμεν
2872 3779 2886 3793 ⁸
2938 3742 3032 3816 καὶ
3056 3786 3061 3789 ·
3084 3742 3241 3835 μετά
3279 3782 3436 3818 τινα*
3470 3766 3534 3818 Τί
3586 3768 3811 3820 σεαυτὸν

2347 3872 2365 3905 1
2409 3856 2584 3917 ποιεῖς
2613 3856 2868 3925 ποιμένα,
2898 3856 3168 3926 πρόϐατον
3193 3856 3267 3914 ὦν
3292 3877 3306 3923 ;
3336 3858 3401 3911 Τί
3424 3861 3549 3929 γίνῃ
3578 3862 3810 3927 κεφαλὴ,

2338 3965 2356 3997 1
2400 3948 2532 4010 ποὺς
2585 3949 2902 4017 τυγχάνων;
2972 3950 3038 4003 Τί
3101 3955 3421 4021 στρατηγεῖν
3492 3956 3807 4024 ἐπιχειρεῖς.

2330 4056 2351 4089 ι
2396 4041 2722 4110 τεταγμένος
2754 4043 2811 4093 ὲν
2836 4029 3231 4113 (repentinam;
3271 4044 3365 4098 καὶ
3395 4046 3625 4117 ἑτέρωθι
3664 4050 3696 4117 ή
3727 4065 3812 4100 σο-

2330 4150 2349 4183 1
2398 4131 2495 4201 φία
2524 4132 2897 4202 διακελεύεται
2920 4151 2935 4165 ⁸
2973 4135 3062 4206 Μὴ
3090 4135 3197 4189 ίσθι
3217 4135 3385 4206 ταχὺς
3414 4137 3470 4189 ὲν
3494 4137 3705 4205 λόγοιςο
3734 4140 3807 4209 μή

2330 4242 2351 4278 1
2392 4228 2857 4296 συμπαρεκτείνου
2884 4229 3051 4297 πένης
3094 4227 3172 4281 ὣν
3201 4229 3461 4301 πλουσίῳ,
3495 4230 3629 4301 μηδὲ
3660 4232 3808 4301 ζήτει

2331 4336 2350 4370 1
2394 4319 2504 4371 τῶν
2532 4320 2709 4387 σοφῶν
2738 4316 2875 4374 εἶναι
2907 4322 3237 4389 σοφώτερος.
3269 4323 3328 4374 Et
3362 4323 3419 4375 δέ
3451 4342 3533 4385 τις
3574 4324 3690 4392 ἁλῷ
3720 4325 3809 4377 τὸν

2331 4430 2349 4463 1
2392 4414 2633 4482 παρόντα
2665 4414 3055 4483 παρασαλεύων
3084 4415 3299 4477 κανόνα,
3338 4416 3429 4469 ἐπὶ
3451 4418 3664 4488 ἡμέρας
3688 4435 3810 4471 ta:-

2329 4525 2345 4555 1
2390 4506 2692 4575 σαράκοντα
2726 4507 3082 4576 ἀφοριξέσοω.

2269 4580 2275 4619 λ
2325 4595 2517 4649 ΒΑΛΣ.
2546 4597 2618 4649 Τὸ
2648 4596 2917 4650 διδάσκειν
2945 4599 3033 4651 τὸν
3067 4598 3159 4651 τοῦ
3179 4600 3381 4667 Κυρίου
3418 4598 3565 4663 λαὸν,
3603 4604 3693 4653 καὶ
3723 4602 3809 4667 ἐρ-

2258 4687 2509 4756 μηνεὺειν
2535 4688 2603 4743 τὰ
2631 4689 2749 4741 θεῖα
2796 4689 3056 4758 δόγματα,
3101 4692 3279 4757 μόνοις
3314 4690 3468 4759 ἐδόθη
3521 4694 3673 4762 παρὰ
3712 4694 3808 4759 τῆς

2256 4780 2479 4849 χάριτος
2527 4780 2620 4831 τοῦ
2665 4780 2929 4847 παναγίου
2969 4782 3282 4852 Πνεύματος
3332 4784 3443 4844 τοῖς
3492 4783 3807 4853 ἀρχιερεῦσι

2256 4872 2487 4933 καὶτοῖς
2522 4871 2674 4941 παρὰ
2706 4872 2911 4924 τούτων
2966 4872 3436 4941 ἐπιτρεπομένοις.
3492 4874 3577 4935 Ὠς
3633 4874 3807 4924 ἔοικεν

2254 4959 2364 5024 οὑν,
2390 4963 2531 5025 τινὲς
2562 4962 2760 5029 λαῖκοὶ,
2793 4961 2919 5024 ἴσως
2950 4964 3362 5025 πεπαιδευμένοι
3384 4962 3597 5031 σοφίαν,
3628 4964 3810 5015 διελέ-

2254 5071 2409 5121 γοντο
2436 5054 2674 5122 δημοσία
2713 5056 2837 5123 περί
2895 5070 3058 5106 τινων
3108 5055 3579 5123 ἐκκλησιαστικῶν
3614 5056 3811 5107 ὑπνιθέ-

2257 5164 2416 5209 σεων,
2450 5147 2544 5199 καὶ
2569 5146 2943 5201 διδασκαλικὸν
2980 5148 3332 5217 ὑπεκρίνοντο
3369 5146 3607 5217 ἀξίωμα.
3642 5147 3811 5200 Τοῦτο

2253 5232 2689 5307 ἀπαγορεύοντες
2710 5241 2757 5290 οἱ
2788 5239 2935 5307 ἆγιοι
2966 5240 3234 5310 Πατέρες,
3257 5240 3581 5321 διωρίσαντο
3609 5240 3808 5309 μηκέτι

2254 5330 2494 5384 τοιοῦτόν
2522 5349 2574 5385 τι
2616 5332 2880 5401 γίνεσθαι,
2906 5336 2998 5386 καὶ
3033 5333 3359 5404 συγχέεσθαι
3388 5336 3487 5405 τὴν
3512 5334 3804 5402 ἐκκλησια-

2255 5423 2442 5495 στικὴν
2490 5425 2761 5490 εὐταξίαν.
2805 5427 2944 5478 Ἀλλ’
2978 5427 3123 5491 ἐπεὶ,
3183 5428 3368 5495 φασιν,
3420 5429 3482 5479 ἐκ
3536 5425 3804 5494 διαφόρων

2258 5516 2432 5585 μελῶν
2466 5518 2495 5569 6
2552 5517 2683 5581 Θεὸς
2730 5518 2828 5588 τὴν
2876 5520 3202 5589 Ἐκκλησίαν
3256 5520 3548 5589 ἐστερέωσέ
3594 5534 3650 5569 τε
3706 5519 3809 5572 καὶ

2256 5608 2457 5677 ὕψωσε,
2493 5610 2588 5663 καὶ
2622 5612 2671 5662 oi
2730 5612 2904 5665 λαῖκοὶ
2936 5613 3282 5667 διδάσκεσθαι
3331 5612 3648 5681 ἐτάχθησαν,
3682 5613 3811 5682 οὑχὶ

2255 5700 2549 5765 διδάσκειν,
2577 5702 2849 5770 ὀφείλουσι
2890 5706 3090 5774 μᾶλλον
3124 5707 3345 5777 ὑπέχειν
3376 5708 3432 5758 τὸ
3463 5704 3553 5767 οὑς
3577 5707 3691 5765 τοῖς
3730 5708 3812 5758 δε-

2259 5792 2547 5847 δάσκουσιν
2587 5793 2617 5863 ἢ
2651 5794 2748 5863 τὴν
2784 5796 3032 5862 γλῶτταν
3061 5799 3252 5862 κινεῖν,
3291 5796 3389 5850 καὶ
3433 5792 3814 5877 σκανδαλίζειν
