4092 6214
352 307 450 371 741

1366 310 1447 371 ΙΝ
1488 308 1653 371 CAN.
1721 310 1868 369 LXV
1906 308 2117 369 CONC.
2158 308 2235 367 IN
2275 306 2602 369 TRULID.

3469 296 3578 370 ’142

344 428 377 495 ἦ
438 425 693 495 πτήσεως
744 425 971 491 οἰωνῶν,
1029 425 1312 480 τουτέστιν
1365 426 1575 495 ἀγρίων
1626 422 1909 495 πτερωτῶη

2024 424 2233 492 gnitio,
2277 422 2420 477 unde
2469 434 2523 477 et
2576 420 2827 491 auspices
2858 436 2953 476 seu
3006 420 3186 475 avium
3232 420 3570 492 inspectores

345 518 525 585 ζώων,
553 516 685 588 περὶ⁹
708 510 782 570 ὧν
810 519 1049 589 αἱρεῖται
1072 536 1158 582 τις
1189 518 1428 589 μάθησις
1452 533 1466 547 ·
1504 517 1564 583 ἐξ
1588 513 1650 571 οὑ
1673 518 1768 571 καὶ
1791 520 1918 571 οἰω-

345 610 606 662 νοσκόποι
640 608 911 675 λέγονται.
953 611 1417 680 Ἐγγαστρίμυθοι
1458 611 1515 665 δέ
1548 612 1642 664 καὶ
1670 612 1913 679 γνῶσται

344 704 598 769 λέγονται
660 700 863 765 πάντες
905 703 952 755 oi
1015 703 1321 766 σατανικῶς
1372 702 1783 767 ἐνθουσιῶντες,
1820 705 1915 757 καὶ

349 792 703 861 προλέγοντες
746 790 909 859 δῆθεν
935 791 1000 845 τὰ
1040 791 1295 859 ἄγνωστα
1316 809 1329 824 ·
1362 791 1435 855 ὡς
1470 793 1521 845 oi
1568 795 1831 862 κριτρίαι,
1866 793 1913 877 ομὶ

346 886 658 952 ἀθίγγανοι,
696 883 1245 954 οίνψευδοπροφῆται,
1276 885 1563 957 ἐρημῖται,
1592 887 1685 939 καὶ
1714 885 1912 956 ἕτεροι.

345 976 534 1028 Ταῦτα
573 974 667 1028 τοῦ
698 978 921 1038 κανόνος
961 976 1357 1048 διοριζομένου,
1383 979 1418 1049 ἡ
1453 978 1553 1046 μέν
1588 978 1684 1047 τῆς
1712 995 1915 1047 νουμη-

342 1071 463 1133 νῖας
489 1071 654 1141 ἑορτὴ
687 1071 792 1140 πρὸ
811 1071 1238 1142 άμνημονεύτων
1270 1074 1477 1144 χρόνων
1498 1074 1780 1144 ἐσχόλασε,
1818 1073 1913 1126 καὶ

342 1163 463 1215 ἀντὶ
492 1165 697 1232 ταύτης
726 1164 862 1216 Θεοῦ
893 1165 1074 1234 χάριτι
1105 1164 1407 1237 ἱλαστήριοι
1437 1165 1593 1236 εὑχαὶ
1619 1167 1753 1237 πρὸς
1781 1165 1913 1219 Θεὸν

342 1257 437 1308 καὶ
469 1256 739 1325 ἀγιασμοὶ
766 1256 853 1309 ἐπ’
902 1258 1203 1328 ἐκκλησίας
1229 1258 1379 1326 παρὰ
1410 1258 1506 1310 τοῦ
1539 1257 1734 1311 πιστοῦ
1780 1257 1910 1311 λαοῦ

343 1345 586 1413 γίνονται
616 1345 743 1398 καθ’
772 1346 1011 1417 ἑκάστην
1038 1346 1397 1416 άρχιμηνίαν,
1429 1346 1521 1398 καὶ
1548 1345 1738 1399 ὕδασιν
1760 1346 1913 1397 εὑλο-

340 1438 493 1504 γίας,
513 1439 612 1489 οὑκ
635 1436 976 1504 ἀντιλογίας,
1008 1438 1296 1508 χριόμεθα.
1327 1437 1391 1490 'H
1422 1437 1477 1490 δέ
1492 1437 1599 1490 τῶν
1630 1437 1912 1506 πυρκαῖῶν

339 1530 704 1598 δαιμονιώδης
737 1529 929 1598 τελετὴ
969 1530 1063 1582 καὶ
1090 1530 1144 1581 αἱ
1188 1527 1442 1599 κληδόνες
1474 1528 1713 1595 ἐγίνοντο
1746 1529 1909 1597 μέχρι

295 1660 313 1675 .
340 1620 445 1689 τῆς
500 1618 803 1690 ἐφημερίας
855 1619 953 1673 τοῦ
994 1620 1302 1687 ἀγιωτάτου
1343 1620 1684 1691 πατριάρχου
1740 1618 1909 1689 κυροῦ

338 1710 561 1780 Μιχαὴλ
595 1708 690 1763 τοῦ
739 1711 1025 1779 γεγονότος
1086 1711 1296 1765 ὑπάτου
1348 1711 1454 1764 τῶν
1488 1712 1795 1779 φιλοσόφων
1826 1713 1908 1773 είς

341 1806 550 1874 ταύτην
588 1805 730 1867 τέως
756 1805 856 1873 τὴν
898 1805 1008 1858 τῶν
1046 1806 1254 1858 πόλεων
1286 1804 1674 1874 βασιλεύουσαν
1710 1804 1902 1866 οὑτως.

340 1897 499 1950 Κατά
547 1895 645 1967 τὴν
691 1897 932 1967 ἑσπέραν
990 1897 1088 1966 τῆς
1144 1903 1229 1964 κγ’
1322 1896 1416 1949 τοῦ
1459 1896 1678 1949 Ἰουνίου
1743 1898 1933 1967 μηνὸς

339 1988 655 2057 ἠθροίζοντο
681 1991 739 2041 ἐν
760 1991 881 2051 ταῖς
907 1990 1137 2058 ρηγμῖσι
1161 1988 1256 2040 καὶ
1286 1987 1343 2041 ἓν
1364 2005 1504 2047 τισιν
1531 1989 1700 2045 οἴκοις
1718 1988 1909 2058 ἄνδρες

338 2081 439 2132 καὶ
471 2081 753 2147 γυναῖκες,
788 2079 883 2132 καὶ
928 2078 1275 2147 πρωτότοκον
1312 2079 1569 2146 κοράσιον
1620 2079 1907 2149 νυμφικῶς

339 2160 643 2233 ἐστόλιζον.
673 2169 828 2223 Μετὰ
858 2166 989 2236 γοῦν
1012 2166 1073 2220 τὺ
1098 2168 1475 2236 συμποσιάσαι
1508 2168 1602 2220 καὶ
1636 2167 1908 2238 βακχικώ-

339 2276 508 2331 τερον
536 2259 899 2331 ὀρχήσασθαι,
921 2259 1017 2313 καὶ
1050 2259 1309 2330 χορεῦσαι
1344 2262 1439 2312 καὶ
1469 2259 1757 2326 ἀλαλάξαι,
1786 2259 1911 2313 ἐϐα-

340 2351 439 2404 λον
475 2352 534 2403 ἐν
565 2351 774 2419 ἀγγείῳ
802 2350 1056 2420 συστόμῳ
1081 2348 1267 2419 χαλκῷ
1294 2349 1588 2403 ,θαλάττιον
1622 2350 1788 2420 ὔδωρ,
1817 2350 1910 2404 καὶ

337 2443 458 2512 εἴδη
490 2442 612 2512 τινὰ
646 2443 861 2512 ἑκάστῳ
889 2442 1095 2495 τούτων
1121 2443 1393 2510 ἀνήκοντα
1419 2458 1431 2472 ·
1462 2443 1554 2495 καὶ
1599 2442 1786 2513 ὥσπερ
1812 2443 1908 2512 τῆς

340 2535 535 2597 παιδὸς
570 2535 785 2603 ἐκείνης
824 2533 1094 2604 λαϐούσης
1129 2533 1282 2603 ἰσχὺν
1308 2533 1371 2586 ἐκ
1399 2533 1491 2587 τοῦ
1528 2535 1744 2587 Σατανᾶ
1774 2552 1917 2606 προ-

343 2626 574 2695 μηνύειν
598 2626 669 2679 τά
693 2625 1046 2695 ἐρωτώμενα,
1077 2626 1232 2679 αὑτοὶ
1264 2625 1363 2694 μὲν
1395 2625 1525 2694 περὶ
1570 2623 1722 2677 τοῦδέ
1764 2642 1908 2687 τινος

286 2700 301 2707 θ
340 2719 558 2789 ἀγαθοῦ
586 2722 619 2789 ἦ
655 2720 749 2772 καὶ
784 2717 1158 2789 ἀποτροπαίου
1193 2718 1429 2770 ἀνεϐόων
1454 2718 1905 2788 ἐρωτηματικῶς.

337 2814 416 2868 Τὸ
444 2814 505 2865 δέ
530 2813 808 2882 κοράσιον,
838 2810 947 2864 ἀπὸ
978 2811 1087 2863 τῶν
1117 2814 1175 2864 ἐν
1200 2810 1275 2880 τῷ
1296 2811 1501 2880 ἀγγείῳ
1530 2810 1907 2880 ἐμϐληθέντων

336 2902 501 2956 εἰδῶν
537 2903 599 2955 τὸ
631 2900 947 2972 παρατυχδν
979 2900 1290 2969 ἐξαγαγὼν,
1326 2901 1678 2954 ὑπεδείκνυεν
1702 2918 1715 2931 ·
1751 2901 1779 2953 ὃ
1813 2904 1907 2954 καὶ

335 2994 638 3065 λαμϐάνων
661 2996 687 3046 ὁ
718 2994 948 3063 ἀνόητος
963 2992 1151 3046 τούτου
1172 2994 1458 3061 δεσπότης,
1485 2994 1909 3064 ἐπληροφορείτο

1932 1772 1979 1832 Β

2017 530 2359 586 auguresque
2392 515 2669 570 dicuntur.
2697 512 3028 581 Ventriloqui
3061 521 3237 567 autem
3259 516 3573 583 aruspices-

2014 623 2120 678 que
2177 609 2436 663 dicuntur
2493 623 2709 671 omnes,
2768 608 2858 677 qui
2924 607 3177 662 Satanica
3251 609 3570 662 incitatione

2016 702 2201 766 albati,
2247 702 2441 756 dicunt
2497 717 2559 756 ea
2598 717 2718 772 qua:
2755 701 3002 770 cognosci
3063 715 3169 755 non
3217 710 3466 769 possunt,
3510 709 3571 753 ut

2014 792 2233 855 critriaa,
2281 793 2586 861 athingani,
2647 792 3170 863 pseudoprophetaa,
3225 794 3465 846 eremita:
3516 801 3572 845 et

2014 883 2129 937 alii.
2166 882 2287 937 Haec
2318 894 2592 947 statuente
2632 899 2867 951 canone,
2908 884 3177 939 Novilunii
3217 882 3435 953 quidem
3492 882 3570 938 fe-

2014 983 2156 1029 stum
2193 986 2318 1029 ante
2370 991 2542 1030 annos
2600 992 2813 1031 omnem
2884 977 3199 1031 memoriam
3249 983 3573 1043 superantes-

2012 1067 2269 1130 cessavit,
2298 1076 2353 1121 et
2383 1068 2499 1138 ejus
2527 1069 2647 1122 loco
2683 1068 2777 1122 Dei
2810 1071 2981 1138 gratia
3012 1070 3403 1139 propitiatoriae
3449 1083 3577 1136 pre-r

2012 1172 2106 1212 ces
2133 1158 2196 1211 ad
2226 1158 2391 1213 Deum
2428 1174 2492 1213 ac
2520 1161 2983 1217 sanctiﬁcationes
3007 1162 3059 1215 in
3085 1160 3328 1235 Ecclesia
3365 1179 3392 1216 a
3424 1164 3573 1219 ﬁdeli

2012 1251 2212 1322 populo
2248 1252 2403 1318 (lunt,
2447 1252 2501 1306 in
2551 1254 2986 1323 uniuscujusque
3027 1256 3234 1310 mensis
3277 1256 3575 1325 principio,

2010 1354 2064 1399 et
2092 1360 2230 1415 aqua
2267 1346 2685 1411 benedictionis,
2739 1362 2848 1401 non
2894 1347 3372 1415 contratlictionis,
3407 1350 3556 1404 inun~

2010 1439 2207 1508 gintur.
2239 1439 2515 1505 Rogorum
2567 1450 2748 1493 autem
2799 1441 3192 1494 daemoniacum
3249 1441 3571 1509 mysterium

2011 1537 2299 1598 sortesque
2355 1529 2576 1593 ﬁebant,
2636 1545 2808 1599 usque
2854 1532 2919 1584 ad
2975 1541 3188 1598 tempus
3242 1530 3573 1588 Sanctissimi

2008 1622 2334 1691 patriarchae
2372 1622 2579 1676 domini
2629 1622 2932 1684 Michaelis,
2967 1624 3058 1691 qui
3086 1622 3186 1675 iuit
3218 1622 3568 1690 philosopho-

2010 1727 2128 1767 rum
2163 1715 2413 1783 princeps
2437 1713 2489 1766 in
2520 1714 2621 1767 hac
2654 1714 2866 1767 urbium
2916 1716 3126 1783 regina.
3174 1711 3287 1767 lloc
3316 1714 3473 1766 modo
3499 1712 3570 1766 9.5

2011 1807 2214 1861 mensis
2251 1805 2397 1860 Junii
2444 1822 2669 1874 vespere
2722 1808 3055 1875 cogebantur
3107 1806 3163 1859 in
3206 1806 3477 1860 littoribus
3516 1814 3570 1857 et

2010 1897 2337 1968 quibusdam
2365 1898 2575 1953 aedibus
2615 1899 2718 1952 viri
2755 1910 2805 1952 et
2838 1900 3116 1958 mulieres,
3152 1910 3203 1952 et
3236 1898 3569 1967 primogeni-

1969 1981 2119 2044 'tam
2158 1991 2391 2061 puellam
2449 1992 2625 2045 instar
2667 2005 2883 2059 sponsa:
2933 1990 3224 2043 ornabant.
3275 1988 3568 2059 Postquam

2008 2098 2138 2152 ergo
2194 2084 2461 2137 convivati
2518 2093 2723 2148 essent,
2783 2094 2831 2137 et
2892 2084 3255 2137 bacchantum
3312 2083 3417 2136 ritu
3459 2081 3572 2136 sal-

2010 2181 2217 2227 tassent
2241 2182 2295 2227 et
2334 2173 2565 2228 choreas
2591 2173 2901 2237 duxissent,
2942 2173 2995 2227 in
3032 2172 3300 2242 festisque
3331 2188 3566 2228 conSue-

2009 2273 2093 2319 tas
2148 2264 2575 2320 exclamationes
2622 2273 3002 2335 usurpassent,
3055 2266 3111 2319 in
3147 2281 3244 2319 vas
3278 2265 3391 2320 oris
3435 2278 3573 2319 con-

2010 2355 2288 2415 tractioris
2346 2356 2611 2410 marinam
2669 2368 2865 2426 aquam
2948 2354 3305 2425 injiciebant,
3357 2363 3412 2409 et
3476 2370 3571 2410 res

2008 2448 2272 2518 quasdam
2297 2449 2365 2502 ad
2434 2463 2879 2519 unumquemque
2937 2462 3126 2503 eorum
3188 2447 3566 2517 pertinentes:

2008 2549 2064 2595 et
2093 2550 2345 2609 tanquam
2394 2540 2569 2608 puella
2598 2540 2688 2593 illa
2718 2554 2747 2592 a
2796 2539 2997 2594 Satana
3048 2538 3356 2594 facultatem
3411 2554 3568 2595 acce-

2010 2632 2182 2702 pisset
2235 2631 2416 2685 futura
2470 2631 2816 2701 praedicendi,
2874 2632 2976 2701 ipsi
3027 2632 3247 2700 quidem
3291 2633 3359 2686 de
3421 2632 3569 2687 bono

2009 2725 2213 2793 aliquo,
2246 2724 2329 2777 vel
2352 2724 2529 2778 etiam
2566 2723 2872 2778 aversando
2903 2738 2966 2777 ac
2997 2722 3257 2794 fugiendo
3280 2724 3563 2793 quopiam,

2010 2815 2395 2886 interrogando
2429 2815 2829 2869 exclamabant.
2862 2813 3046 2869 Puella
3088 2825 3266 2870 autem
3306 2831 3367 2870 ex
3400 2817 3575 2871 rebus

2009 2908 2063 2962 in
2118 2924 2212 2963 vas
2281 2908 2498 2978 injectis
2567 2923 2710 2972 eam,
2782 2922 2903 2977 qua
2957 2907 3261 2971 incidisset,
3310 2908 3564 2963 eductam

2009 3000 2363 3067 ostendebat;
2419 3015 2580 3070 quam
2635 3000 2797 3055 etiam
2852 3000 3125 3069 accipiens
3186 3001 3388 3056 stultus
3445 3000 3565 3073 ejus

335 3087 483 3157 τάχα
514 3086 578 3139 τά
606 3086 690 3139 ἐπ’
726 3085 877 3155 αὑτῷ
913 3085 1243 3155 συνεχθῆναι
1284 3085 1571 3156 μέλλοντα,
1609 3086 1809 3155 εὑτυχῆ
1848 3102 1906 3137 τε

2012 3094 2285 3158 dominus,
2340 3094 2539 3149 certior
2582 3091 2769 3147 forsan
2822 3091 2981 3147 ﬁebat
3032 3091 3099 3149 de
3158 3094 3434 3163 prosperis
3483 3094 3567 3147 vel

336 3180 444 3231 καὶ
482 3177 742 3247 δυστυχῆ.
782 3175 859 3247 Τῇ
908 3175 1172 3245 ἐπαύριον
1210 3175 1264 3228 δέ
1310 3176 1449 3245 μετὰ
1482 3178 1777 3246 τυμπάνων
1816 3182 1908 3229 καὶ

336 3269 523 3342 χορῶν
558 3271 655 3322 σὺν
678 3269 755 3340 τῷ
791 3270 1034 3339 κορασίῳ
1068 3272 1148 3332 εἰς
1187 3271 1311 3333 τοὺς
1346 3270 1629 3337 αίγιαλοὺς
1658 3273 1907 3341 ἀπερχό-

342 3376 522 3429 μενοι,
552 3360 646 3411 καὶ
674 3358 815 3428 ὓδωρ
845 3357 1132 3412 θαλάττιον
1184 3357 1430 3427 ἀφθόνως
1448 3360 1909 3431 ’ἀναλαμϐανόμεο

341 3469 453 3514 νοι,
499 3454 594 3503 τὰς
627 3452 915 3513 κατοικίας
964 3451 1144 3505 αὐτῶν
1174 3451 1462 3521 ἔρραινονο
1500 3454 1591 3503 καὶ
1639 3453 1699 3505 οὐ
1747 3456 1908 3523 μόνον

340 3545 525 3598 ταῦτα
576 3544 863 3597 ἐτελοῦντο
895 3545 1045 3617 παρά
1092 3544 1202 3597 τῶν
1246 3545 1717 3614 εὑσυνετωτέρων,
1774 3546 1909 3600 ἀλλὰ

337 3640 439 3691 καὶ
464 3633 532 3691 δι’
557 3638 685 3708 ὅλης
716 3639 813 3706 τῆς
846 3638 1040 3701 νυκτὸς
1075 3639 1185 3691 ἀπὸ
1228 3638 1423 3708 χόρτου
1460 3640 1734 3710 πυρκαϊὰς
1781 3641 1910 3694 ἀνά-

338 3744 596 3791 πτοντες,
632 3728 848 3797 ἐπήδων
876 3729 1131 3797 ὑπεράνω
1154 3727 1355 3794 αὑτῶν,
1383 3729 1478 3781 καὶ
1505 3728 1909 3798 ἐκλῃδονίζοντο

339 3823 466 3889 ἦτοι
499 3817 859 3890 ἐμαντεύοντο
894 3820 1023 3889 περὶ
1070 3821 1325 3889 εὐτυχίας
1361 3822 1455 3873 καὶ
1497 3820 1789 3889 δυστυχίας
1812 3823 1908 3873 καὶ

337 3909 520 3964 ἄλλων
566 3908 729 3961 τινῶν
776 3908 1170 3979 δαιμονιωδῶς.
1203 3908 1314 3970 Τάς
1346 3908 1403 3961 δέ
1454 3908 1605 3961 ἐνθεν
1646 3909 1903 3962 κάκεῖθεν

340 4003 585 4064 εἰσόδους
615 4002 792 4079 αὐτῶν
852 4002 948 4055 καὶ
1001 4001 1063 4054 τὸ
1110 4001 1381 4071 δωμάτιον
1429 4003 1490 4055 ἐν
1536 3995 1580 4069 ᾧ
1610 4002 1906 4073 ἐτελεῖτοή

340 4096 556 4169 κλῃδὼν
602 4096 698 4148 σὺν
737 4098 849 4159 τοῖς
883 4094 1316 4165 παρακειμένοις
1366 4092 1676 4163 ὑπαίθροις,
1721 4094 1910 4165 χρυσί-

340 4194 500 4254 ζουσι
549 4188 775 4250 πέπλοις
814 4187 909 4240 καὶ
945 4188 1192 4256 σηρικοίς
1227 4186 1603 4256 κατεκόσμουν
1654 4187 1907 4257 ὑφάσμα-

338 4298 449 4333 σιν.
502 4279 661 4332 Ἀλλὰ
723 4279 829 4348 μὴν
860 4278 953 4329 καὶ
1010 4276 1242 4346 φυλλάσι
1296 4276 1528 4345 δένδρων
1568 4280 1905 4347 κατεστεφα-

335 4389 490 4437 νουν,
522 4373 599 4433 είς
627 4372 792 4441 τιμὴν
825 4372 920 4422 καὶ
954 4369 1244 4439 ὑποδοχὴν,
1268 4367 1343 4430 ὡς
1368 4368 1537 4431 ἔοικε,
1569 4368 1663 4420 τοῦ
1684 4372 1901 4441 ρίκειωο

2012 3188 2251 3242 adversis
2302 3203 2365 3241 ex
2419 3202 2484 3241 eo
2537 3187 2833 3242 eventuris.
2891 3186 3161 3241 Postridie
3201 3195 3380 3239 autem
3437 3201 3562 3240 cum

2011 3280 2281 3349 tympanis
2308 3288 2361 3331 et
2396 3278 2578 3333 choris
2611 3294 2717 3332 una
2749 3294 2871 3331 cum
2906 3276 3082 3347 puella
3118 3279 3186 3331 ad
3238 3278 3417 3332 littora
3468 3293 3569 3332 ve-

2010 3372 2244 3433 nientes.
2278 3380 2330 3425 et
2375 3385 2571 3440 aquam
2628 3370 2892 3425 marinam
2941 3368 3160 3440 copiose
3206 3371 3567 3441 accipientes,

2008 3464 2152 3519 aedes
2186 3479 2314 3519 suas
2346 3462 2706 3533 aspergebant
2744 3479 2757 3515 :
2794 3470 2847 3515 et
2886 3477 2913 3513 a
2947 3462 3108 3531 paulo
3145 3460 3570 3531 sapientioribus
3608 3448 3609 3451 “

2009 3558 2123 3612 ham
2155 3572 2263 3611 non
2305 3556 2482 3611 solum
2516 3553 2743 3617 ﬁebant,
2771 3555 2865 3608 sed
2897 3564 2949 3610 et
2986 3570 3080 3631 per
3120 3565 3284 3609 tctam
3343 3561 3559 3608 noctem

2010 3665 2170 3720 rogos
2204 3664 2265 3704 ex
2306 3648 2453 3703 freno
2484 3646 2864 3710 accendentes,
2900 3662 3063 3717 supra
3119 3663 3212 3702 eos
3262 3647 3567 3709 saliebant,

2007 3753 2055 3798 et
2101 3742 2473 3797 Sortiebantur
2505 3756 2598 3797 seu
2637 3739 2953 3795 divinabam
2986 3741 3052 3795 de
3089 3739 3349 3807 felicitate
3393 3752 3443 3795 et
3482 3741 3568 3794 in-

2010 3835 2287 3897 felicitate,
2322 3842 2376 3888 et
2409 3833 2476 3887 de
2508 3832 2840 3903 quibusdam
2874 3834 2996 3888 aliis
3027 3833 3187 3903 plane
3210 3833 3560 3888 tltelnoniaee.

2006 3929 2209 3983 Eorum
2240 3936 2419 3981 autem
2452 3925 2578 3980 hinc
2598 3934 2651 3979 et
2669 3925 2817 3979 illinc
2841 3924 3043 3989 aditus,
3066 3936 3120 3980 et
3148 3925 3561 3989 domunculam,

2007 4023 2062 4075 in
2098 4035 2204 4089 qua
2240 4033 2359 4072 sors
2400 4018 2489 4072 illa
2531 4016 2715 4081 ﬁebat,
2750 4031 2854 4070 una
2888 4032 3011 4070 cum
3052 4017 3122 4071 iis
3171 4020 3271 4070 sub
3306 4018 3395 4073 dio
3425 4017 3564 4072 locis

2008 4126 2129 4180 quae
2171 4125 2335 4181 prope
2364 4120 2539 4173 erant,
2576 4107 2758 4162 aureis
2787 4106 3032 4162 vestibus
3079 4114 3133 4160 et
3178 4108 3402 4162 sericeis
3450 4118 3562 4162 tex-

1962 4226 1967 4231 ί
2008 4204 2153 4257 tibus
2186 4202 2546 4256 exornabant.
2592 4200 2901 4267 Quinetiam
2958 4197 3213 4252 arborum
3286 4197 3433 4253 foliis
3466 4213 3562 4254 co-

2009 4297 2300 4357 rouahant,
2360 4295 2426 4347 ad
2479 4292 2881 4356 honorandum,
2914 4300 2975 4345 ut
3008 4291 3304 4348 verisimile
3354 4299 3459 4353 est,
3508 4303 3563 4346 et

2009 4387 2384 4457 excipiendum
2447 4384 2726 4450 Satanam,
2780 4385 2872 4454 qui
2927 4384 3049 4440 illos
3108 4385 3211 4441 sibi
3265 4384 3562 4440 lamiliares

339 4464 585 4532 σαμένου
612 4462 798 4524 αὐτοῖς
823 4462 1067 4513 Σατανᾶ·
1106 4460 1141 4513 ἃ.
1168 4460 1232 4529 δὴ
1260 4461 1437 4513 πάντα
1466 4463 1493 4513 ό
1526 4461 1711 4532 ῥηθεὶς
1738 4461 1905 4530 ἀγιώο

2006 4456 2278 4531 eﬂ‘ccerat.
2358 4476 2491 4542 Qua:
2545 4476 2760 4545 quidem
2819 4476 3001 4531 omnia
3076 4477 3362 4545 praedictus
3434 4492 3561 4532 sau-

334 4572 502 4618 τατος
540 4556 889 4626 πατριάρχης
926 4554 1063 4623 μετὰ
1092 4553 1271 4623 πάσης
1324 4553 1643 4622 ἐπιμελείας
1695 4571 1904 4625 καταρ-

334 4650 579 4719 γηθῆναι
631 4647 967 4718 ὲπέτρεψεψ
998 4646 1026 4698 ὃ
1075 4648 1169 4699 καὶ
1207 4645 1421 4713 γέγονε.
1463 4646 1571 4698 Καὶ
1626 4645 1723 4699 νῦν
1756 4646 1905 4699 εὐδο-

334 4742 565 4803 κοῦντος
606 4740 741 4794 Θεοῦ
776 4742 843 4793 τά
880 4738 1111 4792 τοιαῦτα
1149 4737 1416 4808 θεοστυγῆ
1463 4736 1601 4808 ἔργα
1624 4739 1904 4801 παντελῶς

335 4834 705 4903 ὴπράκτησαν
727 4848 743 4863 ’
778 4832 853 4895 ὡς
893 4832 1004 4885 τῶν
1025 4833 1081 4883 ἐν
1110 4834 1228 4894 ταῖς
1258 4828 1553 4899 γειτονίαις
1578 4829 1746 4881 όντων
1775 4844 1899 4899 προ-

334 4926 695 4995 κριτωτέρων
748 4924 989 4978 καὶτῶν
1038 4922 1231 4993 ἱερέων
1270 4920 1711 4991 ἐπιτιμηθέντων
1769 4912 1933 4973 MV?

332 5019 504 5080 τοίως
548 5017 859 5089 φροντίζειν
888 5019 985 5071 καὶ
1032 5018 1111 5087 μὴ
1144 5015 1498 5085 παραχωρεῖν
1552 5011 1794 5067 τοιοῦτόν
1850 5029 1902 5065 τι

333 5112 611 5181 γίνεσθαι.
647 5111 857 5164 Γένοιτο
901 5110 959 5162 δὲ
992 5110 1085 5162 καὶ
1116 5108 1215 5174 τὰς
1245 5106 1354 5160 ἀπὸ
1376 5105 1485 5158 τῶν
1529 5104 1780 5174 κορωνῶν
1808 5106 1903 5157 καὶ

333 5205 449 5257 τῶν
480 5205 733 5275 κοράκων
762 5205 856 5256 καὶ
882 5202 991 5255 τῶν
1029 5199 1230 5253 λοιπῶν
1260 5198 1467 5267 ἀγρίων
1514 5196 1667 5261 ζώων
1721 5198 1904 5250 οἰωνο-

337 5296 578 5367 σκοπίας
617 5293 1056 5365 καταργηθῆναι,
1108 5291 1366 5354 ὡσαύτως
1394 5289 1487 5343 καὶ
1512 5290 1606 5352 τὰς
1635 5288 1903 5360 φλυαρίας

331 5393 447 5444 τῶν
471 5389 739 5460 κριτριῶν
766 5391 862 5441 καὶ
883 5390 989 5442 τῶν
1008 5387 1210 5457 ἐτέρων
1232 5383 1567 5439 λαοπλάνων.
1593 5382 1666 5434 Τὸ
1696 5382 1897 5451 μέντοι,

336 5492 581 5559 Διήγαγε
616 5488 686 5542 τά
720 5486 890 5540 τέκνα
921 5480 1087 5539 αὑτοῦ
1121 5485 1180 5537 ἐν
1208 5483 1365 5551 πυρὶ,
1395 5481 1424 5531 ό
1476 5479 1647 5550 μέγας
1692 5477 1929 5549 Κύριλο.

335 5583 449 5646 λος,
479 5581 845 5652 ἐξηγούμενος
898 5579 988 5632 τὸν
1039 5572 1593 5647 προφήτηνἪσαῖαν,
1623 5571 1744 5625 ἀντὶ
1805 5570 1911 5624 τοῦ

345 5673 745 5737 ὐλοκαύτωσε,
775 5674 1133 5743 ἡρμήνευσεν,
1167 5669 1333 5739 ἤγουν
1358 5666 1543 5719 θυσίαν
1574 5662 1895 5735 προσήγαγε

333 5770 447 5830 “toi;
480 5765 753 5836 δαίμοσιν.

2003 4568 2284 4623 rtissimus
2319 4567 2627 4637 patriarcha
2669 4582 2793 4621 cum
2827 4569 2972 4621 omni
3029 4568 3307 4637 diligentia
3376 4571 3561 4637 prohi-

2003 4658 2118 4712 beri
2148 4670 2201 4712 et
2236 4659 2456 4727 penitus
2501 4658 2703 4713 aboleri
2754 4660 3000 4724 curavit;
3049 4660 3194 4729 quod
3228 4668 3282 4713 et
3330 4659 3560 4716 factum.

2003 4750 2068 4804 Et
2095 4765 2260 4814 nunc,
2311 4759 2369 4802 ut
2408 4750 2519 4804 Deo
2564 4750 2813 4818 placuit,
2849 4750 2963 4806 haac
3004 4766 3164 4820 opera
3224 4753 3336 4808 Deo
3384 4754 3561 4808 invisa

2001 4843 2227 4897 omnino
2266 4841 2650 4906 exoleverunt;
2707 4840 2833 4895 ideo
2864 4843 3005 4911 quod
3054 4843 3146 4912 qui
3190 4858 3355 4912 prOpe
3404 4844 3561 4897 habi-

2004 4935 2211 5000 tabant,
2244 4943 2299 4990 et
2329 4933 2545 5003 judices
2595 4942 2648 4988 et
2678 4935 2993 4990 sacerdotes
3027 4945 3331 5006 saepesunt
3377 4952 3560 5004 repre-

2004 5026 2183 5089 hensi,
2223 5034 2275 5081 et
2308 5024 2597 5091 admoniti,
2635 5036 2693 5080 ut
2735 5027 2959 5080 omnino
2994 5034 3252 5081 curarent
3300 5041 3363 5079 ac
3404 5026 3556 5080 vide-

2002 5127 2145 5185 rent,
2183 5135 2249 5173 ne
2283 5118 2414 5188 quid
2457 5118 2563 5173 tale
2598 5119 2769 5173 lieret.
2798 5118 2874 5171 Ac
2921 5120 3125 5172 utinam
3164 5132 3453 5172 corvorum
3504 5127 3562 5171 et

2001 5211 2278 5267 cornicum
2303 5219 2359 5265 et
2390 5209 2717 5279 reliquarum
2752 5210 2992 5264 ferarum
3038 5209 3218 5263 avium
3268 5211 3558 5278 inspectio.

2002 5317 2100 5358 nes
2130 5302 2346 5356 abolitae
2380 5309 2566 5355 essent
2593 5316 2608 5354 :
2640 5299 2890 5355 similiter
2940 5308 3119 5353 autem
3148 5310 3203 5353 et
3244 5302 3555 5353 critriarum

2004 5408 2160 5463 nugae
2190 5404 2243 5447 et
2270 5393 2500 5447 aliorum
2539 5393 2723 5463 populi
2761 5392 3134 5448 seductorum.
3173 5391 3308 5447 illud
3347 5401 3557 5457 autem,

2003 5485 2433 5539 Traduxitlilios
2468 5500 2600 5540 suos
2645 5500 2739 5555 per
2763 5486 2961 5555 ignem,
3010 5499 3239 5554 magnus
3291 5485 3557 5556 Cyrinus;

2002 5576 2322 5647 prophetam
2350 5574 2544 5629 Isaiam
2580 5576 2878 5645 explicans.
2918 5575 3313 5645 interpretatus
3360 5588 3464 5644 est,
3500 5578 3559 5630 in

2004 5671 2322 5723 holocausta
2347 5667 2539 5721 obtulit
2570 5683 2665 5722 seu
2704 5668 3045 5723 sacriﬁcabat
3074 5668 3439 5724 daemonibus.
