4092 6214
529 280 638 347 743

1800 272 2075 332 ΤΗΕΟΙ).
2118 273 2204 331 ΒΑ
2219 273 2236 329 l
2249 270 2516 330 .SAMON

3678 268 3782 365 744

610 391 865 449 ZONAR.
943 390 1253 445 Graecorum
1307 384 1757 456 ethnicorumque
1805 398 2097 442 consuetu-

2268 387 2515 441 ΖΩΝᾹΡ.
2579 386 2717 455 Ἐθη
2782 384 3082 454 Ἑλληνικά
3132 400 3191 436 τε
3243 384 3335 435 καὶ
3398 379 3591 433 ἐθνικὰ
3649 381 3791 432 κατὰ

532 488 698 541 diues
752 500 780 538 a
836 480 1133 550 majoribus
1186 487 1441 545 acceptas
1489 474 1734 529 nonnulli
1784 476 2095 538 servabant,

534 576 807 645 hodieque
854 578 1101 634 servant,
1164 569 1267 624 etsi
1315 566 1441 638 quid
1497 567 1583 630 iis,
1642 581 1761 631 quae
1808 580 1902 633 per
1948 565 2100 633 ipsos

535 678 816 734 geruntur,
867 664 1140 719 indicetur
1188 660 1329 716 haud
1385 659 1520 715 satis
1570 658 1891 727 intelligant.
1970 657 2100 713 Tale

428 780 447 791 κ
541 757 669 810 illud
719 764 834 821 cst,
890 770 1010 809 cum
1060 768 1159 824 pro
1212 751 1421 807 foribus
1477 750 1705 805 oﬁicium
1760 758 1853 803 aut
1907 754 2100 805 domus

536 865 697 918 rogos
746 847 1046 903 incendunt
1094 848 1345 914 saltuque
1396 843 1731 899 transiliunt.
1819 843 1992 912 Atque
2046 843 2097 898 id

534 941 752 1009 quidem
825 947 878 993 et
914 939 1025 993 ﬁeri
1056 947 1201 997 vetat
1241 952 1437 997 canon.
1472 946 1524 989 et
1553 936 1644 1006 qui
1680 935 1866 1009 fecerit
1903 936 2102 989 clerico

537 1029 918 1098 depositionis.
956 1028 1096 1082 laico
1144 1043 1275 1081 vero
1329 1027 1719 1097 segregationis
1766 1006 1976 1095 pcenam
2014 1026 2102 1079 in-

530 1124 730 1192 juugit.
792 1119 997 1179 Deinde
1030 1127 1087 1171 ut
1130 1118 1243 1171 haec
1290 1119 1509 1188 antiqua
1541 1131 1759 1187 quoque
1794 1118 1907 1186 lege
1939 1119 2103 1170 vetita

540 1200 713 1269 fuisse
746 1212 1021 1274 ostendat,
1072 1212 1152 1265 rei
1198 1211 1631 1265 demonstrandae
1675 1211 1767 1263 illa
1815 1226 1881 1264 ex
1913 1220 2105 1279 quarto

553 1310 756 1378 ltegnm
788 1306 1052 1377 protulit:
1125 1304 1193 1357 Et
1224 1303 1508 1358 aediﬁcavit
1542 1301 1817 1356 Manasses
1847 1302 2016 1356 altare
2036 1301 2103 1365 ",

537 1409 719 1467 etquae
735 1406 1058 1467 sequuntur.
1086 1394 1230 1466 Ergo
1244 1395 1405 1465 236
1418 1397 1463 1450 si
1478 1395 1569 1464 qui
1586 1381 1762 1448 minus
1776 1394 2010 1463 perfecta
2028 1395 2108 1448 vi-

539 1491 693 1545 vendi
725 1491 838 1561 lege
864 1490 1209 1552 tenebantur,
1243 1502 1405 1557 prava
1437 1487 1551 1540 haec
1581 1487 1943 1540 nihilominus
1964 1501 2105 1551 esse,

540 1583 744 1653 Deique
794 1582 1131 1636 iracundiam
1198 1579 1399 1634 elicere
1449 1578 1828 1634 arbitrantur:
1901 1587 2107 1648 quanto

2201 481 2502 550 παράδοσιν
2555 479 2781 532 ἐποίουν
2811 479 2984 543 τινὲς,
3013 478 3107 530 καὶ
3132 476 3368 535 ποιοῦσι,
3408 474 3547 544 μηδὲ
3592 473 3799 537 ειδότες

2197 574 2252 625 τί
2309 571 2532 638 δηλοῦσι
2583 572 2654 622 τὰ
2713 570 2984 638 γινόμενα
3042 569 3176 638 παρ’
3224 568 3443 620 αὐτῶν·
3505 560 3619 619 οἷόν
3677 569 3799 620 ἐστι

2201 666 2297 718 καὶ
2336 663 2397 716 τὸ
2429 662 2711 734 πυρκαϊὰς
2754 663 3103 717 ἀνάπτεσθαι
3159 660 3471 731 ἔμπροσθεν
3512 659 3798 731 ἐργαστη-

2203 756 2335 824 ρίων
2394 755 2491 807 καὶ
2541 753 2780 816 οἰκιῶν,
2823 753 2923 806 καὶ
2968 753 3153 806 αὐτῶν
3199 740 3651 819 ὑπεράλλεσθαι..
3687 754 3799 805 Καὶ

2201 846 2360 901 τοῦτο
2411 846 2469 899 δὲ
2516 846 2547 898 δ
2594 845 2779 900 κανὼν
2812 845 3146 916 άπείργνυσι
3190 843 3466 911 γίνεσθαι,
3520 843 3615 896 καὶ
3670 845 3801 907 τοὺς

2200 939 2439 992 τοιοῦτόν
2497 956 2548 991 τι
2610 938 3003 1009 πράσσοντας,
3062 936 3363 1007 κληρικοὺς
3426 936 3526 1013 μεν
3592 935 3797 998 ὄντας,

2202 1033 2473 1103 καθαιρεῖ,
2530 1032 2759 1094 λαῑκοίδς
2807 1033 2888 1091 δὲ.
2924 1032 3204 1102 ἀφορίζει.
3256 1025 3395 1083 Εἶτα
3441 1029 3662 1092 δεικνὺς
3713 1032 3800 1083 ὅτι

2206 1124 2637 1195 ἀπηγορευμένα
2661 1126 2771 1177 εἰσὶ
2795 1124 2977 1177 ταῦτα
3011 1125 3104 1175 καὶ
3132 1123 3208 1190 τῷ
3244 1122 3597 1193 παλαιοτέρῳ
3620 1123 3795 1192 νόμῳ,

2205 1218 2269 1269 ἐκ
2324 1217 2424 1284 τῆς
2468 1217 2740 1286 τετάρτης
2801 1217 2912 1268 τῶν
2979 1214 3281 1268 Βασιλειῶν
3332 1216 3639 1285 ἐποιήσατο
3699 1215 3799 1284 τὴν

2206 1307 2480 1372 ἀπόδειξιν
2507 1306 2784 1386 ,λεγούσης
2814 1323 2832 1342 ’
2900 1326 2915 1358 ι
2956 1307 3065 1360 Καὶ
3117 1306 3436 1376 ᾠκοδόμησε
3494 1299 3802 1374 Μανασσῆξ

2209 1401 2616 1470 θυσιαστήριον,
2666 1418 2683 1449 ι
2724 1400 2818 1451 καὶ
2864 1400 2933 1451 τά
2972 1399 3191 1466 ἐφεξῆς.
3231 1399 3300 1451 El
3347 1398 3444 1451 οὖν
3500 1400 3657 1467 παρὰ
3690 1404 3801 1463 τοῖς

2209 1494 2301 1545 τὸν
2348 1492 2704 1562 ἀτελέστερον
2746 1492 3067 1561 δεξαμένοις
3114 1492 3282 1560 νόμον
3344 1493 3523 1545 ταῦτα
3583 1493 3804 1562 πονηρὰ

2211 1583 2409 1645 ἐδόκει,
2467 1585 2563 1637 καὶ
2599 1586 2679 1647 εἰς
2726 1584 2897 1654 ὀργὴν
2956 1583 3187 1654 Κυρίου,
3246 1583 3401 1653 πόσῳ
3457 1584 3668 1652 μᾶλλον
3714 1585 3801 1654 ἐφ’

539 1677 712 1746 magis
762 1692 822 1732 ea
875 1690 1050 1739 IIODIS,
1106 1676 1198 1742 qui
1254 1673 1425 1742 magis
1460 1671 1775 1741 perfectam,
1829 1672 2106 1740 magisque

2210 1676 2363 1744 ἡμῖν,
2424 1677 2536 1736 τοῖς
2593 1674 2687 1726 τὸν
2732 1673 3064 1751 τελεώτερον
3113 1674 3209 1725 καὶ
3269 1676 3804 1743 πνευματικώτερον

544 1769 881 1836 spiritualem
918 1769 1092 1837 legem
1126 1767 1460 1836 accepimus,
1504 1773 1557 1819 et
1604 1764 1787 1834 iniqua
1821 1771 1876 1818 et
1920 1765 2106 1818 incon-

2214 1766 2595 1837 παραλαϐοῦσι
2636 1765 2823 1834 νόμον,
2875 1763 3298 1833 άθεσμα.·ταῦτα
3328 1765 3425 1816 καὶ
3477 1766 3803 1833 ἀπηγορευ-

539 1875 693 1914 cessa
725 1858 892 1911 videri
926 1856 1165 1910 debent?
1225 1855 1404 1910 Verba
1441 1868 1601 1923 porro
1628 1851 1741 1915 illa,
1771 1851 1838 1905 Et
1864 1850 2106 1905 traduxit

2215 1862 2351 1930 μένα
2378 1856 2691 1931 λογίζεσθαι
2750 1857 2900 1927 κρῆς
2963 1856 3038 1908 Τὸ
3102 1857 3181 1918 δὲ,
3246 1874 3265 1907 ι
3304 1855 3419 1908 Καὶ
3468 1856 3709 1925 διήγαγε
3731 1856 3802 1910 τά

542 1952 683 2003 filios
734 1964 863 2004 suos
922 1964 1016 2016 per
1080 1948 1347 2017 ignem“,
1407 1945 1569 2013 hujus
1630 1945 1847 2015 quidem
1908 1944 2102 2014 synodi

541 2043 729 2095 Patres
764 2040 1020 2094 videntur
1050 2040 1319 2109 accipere,
1372 2052 1470 2107 pro
1516 2038 1620 2102 his,
1666 2036 1937 2089 transilire
1983 2035 2109 2090 fecit

543 2138 719 2207 ignem
779 2148 1095 2187 accensum.
1174 2131 1403 2202 Magnus
1468 2132 1595 2185 vero
1632 2128 1893 2208 .Cyrillus
1953 2129 2106 2193 illud,

542 2229 778 2281 traduxit
809 2227 947 2280 ﬁlios
973 2241 1104 2281 suos
1128 2241 1221 2293 per
1250 2228 1449 2297 ignem.
1478 2225 1580 2279 hoc
1600 2235 1707 2283 est.
1731 2223 2106 2278 holocaustum

542 2322 737 2395 obtulit
785 2318 1127 2373 dmmonibus
1176 2319 1517 2381 sacriﬁcans,
1570 2317 1950 2385 interpretatus
2002 2324 2105 2370 est.

544 2412 615 2467 Ita
645 2413 733 2467 ille
766 2414 819 2465 in
854 2412 967 2467 suis
993 2412 1045 2464 in
1079 2409 1272 2465 Isaiam
1295 2408 1715 2464 commentariis.
1777 2406 1841 2460 Et
1869 2406 2108 2461 sortibus

547 2523 677 2561 usus
707 2516 811 2560 est.
867 2503 1000 2559 Sors
1035 2515 1214 2557 autem
1245 2512 1348 2565 est,
1387 2520 1508 2556 cum
1543 2517 1637 2571 per
1670 2501 1823 2568 signa
1860 2501 2105 2571 quaedam

546 2600 768 2652 fortuna
824 2596 1131 2666 cujuspiam
1180 2595 1546 2650 iufortuniave
1600 2596 1912 2663 indagatur;
1963 2593 2106 2663 quod

547 2692 761 2759 quidem
811 2690 915 2745 hoc
974 2702 1189 2760 quoque
1247 2699 1487 2756 tempore
1540 2688 1817 2743 nonnullis
1878 2688 2107 2742 fortuna!

548 2798 659 2837 suae
692 2781 1078 2851 cognoscenda:
1111 2782 1324 2850 cupidis
1359 2792 1441 2836 est
1476 2786 1755 2835 usitatum.
1824 2781 1886 2833 Et
1917 2781 2108 2835 uteba-

550 2887 639 2930 tur
689 2875 971 2945 auspiciis.
1038 2875 1351 2943 Auspicium
1389 2889 1516 2927 vero
1558 2881 1661 2937 est,
1718 2887 1838 2925 cum
1894 2872 2109 2926 volatus

550 2971 728 3023 avium
765 2968 908 3038 (nam
940 2982 1066 3022 aves
1102 2980 1365 3020 vocantur
1388 2965 1628 3034 οἰωνοὶ),
1662 2964 1882 3032 clangor
1910 2975 1959 3017 et
2004 2966 2107 3018 alia

552 3059 861 3130 huiusmodi
885 3059 1269 3114 observantur:
1295 3072 1414 3127 quae
1430 3056 2106 3110 observatiooiwvocxonia

550 3169 577 3205 a
629 3151 831 3207 Graecis
875 3152 1038 3215 dicta,
1091 3151 1434 3218 maximoque
1486 3148 1612 3201 olim
1658 3148 1710 3201 in
1764 3147 1969 3201 honore
2002 3157 2111 3200 tota

551 3245 663 3297 haec
708 3243 1074 3312 auspiciorum
1126 3241 1266 3293 ratio
1318 3239 1457 3308 apud
1493 3238 1764 3292 Romanos
1795 3237 1977 3291 habita
2006 3245 2109 3291 est.

551 3336 794 3389 Militiam
831 3349 993 3403 porro
1023 3334 1149 3388 εαξη
1189 3332 1374 3387 stellas
1410 3329 1665 3397 intelligo.

556 3425 778 3481 AKIST.
825 3446 843 3477 ι
883 3425 1039 3494 Rogi,
1066 3425 1157 3495 qui
1194 3421 1555 3477 noviluuiisiu
1579 3420 1802 3474 ollicinis
1826 3428 2115 3474 exstruun-

630 3540 647 3571 ι
697 3529 808 3585 tur,
836 3531 891 3575 et
919 3521 1009 3590 qui
1039 3534 1133 3573 eos
1166 3516 1500 3580 transiliunt,
1534 3514 1886 3585 abrogcntur.
1918 3531 1936 3564 ι
1970 3532 1973 3535 λ

628 3701 858 3768 Quidam
912 3713 1095 3754 coram
1147 3696 1376 3750 oﬁicinis
1422 3693 1741 3748 domibusve
1796 3692 1909 3748 suis
1956 3709 2116 3765 rogos

548 3794 931 3861 arcendentes,
988 3792 1068 3847 eis
1096 3790 1251 3860 juxta
1276 3789 1551 3857 antiquam
1578 3785 1866 3856 quamdam
1889 3802 2118 3842 consue-

552 3884 792 3939 tudinem
852 3882 1182 3939 insiliebant.
1268 3880 1336 3935 Et
1394 3878 1523 3933 illud
1580 3864 1857 3932 aboléntes
1908 3878 2114 3942 Patres,

543 3975 756 4040 juhent,
791 3973 934 4043 quod
979 3970 1025 4027 si
1058 3971 1277 4041 quidem
1308 3968 1541 4024 clericus
1574 3967 1885 4021 inveniatur
1913 3968 2115 4038 aliquid

545 4065 817 4134 ejusmodi
876 4065 1119 4130 faciens,
1182 4062 1523 4133 deponetur:
1583 4060 1628 4113 si
1688 4060 1861 4114 laicus
1913 4070 2115 4126 autem,

549 4160 944 4232 segregabitur.
1025 4156 1161 4212 Nam
1213 4164 1267 4210 et
1313 4153 1589 4209 Manasses
1624 4168 1719 4223 per
1765 4152 1940 4224 ignem
1979 4154 2116 4208 ﬁlios

543 4269 677 4309 suos
724 4254 1039 4318 traducens,
1092 4261 1146 4306 et
1176 4251 1418 4322 auguriis
1453 4264 1604 4314 usus,
1672 4246 1837 4302 Deum
1880 4248 1945 4303 ad
1981 4248 2114 4302 iram

543 4346 880 4415 provocavit.

1084 4431 1321 4490 CANON
1384 4431 1566 4487 LXVI.

545 4547 571 4579 ιι
588 4531 623 4579 Δ
646 4539 833 4583 sancta
851 4527 1051 4582 Christi
1080 4527 1172 4581 Dei
1202 4526 1372 4580 nostri
1397 4523 1811 4581 resurrectionis
1829 4523 1915 4579 die
1937 4538 2111 4594 usque

621 4640 639 4671 ι
688 4622 753 4674 ad
785 4636 984 4675 novum
1018 4618 1383 4683 Dominicum,
1420 4625 1531 4672 tota
1566 4616 1869 4687 septimana
1902 4617 1952 4669 in
1982 4632 2107 4671 san-

618 4732 639 4763 τ
686 4714 792 4766 ctis
843 4711 1092 4765 ecclesiis
1146 4725 1342 4764 vacare
1390 4709 1575 4765 ﬁdeles
1636 4709 1841 4780 jugiter
1899 4706 2113 4778 Oportet

624 4824 641 4855 ι
690 4804 913 4875 psalmis
962 4815 1014 4857 et
1054 4803 1265 4875 hymnis
1318 4813 1373 4858 et
1428 4802 1811 4873 Spiritualibus
1859 4803 2108 4868 canticis,

624 4915 639 4945 ‹
691 4897 742 4948 in
793 4893 1014 4949 Christo
1060 4892 1357 4964 gaudentes
1407 4893 1714 4962 festumque
1748 4892 2109 4958 celebrantes,

624 5007 641 5036 ι
690 4996 744 5042 et
792 4986 1096 5041 divinarum
1148 4983 1550 5055 Scripturarum
1604 4984 1821 5038 lectioni
1876 4995 2110 5039 mentem

624 5101 639 5131 ι
689 5081 1040 5143 adhibentes,
1093 5086 1148 5133 et
1203 5078 1408 5133 sanctis
1455 5078 1724 5147 mysteriis
1766 5077 2007 5146 jucunde
2058 5086 2112 5132 et

625 5189 642 5221 ι
690 5173 831 5225 laute
880 5168 1142 5224 fruentes.
1222 5167 1315 5222 Sic
1361 5167 1505 5222 enim
1562 5182 1684 5221 cum
1736 5166 1956 5221 Christo
2011 5182 2117 5223 una

626 5283 641 5313 ι
688 5277 1034 5332 resurgemus
1116 5270 1171 5316 et
1247 5260 1632 5316 exaltabimur.
1766 5259 2118 5330 Nequaquam

626 5373 643 5403 ι
691 5370 819 5425 ergo
886 5354 1159 5423 praedictis
1219 5353 1414 5408 diebus
1465 5366 1727 5423 equorum
1784 5366 1981 5409 cursus
2039 5351 2121 5408 vel

612 5464 646 5527 _r
690 5447 909 5517 aliquod
943 5446 1216 5515 publicum
1249 5446 1340 5499 fiat
1369 5445 1762 5515 spectaculum.
1793 5462 1813 5497 ι

564 5702 573 5717 ἠ
624 5708 671 5745 σε
710 5709 775 5767 ιν
802 5707 933 5781 Reg.
964 5727 1117 5775 unt,
1157 5711 1240 5765 l2.
1317 5710 1450 5765 "IV
1486 5710 1614 5782 Reg.
1639 5727 1751 5778 ut,
1787 5713 1843 5767 6.

2210 1954 2373 2006 τέκνα
2401 1951 2565 2004 αὑτοῦ
2586 1953 2643 2004 ἐν
2670 1951 2821 2021 πυρὶ,
2863 1969 2881 2003 ι
2940 1950 2991 2003 οἱ
3046 1948 3148 2021 μὲν
3188 1947 3287 2019 τῆς
3319 1949 3545 2003 συνόδου
3584 1950 3799 2016 ταύτης

2212 2046 2451 2116 ῐΙατέρες
2484 2045 2694 2098 ἐοίκασι
2722 2044 2911 2113 νοῆσαι
2939 2044 3062 2097 ἀντὶ
3080 2042 3196 2103 τοῦ,
3237 2042 3596 2113 Ὑπερπηδᾷν
3622 2044 3801 2097 ἐποίει

2208 2138 2269 2190 τὸ
2319 2139 2693 2206 ἀναπτόμενον
2726 2120 2873 2208 πῦρ.
2939 2136 2998 2189 Ὁ
3054 2135 3111 2189 δέ
3176 2134 3352 2208 μέγας
3414 2135 3793 2206 Κύριλλοςτὺ,

2215 2249 2234 2283 ι
2269 2231 2506 2301 Διήγαγε
2530 2228 2777 2282 τὰτέκνα
2815 2227 2980 2281 αὑτοῦ
3014 2229 3072 2280 ἐν
3094 2228 3246 2299 πυρὶ,
3283 2246 3300 2278 ι
3330 2228 3452 2280 ἀντὶ
3481 2228 3601 2295 τοῦ,
3642 2228 3793 2281 Ὠλο⁴

2209 2323 2510 2385 καύτωσεν,
2559 2321 2902 2391 ἡρμήνευσε,
2950 2319 3145 2383 θυσίας
3189 2323 3485 2389 προσάγων
3516 2324 3633 2385 τοῖς
3678 2322 3798 2375 δαί-

2213 2432 2359 2485 μοσι.
2388 2413 2561 2467 Τοῦτο
2587 2412 2644 2466 δὲ
2674 2414 2768 2465 τὸν
2815 2413 3047 2466 Ἡσαΐαν
3070 2412 3235 2484 φησὶν
3264 2412 3651 2484 ἐξηγούμενος.
3687 2415 3797 2468 Kal.

2208 2504 2601 2576 ἐκλῃδονίζετο.
2638 2504 2863 2576 κλῃδὼν
2910 2504 3132 2571 λέγεται
3184 2508 3247 2557 rb
3290 2504 3377 2557 διά
3407 2521 3576 2559 τινων
3607 2507 3793 2575 ζητεῖν

2207 2599 2406 2667 γνῶναι
2457 2598 2507 2652 εί
2552 2596 2732 2668 μέλλοι
2769 2615 2852 2661 τις
2906 2598 3258 2670 εὐπραγῆσαι
3302 2598 3335 2669 ἢ
3378 2598 3793 2671 δυσπραγῆσαι,

2206 2684 2293 2743 οἷα
2340 2688 2435 2744 καὶ
2477 2688 2571 2742 νῦν
2605 2690 2818 2742 ποιοῦσί
2857 2704 3002 2752 τινες
3040 2688 3285 2750 θέλοντες
3342 2690 3442 2757 τὴν
3486 2691 3661 2761 τύχην
3699 2692 3795 2762 τὴν

2210 2780 2344 2834 ίδίαν
2390 2760 2746 2849 καταμαθεῖν.
2771 2779 2881 2833 καὶ
2907 2778 3203 2843 οίωνίζετο.
3240 2760 3563 2850 Οίωνισμὸς
3585 2782 3632 2833 δ’
3675 2760 3795 2834 ἐστι

2208 2874 2267 2927 τὸ
2314 2874 2597 2945 ἐπιτηρεῖν
2628 2874 2726 2932 τὰς
2752 2873 2861 2926 τῶν
2909 2873 3111 2943 ὀρνέων
3162 2877 3392 2943 πτήσεις
3424 2892 3437 2904 ·
3464 2875 3648 2927 οἰωνοὶ
3682 2883 3791 2944 γὰρ

2207 2968 2275 3021 τά
2317 2955 2493 3037 ὄρνεα
2531 2964 2781 3033 λέγονται
2812 2981 2827 2995 '
2860 2966 2952 3019 καὶ
2996 2965 3095 3028 τὰς
3136 2967 3316 3019 αὐτῶν
3366 2965 3637 3035 κλαγγὰς.
3695 2969 3795 3021 καὶ

2210 3057 2435 3112 τοιαῦτά
2481 3074 2625 3122 τινα,
2673 3056 2708 3111 ἃ
2758 3057 2851 3111 καὶ
2903 3058 3287 3112 οἱωνοσκοπίαι
3336 3058 3486 3125 παρὰ
3513 3061 3626 3121 τοῖς
3657 3059 3793 3112 Ἐλο

2214 3151 2369 3221 λησιν
2419 3150 2787 3220 ὠνομάζοντο,
2842 3150 2937 3205 καὶ
2990 3153 3049 3204 ἐν
3098 3151 3247 3216 τάξει
3296 3151 3463 3220 τιμῆς
3522 3154 3796 3220 μεγίστης

2212 3241 2245 3307 ὴ
2298 3238 2697 3308 οίωνοσκοπικὴ
2743 3238 2895 3309 παρὰ
2937 3238 3237 3308 Ῥωμαίοις
3278 3238 3575 3305 λελογιστο.
3623 3240 3796 3309 Στραο

2211 3332 2331 3383 τιάν
2350 3330 2407 3385 δὲ
2431 3330 2525 3383 τοῦ
2558 3330 2784 3401 οὐρανοῦ
2816 3331 2941 3393 τοὺς
2969 3331 3204 3401 ἀστέρας
3227 3331 3465 3401 νοητέον.

2213 3421 2431 3476 ΑΡΙΣΤ.
2496 3440 2515 3474 ι
2557 3424 2623 3474 Αἱ
2675 3423 2733 3475 ἐν
2785 3425 2897 3485 τοῖς
2947 3422 3328 3493 ἐργαστηρίοις
3363 3424 3421 3474 ἐν
3468 3425 3796 3495 νουμηνίαις

2292 3536 2310 3568 ι
2352 3517 2620 3588 πρκαῖαὶ
2675 3512 2774 3569 καΐ
2831 3517 2881 3568 οἱ
2941 3514 3143 3578 ταύτας
3199 3515 3626 3587 ὑπεραλλόμενοι
3662 3534 3795 3571 κατ·

2182 3668 2189 3671 _
2288 3629 2306 3662 ι
2350 3610 2747 3682 αργείσθωσαν.
2790 3629 2810 3662 ι

2285 3705 2465 3769 Τινὲς,
2510 3703 2819 3775 ἔμπροσθεν
2870 3703 2977 3756 τῶν
3002 3702 3377 3775 ἐργαστηρίων
3406 3702 3437 3772 ἢ
3469 3704 3577 3755 τῶν
3624 3706 3795 3758 οἴκων

2215 3794 2491 3863 πυρκαϊὰς
2519 3793 2949 3859 ὑπανάπτοντες,
2975 3795 3032 3845 ἐν
3064 3793 3254 3855 αὑταῖς
3284 3792 3428 3845 κατά
3471 3809 3523 3845 τι
3564 3794 3793 3863 ἀρχαῖον

2217 3882 2338 3946 ἔθος
2387 3884 2624 3953 ἐπήδων.
2675 3884 2787 3936 Ka't
2818 3885 3217 3954 καταργοῦντες
3260 3884 3392 3937 αὐτὸ
3444 3885 3493 3937 oi
3545 3885 3794 3956 Πατέρες

2215 3976 2641 4045 προστάττουσιν
2692 3976 2803 4041 ὡς,
2858 3978 2905 4028 εί
2963 3976 3061 4045 μὲν
3116 3977 3379 4046 κληρικδς
3433 3976 3794 4047 εὑρεθήσεται

2214 4068 2453 4121 τοιοῦτόν
2474 4085 2527 4120 τι
2558 4067 2834 4139 πράττων,
2881 4067 3341 4139 καθαιρεθήσεται
3371 4084 3388 4100 ο
3416 4070 3463 4120 εί
3493 4069 3549 4121 δὲ
3575 4068 3788 4133 λαῖκδς,

2214 4148 2666 4229 ἀφορισθήσεται.
2705 4159 2813 4211 Καὶ
2859 4159 2968 4229 γάρ
3014 4162 3042 4212 ὁ
3094 4159 3396 4228 Μανασσῆς
3444 4160 3502 4212 ὲν
3550 4160 3689 4230 πυρὶ
3719 4162 3791 4213 τά

2214 4253 2383 4305 τέκνα
2444 4250 2613 4305 αὑτοῦ
2661 4251 2960 4320 διαγαγὼν,
3016 4252 3111 4305 καὶ
3162 4250 3585 4322 οἰωνιζόμενος,
3647 4268 3792 4323 παρ-

2215 4347 2415 4419 ώργισε
2458 4346 2548 4401 τὸν
2582 4346 2733 4401 Θεόν.
3048 4372 3051 4383 γ

2799 4440 3035 4494 ΚΑΝΩΝ
3056 4438 3192 4506 Ξςκ

2219 4552 2236 4585 ι
2290 4532 2421 4587 Ἀπὸ
2452 4532 2549 4602 τῆς
2586 4532 2746 4601 άγίας
2794 4532 3166 4600 άναστασίμου
3215 4530 3451 4603 Χριστοῦ
3501 4531 3594 4584 τοῦ
3650 4531 3788 4585 Θεοῦ

2287 4644 2304 4675 ι
2350 4623 2507 4693 ἡμῶν
2572 4623 2787 4694 ἡμέρας
2846 4627 3007 4693 μέχρι
3068 4624 3167 4692 τῆς
3234 4621 3430 4691 καινῆς
3494 4622 3787 4692 Κυριακῆς

2292 4737 2309 4767 ι
2351 4718 2448 4786 τὴν
2480 4716 2608 4787 ὃλην
2639 4715 2907 4787 ἐὸδομάδα
2951 4718 3008 4767 ἐν
3057 4717 3177 4777 ταῖς
3223 4713 3401 4781 ἁγίαις
3464 4713 3789 4784 ἐκκλησίαις

2294 4829 2313 4860 ι
2359 4806 2643 4878 σχολάζειν
2672 4807 2753 4860 δεῖ
2796 4804 3218 4875 ἀπαραλείπτως
3270 4804 3400 4865 τοὺς
3446 4802 3699 4865 πιστοὺς,
3729 4802 3789 4853 ἐν

2299 4923 2315 4953 ι
2357 4904 2593 4972 ψαλμοῖς
2647 4900 2745 4954 καὶ
2798 4898 2990 4969 ὕμνοις
3040 4898 3135 4952 καὶ
3164 4897 3327 4969 ᾠδαῖς
3380 4898 3788 4965 πνευματικαῖς

2298 5009 2314 5039 ι
2357 4987 2817 5058 εὐφραινομένους
2860 4985 3081 5055 Χριστῷ
3124 4985 3219 5039 καὶ
3257 4981 3643 5055 ἑορτάζοντας,
3691 4982 3786 5036 καὶ

2226 5146 2233 5153 δ
2296 5096 2316 5131 ι
2358 5079 2423 5147 τῇ
2473 5076 2582 5129 τῶν
2610 5076 2770 5129 θείων
2798 5076 3035 5146 Γραφῶν
3055 5074 3359 5143 ἀναγνώσει
3387 5074 3784 5144 προσέχοντας,

2298 5188 2316 5221 ι
2359 5167 2453 5221 καὶ
2509 5168 2618 5221 τῶν
2680 5168 2851 5236 ἁγίων
2905 5166 3222 5239 μυστηρίων
3294 5166 3784 5236 κατατρυφῶντας.

2301 5279 2319 5312 ι
2372 5260 2638 5331 Ἐσόμεθα
2666 5260 2773 5332 γάρ
2804 5258 2947 5313 οὕτω
2971 5258 3189 5331 Χριστῷ
3234 5258 3682 5329 συνανιστάμενοί
3720 5274 3783 5311 τε

2302 5373 2319 5405 ι
2362 5358 2453 5405 καὶ
2512 5351 2992 5422 συνανυψοὺμενοι.
3055 5350 3335 5421 Μηδαμῶς
3394 5348 3487 5403 οὖν
3547 5350 3608 5402 ἐν
3659 5348 3777 5407 ταῖς

2298 5464 2315 5496 ι
2362 5442 2753 5514 προκειμέναις
2792 5442 3024 5513 ἡμέραις
3051 5442 3383 5514 ἱπποδρομία
3407 5442 3442 5513 ἢ
3485 5439 3647 5511 ἑτέρα
3681 5437 3786 5509 δη·-

2298 5554 2316 5586 ι
2362 5535 2543 5607 μώδης
2573 5535 2669 5589 θέα
2703 5534 3072 5590 ἐπιτελείσθω.
3111 5553 3129 5586 ι
