4092 6214
389 336 494 396 745

1292 320 1414 389 ἸΝ
1450 324 1616 387 CAN.
1686 323 1897 394 LXVII
1930 321 2149 394 CONC.
2181 321 2263 381 ΙΝ
2295 321 2621 382 TRULLO.

3519 321 3626 384 746

455 447 652 501 ΒΑΛΣ.
689 446 776 508 Ὠς
805 445 904 516 μία
933 442 1292 514 Κυριὼνυμος
1316 441 1497 511 ἡμέρα
1513 436 1786 504 λογίζεται
1812 436 1954 487 κατὰ

2127 433 2323 490 BALS.
2377 433 2658 505 Tanquam
2685 449 2826 490 unus
2852 433 2970 490 dies
2993 434 3310 490 Dominicus
3331 448 3423 506 per
3445 439 3626 490 omnia

385 540 565 594 πάντα
617 541 651 607 ἡ
699 539 834 610 μετὰ
875 539 975 606 τὴν
1026 533 1189 600 ἁγίαν
1249 532 1550 586 ἀνάστασιν
1599 528 1690 580 τοῦ
1745 526 1950 596 Κυρίου

385 632 484 686 καὶ
527 629 662 684 Θεοῦ
713 635 806 682 καὶ
853 625 1303 698 Σωτῆροςηὴμῶν
1364 621 1538 694 Ἰησοῦ
1569 619 1803 691 Χριστοῦ
1827 619 1954 688 τρέ-

385 738 556 793 χουσα
605 719 862 789 ἑϐδομὰς,
922 718 1062 772 κατὰ
1117 717 1173 770 δὲ
1226 716 1284 768 τὸ
1342 715 1416 785 μὴ
1475 715 1602 782 γόνυ
1656 714 1953 781 κάμπτειν,

388 814 483 866 καὶ
542 815 574 881 ὴ
630 812 728 880 ὅλη
778 810 1158 880 Πεντηκοστὴ.
1199 809 1352 861 Ἐπεὶ
1380 807 1436 859 δὲ
1461 806 1652 876 ἑορτῆς
1705 804 1797 858 καὶ
1848 819 2000 856 πα-κ

384 904 670 974 νηγύρεως
719 903 942 971 ἀφορμὴ
967 903 1276 969 ἑνομίζοντό
1299 916 1440 952 τισιν
1472 901 1527 952 αί
1574 896 1953 968 ἱπποδρομίαι,

385 997 524 1066 πρὸς
553 997 608 1049 δὲ
666 997 760 1047 καὶ
793 995 847 1047 αἱ
899 995 1053 1047 ἄλλαι
1095 993 1388 1063 δημοτικαὶ
1437 989 1786 1058 παιγνιώδεις
1813 988 1953 1051 θέαι,

382 1090 710 1158 διωρίσαντο
754 1088 820 1138 οἱ·
854 1084 1097 1156 Ιιατὲρες
1145 1086 1218 1154 μὴ
1271 1083 1446 1146 οὕτως
1479 1079 1758 1153 ἑορτάξειν
1807 1082 1954 1151 ἡμᾶς

385 1185 528 1234 κατὰ
563 1163 768 1249 ταύτην
803 1178 903 1248 τὴν
948 1176 1253 1247 πασχάλιον
1305 1175 1593 1245 ἑϐδομάδα,
1648 1174 1784 1226 ἀλλὰ
1833 1173 1954 1224 θεο-

384 1251 557 1340 ιριλῶς
598 1275 693 1323 καὶ
750 1271 891 1323 κάτὰ
935 1276 994 1321 τὸ
1035 1269 1256 1321 δυνατὸν
1305 1268 1664 1337 ἁγιοπρεπῶς
1715 1265 1956 1336 δηλονότι

385 1364 671 1435 σχολάζειν
714 1365 772 1414 ὲν
811 1365 934 1425 ταῖς
985 1361 1326 1430 ἐκκλησίαις,
1381 1362 1471 1413 καὶ
1502 1358 1590 1412 διὰ
1635 1358 1742 1410 τῶν
1796 1356 1956 1411 θείων

381 1456 836 1525 ψαλτῳδημὰτων
888 1455 1290 1524 κορέννυσθαιο
1345 1453 1441 1505 καὶ
1495 1443 1569 1513 ὥς
1626 1450 1725 1520 ἤδη
1774 1449 1958 1514 ἀξίους

384 1549 719 1617 γενομένους
770 1547 1030 1615 ἑορτάσαι
1082 1546 1180 1616 τὴν
1213 1537 1307 1598 τοῦ
1371 1544 1578 1614 Κυρίου
1636 1543 1954 1607 ἀνάστασιν,

384 1641 748 1710 κατατρυφᾷν
808 1638 917 1690 τῶν
988 1637 1152 1690 θείων
1206 1637 1542 1707 μυστηρίων,
1605 1636 1700 1687 καὶ
1759 1650 1956 1688 συναν.

387 1730 638 1783 ίσταςθαι
698 1728 775 1798 τῷ
813 1729 1157 1789 ·άναστάντι,
1223 1726 1319 1779 καὶ
1363 1727 1509 1796 ἡμᾶς
1565 1727 1646 1788 εἰς
1697 1726 1958 1796 οὐρανοὺς

382 1821 734 1888 ἀνυοζιὼσαντι
763 1859 777 1880 ,
829 1818 1052 1888 Χριστῷ
1100 1817 1179 1885 τῷ
1241 1817 1359 1886 Θεῷ
1409 1816 1587 1886 ἡμῶν.
1641 1817 1956 1910 Σημείωσαι
1993 1797 2036 1855 Β

381 1911 479 1968 (ὗν
535 1914 614 1965 ὅτι
676 1914 876 1972 πάντες
934 1911 984 1962 οί
1037 1911 1222 1963 πιστοὶ
1273 1909 1578 1978 ὀφείλουσιν
1630 1912 1690 1963 ἑν
1744 1909 1959 1977 ἑτοιμό-

381 2021 510 2075 τητι
553 1999 693 2058 εἶναι
739 2003 835 2056 τοῦ
882 2002 1326 2073 μεταλαμϐάνειν
1373 2002 1484 2056 τῶν
1531 2002 1704 2070 ἁγίων
1756 2018 1962 2072 μυστη-

386 2101 520 2168 ρίων
568 2097 690 2150 καθ’
747 2097 1025 2163 ἑκάστην,
1105 2096 1154 2147 εί
1204 2095 1465 2163 δυνατὸν,
1521 2092 1704 2156 καθὼς
1757 2095 1852 2147 καὶ
1902 2096 1959 2146 ἑν

384 2181 596 2259 ἑτέροις
639 2190 829 2240 κανόσι
882 2187 1041 2239 τοῦτο
1098 2186 1446 2256 προείρηται.
1495 2185 1601 2238 Τοῦ
1647 2185 1705 2239 δὲ
1737 2188 1961 2249 κανόνος

381 2280 562 2336 ταῦτα
606 2279 1007 2350 διοριζομένου,
1044 2278 1310 2348 ἐρωτήσει
1340 2288 1444 2344 τις,
1491 2279 1540 2330 οἱ
1589 2279 1956 2348 χειρωνάκται

388 2377 531 2444 μετὰ
585 2374 684 2443 τὴν
729 2372 924 2441 τρίτην
985 2372 1082 2440 τῆς
1153 2370 1445 2440 ἑϐδομάδος
1497 2370 1704 2439 ταύτης
1757 2372 1826 2423 τὰ
1876 2374 1958 2425 ol-

385 2468 513 2519 κεῖα
562 2465 886 2534 ἐργάζονται
946 2467 1278 2533 ἑργόχειρα;
1314 2463 1540 2534 Νομίζω
1581 2462 1677 2517 οὖν
1723 2466 1803 2516 ὅτι
1858 2482 1958 2518 κα-

384 2559 505 2621 κῶς
556 2557 716 2610 τοῦτο
768 2557 1006 2611 ποιοῦσι.
1062 2555 1178 2610 Κᾶν
1234 2562 1341 2626 γάρ
1386 2557 1494 2610 ἀπὸ
1541 2557 1632 2611 τοῦ
1694 2558 1959 2628 παρόντος

385 2653 615 2713 κανόνος
671 2651 732 2702 οὐ
789 2649 1109 2711 κολάζονται
1163 2650 1212 2701 oi
1265 2647 1407 2702 οὕτω
1459 2648 1559 2718 τὴν
1611 2651 1806 2720 ἑορτὴν
1859 2669 1957 2703 κα-

383 2743 698 2805 ταλύοντες,
725 2742 841 2795 ἀλλ’
882 2742 991 2796 άπὸ
1034 2740 1128 2792 τοῦ
1188 2741 1378 2810 ἑτέρου
1434 2741 1660 2803 κανόνος
1701 2741 1793 2794 τοῦ
1851 2745 1958 2810 ἀφ-

383 2837 664 2906 ορίζοντος
716 2836 844 2896 τοὺς
889 2833 1131 2896 λαῖκοὺς,
1199 2833 1272 2904 μὴ
1329 2833 1488 2896 ὄντας
1532 2835 1836 2904 γεωργοὺς,
1867 2837 1961 2887 καὶ

388 2929 534 2981 κατά
591 2929 689 2988 τὰς
737 2924 1134 2993 Κυριωνύμους
1181 2922 1620 2994 ἐργαζομένους,
1675 2926 1768 2978 καὶ⁹
1816 2921 1960 2979 οὗτοι

387 3019 846 3088 κολασθήσονται.
888 3018 1050 3086 Ζήτει
1092 3016 1187 3069 καὶ
1214 3018 1310 3084 τὴν
1337 3016 1409 3070 νδ¹
1434 3016 1652 3086 Νεαρὰν
1706 3017 1800 3070 τοῦ
1865 3017 1960 3088 βα-

391 3111 587 3174 σιλέως
649 3110 817 3180 κυροῦ
862 3111 1090 3172 Λέοντος
1119 3107 1213 3161 τοῦ
1244 3108 1438 3176 Σοφοῦ,
1489 3109 1960 3186 διαλαμίξάνουσαν

2061 539 2343 598 reputatur
2392 543 2452 583 ea
2499 543 2620 594 qua!
2673 536 2793 596 post
2826 538 3069 582 sanctam
3121 529 3329 582 Domini
3369 541 3424 582 et
3456 531 3544 581 Der
3572 543 3626 583 et

2062 618 2372 674 Servatoris
2393 619 2562 674 nostri
2588 617 2716 671 Jesu
2743 618 2943 673 Christi
2975 619 3428 676 resurrectionem
3455 622 3632 674 currit

2061 713 2399 781 septimana:
2455 711 2506 762 in
2536 726 2600 763 eo
2628 724 2759 763 vero
2793 711 2939 779 quod
2972 727 3108 780 genu
3141 727 3247 764 non
3276 711 3541 775 ﬂet-tatur,
3577 721 3632 766 et

2065 817 2173 860 tota
2202 806 2363 859 etiam
2404 805 2741 858 Pentecoste.
2821 804 3089 869 Qucuiam
3123 813 3303 858 autem
3339 803 3459 858 festi
3495 808 3634 858 cele-

2063 901 2256 954 brandi
2292 908 2550 967 prmtexm
2603 896 2742 964 apud
2789 900 3053 966 quosdam
3096 899 3427 953 inoleveraut
3470 915 3634 968 equo-

2065 1005 2186 1080 rqm
2226 1004 2437 1050 cursus,
2481 997 2544 1073 ,οἱ
2580 988 2682 1040 alia
2713 988 2878 1041 etiam
2916 989 3129 1056 publica
3181 991 3386 1044 ludicra
3422 1007 3635 1060 speeta-

2063 1084 2206 1145 cula,
2231 1090 2540 1136 statuerunt
2561 1083 2766 1143 Patres,
2804 1097 2900 1136 nos
2926 1084 3007 1137 sic
3031 1083 3226 1138 festum
3257 1101 3362 1138 non
3388 1095 3639 1154 oportere

2063 1175 2339 1229 celebrare
2373 1174 2425 1227 iu
2461 1153 2562 1227 ha‘c
2587 1172 2832 1226 Paschali
2868 1174 3226 1237 hebdomade,
3257 1180 3350 1231 sed
3387 1179 3638 1245 religiose

2065 1275 2117 1320 et
2141 1265 2320 1334 quoad
2363 1264 2477 1318 ﬁeri
2515 1273 2712 1332 potest,
2771 1274 2958 1318 sancte
2992 1265 3240 1320 videlicet
3265 1269 3495 1322 ecclesia
3529 1285 3638 1322 va-

2063 1373 2210 1422 care,
2249 1358 2558 1426 divinisque
2590 1359 2822 1414 canticis
2859 1360 3046 1413 Saliari
3076 1377 3088 1412 :
3148 1369 3200 1413 et
3236 1369 3492 1430 tauquam
3523 1365 3636 1432 jam

2063 1450 2210 1518 digni
2247 1453 2420 1504 simus
2451 1451 2902 1505 resurrectionem
2924 1451 3146 1506 Domini
3178 1454 3472 1517 celebrare,
3499 1457 3639 1509 divi-

2065 1543 2150 1596 nis
2182 1540 2726 1612 tnysteriis’jucunde
2753 1541 3006 1611 lauteque
3037 1541 3260 1612 perfrui.
3295 1554 3347 1598 et
3374 1562 3476 1600 una
3510 1562 3641 1602 con-

2064 1648 2286 1703 surgere
2321 1647 2445 1687 cum
2483 1648 2548 1686 eo
2579 1633 2671 1702 qui
2719 1634 3037 1697 resurrexit,
3091 1645 3142 1688 et
3173 1652 3272 1691 nos
3327 1638 3380 1691 in
3437 1643 3669 1714 cretum.

2065 1743 2174 1783 una
2209 1727 2452 1790 sustulit,
2489 1725 2710 1781 Christo
2745 1726 2854 1791 Deo
2887 1742 3100 1781 nustro.
3156 1728 3291 1783 Nota
3331 1747 3460 1800 ergo
3491 1734 3636 1800 quod

2062 1839 2251 1880 omnes
2304 1819 2488 1879 ﬁdeles
2531 1822 2730 1877 debent
2773 1837 2894 1878 esse
2937 1824 3113 1892 parati
3160 1835 3345 1876 sancta
3381 1825 3636 1896 mysteria

2061 1916 2392 1986 participare
2436 1929 2764 1984 unoquoque
2815 1915 2921 1978 die,
2976 1916 3021 1967 si
3059 1914 3171 1969 ﬁeri
3209 1925 3402 1985 potest,
3437 1933 3637 1986 quem-

2061 2010 2352 2064 admodum
2406 2017 2458 2063 et
2510 2009 2562 2061 in
2598 2009 2717 2062 aliis
2749 2008 3053 2061 canouibus
3089 2017 3212 2062 ante
3239 2010 3500 2079 scriptum
3530 2019 3637 2064 est.

2061 2103 2194 2156 Cum
2232 2110 2409 2155 autem
2443 2115 2614 2154 canon
2652 2103 2763 2154 haec
2790 2109 3011 2161 statuat,
3041 2100 3454 2168 interrogaverit
3481 2103 3638 2170 quis-

2042 2193 2227 2262 ~piam,
2294 2193 2569 2263 quomodo
2635 2192 2870 2246 artiﬁces
2903 2201 3020 2258 post
3050 2192 3190 2246 diem
3221 2192 3441 2248 tertium
3475 2193 3637 2262 hujus

2061 2290 2376 2357 septimanae
2401 2301 2529 2340 suas
2556 2287 2904 2339 mechanicas
2926 2295 3142 2340 arteset
3161 2301 3321 2355 Opera
3343 2289 3640 2343 exercent?

2061 2375 2325 2430 Existimo
2350 2388 2481 2442 ergo
2511 2387 2606 2428 eos
2633 2373 2772 2426 male
2820 2373 2924 2426 hoe
2978 2373 3176 2427 facere.
3266 2372 3375 2427 Etsi
3425 2376 3565 2430 enim
3607 2394 3636 2428 a

2061 2463 2313 2534 praesenti
2347 2476 2556 2516 canone
2583 2475 2690 2515 non
2721 2464 3045 2530 puniuntur,
3074 2464 3166 2532 qui
3201 2462 3396 2518 festum
3423 2455 3502 2520 sic
3529 2468 3638 2520 sol-

2063 2565 2223 2609 vunt:
2245 2555 2317 2608 ab
2339 2553 2446 2607 alio
2481 2564 2658 2606 tamen
2678 2560 2906 2614 canone,
2930 2554 3021 2622 qui
3045 2554 3236 2622 laicus,
3252 2556 3342 2625 qui
3366 2572 3472 2610 non
3508 2569 3638 2612 sunt

2061 2647 2312 2718 agricolae
2347 2655 2400 2700 et
2450 2646 2500 2698 in
2533 2645 2724 2700 diebus
2785 2645 2942 2714 237
3005 2647 3300 2702 Dominicis
3323 2659 3636 2718 operantur.

2062 2747 2344 2808 segregat.
2401 2739 2436 2792 ii
2488 2754 2704 2806 quoque
2755 2739 3068 2806 punientur.
3129 2741 3320 2804 Quam
3365 2742 3526 2794 etiam
3569 2743 3640 2797 54

2061 2834 2263 2887 domini
2309 2833 2438 2900 imp.
2475 2831 2672 2886 Leonis
2698 2831 2974 2901 Sapientis
2995 2832 3634 2904 uovellam,_statuentem

2061 2939 2131 2978 ne
2159 2925 2308 2993 ipsos
2338 2923 2553 2991 quidem
2588 2923 2855 2988 agricolas
2889 2924 2943 2975 in
2975 2923 3062 2977 die
3107 2923 3390 2979 Dominico
3419 2929 3636 2994 operari

2062 3020 2280 3074 debere.
2337 3018 2516 3083 Quare
2548 3017 2627 3073 eis
2653 3034 2872 3088 quoque
2907 3019 3239 3089 prohibitum
3270 3031 3356 3075 est
3385 3032 3492 3075 tota
3533 3021 3634 3074 Pa-

2063 3112 2234 3164 scbali
2281 3112 2580 3180 septimana
2633 3111 2870 3180 operari,
2928 3128 3103 3180 neque
3152 3129 3274 3168 cum
3326 3115 3440 3183 ipsa
3491 3131 3636 3171 unus

391 3203 532 3270 μηδὲ
568 3202 766 3264 αὐτοὺς
794 3201 922 3263 τοὺς
961 3201 1241 3270 γεωργοὺς
1287 3202 1427 3252 κατὰ
1470 3200 1569 3270 τὴν
1607 3201 1963 3271 Κυριώνυμον

2069 3203 2187 3256 dies
2214 3201 2529 3256 Dominicus
2560 3211 2858 3270 reputetur.

387 3295 743 3362 ἐργάζεσθαι.
779 3295 940 3346 Ὥστε
993 3294 1367 3364 ἀπηγόρευται
1423 3293 1516 3344 καὶ
1567 3295 1748 3356 αὐτοῖς
1808 3302 1949 3349 κατὰ
1987 3299 2084 3367 τὴν
2116 3297 2246 3365 ὃλην
2304 3295 2608 3364 πασχάλιον
2650 3295 2918 3366 ἑϐδομάδα
2965 3299 3314 3367 ἐργάζεσθαι,
3386 3299 3461 3362 ὡς

385 3387 760 3456 Κυριωνύμου
781 3386 1139 3456 λογιζομένης
1167 3387 1357 3455 αὐτῆς.

465 3482 706 3535 ΖΩΝᾹΡ.
773 3480 1081 3549 Ἐορτάζειν
1110 3482 1159 3534 oi
1201 3481 1310 3532 ἀπὸ
1351 3483 1586 3552 Χριστοῦ
1639 3483 1964 3552 κεκλημένοι

386 3571 706 3639 ὀφείλομεν,
737 3571 796 3623 οὐ
821 3571 1029 3641 τρυφὰς
1064 3572 1274 3631 ἑαυτοῖς
1307 3573 1400 3622 καὶ
1445 3571 1837 3642 λαμπρότητας
1868 3573 1963 3624 καὶ

389 3662 611 3722 ἀνέσεις
644 3661 1073 3729 ἐπιτηδεύοντες,
1101 3661 1236 3715 ἀλλὰ
1277 3665 1659 3732 πνευματικῶς
1685 3665 1966 3733 εὐφραινό-

393 3769 574 3824 μενοι.
605 3755 953 3822 Πνευματικὴ
986 3753 1030 3804 δ’
1083 3754 1230 3806 ἐστὶν
1292 3744 1596 3823 εὐφροσύνη
1621 3755 1680 3808 τὸ
1712 3755 1858 3827 ᾄδειν
1887 3758 1966 3826 τῷ

389 3846 613 3914 Κυρίῳ,
649 3846 747 3897 καὶ
805 3844 1049 3908 δοξάζειν
1080 3846 1240 3898 αὐτὸν
1270 3847 1354 3914 ἐφ’
1391 3844 1471 3908 οἷς
1501 3848 1723 3918 ἐποίησε
1754 3850 1966 3918 θαυμα-

393 3937 560 4002 σίοις,
593 3937 894 4006 ῥυσάμενος
911 3937 1060 4006 ήμ-ἄς
1088 3938 1151 3988 ἑκ
1182 3941 1277 4007 τῆς
1302 3938 1544 4001 δουλείας
1568 3940 1660 3991 τοῦ
1693 3939 1963 3994 διαϐόλου.

393 4027 558 4081 Οὕτω
597 4029 776 4080 τοίνυν
833 4030 928 4080 καὶ
981 4029 1081 4098 τὴν
1126 4030 1221 4082 τοῦ
1251 4031 1440 4098 Πάσχα
1491 4031 1684 4100 ἑορτὴν
1716 4031 1964 4100 βούλεται

392 4121 683 4192 ἑορτάζειν
744 4122 888 4190 ἡμᾶς
919 4123 946 4172 δ
985 4119 1162 4174 κανὼν
1187 4162 1201 4184 ,
1255 4122 1382 4188 ὅλην
1431 4122 1529 4190 τὴν
1585 4123 1852 4191 ἑϐδομάδα
1906 4128 1963 4177 ἑν

386 4214 712 4282 ἐκκλησίαις
765 4214 1136 4284 σχολάζοντας,
1166 4216 1223 4267 ὲν
1281 4215 1514 4284 ψαλμοῖς
1535 4234 1594 4269 τε
1628 4219 1718 4270 καὶ
1778 4217 1965 4288 ὕμνοις

390 4305 621 4377 ᾄδοντας
641 4307 717 4373 τῷ
770 4307 978 4376 Κυρίῳ,
1037 4307 1130 4359 καὶ
1189 4307 1360 4369 οὕτως
1413 4310 1470 4360 ἑν
1500 4309 1720 4378 Χριστῷ
1771 4310 1964 4377 ἑορτά-

396 4399 592 4461 ζοντας
640 4402 732 4450 καὶ
763 4402 826 4467 τῇ
875 4398 1075 4469 μελέτῃ
1116 4399 1480 4468 προσέχοντας
1503 4400 1612 4452 τῶν
1639 4400 1796 4453 θείων
1827 4401 1968 4468 Γρα-

401 4490 540 4554 ςρὼν,
589 4491 682 4542 καὶ
733 4490 1193 4559 κατατρυφῶντας
1250 4490 1358 4542 τῶν
1419 4491 1577 4543 θείων
1633 4492 1965 4561 μυστηρίων.

3580 3303 3604 3315 υ

3507 3314 3635 3370 μιας

2143 3478 2399 3534 ZONAR.
2435 3479 2550 3533 Non
2591 3479 2816 3536 delicias
2847 3491 2941 3533 aut
2977 3481 3162 3534 luxum
3195 3482 3374 3536 otiave
3418 3495 3635 3538 sectan-

2071 3583 2174 3636 tes,
2211 3575 2306 3628 sed
2340 3573 2612 3642 spirituali
2645 3574 2842 3642 gaudio
2875 3567 3279 3640 cxsultaliuudi,
3327 3576 3494 3632 festos
3520 3575 3638 3631 dies

2070 3677 2230 3733 agere
2259 3663 2557 3718 Christiani
2593 3664 2878 3718 debemus.
2905 3661 3213 3732 Spiritualis
3246 3681 3410 3734 porro
3440 3665 3636 3719 laetitia:

2071 3766 2157 3810 est
2193 3755 2425 3808 canticis
2454 3753 2664 3807 Numen
2695 3755 2940 3808 venerari
2967 3793 2982 3818 ,
3021 3755 3270 3824 illiusque
3296 3756 3504 3815 laudes.
3538 3773 3636 3824 pro

2069 3847 2138 3900 iis
2189 3841 2318 3914 qua!
2371 3845 2717 3899 admirabilia
2765 3848 3053 3915 pra-stitt,
3116 3848 3369 3916 quodque
3417 3847 3634 3902 diabolo

2068 3938 2406 4005 maneipatos
2444 3937 2498 3989 in
2533 3936 2834 3990 libertatem
2883 3953 2983 3990 nos
3033 3936 3290 3999 asseruit,
3337 3938 3634 3992 celebrare.

2068 4024 2219 4078 lianc
2265 4040 2395 4094 ergo
2443 4026 2705 4078 rationem
2741 4025 2963 4079 Pascha:
2995 4025 3212 4092 quoque
3262 4025 3432 4079 festos
3469 4034 3636 4092 atque

2070 4117 2344 4171 solemnes
2392 4120 2510 4172 dies
2558 4118 2798 4187 agitandi
2849 4118 3154 4188 praescribit
3205 4132 3405 4179 canon,
3455 4129 3514 4173 ut
3571 4134 3636 4173 eo

2068 4208 2325 4262 nimirum
2362 4210 2684 4278 septimana,
2719 4189 3034 4279 perpetuam
3071 4209 3125 4263 in
3173 4197 3420 4265 eccleSiis
3451 4212 3635 4267 statio-

2069 4315 2192 4354 nem
2221 4311 2463 4371 agentes,
2485 4303 2712 4370 psalmis
2739 4302 3060 4373 hymnisque
3088 4302 3313 4358 Domino
3342 4305 3637 4358 concinen-

2075 4391 2160 4447 dis
2188 4395 2454 4462 occupati,
2495 4395 2549 4448 in
2585 4395 2804 4450 Christo
2855 4397 3083 4464 proinde
3136 4395 3401 4461 laetemur,
3449 4411 3635 4456 sacra-

2081 4499 2315 4553 rumque
2349 4486 2682 4539 Litterarum
2716 4497 2970 4540 accurata
3013 4487 3360 4542 meditatione
3389 4497 3635 4558 tempora

400 4579 515 4631 ιίαὶ
557 4580 718 4643 οὕτω,
750 4582 935 4650 φησιν,
965 4580 1200 4650 ἐσόμεθα
1245 4581 1462 4652 Χριστῷ
1495 4583 1963 4651 συνανιστάμενοι,

2074 4579 2445 4640 traducentes,
2472 4578 2776 4632 divinorum
2803 4581 3190 4648 mysteriorum
3216 4581 3392 4648 epulis
3421 4581 3633 4636 insatu-

398 4672 498 4722 καὶ
537 4671 996 4740 συνανυψούμενοι
1021 4688 1035 4703 ·
1081 4675 1430 4742 ἀνιστάμενοι
1488 4676 1586 4743 μὲν
1609 4673 1702 4726 τοῦ
1733 4673 1966 4743 πτώμα-

393 4777 489 4820 τος
512 4761 610 4827 τῆς
639 4761 911 4829 ἁμαρτίας
959 4765 1055 4815 καὶ
1109 4763 1208 4832 τῆς
1246 4764 1586 4834 χαμαιζήλου
1647 4767 1743 4817 καὶ
1771 4765 1967 4835 γηϊνης
2015 4821 2019 4830 ,

393 4851 548 4918 ζωῆς
572 4867 585 4879 ·
618 4852 982 4920 άνυψούμενοι
1005 4855 1062 4906 δὲ
1094 4855 1228 4924 πρὸς
1299 4854 1635 4925 ὑψηλοτέραν
1660 4857 1753 4909 καὶ
1800 4871 1965 4910 πνευ-

398 4944 639 5013 υιατικὴν
666 4943 741 5013 τῷ
769 4945 882 4997 δντι
908 4946 1209 5015 διαγωγήν.
1262 4947 1426 4999 Ὅθεν
1450 4946 1573 4998 οὕτε
1603 4947 1966 5018 ἱπποδρομίας

400 5039 420 5084 '2
433 5055 458 5084 ν
487 5037 553 5103 τῇ
585 5035 679 5086 τοῦ
728 5037 917 5107 Πάσχα
966 5037 1222 5106 ἑὸδομάδι
1246 5039 1496 5104 γίνεσθαι
1522 5042 1812 5108 συγχωρεῖ,
1840 5039 1963 5093 οὔτε

392 5124 533 5186 θέας
581 5124 772 5194 ἑτέρας
816 5125 1082 5196 δημώδεις
1109 5166 1125 5191 ,
1186 5130 1244 5180 ἑν
1303 5125 1390 5190 αἷς
1437 5127 1676 5197 δηλονότι
1721 5131 1750 5182 ὀ
1796 5129 1964 5200 δῆμος

391 5215 714 5288 ἁθροίζεται
736 5215 1005 5287 θεώμενος
1034 5218 1101 5270 τὰ
1128 5218 1406 5287 γινόμενα.

395 5486 629 5540 ΔΡιΣΤ.
668 5505 686 5538 ι
733 5487 842 5556 Τὴν
878 5489 1016 5557 μετὰ
1038 5488 1133 5556 τὴν
1171 5488 1466 5542 ἀνάστασιν
1493 5491 1674 5545 πᾶσαν
1701 5490 1968 5563 ἑϐδομάδα

761 5581 867 5642 πᾶς
901 5581 1311 5649 ἐκκλησιαςέτω
1338 5583 1550 5648 πιστός.
1589 5602 1608 5636 ι

483 5671 576 5724 Ἑν
625 5673 744 5734 ταῖς
799 5670 983 5735 ἁγίαις
1017 5673 1332 5742 ἐκκλησίαις
1377 5674 1456 5727 δεῖ
1503 5677 1782 5748 σχολάζειν
1841 5680 1965 5744 τοὺς

403 5764 655 5828 πιστοὺς,
710 5763 801 5816 καί⁸
823 5763 879 5814 ὲν
917 5765 1149 5834 ψαλμοῖς
1207 5765 1299 5817 καὶ
1351 5763 1538 5834 ὕμνοις
1585 5770 1968 5840 εὐφραίνεσθαι

767 5861 1032 5921 I’A'ruuL.
1085 5866 1197 5924 Gtt.
1246 5863 1605 5924 CXXXVII.

2075 4665 2316 4720 rabiliter
2341 4667 2680 4736 expleantur.
2720 4671 2896 4739 Atque
2943 4671 3047 4725 hoc
3075 4682 3254 4740 pacto,
3283 4673 3480 4743 inquit,
3506 4690 3631 4728 cum

2074 4756 2289 4812 Christo
2320 4757 2479 4812 simul
2524 4773 2841 4830 exsurgere,
2889 4770 3052 4831 atque
3101 4765 3166 4816 ad
3221 4765 3417 4820 altiora
3469 4766 3634 4819 simul

2075 4847 2206 4900 eniti
2234 4851 2531 4920 continget.
2566 4852 2611 4903 Λ
2642 4853 2849 4921 peccati
2880 4853 3093 4909 scilicet
3141 4855 3295 4924 lapsu
3345 4865 3636 4925 menteque

2078 4939 2227 4993 humi
2267 4942 2524 5011 depressa
2557 4952 2612 4998 et
2640 4945 2707 4998 ad
2739 4955 2958 4999 terrena
2987 4947 3196 5016 abjecta
3231 4964 3585 5018 exsurgemus
3616 4965 3632 5002 :

2077 5033 2144 5085 ad
2181 5034 2560 5090 sublimiorem
2596 5046 2774 5091 autem
2804 5046 2859 5091 et
2885 5053 3015 5093 vere
3044 5040 3381 5108 spiritualem
3422 5041 3636 5096 vivendi

2071 5125 2341 5179 rationem
2376 5127 2758 5182 excitabiruur.
2785 5128 3018 5185 Proinde
3038 5147 3138 5184 nec
3165 5143 3446 5200 equestres
3476 5133 3634 5188 ludos

2078 5227 2188 5272 tota
2220 5218 2500 5276 Paschalis
2524 5221 2887 5286 hebdomada,
2915 5238 3014 5278 nec
3046 5225 3151 5282 alia
3176 5226 3386 5294 publica
3423 5235 3635 5294 specta-

2076 5311 2217 5375 cula,
2254 5313 2319 5366 ad
2356 5329 2477 5381 quae
2511 5315 2767 5369 nimirum
2797 5317 2995 5371 tuenda
3031 5319 3318 5372 multitudo
3351 5320 3632 5383 convenit,

2075 5403 2380 5457 exhibenda
2412 5404 2726 5460 facultatem
2768 5423 2889 5482 esse
2918 5408 3183 5464 decernit.
3659 5389 3665 5396 ’

2147 5491 2376 5548 ARIST.
2419 5515 2437 5547 ι
2479 5497 2718 5566 Quisque
2759 5499 2933 5560 ﬁdelis
2959 5517 3053 5571 per
3085 5511 3253 5558 totam
3293 5514 3416 5573 post
3450 5520 3635 5561 resur-

2080 5605 2098 5635 ι
2147 5587 2442 5641 rectionem
2486 5590 2878 5648 hebdomadam
2931 5597 2984 5648 iu
3050 5598 3276 5652 ecclesia
3307 5607 3572 5656 versetur.
3612 5621 3630 5652 ι

2146 5677 2203 5731 in
2252 5680 2460 5734 sanctis
2487 5681 2734 5749 ecclesiis
2765 5683 2952 5742 ﬁdeles
2997 5683 3208 5758 oportet
3239 5707 3455 5759 vacare,
3493 5702 3547 5745 et
3582 5694 3636 5746 i-u

2082 5772 2302 5843 psalmis
2333 5782 2387 5830 et
2437 5777 2657 5843 hymnis
2704 5777 2900 5847 gaudio
2938 5783 3212 5837 exsultare
3257 5794 3421 5841 totam
3470 5788 3637 5854 septi-

3180 5878 3260 5937 9.5
