4092 6214
450 282 553 346 747

449 496 770 549 rectionem.

995 575 1227 635 CANON
1283 572 1493 629 LXVII.

456 702 473 733 ι
512 682 704 737 Divina
733 679 891 734 nobis
918 674 1202 743 Scriptura
1242 669 1539 729 mandavit.
1585 682 1613 720 a
1640 666 1928 736 sanguine,
1968 674 2025 717 et

532 796 550 827 ι
594 773 881 833 suffocato,
918 777 972 824 et
998 766 1363 824 fornicatione
1412 762 1706 821 abstinere.
1740 758 1845 811 Eos
1867 771 2021 826 ergo,

528 891 547 922 ι
592 870 943 939 quipropter
972 864 1177 917 lautum
1211 870 1263 912 et
1293 858 1589 912 delicatum
1637 860 1882 908 ventrem
1923 867 2019 906 cu-

525 982 544 1015 ι
585 964 897 1031 juscunque
962 952 1215 1007 animalis
1277 950 1600 1018 sanguinem
1660 954 1781 998 arte
1838 942 2023 1031 aliqua

524 1074 541 1106 ι
582 1030 923 1106 esculentum
960 1045 1222 1100 condiunt
1272 1056 1336 1094 ac
1382 1041 1698 1101 instruunt,
1735 1043 1788 1090 et
1821 1034 1901 1090 sic
1931 1030 2025 1087 illd

524 1171 541 1197 ι
581 1151 904 1203 vescuntur,
935 1148 993 1191 ut
1033 1151 1134 1206 par
1163 1142 1249 1189 est
1294 1132 1577 1203 punimus.
1614 1127 1673 1183 Si
1718 1130 1845 1197 quis
1892 1139 2023 1195 ergo

525 1260 543 1287 σ
586 1237 845 1301 deinceps
904 1229 1159 1284 animalis
1208 1224 1530 1293 sanguinem
1592 1219 1789 1291 quovis
1858 1217 2026 1273 modo

524 1350 543 1381 ι
587 1327 874 1384 comedere
903 1322 1272 1393 aggrediatur,
1305 1320 1351 1373 si
1380 1318 1451 1372 sit
1482 1315 1755 1385 clericus},
1783 1312 2026 1383 depona-

526 1442 544 1472 ι
586 1434 671 1475 tur
711 1437 726 1473 :
765 1421 846 1473 sin
910 1417 1105 1477 laicus,
1134 1419 1465 1481 segregetur.
1504 1429 1523 1461 ι

516 1512 714 1567 BALS.
746 1510 1022 1576 Scriptum
1053 1512 1138 1559 est
1162 1504 1216 1557 in
1247 1502 1479 1556 Actibus
1515 1500 1911 1571 apostolorum,
1945 1497 2022 1553 Ne

450 1622 549 1662 nos
580 1602 829 1673 quemvis
856 1598 1177 1669 sanguinem
1225 1595 1603 1657 comedamus,
1650 1591 1737 1647 vel
1788 1589 2023 1648 suffoca-

450 1712 565 1753 tum
595 1695 815 1756 animal,
844 1703 895 1747 et
927 1692 1092 1744 etiam
1121 1703 1150 1742 a
1186 1687 1547 1742 fornicatione
1578 1686 1948 1740 abstineamus
1975 1684 2017 1736 ¹.

396 1766 403 1771 .
449 1800 628 1863 Atque
683 1791 847 1844 etiam
903 1786 989 1839 lex
1033 1784 1188 1854 jubet
1240 1780 1515 1841 Mosaiea.
1566 1778 1901 1850 Sanguinem
1953 1793 2023 1834 nc

451 1881 758 1941 comedatis
799 1883 845 1935 ‘.
879 1877 1146 1946 Quoniam
1208 1889 1337 1944 ergo
1385 1873 1632 1927 nonnulli
1667 1874 2025 1941 sanguinem,

451 1996 559 2036 non
584 1976 799 2048 quidem
824 1970 1209 2035 comedebant,
1241 1966 1505 2022 nonnulla
1536 1973 1715 2019 autem
1744 1963 2025 2019 esculenta

450 2085 506 2128 et
533 2089 601 2128 ex
640 2071 763 2124 aliis
797 2078 851 2123 ct
882 2082 947 2119 ex
976 2064 1243 2133 sanguine
1291 2059 1599 2124 faciebant,
1636 2066 1690 2112 et
1721 2072 1782 2113 se
1812 2070 2026 2112 sacram

453 2166 787 2233 Scripturam
824 2159 1117 2213 observare
1143 2154 1413 2212 dicebant,
1443 2150 1589 2221 quod
1641 2164 1750 2203 non
1799 2148 2029 2219 sangui—

452 2273 576 2313 nem
622 2255 769 2309 nulla
828 2267 887 2305 re
930 2246 1304 2305 intercedente
1367 2244 1741 2308 comederent,
1819 2250 2029 2296 statue-

453 2354 581 2399 runt
608 2341 783 2397 sancti
818 2340 1026 2403 Patres,
1075 2334 1345 2405 ejusmodi
1385 2347 1555 2387 sacra:
1595 2332 1731 2403 legis
1779 2332 2026 2385 circnm-

453 2441 804 2511 scriptioncm
834 2450 1053 2491 cessare
1089 2441 1382 2503 oportere;
1417 2444 1673 2499 eumque,
1707 2429 1803 2500 qui
1831 2429 2027 2499 quavis

452 2544 570 2588 arte
606 2532 685 2585 vel
720 2529 933 2584 ratione
972 2526 1222 2581 animalis
1269 2522 1590 2591 sanguinem
1624 2519 1944 2584 comederit,
1980 2518 2027 2573 si

452 2628 524 2679 sit
553 2623 770 2692 quidem
800 2619 1054 2679 clericus,
1086 2613 1468 2684 deponendum
1501 2630 1514 2666 :
1549 2612 1633 2687 sin
1666 2627 1796 2666 vero
1829 2612 2025 2675 laicus,

452 2712 871 2785 segregandum.
912 2708 973 2761 Et
1006 2710 1117 2762 haec
1163 2704 1382 2775 quidem
1418 2720 1617 2758 canon.
1662 2702 1843 2758 Latini
1898 2719 2029 2758 vero

452 2803 927 2861 indiscriminatim
979 2799 1245 2854 sulfocata
1288 2798 1603 2853 comedunt.
1639 2795 2027 2864 Adrianopoli-

420 2882 566 2952 Atani
609 2900 772 2951 etiam
800 2935 817 2957 ,
865 2906 923 2947 ut
951 2894 1150 2957 audio,
1202 2890 1518 2944 animalium
1578 2890 1847 2960 sanguine
1899 2905 2025 2943 cum

451 2990 781 3060 quibusdam
811 2986 1114 3043 esculentis
1159 2995 1411 3038 utuntur.
1445 2982 1639 3048 Quaere
1668 2990 1724 3035 et
1760 2982 1894 3050 imp.
1924 2982 2024 3034 do-

1711 268 1991 327 TIIEOD.
2023 267 2429 328 BALSAMON

452 415 667 455 tuanam
698 405 830 467 post
851 402 1098 453 sanctam
1134 390 1339 447 Christi
1368 387 1480 442 veri
1516 386 1605 441 Dei
1635 384 1809 439 nostri
1844 398 2024 437 resur-

2131 384 2309 437 πᾶσαν
2338 386 2437 455 τὴν
2462 384 2735 455 ἑϐδομάδα
2764 385 2861 457 τὴν
2908 386 3047 457 μετὰ
3084 384 3183 457 τὴν
3205 387 3368 456 ἁγίαν
3398 390 3701 446 ἀνάστασιν
3784 442 3793 449 ,

3592 273 3699 337 748

2127 474 2369 546 Χριστοῦ
2402 473 2495 528 τοῦ
2519 474 2772 546 ἀληθινοῦ
2800 476 2934 530 Θεοῦ
2960 476 3135 547 ἡμῶν.

2730 570 2968 622 ΚΛΝΩΝ
3000 568 3116 637 ΞΖ’.
3288 614 3301 626 .

2134 680 2154 713 ι
2211 660 2276 714 Ἦ
2307 660 2425 716 θεία
2439 664 2574 733 ἡμῖν
2596 662 2787 735 Γραφὴ
2809 663 3111 718 ἐνετείλατο
3132 664 3436 736 ἀπέχεσθαι
3450 668 3703 736 αἵματος,

2206 773 2223 804 ι
2269 756 2363 807 καὶ
2418 752 2666 820 πνικτοῦ,
2710 755 2805 809 καὶ
2850 757 3127 827 πορνείας.
3167 758 3291 821 Τοῖς
3335 752 3432 813 οὖν
3477 759 3565 813 διὰ
3605 762 3705 831 τὴν

2208 866 2225 896 ι
2274 848 2451 917 λίχνον
2511 849 2754 919 γαστέρα
2812 846 2952 920 αἷμα
2990 849 3305 921 οίουδήποτε
3365 851 3507 916 ζὼου
3540 854 3704 927 τέχνῃ

2208 960 2225 992 ι
2248 942 2373 1001 ,τινὶ
2402 942 2909 1006 κατασκευάζουσιν
2942 942 3227 1014 ἐδώδιμον,
3245 943 3340 998 καὶ
3363 942 3511 998 οὕτω
3539 944 3699 997 τοῦτο

2205 1054 2223 1085 ι
2268 1035 2529 1101 ἐσθίουσι,
2582 1039 2911 1105 προσφόρως
2949 1036 3319 1107 ἐπιτιμῶμεν.
3380 1038 3449 1091 EE
3495 1055 3580 1100 τις
3605 1035 3702 1091 οὖν

2205 1146 2223 1179 ι
2264 1127 2383 1183 ἀπὸ.
2427 1128 2520 1182 τοῦ
2574 1129 2670 1182 νῦν
2708 1126 2852 1201 αἷμα.
2908 1131 3049 1196 ζώου
3089 1132 3293 1187 ἐσθίειν
3347 1134 3699 1205 ἐπιχειρήσει

2204 1240 2221 1272 ι
2268 1221 2433 1293 οἱῳδή
2489 1239 2597 1275 τινι
2623 1224 2837 1293 τρόπῳ,
2870 1224 3049 1296 εἰμὲν
3072 1225 3339 1295 κληρικδς
3363 1226 3479 1297 εἴη,
3509 1227 3702 1282 καθαι-

2207 1335 2225 1366 ι
2279 1314 2505 1384 ρείοθω’
2558 1315 2696 1369 είδέ
2724 1315 2932 1380 λαῖκδς,
2964 1316 3331 1387 ἁφοριζέσθω.
3379 1336 3407 1370 r

2196 1500 2395 1553 ΒΔΔΣ.
2423 1499 2736 1569 Γέγραπται
2764 1498 2823 1551 ἐν
2852 1471 3229 1568 ταῖςίΠράξεσι
3256 1498 3363 1552 τῶν
3392 1497 3706 1553 ἀποστόλων

2130 1592 2207 1664 μὴ
2236 1592 2437 1646 ἐσθίειν
2466 1593 2617 1661 ἡμᾶς
2654 1590 3041 1660 οἱονδηποτοῦν
3087 1586 3252 1662 αἷμα,
3312 1593 3345 1662 ἢ
3378 1590 3519 1656 ζῶον
3543 1609 3704 1645 πνιχ.

2126 1685 2238 1751 τὸν,
2270 1684 2569 1755 ἀπέχεσθαι
2600 1683 2659 1739 δὲ
2689 1684 2783 1737 καὶ
2817 1684 3096 1754 πορνείας.
3124 1684 3237 1739 Καὶ
3261 1685 3291 1738 ὁ
3318 1684 3617 1748 Μωσαῖκδς
3642 1685 3702 1737 δέ

2129 1775 2292 1845 νόμος
2321 1774 2757 1847 παρακελεύεται
2789 1791 2804 1807 ο
2836 1770 2987 1846 Αἷμα
3018 1776 3080 1828 οὺ
3107 1776 3375 1847 φάγεσθε.
3428 1776 3583 1830 Ἐπεὶ
3611 1773 3707 1834 οὖν

2127 1885 2275 1930 τινες
2304 1865 2445 1937 αἷμα
2478 1868 2577 1938 μὲν
2611 1868 2710 1921 οὐκ
2735 1867 2945 1940 ἤσθιον,
2969 1869 3191 1923 ἐποίουν
3226 1868 3282 1923 δέ
3316 1886 3440 1923 τινα
3463 1869 3706 1941 ἐδώδιμα

2129 1962 2195 2015 ἐκ
2234 1978 2292 2015 τε
2320 1961 2497 2015 ἄλλων
2528 1962 2621 2015 καὶ
2668 1961 2727 2026 ἐξ
2758 1962 3029 2031 αἱμάτων,
3062 1963 3158 2016 καὶ
3191 1962 3377 2030 ελεγον
3411 1963 3707 2033 φυλάττειν

2129 2056 2200 2108 τὰ
2249 2055 2347 2123 τῆς
2368 2054 2519 2116 θείας
2552 2054 2800 2126 Γραφῆς,
2836 2052 2917 2107 ὃτι
2936 2042 3054 2107 ὀὐκ
3084 2053 3273 2124 ἧσθιον
3293 2054 3516 2125 ἁμέσως
3540 2050 3703 2125 αἷμα,

2130 2146 2336 2217 ὥρισαν
2360 2146 2409 2199 oi
2459 2144 2610 2213 ἆγιοι
2654 2147 2899 2217 Πατέρες
2938 2145 3036 2215 τὴν
3058 2144 3318 2215 τοιαύτην
3349 2146 3706 2219 περιγραφὴν

2128 2243 2227 2317 τῆς
2258 2238 2407 2301 θείας
2436 2236 2758 2308 νομοθεσίας
2790 2237 3050 2307 σχολάσαι
3080 2254 3095 2268 ’
3159 2237 3253 2290 καὶ
3271 2240 3362 2291 τὸν
3391 2238 3516 2313 καθ’
3562 2241 3705 2292 οἱον-

2130 2332 2318 2403 δήτινα
2364 2331 2523 2399 λόγον
2566 2330 2824 2401 ἢτέχνην
2879 2332 3124 2399 φαγόντα
3171 2325 3310 2400 αἷμα
3372 2331 3513 2395 ζὼου
3557 2333 3704 2397 τινος

2132 2426 2394 2495 κληρικὸν
2432 2427 2530 2495 μὲν
2553 2424 2706 2490 ὄντα,
2736 2425 3137 2493 καθαιρεῖσθαι,
3177 2426 3366 2479 λάῖκδν
3400 2426 3479 2490 δὲ,
3510 2426 3709 2496 ἀφορί-

2133 2520 2342 2584 ζεσθαι.
2375 2519 2487 2572 Καὶ
2515 2522 2542 2571 ὁ
2575 2520 2673 2589 μὲν
2697 2518 2879 2572 κανὼν
2909 2518 3107 2572 ταῦτα·
3144 2521 3192 2572 οἱ
3214 2520 3270 2573 δὲ
3296 2521 3520 2573 Λατῖνοι
3551 2519 3708 2573 ἀδια-

2133 2614 2313 2683 φόρως
2339 2612 2583 2665 ἐσθίουσι
2612 2612 2679 2664 τὰ
2703 2613 2925 2674 πνικτὰ.
2966 2612 3125 2666 Ἀλλὰ
3156 2616 3251 2665 καὶ
3308 2615 3355 2665 οί
3394 2612 3710 2683 Ἀδριανου-

2131 2706 2372 2770 πολῖται,
2425 2706 2500 2768 ὡς
2525 2704 2728 2769 ἀκούω,
2764 2709 2878 2769 τοῖς
2914 2707 3113 2776 αἵμασι
3143 2706 3250 2759 τῶν
3280 2706 3437 2770 ζώων
3460 2707 3707 2777 χρῶνται

2134 2801 2275 2869 μετὰ
2329 2800 2605 2870 ἐδωδίμων
2657 2799 2840 2853 τινῶν.
2892 2799 3056 2868 Ζήτει
3108 2800 3203 2853 καὶ
3257 2800 3358 2871 τὴν
3387 2799 3467 2872 νη⁹
3502 2801 3706 2872 νεαρὰν

2132 2895 2225 2948 τοῦ
2260 2895 2522 2966 βασ;λέως
2548 2893 2720 2965 κυροῦ
2774 2896 3001 2956 Λέοντος
3058 2894 3152 2948 τοῦ
3186 2894 3505 2963 φιλοσόφου,
3532 2894 3707 2964 διορι-

2133 2991 2368 3060 ζομένην
2392 2994 2519 3051 τοὺς
2550 2991 2649 3060 μὲν
2677 2988 2994 3052 πωλοῦντας
3022 2991 3057 3061 ἢ
3090 2987 3377 3052 ἐσθίοντας
3404 2985 3543 3051 εἶδος
3566 2990 3709 3042 οἱον-

452 3084 582 3138 mini
615 3082 807 3135 Leonis
833 3079 1107 3148 Sapientis
1135 3077 1401 3131 ιιοι·οΙΙ;ιιιι
1429 3074 1517 3139 58,
1545 3090 1663 3142 qua:
1682 3075 1874 3129 statuit
1899 3088 2017 3139 eos,

2137 3082 2403 3154 δηποτοῦν
2469 3082 2776 3152 αἱματηρὸν
2832 3082 3170 3152 δημεύεσθαι
3222 3084 3319 3135 καὶ
3374 3080 3708 3147 αἰκίζεσθαι,

451 3178 543 3239 qui
601 3186 966 3243 qualicunque
1020 3168 1490 3237 sanguinolentatu
1551 3166 1787 3236 speciem
1842 3182 2026 3221 come-

451 3270 610 3330 dunt,
651 3263 1006 3336 pnblieandos
1054 3270 1107 3315 et
1154 3276 1383 3330 corpore
1437 3258 1764 3329 puniendos,
1814 3269 1867 3313 et
1927 3263 2026 3313 im-

422 3350 425 3357 ’
454 3374 641 3430 pressa
674 3356 784 3409 cuti
821 3366 1046 3408 tonsura
1089 3351 1359 3406 notandos
1387 3391 1402 3415 .
1432 3358 1487 3405 et
1530 3359 1792 3419 perpetuo
1826 3352 2024 3405 exsilio

453 3454 941 3506 cnudennmmlos:
978 3463 1073 3501 eos
1125 3455 1331 3509 autem,
1376 3446 1469 3513 qui
1522 3444 1636 3498 haec
1680 3459 1787 3498 non
1842 3444 2026 3498 vindi-

453 3557 601 3608 cant,
636 3545 988 3612 magistratus
1026 3540 1211 3593 decent
1247 3540 1508 3591 librarum
1542 3538 1658 3590 auri
1692 3537 1858 3591 multa
1897 3555 2023 3592 eor-

454 3639 735 3708 rigcndos.
1994 3698 2011 3717 ἒ

525 3727 777 3783 ZUNAR.
818 3730 863 3780 Α
914 3725 1205 3793 sanguine,
1252 3724 1518 3779 sulfocato
1564 3734 1618 3779 et
1664 3725 2023 3782 fornicatione

455 3823 839 3877 abstinendum
868 3834 992 3874 esse
1024 3820 1077 3872 in
1105 3818 1256 3873 Actis
1285 3818 1516 3886 apostoli
1541 3818 1852 3873 decrevere.
1886 3817 2022 3873 Cum

454 3918 597 3972 enim
662 3912 1138 3969 cu‘cutncisionem
1185 3910 1437 3964 ﬁdelibus
1480 3912 1847 3965 necessariam
1902 3926 2025 3965 esse

456 4009 701 4063 nonnulli
755 4013 1156 4066 asseverarent,
1221 4018 1526 4057 convenere
1579 4003 1739 4057 simul
1788 4004 2023 4073 apostoli

452 4116 576 4153 cum
609 4100 775 4151 fratre
811 4095 1026 4149 Domini
1068 4091 1304 4177 lJacobo,
1352 4104 1405 4148 et
1449 4094 1684 4149 consilio
1729 4109 1790 4148 ea
1842 4095 1910 4149 de
1967 4112 2027 4148 re

456 4196 662 4253 habito,
704 4190 888 4244 fideles
922 4190 989 4241 ah
1024 4186 1339 4257 idolothytis
1366 4226 1381 4251 ,
1427 4188 1715 4255 sanguine,
1757 4187 2024 4241 suffocato

454 4298 508 4336 ιιι
560 4283 943 4344 fornicatione,
1008 4279 1142 4332 nihil
1192 4280 1273 4332 eis
1324 4289 1585 4346 prmterea
1634 4279 1817 4331 oni-.ris
1858 4280 2026 4347 impo-

456 4388 662 4433 nentcs,
705 4374 978 4425 abstinere
1004 4368 1308 4437 jusserunt.
1338 4368 1535 4421 Verum
1571 4370 1625 4421 in
1656 4369 1853 4423 Genesi
1890 4388 2024 4439 quo-

2132 3178 2226 3229 καὶ
2250 3176 2340 3229 διὰ
2402 3176 2502 3246 τῆς
2533 3180 2590 3229 ἐν
2620 3176 2736 3248 χρῷ
2766 3178 2971 3246 κουρᾶς
3026 3174 3413 3246 τιμωρεῖσθαι,
3472 3175 3569 3228 καὶ
3588 3175 3708 3228 ἀει-

2130 3270 2302 3340 φυγίᾳ
2358 3269 2791 3339 κατακρίνεσθαι
2838 3286 2852 3300 ·
2922 3271 3049 3331 τοὺς
3111 3269 3169 3321 δὲ
3230 3268 3305 3339 μὴ
3354 3270 3424 3322 τὰ
3478 3267 3709 3323 τοιαῦτα

2127 3360 2528 3423 διεκδικοῦντας
2556 3360 2824 3430 ἄρχοντας
2876 3360 3007 3412 δέκα
3028 3359 3227 3430 λιτρῶν
3266 3359 3496 3430 χρυσίου
3530 3376 3707 3431 προσ-

2128 3455 2273 3524 τίμῳ
2298 3453 2635 3508 εὐθύνεσθαι.

2198 3724 2455 3778 ΖΩΝΑΡί
2476 3724 2548 3776 Τὸ
2578 3724 2811 3792 αἵματος
2853 3723 3178 3793 ἀπέχεσθαι,
3209 3726 3301 3777 καὶ
3325 3724 3557 3777 πνικτοῦ
3610 3726 3709 3777 καὶ

2131 3816 2385 3888 πορνείας
2417 3819 2475 3868 ἐν
2520 3818 2637 3880 ταῖς
2688 3814 2924 3886 Πράξεσι
2982 3816 3316 3884 γέγραπται.
3373 3817 3551 3869 Τινῶν
3594 3818 3707 3887 γὰρ

2128 3910 2396 3978 λεγόντων
2451 3910 2562 3964 δεῖν
2618 3910 2743 3973 τοὺς
2810 3908 3173 3973 πιστεύοντας
3229 3900 3707 3980 περιτέμνεσθαι,

2131 4003 2471 4064 συνελθόντες
2497 4004 2545 4054 οἱ
2580 4001 2870 4055 ἀπόστολοι
2902 4002 2998 4057 καὶ
3038 4003 3066 4055 ὁ
3095 4002 3414 4071 ἀδελφόθεος
3450 4004 3709 4066 Ἰάκωϐος

2132 4096 2521 4150 ἐϐουλεύσαντο
2583 4098 2716 4166 περὶ
2767 4095 2986 4159 τούτου,
3055 4096 3147 4149 καὶ
3179 4096 3550 4149 ἐπεστάλκασι
3588 4100 3704 4160 τοῖς

2132 4170 2341 4252 πιστοῖς
2360 4186 2657 4258 ἀπέχεσθαι
2671 4190 2779 4241 τῶν
2797 4188 3182 4255 εἰδωλοθύτων,
3212 4187 3307 4242 καὶ¹
3326 4190 3583 4259 αἵματος,
3611 4190 3708 4243 καὶ

2133 4283 2382 4349 πνικτοῦ,
2413 4284 2509 4337 καὶ
2542 4284 2819 4353 πορνείας,
2851 4285 2945 4336 καὶ
2971 4285 3144 4355 μηδὲν
3177 4284 3340 4337 πλέον
3372 4285 3555 4347 αὐτοῖς
3582 4289 3707 4337 ἐπι⁹

2136 4374 2589 4447 τίθεσθαιθβάρος.
2645 4376 2746 4426 Kal
2781 4377 2837 4425 ἐν
2869 4378 2931 4443 τῇ
2969 4375 3182 4427 Γενέσει
3221 4374 3279 4426 δὲ
3310 4375 3702 4429 διατέτακται⁸

455 4487 559 4536 que
623 4477 946 4535 praeceptum
1011 4464 1319 4529 huiusmodi
1375 4476 1555 4517 exstat
1616 4465 1916 4526 :Carnem,
1970 4465 2022 4516 in

2139 4469 2211 4521 Ἰὸ
2241 4435 2415 4536 κρέας.
2436 4435 2493 4520 ἐν
2520 4468 2711 4537 αἵματι
2739 4435 3021 4535 ψυχῆςυύ
3047 4466 3307 4535 φάγεσθε.
3341 4468 3419 4537 Τῇ
3445 4467 3566 4538 θείᾳ
3594 4468 3708 4521 τοί-

455 4562 721 4627 sanguine
767 4560 961 4609 unione
1009 4570 1116 4607 non
1184 4556 1483 4609 comedetis
1506 4556 1548 4609 ³.
1606 4556 1810 4609 Divina:
1861 4558 2025 4624 igitur

458 4656 749 4719 Scr-quorm
786 4652 1184 4711 auctoritatem,
1210 4665 1330 4701 curn
1361 4658 1717 4702 mactatoruni
1761 4650 2018 4703 animan-

456 4752 589 4801 tinm
627 4743 945 4813 sanguinein
1000 4759 1027 4792 a
1078 4742 1356 4794 nonnullis
1403 4742 1638 4810 quadam
1686 4742 1852 4812 233
1904 4753 2024 4796 arte

454 4842 684 4899 mndiri,
719 4850 882 4907 atque
920 4836 988 4888 ab
1039 4837 1105 4887 iis
1155 4835 1340 4888 esitari
1374 4841 1800 4907 cognovissent,
1836 4838 1886 4889 id
1920 4837 2025 4889 hoc

454 4952 663 4988 canone
698 4937 811 4988 lieri
844 4946 1100 4996 vetuere;
1134 4934 1337 5002 quique
1369 4948 1474 4984 non
1509 4932 1830 4998 paruerint,
1860 4930 2025 4981 cleri-

410 5048 549 5143 ἓως
581 5029 797 5097 quidem
831 5028 1197 5096 depositione,
1261 5026 1428 5078 laicos
1492 5039 1619 5077 vero
1651 5024 2026 5092 segregatione

461 5139 470 5143 -
496 5120 675 5143 -..ειμι-ἶ
719 5121 903 5143 ξ.-1.--.ι

370 5120 676 5173 ιέιιιιιίιειτῖ
714 5121 928 5189 iubent.

533 5211 761 5266 AltlS'l‘.
803 5232 819 5260 ι
858 5211 1106 5266 Clericus
1140 5212 1459 5281 sanguinem
1495 5209 1661 5264 edens
1685 5208 1978 5279 deponitur
2006 5225 2021 5262 :

465 5320 483 5353 ι
521 5303 691 5357 laicus
721 5317 898 5357 autem
925 5317 1260 5375 segregatur.
1308 5325 1323 5353 ι
1360 5303 1706 5371 Perspicuus.

987 5397 1217 5453 CANON
1262 5397 1494 5451 LXVIII.

468 5505 486 5535 ο
528 5485 733 5540 Nemini
797 5487 962 5541 licere
1004 5488 1214 5543 Veteris
1262 5501 1315 5543 et
1375 5490 1506 5544 Novi
1565 5492 1895 5547 Testamouti
1954 5494 2022 5545 li-

500 5600 553 5649 ,ι
596 5582 775 5646 hrum,
803 5574 1183 5635 sanctoruuwe
1228 5594 1532 5636 nostrorum
1590 5597 1642 5637 ct
1699 5588 2029 5654 approbato-

536 5767 695 5818 ‘Act.
733 5763 931 5829 xv,?.9.
1005 5763 1221 5817 ’chit.
1260 5782 1385 5830 \‘Hl,
1427 5768 1509 5822 I2.
1591 5770 1608 5801 ³
1650 5758 1849 5838 Cenes,
1888 5775 2037 5839 txld.

2135 4580 2228 4613 νυν
2259 4561 2449 4630 Γραφῇ
2483 4561 2573 4611 καὶ
2604 4561 2652 4613 οἱ
2677 4558 2807 4611 θεῖοι
2842 4558 3081 4626 Πατέρες
3111 4558 3389 4628 ἑπόμενοι,
3426 4560 3547 4611 ἐπεὶ
3571 4559 3712 4629 ἐμα-

2136 4654 2226 4706 06v
2277 4638 2705 4723 τιναςμεθόδοις
2745 4653 2858 4704 τισὶ
2889 4653 2948 4704 τὸ
2972 4647 3113 4718 αἷμα
3149 4652 3259 4704 τῶν
3310 4654 3706 4723 σφαττομένων

2135 4747 2289 4809 ζώων
2322 4749 2611 4808 ποιοῦντας
2642 4746 2922 4814 ἐδώδιμον,
2946 4747 3043 4798 καὶ
3082 4744 3363 4807 ἐσθίοντας
3414 4746 3568 4811 αὐτὸ,
3616 4746 3707 4799 διὰ

2134 4840 2227 4919 τοῦ
2256 4841 2477 4903 κανόνος
2495 4839 2686 4892 τούτου
2714 4839 3058 4891 κεκωλύκασι
3075 4837 3135 4889 τὸ
3151 4836 3391 4889 τοιοῦτόν
3417 4853 3470 4889 τι
3503 4840 3703 4904 ποιεῖν,

2135 4937 2561 5003 ἐπιτιμήσαντες
2590 4935 2702 4994 τοίς
2744 4931 2986 4984 τοιοῦτόν
3038 4949 3091 4983 τι
3145 4929 3394 4982 ποιοῦσιν
3423 4968 3439 4993 ,
3480 4929 3532 4981 εί
3597 4931 3697 4997 μὲν

2134 5030 2388 5100 κληρικοὶ
2438 5024 2568 5091 εἷεν,
2631 5027 2966 5097 καθαίρεσιν,
3026 5023 3169 5078 εἰδὲ
3222 5023 3425 5087 λαῖκοὶ,
3501 5025 3697 5094 ἀφορι-

2136 5126 2290 5191 σμόν.

2130 5216 2351 5268 ΑΡΙΣΤ.
2412 5233 2430 5265 ι
2476 5212 2746 5283 Κληρικὺς
2773 5206 2915 5278 αἷμα
2943 5208 3138 5263 ἐσθίων
3182 5207 3552 5276 καθαιρεῖται,
3579 5205 3701 5258 λαῖ-

2482 5308 2569 5368 κος
2602 5306 2657 5357 δέ
2686 5304 3020 5373 ἀφορίζεται.
3066 5319 3084 5351 ι
3123 5301 3353 5369 Σαφής.

2711 5398 2949 5451 ΚΑΝΩΝ
2972 5394 3097 5450 ΞίΓ.

2144 5516 2159 5548 ι
2206 5498 2335 5566 Περὶ
2359 5495 2450 5548 τοῦ
2484 5494 2557 5565 μὴ
2586 5491 2784 5557 ἐξεῖναί
2810 5509 2914 5543 τινι
2938 5490 3043 5543 τῶν
3076 5492 3293 5544 πάντων
3326 5490 3540 5559 βιϐλίων
3596 5487 3700 5554 τῆς

2212 5611 2226 5640 ι
2274 5590 2504 5651 παλαιᾶς
2555 5589 2645 5641 καὶ
2697 5585 2887 5656 καινῆς
2938 5585 3237 5655 Διαθὴκης,
3286 5584 3391 5637 τῶν
3445 5600 3499 5635 τε
3526 5580 3699 5650 ἁγίων
