4092 6214
451 329 557 393 755
668 393 671 401 ,

1722 335 2002 394 THEOD.
2046 335 2139 392 BA
2149 336 2445 397 LSAMON

3587 331 3697 395 ’156

450 441 766 506 verisimile.
812 445 1069 500 mulieres
1123 447 1367 514 quaedam
1417 461 1482 500 eo
1526 457 1767 516 tempore
1807 447 2017 502 divinas

2123 448 2464 518 εμποδίστως
2516 450 2720 504 λαλεῖν.
2805 449 2916 504 Καὶ
3003 446 3305 520 τηνικαῦτα
3358 446 3467 517 γὰρ
3539 449 3700 517 σιγᾷν

452 533 770 607 Scripturas
809 538 989 608 legere
1013 553 1122 607 pra:
1147 555 1206 594 se
1233 539 1495 604 ferentes,
1530 540 1844 595 concionari
1876 556 2018 610 stepe

448 629 931 700 aggrediebantur,
955 640 1010 686 et
1038 633 1103 685 ad
1133 633 1596 696 interrogationes
1624 649 1688 688 ac
1712 636 2022 706 responsio-

447 738 548 778 nes
575 739 633 778 se
667 738 1011 794 comparare.
1049 723 1203 792 Quod
1259 725 1480 796 quidem
1529 727 1783 782 Patrihus
1817 745 2020 800 nequa-

431 797 611 884 'quam
645 817 964 871 mulieribus
986 819 1285 874 convenire
1312 819 1491 874 visum
1524 831 1641 889 est;
1675 819 1908 890 ideoque
1935 830 2020 878 est

448 909 810 977 prohibitum.
865 912 1126 966 Privatim
1183 920 1365 969 autem
1421 914 1807 984 prudentiores
1843 917 2017 972 inter-

447 1017 645 1070 rogare
673 1003 742 1057 de
768 1004 1048 1074 aliquibus
1085 1008 1282 1062 anima:
1313 1007 2014 1073 conducibilibus,-novum

448 1110 560 1148 non
590 1105 696 1150 est.
733 1087 876 1167 Lege
903 1107 959 1151 et
1004 1113 1104 1152 vm
1137 1099 1232 1155 lib.
1299 1099 1464 1156 Basil.
1517 1103 1602 1156 tit.
1671 1103 1722 1166 1,
1788 1117 1908 1172 cap.
1968 1105 2019 1167 1,

387 1177 415 1204 ·’
448 1187 654 1242 decrct.
685 1189 738 1252 5,
766 1189 912 1258 quod
941 1191 1193 1258 prohibet
1235 1193 1496 1248 mulieres
1549 1195 1768 1262 publice
1819 1211 2019 1254 causas

448 1294 627 1349 agere.
649 1281 729 1336 sie
753 1298 1010 1349 expresse
1034 1284 1253 1338 dicens:
1285 1283 1388 1337 Pro
1404 1300 1461 1338 se
1482 1285 1613 1338 solis
1637 1301 1831 1340 causas
1855 1296 2023 1356 agunt

360 1395 362 1398 ν
448 1372 646 1426 mulier
676 1383 730 1427 et
789 1389 967 1428 circus
1005 1386 1019 1426 :
1060 1375 1256 1429 mulier
1307 1378 1450 1430 enim
1500 1377 1641 1430 virili
1695 1378 1870 1432 ollieio
1913 1394 2018 1432 non

449 1464 728 1534 fungitur;
761 1475 814 1520 et
846 1483 934 1521 χιιι
968 1467 1060 1521 lib.
1095 1468 1180 1520 tit.
1218 1468 1267 1533 1,
1301 1483 1422 1536 cap.
1458 1470 1554 1538 11,
1584 1471 1806 1524 dicens:
1833 1471 2023 1525 Mulier

447 1558 503 1613 in
539 1566 867 1620 testamento
894 1577 998 1614 non
1031 1560 1134 1613 fert
1168 1563 1534 1616 testimonium
1570 1580 1582 1614 :
1611 1562 1661 1615 iu
1694 1563 1817 1619 aliis
1839 1573 2018 1617 autem

447 1646 586 1701 dicit
619 1648 1023 1712 testimonium,
1053 1649 1106 1703 in
1139 1650 1339 1719 quibus
1370 1651 1470 1704 viri
1501 1667 1610 1705 non
1640 1664 2017 1709 accersuntur.

444 1736 514 1791 Et
546 1738 615 1792 48
639 1739 918 1794 Novellum
954 1740 1086 1809 imp.
1111 1741 1543 1830 dominivLeonis
1574 1742 1866 1815 Sapientis.
1899 1761 2020 1813 quae

416 1827 698 1898 ,probibet
725 1831 985 1886 mulieres
1009 1833 1060 1886 in
1077 1861 1082 1864 -
1098 1827 1559 1888 conventionibus
1575 1844 1623 1889 el
1645 1835 2016 1891 contractibus

449 1922 592 1976 ferre
619 1923 990 1977 testimonium
1030 1941 1045 1978 :
1081 1925 1135 1978 in
1183 1934 1342 1995 partu
1393 1939 1597 1992 autem,
1632 1937 1686 1981 et
1731 1930 1784 1981 in
1838 1929 1926 1988 iis.
1960 1931 2016 1984 in

445 2016 647 2085 quibus
677 2017 826 2072 solus
876 2015 1170 2086 {pruiniuus
1219 2030 1476 2088 aspectus
1523 2020 1843 2082 admittitur.
1905 2040 2014 2077 non

426 2111 612 2164 .etiam
642 2111 786 2164 oculi
825 2111 1145 2174 hominum,
1195 2129 1288 2172 eas
1339 2114 1714 2168 testimonium
1775 2119 2016 2186 praebere

449 2201 738 2270 permittit.
775 2201 967 2266 Quare
1008 2212 1061 2255 et
1089 2201 1386 2258 Iustiniani
1431 2206 1531 2260 118
1583 2207 1884 2270 Novellaut,
1919 2225 2015 2264 seu

446 2303 612 2362 caput
646 2294 713 2348 14
737 2334 753 2359 ,
780 2294 815 2347 4
850 2295 931 2349 tit.
976 2311 1164 2349 xxxvii
1199 2297 1320 2350 libri
1360 2297 1576 2353 Basilic.
1611 2317 1732 2367 quae
1764 2303 2018 2368 prohibet

448 2388 704 2441 mulieres
737 2387 850 2440 ﬁeri
887 2387 1135 2463 tutriees.
1167 2397 1220 2442 et
1250 2389 1362 2443 haec
1396 2393 1623 2460 praecise
1651 2394 1815 2450 dicit:
1839 2394 2018 2450 Femi-

445 2476 535 2532 nis
573 2477 716 2531 enim
749 2493 850 2534 nos
883 2494 1104 2548 quoque
1148 2481 1520 2550 prohibemus,
1555 2502 1623 2541 ne
1667 2491 1849 2545 tutela:
1894 2510 2016 2547 tnu-

447 2581 580 2620 nera
623 2568 877 2635 subeant,
926 2569 1032 2623 nisi
1085 2569 1156 2623 sit
1210 2579 1385 2627 mater
1420 2574 1502 2628 vel
1554 2578 1696 2633 avia.
1753 2582 1827 2637 Iis
1865 2586 2012 2637 enim

447 2658 580 2712 solis
611 2660 912 2713 secundum
952 2660 1286 2718 ltmreditatis
1334 2665 1580 2720 ordinem
1617 2671 1837 2725 tutelam
1877 2690 2016 2743 quo-

444 2766 554 2816 que
581 2751 767 2806 subire
798 2753 1190 2822 permittimus,
1220 2757 1267 2810 si
1301 2758 1524 2827 scriptis
1550 2771 1603 2815 et
1625 2763 1747 2818 aliis
1782 2769 2009 2836 nuptiis,

445 2852 499 2894 et
537 2847 1000 2900 senatusconsulti
1038 2845 1299 2903 Velleiani
1325 2852 1531 2907 auxilio
1551 2857 2007 2925 renuntiaverint,

446 2933 502 2986 Si
538 2933 651 2988 haec
671 2937 816 2990 enim
849 2941 1482 3004 servaverint,omnibus
1503 2951 1594 3018 qui
1618 2950 1673 3004 in
1705 2961 2012 3011 transversa

443 3033 576 3078 sunt
609 3025 752 3080 linea
798 3030 1049 3098 cognatis
1092 3030 1145 3083 in
1205 3033 1372 3086 tutela
1411 3037 1804 3105 przeferentur,
1845 3053 2012 3100 testa-

2121 543 2450 610 ὀφείλουσιν.
2521 544 2609 608 Ὠς
2661 543 2807 598 ἔοικε
2863 543 2922 597 δὲ
2985 542 3244 612 γυναῖκές
3298 557 3487 607 τινες,
3562 541 3705 595 κατὰ

2122 641 2214 693 τὸν
2244 640 2365 693 τότε
2397 641 2588 712 καιρὸν
2616 641 2926 710 ἀνάγνωσιν
2958 642 3121 695 θείων
3180 639 3412 710 Γραφῶν
3465 641 3702 709 ὑποκρικ

2121 733 2362 802 νόμεναι,
2418 732 2800 799 ἐκκλησιάζειν
2866 733 3188 803 ἐπεχείρουν
3245 730 3326 784 τὰ.Δ
3359 731 3553 794 πολλὰ,
3604 733 3704 784 καὶ

2123 823 2257 894 πρὸς
2295 825 2594 895 ἐρωτήσεις
2646 829 2741 878 καὶ
2785 825 3098 892 ἀποκρίσεις
3137 825 3524 894 ἑτοιμάζεσθαι
3562 825 3702 896 ὅπερ

2122 914 2392 970 ἀνοίκειον
2412 911 2554 969 εἶναι
2581 917 2828 986 γυναιξὶν
2855 915 3001 983 ἔδοξε
3057 920 3170 978 τοῖς
3207 917 3456 987 Πατράσι
3488 933 3502 948 ο
3563 918 3697 971 κάν-

2122 1009 2310 1063 τεῦθεν
2339 1011 2436 1064 καὶ
2463 1011 2734 1082 ἐκωλύθη.
2771 1014 2908 1066 Κατ’
2949 1011 3086 1065 ἰδίαν
3106 1011 3162 1064 δὲ
3195 1012 3410 1081 ἐρωτᾷν
3435 1010 3536 1073 τὰς
3567 1027 3696 1062 συν-

2121 1102 2392 1172 ετωτέρας
2423 1106 2549 1173 περὶ
2587 1104 2924 1174 ψυχωφελῶν
2963 1123 3131 1158 τινων
3163 1105 3263 1158 οὐκ
3311 1101 3427 1157 ἐστὶ
3488 1105 3696 1159 καινόν.

2135 1195 2442 1263 Ἀνάγνωθι
2477 1198 2571 1250 καὶ
2613 1198 2816 1269 βιϐλίον
2841 1206 2892 1268 η’
2927 1199 3038 1252 τῶν
3084 1199 3386 1252 Βασιλικῶν
3409 1198 3590 1252 τίτλου
3622 1201 3695 1262 α’,

2124 1288 2268 1357 θέμα
2293 1295 2333 1342 ε’
2357 1290 2570 1343 κωλύον
2597 1292 2710 1364 ,τὰς
2757 1294 3025 1358 γυναῖκας
3055 1293 3378 1362 συνηγορεῖν
3434 1293 3693 1362 δημοσίᾳ,

2121 1381 2278 1452 λέγον
2315 1382 2460 1438 οὕτω
2507 1386 2682 1454 ῥητῶς
2705 1402 2718 1416 ⁸
2765 1385 2936 1454 ’Υπὲρ
2992 1387 3171 1458 μόνων
3205 1386 3418 1440 ἑαυτῶν
3454 1401 3694 1457 συνηγοα

2127 1477 2280 1544 ροῦσι
2314 1477 2450 1547 γυνὴ
2477 1479 2574 1531 καὶ
2601 1478 2840 1548 τυφλός·
2875 1481 2908 1546 ἡ
2938 1481 3075 1549 γυνὴ
3101 1479 3210 1549 γὰρ
3258 1480 3320 1531 οὐ
3369 1478 3696 1548 μετέρχεται

2123 1569 2334 1640 ἀνδρῶν
2389 1571 2617 1639 ὀφφίκια
2640 1590 2654 1604 ·
2689 1574 2781 1625 καὶ
2817 1571 3021 1642 βιϐλίον
3052 1578 3158 1638 καθ,
3182 1572 3319 1624 τίτλ.
3343 1578 3419 1636 α’,
3455 1589 3586 1639 κεφ.
3607 1569 3699 1633 ια’,

2122 1660 2282 1729 λέγον
2304 1677 2318 1689 ·
2355 1662 2497 1732 Γυνὴ
2517 1665 2574 1714 ὲν
2599 1662 2832 1733 διαθήκῃ
2868 1663 2927 1716 ού
2954 1665 3256 1732 μαρτυρεῖ·
3305 1666 3363 1715 ἐν
3394 1661 3576 1724 ἄλλοις
3635 1662 3694 1714 δὲ

2051 1805 2094 1860 Β
2129 1755 2435 1824 μαρτυρίαν
2469 1753 2645 1823 νέμεις
2675 1756 2733 1808 ἐν
2767 1751 2866 1818 ὀἷς
2902 1757 3094 1824 ἄνδρες
3122 1756 3182 1808 ού
3224 1755 3686 1825 προσκαλοῦνταυ

2124 1846 2217 1898 καὶ
2277 1847 2376 1916 τὴν
2416 1845 2504 1916 μη¹
2531 1846 2754 1918 Νεαρὰν
2801 1847 2896 1902 τοῦ
2931 1847 3200 1917 βασιλέως
3239 1847 3410 1917 κυροῦ
3473 1847 3703 1908 Λέοντος

2123 1937 2219 1991 τοῦ
2245 1938 2422 2006 Σοφοῦ
2456 1939 2778 1992 κωλύουσαν
2805 1943 3070 2007 γυναῖκας
3099 1937 3193 1989 ἐπὶ
3214 1937 3523 2007 συμφώνως
3555 1953 3702 2005 μαρ-

2123 2031 2312 2098 τυρεῖν
2366 2029 2463 2082 καὶ
2514 2030 2994 2097 συναλλάγμασιν·
3051 2028 3146 2080 ἐπὶ
3212 2028 3268 2080 δὲ
3313 2029 3551 2080 τοκετῶν
3606 2028 3702 2078 καὶ

2123 2120 2298 2194 ἐφ’ὧν
2335 2126 2470 2197 μόνη
2526 2127 2734 2195 θηλυκὰ
2762 2125 2885 2195 ὄψις
2914 2127 3035 2196 ὁρᾷ,
3059 2127 3119 2178 οὐ
3158 2126 3265 2196 μὴν
3309 2124 3401 2176 καὶ
3432 2122 3702 2191 ὀφθαλμοὶ

2107 2201 2391 2290 ἀρρένων,
2422 2217 2828 2287 ἐπιτρέπουσαν
2854 2218 3024 2286 αὐτὴν
3052 2218 3368 2286 μαρτυρεῖν.
3409 2216 3570 2284 Ζήτει
3597 2207 3694 2265 καλ¹

2090 2343 2094 2350 ι
2123 2311 2220 2379 τὴν
2252 2308 2356 2380 ριη⁹
2378 2306 2808 2361 Ἰουστινιάνείον
2837 2307 3082 2376 Νεαρὰν,
3113 2307 3231 2375 ἤτοι
3259 2323 3385 2370 κειρ.
3413 2304 3507 2357 τοῦ
3539 2305 3598 2357 ιδ’
3622 2303 3704 2356 τί·

2122 2402 2249 2456 τλον
2278 2401 2371 2454 τοῦ
2398 2398 2476 2466 λζ’
2526 2399 2731 2470 βιϐλίου
2761 2398 2871 2452 τῶν
2892 2399 3221 2465 Βασιλικῶν,
3264 2396 3579 2450 κωλύουσαν
3607 2396 3704 2458 τάς

2123 2498 2391 2564 γυναῖκας
2431 2495 2763 2565 ἐπιτρόπους
2792 2493 3065 2559 γίνεσθαι,
3126 2493 3224 2545 καὶ
3267 2492 3532 2561 λέγουσαν
3562 2489 3706 2543 οὕτω

2126 2589 2303 2660 ῥητῶς
2337 2589 2394 2640 ἐν
2427 2587 2616 2657 μέρει·
2649 2586 2783 2649 Ταῖς
2812 2586 2921 2656 γὰρ
2945 2584 3162 2653 γυναιξὶ
3189 2587 3283 2639 καὶ
3303 2586 3468 2656 ἡμεῖς
3495 2586 3703 2651 ἀπαγο-

2125 2680 2355 2751 ρεύομεν
2371 2678 2439 2732 τὰ
2457 2677 2558 2746 τῆς
2572 2676 2874 2750 ἐπιτροπῆς
2889 2677 3140 2730 ὑπελθεῖν
3162 2679 3450 2750 λειτουργή
3461 2693 3629 2747 ματα,
3650 2677 3703 2728 εἰ

2124 2775 2200 2845 μὴ
2221 2771 2451 2844 μήτηρῆ
2474 2771 2678 2842 μάμμη
2704 2772 2810 2841 εἴη.
2838 2770 3076 2832 Ταύταις
3097 2756 3203 2841 γάρ
3224 2771 3414 2839 μόναις
3433 2772 3574 2824 κατᾶ
3599 2772 3700 2839 τὴν

2119 2869 2218 2939 τῆς
2240 2864 2612 2937 κληρονομίας
2654 2861 2809 2928 τάξιν
2845 2865 2943 2917 καὶ
2967 2864 3066 2934 τὴν
3114 2863 3423 2933 ἐπιτροπὴν
3448 2863 3704 2915 ὑπελθεῖν

2120 2962 2366 3032 ἐφίεμεν,
2384 2961 2478 3014 ἐὰν
2504 2961 2562 3012 ἐν
2593 2960 2949 3028 ὑπομνήμασι
2967 2959 3058 3011 καὶ
3076 2958 3274 3026 γάμοις
3293 2958 3501 3028 ἑτέροις
3522 2958 3615 3009 καὶ
3634 2957 3702 3026 τῇ

2124 3054 2346 3126 βοηθείᾳ
2397 3052 2493 3107 τοῦ
2561 3050 2902 3104 Βελλιανείου
2961 3051 3230 3120 δόγματος
3256 3048 3702 3118 ἀπαγορεύσωσι.

361 3157 363 3162 .
441 3117 728 3174 mentariis
774 3119 992 3174 demum
1025 3122 1300 3180 tutoribus
1340 3141 1434 3182 eas
1467 3134 1878 3192 anteeuntibus.
1913 3137 2015 3193 De-

2123 3145 2309 3200 Ταῦτα
2356 3145 2465 3215 γὰρ
2511 3142 2880 3212 φυλάττουσαι
2939 3142 3154 3195 πάντων
3186 3140 3297 3194 τῶν
3345 3141 3410 3192 ἐκ
3464 3140 3703 3207 πλαγίου

443 3210 618 3264 functi
677 3211 821 3265 enim
884 3213 1222 3268 voluntatem
1295 3223 1351 3271 et
1396 3218 1712 3279 electionem
1770 3227 2013 3296 praeferri

437 3293 715 3361 volumus.
768 3307 911 3378 Lege
949 3318 1002 3365 et
1053 3311 1134 3365 tit.
1171 3312 1204 3366 5
1251 3314 1496 3384 ejusdem
1557 3319 1680 3374 libri
1731 3293 1852 3394 cap.
1899 3327 2013 3391 20,

439 3401 624 3453 thema
667 3402 724 3465 ’5,
757 3402 949 3458 dicens
979 3421 991 3456 :
1029 3404 1222 3459 Mulier
1252 3422 1358 3460 non
1385 3417 1469 3463 est
1500 3414 1764 3468 curatrix.
1817 3456 1835 3498 Ι

439 3495 810 3561 προτιμᾶσθαι
839 3495 1164 3566 βουλόμεθα.
1189 3497 1491 3567 Ἀνάγνωθι
1525 3505 1619 3558 καὶ
1639 3495 1821 3561 τίτλον
1850 3512 1892 3564 ε’
1913 3513 2009 3569 τοῦ
2047 3514 2216 3570 αὐτοῦ
2270 3513 2476 3585 βιϐλίου
2510 3529 2636 3582 κεφ.
2673 3508 2721 3564 κ’
2746 3512 2833 3564 καὶ
2861 3509 3002 3580 θέμα
3031 3507 3104 3576 γ’.
3161 3508 3341 3574 λέγον·

441 3607 538 3644 κου
548 3592 869 3663 ρατωρεύει.

512 3685 1100 3758 ΖΟΝΑΒ.,δίιοηιὶιιηι
1135 3689 1376 3759 feminis,
1405 3710 1514 3750 non
1543 3697 1720 3754 solum
1755 3706 2016 3772 quamdiu

442 3792 601 3831 sacra
644 3780 902 3848 mysteria
952 3790 1313 3849 peraguntur,
1355 3787 1449 3839 sed
1487 3786 1798 3859 ubicunque
1833 3795 2019 3851 ﬁdeles

441 3870 823 3935 convenerint,
860 3888 1091 3942 magnus
1130 3874 1328 3930 Paulus
1371 3877 1583 3935 indicit.
1611 3880 1926 3941 llocautem
1954 3890 2020 3945 iis

442 3965 632 4028 etiam,
667 3965 760 4033 qui
797 3974 928 4020 sunt
958 3978 1110 4020 extra
1137 3969 1446 4036 ecclesiam,
1477 3977 1816 4031 conveniens
1847 3980 2020 4035 visum

441 4067 546 4114 est.
574 4053 1025 4121 Mulieres'enim,
1057 4061 1235 4131 inquit
1266 4071 1448 4136 pocla,
1475 4068 1659 4122 nescio
1681 4071 1832 4138 quis,
1863 4085 2025 4127 ornat

447 4149 748 4204 silentium.
789 4149 888 4204 Hic
917 4167 1046 4206 vero
1067 4168 1243 4207 canon
1277 4157 1419 4236 sacri
1455 4158 1746 4216 miniSterii
1779 4171 2024 4234 tempore

446 4242 680 4297 feminas
717 4243 880 4298 silere
903 4244 1172 4299 duntaxat
1207 4239 1385 4313 jubet.
1423 4250 1483 4304 Si
1509 4251 1636 4318 quid
1669 4265 1851 4308 autem
1882 4258 2025 4312 scire

445 4335 677 4405 cupiunt
699 4375 716 4400 ,
747 4337 918 4403 viros,
957 4339 1136 4407 inquit
1171 4357 1347 4396 canon
1372 4383 1386 4406 ,
1425 4343 1588 4413 idque
1622 4361 1686 4400 ex
1718 4346 1980 4416 Apostolo
2006 4392 2022 4412 ,

446 4431 594 4514 domi
625 4430 990 4500 interrogent.
1029 4431 1190 4502 Legis
1244 4451 1405 4503 porro
1454 4439 1676 4493 nomine
1721 4443 2022 4512 apostolica

450 4523 674 4576 oracula
709 4522 813 4576 ltoc
849 4538 1061 4578 canone
1094 4525 1496 4593 signiﬁcantur.

517 4612 748 4668 ARIST.
792 4635 809 4664 ι
855 4614 1170 4670 Mulieribus
1202 4618 1256 4670 in
1287 4621 1540 4676 ecclesiis
1574 4623 1722 4691 loqui
1760 4641 1865 4679 non
1899 4644 2024 4698 per-

449 4725 469 4759 ι
514 4709 773 4762 mittitur.
825 4728 843 4759 ι

516 4802 574 4856 Si
627 4803 770 4854 enim
833 4803 1045 4856 discere
1091 4803 1295 4872 aliquid
1349 4807 1555 4871 velint,
1609 4813 1837 4869 maritos
1895 4831 2028 4870 suos

443 4897 588 4952 domi
626 4897 984 4967 interrogent.
1573 4881 1575 4886 ‘

1004 4989 1237 5045 CANON
1285 4992 1487 5048 LXXi.‘

448 5099 469 5134 ι
508 5084 641 5147 Eos,
675 5086 768 5154 qui
798 5085 1065 5140 docentur
1093 5086 1238 5156 leges
1277 5089 1465 5142 civiles
1489 5130 1502 5152 ,
1536 5089 1743 5146 Crteeis
1779 5094 2026 5148 moribus

525 5195 544 5227 ι
584 5176 660 5230 uti
700 5195 807 5232 non
845 5191 1125 5250 oportere.
1148 5190 1203 5234 et
1231 5195 1407 5250 neque
1437 5182 1490 5235 in
1521 5184 1791 5238 theatrum
1821 5186 2028 5244 induci.

525 5288 544 5321 ι
592 5287 767 5341 neque
803 5289 926 5344 quae
979 5273 1243 5330 dicuntur
1303 5277 1541 5347 cylistrae
1597 5294 1888 5349 peragere,
1940 5281 2022 5333 vel

521 5381 542 5415 ι
582 5375 779 5434 praeter
819 5383 980 5424 usum
1020 5385 1366 5426 communem
1406 5371 1513 5426 sibi
1546 5380 1726 5426 vestes
1768 5372 2018 5435 induere,

526 5464 546 5508 ι
587 5473 686 5513 nec
719 5473 829 5528 quo
857 5468 1104 5532 tempore
1127 5461 1471 5532 disciplinam
1497 5463 1910 5533 aggrediuntur,
1941 5466 2020 5517 \‘t'l

2123 3235 2398 3306 συγγενῶν
2417 3237 2496 3298 εἰς
2513 3234 2617 3305 τὴν,
2631 3231 2931 3303 ἐπιτροπὴν
2955 3231 3484 3302 προτιμηθήσονται,
3503 3230 3614 3281 τῶν
3641 3230 3704 3278 ἐκ

2121 3331 2388 3402 διαθήκης
2407 3329 2585 3400 μόνων
2607 3327 2918 3396 ἐπιτρόπων
2942 3325 3439 3395 προλαμδανόντων
3471 3322 3701 3382 ταύτας.

2122 3423 2234 3494 Τὴν
2253 3423 2363 3493 γάρ
2388 3419 2484 3476 τοῦ
2507 3419 2932 3490 τελευτήσαντος
2963 3417 3218 3489 βούλησίν
3247 3433 3307 3469 τε
3332 3415 3428 3468 καὶ
3449 3411 3711 3482 ἐπιλογὴν

2122 3514 2216 3556 ςερνιῦ
2270 3513 2476 3556 ϐιϐλίου
2510 3529 2636 3556 γεω-
2673 3508 2721 3556 ιζ’
2746 3512 2833 3556 καὶ
2861 3509 3002 3556 θέιια
3031 3507 3104 3556 γ’-
3161 3508 3341 3556 λέγων’
3435 3504 3578 3556 Γυνῆ
3637 3501 3705 3556 οὐ

3435 3504 3579 3576 Γυνὴ
3637 3520 3667 3556 ο

2193 3706 2439 3761 ΖΩΝΛΡ.
2512 3702 2678 3771 Σιγᾷν
2723 3701 2751 3753 ὁ
2805 3700 2978 3769 μέγας
3024 3697 3236 3760 Παῦλος
3273 3698 3394 3759 ταῖς
3457 3691 3708 3763 γυναιξὶν

2123 3799 2403 3852 ἐπιτάττει
2427 3795 2488 3848 ού
2518 3795 2659 3848 κατὰ
2685 3791 2778 3845 τὸν
2808 3791 2999 3862 καιρὸν
3025 3791 3189 3862 μόνον
3206 3790 3305 3856 τῆς
3327 3779 3725 3857 λειτουργίας(

2123 3891 2238 3944 ἀλλ’
2291 3888 2388 3942 ἐπὶ
2424 3888 2622 3954 νπάσης
2673 3881 3038 3945 συνελεύσεως
3087 3880 3194 3934 τῶν
3250 3878 3478 3932 πιστῶν.
3533 3876 3709 3928 Τοῦτο

2121 3987 2181 4040 δὲ
2235 3983 2330 4039 καὶ
2387 3983 2500 4044 τοῖς
2555 3979 2796 4049 θύραθεν
2862 3976 3127 4047 ἁρμόδιον
3178 3974 3362 4039 ἔδοξε·
3403 3970 3539 4040 φησὶ
3586 3971 3696 4039 γάρ

2123 4097 2208 4141 τις
2254 4076 2363 4130 τῶν
2417 4073 2660 4145 ποιητῶν
2687 4089 2702 4103 ⁸
2769 4070 2991 4137 Γυναιξὶ
3033 4069 3238 4138 κόσμον
3293 4068 3326 4136 ὴ
3361 4065 3490 4135 σιγὴ
3524 4064 3706 4134 φέρει.

2127 4173 2279 4234 Τέως
2301 4171 2358 4224 δὲ
2389 4172 2417 4222 ὁ
2454 4168 2650 4238 παρὼν
2679 4164 2865 4219 κανὼν
2904 4164 3066 4232 σιγὴν
3094 4163 3289 4226 αὑταῖς
3334 4160 3621 4214 ἐπιτάττει
3646 4161 3707 4210 ἐν

2133 4261 2214 4330 τῷ
2243 4265 2341 4333 τῆς
2370 4259 2717 4333 λειτουργίας
2749 4258 2950 4329 καιρῷ.
2987 4257 3051 4310 Ei
3089 4254 3145 4308 δέ
3174 4273 3248 4318 τι,
3297 4256 3464 4336 φησὶ,
3511 4251 3706 4322 μαθεῖν

2139 4357 2372 4422 θέλουσι,
2403 4356 2526 4417 τοὺς
2594 4353 2830 4416 οἰκείους
2868 4350 3071 4420 ἄνδρας
3117 4348 3258 4401 οἴκοι
3319 4346 3704 4414 ἐρωτάτωσαν.

2136 4451 2247 4502 Καὶ
2308 4447 2468 4501 τοῦτο
2521 4445 2578 4499 δέ
2613 4441 2982 4498 ἀποστολικόν
3031 4443 3171 4493 ἐστι.
3227 4437 3411 4506 Νόμον
3447 4436 3502 4488 δὲ
3531 4434 3707 4486 ταῦτα

2075 4532 2101 4577 ί’
2129 4543 2411 4610 ὠνόμασεν
2439 4543 2467 4593 ὁ
2493 4539 2683 4617 ,κανὼν
2733 4541 2803 4592 τά
2829 4535 3165 4591 ἁποστολικὰ
3191 4532 3563 4600 διατάγματα.

2126 4635 2348 4690 ΑΡΙΣΤ.
2411 4653 2428 4684 ι
2471 4632 2692 4697 Γυναιῇ
2723 4631 2903 4684 λαλεῖν
2943 4630 3026 4683 ἐπ’
3063 4624 3510 4708 ἐκκλησίαιςκοὺκ
3576 4623 3700 4673 ἐπι-

2643 4745 2661 4777 (
2696 4726 3018 4794 τέτραπται.
3050 4741 3067 4771 ι

2197 4819 2262 4870 Εἰ
2287 4819 2395 4887 γὰρ
2424 4815 2727 4886 θελήσουσί
2757 4831 2810 4864 τι
2845 4813 3059 4882 μαθεῖν,
3093 4812 3151 4862 ἐν
3175 4811 3310 4881 οἴκῳ
3376 4810 3501 4870 τοὺς
3535 4808 3707 4874 ἰδῖους

2134 4911 2336 4982 ἄνδρας
2366 4911 2829 4980 ἐπερωτάτωσαν.
3641 4897 3652 4906 ’

2685 5002 2948 5057 ΚᾹΝΩΝ.
2988 5000 3109 5065 OA',

2137 5117 2153 5147 ι
2194 5096 2332 5158 Τοὺς
2388 5095 2808 5159 διδασκομένους
2884 5098 3010 5161 τοὺς
3065 5097 3380 5159 πολιτικοὺς
3403 5095 3604 5165 νόμους
3635 5091 3708 5161 μὴ

2187 5210 2226 5252 ,ι
2271 5189 2381 5241 δεῖν
2411 5191 2520 5251 τοῖς
2562 5175 2899 5258 mmemor;
2967 5191 3116 5242 ἔθεσι
3175 5187 3506 5259 κεχρῆσθαι,
3574 5185 3708 5253 μήτε

2211 5302 2228 5329 ι
2271 5282 2376 5349 μὴν
2408 5280 2500 5332 ἐπὶ
2529 5280 2772 5348 θεάτρων
2799 5280 3099 5346 ἀνάγεσθαι
3131 5281 3267 5351 (78),
3306 5281 3339 5350 ἢ
3392 5279 3491 5342 τὰς
3554 5278 3711 5342 λεγο-

2214 5394 2230 5424 ι
2274 5373 2442 5442 μένας
2497 5371 2791 5442 κυλίστρας
2831 5373 3184 5443 ἐπιτελεῖν,ἢ
3224 5373 3376 5443 παρὰ
3404 5373 3501 5438 τὴν
3523 5368 3705 5436 κοινὴν
3781 5410 3785 5413 ,

2215 5483 2232 5515 ι
2281 5465 2478 5535 χρῆσιν
2509 5463 2700 5526 στολάς
2735 5465 2949 5526 ἑαυτοῖς
2980 5464 3320 5535 περιτιθέναι
3349 5482 3362 5494 ο
3414 5463 3546 5532 μήτε
3581 5455 3704 5511 καθ’

1725 5605 1922 5665 Guili.
1963 5606 2294 5684 Bevercgii
2333 5617 2519 5668 nolre.

516 5717 834 5801 ('78)"E:tl
919 5724 1177 5792 θεάτρων
1259 5727 1585 5798 ἀνάγεσθαι
1673 5728 1977 5801 Lugendum

2129 5731 2231 5798 ius,
2294 5748 2416 5788 cum
2486 5731 2670 5787 codice
2744 5719 3200 5797 Attierbachiano,
3273 5730 3365 5782 ἐπὶ
3463 5725 3708 5798 θεάτρων

444 5786 757 5859 ἐνάγεπθαι.
