4092 6214
462 356 564 418 75Ἰ

531 492 549 523 ι
590 450 652 524 ὃν
678 472 864 538 καιρόν
892 471 999 523 τῶν
1022 471 1359 541 μαθημάτων
1390 474 1747 543 ἀπάρχονται,
1791 475 1824 545 ἢ
1886 476 2020 545 πρὸς
2052 484 2093 535 Α

530 584 547 616 ι
587 565 646 616 τὸ
674 564 829 626 τέλος
875 565 1055 618 αὐτῶν
1083 564 1448 627 καταντῶσιν,
1478 567 1512 635 ἢ
1561 567 1791 619 καθόλου
1829 570 2021 631 φάναι,

529 672 546 702 ι
594 652 679 704 διὰ
706 654 879 721 μέσης
906 656 1002 722 τῆς
1027 654 1281 722 τοιαύτης
1312 655 1673 719 παιδεύσεως.
1720 659 1782 709 Εἰ
1823 658 1880 711 δέ
1940 676 2023 720 τις

534 763 550 791 ι
594 744 700 796 ἀπὸ
751 744 842 796 τοῦ
885 744 979 797 νῦν
1014 746 1169 798 τοῦτο
1226 747 1430 815 πρᾶξαι
1493 748 1775 819 τολμήσοι,
1832 752 2021 821 ἀφοριο

530 856 547 886 ι
586 838 763 901 ζέσθω
793 840 928 907 (79).
976 859 994 891 ι

528 935 725 992 ΒᾹΛΣ.
776 934 837 986 Ὀ
876 936 1050 1001 μέγας
1093 937 1151 987 ἑν
1190 934 1439 1008 θεολογίᾳ
1476 938 1779 1009 Γρηγόριος
1823 940 2024 1008 γράφει

453 1030 535 1092 εἰς
575 1029 668 1080 τὸν
714 1025 1001 1092 ἑπιτάςιιον
1081 1026 1173 1080 τοῦ
1242 1028 1482 1099 μεγάλου
1533 1030 1811 1085 Βασιλείου
1864 1032 2024 1099 λόγον

453 1120 639 1179 τοῦτο.
691 1118 767 1183 ὡς
826 1121 874 1171 oi
935 1119 1177 1171 πλεῖστοι
1229 1122 1325 1173 καὶ
1372 1121 1769 1192 ἀφρονέστεροι
1822 1123 1931 1176 τῶν
1966 1126 2022 1176 ὲν

466 1211 723 1279 Ἀθήναις
795 1207 928 1260 νέων
968 1207 1517 1277 σοφιστομανοῦντες,
1572 1210 1665 1262 καὶ
1721 1211 1866 1263 κατά
1900 1212 2024 1272 τοὺς

456 1299 1074 1371 ἱπποδρομομανοῦντας
1098 1300 1209 1370 (80)
1248 1300 1548 1369 μαχόμενοι
1578 1303 1717 1371 πρὸς
1767 1302 1896 1363 τοὺς
1927 1302 2023 1353 ἀν-

452 1395 719 1456 τιθέτους,
783 1392 1377 1462 προκαταλ.αμ6ἀνουσι
1406 1394 1506 1455 τὰς
1541 1394 1727 1457 πόλεις
1774 1397 1871 1446 καὶ
1923 1395 2024 1455 τὰς

453 1485 629 1548 ὁδούς.
659 1484 769 1536 Καὶ
794 1485 917 1546 τοὺς
952 1484 1213 1554 νεήλυδας
1250 1486 1512 1553 σοφιστὰς
1548 1484 1849 1551 δεξιοῦνται
1889 1488 2026 1555 μετά

463 1575 747 1644 πομπείας
798 1576 891 1628 καὶ
924 1576 1282 1645 Εεναγωγίας,
1318 1577 1409 1630 καί
1442 1594 1605 1630 τινων
1659 1579 1863 1647 ἑτέρων
1898 1596 2025 1631 παι-

450 1670 582 1724 διῶν
611 1668 860 1738 συνήθων
889 1671 1004 1732 τοῖς
1072 1670 1501 1737 σοφιστεύουσιν.
1548 1671 1635 1734 Ὠς
1695 1672 1871 1725 ἔοικεν
1934 1673 2025 1726 οὖν

453 1764 658 1816 εἴθιστο
712 1779 845 1815 ποτε
906 1763 1002 1815 καὶ
1053 1764 1109 1815 ἑν
1162 1762 1339 1833 ταύτῃ
1391 1767 1458 1835 τῇ
1517 1763 1881 1837 βασιλευούσῃ
1914 1766 2024 1817 τῶν

453 1854 685 1917 πόλεων,
746 1855 833 1907 ὅτε
881 1855 976 1907 καὶ
1019 1856 1051 1924 ἡ
1114 1856 1221 1907 τῶν
1269 1856 1449 1925 νόμων
1497 1857 1733 1927 μάθησις
1784 1858 2023 1929 ἤκμαζε,
2061 1845 2103 1902 Β

455 1946 722 2009 τοιούτοις
762 1946 1098 2016 Ἑλληνικοῖς
1147 1948 1295 2001 ἔθεσι
1343 1950 1649 2019 κεχρῆσθαί
1701 1969 1877 2017 τινας,
1933 1953 2027 2005 καὶ

453 2040 581 2101 τοὺς
608 2038 901 2105 μέλλοντας
933 2040 1070 2109 πρὸς
1093 2042 1191 2107 τὴν
1219 2041 1328 2092 τῶν
1374 2042 1554 2111 νόμων
1618 2042 1857 2111 μάθησιν
1887 2046 2025 2096 ἀπο-

452 2128 749 2198 δύεσθαι.ἢ
781 2129 910 2191 τοὺς
952 2128 1042 2181 διὰ
1115 2129 1287 2198 μέσης
1340 2130 1437 2198 τῆς
1493 2131 1843 2192 διδασκαλίας
1894 2147 2026 2199 προ-

448 2217 756 2279 οδεύοντας,
812 2218 1001 2285 ἢτοὺς
1050 2217 1441 2280 τελειωθέντας
1493 2220 1627 2289 μετά
1690 2214 2025 2289 προπομπῆς

454 2311 550 2364 καὶ
579 2310 883 2363 πολυτελῶν
912 2310 1199 2379 ἀσυνήθων
1263 2311 1494 2378 ἱματίων
1536 2310 1876 2381 θεατρίζειν·
1931 2314 2026 2365 καὶ

452 2401 541 2455 διὰ
576 2400 739 2454 τοῦτο
793 2403 920 2464 τοὺς
977 2400 1229 2471 Πατέρας
1282 2401 1782 2471 θεσμοθετῆσαιτά
1837 2404 1896 2455 ἐν
1946 2402 2024 2466 τῷ

454 2494 688 2565 παρόντι
736 2495 944 2548 κανόνι.
999 2495 1305 2567 Κυλίστραι
1371 2496 1426 2549 δὲ
1465 2498 1729 2565 ἐγίνοντο,
1784 2497 1861 2561 ὡς
1900 2500 2025 2568 ἐμοὶ

445 2591 616 2653 δοκεῖ,
651 2591 851 2659 μεταξὺ
881 2591 991 2643 τῶν
1019 2591 1397 2646 διδασκόντων.
1455 2593 1561 2646 Τοῦ
1593 2594 1691 2662 μὲν
1710 2593 1819 2661 γὰρ
1846 2595 2013 2647 ίδιου-

453 2684 617 2751 μένου
672 2682 820 2735 τόνδε
870 2684 963 2735 τὸν
1001 2683 1270 2755 μαθητὴν,
1324 2684 1419 2738 τοῦ
1442 2684 1499 2737 δὲ
1552 2684 1824 2756 ἑτέρωθεν
1876 2687 2024 2738 ἀντι-

449 2772 770 2833 πίπτοντος,
803 2772 859 2823 αἱ
894 2771 1182 2842 κυλίστραι
1228 2772 1623 2843 ἐπενοήθησαν,
1688 2775 1783 2828 xal.
1846 2775 1907 2827 τδ
1959 2778 2022 2827 ἐκ

450 2864 551 2930 τῆς
611 2862 780 2932 τύχης
839 2864 1211 2932 ἀποτέλεσμα,
1256 2865 1331 2928 ὡς
1383 2865 1629 2932 γίνεσθαι
1687 2867 1929 2936 σήμερον
1964 2869 2023 2919 ἑν

446 2960 573 3017 ταῖς
606 2957 997 3026 ἱπποδρομίαις
1047 2958 1209 3028 χάριν
1283 2958 1393 3010 τῶν
1445 2958 1760 3025 καγκέλων.
1834 2959 2019 3013 Ταῦτα

448 3045 543 3099 οὖν
597 3046 775 3100 πάντα
824 3048 874 3099 οἱ
923 3048 1070 3115 ἅγιοι
1120 3048 1359 3117 Πατέρες
1423 3047 1882 3117 ἀπαγορεύοντες,
1926 3050 2021 3102 καὶ

461 3138 754 3209 Ἑλληνικὰ
786 3129 922 3209 έρῆα
946 3140 1437 3209 κατονομάζοντες,
1476 3140 1806 3211 διορίζονται
1854 3140 2021 3210 μηδέν

446 3248 504 3283 τι
549 3231 790 3285 τοιοῦτον
838 3233 1088 3300 γίνεσθαι
1144 3232 1383 3297 πάντως,
1424 3233 1513 3285 διὰ
1542 3232 1603 3285 τὸ
1640 3232 1813 3287 πολλά
1852 3233 2019 3287 σκάν-

448 3321 585 3376 δαλα
631 3324 919 3394 ταραχώδη
979 3324 1140 3393 χάριν
1165 3324 1373 3378 τούτων
1444 3324 1783 3393 ἀναφύεσθαι
1854 3326 2020 3392 μέσον

450 3411 561 3463 τῶν
612 3412 847 3477 πιστῶν,
916 3416 1010 3467 καὶ
1054 3406 1276 3484 ἐθνικῆς
1332 3415 1585 3485 εὐτυχίας
1640 3416 1672 3487 ἢ
1730 3417 2019 3487 δυστυχίας

446 3499 592 3557 εἶναι
629 3504 908 3575 ἑπίχειρον
940 3506 1001 3557 τὸ
1053 3505 1363 3576 γινόμενον.
1417 3507 1557 3571 Τοὺς
1586 3507 1641 3561 δὲ
1691 3508 2021 3579 παραϐάτας

448 3596 547 3648 τοῦ
626 3598 853 3661 κανόνος
932 3598 1229 3670 ἀφορισμῷ
1290 3598 1615 3652 ὑποκεῖσθαι
1683 3601 2021 3672 παρεκελεύ-

450 3706 640 3744 σαντο.
1428 3729 1438 3757 ,

524 3781 770 3837 ΖΩΝΔΡ.
833 3782 908 3835 Τὸ
956 3780 1146 3861 ’ἔθεσιν
1217 3782 1552 3856 Ἑλληνικοῖς
1614 3788 1744 3850 τοὺς
1794 3790 2020 3853 πιστοὺς

449 3872 689 3943 χρῆσθαι
709 3875 764 3925 ὲν
794 3874 959 3926 πᾶσιν
981 3873 1031 3927 οί
1059 3873 1195 3928 θεῖοι
1257 3876 1503 3945 Πατέρες
1556 3878 2016 3947 ἀπαγορεύουσιν.

464 3965 617 4017 Ἐπεὶ
643 3965 699 4018 δὲ
717 3964 810 4018 καὶ
834 3966 1020 4028 οίτοὺς
1066 3967 1379 4033 πολιτικοὺς
1430 3970 1793 4039 μανθάνοντες
1822 3973 2019 4040 νόμους

452 4056 600 4109 ἔθεσι
620 4055 882 4119 τοιούτοις
911 4058 1232 4127 ἐκέχρηντο,
1293 4060 1389 4131 καί
1452 4061 1643 4124 στολὰς
1698 4061 2019 4126 ἀλλοκότους

449 4146 604 4208 τινάς
631 4145 907 4199 ἐνεδύοντο
958 4148 1066 4199 τῶν
1119 4148 1458 4218 μαθημάτων
1515 4151 1830 4221 ἀρχόμενοι,
1861 4152 1893 4222 ἢ
1926 4154 2019 4205 καὶ

450 4238 590 4305 πρὸς
639 4236 699 4288 τὸ
758 4237 913 4299 τέλος
963 4238 1534 4308 τούτων’γινόμενοι,
1585 4243 1859 4297 κωλύουσι
1928 4246 2021 4297 καὶ

448 4327 625 4379 ταῦτα
678 4325 854 4379 πάντα
903 4328 1065 4382 ὁποῖά
1099 4331 1217 4382 ποτ’
1254 4330 1320 4384 ἂν
1345 4327 1485 4401 ἦσαν
1512 4333 1579 4386 τὰ
1604 4334 1738 4403 παρ’
1794 4335 2020 4387 ἐκείνων

449 4419 737 4489 γινόμενα,
784 4425 875 4475 καὶ
914 4422 1222 4493 ἀφορισμδν
1256 4422 1362 4475 τῶν
1391 4423 1633 4478 τοιοῦτόν
1682 4442 1735 4477 τι
1775 4425 2019 4495 πραξάν-

446 4528 560 4564 των
585 4511 1077 4585 καταψηφίζονται.

448 4604 673 4659 ΔΡΙΣΤ.
752 4625 769 4657 ι
831 4604 1514 4679 Ἀφορίζεταινομομαθὴς
1536 4607 1646 4661 ἔθει
1717 4608 2020 4678 Ἐλληνικῷ

528 4715 549 4749 ι
590 4696 894 4767 χρώμενος,
926 4699 1024 4749 καὶ
1063 4697 1309 4767 θεάτροις
1354 4698 1721 4768 ὑπαγόμενος,
1782 4701 1877 4754 καὶ
1926 4718 2022 4755 κυ-

526 4810 547 4842 r
585 4791 821 4861 λίων,ἧ
884 4790 1037 4862 παρά
1106 4789 1203 4861 τὴν
1260 4791 1447 4862 κοινὴν
1514 4794 1712 4863 χρῆσιν
1771 4793 2018 4858 στολιζό.ο

529 4903 547 4935 ι
598 4901 779 4952 μενος.
817 4902 836 4935 ι

523 4976 745 5029 Ἐθεσιν
781 4976 831 5031 εί
862 4976 1125 5047 χρήσεταί
1157 4992 1241 5039 τις
1306 4976 1641 5048 Ἑλληνικοῖς
1692 4978 1819 5039 τοὺς
1872 4977 2025 5029 πολι-

1393 360 1471 419 ΙΝ
1517 362 1679 423 CAN.
1733 362 1919 421 LXXI
1964 363 2172 423 CONC.
2202 363 2280 421 ΙΝ
2314 362 2639 421 TRULLU.

3585 357 3689 419 753

2200 496 2217 525 ε
2257 475 2321 528 ad
2359 478 2519 528 tinent
2554 474 2671 542 ejus
2709 460 3030 541 perveniunt
3056 508 3070 528 .
3121 470 3226 529 vel.
3286 474 3344 521 ut
3387 468 3441 519 in
3481 480 3699 521 summa

2204 584 2222 616 ι
2265 566 2466 623 dicam.
2497 565 2551 617 in
2592 564 2709 632 ejus
2747 561 3009 615 doctrinae
3035 558 3263 613 dimidio
3296 576 3310 611 :
3341 558 3385 611 si
3430 557 3554 624 quis
3596 571 3695 611 au-

2204 676 2222 708 t
2266 666 2371 711 teut
2401 656 2659 721 deinceps
2688 655 2791 707 hoc
2822 652 3002 709 facere
3050 666 3219 704 ausus
3274 648 3459 708 fuerit.
3515 663 3698 715 segre-

2203 768 2219 799 r
2261 756 2440 817 getur.
2484 766 2501 798 ›

2198 926 2394 979 BALS.
2437 926 2659 996 Magnus
2686 923 2993 992 Theologus
3028 922 3323 990 Gregorius
3366 921 3477 972 hrer
3503 917 3696 973 scribit

2130 1023 2181 1074 iu
2216 1020 2429 1073 funebri
2478 1018 2659 1091 magni
2708 1016 2895 1071 Basilii
2944 1015 3213 1075 oratione.
3259 1014 3400 1082 quod
3438 1011 3695 1091 plurimi,

2130 1115 2277 1180 iique
2309 1086 2641 1175 stultissimi,
2666 1127 2732 1164 ex
2757 1109 3199 1165 adolescentibus
3228 1108 3321 1175 qui
3352 1114 3507 1160 erant
3535 1086 3703 1156 Athe-

2129 1207 2237 1267 nis,
2265 1203 2567 1273 sophistica
2593 1203 2833 1271 quodam
2862 1201 3045 1255 furore
3073 1200 3291 1270 perciti,
3319 1206 3372 1251 et
3405 1212 3511 1250 nou
3540 1212 3700 1249 secus
3742 1194 3749 1203 ’

2132 1312 2197 1351 ac
2255 1297 2314 1356 ii.
2354 1297 2447 1365 qui
2478 1295 2755 1365 equestris
2784 1310 2981 1349 cursus
3014 1292 3329 1347 certaminis
3367 1289 3573 1343 furioso
3604 1288 3700 1339 de-

2128 1389 2331 1443 siderio
2360 1398 2637 1453 tenentur,
2672 1397 2860 1441 contra
2889 1378 3233 1440 adversarios
3278 1398 3407 1437 suos
3450 1392 3700 1449 pugnant»

2129 1493 2231 1547 tes.
2256 1484 2419 1538 urbes
2445 1486 2669 1553 viasque
2699 1484 3025 1552 anticipant.
3055 1490 3108 1536 et
3133 1488 3380 1533 rarenter
3407 1478 3702 1532 advenien—

2134 1586 2216 1630 tes
2250 1577 2526 1645 sophistas
2571 1577 2849 1645 excipiunt
2892 1586 2948 1628 et.
2991 1575 3452 1639 complectuntur.
3504 1584 3699 1638 magna

2130 1667 2529 1734 splendidaque
2578 1680 2774 1735 pompa
2821 1660 3203 1724 deduc-entes,
3258 1670 3312 1714 et
3365 1659 3699 1727 hospitaliter

2131 1758 2476 1820 comitantes.
2507 1767 2559 1812 et
2595 1758 2700 1812 alia
2753 1756 3002 1825 quaedam
3051 1754 3282 1808 ludibria
3317 1752 3582 1821 sopltistis
3616 1750 3699 1804 fa-

2136 1852 2366 1904 miliaria
2402 1851 2684 1905 l'acientes.
2724 1849 2793 1903 Ut
2834 1857 2939 1902 est.
2967 1861 3097 1917 ergo
3152 1846 3435 1907 credibile.
3494 1845 3545 1896 iu
3598 1844 3697 1897 hac

2134 1944 2293 2016 241
2333 1946 2546 1998 urbium
2594 1944 2777 2013 regina
2820 1943 2933 1996 haec
3002 1938 3342 1995 consuetudo
3386 1940 3695 1997 invaserat.

2128 2037 2345 2105 quando
2376 2037 2552 2105 legum
2576 2050 2792 2105 quoque
2814 2034 3103 2101 disciplina
3132 2032 3371 2099 vigebat.
3396 2040 3455 2084 ut
3476 2030 3694 2098 quidam

2130 2131 2214 2183 his
2246 2129 2450 2183 Graecis
2484 2128 2729 2183 moribus
2778 2135 3081 2185 uterentur.
3114 2134 3166 2179 et
3210 2139 3305 2178 eos
3331 2165 3345 2184 .
3380 2124 3472 2189 qui
3518 2124 3694 2190 legum

2126 2230 2285 2273 erant
2316 2221 2663 2291 disciplinam
2714 2219 3064 2289 aggressuri.
3100 2216 3181 2270 vel
3209 2217 3299 2285 qui
3331 2231 3426 2285 per
3459 2214 3692 2268 mediam

2126 2314 2429 2367 doctrinam
2458 2322 2857 2382 processerant.
2886 2310 2970 2365 vel
2998 2311 3091 2380 qui
3119 2310 3230 2379 jam
3262 2307 3483 2376 perfecti
3511 2316 3692 2367 erant.

2128 2420 2249 2457 cum
2284 2420 2478 2473 magna
2507 2405 2739 2474 quadam
2770 2418 2967 2473 pompa
2997 2412 3053 2455 et
3091 2400 3430 2470 sumptuosis
3466 2398 3696 2451 insuetis

2128 2497 2369 2551 vestibus
2396 2492 2456 2550 in
2487 2496 2758 2550 theatrum
2792 2494 3130 2549 deducerent
3163 2509 3175 2551 ;
3210 2501 3262 2545 et
3292 2491 3414 2544 ideo
3438 2489 3696 2544 statuisse

2128 2589 2319 2643 Patres
2349 2604 2410 2642 ea
2448 2603 2570 2657 quae
2618 2598 2749 2641 sunt
2781 2586 2834 2639 in
2885 2584 3137 2655 praesenti
3170 2598 3401 2636 canone.
3435 2582 3692 2652 Cylistrae

2126 2689 2306 2735 autem
2343 2680 2540 2733 fiebant
2567 2719 2581 2741 .
2616 2686 2673 2732 ut
2702 2678 2833 2732 mihi
2867 2676 3115 2737 videtur,
3152 2675 3296 2727 inter
3326 2689 3421 2728 eos
3462 2662 3559 2741 qui
3593 2675 3695 2725 do-
3738 2694 3747 2701 -

2127 2776 2345 2828 cehaut.
2381 2773 2516 2829 Cum
2550 2774 2697 2827 enim
2733 2772 2819 2826 hic
2855 2772 2957 2826 sibi
2992 2770 3331 2839 discipulum
3372 2770 3691 2826 vindicaret.

2127 2868 2219 2922 ille
2252 2883 2380 2920 vero
2407 2883 2469 2921 ex
2502 2867 2670 2919 altera
2706 2874 2858 2933 parte
2898 2865 3198 2924 resisteret,
3255 2862 3491 2932 cylistrze
3514 2877 3682 2915 exco-

2125 2962 2307 3029 gitatre
2356 2959 2525 3020 fuere.
2562 2959 2725 3027 idque
2758 2958 2983 3011 fortuitu
3007 2997 3022 3019 ,
3049 2965 3106 3009 ut
3135 2957 3206 3010 sit
3238 2954 3399 3008 hodie
3428 2955 3482 3008 in
3514 2969 3686 3023 equo-

2126 3070 2245 3108 rum
2280 3054 2573 3108 curriculis
2603 3068 2701 3122 pro
2730 3051 3008 3106 cancellis.
3046 3050 3167 3105 llaec
3192 3066 3321 3118 ergo
3350 3050 3534 3104 omnia
3565 3064 3690 3117 pro-

2126 3146 2377 3201 hibentes
2401 3146 2573 3201 sancti
2611 3146 2819 3207 Patres.
2844 3153 2898 3198 et
2915 3143 3100 3197 Grmca
3121 3158 3283 3211 opera
3320 3141 3688 3199 nominantes.

2123 3245 2372 3293 statuunt
2412 3236 2543 3289 nihil
2577 3237 2685 3290 tale
2715 3235 2830 3289 ﬁeri
2863 3236 3089 3289 omnino
3128 3243 3404 3302 oportere,
3446 3248 3515 3286 eo
3546 3233 3691 3300 quod

2123 3328 2289 3382 multa
2339 3326 2661 3381 offendicula
2718 3325 3029 3378 turbulenta
3080 3339 3269 3379 eorum
3322 3322 3494 3392 gratia
3546 3324 3688 3375 inter

2125 3420 2309 3474 ﬁdeles
2340 3428 2657 3481 nascantur.
2689 3426 2745 3473 et
2772 3417 2846 3473 sit
2874 3415 2949 3479 id,
2984 3416 3128 3485 quod
3158 3430 3222 3469 eo
3256 3414 3416 3468 modo
3452 3413 3530 3480 ﬁt,
3565 3429 3696 3482 gen-

2123 3512 2295 3565 tilitiae
2352 3510 2627 3565 felicitatis
2684 3508 2767 3563 vel
2818 3500 3159 3563 infelicitatis
3222 3507 3525 3575 praemium.
3582 3505 3690 3558 Eos

2122 3612 2325 3663 autem.
2358 3602 2447 3668 qui
2481 3616 2750 3656 canouetn
2796 3600 3295 3671 transgrediuntur,
3324 3597 3695 3668 segregationi

2122 3697 2318 3766 subjici
2346 3695 2660 3762 jusserunt.

2198 3788 2453 3845 ZONAR.
2521 3788 2785 3842 Profan'as
2850 3770 3195 3841 ethnicorum
3257 3782 3694 3837 consuetudines

2122 3880 2267 3933 nulla
2356 3879 2408 3932 in
2467 3894 2525 3933 re
2570 3878 2741 3931 divini
2796 3875 2984 3931 Patres
3023 3891 3053 3927 a
3114 3873 3367 3928 ﬁdelibus
3432 3874 3689 3941 usurpari

2124 3973 2441 4039 patiuntur..
2462 3970 2595 4024 Cum
2651 3970 2815 4037 igitur
2859 3984 2925 4020 ex
2978 3967 3044 4021 iis
3076 3966 3287 4032 aliquas
3335 3964 3477 4031 juris
3517 3962 3697 4017 civilis

2121 4066 2397 4119 candidati
2452 4065 2635 4119 adhuc
2686 4064 3005 4125 retinerent,
3055 4075 3117 4114 ac
3153 4059 3438 4129 peregrino
3466 4058 3692 4109 vestium

2112 4158 2337 4221 .orua’tu,
2371 4158 2485 4210 sive
2521 4170 2643 4211 cum
2688 4153 2996 4213 studiorqu
3060 4150 3393 4205 curriculum
3450 4148 3696 4217 ingrede-

2121 4254 2332 4306 rentur.
2377 4244 2492 4298 sive
2521 4258 2645 4295 cum
2675 4241 2989 4296 earumdem
3019 4248 3215 4293 metam
3248 4236 3575 4307 attigissent.
3610 4236 3695 4305 in-

2121 4336 2233 4390 duti
2284 4336 2582 4404 prodirent;
2636 4336 2767 4398 Inec,
2818 4344 2869 4386 et
2916 4332 3017 4385 alia
3050 4334 3170 4397 ejus
3208 4330 3425 4400 generis
3471 4330 3681 4391 omnia,

2104 4428 2466 4497 "quacunque
2507 4427 2575 4480 ab
2619 4425 2726 4480 illis
2761 4424 2873 4477 ﬁeri
2906 4430 3331 4485 consueverunt,
3362 4420 3687 4499 prohibent:

2026 4534 2097 4588 ιι)
2128 4519 2335 4590 quique
2366 4518 2472 4573 tale
2501 4518 2797 4588 quidquam
2829 4514 3152 4570 admiserint
3190 4514 3463 4583 segregari
3514 4512 3689 4605 jubet.

2190 4609 2425 4666 ARIST.
2480 4629 2498 4661 ι
2557 4609 2661 4675 Qui
2714 4610 2823 4679 juri
2880 4607 3147 4662 discendo
3199 4606 3489 4671 incumbit,
3544 4620 3695 4657 ntere

2126 4725 2143 4758 ι
2183 4705 2368 4774 gentili
2413 4713 2589 4765 utens,
2650 4709 2703 4756 et
2748 4700 2814 4754 ad
2872 4701 3084 4753 theatra
3136 4699 3428 4761 deductus.
3463 4706 3519 4751 et
3567 4713 3692 4752 sese

2128 4817 2149 4849 ι
2192 4797 2466 4860 volutans.
2496 4795 2580 4849 vel
2611 4804 2808 4865 prmter
2835 4806 3182 4847 communem
3226 4788 3683 4846 consuetudinem

2126 4908 2145 4939 t
2196 4890 2439 4951 indutus.
2473 4895 2810 4958 segregatur.
2854 4903 2873 4937 ι

2173 4980 2444 5037 .Moribus
2474 4977 2769 5048 gentilibus
2796 4977 2843 5030 si
2876 4977 2999 5045 quis
3040 4991 3175 5030 usus
3216 4974 3306 5038 sit,
3338 4972 3525 5025 civiles
3554 4970 3687 5024 cdo-

1678 5136 1872 5199 Guill.
1915 5138 2248 5215 Beveregii
2274 5144 2464 5199 notae.

520 5288 634 5359 (79)
670 5287 991 5357 Τολμήσοι,
1030 5288 1414 5358 ἀφοριζέσθω.
1471 5290 1614 5343 Inter
1655 5289 1767 5342 hmc
1820 5290 2011 5343 ultima

442 5359 679 5415 canonis
712 5360 870 5413 verba
894 5368 948 5413 et
986 5359 1327 5415 Balsautonis
1368 5359 1573 5411 scholia
1604 5360 1663 5411 in
1690 5360 1881 5413 codice
1913 5376 2009 5412 uo-

445 5440 566 5486 stro
597 5428 889 5482 Bodleiano
929 5430 1044 5484 haec
1083 5431 1357 5499 leguntur,
1394 5428 1708 5494 Σημείωσαι
1765 5430 1856 5481 τὸν
1909 5447 2010 5499 πρι-

448 5502 614 5571 ρρντα
646 5499 879 5571 κανόνα,
914 5502 1009 5553 καὶ
1038 5504 1107 5553 τὰ
1138 5494 1243 5569 τῆς
1274 5500 1573 5571 ἑρμηνείας
1632 5499 1820 5571 αὐτοῦ.
1848 5500 1904 5571 ἑξ
1937 5494 2011 5551 ὧν

444 5566 605 5640 οἶμαι
643 5568 947 5641 κωλύεσθαι
992 5571 1059 5623 τά
1094 5566 1247 5641 παρά
1293 5566 1401 5641 τῷν
1455 5570 1715 5641 νοταρίων
1751 5570 2011 5637 γινόμενα

447 5631 518 5694 ἔν’
546 5640 794 5711 προόδοις
819 5640 919 5709 τῆς
945 5641 1139 5710 ἑορτῆς
1175 5631 1290 5692 ’τῶν
1310 5631 1480 5708 ἀ⁹γίων
1508 5631 1790 5704 νοταρίων,
1826 5631 1919 5691 κάι
1946 5641 2012 5711 τὰ

447 5712 508 5763 ἑν
540 5708 661 5773 ταῖς
696 5708 1059 5779 ,ἐπιστασίαις
1096 5708 1222 5772 ταῖς
1268 5713 1685 5779 γραμματεκαῖς
1720 5711 1848 5763 ἄνευ
1902 5708 2012 5760 τῶν

449 5779 644 5851 εὐχῶν,
682 5778 825 5833 Nota
861 5792 1165 5849 prwsentem
1214 5778 1483 5844 camitem,
1518 5790 1565 5832 ct
1617 5796 1729 5847 quo:
1758 5781 1809 5832 iu
1843 5779 2005 5833 inter"

2117 5291 2404 5355 pretatiane
2432 5289 2547 5357 ejus
2589 5288 2781 5353 scripta
2834 5295 3068 5357 sunt.”
3117 5284 3320 5357 quibus.
3378 5288 3433 5330 ut
3463 5280 3683 5357 opinor.

2114 5351 2594 5427 proliibentur'quw
2633 5374 2663 5409 a
2694 5351 2911 5408 notariis
2962 5356 3092 5424 [tum
3128 5351 3192 5406 in
3244 5351 3659 5427 processiouibus

2112 5422 2235 5496 festi
2268 5422 2969 5480 sanctorumnotariorum.‘
2998 5436 3044 5478 et
3072 5441 3190 5489 qua:
3237 5424 3293 5496 in
3338 5422 3689 5496 administra‘

2114 5492 2343 5550 tionibus
2394 5498 2751 5561 grammaticis
2814 5498 2927 5548 sine
2970 5497 3206 5562 precibus
3256 5494 3408 5559 ﬁunt.
3456 5492 3689 5543 Praeter'

2115 5582 2281 5635 quam
2318 5578 2521 5629 autem,
2561 5566 2703 5631 quod
2746 5567 2857 5619 ha‘c
2888 5567 3049 5619 verba
3104 5581 3161 5617 se
3211 5562 3549 5616 Balsamouis
3580 5575 3693 5614 non

2113 5653 2235 5689 esse
2267 5636 2522 5704 prnglaut.
2571 5637 2623 5688 iu
2690 5637 2839 5688 nullo
2869 5636 2978 5689 alio
3009 5636 3198 5689 codice
3252 5644 3487 5687 exstant.

2184 5700 2292 5776 (30')
2333 5705 3048 5773 Ἱπποδρομομανοῦντας.
3102 5706 3279 5759 Codex
3305 5700 3691 5758 Amerhaeltiao

2122 5794 2224 5832 nus
2251 5778 2450 5832 rectius
2477 5776 2623 5845 legit,
2678 5777 3237 5847 ίπποδρομανοῦντσς.
