4092 6214
310 320 410 380 761

1285 327 1362 384 IN
1407 327 1572 386 CAN.
1621 324 1834 384 LXXII
1877 322 2091 382 CONC.
2137 323 2210 382 IN
2247 320 2589 392 TRULLO.

3439 316 3545 375 7ft?

309 432 458 486 νόνα.
491 431 575 482 διὰ
611 432 736 494 τοὺς
787 432 1011 502 Ἵΰηρας
1063 436 1186 497 τοὺς
1231 436 1538 506 ἀδιαφόρως
1595 440 1658 489 τὰ
1687 437 1865 487 οἰκεῖα

1979 435 2123 502 gerit.
2155 433 2286 486 Nota
2313 449 2441 503 ergo
2463 437 2782 501 praesentem
2806 440 3068 482 eanonem
3097 433 3312 494 propter
3331 423 3537 482 Ibero»

309 521 583 590 θυγάτρια
625 524 738 584 τοῖς
825 525 1148 594 Ἀγαρηνοῖς
1191 526 1615 594 ἐκγαμίξοντας.
1675 523 1871 577 Ὡσαύ-

309 629 419 670 τως
448 611 750 679 σημείωσαι
783 613 877 663 καὶ
913 615 972 665 τὸ
1017 614 1165 682 ῥῆμα
1206 615 1299 667 τοῦ
1347 615 1566 676 κανόνος
1592 613 1650 666 τὸ
1679 614 1834 679 λέγον
1855 629 1869 643 ο

312 702 623 755 Romae:
665 703 741 770 τῷ
794 703 972 774 πιστῷ
1014 707 1059 773 -ή
1118 707 1343 769 ἄπιστος
1387 707 1654 758 συνοικεῖν
1683 705 1753 775 ;ῆ
1813 704 1874 756 τὸ

310 793 553 861 ἔμπαλιν
584 795 856 859 ὁᾶπιστος
883 800 944 866 τῇ
978 801 1140 867 πιστῇ
1167 814 1181 860 ;
1221 799 1293 867 μὴ
1320 797 1768 868 χωριζέσθωσαν.
1812 795 1872 850 EI

310 887 423 954 γάρ
448 887 789 954 αίρετίσεταί
835 905 918 948 τις
942 888 1149 940 τούτων
1172 889 1511 957 διαζυγῆναι,
1539 887 1870 942 άπεντεῦθεν

311 981 340 1032 ὁ
361 979 538 1048 γάμος
589 979 1080 1049 διασπασθήσεται.
1114 983 1293 1050 Ὅπερ
1316 984 1503 1050 γέγονε
1531 984 1623 1035 καὶ
1647 983 1738 1033 ἐπὶ
1764 979 1872 1033 τῶν

311 1072 538 1140 ἡμερῶν
568 1073 657 1124 τοῦ
689 1073 994 1138 ἀγιωτάτου
1021 1075 1360 1144 πατριάρχου
1395 1073 1563 1144 κυροῦ
1590 1074 1868 1126 Θεοδότου.

312 1165 548 1233 Διεζύγη
582 1165 691 1235 γάρ
721 1165 1008 1230 Βασιλικὺς
1057 1169 1371 1237 Βυκινάτωρ
1405 1167 1541 1236 μετά
1572 1167 1629 1218 τὸ
1682 1165 1875 1234 βαπτι-

315 1258 514 1326 σθῆναι
545 1257 655 1310 ἀπὸ
700 1260 803 1326 τῆς
832 1259 1062 1311 ἀπίστου
1085 1259 1343 1326 γυναικὸς
1390 1257 1554 1312 αὑτοῦ
1601 1258 1738 1326 μετὰ
1771 1275 1875 1308 πα-

312 1350 638 1420 τριαρχικοῦ
659 1349 908 1421 ὁρισμοῦ,
939 1349 1012 1412 ὡς
1046 1351 1118 1420 μὴ
1157 1351 1479 1419 πειθομένης
1508 1348 1874 1419 βαπτισθῆναι

314 1443 457 1494 κατά
485 1441 582 1508 τὴν
611 1441 706 1494 τοῦ
764 1442 954 1509 ἀνδρὸς
1000 1443 1368 1511 παράκλησιν.
1409 1441 1745 1509 Ἀνάγνωσον
1780 1439 1874 1491 καὶ

313 1535 374 1585 ei»
411 1532 441 1587 ι’
470 1550 595 1601 κε’ρ.
631 1533 722 1587 τοῦ
755 1541 802 1586 α’
850 1535 1028 1587 τίτλον
1069 1535 1162 1586 τοῦ
1201 1534 1465 1602 παρόντος
1505 1533 1873 1601 συτάγματος,
1916 1561 1920 1566 »

315 1628 410 1678 καί
435 1626 502 1678 τὰ
563 1629 620 1677 ὲν
653 1625 818 1692 αὐτῷ.

387 1717 632 1772 ΖΩΝΑΡ.
665 1717 726 1769 ΟΞ
759 1717 857 1784 τῆς
887 1716 1106 1768 συνόδου
1165 1716 1365 1787 ταύτης
1403 1718 1537 1787 ἱεροὶ
1592 1721 1686 1774 καὶ
1739 1721 1871 1774 θεῖοι

1979 529 2069 595 qui
2107 541 2232 578 suas
2270 527 2407 579 ﬁlias
2440 524 2699 594 Agarenis
2732 518 3201 574 indiscriminatim
3243 518 3294 569 in
3327 515 3523 568 matri-

1985 620 2168 673 mouio
2195 619 2480 673 collocant.
2505 617 2764 670 Similiter
2797 626 2919 668 nota
2948 622 3002 666 et
3030 612 3252 664 verbum
3279 609 3532 672 canonis,

1980 711 2122 779 quod
2157 709 2290 764 dicit
2333 709 2575 764 :Iulideli
2609 720 2787 761 autem
2822 705 3032 759 mulieri
3065 719 3185 756 cum
3230 703 3345 754 viro
3371 701 3538 764 ﬁdeli,

1979 805 2296 858 cohabitare
2349 803 2558 868 placet?
2600 801 2682 854 vel
2739 807 2951 860 contra,
3001 795 3199 849 inﬁdeli
3247 793 3366 846 viro
3413 807 3536 846 cum

1981 897 2208 950 muliere
2242 896 2423 950 ﬁdeli?
2457 911 2522 948 ne
2563 902 2898 962 separentur.
2932 888 2985 943 Si
3017 887 3140 950 quis
3172 885 3316 940 enim
3345 883 3541 935 horum

1981 989 2225 1056 separari
2263 987 2533 1049 maluerit,
2571 982 2978 1038 matrimonium
3017 995 3081 1034 ex
3133 992 3198 1032 eo
3231 975 3539 1029 divelletur.

1980 1081 2132 1146 Quod
2163 1080 2379 1148 quidem
2419 1079 2614 1131 factum
2662 1085 2744 1130 est
2787 1087 3028 1139 tempore
3075 1069 3404 1125 sanctissimi
3444 1081 3541 1134 pa-

1980 1171 2236 1226 triarchae
2283 1171 2493 1224 domini
2546 1168 2829 1221 Theodoti.
2862 1155 3154 1232 Separat’us
3187 1172 3280 1214 .est
3328 1159 3469 1212 enim
3510 1173 3543 1210 a

1979 1284 2074 1322 sua
2112 1267 2310 1319 inﬁdeli
2349 1281 2516 1318 uxore
2563 1259 2830 1324 BaSiIieus
2873 1258 3216 1312 Buccinator.
3253 1263 3538 1318 postquam

1981 1361 2284 1428 baptizatus
2318 1359 2514 1417 fuerat.
2541 1373 2663 1411 cum
2697 1356 2915 1407 decreto
2944 1346 3290 1418 patriarcbali
3317 1364 3328 1398 :
3355 1353 3544 1412 utpote

1980 1467 2098 1519 qua:
2136 1467 2163 1504 a
2197 1450 2294 1503 viri
2331 1450 2589 1505 suasione
2626 1446 2820 1501 'iuduci
2857 1461 2960 1498 non
2994 1452 3256 1510 possetut
3291 1440 3538 1503 baptiza»

1979 1553 2150 1598 retur.
2177 1541 2314 1610 Lege
2335 1551 2386 1595 et
2411 1541 2679 1593 decimum
2707 1547 2872 1605 caput
2905 1535 3062 1605 primi
3091 1532 3230 1586 tituli
3261 1529 3542 1599 pra'sentis

1979 1634 2182 1703 operis,
2220 1640 2273 1686 et
2305 1648 2427 1700 quae
2461 1633 2512 1682 in
2546 1645 2611 1681 eo
2639 1631 2782 1680 sunt.
3074 1642 3080 1656 κ
3139 1671 3141 1673 ,

2023 1710 2298 1779 ‘ZONAR.
2333 1723 2405 1776 De
2437 1722 2503 1774 iis
2541 1720 2631 1788 qui
2663 1722 2803 1772 inter
2834 1733 2891 1770 se
2929 1731 3032 1768 non
3065 1716 3139 1766 ita
3173 1711 3379 1780 pridem
3422 1724 3542 1762 ma-

313 1813 558 1881 Πατέρες
613 1810 884 1880 περὶτῶν
937 1808 1060 1876 ἄρτι
1115 1808 1501 1879 ζευγνυμένων
1565 1814 1646 1874 είς
1691 1813 1870 1880 γάμου

1979 1817 2219 1870 trimonii
2255 1814 2456 1869 foedere
2481 1812 2667 1882 juncti
2689 1817 2814 1863 sunt
2839 1851 2852 1870 ,
2887 1809 2932 1861 si
2963 1820 3153 1860 eorum
3196 1806 3423 1855 alterum
3465 1799 3528 1851 ﬁ-

309 1903 600 1957 κοινωνίαν
622 1901 1002 1973 νομοθετοῦσιν
1029 1920 1042 1933 ·
1091 1894 1170 1955 ὧν
1236 1902 1328 1954 τὸν
1360 1902 1457 1971 μὲν
1487 1902 1678 1956 πιστὸν
1734 1899 1870 1956 εἶναι

311 1993 672 2058 ὑποτιθέασι,
716 1994 814 2063 τὴν
861 1993 916 2045 δὲ
967 1993 1191 2046 ἄπιστον
1237 2031 1254 2058 ,
1318 1993 1351 2063 ἢ
1417 1993 1727 2047 τούναντίον
1779 1995 1874 2046 καὶ

310 2082 721 2152 ἀπαγορεύουσι
745 2086 843 2143 τὰς
873 2084 1125 2145 τοιαύτας
1156 2082 1441 2151 συζυγίας,
1471 2087 1562 2136 καί⁵
1579 2083 1875 2154 γενομένας

271 2175 366 2259 ’,δὲ
383 2174 1058 2228 διασπᾶσθαικελεύουσιν.
1087 2177 1160 2227 Οὐ
1195 2180 1302 2244 γὰρ
1336 2176 1460 2246 χρὴ,
1494 2178 1644 2244 ερασὶ,
1678 2177 1874 2244 μιγνῦ-

308 2267 496 2320 ναιτά
542 2267 768 2336 ἄμικτα.
808 2268 869 2318 Εἰ
900 2268 1006 2335 γὰρ
1038 2269 1070 2337 ἠ
1099 2267 1198 2335 τῆς
1237 2268 1414 2337 ψυχῆς
1463 2270 1590 2338 περὶ
1649 2269 1746 2338 τὴν
1785 2269 1875 2322 πί-

309 2377 433 2411 στιν
462 2359 701 2423 διάθεσις
741 2359 956 2412 ἐναντία
983 2363 1094 2422 τοῖς
1120 2359 1445 2423 συνοικοῦσι,
1484 2360 1602 2422 πῶς
1656 2360 1724 2414 ἂν
1747 2363 1874 2430 περὶ

307 2452 381 2505 τά
411 2453 546 2506 ἄλλα
568 2452 828 2520 ὁμόψυχοι
857 2451 1068 2504 ἔσονται
1090 2467 1104 2515 ;
1129 2452 1161 2522 ἢ
1195 2451 1309 2514 πῶς
1341 2452 1396 2504 έν
1422 2453 1500 2523 τῷ
1529 2453 1754 2520 μείζονι,
1798 2457 1870 2525 τῇ

310 2544 498 2594 πίστει
527 2542 685 2608 λέγω,
714 2539 1019 2609 ἀσύμϐατοι
1047 2539 1198 2603 ὄντες
1232 2541 1323 2593 καὶ
1341 2541 1712 2610 ἀκοινώνητοι,
1740 2558 1873 2610 συμ-

309 2634 469 2684 Εαῖεν
505 2632 765 2701 ἀλλήλοις
795 2633 886 2684 καὶ
928 2633 1416 2700 συγκοινωνήσαιεν
1435 2635 1491 2684 ἐν
1512 2635 1620 2694 τοῖς
1639 2633 1870 2700 λοιποίςς

309 2725 408 2776 Διὸ
439 2725 530 2776 καὶ
565 2725 700 2792 μετά
734 2723 832 2793 τὴν
863 2723 1016 2775 λύσιν
1067 2724 1159 2776 τοῦ
1209 2723 1446 2792 ἀθέσμου
1477 2723 1662 2776 τούτου
1694 2723 1872 2792 γάμου

309 2816 412 2868 καὶ
436 2814 791 2884 ἀφορίζεσθαι
837 2803 1112 2883 βούλοντάι
1136 2814 1259 2877 τοὺς
1287 2814 1376 2866 τὸν
1412 2814 1651 2884 παρόντα
1679 2815 1876 2868 κανόνα

308 2908 775 2978 παραϐαίνοντας.
815 2905 998 2960 Ταῦτα
1031 2906 1128 2975 μὲν
1155 2902 1248 2958 οὖν
1280 2907 1407 2974 περὶ
1432 2907 1540 2958 τῶν
1562 2907 1685 2976 ἄρτι
1719 2907 1873 2976 πρώ-

308 3016 424 3062 τως
461 2991 839 3068 ζευγνυμένων
871 2998 1120 3066 ἀλλήλοις
1153 3000 1230 3059 εἰς
1260 2997 1436 3066 γάμου
1483 2999 1766 3051 χοι-ωνίαν
1828 3001 1876 3052 οξ

1975 1911 2148 1963 deiem
2180 1922 2324 1969 esse,
2377 1906 2608 1959 alterum
2643 1917 2670 1953 a
2707 1900 2810 1954 ﬁde
2859 1899 3153 1963 abhorrere
3203 1891 3490 1961 contigerit
3522 1928 3537 1951 ,

1976 2014 2238 2054 canonem
2271 1998 2416 2050 hunc
2445 1994 2587 2048 sacri
2628 2001 2683 2046 et
2710 1991 2878 2045 divini
2934 1990 3119 2040 Patres
3161 1984 3537 2053 promulgave-

1981 2101 2145 2155 runt;
2209 2103 2386 2157 eoque
2443 2087 2757 2141 societatem
2813 2079 3084 2148 ejusmodi
3139 2078 3418 2134 daumaut,
3479 2078 3536 2124 et

1976 2192 2263 2251 postquam
2302 2179 2462 2231 etiam
2497 2182 2773 2230 contracta
2821 2173 3004 2232 fuerit,
3042 2167 3272 2222 rescinin
3319 2165 3532 2232 jnheut.

1975 2275 2096 2327 Non
2125 2272 2265 2326 enim
2299 2284 2384 2331 ea,
2422 2267 2696 2335 inquiunt,
2731 2263 3006 2316 miscenda
3043 2267 3192 2321 sunt,
3226 2272 3345 2325 qua:
3376 2264 3536 2309 uatu-

1977 2379 2115 2425 ram,
2157 2373 2213 2416 ut
2241 2363 2384 2416 inter
2417 2375 2474 2414 se
2501 2358 2718 2412 misceri
2750 2356 2976 2424 possint,
3018 2367 3122 2405 non
3158 2352 3371 2403 habent.
3397 2346 3532 2400 Nam

1976 2457 2067 2526 qui
2097 2454 2260 2509 simul
2309 2454 2381 2506 ita
2422 2453 2632 2514 vivunt,
2680 2455 2736 2500 ut
2767 2461 2957 2499 eorum
2991 2442 3156 2496 animi
3179 2483 3191 2502 ,
3232 2440 3284 2492 in
3318 2439 3383 2492 iis
3415 2452 3538 2504 quae

1978 2548 2045 2601 ad
2096 2546 2250 2599 ﬁdem
2312 2544 2609 2614 pertinent,
2657 2537 2932 2594 contrario
2983 2532 3144 2587 modo
3182 2529 3355 2584 allecti
3405 2529 3536 2587 sint.

1978 2653 2087 2717 qpo
2127 2647 2283 2707 pacto
2313 2650 2410 2690 eos
2436 2635 2488 2687 in
2524 2631 2646 2687 aliis
2679 2630 2845 2683 rebus
2877 2626 3167 2680 convenire
3197 2637 3354 2692 posse
3383 2620 3537 2689 quis-

1975 2713 2122 2801 piam
2165 2725 2498 2781 arbitretur?
2547 2735 2889 2792 quorumque
2939 2730 3156 2782 sensus,
3197 2715 3249 2766 in
3301 2713 3367 2765 iis
3417 2725 3538 2779 qua:

1977 2831 2104 2879 sunt
2138 2821 2283 2881 ﬁdei,
2310 2831 2541 2885 quorum
2566 2815 2737 2882 prima
2765 2821 2846 2864 est
2876 2820 3037 2877 atque
3067 2807 3332 2874 priet-ipim
3371 2803 3534 2862 ratio,

1979 2917 2203 2969 minime
2221 2918 2550 2979 congruunt,
2571 2921 2680 2973 quo
2705 2911 2862 2973 pacto
2892 2902 3031 2954 inter
3061 2914 3118 2953 se
3139 2897 3310 2963 requis
3342 2893 3536 2947 animis

1987 3008 2040 3059 in
2075 3005 2281 3072 reliqua
2312 3002 2436 3054 vita:
2501 2997 2761 3053 societate
2794 2989 3310 3048 communicabuot!
3339 2986 3539 3050 Quam-

311 3091 561 3161 Πατὲρες
587 3091 740 3157 φασὶ,
770 3087 865 3141 τοῦ
898 3089 993 3157 μὲν
1021 3087 1304 3156 ὀρθοδόξου
1336 3089 1716 3157 τυγχάνοντος,
1774 3091 1876 3158 τῆς

1979 3098 2160 3153 ohrem
2194 3103 2248 3148 et
2283 3091 2592 3160 nuptiarum
2641 3087 2818 3142 foedus
2873 3083 3010 3136 male
3056 3086 3395 3134 contractum
3451 3089 3540 3128 re—

307 3176 371 3227 δὲ
408 3174 482 3245 μὴ
531 3175 802 3244 τοιαύτης.
837 3175 898 3227 Εἰ
927 3176 1003 3238 δὲ,
1033 3176 1120 3228 ὅτε
1154 3179 1233 3238 είς
1260 3176 1436 3245 γάμον
1467 3177 1728 3246 συνῆλθον
1779 3179 1874 3231 ἀλ-

309 3268 518 3336 λήλοις,
553 3268 646 3322 καὶ
669 3269 834 3336 ἄμφω
855 3267 962 3319 τῶν
989 3267 1283 3337 ὀρθοδὸξων
1314 3268 1704 3338 ῆλλωτρίωντο,
1759 3265 1878 3323 εἶτα

309 3361 375 3412 τὸ
407 3360 504 3429 μὲν
531 3359 633 3412 τῶν
665 3358 972 3429 προσώπων
1024 3359 1236 3426 ἐπέγνω
1269 3361 1366 3429 τὴν
1427 3361 1706 3431 ἀλήθειαν,
1782 3364 1876 3415 καὶ

312 3451 594 3522 προσῆλθε
625 3451 827 3512 πίστει.
859 3452 918 3504 τὸ
948 3451 1006 3526 δὲ
1055 3453 1134 3504 ἔτι
1168 3452 1247 3520 τῷ
1279 3452 1457 3506 σκότει
1509 3454 1608 3522 τῆς
1668 3454 1877 3523 πλάνης

313 3547 625 3615 συνέχεται,
650 3547 716 3613 τῇ
746 3543 840 3596 τοῦ
877 3543 1116 3612 μεγάλου
1155 3543 1367 3596 Παύλου
1397 3545 1626 3615 διαταγῇ
1646 3546 1874 3599 ἕπεσθαι

315 3638 414 3688 καὶ
455 3635 506 3688 οι
554 3635 796 3703 Πατέρες
831 3628 1000 3720 ὀὗτοι
1049 3631 1395 3702 ψηφίζονται.
1447 3634 1510 3686 Et
1545 3633 1654 3705 γὰρ
1708 3635 1873 3699 θέλει,

313 3731 476 3797 φησὶ,
503 3726 581 3796 τῷ
615 3725 846 3796 πιστῷἠ
900 3725 1126 3788 ἄπιστος
1163 3728 1450 3791 συνοικεῖν,
1485 3724 1517 3793 ἢ
1549 3725 1875 3790 τούναντίον,

317 3822 397 3888 μὴ
429 3817 854 3908 χωριζέσθωσαν
879 3833 892 3846 ⁸
931 3817 1188 3887 ἡγίασται
1244 3819 1353 3888 γὰρ
1377 3820 1406 3871 ὁ
1455 3818 1680 3881 ἄπιστος
1739 3816 1877 3889 ἀνὴρ

314 3916 377 3965 ἐν
397 3916 464 3982 τῇ
491 3913 725 3980 γυναικὶ,
752 3909 845 3963 καὶ
867 3909 928 3962 τὸ
954 3909 1208 3979 ἔμπαλιν.

1976 3187 2176 3248 scindi,
2214 3195 2266 3240 et
2300 3199 2394 3238 eos
2425 3167 2668 3248 insuper,
2704 3179 2796 3245 qui
2831 3187 3094 3228 canonem
3129 3172 3272 3227 hunc
3302 3165 3547 3222 violave?

1975 3280 2106 3343 rint,
2131 3275 2402 3347 segregari
2442 3274 2648 3327 volunt.
2700 3271 2878 3337 Atque
2913 3267 3026 3320 luec
3054 3262 3274 3333 quidem
3323 3258 3391 3312 de
3427 3271 3540 3312 nia-

1973 3369 2227 3424 trimonio
2256 3381 2426 3434 nuper
2456 3365 2610 3432 inito,
2637 3375 2748 3431 quo
2775 3357 3083 3413 luereticam
3115 3351 3218 3408 s‘bi
3254 3349 3533 3403 mulierem

1973 3461 2055 3515 vir
2086 3459 2420 3520 orthodoxus
2455 3453 2746 3524 copularit,
2793 3461 2886 3504 aut
2921 3457 3130 3520 contra,
3190 3443 3376 3496 Patres
3407 3454 3536 3492 san-

1982 3567 2130 3606 xere.
2164 3549 2319 3616 Quod
2353 3550 2397 3602 si
2432 3563 2538 3616 quo
2571 3556 2812 3612 tempore
2856 3548 3084 3607 uterque
3112 3536 3179 3588 ah
3216 3531 3544 3592 orthodoxis

1983 3644 2298 3706 dissidebat,
2334 3649 2576 3696 mutuam
2625 3639 2768 3691 inter
2817 3619 3162 3702 se'conjugii
3219 3629 3535 3685 societatem

1982 3742 2324 3794 contraxere.
2355 3733 2592 3786 decursu
2631 3743 2762 3782 vero
2795 3725 3078 3795 temporis,
3111 3722 3276 3775 altera
3309 3729 3539 3788 persona

1979 3824 2161 3878 adhuc
2219 3838 2470 3876 errorum
2521 3820 2772 3884 tenebris
2811 3817 3076 3878 involuta,
3129 3817 3299 3866 altera
3353 3807 3536 3877 agnita

1991 3915 2216 3970 veritate
2264 3914 2417 3969 (idem
2469 3913 2715 3980 amplexa
2764 3919 2872 3971 est,
2928 3917 3055 3960 tunc
3109 3905 3324 3972 quidem
3372 3897 3539 3952 divini

319 4005 516 4060 Patres
546 4005 721 4072 magni
757 4001 907 4056 Pauli
972 4003 1254 4072 praeceptis
1305 4002 1560 4057 standum
1622 4018 1744 4058 esse
1803 4003 2125 4061 decernunt.
2196 4004 2251 4059 Si
2307 4005 2472 4068 enim,
2532 4003 2624 4065 ait,
2674 4018 2797 4056 Clltll
2839 3999 2977 4054 ﬁdeli
3048 3997 3167 4049 vita:
3226 3993 3537 4047 societatem

317 4095 557 4150 inﬁdelis
595 4095 826 4148 retinere
884 4093 1032 4159 velit,
1067 4104 1161 4148 aut
1205 4103 1415 4160 contra,
1449 4110 1518 4148 ne
1562 4104 1878 4166 segregentu

1979 4096 2346 4152 Sanctiﬁcatus
2379 4105 2463 4151 est
2487 4095 2630 4149 enim
2667 4095 2744 4146 vir
2779 4089 3009 4145 inﬁdelis
3038 4102 3134 4156 par
3162 4084 3442 4138 mulierem
3490 4063 3548 4142 τ,

316 4202 374 4249 et
403 4208 434 4245 e
463 4202 674 4246 contra.

318 4286 544 4346 ΔΡΙΣΤ.
582 4305 602 4339 ι
642 4287 877 4356 ’Λκυρος
911 4287 940 4338 ὀ
997 4283 1135 4354 μετά
1170 4284 1281 4338 τῶν
1331 4286 1623 4355 αἱρετικῶν
1675 4287 1874 4357 γάμος,
1961 4345 1964 4348 4

441 4398 460 4434 ς
504 4380 565 4432 Οἱ
599 4376 656 4430 δὲ
687 4374 1070 4446 προλαϐόντες,
1101 4375 1149 4428 εί
1179 4374 1434 4438 ἐθέλοιεν,
1463 4375 1700 4444 μένοιεν.
1741 4395 1762 4428 ι

2053 4286 2278 4344 Αιιιδτ.
2309 4305 2328 4337 ι
2358 4285 2574 4340 Irritum
2598 4293 2680 4337 cst
2703 4275 3106 4335 matrimonium
3131 4287 3248 4327 cum
3273 4267 3542 4323 haereticis

1989 4403 2008 4436 ι
2053 4389 2419 4437 contractum.
2479 4378 2580 4443 Qui
2631 4390 2760 4430 vero
2817 4381 2973 4426 antea
3021 4361 3436 4428 contraxeranl’,
3493 4365 3540 4416 si

1989 4491 2008 4524 ι
2051 4473 2237 4534 velint,
2272 4476 2547 4525 maneant.
2585 4486 2604 4520 ›

397 4563 513 4615 Οὐκ
535 4560 747 4626 ἐξέσται
772 4555 1036 4628 ὀρθοδόξῳ
1063 4557 1314 4626 αἱρετικῇ
1371 4554 1733 4610 συνάπτεσθαι
1786 4572 1878 4623 γυ-

2056 4564 2170 4618 Νοη
2200 4564 2325 4617 licet
2357 4562 2473 4617 viro
2519 4558 2824 4615 orthodoxe
2853 4570 2974 4616 cum
3009 4551 3238 4606 muliere
3285 4546 3542 4603 haeretica

317 4655 474 4710 vatx‘t
509 4652 630 4724 ἥτὸ
659 4650 945 4706 ἀνάπαλιν.
1001 4649 1063 4701 Εἰ
1098 4649 1155 4702 δέ
1215 4665 1378 4712 τινες,
1443 4651 1661 4702 ἄπιστοι
1710 4649 1880 4714 ὄντες,

317 4747 540 4818 νομίμῳ
587 4747 749 4814 γάμῳ
776 4742 1149 4814 ἡρμόσθησαν,
1173 4737 1292 4795 εἶτα
1322 4744 1350 4794 ὁ
1386 4741 1484 4811 μὲν
1519 4742 1788 4812 προσῆλθε
1813 4743 1880 4813 τῇ

318 4839 532 4902 πίστει,
557 4838 592 4906 ἡ
616 4836 672 4888 δὲ
700 4835 778 4888 ἔτι
802 4833 906 4888 ὑπὸ
929 4834 1028 4902 τῆς
1055 4832 1260 4902 πλάνης
1298 4832 1588 4902 κατέχεται
1607 4849 1622 4864 ο
1657 4833 1752 4886 καὶ
1795 4835 1884 4886 εὐ-

316 4930 551 4986 δοκεῖιὸ
589 4929 784 4992 πιστὸς
828 4930 1100 4982 συνοικεῖν
1140 4930 1206 4998 τῇ
1261 4925 1495 4995 ἀπίστῳ,
1549 4927 1581 4996 ἢ
1647 4928 1707 4980 τδ
1753 4929 1886 4984 ἀνά..

321 5024 513 5079 παλιν.
549 5021 627 5092 μὴ
646 5077 650 5082 ,
672 5020 1112 5093 χωριζέσθωσαν,
1132 5018 1272 5074 κατά
1306 5017 1398 5071 τὸν
1425 5017 1565 5071 θεῖον
1591 5019 1884 5076 ἀπόστολον

322 5116 568 5172 Παῦλον.

867 5204 1102 5258 ΚΑΝΩΝ
1133 5202 1250 5260 Ol".

330 5321 352 5354 ι
403 5298 514 5355 Τοῦ
543 5295 810 5363 ζωοποιοῦ
843 5297 1075 5368 σταυροῦ
1112 5299 1389 5368 δείξαντος
1433 5303 1568 5372 ἡμῖν
1603 5300 1664 5354 τὸ
1714 5300 1885 5368 σωτή·

405 5413 424 5446 ι
469 5410 608 5464 ριον,
668 5393 848 5444 πᾶσαν
906 5391 1140 5462 σπουδὴν
1185 5394 1332 5462 ἡμᾶς
1387 5392 1592 5446 τιθέναι
1639 5389 1745 5462 χρὴ
1793 5389 1884 5444 τοῦ

399 5509 419 5542 ι
465 5487 632 5560 τιμὴν
686 5486 783 5559 τὴν
845 5487 1002 5553 ἀξίαν
1056 5487 1363 5542 ἀποδιδόναι
1418 5489 1497 5560 τῷ
1540 5487 1608 5542 δι’
1673 5479 1733 5541 οὗ
1792 5503 1882 5539 σε-

399 5601 418 5633 (
458 5579 719 5651 σὼσμεθα
760 5577 856 5632 τοῦ
923 5579 1155 5636 παλαιοῦ
1209 5580 1668 5652 παραπτώματος.
1704 5578 1868 5634 Ὅθεν

396 5760 417 5793 τ
457 5757 628 5814 lCor.
649 5772 742 5824 vn,
780 5755 866 5810 M.

1979 4655 2260 4724 conjungi,
2297 4661 2390 4706 aut
2422 4668 2451 4707 e
2474 4649 2772 4705 contrario.
2799 4647 2854 4702 Si
2889 4645 3015 4714 quis
3045 4652 3249 4706 autem,
3279 4654 3404 4694 cum
3431 4637 3542 4690 sint

1979 4746 2244 4808 inﬁdeles,
2311 4745 2551 4816 legitimo
2613 4738 2963 4796 matrimonio
3029 4735 3311 4801 conjuncti
3365 4741 3539 4791 sunt,

1981 4847 2168 4906 postea
2201 4845 2379 4890 autem
2413 4834 2494 4887 vir
2525 4833 2741 4903 quidem
2777 4831 2848 4884 ad
2882 4828 3038 4881 ﬁdem
3073 4824 3302 4887 accedit,
3349 4821 3544 4875 mulier

1987 4946 2117 4986 vero
2150 4929 2204 4984 in
2236 4944 2422 4983 errore
2446 4926 2762 4991 detinetur;
2794 4933 2845 4976 et
2881 4919 3024 4974 ﬁdeli
3065 4918 3240 4986 placet
3271 4929 3392 4970 cum
3422 4912 3544 4966 inﬁ-

1979 5022 2083 5077 deli
2129 5021 2465 5081 cohahitarc,
2497 5027 2594 5070 aut
2645 5017 2763 5070 vice
2820 5017 2976 5067 versa
3013 5028 3029 5063 :
3070 5026 3138 5066 ne
3187 5014 3540 5077 separentur,

1981 5114 2139 5184 juxta
2166 5112 2405 5166 divinum
2435 5108 2737 5179 apostolum
2770 5105 3016 5159 I’an'um.

2503 5199 2736 5256 CANON
2776 5195 3010 5252 LXXIII.

1987 5316 2006 5349 ι
2049 5295 2183 5352 Cum
2206 5309 2342 5348 crux
2381 5293 2537 5348 nobis
2563 5291 2777 5346 viviﬁca
2808 5291 3044 5345 salutare
3072 5282 3394 5346 ostenderit,
3436 5295 3537 5337 nos

2015 5383 2018 5386 ’
2063 5409 2082 5442 ι
2127 5402 2346 5442 munem
2380 5385 2714 5454 diligentiam
2769 5381 3032 5435 adhibere
3071 5382 3286 5446 oportet
3311 5415 3324 5435 ,
3361 5383 3418 5427 ut
3449 5373 3496 5427 ei
3522 5413 3538 5438 ,

2063 5500 2080 5531 ι
2125 5494 2217 5550 per
2248 5491 2406 5546 quem
2437 5475 2506 5529 ab
2532 5476 2756 5543 antiquo
2779 5473 2933 5541 lapsu
2961 5467 3149 5526 salvati
3179 5480 3390 5525 sumus,
3417 5479 3540 5518 eum

1969 5613 1977 5621 .
2061 5594 2077 5626 ι
2114 5585 2270 5642 quem
2304 5583 2400 5639 par
2429 5577 2509 5624 est
2531 5567 2794 5623 honorem
2822 5563 3137 5620 habeamus.
3177 5555 3538 5626 Quamobrem
