4092 6214
611 292 739 358 763“’

692 521 711 555 ι
759 502 1081 568 tribuentes,
1110 504 1295 558 crucis
1329 506 1553 574 ﬁguras.
1584 524 1705 576 quae
1735 525 1764 562 a
1813 510 2094 563 nonnullis
2124 511 2178 564 in

688 616 708 648 ι
747 598 865 651 solo
901 613 965 651 ac
1009 599 1321 667 pavimento
1354 600 1525 663 liunt.
1557 602 1783 656 οιυιιίιιο
1819 604 1982 657 deleri
2020 604 2179 671 jube-

690 708 710 740 ι
751 706 896 753 mus,
939 707 1006 745 tte
1055 693 1428 749 incedentium
1479 698 1888 751 conculcatioue
1941 698 2182 752 victoriae

686 800 708 838 σ
750 783 907 838 nobis
938 787 1240 855 trophteum
1285 789 1484 856 injuria
1516 789 1799 844 alliciatur.
1824 790 1934 844 Eos
1972 791 2193 869 itaque,

689 892 710 927 ι
746 879 840 946 qui
870 878 1127 948 deinceps
1150 882 1330 934 crucis
1355 882 1571 951 signum
1608 883 1660 936 in
1684 883 1801 938 solo
1824 892 2178 951 construunt,

696 992 715 1025 1
750 976 1031 1044 segregari
1064 976 1432 1031 decernimus.
1472 996 1490 1027 ι

684 1157 880 1213 BALS.
904 1156 1158 1211 Nonnulli
1185 1161 1236 1211 in
1260 1159 1613 1213 ecclesiarum
1645 1161 1724 1215 vel
1756 1163 1987 1216 aliorum
2013 1164 2175 1217 etiam

609 1251 855 1313 locorum
906 1252 1230 1321 pavimentis
1279 1254 1461 1306 crucis
1518 1250 1696 1321 sigua'
1746 1255 1799 1307 in
1850 1256 2053 1322 lapide,
2092 1257 2176 1309 vel

615 1346 796 1413 aliqua
834 1345 933 1398 alia
978 1345 1181 1414 specie,
1214 1345 1617 1413 imprimebant.
1667 1346 1780 1401 llne
1812 1364 1943 1416 ergo
1995 1349 2180 1417 prohi-

613 1436 755 1492 bens
783 1453 979 1496 canon,
1006 1437 1158 1495 dicit.
1182 1438 1323 1506 quod
1348 1439 1496 1493 salus
1518 1439 1798 1495 hominum
1830 1458 1924 1511 per
1955 1458 2176 1497 crucem

611 1530 882 1605 vivilieam
915 1526 1076 1599 243
1110 1528 1247 1582 facta
1275 1538 1377 1591 est.
1408 1540 1462 1584 et
1493 1542 1708 1602 oportet
1744 1550 1846 1589 nos
1873 1536 1921 1588 ei
1976 1550 2179 1590 conve-

613 1622 851 1674 nientem
904 1631 957 1675 et
1014 1624 1368 1691 proportione
1422 1626 1844 1693 respondentem
1907 1628 2173 1684 honorem

612 1714 1099 1785 adorationemque
1125 1717 1383 1778 tribuere,
1406 1726 1606 1783 mente,
1630 1735 1883 1775 sermone
1908 1730 1958 1773 et
1985 1736 2173 1776 sensu:

1866 300 2142 361 ΤΗΕΟΙ).
2189 301 2415 362 BALSA
2428 302 2585 364 MON

691 430 709 462 ι
748 419 801 466 et
822 410 1032 477 mente,
1062 421 1112 465 et
1137 426 1408 478 sermone,
1443 423 1496 467 et
1520 430 1686 470 sensu
1714 417 2085 471 adorationem
2116 418 2165 470 ei
2201 422 2239 474 Α

3739 291 3844 356 τοι

2350 432 2367 463 ι
2407 415 2500 465 καὶ
2530 413 2626 481 νῷ,
2650 413 2743 465 καὶ
2767 411 2932 481 λόγῳ,
2961 414 3057 466 καὶ
3084 411 3335 482 αἰσθήσει
3358 409 3457 481 τὴν
3474 408 3850 481 προσκύνησιν

2373 523 2390 554 ι
2428 504 2574 573 αύτῷ
2601 503 2988 571 ἀπονέμοντες,
3021 506 3144 567 τοὺς
3166 506 3223 557 ὲν
3244 502 3319 573 τῷ
3340 502 3526 570 ἐδάφει
3553 504 3646 556 τοῦ
3681 520 3852 555 σταυ-

2356 615 2375 648 ι
2415 597 2508 665 ροῦ
2540 599 2745 653 τύπους
2790 597 2895 649 ὑπό
2924 613 3083 649 τινων
3136 596 3727 663 κατασκευαζομένους
3766 596 3852 657 ἑξ-

2358 707 2377 739 ι
2418 687 2783 757 αφανίζεσθαι
2834 689 3104 752 παντοίως
3154 688 3591 756 προστάσσομεν,
3645 687 3723 749 ὡς
3786 688 3849 741 ἂν

2357 798 2375 831 ι
2417 779 2492 850 μὴ
2520 782 2585 849 τῇ
2613 780 2720 833 τῶν
2749 781 3073 851 βαδιζόντων
3111 779 3490 847 καταπατήσει
3521 778 3581 831 τὸ
3615 780 3718 847 τῆς
3773 781 3847 831 νί-

2360 893 2378 925 r
2422 892 2524 943 κης
2546 876 2681 944 ἡμῖν
2711 876 2969 943 τρόπαιον
2998 872 3356 942 ὲξνϐρίζοιτο.
3394 870 3537 933 Τοὺς
3594 866 3691 924 οὖν
3747 872 3848 924 ἀπο

2360 983 2379 1015 ι
2422 964 2510 1019 τοῦ
2542 966 2637 1019 νῦν
2667 965 2763 1020 τοῦ
2798 965 3034 1035 σταυροῦ
3060 965 3227 1018 τύπον
3269 964 3364 1017 ἐπὶ
3394 963 3623 1031 ἐδάφους
3683 981 3853 1017 κατα-

2364 1079 2381 1111 ι
2421 1061 2783 1124 σκευάζοντας
2812 1059 3066 1128 ὁρίζομεν
3091 1056 3449 1127 ἁφορίζεσθαι
3473 1076 3519 1111 ,ι

2357 1152 2552 1205 ΒΑΛΣ.
2583 1153 2736 1216 Τινὲς
2768 1155 2825 1205 ἐν
2856 1152 3105 1219 ἐδάφεσιν
3127 1149 3434 1218 ἐκκλησιῶν
3473 1150 3513 1220 ἢ
3546 1153 3642 1203 καὶ
3669 1152 3849 1205 ἄλλων

2280 1244 2461 1298 τόπων
2502 1245 2773 1317 σταυρικά
2824 1246 3031 1314 σημεῖα
3069 1240 3176 1294 ἀπὸ
3215 1240 3369 1293 λίθου
3412 1241 3444 1309 ἢ
3488 1243 3598 1296 ἀπὸ
3655 1246 3848 1312 ἑτέρου

2279 1338 2419 1397 τινὸς
2450 1337 2622 1400 είδους
2674 1337 2991 1407 ἐχάραττον.
3023 1332 3196 1388 Τοῦτο
3237 1333 3334 1386 οῦν
3363 1333 3589 1387 κωλύων
3611 1336 3639 1386 ὁ
3663 1337 3846 1387 κανών

2281 1444 2444 1497 φησιν
2467 1429 2604 1500 ὁτιή
2644 1430 2892 1499 σωτηρία
2917 1427 3029 1481 τῶν
3072 1427 3381 1496 ἀνθρώπων
3431 1414 3521 1480 δῐά
3567 1428 3659 1480 τοῦ
3714 1430 3850 1492 ζωο-

2280 1518 2436 1571 ποιοῦ
2468 1519 2706 1588 σταυροῦ
2743 1522 2957 1587 γέγονε.
2993 1518 3102 1571 Καὶ
3138 1518 3243 1588 χρὴ
3270 1519 3416 1587 ἡμᾶς
3455 1518 3554 1583 τὴν
3586 1519 3854 1587 ἀνάλογον

2278 1610 2441 1678 τιμὴν
2458 1612 2551 1663 καὶ
2570 1613 2938 1682 προσκύνησιν
2954 1609 3100 1679 αὐτῷ
3126 1610 3422 1678 ἀπονέμειν
3460 1609 3555 1679 νῷ,
3580 1611 3677 1663 καὶ
3711 1611 3853 1679 λόγῳ

2280 1704 2370 1755 καὶ
2386 1704 2633 1775 αἰσθήσει
2653 1723 2663 1733 ο
2690 1705 2810 1775 ήτοι
2824 1702 2898 1772 νῷ
2914 1704 3014 1773 μὲν
3033 1702 3120 1755 διὰ
3150 1702 3501 1771 εὐχαριστίας
3524 1708 3816 1774 σιωπηρᾶς
3834 1722 3848 1735 ⁸

615 1816 795 1860 mente
843 1807 1069 1873 scilicet,
1122 1824 1220 1879 per
1252 1811 1472 1864 tacitam
1514 1812 1816 1879 gratiarum
1857 1815 2171 1877 actionem;

2280 1795 2422 1865 λόγῳ
2446 1797 2502 1849 δὲ
2528 1797 2613 1849 διά
2648 1796 2747 1867 τῆς
2800 1797 2933 1862 πρὸς
2966 1796 3175 1858 πάντας
3196 1793 3493 1864 ὁμολογίας
3517 1794 3609 1847 τοῦ
3634 1799 3857 1865 γεγονὸ-

612 1914 884 1963 sermone,
922 1916 1018 1969 per
1061 1902 1184 1955 boni
1235 1906 1377 1972 quod
1408 1904 1460 1957 in
1504 1921 1600 1960 nos
1651 1905 1852 1961 factum
1894 1918 1978 1962 est
2033 1909 2176 1976 apud

611 2004 805 2044 omnes
839 1991 1287 2058 confessionem;
1325 2006 1379 2049 et
1407 2010 1570 2049 sensu
1592 2038 1607 2060 ,
1636 1998 1854 2066 quando
1888 2015 2003 2052 eam
2052 2011 2176 2055 actu

611 2080 859 2135 videntes
894 2083 1217 2141 salutamus.
1260 2086 1418 2142 Unde
1444 2089 1607 2141 etiam
1636 2105 1826 2145 omnes
1857 2092 1950 2160 qui
2002 2092 2178 2149 ubivis

610 2172 989 2239 inveniuntur,
1018 2178 1203 2233 crucis
1232 2187 1388 2250 typos
1438 2181 1491 2234 in
1550 2181 1858 2250 pavimento
1906 2184 2073 2238 deleri
2112 2194 2166 2239 et

613 2266 728 2320 tolli
754 2266 929 2337 jubet,
956 2286 1022 2323 ne
1044 2271 1112 2325 ab
1143 2271 1522 2329 incedentibus
1546 2276 1901 2331 conculcetur
1925 2288 2177 2333 nostrum

612 2361 876 2416 adversus
910 2363 1186 2417 diabolum
1226 2366 1526 2434 trophteum
1559 2381 1572 2418 :
1604 2382 1700 2422 eos
1726 2374 1930 2431 autem,
1960 2370 2053 2439 qtti
2085 2384 2179 2440 ag-

598 2456 786 2532 gressi
833 2442 1035 2509 fuerint
1086 2459 1269 2512 crucis
1301 2457 1525 2527 ﬁguram
1559 2460 1611 2513 in
1664 2461 1783 2514 solo
1814 2471 2134 2517 construere
2159 2503 2175 2528 ,

607 2543 764 2614 jubet
801 2530 1165 2616 segregationi
1212 2549 1433 2617 subjici.
1464 2550 1606 2605 Dicit
1648 2562 1830 2606 autem
1884 2562 1938 2607 et
1981 2554 2014 2608 5
2053 2570 2174 2623 cap.

610 2637 770 2705 primi
810 2637 953 2692 tituli
1006 2640 1163 2706 primi
1212 2640 1363 2699 libri.
1402 2641 1514 2698 Nec
1565 2645 1873 2699 monachus
1902 2662 2003 2701 nec
2031 2648 2177 2704 ullus

612 2728 755 2784 alius
783 2731 838 2784 in
869 2732 1088 2800 publico
1125 2734 1265 2796 loco.
1293 2735 1377 2789 vel
1414 2735 1467 2789 in
1509 2752 1618 2805 quo
1646 2737 2023 2806 spectaculum
2052 2757 2177 2809 per-

611 2821 815 2888 agitur,
870 2837 1088 2878 crucem
1138 2824 1405 2895 imponat,
1436 2828 1521 2882 vel
1549 2836 1864 2885 sanctorum
1891 2831 2173 2901 reliquias.

621 2911 686 2965 Et
724 2928 846 2983 cap.
877 2915 952 2969 6:
986 2913 1158 2970 Nemo
1207 2917 1261 2971 in
1296 2918 1434 2983 solo,
1484 2921 1567 2975 vel
1609 2922 1801 2976 molari
1848 2922 2050 2991 lapide,
2094 2926 2176 2981 vel

611 3018 888 3059 marmore
922 3008 1241 3075 pavimenti,
1271 3025 1490 3065 erucem
1525 3012 1793 3083 insculpat
1829 3016 1909 3069 vel
1941 3016 2123 3085 pingat
2144 2998 2171 3073 ἰ

612 3096 708 3150 sed
754 3098 986 3164 auferat,
1022 3114 1086 3154 eo
1116 3101 1207 3169 qui
1255 3102 1306 3156 id
1346 3105 1750 3175 transgreditur
1784 3109 2171 3176 gravissimum

621 3188 894 3244 subeunte
924 3191 1280 3260 supplicium.
1314 3195 1381 3248 Et
1411 3211 1532 3265 cap.
1566 3196 1631 3251 '38
1666 3199 1823 3267 primi
1861 3201 1949 3254 tit.
1993 3216 2052 3254 tu
2082 3202 2173 3256 lib.

612 3280 842 3349 imperat
885 3284 1115 3351 praecise
1160 3285 1346 3341 dicens
1382 3306 1395 3341 :
1436 3288 1540 3343 Sed
1581 3297 1633 3343 et
1662 3291 1924 3359 pretiosas
1967 3307 2178 3356 cruces,

609 3386 734 3427 cum
764 3374 961 3444 quibus
1012 3376 1063 3431 in
1119 3380 1610 3448 supplicationibus
1655 3383 2030 3451 egrediuntur,
2068 3400 2175 3440 non

612 3467 737 3519 alibi
771 3483 934 3536 quam
978 3468 1030 3522 in
1069 3472 1276 3526 sanctis
1302 3472 1435 3527 locis
1465 3475 1676 3542 reponi.
1711 3473 1833 3528 "3:0
1861 3489 1983 3527 cum
2008 3484 2061 3528 et
2092 3490 2178 3530 ca-

610 3572 719 3612 non
749 3568 803 3612 ct
832 3558 974 3629 leges
997 3569 1261 3633 statuant,
1291 3578 1507 3618 crucem
1537 3565 1754 3634 quidem
1782 3566 1833 3619 in
1868 3566 2177 3635 pavimento

613 3662 722 3703 non
762 3650 923 3704 audet
982 3651 1105 3720 quis
1156 3669 1223 3706 ex
1282 3654 1462 3723 aliqua
1522 3658 1747 3711 materia
1814 3666 2174 3714 construere:

610 3746 816 3793 sanctae
841 3746 1022 3795 autem
1056 3740 1322 3813 imagines
1356 3752 1408 3798 et
1434 3760 1625 3801 cruces
1659 3748 1713 3802 in
1750 3749 1981 3817 publicis
2020 3751 2121 3806 viis
2145 3768 2173 3804 a

607 3832 821 3886 voirnte
853 3833 1156 3904 eriguntur.
1208 3834 1273 3891 Et
1301 3852 1399 3891 nos
1441 3839 1684 3908 quidem,
1736 3851 1957 3911 prapter
1983 3858 2172 3913 puram

610 3939 736 3993 erga
773 3925 939 3980 Deum
971 3936 1026 3982 et
1054 3930 1171 3997 ejus
1208 3941 1432 3987 sanctos
1467 3932 1646 3995 ﬁdem,
1683 3943 1869 3988 sancta
1901 3936 2170 4005 ejusmodi

609 4015 922 4087 ubicunque
973 4032 1150 4075 erecta
1201 4023 1491 4078 adoramus
1536 4034 1591 4079 et
1641 4026 1964 4082 salutamus.
2004 4027 2175 4099 Leges

596 4115 807 4173 autem,
843 4118 900 4162 ut
929 4118 1013 4165 est
1061 4124 1529 4178 consentaneum,
1570 4130 1789 4186 propter
1827 4119 2123 4175 inﬁdelium
2155 4162 2169 4188 ,

609 4214 909 4269 eorumque
940 4203 1031 4271 qui
1061 4205 1179 4260 sine
1210 4207 1318 4262 ulla
1355 4207 1584 4263 honesta
1614 4213 2055 4281 consideratione
2089 4215 2176 4270 in-

603 4289 1020 4353 discriminatim
1043 4296 1250 4358 vivunt,
1270 4298 1663 4368 improbitates,
1685 4303 1796 4358 haec
1819 4306 2172 4375 scripserunt.

606 4382 871 4441 Existimo
909 4404 1056 4458 ergo.
1102 4392 1249 4459 quod
1280 4392 1354 4446 illi
1385 4398 1747 4466 segregationi
1783 4399 2169 4468 subjiciuntur,

2280 1890 2616 1957 roga-{1005
2696 1890 2833 1959 πρὸς
2894 1891 3084 1959 ἡμᾶς·
3151 1889 3241 1941 καὶ
3270 1888 3543 1953 αἰσθήσει,
3595 1889 3727 1941 ὅταν
3761 1891 3855 1943 καὶ

2282 1982 2684 2051 πραγματικῶς
2733 1981 2922 2035 τοῦτον
2948 1980 3185 2051 ὁρῶντες
3222 1979 3729 2050 κατασπαζώμεθα.
3753 1983 3853 2034 Ὄ-

2281 2073 2372 2127 θεν
2415 2075 2660 2139 καὶτοὺς
2684 2074 3019 2146 ὁπουδήποτε
3052 2075 3478 2144 εὑρισκομένους
3512 2074 3725 2138 τύπους
3759 2076 3852 2129 τοῦ

2282 2167 2517 2239 σταυροῦ
2569 2170 2626 2221 ὲν
2657 2168 2846 2237 ἐδάφει
2893 2167 3187 2238 διωρίσατο
3240 2166 3734 2237 ἀφανισθῆναι,ὠς
3786 2168 3856 2222 ἂν

2282 2259 2356 2328 μὴ
2393 2260 2776 2328 καταπατῆται
2806 2258 2913 2312 ὑπὸ
2943 2259 3053 2311 τῶν
3089 2258 3419 2328 βαδιζόντων
3469 2258 3527 2311 τὸ
3562 2259 3705 2311 κατὰ
3757 2259 3852 2312 τοῦ

2276 2353 2523 2406 διαϐόλου
2578 2354 2839 2423 τρόπαιον
2899 2351 3087 2422 ἡμῶν
3128 2351 3257 2414 τοὺς
3281 2351 3338 2403 δὲ
3384 2352 3852 2421 ἐπιχειρήσοντας

2280 2446 2520 2517 σταυροῦ
2560 2446 2732 2499 τύπον
2764 2447 2821 2498 tv
2853 2445 3043 2514 ἐδάφει
3090 2441 3505 2497 κατασκευάσαι
3557 2442 3852 2513 ἀφοριτμῷ

2279 2539 2815 2595 καθυποδάλλεσθαι.
2862 2540 2999 2607 Φησὶ
3054 2538 3109 2591 δὲ
3152 2537 3338 2590 καὶτὸ
3386 2534 3427 2588 ε’
3453 2554 3578 2606 κεφ.
3645 2537 3739 2588 τοῦ
3795 2542 3841 2589 α’

2274 2634 2454 2686 τίτλου
2486 2632 2581 2685 τοῦ
2618 2637 2666 2685 α’
2700 2630 2904 2701 βιϐλίου
2926 2646 2939 2659 ·
2978 2631 3130 2697 Μήτε
3183 2629 3416 2697 μοναχὸς
3456 2628 3593 2698 μήτε
3663 2627 3848 2698 ἕτερός

2275 2742 2360 2788 τις
2380 2726 2435 2776 ὲν
2450 2724 2692 2794 δημοσίῳ
2709 2723 2932 2794 τόπῳ.ἢ
2958 2724 3013 2775 ἑν
3045 2714 3089 2790 ᾦ
3108 2721 3207 2775 θέα
3230 2720 3583 2785 ἐπιτελεῖται,
3613 2723 3848 2789 σταυρὸν

2276 2815 2616 2870 ὲπιόαλλέτω
2646 2816 2679 2887 ἦ
2716 2816 2944 2885 λείψανα
2977 2815 3149 2881 ἁγίων
3174 2831 3189 2845 ο
3228 2815 3324 2869 καὶ
3355 2832 3483 2883 κεφ.
3515 2822 3568 2879 ς’
3595 2832 3609 2846 ⁸
3641 2816 3877 2885 Μηδε“ι;’

2275 2906 2556 2975 ὲνὲδάφει
2599 2906 2633 2978 ἢ
2672 2907 2866 2978 μυλίτῃ
2923 2906 3106 2976 λίθῳῆ
3166 2908 3223 2959 ἐν
3289 2898 3564 2979 μαρμάρῳ
3605 2909 3849 2978 ὲδαερικῷ

2275 2998 2593 3067 ὲγγλυφέτω
2650 3000 2683 3069 ἢ
2730 3000 2986 3070 γραφέτω
3041 3000 3305 3069 σταυρόν
3359 3000 3498 3054 ἀλλὰ
3541 3004 3847 3073 περιαιρεί-

2280 3093 2412 3155 σθω,
2451 3094 2551 3163 τὴν
2607 3092 2921 3164 βαρυτάτην
2969 3093 3066 3146 τοῦ
3121 3092 3558 3161 παραϐαίνοντος
3610 3094 3847 3164 ὑφιστα-

2285 3186 2449 3254 μένου
2486 3186 2684 3255 ποινήν
2708 3202 2723 3216 ·
2787 3188 2881 3239 καὶ
2932 3191 3169 3255 κεφ.“νη’
3211 3184 3304 3237 τοῦ
3361 3184 3407 3237 α’
3441 3185 3621 3238 τίτλου
3658 3187 3760 3255 ,τοῦ
3796 3192 3847 3254 γ’

2282 3278 2491 3349 βιϐλίου
2517 3278 2676 3347 λέγον
2704 3280 2762 3331 ὲν
2826 3280 3026 3347 μέρειο
3091 3277 3251 3331 Ἀλλὰ
3295 3280 3391 3333 καὶ
3454 3279 3583 3339 τοὺς
3633 3282 3850 3349 τιμίους

2282 3373 2570 3440 σταυροὺς,
2608 3371 2724 3441 μεθ’
2760 3364 2835 3426 ὧν
2878 3374 2938 3425 ἐν
2986 3373 3106 3433 ταῖς
3162 3372 3337 3435 λιταῖς
3371 3372 3710 3443 ἐξέρχονται,
3772 3374 3848 3445 μὴ

2277 3461 2542 3532 ἀλλαχόσε
2574 3463 2715 3533 πλὴν
2743 3462 2888 3533 είμὴ
2918 3466 2974 3517 tv
2998 3464 3223 3531 εὐαγέσι
3247 3465 3433 3528 τόποις
3454 3466 3843 3522 ἀποτίθεσθαι.

2278 3554 2464 3607 Ταῦτα
2490 3553 2583 3609 τοῦ
2616 3556 2840 3618 κανόνος
2868 3556 2964 3608 καὶ
3012 3555 3123 3610 τῶν
3178 3556 3362 3626 νόμων
3425 3556 3844 3627 διοριζομένων,

2279 3648 2514 3717 σταυρὸν
2580 3648 2679 3717 μὲν
2734 3648 2923 3717 ἐδάφει
2975 3648 3037 3702 ού
3095 3649 3270 3720 τολμᾷ
3313 3666 3399 3713 τις
3431 3654 3845 3707 κατασκευάσαι

2277 3740 2386 3794 ἀπό
2414 3757 2561 3804 τινος
2596 3740 2749 3810 ὕλης.
2781 3741 2970 3809 Ἀγιαι
2998 3741 3055 3794 δὲ
3103 3741 3333 3804 εῖκὸνεξ
3357 3741 3454 3793 καὶ
3514 3744 3746 3826 dictum}.
3786 3746 3845 3825 ἐν

2276 3833 2560 3904 δημοσίοις
2609 3835 2747 3897 ὁδοῖς
2768 3833 2920 3905 παρὰ
2944 3834 3042 3887 τοῦ
3100 3833 3347 3898 Θέλοντος
3390 3824 3845 3906 ἀναστηλοῦνται.

2281 3925 2393 3981 Καὶ
2451 3927 2612 3997 ἡμεῖς
2663 3926 2762 3996 μὲν
2807 3926 2897 3981 διὰ
2950 3928 3051 3995 τὴν
3085 3926 3223 3997 πρὸς
3277 3927 3370 3980 τὸν
3418 3927 3559 3982 Θεὸν
3584 3932 3681 3982 καὶ
3709 3932 3841 3993 τοὺς

2277 4020 2463 4087 ἁγίους
2488 4021 2655 4075 αὐτοῦ
2683 4022 2931 4093 καθαρὰν
2956 4021 3140 4076 πίστιν
3197 4023 3264 4074 τὰ
3315 4022 3652 4092 ὁπουδήποτε
3714 4025 3842 4077 ἁνα-

2278 4113 2617 4184 στηλούμενα
2632 4113 2861 4167 τοιαῦτα
2894 4112 3028 4179 ἅγια
3060 4112 3476 4183 προσκυνοῦμεν
3523 4116 3620 4166 καὶ
3675 4132 3843 4168 κατα-

2278 4205 2594 4275 σπαζὸμεθα
2615 4223 2629 4238 ο
2662 4206 2713 4259 οἱ
2730 4205 2785 4257 δὲ
2816 4206 2993 4275 νόμοι,
3025 4205 3100 4267 ὡς
3130 4205 3297 4271 ἔοικε,
3333 4205 3423 4258 διά
3454 4206 3551 4267 τάς
3576 4206 3688 4259 τῶν
3712 4208 3843 4260 ἀπί-

2257 4315 2419 4353 στων
2449 4299 2545 4353 καὶ
2570 4298 2677 4353 τῶν
2698 4299 3007 4369 ἀδιαφόρως
3036 4299 3252 4363 ζώντων
3279 4298 3575 4362 κακίαςτὰ
3602 4300 3841 4369 ρηθέντα

2274 4391 2639 4461 γεγράφασιν.
2682 4392 2878 4460 Οῖομαι
2908 4392 2963 4444 δὲ
2991 4392 3074 4444 ὅτι
3097 4393 3297 4444 ἐκεῖνοι
3329 4391 3841 4446 καθυποὸάλλονται

605 4479 699 4545 qui
734 4488 864 4534 sunt
893 4481 1277 4550 simpliciores,
1309 4495 1363 4540 et
1407 4490 1917 4558 pr0pterpietatem
1957 4493 2013 4548 in
2049 4496 2168 4550 solo

2274 4481 2588 4552 ἀφορισμῷ,
2620 4484 2668 4535 οἱ
2707 4483 3091 4555 άπλούστεροι,
3124 4484 3217 4537 καὶ
3268 4481 3336 4535 δι’
3366 4484 3657 4537 εύλάὸειαν
3682 4486 3841 4550 δῆθεν

605 4566 898 4633 pretiosam
925 4585 1141 4627 crucem
1166 4574 1522 4632 fabricantur.
1548 4581 1649 4645 Qui
1671 4582 1814 4636 enim
1844 4586 1981 4639 mala
2005 4587 2165 4643 animi

605 4656 889 4715 aﬁ‘ectione
931 4660 1035 4716 hoc
1066 4673 1250 4733 agunt.
1286 4675 1344 4721 ut
1364 4669 1633 4725 salutaris
1662 4674 1844 4728 crucis
1878 4677 2069 4746 ﬁgura,
2098 4693 2164 4733 eo

604 4750 751 4817 quod
781 4755 1153 4821 conculcetur,
1203 4763 1532 4818 contumelia
1578 4764 1859 4833 adiciatur,
1912 4778 1974 4824 ut
2017 4769 2166 4840 impii

606 4843 922 4914 punientur.

676 4934 926 4993 ZONAR.
975 4940 1204 4999 Domino
1235 4955 1425 5000 nostro
1478 4945 1585 5002 Deo
1616 4963 1681 5002 ac
1731 4960 2006 5008 servatore
2037 4951 2167 5009 Jesu

592 5025 824 5085 Christo
860 5033 1010 5087 cruci
1041 5033 1221 5098 aﬁixo.
1255 5050 1355 5090 nos
1388 5038 1619 5094 salutem
1653 5038 1871 5108 adepti,
1904 5053 2064 5111 atque
2100 5046 2169 5101 ab

607 5120 827 5192 antiqua
866 5128 1071 5194 peccati
1115 5132 1404 5198 tyrannide
1431 5132 1641 5186 liberati
1673 5148 1886 5189 sumus.
1937 5136 2167 5192 Crucem

608 5212 796 5284 igitur,
827 5217 1025 5290 quippe
1053 5235 1175 5291 qua:
1203 5224 1395 5279 salutis
1424 5234 1624 5280 nostra:
1663 5240 1879 5281 causam
1916 5230 2165 5296 praebuit,

607 5315 811 5371 mente.
844 5326 1095 5368 sermone
1130 5325 1185 5369 et
1229 5332 1393 5372 sensu
1424 5316 1706 5371 colendam
1758 5334 1787 5371 a
1839 5321 1994 5375 nobis
2046 5337 2168 5378 esse

607 5400 780 5452 sancti
836 5400 1022 5459 Patres
1059 5405 1345 5461 aﬁirmant.
1392 5409 1469 5463 Ae
1519 5418 1701 5464 mente
1750 5410 1962 5478 quidem
2020 5413 2163 5469 illam

609 5504 951 5560 veneramur,
987 5512 1109 5551 cum
1142 5501 1303 5554 tacita
1336 5502 1706 5563 meditatione.
1736 5517 1895 5572 quam
1930 5504 2165 5575 ingentia

607 5576 749 5633 bona
782 5597 873 5651 per
904 5585 1049 5639 illam
1079 5589 1142 5641 ad
1170 5605 1268 5644 nos
1298 5592 1614 5646 devenerint
1642 5594 1964 5662 recolentes,
1997 5604 2165 5653 tanta:

610 5667 706 5723 Dei
746 5672 801 5726 in
830 5688 929 5727 nos
960 5675 1326 5733 beneﬁcentia:
1354 5681 1782 5750 magnitudinem
1817 5683 2159 5753 obstupesci-

619 5778 781 5831 mus;
817 5770 1093 5836 sermone,
1129 5783 1249 5824 cum
1286 5770 1473 5826 eadem
1514 5771 1601 5827 illa
1629 5772 1968 5831 sermonibus
2000 5790 2161 5834 usur-

2275 4572 2780 4637 κατασκευάζοντες
2813 4573 2871 4627 ὲν
2899 4574 2976 4644 τῷ
3002 4574 3193 4642 ἐδάφει
3226 4576 3407 4646 τίμιον
3459 4576 3697 4646 σταυρόν
3720 4593 3735 4609 -
3786 4578 3838 4628 ot

2268 4662 2379 4734 γὰρ
2401 4664 2547 4735 κακῇ
2580 4663 2819 4717 διαθέσει
2844 4663 3083 4718 τοιοῦτόν
3112 4682 3166 4717 τι
3194 4665 3476 4730 ποιοῦντες
3527 4668 3692 4737 χάριν
3742 4667 3837 4721 τοῦ

2267 4755 2358 4808 τὸν
2385 4756 2699 4828 σωτηριώδη
2745 4757 2913 4810 τύπον
2952 4757 3054 4811 τοῦ
3115 4757 3347 4829 σταυροῦ
3399 4758 3490 4812 διὰ
3537 4760 3634 4812 τοῦ
3664 4778 3837 4813 καταο

2269 4849 2557 4902 πατεῖσθαι
2597 4849 3125 4922 περιυϐρίζεσθαιώς
3141 4850 3357 4915 ἀσεϐεῖς
3382 4853 3833 4922 κολασθήσονται.

2338 4940 2583 4996 ΖΩΝΑΡ.
2638 4942 2744 4995 Τοῦ
2774 4943 2977 5014 Κυρίου
3012 4944 3169 5014 ἡμῶν
3198 4945 3291 5002 καὶ
3320 4942 3454 4996 Θεοῦ
3482 4945 3581 5005 καὶ
3636 4947 3819 5011 Σωτῆ-

2271 5049 2360 5102 ρος
2382 5032 2626 5103 Χριστοῦ
2650 5036 2707 5086 tv
2731 5034 2811 5105 τῷ
2837 5036 3059 5106 σταυρῷ
3108 5037 3517 5107 κρεμασθέντος
3545 5040 3710 5108 ἡμεῖς
3742 5054 3834 5089 σε·

2268 5123 2545 5193 σώσμεθα,
2602 5124 2826 5195 καὶτῆς
2868 5126 3111 5198 ἀρχαίας
3153 5128 3396 5191 δουλείας
3429 5128 3530 5199 τῆς
3552 5132 3832 5199 ἁμαρτίας

2266 5214 2711 5287 ἡλευθερὼμεθα.
2767 5216 2953 5289 Τούτῳ
3003 5220 3186 5272 τοίνυν
3221 5221 3296 5292 τῷ
3351 5222 3453 5293 τῆς
3499 5224 3652 5292 νίκης
3697 5225 3834 5291 ἡμῖν

2223 5349 2231 5357 .
2267 5296 2420 5376 αἰτίῳ
2451 5308 2548 5390 τὴν
2595 5308 2760 5379 τιμὴν
2801 5312 3095 5381 ἀπονέμειν
3139 5313 3341 5383 χρῆναι
3394 5316 3557 5384 φασὶν
3605 5317 3653 5367 οἱ
3690 5317 3835 5382 ί;ροὶ

2267 5400 2513 5472 Πατέρες
2543 5405 2638 5455 καὶ
2658 5402 2751 5473 νῷ,
2774 5404 2867 5457 καὶ
2897 5404 3059 5475 λόγῳ,
3088 5407 3182 5458 καὶ
3204 5406 3475 5478 αἰσθήσει.
3495 5406 3585 5477 Νῷ
3608 5407 3705 5477 μὲν
3731 5406 3833 5460 οὖν

2265 5494 2646 5565 ἀποδιδόαμεν,
2702 5497 2791 5549 ὅτε
2834 5497 2956 5550 καθ’
3004 5498 3232 5562 ἑαυτοὺς
3283 5500 3674 5569 ἐνθυμούμενοι
3734 5502 3836 5554 καὶ

2265 5587 2603 5659 λογιζόμενοι
2651 5591 2791 5643 ὅσων
2839 5589 3058 5659 ἀγαθῶν
3099 5593 3369 5664 ἐτύχομεν
3410 5594 3475 5647 δι’
3510 5593 3699 5660 αὐτοῦ,
3736 5596 3836 5648 ὲκ-

2267 5680 2614 5751 πληττόμεθα
2662 5682 2758 5753 τὴν
2820 5685 2901 5747 είς
2967 5686 3112 5754 ἡμᾶς
3165 5687 3480 5759 εὐεργεσίαν
3508 5685 3601 5741 τοῦ
3631 5689 3775 5743 Θεοῦ
3812 5705 3829 5719 θ

2264 5776 2408 5846 λόγῳ
2471 5775 2549 5846 δὲ,
2600 5777 2688 5831 ὅτε
2741 5778 2837 5834 καὶ
2884 5780 3017 5849 πρὸς
3073 5778 3292 5851 ἑτέρους
3346 5780 3519 5836 ταῦτα
3568 5772 3831 5849 λέγοντες
