4092 6214
245 273 365 358 765'

1222 280 1308 340 ΙΝ
1348 282 1512 344 CAN.
1556 284 1791 344 LXXIV
1821 287 2030 348 CONC.
2069 289 2152 349 IN
2182 287 2511 350 TRULI.O.
2565 238 2570 242 ‘

3385 285 3489 350 766

244 390 482 460 χάριτας
539 389 912 461 ὁμολογοῦμεν
941 393 1018 463 τῷ
1047 395 1283 450 σώσαντι
1336 398 1485 466 ἡμᾶς
1520 412 1534 426 °
1568 397 1820 466 αἰσθήσει

1936 411 2142 472 pontes.
2177 414 2438 472 quantum
2472 402 2701 473 proinde
2733 412 2922 458 nostro
2965 399 3236 470 Salvatori
3288 399 3490 456 debea.

241 481 327 543 δὲ,
353 483 445 536 ὅτε
474 482 640 563 αὐτὸν
660 485 896 552 ὁρῶντες
925 489 1182 559 τιμῶμεν
1206 489 1300 543 καὶ
1330 490 1818 560 κατασπαζόμεθα.

259 575 422 628 Ἐπεὶ
446 575 504 628 δέ
538 593 702 641 τινες,
732 577 808 641 ὡς
833 581 971 649 τάχα
993 581 1223 663 ίπλείονα
1252 582 1417 652 τιμὴν
1451 582 1705 651 νέμοντες
1745 583 1822 648 τῷ
1846 607 1847 610 η

245 669 496 739 σταυρῷ,
556 671 832 742 πανταχοῦ
894 673 1128 727 ἔτύπουν
1185 673 1370 739 αὑτὸν,
1433 673 1565 744 πρὸς
1623 674 1678 726 δὲ
1711 677 1824 736 τοῖς

240 761 434 820 ἄλλοις
467 763 559 816 καὶ
587 765 645 816 ἐν
681 764 938 835 ἐδάφεσι·
988 767 1145 821 τοῦτο
1189 770 1217 821 ὁ
1251 766 1446 838 παρὼν
1489 767 1824 839 ἀπαγορεύει

241 853 453 918 κανιῖν),
486 854 725 909 κελεύων
769 860 846 928 μὴ
876 858 1063 926 ἐδάφει
1099 860 1404 914 τυποῦσθαι
1437 861 1696 929 σταυρδν,
1729 859 1825 912 καὶ

171 943 394 1021 Γοῦτω
421 947 482 998 τὸ
525 947 626 1018 τῆς
681 947 837 1018 νίκης
896 951 1162 1022 ἡμέτερον
1210 953 1475 1020 τρόπαιον
1528 948 1825 1019 ἀτιμᾶσθαι

244 1039 761 1109 καταπατούμενον.
807 1041 946 1106 Τοὺς
993 1043 1050 1095 δὲ
1071 1043 1230 1096 τοῦτο
1281 1043 1599 1114 τολμῶντας
1625 1043 1825 1109 ὑπάγει

242 1130 564 1200 ἁφορισμῷ.

360 1225 581 1281 ΑΡΙΣΤ.
618 1247 638 1278 ι
657 1230 719 1280 Ὀ
752 1231 809 1281 ἐν
837 1231 1026 1299 ἐδάφει
1056 1233 1288 1302 σταυρὸς
1308 1231 1657 1301 ἀφανίζεται.
1695 1250 1715 1283 ι

324 1318 512 1371 Πᾶσαν
542 1320 780 1391 σπουδὴν
825 1323 932 1392 χρὴ
958 1323 1165 1376 τιθέναι
1197 1326 1343 1394 ἡμᾶς
1362 1325 1462 1395 τὴν
1508 1324 1663 1386 ἀξίαν
1689 1324 1826 1376 ἁπο-

244 1407 454 1462 διδὸναι
481 1410 648 1480 τιμὴν
679 1412 756 1481 τῷ
788 1413 1044 1484 ζωοποιῷ
1084 1417 1328 1487 σταυρῷ,
1359 1417 1429 1469 δι’
1452 1411 1512 1471 οὗ
1540 1414 1634 1469 τοῦ
1657 1415 1825 1469 πάλαι

246 1501 582 1572 σεσώσμεθα
617 1506 1069 1576 παραπτώματος
1093 1525 1108 1540 ·
1141 1511 1236 1561 καὶ
1267 1511 1359 1562 ἐὰν
1400 1511 1458 1560 ἐν
1479 1509 1556 1578 τῷ
1586 1508 1772 1576 ἐδάφει
1799 1509 1826 1559 ὁ

243 1592 348 1648 τοῦ
398 1596 636 1665 σταυροῦ
660 1599 830 1662 τύπος
861 1602 1276 1671 κατεσκευάσθη
1331 1603 1436 1655 ύπό
1469 1619 1636 1664 τινος,
1683 1602 1826 1654 ἅπα-

247 1686 546 1755 λειφέσθω,
581 1689 670 1743 ῖνα
704 1693 779 1763 μὴ
812 1695 877 1761 τῇ
906 1693 1013 1746 τῶν
1069 1695 1390 1764 βαδιζόντων
1449 1694 1826 1763 καταπατήσει

243 1781 314 1834 τὸ
340 1783 440 1858 τῇς
465 1784 625 1853 νίκης
656 1784 814 1854 ἡμῶν
864 1787 1227 1858 ἐφυϐρίζηται
1256 1788 1539 1858 τρόπαιον.

832 1881 1071 1933 ΚΑΝΩΝ
1123 1883 1241 1933 ΟΔ’.

247 1987 273 2021 σ
328 1971 451 2024 Ὀτι
478 1972 539 2023 ού
564 1972 646 2025 δεῖ
670 1974 730 2026 ἐν
759 1973 872 2037 τοῖς
928 1975 1227 2043 Κυριακοῖς
1275 1975 1309 2046 ἢ
1341 1975 1422 2028 ὲνί
1459 1979 1577 2037 ταῖς
1626 1975 1826 2041 ἐκκλη-

286 2052 344 2114 ἰ
393 2065 537 2127 σίαις
588 2067 688 2128 τὰς
735 2066 1038 2136 λεγομένας
1091 2070 1312 2135 ἀγάπαις
1371 2069 1481 2138 (85)
1513 2069 1705 2132 ποιεῖν,
1735 2067 1828 2120 καὶ

329 2174 351 2207 ι
402 2155 552 2209 ἔνδον
579 2157 638 2212 έν
669 2159 746 2229 τῷ
773 2160 908 2230 οἴκῳ
941 2159 1166 2222 ἐσθίειν,
1199 2161 1292 2212 καὶ
1321 2159 1585 2211 duco-36m:
1614 2175 1827 2228 στρων·-

325 2267 348 2302 ι
396 2248 567 2305 νύειν.
601 2253 668 2305 Oi
698 2253 755 2306 δὲ
787 2253 946 2307 τοῦτο
993 2255 1170 2306 ποιεῖν
1218 2251 1581 2323 τολμῶντεςῆ
1607 2249 1827 2304 παυσάο

326 2363 348 2394 ι
394 2345 608 2398 σθωσαν
647 2346 680 2417 ἢ
737 2347 1205 2417 ἀφοριζέσθωσαν.
1252 2365 1272 2399 ι

321 2434 526 2491 ΒΑΛΣ.
562 2437 622 2512 ὐ
656 2437 831 2508 μέγας
884 2439 1094 2503 Παῦλος
1136 2440 1195 2492 ἐν
1224 2442 1289 2510 τῇ
1323 2441 1459 2508 πρὸς
1508 2435 1830 2510 Κορινθίους

254 2529 558 2601 Ἐπιστολῇ
589 2530 756 2584 αὐτοῦ
789 2531 1063 2601 μέμφεται
1091 2532 1219 2596 τοὺς
1243 2535 1301 2585 ἐν
1348 2532 1660 2601 ἐκκλησίαις
1693 2546 1830 2598 συμ-

246 2621 641 2688 ποσιάζοντας,
667 2622 843 2691 λέγων
868 2640 881 2655 ·
916 2625 1007 2693 Μὴ
1039 2625 1147 2694 γὰρ
1199 2624 1380 2688 οἰκίας
1421 2625 1522 2678 οὐκ
1567 2625 1722 2694 ἔχετε
1749 2623 1831 2689 είς

247 2719 317 2771 τὸ
370 2717 579 2772 ἐσθίειν
602 2717 698 2769 καὶ
719 2717 898 2770 πίνειν
925 2736 940 2784 ;
978 2718 1050 2772 Ἦ
1076 2719 1176 2788 τῆς
1201 2718 1492 2789 ἐκκλησίας
1546 2716 1641 2771 τοῦ
1692 2717 1829 2771 Θεοῦ

247 2812 676 2880 καταφρονεῖτε,
728 2810 826 2864 καὶ
851 2811 1242 2880 καταισχύνετε
1269 2812 1396 2873 τοὺς
1430 2811 1504 2879 μὴ
1558 2811 1780 2882 ἔχοντας
1811 2826 1830 2878 ;

260 2903 427 2956 Ἐπεὶ
454 2901 548 2955 οὖν
575 2902 686 2964 πᾶς
713 2903 879 2970 τόπος
913 2903 990 2970 τῷ
1030 2902 1218 2972 Κυρίῳ
1262 2902 1682 2973 ἀνατεθειμένος
1717 2904 1831 2956 Κυ-

253 2995 452 3068 ριακδς
480 2981 724 3063 λέγεται,
756 2996 861 3048 κᾶν
897 2997 972 3066 μὴ
1004 2995 1273 3064 ικκλησία
1301 2995 1470 3058 ἐστὶν,
1523 2994 1661 3048 ἀλλὰ
1703 2993 1834 3064 πρό-

1919 488 2070 560 inus.
2105 500 2245 568 apud
2280 498 2418 554 alios
2455 498 2794 568 proﬁtemur.
2823 498 2998 552 Sensu
3031 511 3181 559 vero,
3212 510 3335 550 cum
3371 510 3491 549 eam

1925 595 2254 662 aspicientes
2281 608 2609 647 veneramur
2635 601 2800 662 atque
2846 593 3171 647 salutamus.
3219 590 3488 654 Quoniam

1926 691 2095 761 igitur
2141 692 2428 754 nonnulli.
2462 690 2642 746 studio
2690 689 2830 744 forte
2865 691 3098 758 amplius
3141 682 3492 740 honestaudze

1925 785 2128 842 crucis.
2157 800 2275 838 eam
2313 800 2436 836 cum
2470 784 2591 837 aliis
2621 785 2752 836 locis
2785 793 2896 835 tum
2924 785 2975 835 in
3016 782 3323 849 pavimento
3353 792 3492 844 quo-

1927 876 2422 947 que'eﬂormahant
2453 895 2467 930 :
2501 877 2552 930 id
2589 877 2705 930 lieri
2747 892 2990 945 praesens
3017 890 3215 932 canon.
3248 887 3310 925 ac
3335 887 3398 924 ex
3432 889 3497 921 eo

1927 979 2129 1024 nostra:
2171 970 2414 1025 victoria:
2447 970 2746 1039 tr0phaeum
2800 985 2896 1035 per
2923 967 3315 1020 contumeliam
3366 979 3500 1017 con-

1923 1062 2250 1119 culcandum
2282 1065 2530 1133 prOponi,
2561 1073 2723 1116 vetat.
2777 1061 2877 1126 Qui
2933 1077 3062 1115 vero
3106 1061 3220 1114 ausi
3258 1057 3452 1112 fuerint
3481 1096 3496 1119 ,

1927 1156 2292 1226 segregationi
2333 1155 2600 1210 obnoxios
2630 1170 2752 1209 esse
2785 1154 3054 1207 decernit.

1999 1247 2226 1304 ARIST.
2266 1268 2285 1301 ι
2321 1249 2465 1303 Crux
2499 1250 2550 1301 in
2585 1247 2917 1317 pavimento,
2961 1246 3192 1298 tollitur.
3226 1262 3244 1294 ι

1999 1340 2225 1396 Omnem.
2259 1343 2520 1396 adhihere
2568 1343 2828 1394 dehemus
2873 1339 3210 1404 diligentiam
3239 1379 3252 1397 ,
3306 1343 3363 1386 ut
3415 1333 3501 1387 di-

1927 1449 2092 1504 gnum
2128 1434 2352 1489 viviﬁcae
2374 1435 2536 1487 'cruci
2567 1435 2870 1487 tribuamus
2905 1432 3188 1488 honorem.
3214 1444 3309 1498 per
3334 1441 3499 1495 quam

1929 1529 1996 1581 ah
2030 1527 2258 1596 antiquo
2289 1528 2441 1595 lapsu
2481 1541 2764 1581 servantur
2811 1543 2825 1577 :
2878 1533 2932 1576 et
2981 1523 3024 1578 si
3048 1539 3089 1590 la
3141 1522 3396 1589 quopiam
3444 1518 3499 1572 in

1928 1620 2241 1688 pavimento
2271 1599 2455 1671 crucis
2507 1619 2674 1684 ﬁgura
2724 1615 2966 1684 ponitur,
2997 1611 3257 1677 deleatur;
3297 1627 3362 1666 ne
3413 1611 3502 1663 in-

1929 1713 2235 1768 cedentium
2263 1711 2679 1766 eonculcationc
2705 1709 2944 1762 victori.c
2978 1717 3175 1760 nostra:
3198 1705 3499 1774 tropha‘mm

1931 1806 2127 1876 injuria
2161 1805 2457 1860 adiciatur.

2460 1893 2685 1952 CANON
2728 1892 2962 1948 LXXIV.

1937 2011 1956 2045 ι
1996 1991 2156 2058 Quod
2179 2006 2287 2044 non
2311 1999 2524 2058 oportet
2558 1990 2610 2042 in
2645 1975 2941 2040 Dominicis
2977 1987 3110 2039 locis
3142 1985 3220 2039 vel
3247 1981 3498 2036 ecclesiis

2009 2104 2028 2137 ι
2069 2099 2293 2154 agapas,
2323 2093 2382 2136 ut
2414 2090 2633 2138 vocant.
2667 2080 2870 2141 facere.
2902 2091 2954 2130 et
2987 2080 3134 2131 intus
3165 2078 3216 2130 in
3253 2076 3367 2128 a-de
3405 2089 3498 2126 co-

2008 2197 2026 2228 r
2072 2178 2311 2240 medere,
2340 2185 2393 2228 et
2428 2173 2710 2228 accubitus
2744 2183 3006 2226 sternere.
3040 2169 3142 2234 Qui
3187 2176 3363 2221 autem
3402 2167 3504 2218 hoc

2007 2289 2026 2323 ι
2067 2271 2182 2325 ausi
2212 2268 2433 2331 fuerint,
2462 2269 2546 2321 vel
2575 2273 2791 2322 cessent
2821 2265 2903 2319 vel
2940 2269 3321 2332 segregentur.
3367 2276 3386 2308 ι

2005 2447 2200 2503 BALS.
2238 2447 2460 2518 Magnus
2484 2445 2684 2501 Paulus
2720 2433 2772 2498 ili
2815 2439 3055 2510 Epistola
3081 2454 3178 2494 sua
3215 2437 3278 2489 ad
3307 2437 3506 2518 Coriu-

1931 2542 2078 2597 thios
2101 2557 2196 2596 eos
2229 2538 2602 2608 reprehendit.
2633 2537 2724 2604 qui
2759 2535 2814 2589 in
2850 2534 3084 2588 ecclesia
3116 2516 3502 2589 convivantur,

1933 2634 2124 2689 dicens
2157 2650 2172 2686 :
2202 2632 2394 2686 Annon
2443 2629 2656 2684 habetis
2719 2629 2910 2680 domos
2939 2624 3020 2682 .ad
3097 2622 3369 2674 edendum
3420 2619 3505 2672 vel

1935 2722 2271 2781 hibe’ndum?
2299 2724 2379 2777 An
2439 2722 2530 2776 Dei
2582 2720 2870 2776 ecclesiam
2917 2714 3291 2771 contemnitis.
3325 2721 3378 2764 et
3412 2726 3507 2765 eos

1932 2820 2024 2891 qui
2062 2835 2168 2874 non
2199 2818 2401 2873 habent
2448 2815 2654 2886 pudore
2707 2811 2919 2866 adicitis
2949 2810 3012 2862 ⁸2
3044 2805 3207 2879 244
3236 2804 3506 2870 Quoniam

1933 2927 2061 2982 ergo
2091 2911 2271 2967 omnis
2320 2911 2472 2974 locus
2512 2906 2740 2961 Domino
2779 2910 3135 2958 consecratus
3173 2895 3496 2950 Dominicus

1935 3006 2159 3069 dicitur,
2215 3002 2430 3058 etiamsi
2466 3017 2572 3054 non
2603 3006 2686 3053 est
2713 2995 2966 3052 ecclesia.
2998 2993 3092 3047 sed
3124 2989 3306 3057 templi
3339 2983 3507 3040 vesti-
3541 2985 3546 2992 ‘

250 3104 385 3150 ναος
413 3086 629 3157 τυχὺνῆ
676 3087 864 3158 ἕτερόν
923 3105 976 3140 τι
1025 3087 1190 3154 ἱερὸν,
1236 3088 1532 3156 διορίζεται
1574 3087 1604 3138 ὁ
1653 3084 1830 3140 κανὼν

1939 3097 2123 3151 bulum
2153 3104 2245 3149 aut
2277 3093 2421 3148 aliud
2455 3088 2674 3148 sa'crum
2700 3133 2714 3152 ,
2750 3087 2941 3143 statuit
2978 3100 3154 3139 canon
3185 3123 3200 3146 ,
3236 3096 3302 3135 ne
3337 3077 3507 3144 aliqui

255 3188 338 3255 μὴ
372 3183 770 3252 συμποσιάζειν
792 3183 943 3247 τινας
973 3185 1032 3236 ἐν
1061 3184 1381 3252 ἐκκλησίαις
1407 3181 1439 3252 ἢ
1473 3183 1532 3234 ἐν
1564 3179 1830 3242 τοιούτοις

251 3277 451 3339 τόποις
493 3275 678 3347 (τοῦτο
705 3277 814 3348 γὰρ
867 3277 1090 3346 ἀγάπην
1117 3276 1293 3340 καλεῖ,
1326 3275 1358 3347 ἢ
1388 3275 1466 3338 ὡς
1501 3275 1830 3327 συστατικὺν

253 3369 508 3438 ἀγάπης,
543 3369 668 3439 me
700 3370 924 3440 ἀγάπην
975 3367 1310 3440 γινόμενον)’
1346 3369 1483 3423 ἀλλὰ
1519 3368 1654 3439 μηδὲ
1683 3367 1831 3420 ἔνδον

249 3459 351 3514 τοῦ
374 3459 523 3514 οἴκου
550 3461 643 3515 τοῦ
667 3459 802 3515 Θεοῦ
835 3456 1037 3515 ἐσθίειν
1061 3463 1156 3515 καὶ
1185 3460 1448 3515 ἁκουϐίτα
1483 3459 1829 3532 στρωννύειν.

254 3554 409 3616 Τοὺς
439 3554 498 3608 δὲ
525 3553 768 3608 τοιοῦτόν
795 3571 850 3607 τι
885 3553 1193 3620 ποιοῦντας,
1255 3554 1352 3607 καὶ
1415 3553 1553 3623 μετὰ
1609 3570 1831 3622 παραγ-

251 3649 450 3718 γελίαν
505 3647 579 3718 μὴ
612 3647 1025 3719 διορθουμένους
1074 3647 1370 3719 ἀφορισμῷ
1416 3646 1831 3701 καθυποϐάλλε-

255 3742 410 3804 σθαι.
444 3743 557 3821 Καὶ
583 3741 774 3812 ἀγάπη
801 3741 898 3811 μὲν
940 3741 1190 3794 καλεῖται
1220 3742 1253 3812 ἡ
1284 3741 1617 3810 ἀδελφοσύνη
1646 3741 1740 3793 καὶ
1766 3739 1834 3792 τά

251 3836 348 3890 διὰ
379 3835 586 3906 ταύτης
630 3834 906 3905 συμπόσια
931 3852 946 3866 ⁸
1001 3835 1159 3888 ἅτινα
1192 3832 1544 3902 ἐκωλύθησαν
1571 3833 1645 3894 ὡς
1693 3845 1837 3901 παρ-

254 3929 414 3984 αίτια
443 3927 875 3993 σκανδάλων,καὶ
917 3926 1152 3998 ὕϐρεων,
1183 3926 1330 3979 ἐστιν
1355 3926 1444 3979 ὅτε
1471 3920 1566 3978 καὶ
1592 3943 1837 3994 συνωμο-

260 4021 398 4076 σιῶν
429 4021 524 4075 καὶ
545 4021 811 4092 φατριῶν.
854 4020 1167 4075 ’Δκούσιτον
1199 4019 1255 4072 δὲ
1289 4019 1507 4088 λέγεται
1556 4018 1666 4072 πᾶν
1705 4017 1836 4070 ,ἐπίο

254 4116 418 4172 θετον
449 4117 739 4187 στρωμνῆς
797 4099 1236 4184 κατασκεύασμα
1291 4114 1371 4176 εἰς
1425 4111 1558 4182 ὕψος
1589 4113 1834 4184 ἣρμένον

257 4209 356 4262 καὶ
433 4208 697 4277 μαλακόν.
735 4207 1024 4272 ’Δκούμὸω
1068 4206 1175 4278 γὰρ
1233 4206 1384 4275 παρὰ
1430 4205 1679 4269 Λατίνοις
1708 4246 1721 4268 ,
1775 4205 1837 4258 τὺ

255 4298 574 4351 ἁναπίπτω.
616 4297 775 4360 Τινὲς
807 4296 959 4366 γοῦν,
1013 4296 1086 4360 ὡς
1123 4296 1320 4360 ἔοικεν,
1379 4295 1836 4367 ὁποστελλόμενοι

256 4391 496 4445 κλινίδια
524 4392 584 4443 έν
635 4390 712 4461 τῷ
737 4372 983 4460 μεσονάῳ
1028 4389 1294 4457 εἰσάγειν,
1328 4391 1363 4460 ἢ
1404 4391 1496 4443 καὶ
1519 4390 1607 4443 διὰ
1636 4389 1836 4460 θρύψιν

1945 3193 1996 3246 in
2041 3189 2266 3246 ecclesia
2318 3186 2698 3248 conviventur,
2767 3181 2851 3234 vel
2922 3179 2975 3232 in
3043 3173 3314 3243 ejusmodi
3371 3171 3506 3225 locis

1943 3285 2070 3352 (hoc
2095 3274 2254 3364 enini
2290 3287 2448 3334 vocat
2496 3277 2718 3346 ἀγάπην
2746 3315 2761 3339 ,
2802 3273 2854 3327 id
2899 3281 2983 3325 est
3011 3267 3384 3360 dilectionem.
3420 3262 3506 3318 vel

1937 3376 2082 3450 quod
2113 3367 2182 3431 sit
2232 3354 2538 3428 dilectionis
2588 3369 2830 3424 ellicicus
2864 3378 3093 3434 eamque
3143 3354 3505 3419 constituens,

1937 3468 2023 3526 vel
2051 3468 2195 3538 quod
2227 3466 2318 3520 ﬁat
2348 3472 2568 3535 propter
2606 3461 2951 3516 dilectionem
2977 3459 2997 3527 )
3027 3475 3042 3512 :
3081 3457 3176 3516 sed
3223 3467 3398 3520 neque
3425 3451 3512 3505 in-

1940 3571 2021 3616 tra
2052 3561 2272 3616 domum
2323 3557 2415 3612 Dei
2453 3557 2764 3617 comedant,
2800 3562 2854 3607 et
2903 3550 3188 3607 accubitus
3240 3551 3510 3601 sternant.
3552 3599 3556 3603 ,

1947 3652 2059 3707 Eos
2086 3661 2266 3706 autem
2301 3649 2392 3720 qui
2432 3649 2535 3703 tale
2567 3647 2695 3717 quid
2728 3646 2956 3708 faciunt,
2990 3653 3043 3697 et
3069 3651 3189 3714 post
3218 3634 3511 3694 denuntia-

1939 3747 2147 3798 tionem
2186 3757 2294 3795 non
2331 3740 2629 3802 abstinent,
2663 3733 3026 3806 segregationi
3057 3729 3276 3796 suhjici.
3310 3726 3375 3781 Et
3416 3740 3513 3778 vo-

1943 3843 2100 3890 catur
2129 3832 2596 3904 quidem‘Agape,
2650 3828 2988 3887 fraternitas,
3032 3833 3085 3878 et
3133 3839 3252 3892 ηιιτι»
3287 3825 3512 3890 propter

1940 3943 2062 3983 eam
2085 3927 2344 3980 ineuntur
2366 3922 2638 3978 convivia.
2662 3919 2792 3986 Quae
2817 3918 3035 3987 quidem
3061 3922 3189 3969 sunt
3219 3912 3510 3982 prohibita.

1941 4028 2002 4074 ut
2033 4033 2152 4088 qua:
2184 4014 2632 4072 ollendiculorum
2670 4021 2723 4065 et
2749 4008 3204 4065 contumeliarum
3235 4045 3251 4069 ,
3287 4012 3343 4056 et
3375 4017 3515 4055 nou-

1946 4125 2227 4178 nunquam
2295 4107 2458 4161 etiam
2515 4097 2956 4172 conjurationuin
3015 4108 3067 4151 et
3118 4097 3515 4158 soulalitatum,

1943 4217 2122 4257 causa:
2153 4209 2358 4254 essent.
2405 4197 2705 4250 Accuhitus
2753 4201 2932 4246 autem
2972 4190 3172 4247 dicitur
3206 4186 3384 4239 omnis
3410 4184 3512 4236 im-

1943 4293 2117 4363 posita
2143 4291 2297 4346 strati
2330 4298 2531 4352 strues,
2564 4304 2685 4356 qua:
2712 4288 2764 4339 in
2793 4282 3132 4338 altitudinem
3163 4288 3341 4334 erecta
3371 4266 3514 4346 apud

1943 4385 2165 4440 Latinos
2201 4385 2338 4438 idem
2371 4395 2476 4443 est,
2517 4381 2659 4450 quod
2701 4378 3016 4433 ἀναπίπτω.
3045 4374 3301 4429 Nonnulli
3339 4386 3468 4442 ergo
3495 4414 3511 4436 ,

257 4485 492 4538 πλείονα
525 4484 745 4538 ἐποίουν
775 4485 808 4555 ἦ
833 4483 1180 4555 ἀλλοτρόπως
1212 4485 1294 4547 είς
1328 4484 1634 4538 ἀνάπαυσιν
1656 4482 1831 4538 αύτῶν

1944 4489 2003 4534 ιιι
2033 4479 2263 4537 videtur.
2292 4476 2519 4532 lectulos
2541 4476 2596 4529 in
2632 4474 2866 4530 medium
2900 4470 3081 4540 templi
3108 4468 3516 4528 submittcntes,

184 4575 187 4577 ’
255 4576 554 4647 στρωμνὰς
601 4575 897 4639 τοιαύτας·
931 4577 1068 4646 ὅπερ
1100 4576 1194 4629 καὶ
1252 4577 1522 4649 ἐκωλύθη.
1591 4575 1838 4646 Ἐπεχεί⁶

255 4687 439 4742 ρησαν
469 4671 528 4725 δέ
552 4687 700 4734 τινες
727 4672 902 4724 εἰπεῖν
925 4670 984 4724 τὸ
1011 4669 1145 4724 αὐτὸ
1183 4665 1332 4723 εἶναι
1357 4669 1638 4742 Κυριακδν
1665 4671 1833 4723 τόπον

254 4767 354 4819 καὶ
384 4763 684 4834 ἐκκλησίαν
702 4781 716 4796 ·
744 4765 838 4818 καὶ
863 4765 1217 4836 ἡρμήνευσαν
1248 4764 1308 4817 τὸ
1339 4766 1406 4818 Ἦ
1435 4764 1838 4835 συμπλεκτικὸν

255 4853 356 4913 καὶ
390 4858 454 4911 ού
488 4857 886 4923 διαζευκτικόν.
928 4856 1084 4926 Ἐμοὶ
1115 4855 1172 4909 δὲ
1204 4855 1304 4909 ούκ
1336 4856 1502 4922 εδοξε.
1555 4857 1708 4910 Μετὰ
1731 4857 1838 4926 γὰρ

252 4952 318 5005 τδ
354 4952 538 5004 εἰπεῖν
577 4949 651 5022 μὴ
685 4950 930 5018 γίνεσθαι
985 4948 1208 5017 ἁγάπας
1267 4951 1324 5003 ὲν
1377 4943 1741 5018 Κυριακοϊςῆ
1777 4951 1834 5002 ὲν

256 5045 582 5116 ἐκκλησίαις
611 5043 809 5098 κωλύει
839 5045 900 5096 τὸ
929 5042 1130 5096 ἐσθίειν
1181 5045 1275 5097 καὶ
1314 5042 1578 5096 άκούὸιτα
1630 5059 1836 5112 στρων·

257 5137 409 5193 νύειν
435 5139 516 5200 είς
543 5137 739 5208 μόνους
775 5138 902 5202 τοὺς
956 5138 1162 5201 οἴκους,
1199 5137 1369 5208 ἦγουν
1400 5135 1495 5198 τὰς
1520 5134 1832 5204 ἐκκλησίας.

341 5316 406 5370 ⁸1
441 5315 571 5370 Cor.
611 5329 686 5379 xi,
709 5311 801 5370 22.

1943 4572 2262 4642 huiusmodi
2302 4582 2453 4626 toros
2491 4586 2584 4625 seu
2631 4576 2826 4631 strata,
2855 4566 2938 4620 vel
2981 4563 3046 4617 ad
3099 4561 3331 4630 majores
3380 4557 3517 4611 deli-

1937 4666 2075 4729 cias,
2105 4665 2188 4719 vel
2222 4646 2424 4734 alioqui
2456 4663 2522 4717 ad
2555 4678 2709 4718 suam
2740 4660 2974 4731 quietem
3012 4655 3288 4709 iaciebant
3321 4669 3335 4705 :
3368 4647 3512 4718 quod

1932 4769 2020 4814 est
2053 4760 2214 4813 etiam
2248 4752 2871 4828 prohibitum.Nonnulli
2899 4757 3078 4804 autem
3113 4749 3294 4802 dicere
3327 4743 3512 4796 conati

1939 4861 2086 4919 aunt,
2122 4845 2264 4907 idem
2295 4867 2416 4907 esse
2451 4851 2627 4906 locum
2682 4846 3019 4904 Dominicmn
3064 4850 3120 4897 et
3149 4840 3439 4896 ecclesiam
3488 4851 3504 4889 :

1941 4955 1995 5002 et
2029 4945 2366 5014 interpretati
2405 4953 2532 5000 sunt
2560 4943 2712 5006 illud,
2742 4941 2857 5004 Vel,
2892 4947 2948 4992 ut
2989 4935 3425 5006 conjunctivum,
3455 4941 3512 4984 et

1944 5054 2051 5093 non
2082 5038 2494 5107 disjunctiVum.
2526 5035 2652 5088 Mihi
2690 5043 2870 5087 autem
2928 5046 3031 5083 non
3074 5030 3146 5081 ita
3183 5025 3356 5079 visum
3404 5029 3508 5074 est.

1946 5134 2238 5204 Postquam
2269 5136 2414 5188 enim
2461 5132 2688 5187 dixisset
2740 5142 2846 5182 non
2895 5120 3171 5177 faciendas
3220 5128 3417 5185 agapas
3453 5112 3511 5164 in
3568 5190 3572 5194 _

1463 5403 1658 5467 Guili.
1691 5406 2032 5495 Beveregii
2078 5409 2268 5469 Ilotae.

1262 5501 1275 5528 \

337 5542 448 5607 (83)
478 5538 588 5593 Kal
610 5537 893 5592 ἁκούϐιτα
919 5533 1285 5602 στρων-κύειν
1339 5529 1672 5607 Scholiastes
1702 5529 1840 5607 Har:

260 5600 504 5681 menopu
531 5609 568 5671 ἰ,
607 5608 894 5660 ’Λκούὸιτα
918 5600 1202 5681 οτρῳμνὰς
1233 5603 1472 5681 μεγάλας
1500 5601 1668 5681 λέγει,
1697 5600 1841 5654 κατὰ

258 5673 551 5743 Λατίνους.
573 5680 826 5740 Accubita
843 5673 993 5731 vocat
1013 5676 1272 5729 instratus
1293 5674 1396 5727 sive
1413 5673 1604 5726 toralia
1625 5689 1837 5741 "mgna.

253 5758 428 5828 juxta
474 5750 718 5818 Latinos,
751 5748 1020 5822 ‘llarmen.
1064 5748 1194 5817 cpit.
1238 5760 1361 5801 can;
1401 5753 1559 5828 sect.
1585 5743 1638 5807 5.
1674 5744 1758 5800 tit.
1790 5745 1824 5798 2

1947 5530 2083 5588 Vide
2120 5533 2461 5588 Balsamonis
2504 5531 2571 5585 de
2607 5531 2708 5586 hac
2746 5543 2878 5583 voce
2911 5525 3114 5582 scholia
3139 5563 3152 5583 .
3183 5535 3301 5590 qua:
3339 5518 3505 5574 etiarn

1944 5602 2184 5660 Joannes
2222 5601 2354 5674 Citri
2378 5602 2664 5674 episcopus
2693 5601 2814 5658 loco
2845 5599 3008 5671 paulo
3041 5603 3164 5654 ante
3193 5595 3359 5648 citato
3391 5606 3534 5647 νοτ-ι

1948 5675 2115 5732 batim
2152 5671 2462 5744 exscripsit.
