4092 6214
607 286 740 349 ’737

1887 305 2164 368 ΤΗΕΟΙ).
2204 308 2608 370 BALSAMON

3741 323 3848 379 7iil$

637 399 930 458 Dominicis
963 406 1044 458 vel
1096 407 1147 462 in
1181 411 1464 476 ecclesiis,
1511 416 1763 484 prohibet
1815 423 2099 474 comedere
2141 436 2178 474 e1

2297 422 2741 492 ’Ὡστεδιαφορά
2793 425 2938 476 ἐστιν
2990 423 3287 496 ἐκκλησιῶν
3334 426 3427 479 καὶ
3479 427 3728 498 προνάιον
3752 430 3847 486 καὶ

636 497 918 552 accubitus
947 506 1196 556 stern’ere
1243 503 1293 556 iu
1339 507 1478 564 solis
1524 510 1731 565 aadibns
1765 514 1877 567 sive
1921 517 2188 572 ceclesiis.

633 585 995 662 Quamobrem
1045 602 1129 646 est
1181 594 1485 653 diﬂ’erentia
1521 601 1665 656 inter
1690 604 1947 660 ecclesias
1981 618 2031 661 et
2069 625 2193 676 pro-

641 695 771 729 naos
809 690 865 732 et
892 682 1025 736 alios
1058 685 1205 741 locos
1237 689 1570 747 Dominicos.

709 768 959 826 ZONAR.
991 775 1156 833 Moris
1183 782 1387 850 antiqui
1427 784 1526 839 fuit
1554 787 1858 845 divinorum
1907 796 2191 863 mysterio-

637 878 754 916 rum
800 869 1178 925 communione
1208 885 1423 938 peracta
1453 881 1698 934 convivia
1726 923 1741 945 ,
1770 886 1994 941 cibariis
2031 889 2192 941 ditio-

634 970 752 1007 rum
797 957 1118 1024 liberalitate
1165 965 1406 1030 collatis,
1452 983 1518 1024 ac
1565 988 1660 1040 per
1705 989 1799 1029 eos
1844 978 2188 1035 tenuioribus

633 1065 846 1117 quoque
874 1054 937 1104 ad
971 1070 1166 1108 meusze
1195 1060 1512 1114 societatem
1555 1065 1831 1127 admissis,
1869 1071 2185 1135 celebrare;

629 1143 785 1204 cuius
819 1146 978 1198 etiam
1013 1163 1241 1216 magnus
1271 1149 1466 1205 Paulus
1501 1155 1738 1221 Epistula
1785 1161 1847 1212 ad
1875 1159 2189 1219 Corinthios

630 1235 894 1299 meminit,
927 1253 1148 1306 eosque,
1180 1245 1320 1310 quoi
1365 1245 1614 1311 privatim
1660 1251 1784 1305 aliis
1817 1269 1922 1307 non
1951 1270 2186 1320 exspec-

625 1326 752 1379 tatis
797 1329 1182 1395 epularentur,
1219 1334 1488 1407 objurgat.
1541 1337 1902 1411 Unusquisque
1929 1385 1942 1407 ,
1988 1347 2183 1414 inquit,

624 1436 776 1472 suam
814 1439 1011 1475 cmnam
1051 1441 1377 1496 pra'occupat
1407 1433 1458 1483 in
1483 1432 1702 1500 edendo;
1735 1446 1782 1488 et
1813 1438 1949 1489 alius
1978 1441 2186 1507 quidem

621 1514 804 1568 esurit.
835 1515 970 1567 alius
1001 1529 1169 1570 autem
1199 1522 1372 1573 ebrius
1401 1533 1497 1576 est.
1538 1524 1805 1592 Numquid
1840 1531 1971 1583 enim
2003 1534 2185 1588 domos

625 1620 725 1676 non
757 1606 978 1666 habetis.
1013 1623 1064 1660 ut
1107 1614 1429 1666 manducetis
1459 1626 1505 1669 et
1533 1617 1757 1673 bibatis?
1789 1633 1878 1675 ant
1915 1626 2184 1680 ecclesiam

627 1695 722 1749 Dei
756 1702 1102 1759 contemnitis.
1138 1716 1182 1756 et
1216 1706 1534 1771 confunditis
1563 1727 1648 1764 eos
1672 1715 1761 1781 qui
1789 1733 1891 1770 non
1921 1717 2108 1774 habent
2135 1722 2184 1774 9?

630 1788 776 1843 lianc
817 1791 978 1860 igitur
1016 1798 1268 1863 epulandi
1309 1803 1791 1869 consuetudinem,
1829 1825 1987 1876 quam
2017 1814 2179 1866 ctiam

589 1901 593 1912 ε
625 1896 828 1950 agapen
869 1887 980 1937 sive
1008 1890 1328 1944 cbaritatem
1363 1900 1714 1964 nuncupavit,
1749 1904 1907 1968 quasi
1940 1918 1968 1955 a
2003 1905 2183 1956 chari-

622 1982 733 2026 tate
785 1977 1108 2045 profectam,
1160 1985 1243 2036 vel
1307 1985 1432 2052 quia
1499 1989 1782 2046 cbaritatis
1832 1993 2064 2048 elﬁciens
2114 1997 2182 2052 sit

623 2075 770 2136 (nam
825 2070 910 2124 illa
957 2089 1154 2129 mensae
1188 2081 1502 2135 communio
1546 2085 1834 2151 quamdam
1887 2087 2027 2141 inter
2065 2105 2180 2148 eos.

621 2161 713 2227 qui
753 2178 858 2216 una
912 2165 1091 2220 cibum
1138 2169 1397 2238 capiunt,
1431 2185 1680 2242 procreat
1729 2178 2075 2248 cbatitatem)
2126 2183 2179 2236 in

619 2257 868 2312 ccclesiis
931 2271 1265 2328 renovatam,
1329 2266 1779 2323 convenientibus
1837 2269 1980 2324 intra
2029 2287 2182 2326 saera

623 2350 820 2417 templa
875 2351 1213 2407 vestibulave
1271 2355 1336 2406 atl
1383 2359 1712 2412 vescendum
1768 2360 2032 2424 convivis,
2091 2363 2182 2418 hic

623 2455 798 2494 canon
829 2441 1122 2510 improbat,
1178 2462 1354 2514 neque
1386 2449 1446 2502 in
1489 2451 1763 2516 ecclesiis,
1797 2461 1890 2505 aut
1921 2453 2059 2505 intra
2092 2470 2182 2508 sa-

625 2546 842 2586 crarum
884 2535 1168 2590 domorum
1203 2549 1376 2607 septa,
1427 2542 1522 2594 sed
1559 2543 1753 2597 alicubi
1784 2553 1937 2598 extra
1971 2547 2178 2620 epulari

619 2626 774 2692 jubet
801 2643 815 2679 ε
847 2629 1133 2683 accubitus
1164 2630 1326 2683 etiam
1356 2631 1523 2685 sterni
1556 2642 1721 2686 vetat.
1751 2635 1845 2688 Est
1875 2646 2050 2689 autem
2087 2653 2180 2692 ac-

620 2713 839 2767 cubitus
870 2714 1060 2769 Lalina
1090 2710 1238 2771 vox‘:
1290 2718 1431 2774 ldem
1485 2723 1628 2774 enim
1653 2721 1858 2778 Latinis
1895 2728 2178 2794 accnmbo,

620 2807 765 2880 quod
805 2808 1116 2861 ἁναπίπτω.
1150 2809 1330 2864 Strata
1365 2828 1492 2866 vero
1522 2813 1684 2867 altius
1710 2816 1940 2870 excitata
1969 2819 2181 2873 mollio-

622 2911 808 2963 raqne,
843 2915 959 2964 qua:
992 2900 1310 2956 deliciarum
1345 2905 1658 2974 inertiaeque
1688 2918 1816 2960 sunt
1838 2949 1854 2974 ,
1888 2909 2177 2980 signiﬁcat.

623 2988 887 3044 Dominici
919 3007 1077 3060 porro
1103 3008 1297 3046 nomen
1337 3011 1432 3063 pro
1459 2997 1686 3052 ecclesia
1713 3000 1914 3067 passim
1940 3016 2179 3057 canones

2293 515 2466 568 ἄλλων
2519 517 2811 588 Κυριακῶν
2843 518 3042 573 τόπων.

2365 780 2608 835 ΖΩΝΑΡ.
2649 782 2702 834 Ἀ
2716 784 2899 852 ρχαῖον
2932 781 3049 845 ἔθος
3071 778 3219 853 ἦντὸ
3248 785 3386 852 μετὰ
3414 785 3514 850 τὴν
3565 765 3852 842 κοινωνίαν¹

2287 872 2396 925 τῶν
2426 873 2584 925 θείων
2633 874 2946 943 μυστηρίων
3002 875 3248 928 συσσίτια
3292 875 3539 944 γίνεσθαι
3597 881 3691 930 καὶ
3716 896 3842 948 συμ·

2289 965 2453 1018 πόσια
2503 967 2605 1018 τῶν
2657 966 2923 1018 πλουσίων
2975 967 3352 1036 χορηγούντων
3410 969 3478 1020 τὰ
3529 970 3796 1040 βρώματα
3826 1012 3843 1035 ,

2289 1057 2780 1126 προσκαλουμένων
2809 1060 2865 1111 δὲ
2896 1060 2989 1111 καὶ
3021 1061 3146 1122 τοὺς
3179 1062 3556 1130 πενεστέρους.
3591 1058 3668 1117 Ob
3700 1066 3792 1116 καὶ
3819 1069 3847 1118 6

2291 1149 2460 1218 μέγας
2496 1150 2699 1212 Παῦλος
2731 1153 2787 1203 ἐν
2815 1155 2879 1221 τῇ
2910 1153 3055 1220 πρὸς
3073 1153 3388 1218 Κορινθίους
3431 1155 3720 1225 Ἐπιστολῇ
3755 1158 3849 1224 μέ-

2290 1257 2510 1309 μνηται,
2542 1242 2890 1311 μεμφόμενος
2918 1243 3122 1305 αὐτοῖς,
3155 1244 3233 1295 ὃτι
3267 1243 3372 1313 ἰδίᾳ
3407 1244 3592 1313 ἤσθιον
3618 1247 3690 1312 μῖη
3718 1249 3846 1300 ἀνα-

2290 1331 2538 1400 μένοντες
2561 1333 2794 1397 καὶτοὺς
2816 1335 3026 1399 ἄλλους,
3062 1336 3158 1388 καὶ
3189 1336 3426 1403 ὲπάγωψ
3457 1337 3750 1419 Ἕκαστος
3780 1343 3842 1391 τὸ

2287 1423 2444 1476 ἴδιοι·
2469 1423 2717 1478 δεῖπνον
2739 1425 3183 1495 προσλαμϐάνει
3205 1428 3275 1480 ἐν
3300 1427 3380 1492 τῷ
3399 1429 3632 1497 φαγεῖν,
3659 1431 3756 1482 καὶ
3782 1431 3850 1496 ὃς

2281 1516 2396 1585 μὲν
2417 1517 2610 1586 πεινᾷ,
2631 1519 2698 1584 ὃς
2719 1519 2786 1571 δὲ
2797 1522 3019 1590 μεθύει.
3043 1525 3099 1574 Μ
3107 1522 3138 1587 ἡ
3181 1521 3292 1589 γὰρ
3313 1523 3502 1587 οίκιάς
3526 1525 3641 1576 οὐκ
3681 1524 3848 1591 ἔχετε

2284 1611 2370 1674 εἰς
2412 1610 2476 1663 τὸ
2503 1611 2728 1666 ἐσθίειν
2753 1615 2851 1666 καὶ
2883 1614 3096 1679 πίνειν,
3118 1612 3154 1680 ἢ
3208 1614 3318 1680 τῆς
3372 1615 3707 1682 ἐκκλησίας
3741 1619 3846 1672 τοῦ

2289 1700 2432 1753 Θεοῦ
2465 1703 2905 1770 καταφρονεῖτε,
2949 1704 3067 1756 -καὶ
3121 1705 3548 1771 καταισχύνετε
3591 1706 3736 1770 τοὺς
3766 1710 3844 1775 μὴ

2282 1795 2536 1862 ἔχοντας
2561 1813 2580 1856 ;
2618 1795 2786 1848 Τοῦτο
2831 1793 2925 1849 οὖν
2955 1797 3015 1848 τὸ
3040 1798 3148 1848 τῶν
3182 1798 3496 1865 συμποσίων
3523 1798 3664 1864 ἔθος,
3695 1799 3725 1851 ὃ
3756 1800 3849 1852 καὶ

2284 1888 2508 1957 ἀγάπην
2565 1888 2822 1942 ἐκάλεσεν
2849 1891 2876 1942 6
2904 1889 3106 1951 κανὼν,
3169 1889 3258 1942 διὰ
3285 1890 3343 1940 τὸ
3375 1889 3432 1953 ἐξ
3457 1892 3675 1959 ἀγάπης
3705 1894 3849 1958 γίνε-

2285 1980 2431 2043 σθαι,
2461 1980 2494 2048 ἢ
2527 1981 2601 2043 ὡς
2658 1982 2879 2050 ἀγάπης
2915 1982 3238 2034 συστατικὸν
3266 1983 3346 2049 (τὸ
3401 1983 3506 2050 γὰρ
3545 1984 3849 2037 συνεσθίειν

2283 2071 2359 2132 είς
2392 2071 2610 2139 ἀγάπην
2635 2072 2734 2142 τὴν
2765 2071 2901 2140 πρὸς
2931 2072 3196 2141 ἀλλήλους
3221 2073 3343 2140 ἄγει
3372 2075 3498 2137 τοὺς
3532 2076 3845 2129 συνεσθίονο

2282 2167 2400 2231 τας)
2462 2166 2519 2216 ἐν
2573 2165 2892 2232 ἐκκλησίαις
2932 2165 3156 2234 ὕστερον
3205 2167 3488 2234 γινόμενον
3547 2167 3699 2221 ἔνδον
3742 2170 3848 2221 τῶν

2282 2256 2443 2322 θείων
2466 2257 2656 2326 ναῶνῆ
2688 2257 2792 2309 τῶν
2847 2259 3372 2327 προτεμενισμάτων
3414 2254 3708 2312 ἐσθιόντων
3733 2261 3841 2312 τῶν
3901 2291 3910 2304 ε

2284 2352 2691 2421 συνερχομένων
2719 2352 2799 2412 είς
2827 2351 2885 2404 τὸ
2906 2354 3098 2418 φαγεῖν
3129 2354 3368 2405 αἰτιᾶται
3397 2354 3424 2404 6
3459 2351 3641 2405 κανὼν
3669 2347 3844 2416 οὗτος.

2282 2444 2373 2495 καὶ
2413 2441 2623 2495 κελεύει
2657 2441 2755 2512 ,μὴ
2790 2443 2847 2493 ὲν
2891 2445 3010 2503 ταῖς
3054 2441 3369 2512 ἐκκλησίαις
3427 2442 3597 2495 ταῦτα
3648 2449 3840 2503 ποιεῖν,

2281 2532 2378 2584 καὶ
2407 2532 2554 2594 ἐντὸς
2592 2530 2700 2582 τῶν
2749 2531 2908 2583 θείων
2941 2531 3103 2583 οἴκων
3159 2531 3383 2594 ἐσθίειν,
3416 2532 3529 2583 ἀλλ’
3557 2532 3669 2597 ἔξω
3696 2550 3797 2585 που
3817 2548 3841 2567 ο

2284 2623 2418 2692 μηδὲ
2449 2621 2703 2674 ἀκοὺϐιτσ
2771 2622 3120 2692 στρωννύειν.
3165 2622 3227 2675 'H
3251 2623 3308 2676 δὲ
3355 2623 3502 2690 λέξις
3531 2625 3641 2677 τῶν
3674 2627 3838 2679 ἀκου-

2289 2715 2452 2766 ϐίτων
2480 2714 2589 2766 τῶν
2613 2713 2858 2766 Λατίνων
2893 2713 3054 2767 ἐστίν.
3089 2715 3375 2779 Ἀκούμϐω
3409 2714 3517 2785 γὰρ
3549 2715 3844 2783 παρᾶῬω-

2282 2809 2460 2877 μαίοις
2497 2807 2557 2859 τὸ
2585 2807 2892 2859 ἀναπίπτω.
2947 2807 3206 2874 Σημαίνει
3239 2806 3295 2857 δὲ
3328 2807 3623 2874 στρωμνὰς
3673 2809 3843 2876 ἠρμέ-

2279 2917 2373 2961 va;
2400 2901 2478 2960 εἰς
2507 2898 2638 2967 ὕψος
2697 2901 2790 2950 καὶ
2847 2897 3113 2966 μαλακάς.
3174 2891 3340 2950 Αὗται
3402 2898 3457 2948 δὲ
3511 2900 3723 2968 τρυφῆς
3754 2901 3844 2953 καὶ

2281 2991 2536 3062 βλακείας
2560 2990 2687 3044 είσί.
2745 2989 3019 3058 Πολλαχοῦ
3045 2989 3102 3042 δὲ
3137 2989 3197 3042 τὸ
3219 2987 3314 3044 τοῦ
3361 2989 3644 3061 Κυριακοῦ
3675 2990 3844 3060 ὄνομα

627 3095 922 3153 usurpasse
967 3086 1225 3154 reperias.
1263 3085 1359 3142 llic
1409 3099 1594 3143 autem
1621 3105 1796 3144 canon
1840 3092 1995 3148 solus
2043 3093 2178 3149 inter

2281 3085 2507 3150 εὓρηται
2532 3087 2587 3136 ἐν
2609 3085 2722 3146 τοῖς
2752 3086 2974 3134 κανόσιν
3009 3083 3102 3133 ἐπὶ
3123 3081 3220 3148 τῆς
3270 3081 3569 3150 ἐκκλησίας
3620 3082 3837 3152 λαμϐα-

618 3173 902 3228 ecclesiam
921 3186 1081 3244 atque
1102 3176 1439 3233 Dominicum
1471 3181 1610 3236 forte
1632 3183 2178 3255 discrimintsauqnid

619 3267 828 3319 statuit.
864 3265 1190 3322 Particulam
1225 3285 1374 3332 vero,
1409 3273 1536 3332 Aut,
1573 3287 1679 3326 non
1713 3274 1909 3329 habere
1940 3276 2039 3331 hoc
2067 3279 2180 3334 loco

618 3356 959 3425 disjungendi
985 3362 1112 3425 vim,
1143 3363 1237 3415 sed
1259 3363 1636 3428 explicationis
1659 3367 1851 3434 gratia,
1885 3384 2000 3436 pro,
2032 3369 2177 3435 Sive,

621 3446 852 3510 positam
882 3463 1000 3501 esse
1031 3449 1287 3504 arbitror.
1330 3451 1610 3522 Siquidem
1649 3456 1700 3508 in
1745 3459 1918 3512 sacris
1963 3475 2178 3529 quoque

619 3533 803 3592 Libris
827 3541 1391 3608 particulam,‘Et,non
1419 3549 1745 3614 copulative,
1773 3552 1863 3604 sed
1889 3554 2179 3609 causaliter

619 3642 717 3696 pro
747 3645 895 3691 voce,
935 3630 1114 3695 Enim,
1150 3635 1461 3692 invenimus
1507 3651 1841 3708 usurpatam.
1894 3641 1965 3697 Ut
2013 3645 2061 3697 in
2111 3646 2177 3702 iis

617 3721 819 3784 verbis,
851 3720 1034 3776 Gloria
1066 3725 1119 3778 in
1150 3728 1367 3781 excelsis
1402 3728 1532 3796 Deo,
1565 3741 1612 3782 et
1660 3732 1712 3784 in
1761 3744 1898 3786 terra
1942 3749 2047 3798 pax
2077 3737 2116 3768 ¹⁰
2158 3756 2172 3791 :

538 3877 542 3882 _
601 3826 838 3866 causam
900 3815 1095 3869 divin-.e
1148 3820 1335 3886 gloria:
1385 3824 1827 3895 concelebra‘ndm
1889 3825 2172 3897 Scriptura
2231 3869 2234 3876 .

616 3902 885 3970 explicat,
935 3921 1119 3974 pacem
1167 3911 1329 3963 terris
1363 3912 1745 3979 conciliatam;
1781 3922 1838 3967 ut
1880 3931 1977 3983 pro
2019 3935 2171 3988 voce,

615 3993 793 4056 Enim,
830 3999 1117 4066 particula,
1150 4000 1234 4064 Et,
1265 4003 1336 4055 sit
1370 4006 1699 4072 recipienda.
1732 4008 1899 4062 David
1933 4026 2168 4080 quoque,

619 4081 696 4133 lla
723 4085 1174 4151 nobis'auxilium,
1196 4087 1291 4153 ait,
1319 4090 1381 4144 de
1405 4092 1765 4156 tribulatione,
1791 4105 1839 4148 et
1863 4114 1992 4149 vana
2025 4101 2170 4154 salus

612 4171 834 4228 hominis
867 4175 927 4228 “.
967 4175 1042 4229 Tu
1075 4217 1088 4238 ,
1135 4177 1330 4247 inquit,
1369 4181 1634 4235 auxiliare
1662 4225 1674 4243 ,
1710 4185 1990 4241 hominum
2024 4170 2180 4242 cnim.

611 4265 924 4332 atljumenta
957 4269 1022 4321 ad
1053 4269 1283 4324 salutem
1330 4271 1512 4325 inania
1562 4285 1723 4344 atque
1763 4276 1912 4331 irrita
1941 4288 2071 4333 sunt
2099 4282 2159 4335 ".

616 4354 759 4409 Libri
790 4374 1027 4426 quoque,
1075 4362 1272 4429 quibus
1304 4363 1481 4431 legum
1518 4367 1829 4422 sanctiones
1866 4372 2158 4426 continen-

2280 3176 2524 3245 νόμενον.
2580 3175 2754 3237 Μόνος
2775 3174 2867 3227 δ’ὁ
2914 3172 3114 3228 κανὼν,
3145 3166 3296 3234 οὗτος
3349 3173 3650 3226 διαστέλλει
3701 3175 3842 3244 τάχα

2280 3267 2377 3337 τὴν
2408 3267 2700 3337 ἐκκλησίαν
2736 3268 2827 3319 καὶ
2858 3266 2917 3318 τὸ
2950 3266 3244 3336 Κυριακόν.
3277 3262 3445 3335 Οἶμαι
3478 3266 3534 3320 δὲ
3563 3268 3622 3320 τὸ
3658 3270 3734 3324 Ἦ
3760 3271 3845 3322 ὲν-

2277 3359 2450 3413 ταῦθα
2487 3361 2560 3430 μὴ
2597 3359 2985 3423 διαζευκτικῶς
3045 3358 3276 3420 κεῖσθαι,
3310 3359 3448 3412 ἀλλ’·
3483 3359 3560 3423 ὡς
3593 3362 3840 3440 ὲιρερμη.

2280 3453 2544 3514 νευτικὸν,
2564 3454 2657 3505 καὶ
2685 3453 2807 3507 ἀντὶ
2832 3451 2926 3503 τοῦ
2963 3453 3142 3504 Ἤτοι.
3167 3453 3502 3522 Εὑρίσκομεν
3533 3451 3642 3521 γὰρ
3666 3453 3762 3505 καὶ
3782 3453 3840 3505 ἐν

2276 3546 2340 3613 τῇ
2372 3543 2488 3611 θεία
2522 3542 2708 3611 Γραφῇ
2737 3541 2796 3594 τὸ
2828 3541 2934 3595 Καὶ
2971 3541 3046 3610 μὴ
3071 3539 3145 3603 ὡς
3179 3540 3472 3611 σύνδεσμον
3504 3542 3845 3611 συμπλεκτι-

2277 3613 2993 3700 κὶν’παραλαμϐανόμενοεη
3047 3629 3162 3682 ἀλλ’
3205 3630 3282 3692 ὡς
3333 3633 3712 3699 αἰτιολογικὸν,
3750 3634 3846 3686 καὶ

2277 3723 2398 3775 ἀντὶ
2428 3723 2523 3773 τοῦ
2557 3721 2669 3792 Γὰρ
2719 3721 3005 3791 δεχόμενον
3030 3737 3041 3750 ·
3065 3720 3139 3784 ὠς
3184 3722 3312 3792 ὅταν
3375 3723 3538 3793 λέγῃ·
3597 3725 3753 3787 Δόξα
3775 3726 3845 3776 ὲν·

2275 3815 2557 3882 ὑψίστοις
2605 3813 2744 3878 Θεῷ,
2802 3815 2899 3867 καὶ
2959 3815 3053 3867 ἐπὶ
3107 3813 3216 3883 τῆς
3250 3815 3494 3882 είρήνη·
3542 3817 3844 3870 αἰτίαντοῦ

2256 3897 2590 3972 ’δοξάζεσθαὶ
2615 3907 2703 3960 τὸν
2763 3906 2892 3958 Θεὸν
2950 3905 3194 3974 τιθείσης
3237 3907 3336 3975 τῆς
3365 3908 3608 3978 Γραφῆς,
3638 3911 3722 3962 ὅτι
3751 3913 3847 3962 ἐπὶ

2272 4000 2374 4066 γῆς
2396 3999 2606 4067 εἰρήνη.
2637 3996 2730 4050 τοῦ
2764 3998 2874 4050 Καὶ
2901 3997 3022 4049 ἀντὶ
3085 3997 3176 4048 τοῦ
3212 3995 3618 4066 Γάρ’τεθέντος.
3654 4001 3762 4052 Καὶ
3812 4002 3843 4054 6

2273 4091 2434 4143 Δαϐὶδ
2455 4090 2510 4144 δέ
2556 4106 2725 4159 φησιο
2783 4089 2895 4154 Δὸς
2935 4087 3078 4158 ἡμῖν
3123 4089 3417 4154 βοήθειαν
3453 4090 3521 4142 ἐκ
3554 4092 3847 4159 θλίψεως,

2271 4184 2366 4236 καὶ
2401 4180 2619 4250 ματαία
2665 4181 2928 4246 σωτηρία
2980 4179 3317 4248 ἀνθρώπου·
3347 4180 3440 4244 Σὺ,
3476 4180 3672 4247 λέγων,
3708 4182 3844 4253 βοήο

2271 4273 2351 4326 θει
2372 4290 2388 4306 ο
2421 4273 2581 4343 ἡγὰρ
2603 4273 2912 4342 ἀνθρωπίνη
2948 4271 3190 4342 σωτηρία
3240 4274 3448 4339 ματαία
3481 4274 3574 4324 καὶ
3620 4275 3845 4340 ἀνω-ρε-

2269 4363 2385 4433 λής.
2434 4364 2544 4416 Καὶ
2574 4365 2629 4413 ὲν
2662 4365 2778 4425 ταῖς
2812 4365 3057 4432 νομικαί;
3089 4363 3147 4415 δὲ
3181 4361 3382 4433 βίϐλοις
3441 4361 3674 4433 εὓρηται.
3703 4366 3842 4417 πολο

612 4438 722 4511 tnr,
776 4449 1156 4518 disjunCIivatn
1219 4453 1655 4521 coniunctionem
1709 4475 1807 4528 pro
1857 4465 2164 4533 copulativa

2278 4454 2426 4516 λάκις
2455 4454 2480 4504 ὁ
2508 4451 2886 4516 διαζευκτικδς
2909 4453 3203 4521 σύνδεσμος
3236 4453 3359 4505 ἀντὶ
3416 4455 3837 4524 συμπλεκτικοῦ

611 4553 717 4590 non
757 4555 878 4592 raro
899 4539 1180 4596 adhibent.
1207 4543 1298 4598 Sic
1334 4547 1470 4600 libro
1496 4549 1910 4621 quadragesimo
1936 4568 2158 4624 quarto,

613 4628 768 4681 titulo
802 4633 986 4697 tertio,
1027 4633 1083 4688 Si
1111 4637 1232 4703 quis
1267 4639 1566 4706 scripserit,
1603 4640 1701 4697 llic
1743 4645 1821 4698 vel
1869 4648 1958 4702 ille
2011 4666 2164 4706 meus

615 4719 789 4774 hazrcs
819 4732 956 4786 esto,
987 4735 1079 4777 aut
1108 4727 1259 4782 llunc
1285 4730 1365 4782 vel
1391 4731 1541 4783 illum
1578 4737 1978 4804 manm‘uitlam;
2008 4740 2163 4806 illud,

617 4810 734 4878 Vel,
778 4816 1119 4879 coniunctive
1183 4835 1300 4889 pro,
1350 4823 1434 4886 Et,
1463 4825 1630 4895 accipi
1664 4829 1899 4884 voluere.
1935 4829 1996 4883 Et
2023 4833 2167 4900 ejus-

615 4905 738 4959 dem
780 4907 899 4962 libri
930 4911 1086 4964 titulo
1126 4915 1336 4968 decitno
1363 4917 1554 4984 quinto
1588 4936 1601 4970 :
1636 4919 1690 4973 Si
1728 4922 1972 4991 legat-ero
2008 4926 2164 4979 uxori

615 5013 748 5053 mea:
776 5012 1122 5082 ornamenta,
1146 5005 1230 5058 vel
1264 5022 1605 5079 quarcunque
1650 5010 1766 5076 ejus
1790 5015 1962 5082 gratia
2012 5031 2164 5069 com-

613 5092 832 5159 paravi,
898 5072 1114 5148 adeam
1165 5072 1345 5152 omnia
1402 5072 1530 5169 lege.
1569 5072 1889 5169 perveniunt
1938 5122 1952 5159 :
2003 5105 2162 5177 245

579 5184 1015 5251 conjunctione,
1060 5187 1175 5252 Vel,
1207 5205 1322 5259 pro,
1370 5192 1454 5257 Et,
1500 5193 1790 5248 intellecta.
1821 5195 1885 5248 Et
1928 5201 2206 5253 secundo‘

610 5276 767 5331 titulo
804 5280 1029 5334 secundi
1059 5281 1202 5344 libri,
1239 5285 1330 5352 qui
1359 5284 1424 5338 de
1457 5286 1746 5341 verborum
1777 5287 2173 5356 signiﬁcatione

610 5369 948 5432 inscribitur.
998 5375 1174 5443 capite
1205 5376 1655 5448 quinquagesimo
1691 5378 1849 5432 tertio
1885 5395 1903 5434 :
1933 5379 2173 5448 Conjun-

610 5460 764 5516 ctiva:
792 5466 1067 5532 particulae
1098 5469 1445 5538 quandoque,
1493 5470 1688 5538 inquit,
1741 5487 1838 5540 pro
1883 5471 2173 5536 disiuncti-

611 5553 715 5616 vis,
750 5568 814 5606 ac
847 5556 1084 5611 vicissim
1133 5561 1215 5614 ha:
1251 5577 1346 5628 pro
1398 5562 1504 5617 illis
1554 5574 1914 5633 usurpantur.
1970 5561 2167 5619 Eodem

2271 4545 2850 4615 παραλαμϐανόμενος.
2917 4546 3052 4614 Φησὶ
3101 4546 3206 4617 γὰρ
3265 4545 3468 4614 βιϐλίον
3523 4545 3602 4615 μδ¹
3662 4548 3848 4610 τίτλος

2273 4637 2322 4708 γ’
2345 4655 2360 4670 ⁶
2409 4639 2534 4692 Ἐάν
2591 4655 2675 4700 τις
2733 4639 2936 4710 γράψῃ,
2990 4638 3046 4692 ὐ
3081 4639 3278 4708 δεῖναῆ
3311 4642 3339 4691 6
3371 4639 3518 4692 δεῖνα
3555 4640 3696 4693 ἔστω
3736 4659 3843 4710 μου

2271 4731 2621 4802 κληρονόμος,
2671 4731 2704 4801 ἢ
2733 4729 2880 4782 τόνδε
2906 4730 2937 4797 ἦ
2987 4730 3136 4782 τόνδε
3165 4731 3455 4800 ἐλευθερῶ,
3486 4732 3632 4798 ἔδοξε
3666 4733 3727 4785 το
3772 4731 3844 4786 Ἦ

2272 4825 2392 4878 ἀντὶ
2416 4823 2509 4875 τοῦ
2567 4823 2678 4876 Καὶ
2721 4822 2973 4891 δεχθῆναι
3031 4822 3462 4892 συμπλεκτικοῦ.
3525 4823 3635 4875 Καὶ
3656 4823 3843 4884 τίτλος

2275 4920 2336 4966 ιε’
2379 4895 2471 4966 τοῦ
2504 4915 2664 4967 αὐτοῦ
2715 4912 2919 4982 βιϐλίου
2959 4914 3156 4982 φησίνο
3229 4913 3354 4965 Ἐὰν
3411 4913 3735 4980 ληγατεὺσω
3770 4916 3840 4984 τῇ

2271 5005 2486 5073 γυναικί
2519 5023 2617 5073 μου
2641 5004 2862 5072 κόσμια,
2889 5004 2921 5074 ἢ
2965 5005 3062 5056 ὅσα
3092 5004 3250 5074 χάριν
3302 5005 3366 5057 αὑ
3380 5005 3473 5074 τῆς
3500 5005 3843 5075 ηὐτρέπικα,

2271 5098 2446 5150 πάντα
2476 5096 2768 5165 λαμϐάνει·
2827 5095 2918 5148 τοῦ
2957 5097 3031 5149 ’Ἡ
3067 5096 3390 5164 συνδέσμου,
3431 5099 3550 5150 ἀντὶ
3602 5096 3696 5149 τοῦ
3729 5096 3848 5149 Καὶ

2277 5188 2857 5261 παραλαμϐανομένων.
2908 5189 3014 5241 Καὶ
3062 5190 3089 5241 ὀ
3118 5187 3366 5258 δεύτερος
3405 5188 3463 5240 δὲ
3522 5189 3696 5247 τίτλος
3738 5187 3846 5240 τοῦ

2275 5282 2534 5352 δευτέρου
2598 5280 2830 5351 βιϐλίου,
2863 5281 2919 5342 ὃς
2951 5281 3080 5350 περὶ
3131 5283 3392 5350 ῥημάτων
3424 5281 3847 5346 ἐπιγέγραπται.

2275 5375 2568 5446 σημασίας,
2598 5377 2654 5426 ὲν
2710 5372 2994 5441 κεφαλαίῳ
3029 5379 3095 5441 ιγ’
3126 5374 3320 5442 φησίν·
3387 5373 3445 5424 ’0
3494 5369 3847 5438 συμπλεκτι-

2273 5469 2365 5527 κὸς
2429 5468 2520 5518 καὶ
2575 5467 2602 5518 6
2653 5463 3030 5528 διαζευκτικὸς
3095 5464 3206 5516 ἔσθ’
3261 5466 3350 5517 ὅτε
3397 5466 3514 5516 ἀντὶ
3581 5461 3848 5529 ἀλλήλων

2271 5558 2807 5628 παραλαμϐάνονται.
2841 5554 3029 5619 Οὕτως
3086 5557 3296 5612 ἐοίκασι
3351 5558 3440 5612 καὶ
3468 5556 3517 5608 οἱ
3552 5554 3657 5623 τῆς
3703 5569 3850 5609 ουν-

683 5729 704 5762 ³
739 5727 757 5783 Ι
791 5733 918 5787 Cor.
955 5736 1145 5809 st,2i,
1171 5739 1261 5793 ‘22.
1329 5742 1366 5774 ¹⁰
1395 5741 1525 5795 an.
1555 5759 1614 5808 ιι,
1643 5742 1722 5798 li.
1792 5745 1827 5775 “
1863 5743 1981 5800 l‘sal
2032 5761 2142 5812 ιη,

2343 5745 2382 5776 ¹²
2423 5743 2562 5799 Psal.
2593 5762 2751 5812 xxxv,
2789 5747 2842 5802 7.
