4092 6214
598 230 707 293 975

1849 225 2122 286 THEOD.
2178 177 2575 284 B.\I.S'i.»\lll0.‘il

3719 207 3852 276 7'76

597 349 779 417 ιιιιιψιί
815 344 1129 405 αιιιίιὶιξιιιιε,
1172 341 1240 395 de
1276 341 1359 394 liis
1388 339 1650 394 debemus
1679 355 1890 393 omnem
1938 341 2156 394 dubita-

2264 337 2503 404 εἰσάγειν
2530 332 2881 406 ἀμφιϐολίαν.
2913 331 3118 392 Πάντες
3146 328 3200 382 δὲ
3232 327 3475 389 ἐκείνους
3504 321 3660 380 εἶπον
3684 328 3851 382 εἶναι

601 441 802 491 tionem
832 435 1119 488 adducere.
1149 431 1350 485 Omnes
1381 441 1559 483 autem
1621 431 1745 484 illos
1792 445 1912 484 esse
1965 445 2150 483 saeros

601 528 834 580 ambitus
855 526 1125 585 dixerunt,
1167 522 1257 591 qui
1293 523 1521 574 rationis
1563 523 1868 589 expertiqu
1907 523 2151 574 animau-

601 623 734 674 tiuui
772 616 1171 672 ronculeationi
1211 615 1459 686 permissi
1499 630 1604 668 non
1637 626 1783 675 sunt,
1808 615 2019 668 etiamsi
2048 614 2153 668 alio

525 761 538 766 -
596 715 830 780 quodam
863 713 1022 763 modo
1065 709 1172 762 sint
1205 722 1522 760 communes
1554 725 1570 760 :
1619 722 1684 760 ex
1722 705 1787 758 1‘2
1823 721 1964 774 cap.,
1995 706 2152 772 primi

595 806 705 867 tit.,
746 821 772 853 v
799 804 894 856 lib.
927 805 1070 870 quod
1112 801 1245 854 dicit
1276 790 1502 874 :Usque
1529 799 1595 850 ad
1625 795 1884 849 terminos
1915 796 2154 848 ecclesia:

596 901 648 951 in
682 898 796 950 loro
820 898 1035 965 publico
1067 894 1412 948 securitatem
1453 892 1716 952 habeant,
1749 890 1841 958 qui
1896 889 2154 957 coniuge-

594 998 720 1043 runt
755 989 1106 1042 interioribus
1138 987 1392 1046 lavacris,
1414 987 1494 1037 vel
1519 984 1712 1041 hortis.
1742 984 1822 1036 vel
1842 981 2150 1044 domiciliis,

593 1084 676 1134 vel
702 1081 1020 1148 porticibus.
1051 1080 1132 1130 vel
1156 1061 1309 1128 atriis
1331 1083 1544 1127 mentes
1564 1072 1720 1143 247
1748 1083 1799 1122 et
1825 1073 2151 1142 prohibean-

593 1183 684 1223 tur
721 1172 858 1221 intra
893 1170 1148 1237 templum
1182 1170 1419 1218 dormire
1448 1168 1528 1217 vel
1570 1165 1873 1228 comedere,
1905 1226 1915 1235 ξ
1942 1165 2149 1218 lavacm

594 1275 645 1315 et
709 1262 914 1322 hortos,
966 1270 1018 1309 et
1073 1258 1313 1326 porticus
1347 1257 1592 1308 ecclesia:
1644 1255 1936 1323 conjuncta
1967 1269 2152 1306 sacros

594 1353 831 1405 ambitus
859 1367 979 1404 esse
1010 1366 1074 1402 ne
1105 1351 1332 1410 dixeris,
1357 1357 1412 1400 ut
1437 1347 1544 1399 illic
1572 1349 1734 1400 etiam
1768 1347 2153 1414 prohibeantur

593 1441 819 1509 proponi
846 1440 1076 1492 venalia.
1109 1438 1231 1491 “(eo
1266 1438 1408 1491 enim
1438 1436 1679 1490 ecclesize
1721 1439 1936 1506 quidem
1975 1448 2152 1506 partes

592 1531 992 1598 reputabuntur
1028 1547 1040 1582 :
1082 1529 1220 1580 sacri
1252 1524 1428 1579 autem
1469 1521 1707 1579 a'ni‘hitus
1739 1543 1847 1579 non
1880 1529 2150 1580 dicentur.

594 1623 656 1673 Et
683 1661 698 1684 ,
766 1632 823 1674 ut
873 1621 1180 1680 communia
1214 1621 1455 1688 quidem,
1491 1631 1799 1671 sanctorum
1847 1621 2150 1672 ‘au‘iliituum

593 1713 799 1768 honore
827 1714 984 1779 digna
1018 1730 1122 1764 non
1158 1713 1503 1764 habebuntur
1540 1727 1553 1762 :

592 1805 686 1859 she
719 1805 1073 1872 privilegium,
1104 1785 1193 1872 qui
1221 1819 1366 1868 eum,
1397 1802 1490 1871 qui
1538 1817 1603 1856 eo
1636 1801 1902 1870 confugit.
1932 1818 1992 1854 ex
2021 1803 2153 1868 ipsis

592 1896 910 1962 abripuerit,
936 1894 1211 1962 punietur.
1246 1891 1384 1946 Nota
1417 1907 1568 1956 vero,
1598 1893 1739 1946 intra
1797 1893 1973 1947 solum
2019 1902 2154 1946 tem-

593 1987 736 2056 plum
763 1990 920 2042 edere
956 2004 1018 2041 ac
1049 1989 1233 2043 bibere
1267 1987 1543 2058 prohiberi
1585 2003 1702 2053 eos,
1739 1987 1827 2057 qui
1866 1987 1933 2041 ad
1974 1987 2152 2056 ipsum

592 2082 960 2147 coemgeriut.

663 2172 910 2226 ZDNAR.
951 2172 1144 2225 Domus
1178 2189 1314 2234 mea,
1341 2172 1476 2225 dixit
1509 2172 1771 2225 Dominus
1798 2171 1860 2223 ad
1889 2171 2106 2225 Jlnlafos
2136 2212 2152 2237 ,

564 2263 778 2316 \domus
810 2265 1066 2316 orationis
1105 2264 1369 2316 rocubitur
1404 2279 1423 2317 :
1455 2281 1539 2317 vos
1573 2275 1743 2317 autem
1778 2263 1975 2332 fecistis
2006 2264 2155 2316 illam

594 2357 886 2422 speluncam
921 2357 1184 2408 latronum
1228 2357 1295 2412 ".
1347 2355 1421 2409 Ne
1470 2358 1632 2424 igitur
1676 2357 1858 2410 eadem
1906 2355 2156 2411 ﬁdelibus

556 2447 563 2460 ‘
594 2448 755 2514 otijiei
785 2459 1004 2514 queant,
1040 2465 1105 2502 ne
1136 2450 1276 2500 intra
1303 2447 1444 2501 sacri
1469 2447 1570 2500 loci
1597 2448 1857 2502 ambitum
1883 2462 2156 2515 cauponas

594 2549 901 2604 exstruere,
937 2555 1070 2594 neve
1096 2539 1374 2594 esculenta
1406 2549 1497 2592 aut
1525 2539 1628 2592 alia
1676 2555 2010 2608 quaecunque
2066 2555 2157 2594 ve-

597 2633 740 2686 nalia
776 2634 972 2687 habere
1008 2635 1184 2695 licr-at,
1222 2633 1409 2687 Patres
1465 2632 1774 2686 decrevere.
1817 2631 2000 2700 Neque
2029 2645 2157 2684 vero

597 2727 741 2780 intra
789 2727 1098 2786 ecclesiam,
1139 2727 1230 2780 sed
1266 2725 1404 2778 intra
1438 2725 1578 2778 sacri
1631 2725 1733 2778 loci
1789 2725 2048 2777 ambitum
2095 2739 2157 2779 ea

598 2820 717 2872 ﬁeri
748 2828 948 2872 vetant.
991 2802 1281 2872 Sumvero
1331 2817 1472 2872 sacri
1518 2817 1755 2871 ambitus
1811 2818 1989 2870 omnia
2033 2832 2162 2872 san-

600 2895 810 2962 ctorum
849 2913 1170 2974 templormn
1203 2917 1376 2979 septa,
1407 2912 1475 2961 ita
1505 2921 1563 2961 ut
1601 2925 1775 2978 neque
1821 2910 1873 2962 in
1930 2910 2158 2980 templo-

601 3017 719 3054 rum
757 3002 896 3054 areis
927 3041 941 3062 ,
983 3018 1156 3069 neque
1191 3002 1244 3055 in
1307 3002 1589 3056 veStibulis
1637 3001 1839 3072 aliquid
1887 3002 2153 3072 ejusmodi

603 3095 713 3146 ﬁeri
741 3109 914 3146 canon
951 3094 1094 3145 sinat
1137 3113 1151 3149 :
1210 3096 1458 3162 quamvis
1497 3111 1557 3147 ea
1612 3111 1752 3148 nunc
1797 3095 1959 3164 impie
2010 3097 2155 3149 (iant.

601 3187 762 3238 Suam
803 3203 929 3239 vero
965 3186 1289 3239 sviitentiaui
1318 3185 1506 3240 Patres
1538 3202 1600 3239 ex
1631 3186 1924 3255 Evangelio
1962 3188 2161 3262 crythr-

601 3288 769 3340 mant,
803 3293 896 3332 nos
930 3279 996 3330 ita
1032 3295 1059 3330 a
1089 3279 1307 3332 Christo
1343 3279 1564 3332 edoctos
1597 3293 1719 3332 esse
1758 3281 2032 3343 dicentes;
2067 3280 2157 3348 qui

582 3382 654 3424 ~et
690 3371 889 3424 .ludzeis
913 3411 928 3431 ,
953 3387 1032 3439 Ine
1069 3371 1288 3424 domum
1320 3369 1494 3425 Patris
1529 3372 1610 3424 sui
1657 3370 1875 3423 domum
1927 3372 2164 3439 negotia-

608 3459 779 3512 tionis
813 3437 1073 3522 t'aeel'eut,
1106 3459 1408 3526 imperavit,
1442 3469 1496 3514 et
1553 3460 1845 3530 sacrilegos
1892 3461 2162 3514 nundina-

605 3557 751 3603 tores
785 3568 812 3603 a
842 3553 1042 3622 templo
1075 3554 1302 3620 expulit,
1327 3563 1379 3604 et
1409 3553 1894 3618 nummulariorum
1929 3569 2002 3607 ms
2032 3552 2163 3608 cllu-

605 3641 706 3694 dit.
736 3641 873 3694 Sunt
902 3659 1028 3696 vero
1063 3644 1443 3701 κολλυϐισταὶ,
1477 3659 1569 3697 seu
1629 3644 1974 3697 nummularii
2003 3683 2018 3708 ,
2071 3645 2158 3713 qtti

606 3733 799 3800 exigua
827 3735 1176 3798 iiuinismata,
1197 3736 1296 3787 hoc
1317 3745 1419 3796 est,
1444 3750 1716 3794 nummos.
1744 3737 1996 3790 vendunt.
2027 3737 2162 3790 Κόλ-

605 3823 762 3886 λυϐος
790 3825 930 3876 enim
961 3826 1100 3892 apud
1143 3826 1357 3880 Graecos
1411 3828 1664 3896 exiguum
1712 3831 1981 3882 numisma
2032 3837 2161 3896 est,

607 3918 753 3985 quod
789 3935 814 3968 a
844 3916 1104 3972 Romanis
1140 3935 1392 3976 nummus
1429 3929 1669 3974 vocatur.
1697 3920 1790 3975 Est
1813 3938 1936 3974 vero
1959 3922 2159 3992 κέρμα,

605 4008 748 4062 idem
781 4009 922 4076 quod
962 4011 1254 4063 nuuiisma.

673 4099 898 4154 AlllST.
939 4120 957 4151 ι
991 4101 1138 4154 lutra
1174 4119 1387 4157 sacrum
1432 4104 1689 4158 ambitum
1746 4118 1992 4172 caupona
2029 4121 2160 4160 con-

611 4211 630 4243 c
664 4193 810 4247 stitui
847 4208 948 4246 non
977 4195 1169 4262 debel.;
1197 4212 1258 4250 ac
1289 4197 1484 4250 ibidem
1509 4198 1660 4250 cibos
1688 4196 1844 4250 vendi
1873 4198 2162 4266 ineptum:

609 4301 630 4336 ι
663 4292 714 4335 et
745 4285 834 4351 qui
864 4286 1309 4352 utrumvis'l’aeit,
1344 4297 1680 4358 segregatur.
1726 4305 1744 4338 ι

679 4371 770 4426 Dei
808 4377 1026 4427 domum
1060 4376 1277 4429 domum
1308 4378 1690 4444 negotiationis
1716 4395 1820 4433 non
1847 4379 2160 4448 facerejus-
2195 4385 2238 4442 υ

606 4463 678 4517 sit
711 4463 1017 4532 Sospitalur
1066 4475 1120 4518 et
1179 4467 1320 4521 Deus
1377 4480 1561 4522 uoster
1595 4483 1610 4522 :
1645 4480 1972 4538 quapropter
2023 4471 2162 4524 intra

606 4568 796 4608 sacros
841 4553 1074 4610 ambitus
1116 4572 1219 4610 non
1269 4567 1483 4627 oportet
1517 4560 1784 4614 ollieinam
1832 4570 2165 4630 cauponam-

607 4645 744 4699 riam
775 4646 1052 4702 instituere
1077 4688 1091 4710 ,
1124 4661 1179 4703 et
1219 4667 1339 4719 qua:
1399 4668 1492 4719 per
1547 4653 1726 4706 edulia
1759 4652 1914 4706 ‘llunt
1953 4655 2164 4722 species

606 4751 934 4806 proponere,
991 4752 1082 4792 aut
1111 4741 1246 4796 alias
1298 4741 1476 4797 facere
1531 4743 1887 4799 venditiones.
1940 4744 1995 4798 Si
2039 4746 2164 4814 quis

608 4829 790 4898 itaque
817 4829 869 4882 in
906 4830 1217 4901 hujusmodi
1254 4844 1478 4904 peccato
1536 4837 1908 4905 deprehensus
1961 4836 2168 4903 fuerit,

608 4936 829 4992 segrego
841 4921 952 4976 bitu
963 4940 1006 4977 r.

1125 5083 1352 5138 (ΣᾹΝΟΝ
1386 5084 1639 5142 LXXVII.

616 5239 638 5274 ε
675 5222 825 5288 Quod
849 5237 952 5274 non
974 5232 1182 5290 oportet
1213 5223 1384 5275 sueris
1415 5223 1672 5286 initiatos,
1698 5224 1778 5278 vel
1806 5224 2056 5290 clericos,
2083 5226 2168 5279 vel

689 5333 706 5364 ι
748 5325 983 5377 aseetas,
1019 5315 1182 5367 lavari
1233 5329 1355 5367 eum
1413 5315 1732 5370 mulieribus
1769 5335 1782 5374 :
1813 5333 1910 5373 nec
1955 5327 2184 5372 omnem

689 5423 709 5456 ι
748 5404 1120 5460 Christianum
1160 5405 1240 5460 vel
1271 5405 1491 5460 laicum.
1523 5408 1646 5462 Hzrc
1686 5417 1766 5463 est
1811 5410 1951 5463 enim
1997 5410 2169 5480 prima

689 5513 708 5546 ι
745 5495 1124 5550 eondeumatio
1154 5499 1294 5567 apud
1329 5507 1537 5568 gentes.
1569 5498 1624 5554 Si
1672 5502 1793 5572 quis
1832 5510 2011 5556 autem
2069 5503 2168 5557 hac

694 5673 733 5706 "
771 5671 960 5730 Matth.
991 5690 1098 5742 κει,
1138 5677 1226 5732 13.

1595 1711 1687 1764 sed
1721 1720 1943 1779 propter
1974 1713 2150 1765 eccle-
2193 1700 2230 1752 Β

2265 429 2441 496 ἱεροὺς
2474 423 2811 494 περιϐόλους,
2841 425 2963 482 τοὺς
2990 423 3063 491 μὴ
3102 419 3468 479 ἀπολυθέντας
3499 423 3579 478 εἰς
3609 419 3846 487 ἀλόγων

2261 520 2415 584 ζώων
2447 522 2856 587 καταπάτησιν,
2913 517 3005 567 καὶ
3038 513 3384 582 ἀλλοτρόπως
3431 513 3838 575 κοινωθέντας.

2270 614 2404 665 Ἀπὸ
2429 613 2614 681 μέντοι
2634 612 2726 662 τοῦ
2761 608 2825 678 ιβ’
2852 626 2975 676 κεφ.
3005 606 3097 660 τοῦ
3128 603 3173 659 α’
3197 605 3378 657 τίτλου
3407 608 3500 657 τοῦ
3521 603 3562 656 ε’
3591 604 3835 674 βιϐλίου,

2259 705 2353 757 τοῦ
2385 687 2632 772 λέγοντος
2655 720 2668 733 ·
2702 703 2880 770 Μέχρι
2913 700 3017 752 τῶν
3048 700 3141 750 ἐπὶ
3174 697 3277 765 τῆς
3314 697 3581 764 δημοσίας
3615 699 3837 770 ἀγορᾶς

2259 799 2357 865 τῆς
2387 794 2680 863 ἐκκλησίας
2712 793 2851 862 ὅρων
2884 791 2943 842 τὸ
2975 788 3212 857 ἀσφαλὲς
3246 789 3520 856 ἐχέτωσαν
3566 789 3614 838 οἱ
3657 805 3840 855 προσ-

2261 889 2519 958 φυγόντες
2549 888 2660 948 τοῖς
2691 884 2986 949 ὲνδοτέροις
3011 883 3278 950 λουτροῖς,
3307 880 3337 949 ἦ
3372 882 3593 949 κήποις,
3619 881 3652 950 ἦ
3675 883 3831 950 οἰκήο

2265 997 2418 1050 μασι,
2458 979 2490 1048 ἢ
2526 977 2787 1046 στοαῖς,ἢ
2824 975 3009 1036 αὐλαῖς
3040 973 3333 1043 χρώμενοι,
3367 975 3462 1025 καὶ
3506 972 3844 1025 κωλυέσθω-

2264 1089 2364 1124 σαν
2389 1070 2537 1133 ὲντδς
2566 1069 2660 1122 τοῦ
2688 1067 2817 1122 ναοῦ
2847 1067 3046 1120 ὑπνοῦν
3087 1066 3119 1136 ἦ
3156 1067 3355 1118 ἐσθίειν
3380 1082 3396 1098 ·
3430 1067 3502 1135 μὴ
3535 1067 3697 1136 εἴπῃς
3733 1068 3843 1119 καὶ

2259 1165 2326 1216 τὰ
2351 1162 2524 1231 λυτρὰ
2552 1163 2646 1214 καὶ
2682 1164 2806 1223 τοὺς
2838 1161 3050 1230 κήπους
3078 1157 3291 1219 καὶτὰς
3327 1159 3488 1220 στοὰς
3519 1160 3619 1220 τὰς
3656 1177 3837 1228 saw,-

2259 1259 2505 1328 νωμένας
2533 1259 2655 1317 ταῖς
2707 1253 3027 1322 ἐκκλησίαις
3060 1253 3238 1319 ἱεροὺς
3282 1251 3608 1318 περιϐόλους
3665 1247 3838 1312 εἶναι,

2259 1350 2331 1414 ὡς
2356 1347 2607 1402 ἐντεῦθεν
2633 1347 2940 1400 κωλύεσθαι
2969 1345 3063 1398 καὶ
3095 1346 3156 1397 τὸ
3191 1343 3551 1413 προτίθεσθαι
3581 1342 3716 1396 ὥνια
3740 1347 3822 1396 ἐπ

2260 1444 2460 1505 αὐτοῖς.
2496 1439 2677 1494 Ταῦτα
2710 1440 2814 1509 γὰρ
2851 1438 2993 1508 μέρη
3043 1437 3139 1507 μὲν
3183 1437 3284 1505 τῆς
3336 1435 3634 1504 ἐκκλησίας
3677 1435 3838 1503 λογῖ-

2260 1535 2474 1597 ζονται·
2521 1534 2653 1604 ἱεροὶ
2677 1532 2734 1584 δὲ
2764 1530 3042 1600 περίϐολοι
3088 1530 3148 1582 οὐ
3179 1528 3559 1597 λεχθήσονται.
3608 1530 3717 1582 Καὶ
3747 1530 3832 1591 ὡς

2259 1626 2415 1680 κοινὰ
2450 1625 2568 1693 μὲν,
2631 1624 2732 1693 τῆς
2787 1623 2952 1692 τιμῆς
2983 1621 3118 1672 ’τῶν
3171 1621 3331 1692 ἱερῶν
3382 1619 3685 1688 περιϐόλων
3727 1623 3836 1672 οὐκ

2261 1710 2654 1789 ἀξιωθήσονται
2680 1733 2692 1746 ⁸
2726 1717 2816 1769 διὰ
2847 1718 2906 1768 δὲ
2935 1716 2994 1768 τὸ
3027 1717 3126 1784 τῆς
3163 1713 3463 1783 ἐκκλησίας
3504 1715 3834 1783 προ-τόμιον,

2261 1815 2288 1864 ὁ
2315 1813 2372 1876 ἐξ
2397 1811 2573 1862 αὐτῶν
2599 1809 2930 1878 ἀφαρπάσας
2959 1807 3249 1876 πρόσφυγα
3275 1805 3691 1874 κολασθήσεται.
3721 1805 3839 1871 Ση-

2265 1906 2494 1976 μείωσαι
2551 1903 2606 1954 δὲ
2673 1903 2754 1976 δτι
2813 1899 2961 1962 ἐντὸς
2997 1899 3159 1967 μόνου
3209 1897 3300 1952 τοῦ
3335 1897 3462 1950 ναοῦ
3500 1895 3705 1949 ἐσθίειν
3733 1897 3836 1947 καὶ

2264 1998 2436 2051 πίνειν
2467 1994 2591 2058 τοὺς
2625 1995 2943 2064 πρόσφυγας
2973 1991 3300 2068 κεκώλυταα

2333 2176 2576 2230 ΖΩΝΑΡ.
2619 2171 2682 2225 'O
2717 2167 2883 2236 οἶκός
2905 2187 3045 2239 μου,
3079 2170 3192 2230 τοῖς
3215 2168 3492 2227 Ἰουδαίοις
3531 2169 3633 2238 ἔψη
3660 2173 3690 2222 ὁ
3719 2169 3839 2222 Κύ-

2266 2287 2397 2341 ριος,
2425 2265 2586 2331 οἶκος
2611 2262 2955 2346 προσευχῆς
2979 2261 3350 2327 κληθήσεται
3377 2279 3389 2291 ο
3427 2261 3596 2329 ὑμεῖς
3629 2261 3698 2316 δὲ
3725 2266 3841 2317 αὑ-

2264 2365 2369 2417 τὸν
2394 2361 2714 2427 ἐποιήσατε
2741 2358 3048 2425 σπήλαιον
3073 2354 3339 2424 λῃστῶν.
3369 2355 3465 2406 'lv‘
3502 2354 3596 2406 οὖν
3630 2356 3705 2424 μὴ
3735 2359 3836 2409 καὶ

2263 2458 2374 2519 τοῖς
2419 2454 2628 2513 πιστοῖς
2662 2450 2819 2502 τοῦτο
2867 2447 3029 2518 ῥηθῇ.
3062 2447 3450 2518 ἀπηγόρευσαν
3492 2447 3540 2498 οἱ
3586 2447 3834 2517 Ιιατέρες

2265 2548 2411 2600 ἔνδον
2457 2546 2562 2600 τῶν
2603 2543 2764 2612 ἱερῶν
2813 2541 3113 2611 περιϐόλων
3155 2540 3427 2608 καπηλεῖα
3479 2541 3758 2610 συνιστᾷν,
3785 2543 3821 2610 ἢ

2264 2639 2500 2706 ἐδώδιμα.
2539 2635 2852 2706 προτιθέναι
2889 2635 2966 2694 εἰς
3009 2635 3232 2701 πρᾶσιν,
3262 2633 3293 2701 ἦ
3334 2631 3497 2700 ἕτερά
3531 2649 3675 2687 τινα.
3709 2633 3825 2684 Οὐκ

2265 2727 2416 2784 εἷπον
2447 2731 2502 2783 δὲ
2527 2730 2671 2781 ἔνδον
2698 2729 2797 2796 τῆς
2823 2726 3138 2794 ἐκκλησίας,
3171 2724 3309 2777 ἀλλὰ
3332 2724 3438 2777 τῶν
3471 2725 3636 2791 ἱερῶν
3667 2741 3826 2793 περι-

2267 2825 2457 2878 ϐόλων.
2491 2820 2774 2891 Περίϐολοι
2810 2819 2855 2871 δ’
2897 2820 3036 2870 είσὶν
3082 2818 3218 2886 ἱεροὶ
3248 2818 3302 2868 αἱ
3339 2815 3448 2867 τῶν
3486 2816 3646 2868 θείων
3679 2815 3829 2868 ναῶν

2266 2918 2474 2971 ἅπασαι
2527 2913 2814 2984 περιοχαὶο
2857 2909 2996 2963 ὥστε
3040 2909 3152 2961 οὐδ’
3183 2911 3239 2960 ἐν
3293 2908 3826 2976 προτεμενίσμασιν,

2266 3009 2372 3062 οὐδ’
2412 3011 2467 3060 ἐν
2496 3005 2809 3077 προαυλίοις
2841 3002 3082 3054 τοιοῦτόν
3114 3018 3168 3074 ςτι
3213 2999 3464 3068 γίνεσθαι
3502 3002 3832 3070 παραχωρεῖ

2263 3105 2290 3155 ὁ
2323 3101 2534 3154 κανών·
2591 3099 2639 3150 εἰ
2691 3100 2781 3150 καὶ
2827 3097 2920 3149 νῦν
2968 3094 3280 3170 ἀνευλαϐῶς
3335 3093 3510 3146 ταῦτα
3558 3094 3826 3160 γίνονται.

2265 3181 2748 3251 Κατασκευὰζουσι
2777 3187 2831 3240 δὲ
2866 3187 2956 3238 τὸν
2983 3187 3180 3252 οἰκεῖον
3215 3184 3372 3251 λόγον
3398 3185 3449 3236 οἱ
3482 3186 3728 3254 Πατέρες
3758 3188 3823 3238 ὲκ

2263 3283 2354 3336 τοῦ
2396 3280 2752 3348 Εὑαγγελίου,
2783 3278 3031 3346 λέγοντες
3066 3279 3155 3330 τὸν
3191 3276 3431 3346 Χριστὸν
3453 3277 3614 3328 τοῦτο
3638 3295 3822 3346 παρα-

2263 3376 2444 3430 δοῦναι
2493 3375 2642 3444 ἡμῖν,
2674 3372 2900 3440 λέγοντα
2944 3372 3056 3430 τοῖς
3097 3367 3370 3431 Ἰουδαίοις
3396 3383 3412 3398 ο
3461 3368 3552 3436 Μὴ
3618 3371 3828 3420 ποιεῖτε

2263 3471 2354 3523 τὸν
2383 3465 2530 3521 οἷκον
2584 3465 2677 3519 τοῦ
2734 3463 2948 3533 Πατρός
2999 3479 3100 3531 μου
3152 3457 3300 3513 οἶκον
3333 3460 3631 3531 ὲμπορείου
3663 3474 3680 3490 ⁸
3734 3462 3831 3512 καὶ

2264 3562 2612 3618 διεξελάσαντα
2658 3560 2721 3610 ἐκ
2774 3556 2867 3609 τοῦ
2921 3555 3068 3624 ἱεροῦ
3119 3555 3243 3619 τοὺς
3299 3552 3701 3621 θεοκαπήλους,
3733 3553 3835 3604 καὶ

2264 3656 2373 3709 τῶν
2405 3650 2773 3707 κολλυϐιστῶν
2814 3649 2874 3700 τὸ
2921 3647 3100 3716 κέρμα
3142 3644 3428 3715 ἐκχέαντα.
3465 3641 3834 3696 Κολλυϐισταὶ

2264 3743 2309 3802 δ’
2366 3748 2502 3799 εἰσὶν
2541 3745 2592 3796 oi
2626 3742 2692 3795 τὰ
2737 3740 2910 3794 λεπτὰ
2957 3738 3270 3807 νομίσματα
3317 3732 3655 3797 πωλοῦντες.
3711 3735 3834 3803 ἦτοι

2265 3843 2388 3904 τοὺς
2442 3838 2747 3907 νούμμους·
2818 3831 3073 3892 κόλλυϐος
3126 3830 3235 3898 γὰρ
3291 3826 3716 3896 παρ’“”Ελλησι
3770 3827 3833 3878 τὸ

2265 3933 2460 3986 λεπτὸν
2489 3931 2749 4000 νόμισμα,
2784 3925 2812 3978 δ
2838 3925 2988 3995 παρὰ
3038 3921 3334 3990 Ῥωμαίοις
3364 3918 3609 3987 νοῦμμος
3639 3919 3827 3969 καλεί-

2267 4041 2374 4076 ται,
2406 4020 2515 4074 Καὶ
2546 4019 2724 4088 κέρμα
2755 4015 2811 4068 δὲ
2836 4015 2896 4069 τὸ
2927 4014 3170 4084 νόμισμα
3199 4009 3441 4077 λέγεται.

2267 4111 2483 4166 ΑΡΙΣΤ.
2545 4130 2564 4162 ι
2611 4110 2700 4160 Ἐν
2731 4106 2860 4176 ἱερῴ
2886 4103 3156 4176 περιϐόλῳ
3185 4099 3480 4170 καπηλεῖον
3509 4098 3836 4162 ἀσύστατον,

2344 4223 2362 4255 ι
2411 4198 2859 4268 καὶλπωλούμενα
2901 4195 3168 4266 βρώματα
3222 4193 3430 4260 μάταια
3455 4204 3469 4219 ’
3503 4190 3599 4242 καὶ
3629 4190 3689 4240 ἐν
3718 4189 3828 4258 ἀμο

2344 4315 2363 4347 ι
2410 4295 2654 4364 φοτέροις
2678 4293 2706 4344 ό
2739 4289 2910 4342 ποιῶν
2939 4283 3283 4357 ἀφορίζεται.
3327 4301 3346 4334 ι

2349 4387 2454 4440 Τὸν
2499 4384 2596 4439 τοῦ
2642 4381 2778 4436 Θεοῦ
2813 4377 2959 4434 οἷκον
3006 4377 3080 4447 μὴ
3131 4379 3307 4428 ποιεῖν
3349 4373 3648 4444 ὲμπορείου
3688 4369 3838 4426 οἷκον

2271 4477 2709 4550 παρεκελεύσατο
2743 4476 2771 4529 ὁ
2801 4473 2992 4542 Σωτὴρ
3027 4469 3184 4541 ἡμῶν
3219 4469 3318 4521 καὶ
3345 4468 3478 4529 Θεός
3497 4483 3512 4497 ⁸
3548 4466 3644 4520 διὰ
3675 4466 3836 4519 τοῦτο

2269 4575 2330 4627 οὐ
2361 4571 2465 4642 χρὴ
2497 4570 2644 4623 ἔνδον
2697 4566 2804 4620 τῶν
2847 4565 3009 4635 ἱερῶν
3042 4561 3338 4632 περιϐόλων
3381 4558 3678 4628 καπηλεῖον
3713 4575 3836 4610 συνο

2275 4665 2445 4734 ιστᾷν,
2493 4664 2585 4714 καὶ
2633 4661 2700 4712 τὰ
2756 4657 2844 4709 διὰ
2896 4655 3200 4727 βρωμάτων
3243 4652 3356 4721 εῖδη
3419 4647 3828 4718 προτιθέναι,ἢ

2274 4755 2464 4826 ἐτέρας
2509 4751 2743 4824 πράσεις
2778 4748 3071 4802 ποιεῖσθαι.
3106 4747 3171 4800 El
3218 4762 3300 4807 τις
3334 4742 3442 4796 ὀὖν
3478 4741 3727 4796 τοιοῦτόν
3777 4759 3834 4792 τι

2273 4849 2416 4918 φανῇ
2450 4844 2806 4916 πλημμελῶν,
2832 4841 3283 4913 ἀφορισθήσεται.

2862 5060 3099 5114 ΚΑΝΩΝ
3128 5057 3250 5116 ()Z'.

2284 5246 2304 5279 ι
2344 5222 2550 5279 Ὀτιοὺ
2581 5223 2658 5274 δεῖ
2694 5220 3019 5291 ἱερατικοὺς,
3047 5217 3081 5288 ἢ
3113 5214 3428 5287 κληρικοὺς,
3459 5215 3491 5286 ἢ
3518 5214 3757 5280 ἀσκητάς
3772 5215 3834 5266 ἐν

2355 5333 2374 5366 ι
2423 5311 2689 5386 βαλανείῳ
2745 5309 2880 5378 μετὰ
2922 5304 3198 5374 γυναικῶν
3241 5301 3642 5358 ἀπολούεσθαι⁶
3695 5301 3834 5369 μηδὲ

2359 5429 2376 5462 ι
2423 5409 2598 5462 πάντα
2625 5400 2947 5474 Χριστιανὸν
2977 5400 3010 5470 ἢ
3041 5398 3250 5451 λαῖκόν.
3285 5394 3436 5466 Αὕτη
3485 5395 3589 5462 γὰρ
3634 5391 3830 5462 πρώτη

2357 5523 2373 5555 ι
2421 5499 2766 5568 κατάγνωσις
2817 5493 2969 5564 παρὰ
3013 5493 3124 5553 τοῖς
3157 5489 3390 5545 ἔθνεσιν.
3423 5487 3561 5542 Εἱδὲ
3599 5502 3681 5548 τις
3733 5483 3832 5538 ἐπὶ
