4092 6214
355 336 461 401 ΤΠ

440 470 462 504 ι
508 446 669 501 τοῦτο
718 443 1018 515 φωραθείη.
1047 444 1095 494 εἰ
1147 443 1247 511 μὲν
1292 438 1552 511 κληρικὸς
1594 436 1704 504 εἴη,
1744 432 1937 487 καθαι-
1968 440 2012 496 Α

434 560 453 592 ι
504 539 702 611 ρείσθω
737 537 851 607 (88)
881 553 896 568 ·
925 537 973 589 εἰ
1001 534 1058 585 δὲ
1084 534 1293 598 λαϊκὸς,
1336 532 1701 603 ἁφοριζέσθω.
1745 548 1763 580 i

434 629 626 684 ΒΑΛΣ.
653 628 742 691 Ὠς
763 629 906 680 ἔοικε
932 626 1040 696 πρὸ
1068 624 1168 693 τῆς
1196 623 1417 675 συνόδου
1448 616 1648 691 ταύτης
1679 617 1929 671 ὲλούοντο

363 720 660 790 ἱερωμένοι
712 717 879 782 τινὲς,
916 716 1009 768 καὶ
1039 718 1283 785 μοναχοὶ,
1317 714 1411 767 καὶ
1466 713 1643 765 λαῖκοὶ
1679 712 1817 793 μετὰ
1844 725 1937 776 γυ-

359 811 583 873 ναικῶν,
622 810 697 879 μὴ
746 807 1204 878 ἐπιστρεφόμενοι
1236 809 1338 875 τῆς
1382 803 1753 872 ἀποστολικῆς
1784 802 1935 865 θείας

358 902 759 973 παραγγελίας,
806 900 908 969 τῆς
959 898 1263 968 λεγούσηςο
1305 898 1671 967 Ἀπρόσκοποι
1718 895 1935 963 γίνεσθε

357 994 453 1044 καὶ⁵
508 991 810 1055 Ἰουδαίοις,
840 990 933 1043 καὶ
975 988 1226 1059 Ἕλλησι,
1259 989 1354 1041 καὶ
1386 991 1453 1058 τῇ
1492 987 1793 1057 Ἐκκλησία
1840 985 1933 1038 τοῦ

355 1081 517 1135 Θεοῦ.
546 1080 938 1153 Διορθούμενοι
965 1078 1057 1132 οὖν
1086 1077 1246 1131 τοῦτο
1272 1079 1341 1131 oi,
1357 1077 1503 1146 ἅγιοι
1551 1077 1817 1146 Πατέρες,
1848 1076 1925 1139 ὼς

356 1175 778 1246 ἀπρεπέστατον
805 1173 899 1225 καὶ
928 1172 1379 1236 σκανδαλοποιὸν,
1417 1176 1511 1223 καὶ
1539 1171 1806 1241 διεγεῖρον
1853 1172 1935 1232 είς

357 1265 738 1336 δαιμονιώδεις
790 1264 1107 1333 ἐπιθυμίας,
1143 1266 1406 1344 φέρονιτε
1450 1263 1576 1326 τοὺς
1619 1264 1935 1333 χρωμένους

360 1363 427 1431 τῇ
463 1359 689 1427 ἁσὲμνῳ
726 1357 901 1427 ταύτῃ
942 1357 1187 1426 διαγωγῇ
1240 1358 1320 1418 εἰς
1370 1354 1614 1426 μεγάλην
1650 1356 1934 1423 κατάγνω-

368 1472 474 1517 σιν,
500 1450 821 1521 διωρίσαντο
856 1450 945 1502 τὸν
972 1449 1143 1511 οὕτως
1192 1449 1502 1517 ἀδιαφόρως
1532 1450 1627 1501 καὶ
1663 1451 1929 1520 ἀπρεπῶς

364 1546 446 1607 είς
473 1545 534 1597 τὸ
572 1543 698 1611 ἑξῆς
735 1543 872 1613 μετὰ
909 1542 1167 1609 γυναικὸς
1192 1542 1501 1611 λουόμενον,
1535 1542 1798 1611 κληρικὸν
1827 1543 1927 1612 μὲν

358 1637 508 1701 ὂντα,
564 1634 966 1704 καθαιρεῖσθαι,
1026 1632 1214 1685 λαῖκὸν
1271 1633 1348 1700 δὲ,
1389 1634 1768 1702 ἀφορίζεσθαι.
1824 1636 1929 1702 Ση-

362 1728 596 1797 μείωσαι
640 1728 698 1781 δὲ
748 1728 882 1781 ὃτιὸ
913 1726 1094 1781 κανὼν
1144 1728 1411 1798 διαφορὰν
1458 1733 1696 1783 ποιεῖται
1738 1731 1928 1801 κληρι-

358 1821 491 1884 κῶν,
533 1822 871 1891 ἱερωμένων,
902 1819 1125 1885 λαῖκῶν,
1160 1822 1254 1874 καὶ
1287 1822 1566 1891 ἀσκητῶν.
1611 1823 1925 1893 Ἰερωμένοι

359 1914 466 1982 γάρ
502 1916 642 1965 εἰσιν
684 1913 734 1964 oi
764 1912 859 1965 τοῦ
893 1912 1154 1982 βήματος,
1182 1915 1230 1965 οἱ
1283 1914 1376 1965 καὶ
1418 1914 1887 1984 χειροτονούμενοι
1911 1932 1923 1947 ο

358 2006 652 2058 ἐπίσκοποι
684 2005 948 2075 δηλονότι,
988 2006 1173 2072 ἱερεῖς,
1216 2006 1453 2058 διάκονοι
1499 2010 1593 2060 καὶ
1640 2007 1930 2061 ὑποδιᾶκο-

356 2114 461 2152 νοι.
489 2097 754 2167 Κληρικοὶ
787 2097 987 2159 πάντες
1020 2098 1069 2149 oi
1106 2098 1263 2161 ἐκτὸς
1286 2097 1382 2151 τοῦ
1414 2098 1655 2168 βήματος
1691 2103 1749 2152 ὲν
1780 2104 1929 2164 ναοῖς

354 2189 876 2261 ἐξυπηρετούμενοι,
931 2191 1099 2261 ἤγουν
1145 2192 1509 2259 ἁναγνῶσται,
1559 2192 1776 2262 θεωροὶ,
1832 2195 1925 2247 καὶ

353 2282 535 2352 ἕτεροι
573 2283 844 2334 τοιοῦτοι·
886 2282 1126 2350 ἀσκηταὶ
1172 2283 1226 2334 δὲ
1282 2284 1332 2335 oi
1385 2288 1609 2355 μοναχοὶ
1657 2287 1771 2338 ὅσοι
1821 2287 1924 2339 οὐκ

354 2372 600 2441 ἔφθασαν
627 2372 995 2444 ὲπισκοπικὴν
1027 2376 1302 2445 σφραγῖδα
1348 2376 1621 2442 δέξασθαι,
1652 2378 1785 2430 ἀλλὰ
1823 2380 1919 2446 μό-

354 2484 457 2537 νην
494 2466 818 2538 ἑπικουρίδα
859 2468 1181 2538 μοναχικήν.
1218 2468 1285 2520 Οί
1319 2469 1426 2539 γὰρ
1457 2470 1727 2538 σφραγῖδα
1771 2470 1930 2534 δεξά-

360 2578 515 2629 μενοι
585 2561 950 2631 ἐπισκοπικὴν
1024 2564 1249 2631 μοναχοὶ
1329 2564 1583 2632 κληρικοὶ
1651 2566 1925 2631 λέγονται.

368 2654 655 2724 Ἀσκητῶν
679 2654 736 2707 δὲ
768 2655 863 2708 καὶ
905 2655 1154 2725 μοναχών
1192 2655 1417 2724 οὐδεμία
1452 2658 1705 2729 διαφορά.
1744 2662 1920 2713 Συνα-

355 2744 548 2813 γαγὼν
587 2742 682 2800 οὖν
716 2748 835 2800 εἰπὲ
867 2747 942 2810 ὠς
968 2748 1013 2799 oi
1057 2748 1155 2817 μὲν
1185 2749 1279 2801 τοῦ
1314 2749 1556 2820 βήματος
1602 2751 1670 2805 δι’
1723 2754 1930 2824 ἐγγρα-

358 2841 471 2908 φῆς
512 2838 738 2908 ὀμνύειν
782 2839 1128 2906 ὀφείλουσιν*
1163 2842 1213 2893 oi
1256 2843 1312 2894 δὲ
1352 2844 1510 2907 ἐκτὸς
1541 2844 1637 2897 τοῦ
1684 2843 1928 2916 β’ἦματος

356 2933 501 2984 κατὰ
532 2930 754 2994 λαϊκοὺς
778 2932 1165 3003 ὲπομόσονται,
1199 2937 1304 2986 xiv
1338 2938 1565 3005 μοναχοὶ
1607 2932 1731 2993 ὦσι.
1770 2938 1928 3004 Τινὲς

358 3023 545 3091 μέντοι
584 3024 766 3077 λαῐκοὶ
799 3026 936 3093 μετὰ
966 3026 1072 3077 τῶν
1099 3027 1319 3078 οἰκείων
1347 3029 1630 3096 όμοζύγων
1668 3034 1724 3083 ὲν
1759 3032 1924 3100 βαλα-

1307 327 1389 388 IN
1425 324 1590 387 CAN.
1632 322 1901 382 LXXVII
1939 322 2148 383 CONC.
2186 321 2262 381 ΙΝ
2290 319 2614 381 TBULLO.

1958 1778 2007 1837 B

3499 320 3602 380 778

2117 451 2134 484 ι
2177 434 2229 486 in
2271 448 2329 487 re
2359 433 2734 503 deprehensus
2768 431 2933 486 fuerit
2964 468 2981 495 ,
3009 430 3053 486 si
3079 430 3151 486 sit
3176 431 3393 500 quidem
3440 435 3602 487 cleri-

2115 546 2132 576 ι
2171 540 2288 588 cus,
2316 525 2623 595 deponatur
2650 541 2663 577 :
2694 525 2778 578 sin
2812 538 2944 577 vero
2984 522 3180 585 laicus,
3207 534 3541 595 segregetur.
3579 546 3597 576 ι

2110 616 2309 671 BALS.
2344 616 2410 671 Ut
2438 625 2521 671 est
2578 617 2908 678 verisimile,
2955 628 3080 669 ante
3149 618 3287 671 hanc
3331 617 3600 686 synodum

2040 712 2361 766 lavabantur
2389 711 2702 766 sacerdotes
2742 711 2961 779 qttidam
3005 718 3059 763 et
3117 711 3367 763 monachi
3396 722 3450 764 et
3484 712 3603 764 laici

2038 820 2161 857 cum
2198 805 2520 858 mulieribus
2548 841 2563 867 ,
2597 805 2957 872 apostolicum
2982 804 3228 857 divinum
3275 815 3599 872 praeceptum

2038 910 2147 950 non
2183 906 2463 962 curantes,
2492 898 2638 964 quod
2675 895 2843 950 dicit:
2880 894 3009 948 Sine
3044 894 3372 949 offendicula
3402 895 3523 948 sitis
3553 906 3605 973 et

2036 989 2237 1044 Judzeis
2268 1000 2322 1043 et
2347 988 2546 1045 Graecis
2576 1000 2630 1044 et
2676 989 2936 1045 Ecclesiae
2993 990 3084 1045 Dei
3142 990 3207 1042 “'.
3259 987 3606 1058 Corrigantes

1984 1117 1999 1130 -
2037 1083 2141 1136 hoc
2174 1098 2303 1153 ergo
2334 1084 2507 1138 sancti
2543 1084 2752 1146 Patres,
2787 1091 2847 1135 ut
2885 1083 3122 1137 maxime
3166 1080 3488 1135 indecorum
3554 1094 3607 1135 et

2037 1174 2394 1228 olfensionem
2428 1173 2858 1242 scandalumqne
2899 1173 3168 1237 atterens,
3213 1180 3267 1226 et
3290 1172 3357 1226 ad
3411 1172 3609 1225 (heluo-

2040 1265 2225 1319 niacas
2255 1264 2580 1332 cupiditates
2605 1267 2874 1326 excitans,
2913 1274 2966 1319 et
2995 1281 3090 1319 eos
3133 1266 3228 1334 qui
3293 1266 3393 1319 hoc
3457 1266 3602 1332 turpi

2037 1359 2287 1413 instituto
2319 1368 2549 1411 utuntur
2576 1358 2645 1411 ad
2678 1372 2930 1425 magnam
2957 1358 3470 1413 condemnationem
3518 1357 3608 1409 dc-

2037 1449 2259 1514 ducens,
2305 1458 2623 1519 statuerunt
2680 1458 2739 1502 ut
2771 1450 2861 1518 qui
2896 1448 3149 1520 deinceps
3198 1449 3334 1503 adeo
3370 1450 3608 1503 inconsi-

2038 1542 2223 1596 derate
2259 1553 2312 1597 et
2344 1544 2600 1599 indecore
2634 1559 2757 1597 cum
2790 1542 3021 1597 muliere
3056 1542 3329 1596 lavabitur
3359 1582 3374 1605 ,
3427 1543 3473 1595 si
3537 1544 3608 1596 sit

2035 1630 2255 1699 quidem
2293 1632 2528 1685 clericus
2560 1673 2576 1695 ,
2630 1632 2932 1701 deponatur
2971 1649 2985 1697 ;
3022 1632 3066 1687 si
3097 1648 3227 1685 vero
3271 1632 3443 1687 laicus
3466 1670 3481 1695 ,
3516 1648 3607 1685 se-

2036 1732 2307 1792 gregetur.
2337 1722 2471 1777 Nota
2493 1735 2699 1787 autem,
2723 1724 2869 1793 quod
2890 1738 3064 1779 canon
3094 1723 3224 1779 facit
3243 1724 3605 1779 dili‘ercntiam

2034 1814 2175 1868 inter
2206 1816 2379 1869 sacris
2410 1815 2652 1871 initiatos
2674 1856 2689 1882 ,
2721 1817 2955 1872 clericos
2979 1856 2995 1883 ,
3053 1819 3220 1872 laicos
3264 1826 3317 1871 et
3367 1825 3607 1873 ascetas.

2033 1906 2218 1961 Sacris
2251 1908 2447 1962 initiati
2482 1918 2641 1971 sunt,
2680 1910 2772 1979 qui
2827 1918 2956 1964 sunt
3010 1925 3076 1965 ex
3126 1926 3286 1967 sacro
3317 1911 3605 1978 tribunali,

2031 1997 2122 2063 qui
2155 1997 2317 2050 etiam
2346 1998 2714 2061 ordinantur;
2747 2000 2988 2068 episcopi
3012 1999 3242 2063 scilicet,
3269 2001 3604 2064 sacerdotes,

2030 2089 2244 2143 dial-oni
2273 2099 2326 2143 et
2355 2090 2739 2161 hypodiaconi.
2771 2091 2968 2146 Clerici
3004 2132 3019 2154 ,
3064 2108 3253 2148 omnes
3312 2096 3399 2162 qui
3451 2104 3605 2148 extra

2030 2197 2247 2235 sacrum
2278 2183 2513 2237 tribunal
2562 2185 2614 2237 in
2648 2185 2864 2253 templis
2904 2188 3172 2250 serviunt,
3215 2196 3272 2239 ut
3320 2188 3554 2241 lectores
3584 2230 3598 2247 .

2030 2274 2236 2327 Ostiarii
2276 2284 2327 2328 et
2361 2275 2453 2329 alii
2513 2276 2803 2344 ejusmodi.
2866 2279 3076 2331 Asc-etin
3120 2291 3296 2335 autem
3350 2281 3605 2359 monachi

2029 2367 2121 2436 qui
2153 2367 2517 2437 episcopalem
2548 2372 2921 2425 characterem
2954 2386 3059 2425 non
3085 2388 3361 2439 accepere,
3390 2377 3479 2428 sed
3507 2391 3601 2429 so-

2031 2458 2135 2511 lam
2206 2470 2484 2515 tonsuram
2543 2465 2940 2519 monachalem.
3014 2464 3263 2520 Monachi
3322 2468 3464 2521 enim
3507 2470 3604 2538 qui

2029 2552 2393 2620 episcopalem
2461 2560 2741 2609 tonsuram
2792 2572 3048 2624 accepere
3090 2557 3347 2613 dicuntur
3395 2560 3606 2616 clerici.

2030 2644 2349 2697 Ascetarnm
2379 2654 2559 2699 autem
2590 2656 2641 2700 et
2682 2650 3076 2703 monachorum
3111 2651 3260 2704 nulla
3313 2664 3398 2706 est
3445 2654 3599 2709 diiie-

2034 2739 2231 2794 rentia.
2263 2738 2429 2811 248
2461 2738 2554 2794 Dic
2579 2756 2714 2811 ergo
2742 2741 2794 2797 in
2832 2758 3100 2797 summam
3143 2745 3417 2817 redigcns,
3460 2748 3604 2817 quod

2030 2837 2122 2907 qui
2154 2851 2279 2891 sunt
2333 2839 2559 2907 quidem
2588 2854 2650 2891 ex
2686 2853 2842 2892 sacro
2874 2840 3135 2893 tribunali
3165 2841 3220 2895 in
3258 2841 3487 2910 scriptis
3512 2844 3605 2910 ju-

2032 2947 2153 2984 rare
2197 2931 2397 2983 debent
2437 2935 2570 2999 :qui
2609 2938 2789 2984 autem
2841 2942 2968 2986 sunt
3014 2944 3168 2987 extra
3216 2936 3493 3001 tribunal,
3552 2946 3605 2994 ut

2034 3024 2156 3076 laici
2186 3024 2474 3092 jurabunt,
2507 3023 2720 3077 etiamsi
2750 3024 2858 3077 sint
2913 3026 3183 3082 monachi.
3226 3028 3457 3095 Quidam
3505 3048 3605 3085 an.

352 3116 526 3180 νείοις
567 3116 870 3186 λουόμενοι,
933 3119 1027 3171 καὶ
1077 3120 1237 3189 χάριν
1299 3122 1488 3173 τούτου
1553 3124 1925 3194 ἐλεγχόμενοι,

2035 3126 2140 3171 tem
2185 3115 2305 3168 laici
2340 3157 2355 3182 ,
2412 3132 2535 3169 cum
2584 3118 2635 3170 in
2691 3118 2899 3173 balineis
2956 3136 3065 3174 una
3122 3136 3243 3175 cum
3276 3123 3604 3193 canjugihus

352 3207 576 3273 λέγουσι
609 3206 682 3277 μὴ
716 3207 1021 3262 κωλύεσθαι
1046 3210 1205 3261 τοῦτο
1250 3209 1355 3264 ὑπὸ
1385 3212 1481 3263 τοῦ
1513 3215 1755 3276 κανόνος.
1786 3217 1929 3288 Σὰρξ

360 3300 472 3369 γὰρ
509 3299 604 3370 μία
634 3301 759 3365 εἰσὶ,
790 3302 884 3353 καὶ
915 3301 1068 3353 οὐδέν
1126 3319 1178 3353 τι
1214 3303 1454 3371 ἄσεμνον
1510 3306 1658 3358 δοκεῖ
1685 3308 1931 3374 γίνεσθαι

362 3392 530 3460 μέσον
563 3392 883 3462 αὐτώννμὴ
917 3392 1277 3461 διεστηκότων
1311 3395 1558 3465 ἀλλήλων
1583 3400 1696 3462 τοῖς
1734 3399 1926 3469 σώμα-

360 3500 484 3537 σιν*
511 3484 754 3545 ἐκείνους
798 3484 855 3535 δὲ
897 3484 1242 3550 κολάζεσθαι,
1279 3489 1404 3547 τοὺς
1455 3492 1552 3539 σὺν
1602 3492 1667 3559 τῇ
1707 3491 1934 3563 πορνείᾳ

355 3579 456 3631 καὶ
503 3578 829 3648 ἀσχημόνως
892 3579 1204 3645 διάγοντας,
1262 3580 1356 3631 καὶ
1414 3581 1516 3650 τῆς
1575 3583 1792 3649 φύσεως
1852 3587 1928 3656 μὴ

354 3668 777 3738 αἰσχυνομένους
806 3668 905 3739 τὴν
930 3669 1261 3739 ἀπρέπειαν.
1284 3671 1398 3723 Οὐκ
1442 3673 1647 3740 ἤρεσαν
1676 3674 1731 3726 δὲ
1762 3675 1936 3730 ταῦτα

354 3763 475 3821 τοῖς
529 3759 983 3828 εὐλαϐεστέροις,
1033 3760 1247 3813 είποῦσι
1312 3763 1662 3829 κατάγνωσιν
1711 3765 1934 3836 πρώτην

312 3837 317 3841 ’
357 3845 507 3904 εῖναι
554 3852 712 3906 τοῦτο
764 3854 913 3923 παρὰ
966 3855 1077 3916 τοῖς
1124 3852 1353 3921 ἔθνεσιν,
1384 3855 1459 3918 ὼς
1492 3859 1519 3909 ὁ
1560 3856 1741 3910 κανών
1778 3875 1931 3926 φησι,

359 3944 661 3997 κάντεῦθεν
705 3946 800 3998 καὶ
846 3943 1137 4009 κολάζεται
1176 3947 1532 4018 ὁπωσδήποτε
1595 3950 1885 4019 γινόμενον
1912 3968 1927 3982 ο

362 4037 461 4087 καὶ
507 4036 587 4087 ὅτι
631 4035 731 4089 κᾶν
787 4038 1017 4091 δοκῶσιν
1052 4040 1100 4090 oi
1149 4034 1410 4108 ὀμόζυγοι
1457 4042 1516 4093 ἓν
1564 4043 1725 4112 σῶμα
1762 4040 1928 4111 εἶναι,

356 4126 480 4179 ἀλλ’
527 4128 625 4180 οὐκ
666 4130 876 4196 ἐφεῖται
934 4132 1121 4194 αὐτοῖς
1169 4133 1356 4196 κακῶς
1394 4137 1505 4196 τοῖς
1547 4136 1772 4198 οἰκείοις
1794 4139 1928 4207 χρή-

361 4218 569 4271 σασθαι
624 4220 862 4289 μέλεσιν.
896 4223 1052 4275 Ἐπεὶ
1080 4224 1164 4275 τοί
1212 4241 1298 4291 γε,
1332 4228 1380 4278 εί
1425 4227 1581 4279 τοῦτο
1608 4224 1696 4296 ἦν,
1729 4230 1850 4281 οὐδὲ
1881 4229 1931 4282 οἱ

359 4312 811 4382 ἐπιχειρήσαντες
839 4314 1063 4378 ἑαυτοὺς
1096 4315 1306 4368 ἀνελεῖν
1340 4316 1426 4370 ἵνα
1452 4317 1771 4382 ἐκολάζοντο
1795 4318 1929 4390 (89).

2041 3209 2308 3270 lavantur,
2335 3214 2391 3261 et
2414 3217 2698 3277 propterea
2726 3210 3215 3279 reprehenduntur,
3241 3212 3430 3270 dicunt
3460 3216 3604 3272 istud

2036 3302 2104 3353 ab
2134 3300 2238 3352 hoc
2268 3313 2478 3353 canone
2505 3315 2613 3354 non
2634 3302 2928 3370 prohiberi.
2960 3302 3098 3356 Sunt
3131 3305 3276 3358 enim
3317 3321 3443 3360 caro
3479 3324 3604 3375 una,

2038 3400 2093 3444 et
2134 3390 2268 3443 nihil
2302 3398 2458 3458 turpe
2490 3405 2552 3445 ac
2602 3391 2918 3445 indecorum
2948 3392 3088 3447 inter
3120 3409 3214 3448 eos
3268 3395 3382 3450 ﬁeri
3418 3400 3617 3483 .videaa

2037 3492 2148 3545 tur,
2185 3499 2307 3537 cum
2336 3498 2365 3537 a
2397 3497 2459 3537 se
2490 3474 2722 3539 invicem
2765 3502 2870 3538 non
2906 3486 3016 3540 sint
3052 3488 3311 3557 disjuncti
3354 3474 3604 3561 corpoii-

2036 3572 2182 3627 bus:
2223 3575 2343 3627 illos
2382 3582 2562 3628 autem
2599 3576 2819 3657 puniri,
2851 3579 2943 3645 qui
2997 3594 3119 3632 cum
3163 3584 3513 3639 scortatione‘
3544 3603 3603 3641 se

2038 3664 2270 3732 turpiter
2303 3674 2355 3718 et
2389 3666 2643 3721 indecore
2671 3681 2890 3736 gerunt,
2930 3680 3253 3742 naturasque
3316 3677 3603 3745 pudendo-

2036 3772 2156 3810 rum
2195 3758 2344 3812 nullo
2385 3761 2602 3827 penitus
2631 3764 2833 3829 pudore
2866 3762 3197 3820 afﬁciuntur.
3252 3766 3373 3822 lliec
3418 3782 3600 3826 autem

2038 3847 2474 3917 religiosioribus
2502 3867 2609 3904 non
2643 3852 2900 3919 placuere
2927 3896 2940 3918 ,
2976 3857 3288 3931 dicentibus
3330 3861 3432 3915 hoc
3480 3879 3603 3919 esse

2036 3939 2268 4010 primam
2303 3943 2442 4011 apud
2496 3954 2684 4011 gentes
2743 3947 3254 4005 condemnationem
3288 3993 3301 4016 ,
3367 3963 3423 4005 ut
3470 3956 3603 4008 dicit

2034 4050 2210 4089 canon
2242 4051 2256 4087 ε
2292 4045 2347 4089 et
2388 4035 2507 4090 ideo
2528 4037 2579 4090 id
2609 4052 2729 4093 esse
2752 4040 3081 4108 puniendum
3108 4044 3601 4115 quomodocumque

2036 4125 2129 4178 ﬁat
2165 4142 2179 4178 :
2211 4135 2266 4179 et
2311 4128 2450 4195 quod
2498 4128 2712 4181 etialbsi
2780 4130 3063 4185 videantur
3106 4133 3368 4203 conjuges
3430 4153 3597 4192 unum

2033 4234 2154 4273 esse
2180 4234 2406 4288 c0rptts,
2438 4221 2518 4273 eis
2552 4230 2734 4275 tamen
2769 4239 2875 4275 non
2912 4228 3244 4292 permittitur
3273 4231 3388 4283 suis
3416 4247 3599 4286 ment-

2035 4310 2145 4368 bris
2176 4312 2312 4363 male
2346 4313 2443 4364 titi.
2480 4312 2535 4365 Si
2569 4314 2710 4366 enim
2772 4314 2843 4367 ita
2884 4325 3029 4369 esset
3060 4355 3075 4377 ,
3110 4333 3211 4371 nec
3259 4320 3294 4373 ii
3352 4321 3443 4389 qui
3497 4324 3599 4378 sibi

2040 4408 2270 4455 mortem
2298 4401 2644 4457 consciscere
2673 4405 2850 4458 conati
2884 4414 3032 4471 sunt,
3062 4409 3408 4479 punirentur.

429 4490 678 4545 ΖΩΝΑΡ.
717 4493 777 4546 Ὀ
820 4493 962 4558 θεῖος
1007 4494 1301 4558 ἀνόστολος
1342 4495 1572 4560 Παῦλος,
1619 4496 1733 4561 Δεῖ,
1771 4497 1926 4568 φησὶ,

2105 4492 2353 4548 ZONAR.
2388 4492 2624 4561 Oportet,
2661 4495 2835 4563 inquit
2865 4498 3079 4552 divinus
3119 4503 3398 4571 apostolus
3448 4502 3589 4558 Pau-

353 4584 519 4635 καλὰ
542 4586 877 4649 προνοεῖθαι
894 4586 1150 4641 ἐνώπιον
1166 4588 1314 4643 θεοῦ
1332 4589 1426 4641 καὶ
1449 4590 1771 4657 ἀνθρώπων
1795 4607 1808 4620 ·
1834 4594 1929 4643 καὶ

357 4676 559 4728 πάλιν·
601 4676 996 4745 Ἀπρόσκοποι
1026 4683 1267 4747 γίνεσθε
1317 4681 1413 4733 καὶ
1466 4680 1796 4746 Ἰουδαίοις,
1828 4684 1927 4734 καὶ

479 4862 519 4895 ³⁸
545 4860 712 4917 lCor.
739 4851 793 4947 jx,
826 4861 915 4917 52.
993 4864 1037 4894 ”
1060 4863 1109 4918 II
1137 4861 1262 4917 Cor.
1292 4879 1408 4925 vm,
1443 4865 1535 4919 2i.

2036 4588 2160 4652 lus,
2200 4587 2334 4640 bona
2392 4587 2665 4653 providere
2727 4606 2907 4643 coram
2949 4591 3056 4645 Deo
3099 4603 3147 4646 et
3176 4596 3476 4651 hominibus
3511 4597 3599 4663 ”;

2033 4691 2084 4734 et
2120 4681 2269 4746 alibi,
2294 4666 2430 4736 'Sine
2460 4682 2742 4750 offensione
2770 4695 2931 4739 estote
2956 4699 3005 4739 et
3038 4685 3264 4754 Judwis,
3295 4700 3342 4743 et
3371 4688 3594 4756 Gra’cis,

1542 5006 1737 5066 Guill.
1783 5009 2109 5101 Beveregii
2147 5016 2334 5072 noue.

434 5131 550 5199 (88)
582 5132 649 5183 El
674 5129 743 5183 δὲ
775 5131 986 5191 λαικὸς
1017 5130 1396 5199 ἀφοριῖἐσθω.
1431 5130 1484 5184 In
1523 5132 1711 5186 codice
1745 5146 1932 5187 nostro
2018 5128 2021 5129 ν

358 5204 660 5256 Bodleiano
713 5213 830 5268 post
882 5206 992 5254 haec
1046 5209 1232 5254 ultima
1265 5204 1489 5257 canonis
1534 5220 1692 5256 verna
1741 5206 1926 5264 hahes,

358 5271 785 5344 Eqpeiwgatyov
815 5273 1055 5344 παρόντα
1076 5272 1273 5344 κανόνα
1291 5274 1619 5344 αφορίζοντα
1643 5275 1761 5333 τοὺς
1792 5278 1929 5343 μετὰ

357 5341 642 5411 γυναικῶν
689 5342 1033 5413 λουομένους,
1082 5343 1172 5394 καὶ
1206 5341 1765 5413 ,εὖξαιγδιορθωθῆναι
1794 5341 1929 5406 τοὺς

356 5412 525 5465 τοῦτο
582 5411 1080 5480 καταφρονοῦντας,
1135 5412 1226 5465 καὶ
1278 5412 1473 5480 μᾶλλον
1502 5411 1926 5479 ’τοὺςίεὺγενεῖς

362 5487 461 5551 τῆς
502 5481 717 5550 ἡμέρας
761 5483 1067 5551 ἀδιαφόρως
1114 5482 1432 5550 λουομένους
1476 5485 1615 5550 μετὰ
1651 5484 1923 5549 γυναικῶν

364 5554 566 5605 αὐτῶν.
601 5551 705 5603 Sed
733 5551 943 5605 etiamsi
978 5556 1089 5608 haec
1118 5554 1168 5605 iit
1213 5554 1329 5621 ipso
1356 5559 1504 5606 textu
1529 5553 1857 5617 setibautttr‘,
1905 5574 1934 5609 e

368 5624 616 5692 margine
642 5631 818 5675 tamen
845 5622 972 5673 illuc
1004 5622 1289 5692 irrepsisse
1313 5624 1487 5688 primo
1513 5624 1710 5677 intuitu
1735 5633 1878 5692 patet
1911 5642 1923 5677 :

368 5695 513 5747 unde
556 5693 721 5745 etiam
779 5693 833 5745 in
886 5692 1105 5761 reliquis
1153 5692 1431 5747 codicibus
1491 5709 1620 5748 mss.
1689 5708 1794 5747 non
1850 5696 1925 5750 le-

364 5770 602 5833 guntur.

717 5858 983 5916 PATROL.
1029 5854 1143 5915 GR.
1194 5853 1535 5915 CXXXVII.

2103 5140 2393 5211 (βίη-Ἵνα
2442 5140 2819 5203 ἐκολάζοντο.
2864 5141 2918 5194 In
2967 5141 3246 5195 codicibus
3293 5141 3595 5211 impressis,

2033 5208 2159 5260 item
2196 5208 2505 5263 .‘Etonit-nsi
2543 5224 2595 5263 et
2635 5214 3062 5264 Aitierbachiaiio
3092 5228 3222 5263 mss.
3256 5208 3381 5265 hanc,
3406 5208 3595 5271 ultima

2025 5290 2154 5331 sunt
2186 5282 2347 5343 hujus
2381 5286 2842 5346 interpretationis
2870 5284 3026 5334 verba
3052 5298 3066 5343 ;
3097 5281 3199 5347 sed
3226 5283 3276 5334 in
3304 5282 3594 5341 Bodleiano

2026 5361 2213 5422 nostro
2241 5351 2375 5422 iure
2398 5359 2719 5422 sequuntur
2755 5367 2767 5422 ς
2800 5351 3109 5422 Σημείωσαι
3161 5352 3257 5422 τὴν
3314 5356 3596 5422 παροῦσαν

2022 5418 2319 5493 ἑρμηνείαν
2339 5418 2694 5493 διδάσκουσαν
2711 5418 2982 5481 τίνεςτῶν
3009 5418 3282 5493 κληρικῶν
3308 5422 3375 5474 δι’
3396 5418 3596 5493 ἐγγρα-

2022 5488 2139 5553 cpth
2160 5488 2437 5561 ὀμνύουσι,
2458 5490 2570 5561 *καὶ
2606 5490 2747 5551 τίνες
2776 5492 3082 5561 σωματικὸν
3098 5488 3271 5561 ήὸρκον
3298 5488 3593 5548 ἀπαιτοῦν-

2039 5572 2159 5608 ται·
2210 5558 2603 5625 ἁμφιΰάλλεται
2654 5561 2780 5627 γάρ.
2833 5559 2979 5613 Hanc
3024 5558 3200 5614 autem
3255 5571 3437 5617 notam
3476 5582 3596 5622 esse

2040 5630 2410 5694 marginalem,
2434 5636 2487 5700 et
2509 5628 2571 5700 ad
2603 5627 2938 5683 Balsamonis
2964 5632 3459 5700 interpretationem
3487 5651 3592 5689 non

2039 5702 2328 5761 pertinere,
2358 5714 2419 5774 ex
2454 5698 2790 5774 _ipsis__verbis
2813 5701 2998 5774 palam
3028 5698 3146 5767 est;
3180 5714 3364 5774 utpote
3389 5706 3589 5774 quibus

2045 5766 2417 5835 interpretatio
2453 5770 2549 5822 ista
2581 5770 2780 5823 diserte
2812 5766 3205 5841 iitdigitaturct
3241 5766 3480 5830 notatur.

3148 5861 3224 5920 25
