4092 6214
493 348 601 410 ’179

1751 350 2029 411 ΤΗΕΟΙ).
2074 351 2156 408 ΒΑ
2168 349 2466 410 LSAMON

3610 347 3716 411 780

490 475 540 518 et
575 465 822 519 Ecclesia
868 464 963 519 Dei
1011 468 1076 522 ’°.
1103 465 1256 532 Quod
1314 465 1361 519 si
1409 465 1507 518 viri
1567 479 1687 518 cum
1736 463 2054 517 mulieribus

2157 463 2419 528 Ἕλλησι
2463 443 2667 529 καΓτῆ
2708 463 3041 542 annnam
3083 461 3189 514 τοῦ
3225 461 3394 515 Θεοῦ.
3426 461 3502 513 Τδ
3533 462 3588 514 δὲ
3618 464 3716 515 ἄν·

491 557 656 611 simul
708 560 995 616 laventnr.
1038 574 1283 628 magnam
1333 556 1686 612 oﬂens'ronem
1732 556 1874 625 apud
1912 571 2050 620 eos,

489 651 580 717 qui
617 652 667 703 id
697 652 998 718 conspicati
1042 649 1272 715 fuerint,
1302 665 1364 705 ea
1423 664 1519 702 res
1549 647 1712 702 facile
1769 647 2050 720 excitabit.

490 740 700 794 Etenim
727 741 772 793 si
806 741 884 793 vel
919 741 1031 809 ipse
1057 740 1301 796 mulieris
1332 743 1384 794 in
1421 740 1630 808 privata
1673 739 1840 792 domo
1872 748 1964 792 aut
1996 739 2050 793 in

489 833 572 884 via
635 831 775 884 forte
839 831 1185 886 occurrentis
1249 840 1507 902 aspectus
1585 831 2050 900 perturbationum

488 924 680 978 ﬂuctus
712 925 763 977 in
800 925 996 978 animis
1020 926 1256 978 virorum
1287 934 1347 978 ut
1377 924 1670 993 plurimum
1708 931 2049 977 commovet:

486 1029 594 1068 una
625 1030 748 1068 cum
775 1015 856 1068 -iis
900 1015 1092 1078 lavari,
1118 1015 1209 1079 qui
1248 1015 1362 1068 fieri
1400 1021 1580 1082 potest
1608 1022 1671 1087 ιιι
1720 1029 1826 1067 non
1861 1015 2050 1068 iisdem

487 1104 742 1157 laticibus
787 1104 1033 1172 ipsorum
1091 1117 1311 1172 quoque
1365 1112 1599 1157 mentem
1628 1102 1946 1171 demet-gat,
1999 1111 2055 1156 et

488 1197 806 1266 cupiditatis
837 1195 1040 1262 aliquid
1104 1195 1350 1250 excitet?
1379 1195 1532 1261 Quod
1582 1196 1627 1249 si
1666 1196 1828 1249 etiam
1862 1195 2052 1248 demus

486 1290 725 1359 aliquos.
755 1290 1002 1358 quamvis
1034 1289 1224 1342 eodem
1269 1289 1461 1343 balneo
1487 1303 1610 1342 cum
1647 1285 1868 1341 feminis
1899 1297 2053 1344 uten-

484 1389 591 1441 tes,
617 1381 668 1433 id
701 1384 820 1436 sine
856 1380 1097 1446 periculo
1131 1379 1308 1434 facere
1354 1397 1366 1432 :
1402 1379 1696 1448 quominus
1741 1388 1921 1432 tamen
1950 1417 1966 1440 ,
1999 1385 2053 1432 et

484 1472 578 1541 qui
613 1471 797 1525 vident
825 1471 1178 1526 offensionem
1218 1487 1282 1526 ex
1310 1486 1372 1524 ea
1419 1488 1476 1544 re
1525 1472 1780 1541 capiant,
1824 1482 1878 1524 et
1925 1469 2055 1524 fide-

488 1564 620 1616 lium
659 1565 712 1616 in
742 1577 808 1616 eo
838 1564 1113 1618 licentiam
1155 1564 1318 1616 tacita
1372 1564 1700 1633 cogitatione
1754 1563 2048 1626 damnent,

487 1657 542 1710 id
565 1671 671 1725 qua
704 1657 913 1711 ratione
949 1658 1236 1725 quisquam
1291 1657 1462 1710 vitare
1516 1655 1733 1726 possit?
1764 1655 1859 1710 His
1891 1657 2054 1726 igitur

489 1748 558 1801 de
585 1749 804 1811 causis,
845 1747 894 1802 id
928 1763 1102 1802 canon
1151 1747 1478 1802 Christianis
1528 1747 1783 1801 omnibus
1820 1748 2048 1800 vetitum

2155 551 2286 620 δρας
2345 551 2700 604 συλλούεσθαι
2773 553 2990 620 γυναιξὶ
3054 553 3344 606 σκάνδαλον
3412 554 3554 622 μέγα
3603 557 3717 616 τοῖς

2154 641 2321 710 ὁρῶσι
2346 641 2503 693 τοῦτο
2525 640 2747 694 δύναται
2776 643 3044 710 ἐμποιεῖν.
3080 643 3137 694 ΕΞ
3167 645 3274 710 γὰρ
3298 642 3392 694 καὶ
3422 644 3454 710 ἡ
3487 644 3543 694 ἐν
3569 645 3717 712 οἰκίᾳ.

2153 733 2185 801 ἢ
2218 734 2275 784 ἐν
2305 731 2410 800 ὁδῷ
2441 733 2664 802 ἐντυχία
2695 734 2800 785 τῶν
2829 733 3105 800 γυναικῶν
3136 734 3308 802 ζάλην
3335 733 3412 802 τῷ
3464 733 3715 803 λογισμῷ

2151 821 2261 874 τῶν
2314 824 2752 892 ἐντυγχανόντων
2803 825 2994 885 αὑταῖς
3042 823 3251 892 ἀνδρῶν
3297 824 3374 885 ὡς
3424 825 3496 876 τὰ
3540 825 3716 877 πολλὰ

2153 915 2406 983 ἐμποιεῖ·
2442 917 2514 967 ’τὸ
2558 916 2783 976 ταύταις
2830 914 3183 968 συλλούεσθαι
3231 915 3349 977 πῶς
3390 915 3488 967 οὐκ
3527 916 3594 968 ἂν
3626 917 3716 968 τὶν

2152 1005 2278 1058 νοῦν
2315 1006 2427 1058 τῶν
2490 1007 2896 1077 συλλουομένων
2947 1010 3139 1068 αὑταῖς
3194 1008 3592 1072 κατεὸάπτισε,
3620 1010 3716 1060 καὶ

2153 1100 2234 1161 είς
2288 1099 2588 1168 ἐπιθυμίαν
2619 1101 2908 1170 ὴρέθισεν;
2942 1101 3001 1169 El
3033 1101 3090 1153 δὲ
3145 1101 3238 1152 καὶ
3290 1099 3407 1168 δοίη
3455 1113 3539 1162 τις
3591 1101 3717 1153 καθ’

2153 1190 2518 1261 ὑπόθεσιν⁴μὴ
2547 1191 2879 1260 βλάπτεσθαι
2923 1193 3051 1255 ἴσως
3086 1194 3257 1257 τινὰς,
3281 1193 3388 1244 κᾶν
3421 1189 3718 1243 συλλούωνέ

2151 1300 2239 1335 ται
2269 1284 2512 1352 γυναιξίν
2532 1299 2546 1315 ο
2579 1284 2715 1337 ἀλλά
2746 1300 2809 1351 γε
2837 1284 2899 1336 τὸ
2927 1284 3053 1347 τοὺς
3088 1283 3334 1353 ὁρῶντας
3357 1282 3521 1335 τοῦτο
3553 1299 3718 1335 σκανι-

2150 1373 2482 1439 δαλίζεσθαι,
2503 1377 2595 1428 καὶ
2629 1375 3060 1443 καταγινώσκειν
3085 1377 3194 1429 τῶν
3227 1376 3388 1428 τοῦτο
3415 1375 3715 1451 ποιούντων

2156 1467 2366 1520 πιστῶν
2417 1469 2495 1529 τίς
2529 1469 2592 1522 ἄν
2646 1485 2774 1520 ποτε
2817 1465 3071 1538 δυνηθείη
3125 1471 3320 1536 φυγεῖν
3347 1483 3362 1532 ;
3389 1468 3493 1520 Διὰ
3541 1467 3716 1520 ταῦτα

2151 1559 2331 1612 τοίνυν
2357 1562 2692 1628 ἀπαγορεύει
2724 1562 2879 1615 τοῦτο
2910 1565 2936 1612 ὁ
2962 1562 3139 1616 κανὼν
3178 1565 3312 1616 πᾶσι
3343 1564 3710 1632 Χριστιανοῖξ·

2150 1653 2270 1712 τοῖς
2315 1650 2371 1704 δέ
2419 1653 2575 1703 τοῦτο
2632 1653 2897 1717 ποιοῦσιν,
2930 1655 3222 1722 ἱερατικοῖς
3280 1656 3380 1723 μὲν
3433 1653 3570 1716 οὖσι,
3603 1657 3718 1716 τοῖς

2153 1744 2282 1814 περὶ
2315 1744 2376 1796 τὸ
2404 1744 2554 1814 βῆμα
2580 1745 2783 1816 δηλαδὴ
2819 1747 2913 1799 καὶ
2962 1746 3260 1819 κληρικοίς
3281 1728 3394 1808 τοῖς
3442 1747 3616 1809 ἄλλως
3657 1750 3716 1799 ὲν

487 1853 611 1894 esse
641 1839 882 1894 decernit
918 1858 930 1893 :
965 1840 1053 1909 qui
1086 1854 1213 1892 vero
1239 1839 1293 1892 id
1327 1839 1554 1892 fecerint
1580 1877 1595 1901 ,
1623 1838 1666 1892 si
1701 1838 1920 1908 quidem
1968 1853 2054 1891 sa-

2158 1838 2338 1907 κλήρῳ
2368 1839 2741 1908 τεταγμένοις,
2770 1839 3086 1909 καθαίρεσιν
3115 1840 3287 1908 ὁρίζει
3317 1841 3378 1891 τὸ
3408 1839 3711 1907 ἐπιτίμιον⁹

486 1930 622 1984 crati
661 1927 887 1994 fuerint,
924 1931 1026 1984 hoc
1051 1939 1154 1992 est,
1185 1945 1248 1983 ex
1280 1944 1466 1983 eorum
1507 1943 1736 1984 numero
1770 1929 1882 1999 qui,
1911 1929 2056 1983 circa

487 2035 702 2075 sacrum
737 2022 975 2075 tribunal
1007 2031 1294 2076 versantur
1315 2060 1328 2084 .
1358 2032 1453 2075 aut
1495 2021 1676 2076 clerici
1704 2059 1719 2082 ,
1767 2021 1868 2074 hoc
1927 2031 2011 2075 est
2037 2062 2054 2086 ,

487 2113 632 2169 clero
681 2129 1007 2184 quacunque
1057 2117 1269 2169 ratione
1340 2113 1604 2181 ascripti,
1665 2114 2047 2184 depositione:

490 2213 702 2261 ascctas
733 2222 858 2260 vero
889 2217 941 2261 et
981 2206 1148 2261 laieos
1185 2206 1562 2276 segregatione
1630 2206 1811 2273 pttniri
1868 2206 2044 2276 jubet.

491 2297 586 2353 Est
616 2314 778 2369 porro
803 2300 891 2352 hic
916 2314 1089 2353 canon
1119 2299 1259 2353 idem
1319 2313 1442 2352 cum
1493 2297 1810 2353 Laediceme
1855 2296 2044 2367 synodi
2086 2297 2368 2367 trigesimo
2394 2339 2410 2363 ,

492 2390 764 2464 mentione
797 2389 998 2444 editus.
1075 2409 1081 2414 ι

558 2479 787 2560 ARIS'i‘.
833 2497 851 2531 ι
883 2479 1228 2535 Christianus
1260 2496 1385 2535 cum
1414 2481 1737 2538 mulieribus
1766 2497 1872 2537 non
1901 2482 2048 2536 lava-

496 2591 516 2626 ι
553 2581 642 2626 tur
677 2590 689 2626 :
721 2573 954 2627 clericus
980 2575 1120 2625 enim
1156 2573 1483 2642 deponitur;
1527 2575 1698 2630 laicus
1745 2587 1922 2630 autem
1957 2591 2046 2631 se-

497 2683 516 2716 ι
553 2674 824 2737 gregatur.
866 2684 885 2715 ›
927 2664 1273 2734 Perspicnus.

1004 2755 1229 2810 CANON
1257 2756 1535 2814 LXXVIII.

497 2867 518 2902 ι
549 2849 700 2916 Quod
728 2857 946 2920 oportet
960 2864 1052 2904 eos
1074 2851 1162 2918 qui
1202 2851 1577 2905 illutninantur
1627 2851 1781 2906 fidem
1813 2849 2047 2918 discere,

571 2963 587 2993 ι
626 2952 678 2996 et
712 2943 898 3011 quinta
923 2942 1238 3010 septimana:
1269 2942 1403 2996 feria
1425 2942 1680 3013 episcopo
1713 2943 1794 2998 vel
1832 2944 2048 3016 presby-

572 3054 590 3084 ι
633 3034 766 3087 teris
798 3036 1134 3088 renuntiare.
1163 3055 1187 3087 α

569 3123 756 3180 BALS.
790 3123 1071 3190 Quomodo
1103 3127 1194 3196 qui
1228 3141 1416 3182 recens
1455 3137 1580 3184 sunt
1623 3129 1914 3184 illuminati
1960 3130 2054 3184 de-

499 3218 625 3271 bent
661 3217 817 3272 [idem
854 3218 1210 3274 orthodoxam
1237 3219 1455 3286 doceri,
1493 3235 1523 3274 a
1555 3221 1784 3276 diversis
1828 3222 2053 3276 canoni-

495 3309 597 3362 hus
625 3308 940 3362 didicimus.
969 3307 1214 3364 Praesens
1263 3319 1444 3366 autem
1477 3325 1654 3365 canon
1713 3311 1779 3365 iis
1825 3311 2051 3382 adjicit,

495 3401 654 3455 nobis
686 3401 930 3456 suﬂiccre
972 3417 1078 3456 non
1111 3403 1309 3458 debere
1357 3405 1686 3462 assertioncs
1722 3417 1912 3460 eorum
1957 3406 2050 3475 qui

496 3494 896 3557 illuminantur,
932 3494 1332 3570 aii’iruiantium,
1357 3513 1415 3551 se
1447 3505 1648 3552 rectam
1694 3497 1852 3551 ﬁdem
1881 3498 2053 3553 fuisse

496 3586 717 3639 edoctos
752 3598 766 3639 :
799 3584 1008 3640 sedens
1038 3575 1256 3655 quidem
1307 3597 1562 3658 oportere
1611 3604 1767 3644 sacra
1832 3590 2051 3644 oracula

496 3667 706 3732 discere
764 3678 893 3734 totis
932 3678 1125 3746 primis
1169 3687 1403 3748 quatuor
1449 3681 1644 3736 diebus
1688 3681 2052 3752 septimanae;

500 3770 690 3837 quinto
718 3780 895 3824 autem
933 3771 1020 3824 die
1049 3786 1112 3825 ea
1144 3773 1400 3841 episcopo
1424 3813 1439 3838 ,
1472 3774 1552 3828 vel
1600 3752 1672 3829 iis
1695 3777 1898 3844 quibus
1953 3776 2056 3832 hoc

498 3863 566 3913 ab
590 3861 682 3912 illo
711 3861 1077 3928 permittetur,
1109 3863 1320 3917 scilicet
1352 3866 1685 3930 catechistis,
1716 3869 2052 3923 renuntiaret

439 4021 450 4031 κ
499 3953 590 4006 Sic
616 3953 759 4007 enim
793 3953 1052 4009 facientes
1093 3956 1331 4024 perfecte
1381 3957 1858 4024 demonstrabant,
1904 3963 2049 4031 quod

501 4053 606 4096 tota
641 4047 820 4098 anima
855 4047 918 4099 ad
943 4045 1097 4100 fidem
1127 4048 1485 4102 orthodoxam
1513 4061 1860 4106 accesserunt
1880 4089 1895 4115 .
1923 4064 1975 4107 et
2000 4052 2054 4108 in

500 4135 704 4192 divinis
739 4137 855 4204 cjns
883 4138 1156 4208 mysteriis
1198 4139 1396 4192 initiati
1422 4179 1436 4201 ,
1463 4140 1705 4210 satisque
1747 4143 2054 4196 confirmati

502 4239 656 4285 sunt.
680 4227 792 4283 Hoc
823 4239 1132 4284 autemnon
1159 4233 1325 4286 semel
1360 4231 1579 4296 facient,
1614 4233 1708 4288 sed
1743 4249 1838 4301 per
1885 4245 2050 4290 totam

503 4324 613 4378 fere
649 4338 804 4378 suam
830 4324 1016 4377 vitam.
1063 4323 1308 4380 Praesens
1358 4333 1537 4380 autem
1605 4341 1780 4381 canon
1833 4329 2056 4384 omnino

501 4414 643 4466 idem
675 4421 758 4466 est
787 4427 910 4466 cum
942 4427 1148 4466 canone
1187 4412 1259 4466 45
1298 4412 1490 4468 svnodi
1523 4412 1864 4468 Laodiceam.

574 4583 822 4638 ZONAR.
852 4584 946 4640 Est
973 4585 1060 4640 hic
1090 4601 1264 4646 canon
1292 4587 1432 4642 idem
1463 4602 1588 4642 cum
1621 4585 1943 4642 Laodiceam
1973 4601 2062 4658 sy-

506 4677 632 4730 nodi
675 4675 1094 4746 quadragesimo
1125 4678 1284 4731 tertio
1318 4719 1332 4742 ,
1371 4679 1558 4734 iisdem
1602 4683 1835 4749 namque
1881 4679 2060 4734 verbis

507 4778 647 4821 inter
674 4767 810 4820 alios
843 4766 965 4836 ejus
997 4769 1190 4838 synodi
1225 4784 1461 4824 canones
1490 4782 1830 4825 recensetur.
1891 4769 2059 4826 Porro

504 4875 597 4913 eos
624 4858 715 4927 qui
756 4858 1159 4921 illuminantur,
1201 4858 1308 4917 hoc,
1341 4867 1468 4923 est,
1503 4861 1568 4912 ad
1603 4859 2055 4914 illuminationem
2101 4877 2109 4884 ·

505 4966 565 5004 se
599 4956 938 5016 comparant,
966 4957 1017 5001 et
1038 4946 1176 5000 inter
1209 4947 1641 5003 catechumenos
1686 4961 2059 5013 numerantur,

506 5041 762 5111 mysteria
801 5039 920 5092 lidei
953 5038 1219 5102 ediscere,
1249 5047 1303 5093 et
1337 5042 1529 5109 quinto
1563 5021 1794 5111 quoque
1831 5041 2062 5110 cujusli-

507 5134 595 5184 bt-t
618 5131 967 5185 hebdomadas
1007 5129 1116 5196 die,
1145 5126 1264 5201 qum
1295 5140 1407 5186 tota
1434 5131 1772 5188 hebdomada
1802 5132 2058 5198 didicere,

508 5225 757 5279 audiente
778 5227 1037 5295 episcopo
1071 5233 1162 5278 aut
1195 5226 1602 5292 sacerdotibus,
1634 5225 1798 5299 249
1830 5229 2060 5282 recitare

508 5317 677 5371 iul-ct.
705 5315 760 5369 Id
795 5332 924 5370 vero
956 5320 1027 5370 ita
1055 5318 1192 5381 lieri,
1226 5333 1294 5372 ne
1317 5319 1696 5391 mysteriorum
1742 5330 1942 5374 nostra:
1975 5331 2060 5408 re-

511 5411 724 5478 ligionis
749 5410 968 5479 ignaros
1001 5411 1201 5479 aliquis
1233 5411 1541 5482 baptizctur
1564 5455 1578 5478 ,
1604 5427 1665 5467 ac
1693 5413 1918 5483 proinde
1967 5428 2059 5482 pa-

512 5515 629 5551 rum
660 5501 869 5564 stabilis
900 5502 1274 5558 biPi‘CliCOi'ulll
1311 5507 1520 5560 artibus
1580 5523 1638 5562 se
1688 5521 1718 5559 a
1752 5517 1900 5561 rccto
1953 5515 2060 5559 tra-

511 5589 640 5642 mite
664 5591 868 5644 aufcrri
902 5593 1163 5648 abducive
1195 5597 1452 5665 patiatur.

573 5757 618 5788 ’°
649 5757 664 5810 ι
699 5757 823 5811 (lor.
853 5771 904 5821 t’,
937 5756 1027 5809 3‘2.

2155 1931 2421 1998 άσκηταίς
2450 1931 2506 1982 δὲ
2558 1931 2654 1984 καί⁵
2698 1932 2904 1993 λαῖκοίς
2934 1932 3130 1998 ἐπάγει
3180 1931 3507 2000 άφορισμόνδ
3543 1923 3715 1992 Οὗτος

2149 2021 2208 2074 δὲ
2243 2025 2268 2075 ὁ
2302 2025 2478 2075 κανὼν
2504 2024 2601 2094 τῆς
2640 2027 2698 2076 ἐν
2728 2023 3020 2093 Λαοδικείᾳ
3077 2023 3542 2092 συγκροτηθείσης
3593 2039 3718 2072 συν-

2147 2114 2265 2166 όδου
2299 2117 2618 2184 τριακοστὸς
2675 2117 2843 2180 ἐστιν,
2872 2116 2997 2169 ἄνευ
3044 2115 3152 2168 τῶν
3209 2114 3496 2184 ἐπιτιμίων
3536 2116 3716 2167 ἐκεῖσε

2150 2206 2514 2273 ὲκφωνηθείς.

2502 2300 2752 2368 quamvis
2809 2299 2918 2354 illic
3006 2301 3215 2369 absque
3265 2299 3371 2353 ulla
3429 2307 3717 2368 positarum

2151 2478 2390 2533 ’APIST.
2436 2496 2454 2528 ι
2491 2478 2814 2544 Χριστιανός
2841 2477 3085 2545 γυναιξὶν
3117 2480 3176 2531 οὐ
3207 2479 3542 2532 συλλούεται.
3575 2480 3724 2549 Κλη-

2231 2592 2249 2624 ‹
2299 2571 2448 2642 ρικδς
2479 2571 2578 2641 μὲν
2607 2571 2713 2639 γὰρ
2746 2569 3086 2642 καθαιρείται
3110 2587 3124 2601 ⁸
3153 2571 3339 2635 λαῖκὸς
3373 2571 3433 2625 δὲ
3464 2571 3721 2640 ἀφορίζε-

2231 2684 2250 2724 ι
2295 2681 2407 2718 ται.
2447 2683 2465 2714 ι
2505 2664 2711 2733 Σαφής.

2731 2754 2966 2807 ΚΔΝΩΝ
2999 2753 3124 2809 Ull'.
3663 2817 3668 2820 .

2159 2866 2178 2899 ι
2224 2848 2349 2901 Ὀτι
2382 2847 2464 2899 δεῖ
2491 2847 2616 2908 τοὺς
2650 2845 3058 2916 φυγτιζομένους
3097 2848 3195 2918 τὴν
3229 2847 3411 2901 πίστιν
3441 2848 3720 2918 ἐκμανθά-

2230 2959 2248 2992 ι
2291 2957 2424 2998 νειν.
2442 2940 2537 2992 καί⁸
2556 2943 2622 3004 τῇ
2651 2940 2878 3011 πέμπτῃ
2901 2940 2998 3008 τῆς
3028 2940 3320 3008 ἑϐδομάδος
3344 2943 3721 3010 ἀπαγγέλλειν

2187 3027 2190 3030 ’
2231 3051 2250 3082 ι
2292 3032 2371 3103 τῷ
2402 3031 2689 3102 ἐπισκόπῳ
2715 3031 2747 3103 ἢ
2775 3035 2888 3094 τοῖς
2920 3034 3343 3104 πρεσϐυτέροις.
3387 3055 3406 3087 ι
3614 3013 3624 3027 δ

2236 3125 2429 3178 ΒΑΔΣ.
2460 3126 2526 3177 Οί
2560 3127 2904 3191 νεοφώτιστοι
2962 3127 3109 3190 ὅπως
3155 3128 3434 3196 ὀφείλουσι
3464 3133 3718 3187 διδάσκε-

2159 3219 2285 3273 σθαι
2320 3218 2417 3288 τὴν
2455 3216 2734 3289 ὀρῦόδοξον
2784 3218 2988 3280 πίστιν,
3023 3219 3131 3272 ἀπὸ
3173 3220 3446 3291 διαφόρων
3475 3228 3720 3280 κανόνων

2157 3311 2450 3382 ἐμάθομεν.
2495 3310 2553 3363 '0
2601 3310 2659 3362 δέ
2705 3312 2898 3379 παρὼν
2937 3311 3118 3365 κανὼν
3155 3315 3484 3386 προστίθησι
3512 3320 3588 3390 μὴ
3621 3322 3718 3390 ἀρ-

2158 3407 2274 3459 κεῖν
2323 3405 2468 3474 ἡμᾶς
2501 3406 2618 3466 ταῖς
2652 3403 2979 3457 καταθέσεσι
3015 3406 3120 3458 τῶν
3152 3409 3568 3478 φωτιζομένων,
3603 3414 3720 3465 δια-

2158 3497 2560 3556 6ε6αιουμένων
2635 3493 3056 3566 ἀναδιδανοῆναι
3133 3499 3200 3553 τὰ
3274 3502 3374 3570 τῆς
3433 3502 3724 3571 ὀρθοδόξου

2159 3591 2390 3652 πίστεως
2413 3608 2427 3622 σ
2463 3590 2597 3644 ἀλλὰ
2634 3594 2924 3662 μανθάνειν
2961 3592 3059 3662 μὲν
3094 3593 3294 3655 αὐτοὺς
3316 3595 3385 3647 τά
3418 3597 3539 3665 ίερᾶ
3566 3596 3718 3664 λόγια

2159 3685 2224 3738 δι’
2254 3684 2390 3738 ὅλων
2427 3685 2537 3736 τῶν
2579 3685 2812 3756 πρώτων
2845 3687 3126 3756 τεσσάρων
3163 3689 3390 3758 ἡμερῶν
3437 3694 3538 3762 τῆς
3569 3692 3720 3746 ἐϐδο-

2161 3777 2348 3847 μάδος,
2377 3779 2516 3832 κατὰ
2544 3778 2600 3831 δέ
2636 3778 2735 3848 τὴν
2765 3780 3022 3847 πέμπτην
3051 3781 3424 3848 ἀπαγγέλλειν
3467 3784 3611 3837 αὐτὰ.
3640 3787 3720 3856 τῷ

2159 3868 2444 3939 ἐπισκόπῳ
2490 3869 2523 3924 ἦ
2570 3872 2682 3932 τοῖς
2727 3872 3266 3941 ἑπιτραπησομένοις
3314 3874 3722 3944 παρὰ-τούτου,

2159 3959 2326 4029 ἤγουν
2365 3965 2476 4021 τοῖς
2520 3966 2878 4032 κατηχηταῖς.
2925 3961 3082 4015 Οὕτω
3127 3963 3237 4032 γάρ
3287 3965 3567 4030 ποιοῦντες
3618 3967 3715 4021 δώ.

2162 4067 2345 4104 σουσιν
2376 4052 2560 4122 ἐντελῆ
2610 4053 3010 4123 πληρυιρορίαν,
3039 4055 3115 4116 ὡς
3144 4055 3426 4125 όλοψύχως
3461 4063 3526 4129 τῇ
3557 4061 3719 4129 6900-

2161 4141 2294 4212 δόξῳ
2333 4143 2507 4196 πίστει
2531 4144 2856 4214 προσῆλθον,
2880 4147 2974 4198 καὶ
3006 4148 3074 4198 τὰ
3104 4147 3220 4198 Osi;
3251 4149 3456 4219 ταύτης
3477 4152 3723 4222 ἐμυήθη-

2163 4252 2260 4288 σαν
2313 4239 2608 4308 μυστήρια,
2670 4239 2764 4292 καὶ
2820 4240 3017 4304 ἱκανῶς
3065 4241 3490 4312 ἐστηρίχϐησαν.
3545 4245 3719 4300 Τοῦτο

2160 4323 2214 4376 δὲ
2266 4325 2364 4393 οὐχ
2418 4325 2566 4391 ἅπαξ
2622 4328 2979 4397 ποιήσουσιν,
3036 4330 3169 4384 ἀλλὰ
3233 4335 3420 4401 σχεδὸν
3469 4333 3540 4386 δι’
3589 4335 3719 4406 ὅλης

2090 4417 2260 4496 Dei};
2322 4415 2465 4486 ζωῆς
2524 4419 2723 4474 αὐτῶν.
2783 4420 2844 4474 '0
2901 4424 3084 4491 μέντοι
3141 4423 3329 4494 παρὼν
3394 4427 3571 4482 κανὼν
3628 4435 3723 4497 μγ’

2161 4507 2308 4560 ἐστὶν
2338 4509 2756 4578 ἀπαράλλακτος
2787 4513 2887 4582 τῆς
2915 4517 2974 4567 ἐν
2999 4515 3290 4588 Λαοδικείᾳ
3318 4515 3563 4575 συνόδόυ.

2236 4597 2475 4655 ΖΩΝΑΡ.
2508 4593 2675 4664 Οὗτος
2702 4604 2730 4656 ὁ
2760 4603 2938 4656 κανὼν
2968 4604 3068 4675 τῆς
3091 4610 3148 4659 ἐν
3172 4607 3464 4682 Λαοδικείᾳ
3492 4613 3720 4666 συνόδου

2161 4689 2277 4741 ἐστὶ
2305 4695 2733 4762 τεσσαρακοστδς
2757 4696 2936 4764 τρίτος
2961 4713 2974 4728 ·
3001 4698 3185 4763 αὐτοῖς
3219 4700 3325 4770 γὰρ
3354 4704 3564 4773 ῥήμασι
3597 4703 3714 4768 τοῖς

2161 4780 2342 4845 ἄλλοις
2369 4785 2558 4836 κανόσι
2587 4785 2688 4853 τῆς
2719 4787 2938 4840 συνόδου
2980 4789 3196 4859 ἐκείνης
3238 4794 3713 4865 ἐγκατέστρωται.

2163 4872 2388 4932 Κελεύει
2413 4873 2471 4927 δὲ
2503 4876 2628 4938 τοὺς
2672 4877 3095 4948 φωτιζομένους,
3125 4883 3290 4952 ἡγουν
3319 4889 3445 4949 τοὺς
3488 4891 3628 4959 πρὸς
3651 4892 3713 4945 τὸ

2161 4962 2414 5032 φώτισμα
2479 4965 2936 5037 ὲτοιμαζομένους
2994 4973 3086 5024 καὶ
3141 4980 3589 5047 κατηχουμένους
3652 4983 3710 5035 τὸ
3798 5024 3812 5037 .

2162 5058 2455 5125 μυστήριον
2479 5055 2577 5124 τῆς
2604 5057 2837 5132 πίστεως
2871 5064 3234 5133 ἐκμανθάνειν
3264 5070 3358 5122 καὶ
3375 5073 3440 5141 τῇ
3481 5073 3712 5147 πέμπτῃ

2159 5145 2341 5216 ἡμέρᾳ
2369 5147 2606 5218 ἑκάστης
2637 5145 2928 5220 ἑϐδομάδος
2985 5155 3378 5224 ἀπαγγέλλειν,
3410 5161 3446 5216 ἃ
3485 5163 3574 5218 διὰ
3612 5145 3711 5235 τῆς

2159 5237 2449 5307 ἐδδομάδος
2492 5238 2714 5310 ἔμαθον,
2743 5242 2821 5312 τῷ
2870 5245 3150 5318 ἐπισκόπῳ
3183 5248 3216 5319 ἢ
3258 5254 3372 5315 τοῖς
3407 5257 3708 5322 πρεσϐυτέ-

2167 5346 2300 5400 ροις.
2337 5330 2507 5384 Τοῦτο
2533 5329 2588 5384 δὲ
2620 5332 2888 5402 γίνεσθαι,
2925 5336 3013 5390 ἵνα
3061 5339 3135 5410 μὴ
3166 5341 3412 5412 ἀμύητος
3451 5345 3543 5398 τοῦ
3587 5348 3713 5399 καθ’

2135 5424 2309 5490 ,ἡμᾶς
2341 5424 2638 5495 μυστηρίου
2673 5423 2748 5477 ὥν
2789 5442 2872 5489 τις
2912 5427 3207 5502 ﬂantum,
3239 5437 3336 5487 καὶ
3384 5437 3712 5507 άστήρικτος

2166 5513 2243 5566 ὢν
2273 5514 2378 5568 ὑπὸ
2403 5515 2692 5586 αίρετικῶν
2723 5518 2971 5591 ὑποσυρῇ
3009 5521 3103 5576 καὶ
3134 5523 3444 5598 ὑποκλαπῇ.
