4092 6214
442 326 538 390 781

678 562 681 565 ‘
748 563 770 598 ι
807 549 873 617 τῇ
916 540 1272 619 πέμπτῃαῆς
1301 547 1622 617 ἑϐδομάδος.
1659 564 1678 599 ι

509 638 607 689 Δεῖ
636 636 729 690 τὸν
760 642 1207 710 προσερχόμενον
1235 643 1313 713 τῷ
1346 641 1475 712 Θείῳ
1505 641 1837 710 φωτίσματι,
1869 641 2004 695 καθ-

435 725 510 789 ὼς
540 730 633 781 καὶ
661 730 690 781 ὁ
720 735 1157 802 τεσσαρακοστὸς
1209 734 1367 796 ἕκτος
1404 735 1585 789 κανὼν
1635 737 1735 805 τῆς
1774 737 1831 787 ἐν
1861 736 2002 787 Λαο-

434 818 613 891 δικείᾳ
641 824 862 876 συνόδου
909 825 1296 896 διαλαμϐάνει,
1337 830 1438 898 τὴν
1488 828 1677 882 πίστιν
1719 828 2002 897 ἐκμανθά-

434 929 567 975 νειν,
600 917 693 967 καὶ
720 920 786 988 τῇ
830 919 1058 993 πέμπτῃ
1085 922 1186 991 τῆς
1214 920 1532 989 ἑϐδομάδος,
1559 921 1683 976 καθ’
1714 922 1782 993 ἢν
1815 922 2005 992 μέλλει

433 1006 772 1078 φωτισθῆναι
800 1009 878 1079 τῷ
902 1013 1246 1085 ὲπισκόπῳῆ
1286 1015 1403 1078 τοῖς
1437 1014 1834 1084 πρεσϐυτέροις
1867 1014 2005 1067 ταύ-

431 1114 534 1170 την
562 1101 953 1171 ἀπαγγέλλειν.

1022 1201 1263 1256 ΚΑΝΩΝ
1298 1201 1420 1256 ΟΘ’.

440 1301 460 1334 ι
527 1284 842 1357 ’Λλόχευτον
893 1292 986 1347 τὸν
1044 1296 1109 1347 ὲκ
1161 1295 1258 1365 τῆς
1309 1296 1590 1367 Παρθένου
1651 1298 1795 1352 θεῖον
1846 1300 2004 1353 τόκον

513 1398 532 1429 ι
576 1381 988 1453 ὁμολογοῦντες,
1024 1387 1101 1451 ὡς
1126 1389 1223 1443 καὶ
1270 1390 1529 1460 ἀσπὸρως
1581 1396 1876 1455 συστάντα,
1909 1393 2005 1446 καὶ

508 1492 528 1526 ι
575 1476 741 1527 παντὶ
762 1477 840 1546 τῷ
863 1481 1101 1551 ποιμνίῳ
1128 1483 1519 1552 κηρύσσοντες.
1545 1485 1674 1548 τοὺς
1698 1484 1758 1549 ἐξ
1778 1486 2004 1553 ἀγνοίας

484 1586 528 1617 ι(
579 1569 918 1638 πράττοντας
958 1589 1010 1625 τι
1046 1574 1155 1627 τῶν
1188 1576 1247 1627 οὐ
1284 1575 1512 1628 δεόντων
1552 1575 1836 1647 διορθώσει
1867 1576 2004 1631 καθ-

509 1680 527 1711 ι
575 1662 976 1733 υποϐάλλομεν.
1035 1665 1219 1731 Ὅθεν,
1282 1669 1468 1739 ἐπειδή
1528 1687 1674 1732 τινες
1718 1669 1858 1738 μετὰ
1901 1671 2003 1738 τὴν

509 1771 529 1803 ‹
574 1753 787 1821 ἡμέραν
844 1755 948 1825 τῆς
1010 1756 1173 1823 ἁγίας
1228 1759 1468 1829 Χριστοῦ
1518 1758 1614 1811 τοῦ
1668 1756 1805 1810 Θεοῦ
1845 1758 2003 1828 ἡμῶν

510 1865 529 1898 ι
572 1850 886 1919 γεννήσεως
940 1850 1249 1904 δείκνυνται
1300 1852 1582 1923 σεμίδαλιν
1623 1852 1866 1921 ἕψοντες,
1909 1851 2004 1904 καὶ
2037 1836 2079 1891 Β

509 1958 528 1987 r
572 1941 777 2011 ταύτης
802 1942 1057 2013 ἀλλήλοις
1097 1946 1500 2015 μεταδιδόντες,
1532 1946 1805 2016 προφάσει
1836 1947 2001 2015 τιμῆς

509 2051 528 2083 ι
573 2033 735 2103 δῆθεν
767 2034 995 2104 λοχειῶν
1028 2038 1127 2107 τῆς
1171 2039 1443 2109 ἁχρὰντου
1485 2040 2001 2110 Παρθενομὴτορος,

510 2144 528 2175 ι
580 2125 842 2196 ὁρίζομεν
874 2128 1043 2196 μηδὲν
1071 2131 1313 2183 τοιοῦτον
1359 2131 1463 2185 ὑπὸ
1517 2131 1627 2184 τῶν
1678 2130 1889 2185 πιστῶν
1919 2149 2005 2183 τε-

512 2237 531 2269 (
576 2217 809 2273 λεῖσθαι.
862 2221 935 2273 Οὐ
968 2222 1078 2293 γὰρ
1108 2226 1241 2293 τιμή
1296 2240 1361 2293 γε
1396 2224 1555 2277 τοῦτο
1600 2228 1665 2296 τῇ
1720 2223 2002 2296 Παρθένῳ,

436 2308 439 2311 “
509 2331 528 2363 ι
577 2315 640 2382 τῇ
676 2313 813 2384 ὑπὲρ
850 2312 973 2366 νοῦν
1004 2316 1099 2367 καὶ
1126 2314 1288 2383 λόγον
1319 2317 1410 2369 τὸν
1440 2316 1728 2388 ἀχὼρητον
1767 2322 2004 2391 τεκούσῃ

508 2423 529 2456 ι
576 2405 747 2473 Λόγον
791 2407 980 2476 σαρκὶ,
1008 2408 1071 2459 ἐκ
1098 2407 1209 2460 τῶν
1235 2409 1433 2463 κοινῶν
1467 2427 1526 2462 τε
1557 2411 1651 2462 καὶ
1679 2410 1808 2463 καθ’
1852 2413 2005 2481 ἡμᾶς

510 2516 529 2549 ι
577 2499 718 2552 κατὰ
762 2499 855 2552 τὸν
900 2499 1183 2570 ἄφραστον
1232 2501 1403 2573 αὐτῆς
1457 2502 1615 2599 τόκον
1648 2506 1850 2573 ὁρίζειν
1909 2506 2005 2561 καὶ

507 2608 526 2641 ι
575 2592 935 2659 ὑπογράφειν.
969 2594 1034 2645 Εἴ
1072 2611 1158 2658 τις
1204 2592 1299 2649 οὖν
1328 2596 1436 2649 ἀπὸ
1477 2592 1581 2650 τοῦ
1604 2596 1699 2651 νῦν
1750 2601 2005 2667 πράττων

507 2702 525 2733 ι
572 2685 785 2736 τοιοῦτο
845 2685 1147 2753 φωραθείη,
1177 2688 1224 2739 εί
1284 2689 1384 2758 μὲν
1442 2689 1697 2759 κληρικδς
1729 2691 1838 2761 εἴη,
1873 2692 2006 2745 καθ-

507 2797 524 2827 ι
570 2777 830 2846 αιρείσθω
858 2792 871 2805 ⁸
915 2781 965 2832 εἰ
995 2780 1051 2832 δὲ
1081 2779 1288 2845 λαῖκὺς,
1328 2780 1694 2853 άφοριζέσθω.
1735 2804 1754 2836 ι

521 2936 1029 3023 ΒΑΛΣίΜαθόντες
1057 2961 1107 3013 οἱ
1135 2960 1280 3029 ἆγιοι
1317 2963 1560 3034 Πατέρες
1604 2966 1685 3018 ὅτι
1732 2966 1876 3031 τινὲς
1919 2967 2006 3022 διὰ

432 3051 600 3120 τιμὴν
635 3052 724 3120 τῆς
762 3052 1037 3121 ἀχράντου
1071 3055 1373 3124 Δεσποίνης
1404 3055 1562 3125 ἡμῶν
1612 3058 1707 3110 καὶ
1736 3058 2002 3114 Θεοτόκου

1414 332 1495 393 IN
1540 330 1704 393 CAN.
1746 330 1990 393 LXXIX
2023 331 2233 392 CONC.
2278 332 2361 391 IN
2401 333 2718 394 TPUI.LO.

436 404 666 505 ΑΡΙΣτῖ
721 468 741 504 ι
786 450 851 507 '0
889 454 1184 522 φωτιαθεὶς
1225 456 1325 527 τὴν
1381 455 1569 508 πίστιν
1608 452 2006 523 ἀπαγγελλέτω

2179 450 2409 506 ΑΒΓδΤ.
2448 471 2464 503 ι
2510 452 2850 511 llluminatus
2894 454 3082 525 quinta
3135 456 3490 517 hebdomadis
3542 434 3674 518 feria

3569 340 3675 405 περ

2113 558 2134 590 σ
2177 540 2335 596 tidem
2371 544 2665 598 renuntiet.
2706 564 2727 597 ι

2178 632 2313 687 Eum
2346 634 2440 703 qui
2468 634 2708 689 divinam
2742 638 2855 691 adit
2882 638 3359 707 illuminationem,
3383 652 3515 700 utet
3537 661 3644 716 qua
3662 679 3676 688 -

2106 721 2445 795 dragesimus
2471 735 2660 783 sextus
2688 730 2880 799 synodi
2912 728 3276 787 'Laodicensis
3334 749 3513 790 canon
3558 750 3674 793 su-

2109 823 2238 882 tuit,
2274 819 2436 874 ﬁdem
2476 832 2690 891 oportet
2723 824 2957 890 discere,
2986 837 3041 879 et
3072 828 3262 897 quinta
3296 812 3673 897 hebdomadis,

2106 925 2215 979 qua
2243 910 2637 965 illun‘iinandus
2656 923 2763 977 est,
2788 914 2945 978 feria,
2980 931 3101 971 eam
3132 916 3388 987 episcopo
3419 929 3512 974 aut
3555 936 3674 990 pre-

2109 1004 2344 1073 sbyteris
2371 1005 2710 1062 renuntiare.

2635 1192 2859 1247 CANON
2891 1194 3130 1249 LXXIX.

2112 1299 2131 1330 ι
2186 1282 2409 1352 Absque
2469 1289 2754 1353 puerperio
2797 1289 2998 1341 editum
3046 1305 3110 1344 ex
3155 1290 3377 1357 Virgine
3424 1293 3672 1348 divinum

2187 1394 2205 1427 ι
2249 1388 2463 1446 partum
2514 1394 2635 1434 esse
2680 1382 3041 1446 confitentes,
3093 1396 3147 1436 ut
3193 1387 3283 1453 qui
3318 1385 3436 1440 sine
3466 1388 3678 1442 semine

2186 1490 2204 1522 ι
2250 1471 2586 1526 constitutus
2618 1473 2709 1534 sit,
2744 1473 2908 1543 idque
2941 1476 3035 1529 toti
3064 1479 3210 1545 gregi
3237 1479 3629 1533 annuuliantes
3660 1521 3674 1543 ,

2185 1581 2204 1613 ι
2250 1579 2345 1619 eos
2379 1565 2472 1634 qui
2508 1580 2573 1619 ex
2608 1566 2915 1635 ignorantia
2956 1568 3160 1623 faciunt
3189 1571 3334 1638 quod
3362 1586 3467 1625 non
3498 1571 3676 1637 decet,

2183 1661 2575 1714 «correctioni
2635 1661 2978 1730 subjicimus.
3031 1662 3233 1728 Quare,
3261 1665 3518 1733 quoniam
3573 1665 3679 1721 ali-

2191 1748 2211 1804 i
2256 1767 2397 1821 quos
2425 1760 2547 1823 post
2582 1764 2782 1809 sanctae
2802 1754 3009 1811 Christi
3042 1756 3134 1810 Dei
3166 1759 3337 1812 nostri
3373 1758 3677 1813 nativitatis

2183 1864 2202 1896 ι
2250 1845 2393 1900 diem
2425 1846 2659 1901 similam
2692 1862 2931 1917 coquere
2959 1857 3298 1919 compertum
3332 1858 3435 1914 est,
3472 1858 3524 1905 et
3554 1866 3671 1905 eam
3722 1884 3726 1889 -

2181 1922 2352 1991 {sibi
2385 1938 2615 1993 invicem
2654 1939 2919 2009 lmpartiri
2946 1983 2961 2007 ,
3012 1941 3236 1995 honoris
3291 1941 3503 1996 scilicet
3543 1958 3678 2009 prae-

2190 2052 2209 2083 ι
2256 2041 2405 2086 textu
2457 2035 2727 2103 puerperii
2790 2033 3086 2102 impolluta:
3149 2033 3384 2102 Virginis
3440 2033 3677 2101 Matris;

2185 2145 2205 2178 ‹
2250 2125 2565 2191 statuimus,
2592 2134 2649 2178 ut
2682 2126 2941 2194 deinceps
2972 2127 3106 2180 nihil
3146 2127 3251 2181 tale
3282 2127 3371 2179 liat
3419 2143 3445 2178 a
3501 2126 3677 2183 ﬁdeli-

2124 2248 2129 2253 -
2183 2238 2203 2271 c
2250 2219 2374 2275 bus.
2404 2218 2589 2287 Neque
2629 2219 2773 2274 enim
2813 2220 2919 2275 hoc
2946 2221 3122 2275 honor
3160 2232 3243 2276 est
3268 2221 3513 2291 Virgini,
3557 2240 3679 2293 qure

2182 2330 2203 2363 ι
2252 2326 2416 2381 supra
2453 2322 2690 2366 mentem
2721 2321 2772 2365 et
2828 2327 3179 2379 sermonem,
3235 2316 3379 2386 (μίοά
3426 2334 3680 2389 compre-

2183 2422 2203 2456 ι
2252 2404 2414 2459 bendi
2446 2420 2553 2459 non
2586 2412 2790 2473 potest,
2820 2404 3057 2462 Verbum
3108 2412 3318 2477 peperit
3372 2428 3538 2467 carne
3561 2455 3576 2479 ,
3608 2431 3676 2471 ex

2183 2519 2202 2551 ι
2254 2498 2661 2560 communibus,
2697 2506 2752 2551 et
2785 2499 2854 2552 iis
2894 2510 3013 2568 quae
3038 2500 3090 2553 iu
3140 2503 3300 2559 nobis
3339 2504 3473 2560 [lunt
3510 2551 3524 2570 ,
3562 2509 3679 2563 ine-

2184 2608 2203 2641 ι
2253 2589 2581 2643 narrabilcm
2610 2590 2735 2657 ejus
2773 2601 2983 2659 partum
3004 2591 3232 2646 delinire
3260 2610 3323 2650 ac
3345 2598 3674 2655 describere.

2184 2701 2203 2734 ι
2248 2681 2304 2736 Si
2340 2684 2466 2752 quis
2510 2699 2641 2753 ergo
2682 2685 2937 2754 deinceps
2993 2686 3093 2740 hoc
3155 2690 3331 2742 lacere
3387 2668 3679 2761 aggressus

2187 2797 2207 2829 ι
2255 2779 2437 2844 fuerit,
2475 2779 2521 2851 si
2555 2781 2625 2834 sit
2666 2780 2888 2849 quidem
2918 2781 3155 2837 clericus
3182 2824 3197 2848 ,
3225 2783 3531 2857 deponatur
3561 2803 3577 2841 :
3631 2788 3678 2844 si

2183 2889 2203 2922 ι
2253 2887 2379 2925 vero
2408 2871 2602 2936 laicus,
2649 2879 2982 2940 segregetur.

2178 2962 2374 3017 BALS.
2404 2964 2542 3018 Cum
2589 2963 2983 3020 intellexissent
3031 2968 3210 3022 sancti
3256 2969 3486 3037 Patres,
3533 2974 3679 3044 quod

2109 3058 2328 3125 quidam
2355 3064 2576 3126 propter
2604 3058 2866 3112 honorem
2892 3058 3192 3129 impollutae
3211 3060 3453 3119 Dominae
3479 3077 3681 3123 nostra

433 3144 750 3214 ἑορτάζουσι
797 3146 935 3215 μετὰ
995 3148 1126 3217 μίαν
1176 3147 1394 3219 ἡμέραν
1429 3154 1529 3218 τῆς
1577 3153 1882 3221 γεννήσεως
1908 3153 2002 3207 τοῦ

2114 3159 2167 3205 et
2196 3149 2460 3220 Deiparaa,
2488 3158 2611 3220 post
2641 3165 2814 3213 unum
2843 3150 2986 3206 diem
3022 3154 3219 3229 natalis
3254 3154 3343 3210 Dei
3378 3166 3432 3211 et
3482 3156 3679 3215 Serva-

429 3236 565 3290 Θεοῦ
606 3230 699 3291 καὶ
729 3239 981 3308 Σωτῆρος
1028 3240 1187 3310 ἡμῶν
1234 3240 1411 3312 Ἰησοῦ
1457 3245 1696 3315 Χριστοῦ
1728 3247 1798 3299 τά
1824 3247 2006 3301 ἐπιλό-

432 3345 554 3398 χεια
579 3328 785 3397 ταύτης
835 3328 974 3399 μετὰ
1011 3326 1343 3401 σεμιδάλεως
1397 3332 1606 3402 ὲψητῆς
1654 3334 1751 3387 καὶ
1803 3336 2008 3407 ἑτέρων

430 3421 597 3473 τινῶν
644 3421 822 3486 εἱδῶν,
872 3422 1079 3495 ὥρισαν
1128 3419 1325 3495 μηκέτι
1365 3426 1528 3480 τοῦτο
1561 3428 1812 3495 γίνεσθαι
1860 3434 2010 3503 παρά

428 3515 541 3566 τῶν
566 3515 929 3586 Χριστιανῶν.
964 3518 1068 3570 Τὸν
1096 3518 1203 3589 γὰρ
1248 3519 1425 3584 τόκον,
1475 3526 1633 3589 φασὶ,
1666 3524 1764 3594 τῆς
1789 3523 2007 3594 Θεομή-

429 3624 588 3677 τορος
640 3608 1013 3677 ὁμολογοῦμεν
1074 3610 1148 3681 μὴ
1206 3612 1450 3665 τοιοῦτον
1495 3614 1774 3680 γενέσθαι,
1825 3617 2009 3681 καθὼς

430 3700 584 3771 παρὰ
634 3701 744 3753 τῶν
782 3700 983 3754 λοιπῶν
1006 3703 1286 3769 γυναικῶν
1334 3705 1561 3773 γίνεται,
1598 3707 1735 3761 ἀλλὰ
1786 3709 2010 3779 ἀλόχευ-

429 3808 559 3845 τον·
595 3792 678 3845 ὅτι
727 3795 821 3847 καὶ
861 3794 898 3863 ἡ
945 3793 1209 3865 σύλληψις
1235 3795 1377 3867 ὑπὲρ
1427 3797 1588 3866 φύσιν
1624 3801 1718 3852 καὶ
1742 3802 1806 3853 ἐκ
1835 3801 2004 3875 Πνεῦ-

433 3902 602 3956 ματος
650 3884 810 3954 ἁγίου
859 3886 1098 3955 ἐγένετο.
1131 3889 1211 3959 Τῇ
1263 3889 1395 3957 γοῦν
1425 3890 1500 3961 μὴ
1544 3890 1747 3962 γνούσῃ
1785 3892 2005 3962 λοχείαν

432 3978 551 4042 πῶς
598 3981 760 4052 ἡμεῖς
835 3982 903 4033 τά
951 3981 1061 4034 τῶν
1107 3980 1482 4052 λοχευομένων
1544 3983 2001 4055 διαπραξόμεθας

428 4073 597 4127 Ὅθεν
622 4073 721 4127 οὐκ
751 4073 866 4127 ἐστι
892 4073 1053 4129 τοῦτο
1081 4074 1218 4145 τιμὴ
1250 4076 1349 4148 τῆς
1372 4076 1535 4145 ἁγίας
1572 4077 1873 4146 Παρθένου,
1905 4080 2005 4149 τῆς

431 4164 571 4234 ὑπὲρ
601 4164 727 4217 νοῦν
749 4164 845 4219 καὶ
868 4164 1025 4234 λόγον
1048 4163 1319 4235 τεκούσης
1347 4165 1439 4217 τὸν
1469 4163 1605 4217 Θεὸν
1637 4166 1809 4232 Λόγον
1838 4167 2006 4235 σαρκὶ

431 4255 560 4310 ἄνευ
596 4256 800 4312 ὠδίνων
836 4256 1141 4328 μητρικῶν.
1173 4255 1488 4309 Κάντεῦθεν
1513 4257 1575 4310 οὺ
1610 4258 1714 4327 χρὴ
1761 4261 1828 4311 τά
1863 4254 2007 4328 ὑπὲρ

434 4349 601 4419 φύσιν
664 4351 1076 4415 συνεξισοῦσθαι
1137 4353 1251 4414 τοῖς
1313 4352 1455 4404 κατὰ
1514 4352 1700 4421 φύσιν,
1750 4354 1844 4406 καὶ
1894 4347 2007 4407 οἷον

431 4441 742 4496 κοινοῦσθαι
796 4443 992 4508 ταῦτα,
1021 4445 1115 4498 καὶ
1165 4444 1230 4497 ἐκ
1268 4442 1381 4496 τῶν
1426 4444 1545 4497 καθ’
1588 4445 1736 4515 ἡμᾶς
1784 4444 2003 4512 γεωδῶν

2114 3245 2250 3298 toris
2277 3246 2450 3297 nostri
2479 3241 2607 3298 Jesu
2631 3242 2857 3308 Christi,
2887 3243 3005 3312 ejus
3030 3248 3377 3316 puerperium
3402 3249 3683 3307 celebrant

2110 3348 2233 3389 cum
2266 3343 2421 3389 cocta
2468 3334 2648 3390 simila
2700 3346 2753 3390 et
2805 3337 3133 3407 quibusdam
3192 3340 3313 3396 aliis
3354 3346 3676 3412 speciebus;

2113 3432 2424 3479 statuerunt
2458 3425 2560 3479 hoc
2589 3440 2619 3479 a
2644 3424 2972 3481 Christianis
3002 3444 3109 3482 non
3140 3444 3265 3485 esse
3316 3431 3547 3501 amplius
3594 3434 3677 3489 fa-

2110 3518 2384 3571 ciendum.
2420 3517 2511 3572 Dei
2544 3517 2729 3572 Matris
2768 3518 2909 3571 enim
2942 3510 3175 3589 partum,
3212 3522 3484 3593 inquiunt,
3512 3527 3677 3582 talem

2112 3625 2218 3663 non
2253 3607 2421 3681 fuisse
2448 3608 2784 3678 proﬁtemur,
2818 3613 3272 3680 quemadmodum
3305 3632 3333 3670 a
3367 3619 3592 3686 reliquis
3616 3620 3675 3673 fit

2110 3699 2458 3764 mulieribus,
2501 3700 2595 3755 sed
2632 3702 2836 3771 absque
2873 3703 3159 3771 puerperio
3201 3706 3505 3773 :quouiam
3547 3723 3679 3762 rcu-

2108 3794 2287 3860 ccptio
2318 3800 2373 3849 et
2408 3808 2575 3864 supra
2606 3802 2855 3847 naturam
2882 3804 2935 3847 et
2965 3809 3029 3849 ex
3058 3809 3250 3849 sancto
3279 3796 3484 3864 Spiritu
3534 3798 3679 3853 facta

2110 3894 2216 3939 est.
2246 3885 2308 3939 Ei
2343 3901 2496 3957 ergo,
2523 3902 2646 3955 quae
2676 3887 3021 3956 puerperium
3062 3903 3166 3940 non
3202 3889 3371 3953 novit,
3404 3893 3678 3957 quomodo

2112 3991 2212 4030 nos
2236 3992 2300 4031 ea
2331 3993 2450 4046 qua:
2476 3978 2542 4032 ad
2594 3993 2893 4048 puerperas
2950 3978 3224 4047 pertinent
3268 3983 3681 4051 percgerimns?

2109 4070 2290 4136 Quare
2334 4086 2439 4124 non
2481 4082 2566 4149 est
2615 4072 2717 4125 hoc
2756 4071 2931 4126 honor
2974 4080 3181 4126 sanctae
3233 4072 3506 4143 Virginis,
3558 4092 3680 4143 qua:

2112 4176 2274 4232 supra
2314 4150 2557 4216 mentem
2587 4172 2641 4216 et
2683 4177 2986 4217 sermonem
3024 4164 3190 4217 Deum
3241 4162 3477 4219 Verbum
3516 4182 3680 4236 pepe-

2115 4254 2182 4309 rit
2216 4270 2399 4319 carne,
2435 4256 2643 4325 absque
2670 4256 2796 4311 ullis
2821 4257 3081 4311 maternis
3118 4257 3171 4309 in
3192 4266 3347 4325 partu
3378 4259 3677 4315 doloribus.

2110 4347 2377 4413 Quocirca
2409 4364 2518 4403 non
2547 4357 2760 4419 oportet
2788 4366 2870 4415 ea,
2914 4366 3033 4420 qua:
3058 4358 3187 4404 sunt
3218 4368 3379 4421 supra
3404 4360 3679 4416 naturam,

2116 4442 2202 4505 iis,
2235 4458 2356 4511 qua:
2387 4451 2514 4496 sunt
2545 4443 2847 4497 secundum
2888 4453 3160 4507 naturam,
3200 4460 3507 4525 exzequarc,
3539 4454 3589 4500 et
3614 4462 3679 4499 ea

431 4533 872 4604 ὑπογράφεσθαι.
905 4535 1099 4588 Τοίνυν
1127 4535 1221 4589 καὶ
1251 4534 1587 4605 διορίζονται
1630 4536 1722 4588 τὸν
1759 4534 2004 4588 τοιοῦτόν

2114 4536 2275 4591 veluti
2303 4535 2615 4611 communia
2652 4536 2900 4602 reddere,
2933 4555 2994 4591 ex
3027 4537 3336 4608 nostrisque
3393 4542 3679 4594 terrestri-

429 4646 487 4681 τι
534 4630 863 4698 ποιήσαντα,
912 4629 1177 4700 κληρικδν
1234 4630 1334 4699 μὲν
1385 4628 1539 4693 ὂντα,
1599 4630 2004 4698 καθαιρεῖσθαι,

430 4722 623 4775 λαῖκδν
658 4722 739 4784 δὲ,
770 4722 1155 4793 ἀφορίζεσθαι.
1191 4723 1291 4777 Διά
1316 4739 1400 4775 τοι
1435 4723 1595 4775 τοῦτο
1642 4722 1736 4775 καὶ
1764 4722 2004 4793 Χριστοῦ

430 4820 615 4887 χάριτι
644 4816 780 4879 τέως
808 4818 888 4880 είς
916 4815 1125 4886 ταύτην
1153 4814 1252 4888 τὴν
1290 4815 1401 4869 τῶν
1442 4815 1653 4868 πόλεων
1683 4815 2001 4885 βασιλεύου-

431 4924 535 4959 σαν
590 4906 746 4958 οὒδέν
793 4923 849 4958 τι
895 4904 1166 4975 τολμᾶται
1212 4900 1460 4958 τοιοῦτον
1485 4904 1637 4974 παρά
1673 4920 1836 4968 τινος,
1872 4904 2009 4959 ἀλλὰ

434 4999 575 5069 μετὰ
606 5000 706 5069 τὴν
750 4998 990 5071 ἄρρητον
1023 4998 1279 5067 γέννησιν
1327 4995 1423 5049 τοῦ
1452 4996 1692 5068 Χριστοῦ
1732 4997 1828 5050 καὶ
1871 4995 2007 5048 Θεοῦ

429 5091 592 5163 ἡμῶν
618 5091 870 5161 ἑορτάζει
896 5090 957 5144 τὸ
988 5092 1266 5162 πλήρωμα
1313 5090 1424 5142 τῶν
1471 5089 1680 5143 πιστῶν
1712 5090 1779 5141 τὰ
1812 5089 2005 5141 emta.

426 5203 555 5257 χειά
584 5186 685 5256 τῆς
733 5187 1040 5258 ὑπεραγίας
1072 5186 1340 5240 θεοτόκου
1373 5185 1463 5239 διὰ
1505 5185 1664 5239 θείων
1707 5185 2009 5255 ψαλμῳδη-

432 5282 624 5353 μάτων
658 5282 751 5335 καὶ
782 5282 1056 5352 ὑμνῳδίας
1085 5280 1582 5351 ἐκκλησιαστικῆς.

502 5374 747 5428 ΖΩΝΑΡ.
804 5372 985 5437 Τινὲς,
1033 5372 1320 5435 δοκοῦντες
1370 5372 1452 5432 εἰς
1503 5371 1668 5444 τιμὴν
1702 5373 1802 5443 τῆς
1849 5371 2011 5441 ἁγίας

431 5467 717 5540 Παρθένου
746 5466 843 5520 καὶ
868 5466 1211 5538 Θεομήτορος
1245 5468 1421 5519 ποιεῖν
1453 5483 1527 5530 τι,
1564 5468 1629 5538 τῇ
1659 5466 1791 5535 ἑξῆς
1824 5465 2011 5538 ἡμέρᾳ

432 5561 575 5631 μετὰ
604 5560 706 5631 τὴν
733 5558 927 5631 ἑορτὴν
957 5560 1058 5629 τῆς
1095 5558 1258 5628 ἁγίας
1300 5558 1611 5629 γεννήσεως
1637 5557 1734 5611 τοῦ
1768 5558 2006 5629 Χριστοῦ

427 5658 652 5712 ἐποίουν
692 5656 837 5719 τινὰ,
880 5652 969 5710 οἷα
1023 5656 1119 5709 ἐπὶ
1181 5655 1297 5717 ταῖς
1336 5654 1721 5724 λοχευρμέναις
1763 5654 2006 5721 γίνονται

426 5747 669 5818 γυναιξί.
707 5746 897 5803 Ταῦτα
927 5746 1021 5801 οῦν
1062 5746 1262 5802 κωλύει
1312 5745 1559 5814 γίνεσθαι
1591 5746 1620 5798 ὁ
1658 5743 1853 5815 παρὼν
1904 5762 2007 5799 κα-

432 5839 565 5906 νὼν,
594 5838 888 5910 ἀλόχευτον
947 5834 1087 5894 εἶναι
1130 5838 1304 5906 λέγων
1348 5836 1439 5891 τὸν
1489 5836 1648 5892 τόκον
1694 5837 1795 5904 τῆς
1846 5837 2009 5906 ἁγίας

2115 4630 2217 4685 bus
2243 4612 2553 4684 describere
2583 4638 2636 4684 et
2667 4629 2865 4685 metiri.
2899 4630 3155 4685 Statuunt
3181 4647 3312 4703 ergo
3339 4675 3354 4700 ,
3384 4640 3442 4686 ut
3473 4634 3566 4703 qui
3599 4644 3685 4688 est
3746 4630 3750 4634 ’

2110 4722 2214 4777 hoc
2249 4720 2513 4787 facturus,
2552 4722 2596 4777 si
2627 4722 2697 4777 sit
2722 4722 2944 4795 quidem
2995 4725 3233 4778 clericus
3258 4766 3272 4789 ,
3327 4726 3632 4797 deponatur
3661 4745 3677 4791 ;

2112 4815 2195 4869 sin
2222 4829 2352 4870 vero
2385 4815 2580 4880 laicus,
2614 4825 2949 4887 segregetur.
2985 4816 3134 4871 Hanc
3161 4834 3289 4887 ergo
3323 4819 3391 4871 ob
3417 4834 3638 4875 causam
3665 4859 3680 4880 .

2111 4906 2319 4962 Christi
2354 4905 2446 4961 Dei
2484 4910 2679 4976 gratia.
2711 4907 2766 4967 in
2795 4909 2896 4964 hac
2929 4911 3144 4964 urbium
3171 4910 3357 4980 regina
3389 4925 3549 4964 nemo
3577 4911 3680 4965 tale

2113 5002 2391 5071 quidpiam
2418 5001 2581 5055 audet
2612 5003 2790 5057 facere
2820 5003 2963 5058 :vsed
3000 5011 3120 5071 post
3169 5001 3492 5056 inell‘abilem
3529 5000 3687 5055 Chri-

2114 5095 2184 5149 sti
2226 5095 2318 5149 Dei
2353 5096 2523 5150 nostri
2553 5097 2915 5161 nativitatem,
2950 5095 3189 5149 ﬁdelium
3221 5103 3396 5150 cattus
3445 5095 3684 5149 sanctis-

2113 5188 2266 5242 simae
2295 5188 2537 5259 Deipara:
2566 5187 2761 5243 festum
2786 5188 3048 5267 ‘celehrat
3087 5187 3291 5243 divinis
3318 5186 3553 5242 canticis
3585 5187 3681 5259 by-

2116 5280 2367 5349 mnisque
2396 5280 2803 5336 ecclesiasticis.

2186 5370 2438 5427 ZONAB.
2473 5373 2757 5445 Nonnulli,
2792 5390 2851 5430 se
2888 5374 3029 5427 ineo
3067 5388 3283 5444 semper
3335 5371 3572 5444 Virginis
3624 5391 3689 5434 ac

2116 5464 2210 5519 Dei
2248 5462 2434 5519 Matris
2468 5464 2664 5531 honori
2698 5466 2899 5537 aliquid
2931 5464 3141 5522 deferre
3172 5465 3546 5520 existimantes
3576 5468 3687 5527 die.

2114 5554 2207 5624 qui
2250 5563 2497 5608 sanctam
2531 5555 2737 5610 Christi
2769 5558 2971 5612 natalis
3035 5556 3383 5613 festivitatem
3441 5563 3689 5626 proxime

2113 5644 2497 5716 consequitur,
2538 5649 2780 5718 quadam
2814 5648 2998 5705 facere
3033 5648 3178 5703 soliti
3206 5657 3356 5714 sunt,
3381 5665 3445 5703 ex
3480 5650 3546 5704 iis
3568 5665 3689 5717 qua:

2117 5742 2174 5797 in
2206 5741 2436 5795 aliarum
2466 5755 2681 5810 quoque
2712 5741 2999 5795 mulierum
3026 5741 3315 5813 puerperio
3344 5742 3427 5813 agi
3456 5755 3685 5798 consuc-

2117 5849 2260 5891 vcre.
2312 5834 2417 5889 Eas
2467 5850 2555 5890 res
2607 5834 2767 5905 igitur
2816 5834 2900 5890 hic
2944 5850 3123 5891 canon
3172 5835 3443 5905 prohibet,
3490 5843 3684 5889 sancta
