4092 6214
467 343 570 408 785

1394 349 1472 412 IN
1504 353 1670 413 CAN.
1710 353 1949 412 LXXXI
1979 353 2190 415 CONC.
2237 355 2314 417 IN
2350 355 2678 433 TRULLO.

3595 346 3700 410 786

539 457 780 514 ΖΩΝΑΡ.
803 418 941 522 Τοὺς
973 461 1064 514 ἐπὶ
1094 465 1238 531 τρεῖς
1265 463 1567 533 ἐϐοομάδας
1597 463 2027 532 ἀπολειφθέντας

2199 428 2595 532 zonam-oui
2625 465 2800 520 tribus
2835 459 3190 517 hebdomadis
3234 461 3302 515 ab
3343 460 3572 516 ecclesia
3599 475 3698 515 sua

462 551 560 620 τῆς
597 552 892 621 ἐκκλησίας
929 552 1106 607 αὐτῶν
1164 555 1290 609 ἄνευ
1331 557 1550 626 βαρείας
1600 558 1844 626 ἀνάγκης
1881 555 2028 617 τινος

465 644 1081 715 ἧδυσχερείαςὲτέρας.
1113 647 1227 700 ἀλλ’
1263 651 1321 701 ὲν
1372 649 1526 703 πόλει
1579 651 1886 717 διάγοντας,
1947 649 2022 718 μὴ

471 737 897 805 συνερχομένους
933 737 990 791 δὲ
1028 739 1110 802 είς
1157 740 1452 811 ἐκκλησίαν
1497 743 1609 802 τοῖς
1655 743 1865 802 πιστοῖς
1901 742 2027 792 ἑπι-

467 829 706 890 σκόπους
754 830 851 898 μὲν
904 830 998 883 καὶ
1028 831 1321 901 κληρικοὺς
1367 832 1526 894 ὄντας
1569 835 1598 886 ό
1626 832 1806 885 κανὼν
1838 832 2030 884 καθαι-

464 921 676 988 ρεῖσθαι
700 921 1027 989 προστάττει
1049 939 1064 954 ο
1105 923 1288 988 λαῖκός
1321 924 1399 992 δὲ,
1437 923 1818 993 ἀφορίζεσθαι.
1855 925 2026 977 Τοῦτο

465 1011 578 1077 γάρ
603 1011 719 1062 ἐστι
743 1011 804 1063 τὸ
839 1013 1213 1066 άποκινεῖσθαι
1243 1015 1338 1084 τῆς
1369 1015 1674 1078 κοινωνίας.

464 1102 688 1156 ΔΡΙΣΤ.
758 1122 776 1154 ι
835 1102 898 1155 Εἰ
954 1103 1027 1174 μὴ
1067 1103 1134 1156 δι’
1178 1105 1425 1174 ἀνάγκην
1470 1104 1906 1175 ἁπολιμπάνεταί
1943 1121 2028 1163 τις

533 1218 550 1245 ι
599 1195 698 1261 τῆς
751 1193 1045 1261 ἐκκλησίας
1091 1197 1183 1248 ἐπὶ
1231 1197 1376 1267 τρισὶ
1425 1198 1760 1268 Κυριακαῖς,
1800 1194 2029 1249 ἀκοινώ-

535 1305 554 1336 ι
600 1303 782 1355 νητος.
833 1304 851 1336 t

540 1377 602 1428 Ὀ
635 1378 1062 1454 τῆςρὲκκλησίας
1114 1382 1173 1432 ὲν
1229 1380 1378 1450 τρισὶ
1439 1379 1751 1450 Κυριακαῖς
1799 1378 2022 1432 άπολειο

463 1465 616 1534 φθεὶς
645 1466 775 1519 ἄνευ
812 1466 1125 1537 βαρυτάτης
1163 1469 1409 1540 ἀνάγκης
1439 1470 1472 1541 ἢ
1503 1469 1823 1540 δυσχερείας
1847 1469 2020 1534 τινὸς,

460 1557 514 1609 εἰ
547 1556 646 1625 μὲν
679 1557 939 1627 κληρικός
989 1560 1138 1624 ἐστι,
1173 1559 1518 1631 καθαιρεῖται
1545 1574 1562 1590 °
1611 1561 1658 1612 εί
1705 1559 1760 1612 δὲ
1814 1560 2026 1623 λαῖκὺς,

462 1646 808 1718 ἀφορίζεται.

1047 1741 1287 1795 ΚΔΝΩΝ
1317 1743 1444 1796 IIA'.

2127 558 2273 612 nulla
2309 561 2459 635 gravi
2490 560 2815 614 necessitate
2843 555 3117 611 dillicilive
3160 554 3267 609 alia
3307 569 3474 610 causa
3507 553 3694 623 impe-

2125 651 2249 715 diti,
2286 651 2585 712 abfuerint,
2626 665 2816 704 verum
2850 649 2902 701 in
2947 647 3078 701 urbe
3107 646 3362 715 degentes
3391 661 3516 701 cum
3563 647 3694 700 ﬁde-

2125 742 2268 797 libus
2297 744 2348 796 in
2383 743 2672 797 ecclesiam
2702 756 2808 795 non
2833 739 3222 802 convenerint,
3254 739 3301 793 si
3335 739 3554 808 quidem
3581 739 3700 808 epi-

2126 835 2275 903 sc0pi
2311 843 2404 888 aut
2435 834 2620 888 clerici
2661 833 2793 893 sint,
2826 845 2925 884 eos
2975 845 3152 884 canon
3205 829 3400 899 deponi
3462 847 3476 882 :
3532 828 3702 883 laicos

2125 933 2307 979 autem
2338 925 2608 993 segregari
2649 924 2666 992 (
2694 924 2796 976 hoc
2826 935 3063 989 namque
3093 920 3224 973 illud
3278 931 3363 974 est
3389 959 3404 983 ,
3445 934 3698 975 commu-

2127 1016 2292 1070 nione
2319 1016 2524 1069 moveri
2550 1019 2566 1078 )
2601 1014 2782 1083 jubet.
2844 1051 2848 1061 ι
3718 1077 3725 1091 ⁸

2197 1105 2424 1161 ARIST.
2466 1125 2484 1158 ι
2523 1107 2581 1161 Si
2628 1106 2752 1176 quis
2784 1105 2927 1158 nulla
2965 1111 3194 1172 cogente
3250 1102 3578 1158 necessitate
3611 1118 3701 1159 ec-

2132 1215 2151 1246 ‹
2199 1197 2422 1250 clesiam
2460 1184 2635 1268 tribus
2666 1197 2967 1253 Dominicis
3014 1197 3402 1268 derelinquat,
3453 1213 3700 1252 commn-

2133 1304 2152 1336 ‹
2202 1285 2364 1340 nione
2405 1286 2673 1356 privatur.
2715 1305 2733 1334 ι

2197 1378 2299 1442 Qui
2334 1379 2402 1432 ab
2431 1379 2666 1434 ecclesia
2700 1378 2876 1434 tribus
2907 1377 3104 1433 diebus
3156 1377 3459 1432 Dominicis
3505 1378 3655 1433 abest
3681 1419 3697 1441 ,

2126 1470 2246 1527 sine
2269 1473 2598 1529 necessitate
2649 1473 2833 1541 aliqua
2881 1481 2935 1527 et
2984 1471 3302 1526 dilIicultate
3334 1471 3656 1542 gravissima
3682 1511 3696 1534 ,

2126 1561 2170 1614 si
2207 1561 2427 1629 quidem
2457 1562 2690 1638 clericus
2718 1571 2822 1628 est,
2865 1562 3156 1631 deponitur
3190 1579 3204 1616 :
3235 1564 3319 1617 sin
3355 1577 3485 1617 vero
3506 1561 3694 1625 laicus.

2128 1664 2478 1725 segregatur.

2292 1744 2306 1760 ι
2527 1741 2712 1811 ῖκδι
2746 1741 2974 1796 cauos
3012 1741 3251 1797 LXXXI.

466 1848 486 1880 ‹
544 1829 879 1904 Ἐπειδήπερ
910 1832 970 1886 έν
1021 1850 1133 1888 τισι
1161 1834 1370 1906 χώραις
1423 1837 1826 1908 μεμαθήκαμεν
1859 1839 1918 1892 ἐν
1949 1838 2026 1907 τῷ

2137 1851 2154 1884 ι
2192 1833 2459 1898 Quoniam
2489 1835 2544 1888 in
2600 1835 2879 1890 nonnullis
2921 1835 3057 1890 locis
3096 1837 3390 1892 didicimus
3417 1877 3432 1899 ,
3480 1837 3535 1891 in
3573 1852 3703 1893 san-

535 1942 554 1974 ι
599 1923 878 1992 Τρισαγίῳ
909 1923 1063 1996 ὕμνῳ
1123 1927 1180 1980 ὲν
1211 1927 1528 1999 προσθήκης
1577 1929 1738 1999 μέρει
1765 1931 2032 1999 ἐκφωνεῖ-

534 2034 553 2064 ι
601 2017 726 2068 σθαι
745 2016 1176 2086 μετὰτὺ,⁹Ᾱγιος
1193 2020 1582 2085 άθάνατος,τὺ,
1627 2024 1682 2076 '0
1698 2023 2032 2092 σταυρωθεὶς

535 2123 554 2156 ι
596 2103 664 2158 δι’
695 2106 864 2175 ἡμᾶς,
895 2106 1111 2175 ἐλέησον
1138 2109 1280 2178 ἡμᾶς
1308 2125 1323 2140 ·
1353 2107 1508 2163 τοῦτό
1525 2127 1584 2163 τε
1613 2111 1718 2164 ὑπὸ
1734 2111 1840 2164 τῶν
1866 2111 2032 2168 πάλαι

535 2213 556 2246 ι
604 2194 772 2262 ἁγίων
797 2195 1079 2266 Πατέρων,
1099 2195 1174 2257 ὡς
1207 2197 1306 2265 τῆς
1334 2196 1616 2262 εὕσεὸειας
1647 2197 1942 2270 ἀλλότριον,
1968 2201 2032 2252 ὲκ
2051 2259 2072 2278 .

529 2306 550 2337 ‹
597 2286 689 2340 τοῦ
707 2286 952 2340 τοιούτου
969 2281 1223 2358 ἀπηλάθη
1241 2288 1433 2358 ὕμνου,
1454 2290 1551 2343 σὺν
1566 2291 1640 2359 τῷ
1656 2291 1756 2360 τὴν
1775 2291 2031 2361 τοιαύτην

538 2398 555 2428 ι
606 2380 792 2449 φωνην
814 2381 1280 2454 καινουργῆσαντι
1300 2383 1605 2452 παρανόμῳ
1622 2384 1888 2454 αἱρετικῷ
1905 2400 1920 2416 ·
1935 2386 2030 2438 καὶ

533 2490 554 2522 ‹
600 2474 790 2541 ἡμεῖς,
813 2472 1113 2541 κυροῦντες
1145 2475 1216 2526 τὰ
1247 2477 1397 2544 παρὰ
1421 2476 1531 2528 τῶν
1558 2477 1728 2544 ἁγίων
1759 2478 2028 2547 Πατέρων

538 2581 554 2610 ι
603 2563 757 2630 ήμῶν
793 2562 1030 2626 εὐσεῦὦς
1085 2559 1578 2635 θεσμοθετηθέντα,
1627 2568 2028 2638 άναθεματίζοο

527 2674 544 2704 ι
594 2671 698 2723 μεν
725 2654 806 2708 ἑτι
838 2656 979 2725 μετὰ
999 2655 1099 2732 ,τὸν
1127 2656 1375 2724 παρόντα
1403 2657 1529 2726 ὅρον
1561 2660 2029 2730 μεταδεχομένους

539 2765 556 2795 ι
603 2745 703 2816 τὴν
745 2747 1002 2815 τοιαύτην
1031 2747 1216 2816 φωνὴν
1263 2748 1746 2820 ἐπ’ςὲκκλησίαις,
1777 2753 1811 2823 ἢ
1852 2754 2028 2818 ἄλλως

536 2858 554 2891 ι
602 2857 718 2902 πως
773 2839 850 2910 τῷ
897 2839 1179 2912 Τρισαγίῳ
1214 2841 1370 2912 ὕμνῳ
1412 2844 1804 2910 συνάπτοντας.
1840 2850 1948 2902 Καὶ
1979 2854 2026 2904 εἰ

531 2951 551 2984 ι
591 2934 690 3001 μὲν
743 2935 1020 3004 ίερατικός
1052 2935 1246 2988 ἐστινό
1284 2936 1611 3008 παρασάτης
1638 2939 1748 2993 τῶν
1785 2942 2028 3012 ὁρισθέν-

535 3043 553 3072 ι
600 3040 749 3086 των,
841 3024 1294 3094 ἀπογυμνοῦσθαι
1350 3025 1511 3080 τοῦτο
1565 3028 1665 3097 τῆς
1730 3031 2026 3104 ἱερωσύνης

2208 1943 2228 1975 ι
2268 1924 2517 1981 ctissimo
2571 1927 2777 1997 hymno
2825 1927 3186 1982 additamenti
3245 1929 3364 1982 loco
3416 1929 3521 1983 dici
3581 1940 3704 2000 post

2207 2034 2226 2066 ι
2265 2017 2416 2082 illud,
2450 2017 2686 2075 Sanctus
2715 2020 3060 2082 immortalis.
3095 2021 3196 2074 hoc
3227 2040 3241 2075 :
3267 2021 3380 2087 Qui
3406 2021 3700 2078 cruciﬁxus

2207 2128 2226 2160 ε
2269 2124 2328 2164 es
2387 2125 2483 2178 pro
2518 2112 2694 2174 nobis,
2742 2113 3004 2168 miserere
3030 2114 3243 2178 nostri;
3298 2113 3350 2167 id
3403 2123 3585 2169 autem
3634 2115 3702 2177 ab

2209 2218 2229 2250 ‹
2268 2203 2508 2269 antiquis
2547 2205 2752 2258 sanctis
2777 2203 3050 2269 Patribus,
3077 2216 3182 2260 uta
3215 2207 3415 2275 pietate
3437 2207 3699 2263 alienum.

2205 2313 2224 2346 ι
2263 2312 2325 2348 ex
2363 2297 2464 2351 hoc
2487 2293 2693 2367 hymno
2714 2299 2946 2368 ejectum
2973 2315 3099 2358 cum
3125 2300 3394 2355 scelerato
3417 2301 3696 2368 heretico.

2177 2395 2226 2439 ἰ
2261 2390 2351 2456 qui
2387 2390 2526 2444 hanc
2556 2405 2743 2446 vocem
2777 2392 3058 2446 innovavit
3091 2411 3106 2448 :
3150 2407 3251 2448 nos
3297 2408 3516 2463 quoque
3565 2408 3701 2449 con-

2208 2501 2227 2533 ι
2267 2470 2548 2539 firmantes
2573 2500 2636 2538 ea
2664 2501 2786 2554 quae
2835 2502 2866 2539 a
2923 2486 3130 2540 sanctis
3182 2486 3386 2540 nostris
3443 2484 3702 2542 Patribus

2221 2595 2239 2626 ι
2279 2577 2364 2644 pie
2400 2577 2701 2630 constituta
2734 2587 2883 2642 sunt,
2914 2578 3444 2633 anathematizamus
3465 2581 3700 2650 eos,'qui

2209 2687 2228 2718 ‹
2275 2677 2394 2736 ροει
2419 2683 2660 2736 praesens
2685 2667 2960 2724 decretum
2998 2669 3268 2740 ejusmodi
3293 2685 3478 2724 vocem
3522 2671 3578 2725 in
3607 2686 3699 2728 ec-

2204 2778 2222 2810 ε
2265 2761 2446 2814 clesiis
2481 2761 2820 2826 admittunt,
2862 2768 2947 2816 vel
2998 2762 3184 2831 aliquo
3219 2761 3326 2816 alio
3379 2761 3543 2816 modo
3571 2777 3702 2818 san--

2206 2875 2224 2904 ι
2262 2853 2512 2907 ctissime
2554 2854 2758 2923 hymno
2798 2854 3119 2926 adjungunt.
3165 2853 3232 2908 Et
3259 2853 3306 2908 si
3356 2861 3440 2908 est
3481 2853 3701 2923 quidem

2204 2964 2222 2995 ε
2265 2946 2625 3001 sacerdotalis
2651 2938 2861 3014 ordinis
2884 2949 2977 3017 qui
3012 2954 3392 3018 transgressus
3421 2953 3529 3013 est,
3573 2961 3698 3001 eum

2206 3056 2224 3088 ‹
2269 3037 2580 3090 sacerdotio
2625 3039 2830 3118 privari
2867 3039 3124 3108 jnbemus
3163 3033 3297 3092 :sin
3313 3045 3491 3090 autem
3523 3037 3698 3094 laicus

531 3135 552 3167 ι
600 3117 1020 3188 προστάσσομεν
1043 3133 1058 3148 ’
1091 3120 1142 3172 εί
1169 3118 1226 3171 δὲ
1256 3119 1444 3184 λαῖκὺς
1470 3121 1503 3191 ἢ
1551 3123 1804 3192 μοναχὸς,
1834 3125 2026 3195 ἀφορί-

2205 3148 2225 3180 ι
2264 3130 2346 3184 vel
2378 3116 2701 3194 monachus,
2731 3116 3031 3201 segregari.
3077 3150 3097 3182 ι

533 3227 550 3258 ι
598 3206 808 3270 ζεσθαι.

537 3298 596 3352 '0
633 3301 991 3371 ματαιόφρων
1042 3303 1248 3368 ἐκεῖνος
1277 3304 1374 3358 καὶ
1407 3304 1733 3377 βλάσφημος
1764 3310 1970 3381 Πέτρος
1997 3311 2025 3363 ὁ

455 3394 710 3461 Κναφεὺς
740 3393 1061 3466 προσθήκην
1078 3397 1137 3450 ὲν
1171 3396 1248 3468 τῷ
1279 3397 1560 3470 Τρισαγίῳ
1593 3399 1750 3471 ὕμνῳ
1779 3402 2024 3472 ἐποίησε,

457 3486 598 3553 μετὰ
629 3485 687 3538 τὸ
723 3487 1089 3555 ὲκφωνεῐσθαι
1115 3489 1176 3542 τό
1205 3505 1222 3521 ο
1263 3491 1455 3559 Ἄγιος
1496 3492 1814 3559 ἀθάνατος,
1857 3495 2026 3547 εἰπὼν

453 3577 695 3646 ὀφείλειν
747 3579 1007 3646 λέγεσθαι
1057 3582 1151 3635 τόο
1199 3582 1262 3636 '0
1309 3585 1670 3652 σταυρωθεὶς
1727 3587 1801 3640 δι’
1846 3585 2022 3655 ἡμᾶς,

453 3673 718 3741 ἐλέησον
748 3677 924 3744 ἡμᾶς.
967 3678 1074 3728 Ἦν
1101 3677 1168 3746 δὴ
1200 3679 1520 3748 προσθήκην
1559 3681 1590 3747 ἡ
1635 3680 1932 3748 Ἐκκλησία
1964 3682 2024 3733 οὐ

456 3767 816 3836 παρεδέξατο,
837 3770 912 3832 ὡς
941 3771 1385 3839 παρεισάγουσαν
1421 3771 1682 3841 τέταρτον
1714 3775 2023 3842 πρόσωπον,

457 3860 557 3913 καὶ
597 3861 698 3918 ἀνὰ
734 3863 899 3932 μέρος
940 3863 1183 3916 τιθεῖσαν
1213 3866 1304 3917 τὸν
1344 3865 1435 3919 τοῦ
1471 3866 1606 3918 Θεοῦ
1644 3867 1771 3920 Υίον
1806 3866 1904 3936 τὴν
1932 3866 2025 3918 τυῦ

461 3950 671 4022 Πατρὸς
699 3954 1066 4008 ὲνυπόστατον
1129 3955 1381 4024 δύναμιν,
1431 3958 1528 4009 καλ⁸
1582 3959 1687 4013 ἀνὰ
1737 3961 1901 4027 μέρος
1936 3959 2028 4010 τὸν

430 4045 877 4116 ,ἐσταυρωμένον
930 4049 1188 4118 Χριστὸν,
1240 4049 1314 4111 ὡς
1354 4029 1527 4102 ’ἄλλον
1569 4051 1694 4104 ὄντα
1752 4052 1902 4120 παρὰ
1935 4052 2026 4103 τὸν

457 4137 700 4208 ίσχυρον,
737 4139 769 4210 ἢ
800 4141 875 4201 ὠς
900 4140 1154 4211 παθητὴν
1182 4141 1280 4211 τὴν
1321 4142 1528 4212 Τριάόα
1552 4141 1899 4206 δοξάζουσαν.
1935 4145 2026 4198 καὶ

460 4231 875 4302 συσταυροῦσαν
903 4232 984 4302 τῷ
1013 4218 1128 4302 Υίῷ
1153 4233 1245 4286 τὸν
1270 4234 1489 4302 Πατέρα
1514 4236 1608 4287 καὶ
1628 4236 1685 4288 τὸ
1717 4235 1936 4304 Πνεῦμα
1967 4238 2026 4287 τε

458 4320 633 4388 ἅγιον.
697 4323 808 4376 Καὶ
872 4325 1229 4392 ἐδογμάτισεν
1281 4325 1522 4390 εὐσεϐῶς
1576 4328 1668 4378 τὸν
1730 4327 2025 4396 Τρισάγιον

455 4409 634 4476 ὕμνον
663 4411 821 4482 χάριν
855 4414 954 4478 τῆς
985 4415 1211 4484 Τριάδος
1239 4415 1495 4484 λέγεσθαι
1517 4429 1533 4445 ·
1569 4417 1706 4482 ὅπερ
1729 4435 1781 4468 τι
1811 4415 1901 4469 διὰ
1929 4417 2024 4485 μὲν

2198 3308 2391 3364 BALS.
2426 3305 2671 3362 Stolidus
2696 3307 2789 3362 ille
2823 3315 2878 3362 et
2908 3307 3263 3378 blasphemus
3296 3306 3492 3363 Petrus
3534 3305 3692 3361 Fullo

2127 3402 2183 3456 in
2215 3403 2568 3457 sanctissimo
2594 3401 2798 3471 hymno
2827 3400 2958 3454 fecit
2987 3400 3443 3466 additamentum,
3465 3399 3659 3454 dicens
3683 3437 3700 3462 ,

2126 3502 2415 3563 postquam
2447 3492 2654 3547 dictum
2683 3498 2851 3555 esset.
2879 3489 3113 3546 Sanctus
3135 3490 3478 3554 immortalis,
3502 3491 3729 3545 debere-

2126 3585 2254 3645 dici,
2293 3584 2394 3649 Qui
2449 3584 2729 3652 cruciﬁxus
2772 3600 2825 3638 es
2850 3599 2944 3654 pro
2995 3584 3164 3648 nobis,
3217 3585 3466 3638 miserere
3513 3583 3699 3637 nostri.

2127 3677 2282 3743 Quod
2316 3678 2536 3746 quidem
2572 3678 3005 3732 additamentum
3036 3675 3276 3731 Ecclesia
3310 3692 3416 3730 non
3452 3675 3698 3739 admisit,

2129 3783 2186 3830 ut
2217 3772 2360 3840 quod
2390 3778 2640 3840 quartam
2667 3786 2955 3840 personam
2981 3771 3225 3834 inducat,
3260 3778 3314 3825 et
3342 3769 3436 3823 Dei
3479 3769 3698 3833 Filium,

2131 3858 2433 3913 Sal-valoris
2466 3859 2674 3912 scilicet
2703 3859 3099 3912 consistentem
3160 3858 3474 3912 facultatem
3497 3897 3512 3920 ,
3547 3871 3702 3911 seor-

2127 3965 2245 4002 sum
2292 3960 2475 4017 ponat,
2504 3961 2556 4004 ct
2584 3948 2862 4004 Christum
2899 3951 3220 4004 cruciﬁxum
3259 3962 3514 4020 tanquam
3536 3951 3700 4003 alium

2126 4056 2156 4095 a
2201 4030 2354 4103 forti;
2381 4051 2434 4094 et
2466 4050 2721 4106 tanquam
2751 4041 3130 4096 all'ectionihus
3182 4042 3480 4109 subjectam
3521 4039 3705 4094 Trini-

2128 4141 2294 4186 tatem
2321 4133 2606 4201 gloriﬁcet,
2639 4145 2693 4187 et
2720 4133 2934 4187 Patrem
2966 4149 3072 4186 una
3113 4149 3237 4187 cum
3264 4133 3402 4187 Filio
3423 4133 3703 4202 ct-uciligat

2127 4237 2181 4282 et
2209 4228 2472 4294 Spiritum
2503 4234 2772 4280 sanctum.
2813 4225 2875 4277 Et
2899 4226 3139 4280 decrevit
3166 4223 3385 4295 quidem
3413 4226 3696 4280 sanctissi-

2128 4334 2279 4374 mum
2313 4319 2576 4388 hymnum
2611 4319 2698 4385 pie
2728 4317 2833 4372 dici
2880 4319 2948 4372 de
2983 4328 3172 4372 sancta
3221 4316 3521 4378 Trinitate,
3554 4317 3700 4386 quod

2129 4426 2225 4482 per
2262 4413 2459 4464 trinam
2490 4413 2830 4464 sanctitatem
2877 4421 2989 4465 tres
3010 4409 3546 4479 supersubstantialis
3580 4410 3702 4464 Dei-

457 4504 560 4570 τῆς
609 4504 840 4573 τρισσῆς
871 4507 1155 4573 ἁγιότητος
1191 4506 1289 4569 τὰς
1346 4509 1496 4575 τρεῖς
1545 4506 1644 4576 τῆς
1701 4508 2023 4576 ὑπερουσίου

2134 4504 2262 4557 tatis
2290 4517 2550 4572 personas
2579 4509 2768 4555 sancta
2811 4501 2969 4554 nobis
3025 4501 3312 4590 Ser‘aphim
3361 4500 3697 4555 ostendant:

372 4588 380 4597 ”
457 4594 717 4664 θεότητος
753 4599 1082 4662 ὑποστάσεις
1129 4599 1199 4653 τά
1223 4599 1352 4668 am
1391 4601 1646 4669 Σεραφὶμ
1677 4602 1811 4670 ἡμῖν
1847 4601 2029 4668 ὑπεμ-

462 4686 717 4750 φαίνουσι
741 4705 755 4719 ·
784 4688 871 4740 διὰ
895 4691 950 4742 δὲ
982 4691 1082 4759 τῆς
1112 4692 1239 4763 μιᾶς
1272 4693 1595 4762 κυριότητος
1627 4692 1725 4758 τὴν
1763 4693 1892 4762 μίαν
1931 4695 2030 4763 τῆς

462 4778 762 4848 θεαρχικῆς
797 4782 1024 4850 Τριάδος
1065 4761 1257 4835 οὐσίαν
1287 4801 1347 4836 τε
1378 4761 1790 4853 καὶίβασιλείαν
1824 4761 2029 4854 γνωρί-

409 4890 426 4897 ‘
464 4868 665 4932 ζουσιι.
703 4872 944 4943 Εὕρηται
979 4875 1035 4928 δὲ
1075 4877 1168 4927 καὶ
1222 4877 1280 4928 ὲν
1316 4879 1382 4945 τῇ
1414 4877 1840 4944 ἐκκλησιαστικῇ
1888 4878 2032 4930 ἱστο-

468 4961 562 5029 ρίᾳ
589 4960 702 5029 (90)
725 4963 808 5014 ὅτι
837 4965 1214 5027 λιτανεύοντος
1245 4964 1340 5018 τοῦ
1362 4967 1421 5018 ὲν
1452 4966 2030 5019 Κωνσταντινουπὸλει

2134 4612 2232 4666 per
2259 4609 2422 4648 unam
2447 4609 2578 4648 vero
2603 4593 3027 4646 dominationem
3057 4607 3220 4646 unam
3266 4593 3460 4646 divinae
3512 4591 3703 4646 Trini-

2138 4689 2269 4743 tatis
2300 4688 2665 4742 substantiam
2709 4702 3044 4754 regnumqne
3073 4685 3404 4746 signiﬁcant.
3432 4687 3491 4739 In
3527 4687 3702 4740 eccle-
3801 4753 3806 4757 _

2136 4779 2359 4835 siastica
2393 4787 2572 4832 autem
2609 4777 2836 4831 historia
2866 4779 3143 4832 inventum
3177 4789 3282 4843 est,
3316 4793 3441 4831 cum
3469 4777 3699 4846 populus

2134 4871 2608 4940 Constantinopoli
2643 4871 3000 4940 supplicaret,
3034 4881 3251 4940 propter
3297 4869 3561 4939 quasdam
3613 4867 3698 4922 di-

2135 4967 2342 5019 vinitus
2404 4966 2699 5024 intentatas
2773 4966 2991 5030 minas,
3060 4981 3179 5036 quae
3244 4976 3488 5033 tempore
3517 4964 3692 5019 Procli

1694 5076 1882 5135 Guill.
1920 5079 2247 5157 Beveregii
2281 5085 2467 5138 notae.

537 5171 650 5244 (90)
685 5173 938 5241 Εὕρηται
959 5175 1027 5227 δὲ
1053 5175 1148 5228 καὶ
1178 5177 1246 5228 ἐν
1275 5174 1345 5241 τῇ
1369 5174 1849 5240 ἐκκλησιαστικῇ
1873 5179 2030 5229 ἱστο-

446 5246 578 5315 ρίᾳ.
604 5244 748 5299 Sane
770 5246 879 5299 haec
905 5245 1129 5299 historia
1161 5248 1224 5298 de
1250 5246 1492 5315 'l'risagio
1518 5262 1546 5300 a
1576 5245 1902 5313 Theophane
1930 5261 2017 5298 re-

453 5314 650 5378 fnrtur,
687 5317 769 5368 his
793 5317 971 5370 verbis
993 5335 1006 5371 :
1027 5317 1152 5368 Ἐπὶ
1179 5316 1365 5368 τούτου
1389 5314 1482 5368 τοῦ
1505 5319 1561 5367 ὲν
1590 5315 1764 5382 ἁγίοις
1789 5316 2028 5382 Πρόκλου

459 5386 680 5456 σεισμοὶ
714 5387 968 5452 γεγόνασι
1011 5387 1237 5456 μεγάλοι
1271 5389 1328 5440 ἐν
1364 5389 1429 5454 τῇ
1472 5386 2035 5456 Κωνσταντινουπόλει

452 5456 553 5506 ἐπὶ
583 5454 854 5525 τέσσαρας
890 5454 1100 5524 μῆνας,
1128 5459 1268 5512 ὥστε
1309 5457 1632 5525 φοϐηθέντες
1665 5456 1713 5525 oi
1737 5454 2034 5525 Βυζάντιοι

452 5528 659 5598 ἔφυγον
688 5524 793 5590 ἔξω
819 5527 912 5594 τῆς
947 5527 1148 5591 πόλεως
1175 5529 1234 5580 ὲν
1261 5524 1334 5598 τῷ
1367 5528 1637 5596 λεγομένῳ
1663 5524 1883 5598 Κάσιπῳ
1900 5540 1916 5556 ⁶
1943 5527 2036 5578 καὶ

450 5591 600 5666 ἦσαν
637 5591 1168 5666 προσκαρτεροῦντες
1211 5591 1344 5666 μετᾶ
1365 5591 1456 5650 τοῦ
1479 5591 1787 5666 emendato!
1827 5591 1885 5646 ἐν
1917 5599 2034 5650 ταῖς

453 5659 655 5727 λίταῖς,
681 5659 1129 5748 ’κλαίοντες-,πρὸς
1154 5659 1253 5748 et)
1284 5667 1433 5748 Θεόν.
1477 5664 1708 5748 Ἐνεμιξ
1730 5659 1828 5748 οὗκί
1844 5666 2034 5748 ᾑμέρᾳ

431 5795 434 5798 ,
455 5754 525 5788 xu
533 5735 867 5807 μαινομένης
885 5733 986 5807 τῆξ
1001 5733 1123 5808 γῆς,
1138 5740 1234 5794 καὶ
1257 5737 1453 5800 παντὸς
1473 5737 1566 5792 τοῦ
1581 5733 1710 5789 λάοὕ
1729 5733 2018 5806 κράζοντος

2133 5177 2216 5228 τό·
2241 5176 2430 5246 Κύριε,
2455 5176 2692 5244 ἐλέησον,
2720 5177 2970 5238 ἐκτενῶς,
2997 5179 3120 5244 περὶ
3150 5177 3297 5247 ὤραν
3324 5177 3514 5245 τρίτην
3541 5177 3692 5246 ἄφνω

2137 5248 2354 5299 πάντων
2391 5246 2660 5315 ὁρώντων,
2697 5248 2890 5316 συνέὅη
2923 5248 3025 5299 ὕπὸ
3056 5248 3204 5309 θείας
3228 5246 3509 5310 δυνάμεως
3527 5247 3700 5314 ἀρθῆη

2135 5317 2221 5368 ναί
2246 5334 2366 5387 τινα
2395 5319 2672 5368 νεάνισκον
2713 5318 2790 5375 είς
2818 5318 2905 5368 τὸν
2942 5319 3100 5387 ἀέρα,
3141 5319 3233 5370 καὶ
3271 5317 3496 5372 ἀκοῦσαι
3551 5318 3694 5382 θείας

2135 5386 2319 5458 φωνῆς
2352 5387 2723 5458 παραινούσης
2755 5387 2918 5458 αὐτόν
2951 5386 3266 5453 ἀναγγεῖλαι
3300 5388 3376 5458 τῷ
3412 5388 3695 5458 ἐπισκόπῳ

2133 5456 2226 5507 καὶ
2253 5455 2329 5519 τῷ
2379 5455 2490 5520 λαῷ
2513 5457 2648 5507 λιτα·
2668 5456 2812 5509 εὐειν
2836 5457 3005 5520 οὕτως
3034 5473 3045 5485 ·
3079 5460 3266 5524 ’Ἀγιος
3302 5460 3329 5510 ό
3350 5455 3515 5523 Θεὸς,
3545 5455 3697 5525 ἅγιος

2136 5525 2391 5597 ί-σχυρὸς,
2445 5525 2606 5597 άγιοςλ
2667 5527 2954 5592 ἀθάνατος,
2995 5528 3214 5596 ἐλέησον
3274 5530 3460 5597 ἡμᾶς,
3529 5527 3696 5596 μηδὲν

2131 5595 2317 5667 ἕτερον
2347 5595 2761 5667 προστεθέντας.
2809 5597 2867 5649 Ὀ
2898 5598 2953 5650 δὲ
2984 5600 3040 5651 ἐν
3071 5600 3243 5665 ἁγίοις
3275 5595 3538 5667 Πρόκλος,
3563 5595 3693 5667 ταυξ-

2132 5661 2246 5739 την.
2280 5663 2567 5739 δεξάμενος
2617 5667 3065 5739 τὴνῌάπόφασιν,
3120 5661 3386 5739 ἐπέτρεψε
3441 5668 3519 5739 τῷ
3582 5661 3691 5739 λαῷ

2125 5734 2345 5804 ψάλλειν
2363 5733 2553 5799 οὕτως,
2578 5731 3111 5809 καῖἐὺθέωςάπέστη
3129 5741 3155 5791 ό
3175 5731 3416 5810 σεισμός,
3440 5731 3687 5801 Thcopb.
