4092 6214
432 313 530 377 701

1688 325 1971 385 THEOD.
2003 324 2413 384 BALSAMON

3557 320 3663 381 ’ἷθὲ

432 423 815 491 praeponimus.
855 427 919 480 Et
946 428 1069 481 ideo
1098 436 1276 499 typum
1331 432 1547 501 quidem
1606 448 1827 489 cassare
1883 447 1990 489 sta-

2109 435 2193 488 ιὲν
2228 435 2322 488 καὶ
2356 435 2483 497 τοὺς
2516 434 2718 496 τύπους
2750 432 2844 484 καὶ
2870 431 2967 490 τὰς
2999 429 3153 489 σκιὰς
3187 428 3261 491 ὡς
3285 431 3385 500 τῆς
3407 428 3666 498 ἀληθείας

433 523 815 584 tuerunt;pro
866 533 1005 587 agno
1057 529 1236 575 autem
1295 523 1349 576 in
1403 527 1607 579 sanctis
1663 527 1995 597 imaginibus

432 609 607 672 ipsum
643 607 923 661 hominum
948 619 999 664 et
1033 613 1198 669 Deum
1234 625 1478 670 nostrum
1508 617 1689 674 Jesum
1720 620 1992 675 Christum

437 698 672 749 humana
704 698 873 753 forma
908 701 1163 756 describi.
1198 704 1250 756 Si
1290 706 1402 759 haec
1434 720 1611 761 autem
1660 709 1731 762 ita
1784 725 1842 761 se
1902 711 1996 762 ha-

434 790 615 851 beant,
645 792 900 845 ensmalc
928 792 1104 848 facere
1167 798 1439 861 arbitror,
1497 801 1609 866 qui~
1652 802 1702 854 in
1764 803 1993 857 ecclesia

432 880 715 933 columbas
745 884 999 937 emittunt
1031 901 1126 955 pro
1184 891 1354 941 sancti
1412 890 1648 960 Spiritus
1709 894 1992 948 adventu:

430 983 482 1023 et
514 973 603 1039 qui
641 988 736 1040 pro
764 974 850 1027 illa
888 979 1066 1042 stella,
1104 996 1224 1049 quae
1274 998 1414 1036 novo
1464 985 1621 1038 modo
1677 994 1999 1054 apparuerat

432 1071 487 1113 et
529 1071 646 1116 erat
689 1065 1045 1134 admirabilis,
1098 1087 1286 1124 cereos
1313 1074 1617 1127 accendunt
1656 1086 1749 1129 :ct
1784 1076 1875 1144 qui
1915 1076 2001 1128 in-

432 1153 698 1211 eli'abiiem
731 1168 785 1213 et
819 1161 1113 1216 salutarem
1146 1164 1363 1218 Domini
1394 1176 1447 1220 et
1479 1165 1571 1221 Dei
1602 1177 1654 1221 et
1694 1168 2000 1223 Servatoris

434 1248 602 1303 nostri
633 1249 760 1305 Jesu
794 1253 993 1307 Christi
1047 1259 1448 1325 generationem
1511 1274 1680 1328 puero
1738 1270 1793 1315 et
1844 1261 1999 1315 thoro

433 1348 605 1393 strato
627 1345 959 1412 exprimunt,
988 1354 1041 1399 et
1069 1362 1191 1416 quae
1224 1357 1345 1402 sunt
1397 1366 1562 1419 supra
1626 1351 1890 1405 rationem
1941 1360 1997 1405 et

436 1432 634 1485 mentis
668 1432 1052 1501 cogitationem
1082 1438 1337 1492 humanis
1368 1440 1564 1493 studiis
1606 1439 1942 1493 describunt.

2102 527 2370 597 σύμϐολα,
2427 524 2833 596 προτιμώμεθα
2865 525 2922 593 δὲ
2980 525 3076 597 τὴν
3114 524 3524 592 ἀλήθειαν.,Διὸ
3572 525 3668 576 καὶ

2101 618 2305 688 ὥρισαν
2346 620 2409 671 τὰ
2449 618 2545 685 μὲν
2575 606 2669 668 τοῦ
2701 614 2873 668 τύπου
2932 594 3223 685 σῇολάσαιο
3252 616 3375 666 ἀντὶ
3400 612 3456 664 δὲ
3486 613 3663 681 άμνοῦ

2100 713 2156 761 ὲν
2182 713 2302 771 ταῖς
2335 710 2516 776 ἁγίαις
2552 709 2758 760 εἰκόσιν
2784 707 3215 775 ἀναστηλοῦσθαι
3239 706 3401 757 αὐτὸν
3430 704 3520 756 τὸν
3554 706 3668 757 Κύ.

2103 818 2220 870 ριον
2265 801 2424 869 ἡμῶν
2462 800 2690 869 λἸησοῦν
2722 800 2955 869 Χριστὸν
2990 803 3083 853 καὶ
3119 801 3251 851 Θεὸν
3307 797 3488 866 ἡμῶν,
3526 799 3666 850 κατὰ

2100 892 2192 943 τὸν
2248 891 2586 961 ἀνθρώπινον
2644 892 2997 961 χαρακτῆρα,
3053 892 3112 943 ΕΞ
3163 890 3218 942 δὲ
3271 888 3445 942 ταῦτα
3493 888 3668 949 οὕτως

2102 981 2311 1051 ἔχουσι,
2346 982 2554 1051 νομίζω
2587 984 2667 1036 ὅτι
2695 984 2881 1059 κακῶς
2916 983 3163 1036 ποιοῦσιν
3186 984 3233 1034 oi
3264 981 3349 1033 ἐπ’
3378 980 3667 1047 ἐκκλησίας

2107 1079 2440 1149 περιστεράς
2491 1076 2815 1139 ἀπολύοντες
2850 1078 2969 1128 ἀντὶ
3021 1076 3334 1144 Πνεύματος
3361 1076 3516 1139 ἁγίου
3548 1075 3669 1123 ἐπι-

2103 1170 2165 1237 δη
2177 1169 2324 1236 μίας,
2362 1170 2455 1220 καὶ
2479 1169 2601 1221 ἀντὶ
2625 1169 2718 1221 τοῦ
2749 1170 2974 1239 ἀστέρος
3000 1168 3209 1219 ἐκείνου
3234 1166 3328 1218 τοῦ
3362 1163 3671 1233 ὑπερφυοῦς

2107 1261 2202 1312 καὶ
2232 1260 2594 1329 καινοφανοῦς
2626 1261 2796 1331 κηρὸν
2829 1261 3165 1321 ἀνάπτοντες
3188 1274 3202 1288 ·
3236 1258 3329 1312 καὶ
3358 1257 3457 1325 τὴν
3502 1256 3677 1325 ἁπὸρο

2108 1354 2269 1421 ρητον
2298 1352 2391 1405 καὶ
2413 1352 2680 1422 σωτήριον
2708 1355 2764 1403 ὲν
2797 1351 3047 1421 σπηλαίῳ
3069 1349 3325 1418 γέννησιν
3355 1348 3448 1399 τοῦ
3473 1347 3672 1415 Κυρίου

2103 1443 2197 1494 καὶ
2215 1441 2347 1494 Θεοῦ
2379 1444 2471 1495 καὶ
2494 1443 2749 1514 Σωτῆρος
2782 1445 2814 1513 ἡ
2824 1443 2938 1512 μῶν
2959 1442 3138 1512 Ἰησοῦ
3175 1439 3413 1511 Χριστοῦ
3436 1441 3524 1493 διά
3547 1456 3676 1491 παι-

432 1521 522 1585 δὸς
577 1527 669 1577 καὶ
724 1530 1013 1600 στρωμνῆς
1048 1533 1469 1599 ὑποτυποῦντες,
1504 1538 1598 1589 καὶ
1639 1537 1707 1588 τά
1740 1536 1881 1605 ὑπὲρ
1912 1534 2069 1603 λόγον
2102 1539 2195 1590 καὶ
2228 1602 2229 1609 κ
2266 1538 2477 1594 ἔννοιαν
2533 1539 2896 1611 ἀνθρωπίνοις
2968 1537 3365 1607 ἐπιτηδεύμασι
3449 1534 3678 1605 διαγρά-

433 1620 646 1686 φοντες.

507 1719 667 1791 253
688 1720 939 1779 ZONAR.
963 1727 1063 1792 Qui
1094 1729 1161 1782 ab
1186 1730 1425 1783 chrzcis
1450 1746 1620 1799 agnus
1648 1730 1791 1785 Mose
1813 1730 2004 1800 prteci-

2175 1710 2421 1779 ΖΩΝΑΡ.
2465 1722 2523 1775 '0
2561 1723 2675 1784 τοῖς
2717 1720 2995 1790 Ἑϐραίοις
3029 1720 3180 1788 παρά
3209 1716 3454 1779 Μωσέως
3488 1715 3677 1769 ὲνταλ-

436 1812 620 1880 piente
647 1817 957 1872 immolatus
981 1827 1083 1885 est,
1105 1820 1260 1887 cujus
1282 1823 1543 1890 sanguine
1565 1821 1879 1892 consignata
1909 1821 2007 1874 do-

439 1918 645 1957 morum
667 1906 849 1960 limina
872 1910 1348 1981 primogenitorum
1371 1913 1705 1967 interfectori
1731 1917 2003 1967 inaccessa

437 1996 611 2061 fuere,
636 1999 688 2050 in
719 1998 917 2051 Christi
951 2000 1080 2055 Jesu
1118 2004 1331 2058 Domini
1360 2007 1529 2059 nostri
1566 2016 1747 2077 typum
1781 2023 1840 2058 ac
1871 2006 2005 2057 ima-

439 2087 616 2150 ginem
642 2091 929 2147 referebat.
957 2093 1303 2164 Quapropter
1324 2109 1375 2151 et
1400 2097 1662 2167 Baptista,
1696 2115 1817 2151 cum
1847 2098 2007 2155 Chri-

440 2191 583 2235 stum
633 2186 834 2252 populo
885 2187 1174 2252 indicaret,
1220 2190 1376 2255 Ecce,
1414 2192 1612 2259 inquit,
1661 2192 1845 2261 Agnus
1886 2191 1997 2252 Dei,

439 2276 532 2341 qui
578 2277 718 2329 tollit
753 2290 1034 2347 peccatum
1070 2283 1277 2338 mundi.
1312 2282 1547 2339 Proinde
1588 2285 1640 2337 in
1679 2266 2041 2351 imaginibus.

439 2384 655 2437 quoque
684 2386 878 2440 agnus.
899 2388 1019 2427 cum
1049 2373 1397 2431 Praecursore
1425 2377 1574 2431 illum
1604 2378 1814 2430 intento
1837 2375 2004 2443 digito

442 2472 808 2527 monstrante,
842 2466 1217 2534 eﬂingebatur.
1255 2467 1407 2533 Quod
1440 2468 1656 2537 quidem
1698 2468 1811 2522 haec
1841 2482 2006 2537 syno-

439 2550 543 2604 dus
572 2552 686 2606 lieri
726 2562 893 2620 vetat,
921 2557 1122 2625 ﬁguras
1149 2558 1362 2622 dicens,
1397 2566 1449 2611 et
1484 2559 1728 2619 umbras,
1764 2565 1823 2610 ut
1848 2558 2003 2627 signa

440 2643 687 2697 veritatis
736 2645 1067 2716 iudiciaque,
1119 2664 1483 2714 veneramur;
1529 2650 1624 2704 sed
1673 2651 1904 2718 gratiam
1951 2657 2005 2701 et

439 2734 729 2789 veritatem
787 2737 947 2809 longe
978 2740 1153 2809 pluris
1186 2740 1430 2795 facienda
1465 2757 1588 2796 esse
1631 2732 1944 2810 judiramus
1986 2756 2002 2792 :

441 2842 507 2877 ac
544 2842 612 2881 ne
649 2827 700 2881 in
729 2839 1005 2897 posterum
1049 2833 1116 2895 is,
1151 2816 1245 2902 qui
1294 2841 1574 2902 peccatum
1610 2832 1798 2887 mundi
1842 2833 2003 2896 tollit,

443 2919 565 2985 agni
610 2921 790 2988 specie
826 2922 879 2975 in
927 2924 1255 2991 imaginibus
1306 2927 1579 2996 pingatur,
1622 2925 1717 2979 sed
1765 2930 2004 2979 humano

441 3009 628 3063 habitu
662 3027 726 3065 ac
759 3012 927 3083 figura
954 3018 1315 3085 exprimatur,
1345 3016 1728 3082 decernimus;
1755 3024 1813 3070 ut
1845 3016 1995 3079 hinc,

441 3118 566 3170 quae
595 3114 785 3157 nostra
803 3120 967 3161 causa
999 3106 1157 3180 verbi
1184 3107 1274 3162 Dei
1300 3107 1532 3178 abjeCtio
1556 3108 2008 3178 demissionisque

445 3196 788 3252 immensitas
831 3198 1011 3263 fuerit,
1049 3199 1421 3270 intelligamus
1445 3240 1459 3263 ,
1497 3200 1725 3270 ejusque
1755 3201 1806 3253 in
1842 3215 2007 3253 carne

446 3290 902 3353 conversationis,
934 3301 988 3345 et
1024 3294 1300 3361 passionis
1339 3308 1404 3348 ac
1450 3293 1640 3347 mortis
1665 3308 1883 3363 quoque
1916 3307 2008 3345 sa-

446 3380 661 3441 lutaris.
712 3390 764 3435 et
830 3398 1172 3454 quaecunque
1221 3385 1437 3441 demum
1492 3386 1545 3439 in
1604 3401 1702 3439 nos
1758 3385 2006 3451 contulit,

448 3473 858 3539 heneliciorum,
884 3481 1200 3530 memoriam
1233 3486 1493 3548 perpetuo
1522 3492 1933 3532 conservemus.

385 3682 391 3691 ι
447 3650 671 3706 ARIST.
714 3672 730 3704 I
766 3651 883 3708 Non
920 3653 1180 3725 depinges
1212 3670 1410 3725 agnum
1443 3655 1497 3708 in
1529 3664 1711 3724 typum
1746 3652 1950 3708 Christi
1992 3670 2005 3704 :

914 3765 933 3797 ι
973 3750 1066 3801 sed
1099 3749 1250 3800 illum
1287 3749 1487 3816 ipsum.
1534 3766 1554 3799 ι

518 3841 707 3909 Agnus
748 3839 800 3893 in
840 3842 949 3894 veri
981 3842 1187 3894 Christi
1232 3841 1323 3893 Dei
1356 3841 1529 3894 nostri
1565 3848 1747 3911 typum
1794 3852 2010 3893 assiIm-

452 3943 577 3998 ptus
605 3931 725 3985 fuit.
755 3931 818 3985 Et
844 3947 953 3987 non
982 3942 1193 4000 oportet
1222 3940 1406 4003 typum
1430 3933 1645 3987 veritati
1671 3945 2008 4001 praeponere,

450 4033 505 4077 rt
533 4040 732 4094 agnum
772 4028 823 4079 in
847 4027 1253 4082 venrrabilibus
1289 4027 1616 4098 imaginibus
1645 4025 2010 4081 Praecursoris

452 4116 621 4184 digito
648 4126 1010 4172 monstratum
1038 4118 1336 4189 depingere
1361 4136 1374 4173 :
1405 4119 1502 4172 sed
1528 4121 1703 4186 ipsum
1732 4116 2007 4172 Christum

452 4217 507 4259 et
532 4207 697 4263 Deum
722 4217 969 4265 nostrum
993 4214 1156 4265 etiam
1184 4212 1459 4267 coloribus
1485 4212 1816 4266 deliueatum
1840 4210 2008 4264 forma

451 4304 691 4358 humana
726 4307 1050 4373 exprimere.

958 4466 1187 4539 CANON
1231 4482 1507 4537 LXXXIII.

461 4574 689 4628 (Nemo
717 4586 1054 4630 mortuorum
1088 4576 1413 4645 corporibus
1444 4575 1834 4630 Eucharistiam
1867 4590 2016 4629 com-

530 4686 549 4718 ε
590 4668 844 4722 municet.
899 4668 1173 4737 Scriptum
1224 4678 1308 4721 est
1351 4667 1516 4730 enim,
1563 4667 1815 4738 Accipite,
1850 4683 2018 4721 conte-

531 4760 695 4827 ι’ᾳὶιε
727 4759 795 4812 ι’.
839 4757 1175 4813 Mortuorum
1213 4767 1393 4814 autem
1442 4774 1674 4829 corpora
1725 4774 1827 4814 nec
1873 4759 2015 4815 acci-

533 4870 553 4897 ε
594 4867 720 4921 pere
746 4860 997 4922 possunt,
1032 4867 1133 4907 nec
1168 4853 1474 4907 comedere.
1517 4871 1538 4905 ι

526 4943 723 4999 BALS.
765 4944 1027 5000 Dominus
1058 4954 1113 5001 et
1144 4945 1288 5001 Deus
1322 4957 1507 5001 noster
1544 4945 1703 5000 Jesus
1734 4944 2010 5007 Christus,

457 5052 581 5091 cum
626 5053 730 5091 una
778 5053 901 5092 cum
948 5039 1067 5094 suis
1113 5038 1399 5108 discipulis
1426 5053 1659 5097 cmuans
1687 5038 1769 5094 eis
1818 5054 2011 5108 panem

460 5129 816 5199 impertiisset
848 5171 863 5194 ,
912 5131 1051 5185 dixit
1096 5149 1111 5185 :
1149 5132 1371 5201 Accipe,
1436 5131 1736 5195 mmedite;
1790 5130 1886 5184 hac
1938 5140 2015 5184 est

531 5310 575 5341 ²²
599 5308 793 5363 Matth.
818 5323 961 5371 xxvt,
990 5307 1080 5361 26.

2109 1819 2225 1882 Osi;
2255 1815 2657 1886 σφαγιασθῆναι
2679 1814 2871 1882 ἀμνὸς.
2896 1808 2957 1866 οὗ
2985 1813 3064 1883 τῷ
3091 1812 3286 1880 αἵματι
3316 1811 3371 1861 αί
3396 1808 3547 1876 φλιαὶ
3568 1808 3679 1860 τῶν

2104 1912 2269 1965 οἴκων
2302 1908 2481 1962 αὐτῶν
2510 1906 2818 1977 χρισθείσαι
2844 1906 3033 1958 ἄῦατοι
3068 1904 3143 1973 τῷ
3175 1902 3286 1954 τῶν
3314 1900 3677 1970 πρωτοτόκων

2105 1999 2245 2073 ἦσαν
2280 2000 2596 2069 ὀλοθρευτῇ,
2631 2000 2720 2050 τὸν
2760 1999 2966 2069 Κύριον
3012 1997 3170 2067 ἡμῶν
3203 1992 3410 2064 Ἰησοῦν
3445 1992 3679 2061 Χριστὸν

2108 2094 2420 2164 προετύπου
2452 2095 2546 2144 καὶ
2576 2090 2971 2162 προεικόνιζεν.
3007 2088 3171 2140 Ὅθεν
3201 2088 3295 2139 καὶ
3320 2089 3345 2138 ὁ
3368 2085 3683 2146 Βαπτιστὴς

2104 2179 2365 2233 δεικνύων
2424 2183 2536 2241 τοῖς
2570 2179 2717 2241 λαοῖς
2746 2178 2834 2230 τὸν
2884 2175 3138 2246 Χριστὸν,
3175 2174 3281 2227 Ἰδε
3317 2176 3344 2226 ὁ
3388 2172 3559 2241 ἀμνὸς
3586 2171 3680 2224 τοῦ

2103 2270 2265 2336 Θεοῦ,
2323 2270 2451 2341 ἔφη,
2504 2274 2531 2323 ὁ
2582 2270 2752 2340 αἴρων
2813 2268 2913 2339 τὴν
2967 2266 3246 2336 ἁμαρτίαν
3301 2263 3396 2316 τοῦ
3451 2265 3680 2331 κόσμου.

2116 2363 2419 2434 Ἐγράιρετο
2473 2362 2568 2416 οῦν
2611 2364 2667 2414 ἐν
2707 2362 2914 2415 εἰκόσιν
2946 2361 3138 2430 ἀμνὸς,
3185 2361 3279 2412 καὶ
3308 2361 3336 2410 ὁ
3371 2358 3683 2425 Πρὸδρομος

2103 2454 2181 2523 τῷ
2204 2453 2452 2523 δακτύλῳ
2476 2453 2744 2506 δεικνύων
2775 2453 2958 2506 αὐτόν.
2988 2451 3158 2503 Τοῦτο
3180 2450 3234 2501 δὲ
3275 2449 3349 2518 μὴ
3376 2448 3620 2515 γίνεσθαι
3643 2448 3677 2515 ἡ

2106 2546 2322 2609 σύνοδος
2349 2545 2489 2614 αῦτη
2522 2547 2863 2613 θεσμοθετεῖ,
2901 2544 3136 2610 λέγουσα
3172 2543 3253 2593 ὅτι
3304 2540 3428 2602 τοὺς
3462 2539 3556 2607 μὲν
3583 2542 3682 2590 τύ·-

2105 2658 2239 2705 πους
2272 2642 2365 2693 καὶ
2404 2640 2509 2701 τὰς
2537 2640 2696 2697 σκιάς
2723 2637 2972 2707 τιμῶμεν
3023 2637 3097 2699 ὡς
3129 2633 3375 2704 σύμϐολα
3427 2634 3526 2700 τῆς
3555 2630 3686 2699 άλη-

2105 2729 2255 2793 θείας
2287 2731 2383 2783 καὶ
2412 2729 2873 2799 προχαράγματα,
2910 2726 3270 2797 προτιμῶμεν
3294 2726 3352 2779 δὲ
3380 2724 3479 2796 τὴν
3521 2725 3682 2795 χάριν

2105 2822 2202 2876 καὶ
2226 2820 2323 2891 τὴν
2354 2821 2614 2889 ἀλήθειαν
2646 2821 2758 2889 (95)
2782 2837 2796 2850 ·
2826 2820 2919 2873 καὶ
2951 2818 3210 2888 ὁρίζομεν
3239 2820 3437 2888 μηκέτι
3468 2818 3524 2868 ὲν
3550 2816 3682 2867 εῖδει

2105 2916 2284 2983 ἀμνοῦ
2313 2916 2622 2985 γράφεσθαι
2651 2915 2741 2969 τὸν
2770 2914 2995 2986 αἴροντα
3029 2915 3129 2984 τὴν
3163 2913 3442 2983 ἁμαρτίαν
3472 2911 3564 2963 τοῦ
3588 2909 3683 2963 κό-

2111 3024 2275 3075 σμου,
2297 3007 2433 3061 ἀλλά
2463 3008 2605 3061 κατά
2628 3008 2718 3060 τὸν
2735 3006 3073 3076 ἀνθρώπινον
3096 3004 3423 3076 χαρακτῆρα
3447 3005 3677 3070 ἀναστη-

2034 3090 2077 3147 C
2110 3100 2334 3153 λοῦσθαι
2365 3100 2528 3153 αὐτὸν
2551 3102 2607 3153 ὲν
2631 3099 2840 3153 εἰκόσιν
2860 3116 2873 3130 ·
2922 3100 2992 3152 ἶν’
3014 3097 3155 3151 οὕτω
3184 3097 3540 3165 κατανοῶμεν
3576 3093 3674 3163 τὴν

2114 3192 2522 3260 συγκατάδασιν
2544 3190 2637 3244 τοῦ
2663 3190 2800 3243 Θεοῦ
2822 3189 3018 3267 Λόγου,
3051 3192 3145 3242 καὶ
3172 3189 3232 3242 τὸ
3256 3187 3350 3258 τῆς
3380 3184 3542 3239 αὑτοῦ
3588 3201 3686 3235 τα-

2113 3284 2426 3347 πεινώσεως
2450 3284 2709 3354 ἄμετρον,
2730 3284 2823 3335 καὶ
2856 3282 3289 3353 μνημονεύωμεν
3317 3281 3413 3349 τῆς
3438 3280 3495 3330 ἐν
3518 3276 3685 3346 σαρκὶ

2113 3378 2459 3447 ἀναστροφῆς
2492 3375 2680 3432 αὐτοῦ.
2714 3376 2811 3428 κα)⁸
2846 3375 2940 3427 τοῦ
2974 3375 3181 3436 πάθους
3232 3371 3329 3425 καὶ
3367 3369 3460 3424 τοῦ
3513 3386 3685 3441 σωτη-

2117 3470 2232 3540 ρίου
2254 3470 2503 3533 θανάτου,
2540 3468 2632 3522 καὶ
2658 3469 2797 3521 ὅσων
2832 3465 3159 3534 εὐεργεσιῶν
3193 3464 3456 3533 ἐτύχομεν
3485 3460 3549 3513 δι’
3582 3462 3684 3514 αύ-

2113 3581 2229 3617 του.

2115 3656 2334 3710 ΑΡΙΣΤ.
2375 3674 2392 3704 ι
2436 3653 2512 3705 Οὐ
2563 3649 2821 3721 χαράξεις
2869 3652 3043 3720 ἀμνὸν
3094 3650 3175 3711 είς
3223 3645 3392 3699 τύπον
3420 3645 3679 3716 Χριστοῦ,

2565 3763 2585 3794 ι
2625 3742 2740 3795 ἀλλ’
2768 3744 2976 3795 ἐκεῖνον
3004 3742 3186 3794 αὐτόν.
3228 3762 3246 3794 ι

2197 3838 2257 3891 '0
2285 3836 2455 3905 ἀμνὸς
2483 3837 2562 3897 εἰς
2584 3834 2756 3887 τύπον
2785 3832 3109 3903 παρελήφθη
3140 3833 3234 3886 τοῦ
3265 3829 3524 3904 ἀληθινοῦ
3548 3832 3684 3902 Χρι-

2119 3926 2247 3981 στοῦ
2275 3927 2371 3981 τοῦ
2398 3925 2533 3980 Θεοῦ
2560 3925 2737 3996 ἡμῶν.
2789 3926 2900 3977 Καὶ
2930 3925 2989 3978 ού
3015 3925 3120 3994 χρὴ
3152 3924 3244 3976 τὸν
3291 3924 3463 3977 τύπον
3492 3939 3684 3992 προτι-

2122 4021 2327 4090 μᾶσθαι
2359 4021 2459 4087 τῆς
2493 4015 2773 4085 ἀληθείας,
2810 4014 2907 4073 καὶ
2967 4013 3137 4083 ἀμνὸν
3195 4015 3254 4066 ὲν
3285 4015 3407 4077 ταῖς
3459 4013 3685 4074 σεπταῖς

2118 4112 2321 4165 εἰκόσιν
2352 4110 2674 4180 ἐγγράφειν,
2700 4105 2776 4176 τῷ
2811 4106 3061 4172 δακτύλῳ
3112 4105 3206 4157 τοῦ
3234 4104 3549 4174 Προδρόμου
3572 4104 3683 4155 6st-

2118 4205 2383 4274 κνύμενον
2407 4223 2425 4239 ·
2456 4203 2571 4256 ἀλλ’
2601 4201 2764 4255 αὐτὸν
2787 4199 2880 4252 τὸν
2904 4200 3140 4269 Χριστὸν
3195 4199 3290 4251 καλ⁵
3342 4197 3474 4250 Θεὸν
3501 4196 3682 4265 ἡμῶν,
3767 4194 3779 4211 ‘

2120 4302 2213 4353 καὶ
2255 4302 2312 4350 ὲν
2367 4299 2488 4358 ταῖς
2525 4294 3009 4364 χρωματουργίαις
3066 4291 3206 4345 κατά
3245 4290 3305 4344 τὸ
3342 4289 3683 4361 ἀνθρώπινον

2120 4390 2495 4463 ἐγχαράττειν.

2704 4477 2938 4531 ΚᾹΝΩΝ
2970 4477 3091 4530 III".

2124 4598 2143 4630 ι
2182 4577 2386 4648 Μηδεὶς
2410 4574 2763 4643 τοῖςισώμασι
2795 4571 2905 4623 τῶν
2931 4570 3368 4641 τελευτησάντων
3391 4569 3491 4637 τῆς
3517 4568 3681 4636 εὐχα-

2196 4689 2213 4721 ι
2258 4670 2470 4740 ριστίας
2524 4666 2866 4736 μεταδιδότω.
2904 4664 3213 4734 Γέγραπται
3258 4662 3365 4731 γάρ
3401 4660 3681 4723 ’Λάϐετε,

2198 4783 2216 4816 ι
2251 4762 2468 4832 φάγετε
2489 4777 2503 4792 ο
2528 4762 2596 4812 τά
2622 4760 2679 4811 δὲ
2708 4760 2813 4810 τῶν
2845 4758 3053 4824 νεκρῶν
3103 4754 3329 4824 σώματα
3353 4752 3475 4804 οὐδὲ
3502 4750 3685 4804 λαόεἰν

2197 4874 2216 4907 ‹
2251 4855 2493 4914 δύναται,
2522 4851 2646 4903 οὐδὲ
2672 4852 2890 4918 φαγεῖν.
2924 4868 2940 4897 ι

2189 4943 2403 5012 ΒΑΛΣ.ξ
2419 4943 2477 4996 '0
2506 4941 2706 5011 Κύριος
2734 4941 2829 4994 καὶ
2852 4940 2982 5000 Θεὸς
2997 4939 3154 5008 ἡμῶν
3191 4934 3394 5007 Ἰησοῦς
3427 4934 3684 5003 Χριστὸς,

2121 5038 2416 5106 δειπνήσας
2449 5033 2709 5105 μετὰτῶν
2737 5032 2954 5085 οἰκείων
2979 5030 3258 5101 μαθητῶν,
3277 5029 3372 5081 καὶ
3400 5025 3494 5079 τοῦ
3519 5027 3683 5095 ἄρτου
3708 5064 3711 5065 ν

2127 5128 2336 5189 τούτοις
2357 5124 2688 5197 μεταδιδοὺς,
2729 5123 2969 5187 Λάϐετε,
3001 5122 3238 5191 φάγετε,
3268 5120 3472 5188 ἔφησε·
3528 5113 3683 5168 τοῦτό

1636 5420 1825 5481 Guiil.
1861 5418 2188 5494 Beveregii
2236 5426 2423 5477 notae.

537 5550 645 5615 I95)
676 5550 795 5615 Τὴν
820 5551 993 5617 χάριν
1019 5552 1116 5604 καὶ.
1141 5552 1256 5617 τὴν
1281 5550 1589 5616 ἀλήθειαν.
1622 5550 1676 5602 In
1707 5548 1918 5601 Henrici
1953 5546 2017 5598 ΙΙ.

465 5632 510 5667 oI
547 5620 788 5673 Cailamli
826 5625 873 5673 J.
923 5621 985 5675 C.
1031 5622 1313 5676 codicibus
1352 5621 1503 5674 locus
1545 5620 1631 5671 hic
1670 5620 1749 5672 sic
1784 5620 2014 5684 Iegitur'

466 5690 824 5758 Προτιμῶμεν
849 5692 903 5740 δὲ
938 5692 1033 5758 τὴν
1060 5690 1217 5759 χάριν
1255 5691 1347 5741 καὶ
1393 5691 1490 5757 τὴν
1527 5690 1819 5757 ἀλήθειαν,
1856 5686 2021 5756 ἤγουν

466 5761 605 5814 αύτά
633 5761 698 5813 τὰ
727 5762 1047 5828 πράγματα,
1072 5762 1138 5811 τὰ
1165 5761 1250 5811 διὰ
1277 5760 1380 5810 τῶν
1411 5759 1690 5827 συμϐόλων
1712 5760 2023 5827 τυπο’,’›μενα

2124 5547 2220 5596 καὶ
2266 5543 2592 5613 δηλούμενα,
2624 5542 2730 5597 Sed
2768 5542 2996 5610 gratiam
3024 5548 3073 5591 et
3118 5536 3538 5613 veritatemahoc
3578 5542 3678 5596 est,

2127 5631 2207 5667 res
2248 5607 2411 5681 ipsas.
2434 5607 2585 5683 'qum'
2612 5607 2787 5681 signis
2821 5613 3185 5683 exprimuntur
3228 5607 3679 5683 etudec‘larantttr,

2130 5674 2279 5751 longe
2309 5674 2481 5750 pluris,
2508 5674 2747 5752 facienda
2781 5674 2903 5736 esse
2925 5681 3238 5752 iudicamus.
3276 5678 3379 5752 sed
3418 5680 3464 5727 in
3494 5674 3683 5729 codice

2134 5750 2378 5807 Amerbai
2400 5750 2559 5808 hiano
2594 5758 2762 5810 lectus
2789 5763 2892 5817 est,
2932 5762 2990 5804 ut
3019 5767 3048 5803 a
3085 5750 3242 5805 nobis
3267 5750 3465 5803 editus.
