4092 6214
527 247 630 307 793

1494 269 1573 328 IN
1611 270 1774 330 CAN.
1816 273 2104 336 LXXXIV
2132 276 2336 340 CONC.
2374 281 2455 339 IN
2492 282 2812 344 TRULLO.

3648 281 3750 345 794

523 361 656 411 ἐστι
674 361 925 431 τὸσῶμά
941 386 1058 434 μου
1080 371 1145 424 τὸ
1166 373 1317 441 ὑπὲρ
1345 375 1509 443 ὑμῶν
1528 379 1833 444 κλώμενον
1854 397 1939 445 εις
1957 381 2069 448 ἇφε

2172 438 2176 446 ,
2206 402 2395 453 Corpus
2424 405 2589 441 meum
2616 389 2800 455 .‘quod
2835 405 2927 458 pro
2964 387 3102 442 vobis
3139 390 3404 459 frangitur
3432 405 3526 456 pro
3565 391 3719 441 remis
3738 417 3749 425 υ

526 465 630 502 σιν
675 454 999 521 ἁμαρτιῶν
1038 464 1218 527 καθὼς
1254 467 1410 520 τοῦτο
1440 470 1497 519 ἐν
1516 469 1865 537 Εὐαγγελίοις
1884 473 2088 541 γέγρα-

527 560 678 599 πται.
709 548 926 604 Είθιστο
961 556 1091 621 γοῦν
1118 559 1223 625 πρὸ
1252 561 1351 624 τῆς
1400 563 1617 615 συνόδου
1672 563 1875 633 ταύτης
1935 565 2087 634 παρά

527 654 637 688 τισι
677 643 1013 706 μεταδιδόναι
1043 648 1149 702 τῶν
1187 650 1345 703 θείων
1378 652 1731 722 ἁγιασμὰτων
1752 657 1948 723 (ταῦτα
1976 659 2086 730 γὰρ

528 731 890 800 Εὺχαριστίαν
918 741 963 791 οἱ
999 741 1233 810 Πατέρες
1268 743 1577 814 ὠνόμασαν)
1612 747 1827 815 σώμασι
1850 753 2084 818 νεκροῖς,

528 823 699 876 Τοῦτο
725 822 815 877 οὖν
846 831 1143 888 κωλύοντες
1174 836 1220 886 οἱ
1248 822 1509 906 Πατέρες,
1546 838 1865 907 διωρίσαντο
1892 844 2086 910 μηκέτι

525 915 763 969 τοιοῦτόν
807 937 856 971 τι
910 924 1176 988 γίνεσθαι.
1222 928 1365 990 Ὅτι,
1402 934 1554 995 φασὶ,
1588 930 1893 999 γέγραπται
1918 950 1932 964 ⁸
1970 934 2089 988 Λάε

526 1007 679 1071 ϐετε,
708 1009 957 1077 φάγετεο
987 1014 1057 1066 τὰ
1080 1014 1134 1067 δὲ
1170 1017 1394 1084 σώματα
1445 1021 1550 1072 τῶν
1593 1023 1800 1092 νεκρῶν
1838 1025 1959 1076 οὒτε
1994 1025 2086 1078 λα-

498 1098 638 1157 ϐεῖν
668 1100 791 1153 οὔτε
826 1109 1018 1173 φαγεῖν
1044 1107 1317 1163 δύνανται.
1392 1111 1728 1179 Ἀνάγνωσον
1780 1115 1875 1167 καὶ
1901 1115 1992 1170 τὸν
2015 1116 2084 1183 ιη’

521 1187 725 1247 κανόνα
749 1196 851 1264 τῆς
872 1200 930 1250 ἐν
958 1200 1282 1274 Καρθαγὲνῃ
1314 1205 1553 1258 συνόδου.
1589 1207 1663 1259 Τὸ
1694 1208 1876 1276 μέντοι
1907 1210 2081 1279 χεέρί-

522 1287 708 1349 ζεσθαι
738 1292 850 1352 τοῖς
875 1294 1190 1364 ἀρχιερεῦσι
1220 1298 1355 1364 μετὰ
1401 1299 1658 1370 τελευτὴν
1703 1301 1859 1368 ἅγιον
1895 1303 2080 1374 ἄρτον,

520 1381 617 1432 καὶ
642 1381 814 1444 οὕτως
839 1387 1278 1455 ἐνταφιάζεσθαι,
1328 1391 1530 1458 νομίζω
1559 1392 1799 1458 γίνεσθαι
1840 1396 1919 1457 είς
1949 1398 2083 1451 ἀπο-

519 1475 727 1543 τροπὴν
754 1474 862 1528 τῶν
891 1478 1207 1545 δαιμονίων,
1254 1482 1351 1534 καὶ
1378 1483 1462 1535 ἵνα
1496 1466 1564 1547 δι’
1600 1486 1762 1539 αὐτοῦ
1790 1486 2078 1557 ὲφοδιάζη-

518 1583 606 1619 ται
634 1568 769 1638 πρὸς
816 1570 1043 1639 οὐρανὸν
1113 1575 1140 1626 ὁ
1184 1575 1278 1627 τοῦ
1322 1577 1557 1646 μεγάλου
1584 1580 1679 1633 καὶ
1720 1580 2077 1635 ἀποστολικοῦ

526 1659 886 1724 καταξιωθεὶς
917 1664 1361 1735 ἐπαγγέλματος.

2190 478 2387 532 sionem
2444 491 2812 547 peccatorum,
2859 483 3000 535 sicut
3077 482 3179 534 hoc
3232 484 3488 550 scriptum
3548 490 3630 533 est
3697 480 3749 532 in

2192 569 2514 637 Evangeliis.
2562 573 2700 625 Ante
2757 573 2899 625 hanc
2954 576 3081 639 ergo
3135 571 3396 640 synodum
3460 586 3581 623 mos
3634 578 3751 622 erat

2191 659 2464 713 nonnullis
2508 658 2690 713 divina
2726 670 3065 714 sacramenta
3112 662 3195 726 (ea
3230 661 3373 713 enim
3416 658 3749 713 Patres~Eu-

2188 748 2500 802 cbaristiam
2539 751 2912 819 nominavere)
2938 752 3263 819 corporibus
3292 753 3516 804 mortuis
3550 752 3751 818 imper—

2190 841 2315 894 tire.
2362 842 2550 896 Patres
2598 857 2727 906 ergo
2775 843 2877 896 hoc
2927 845 3038 896 fieri
3076 843 3448 911 prohibentes,
3485 842 3587 895 tale
3618 843 3744 907 quid

2188 946 2294 984 non
2358 933 2591 1000 amplius
2653 933 2961 987 faciendum
3023 933 3401 987 decreverunt.
3456 931 3746 997 Quoniam,

2188 1020 2461 1090 inquiunt,
2492 1022 2753 1090 scriptum
2772 1032 2875 1085 est,
2901 1023 3153 1091 Accipite,
3182 1024 3428 1076 comedit:
3460 1038 3477 1075 :
3507 1034 3747 1075 tnortuo-
3843 1058 3846 1065 ν

2184 1129 2303 1167 rum
2350 1123 2528 1168 autem
2581 1130 2804 1184 corpora
2848 1132 2956 1169 non
3021 1126 3249 1185 possunt
3318 1116 3567 1184 accipere
3646 1130 3745 1167 nec

2184 1207 2489 1261 comedere.
2514 1207 2654 1275 Lege
2680 1216 2731 1261 et
2760 1207 2825 1261 18
2849 1224 2970 1262 can.
3004 1208 3189 1262 Cartb.
3217 1224 3338 1277 syn.
3372 1207 3529 1272 Quod
3562 1217 3743 1260 autem

2183 1310 2407 1355 sanctus
2462 1300 2615 1367 panis
2660 1300 2998 1354 antistitibus
3033 1310 3155 1368 post
3200 1310 3426 1353 mortem
3470 1300 3741 1359 tradatur,

2182 1400 2236 1445 et
2267 1393 2348 1445 sic
2374 1390 2733 1459 sepeliantur,
2765 1391 3018 1446 existimo
3046 1392 3151 1445 hoc
3185 1392 3296 1444 ﬁeri
3324 1392 3390 1445 ad
3422 1393 3742 1446 avertendos

2179 1485 2479 1550 dzemonas,
2514 1495 2567 1539 et
2597 1494 2655 1539 ut
2687 1501 2782 1553 per
2817 1486 3015 1552 ipsum,
3051 1494 3304 1552 tanquam
3337 1484 3614 1549 viaticum,
3646 1484 3742 1537 de-

2180 1576 2411 1630 ducatur
2461 1577 2525 1629 ad
2564 1577 2782 1641 coelum,
2815 1576 2905 1644 qui
2944 1589 3135 1643 magna
3176 1584 3228 1628 et
3277 1574 3581 1643 apostolica
3610 1589 3738 1644 pro-

2182 1665 2417 1720 fessione
2447 1666 2643 1734 dignus
2674 1677 2756 1721 est
2788 1665 3030 1719 habitus.

588 1751 831 1805 ΖΩΝΑΡ.
871 1755 1032 1817 Ἔθος
1056 1757 1122 1826 ἦν
1148 1733 1371 1812 παλαιὸν
1414 1761 1784 1829 μεταδίδοσθαι
1833 1767 1947 1827 τοῖς
1993 1781 2069 1815 νε-

2250 1756 2790 1846 ΖΟῌΑΒ.Αηιί‹ιιιιρ
2838 1754 3249 1809 consuetudinis
3293 1756 3391 1808 fuit
3439 1770 3639 1823 corpus
3686 1767 3739 1811 et

515 1847 665 1909 κροῖς
692 1844 907 1914 σώμασι
934 1848 1044 1901 τῶν
1071 1851 1510 1922 τελευτησάντων
1557 1856 1652 1909 τοῦ
1690 1859 1942 1926 σώματος
1983 1860 2077 1913 καὶ

514 1937 606 1988 τοῦ
669 1940 900 2007 αἵματος
952 1942 1043 1993 τοῦ
1081 1944 1307 2011 Κυρίου.
1371 1947 1542 2001 Τοῦτο
1597 1952 1704 2018 γὰρ
1762 1951 2076 2021 ὠνόμασται

514 2027 862 2098 Εὑχαριστία,
885 2030 967 2082 ὄτι
991 2031 1328 2100 εὐχαριστεῖν
1350 2039 1381 2107 ἡ
1391 2041 1494 2105 μᾶς
1518 2039 1622 2108 χρὴ
1646 2041 2079 2111 μεταλαμϐάνον-

513 2137 610 2182 τας
639 2121 861 2185 τούτων,
897 2124 971 2184 ὠς
992 2124 1321 2191 ἀξιωθέντας
1351 2130 1607 2185 τοιούτων
1635 2132 1875 2199 δωρεῶν.
1903 2133 2075 2187 Τοῦτο

511 2214 688 2265 τοίνυν
720 2214 964 2280 γίνεσθαι
989 2217 1016 2268 ὁ
1038 2203 1613 2291 κανὼντάπηγόρευσε,
1639 2224 1733 2276 καί
1764 2224 1863 2293 τὴν
1894 2226 2074 2278 αἰτίαν

511 2304 705 2369 ἐπάγει
733 2304 906 2374 λέγων
935 2307 1016 2361 ὅτι
1046 2310 1074 2359 ό
1112 2310 1313 2382 Κύριος
1339 2312 1610 2382 διανέμων
1647 2315 1737 2367 τὸν
1767 2316 1930 2382 ἄρτον
1961 2322 2076 2379 τοῖς

513 2392 801 2464 μαθηταῖς.
827 2397 1067 2459 Λάϐετε,
1097 2400 1336 2468 φάγετε,
1368 2398 1493 2455 εἷπε
1514 2420 1526 2434 ·
1550 2405 1618 2463 τὰ
1651 2404 1707 2458 δὲ
1738 2407 2074 2473 νεκρωθὼτα

512 2481 738 2554 σώματα
797 2484 919 2540 οὔτε
971 2487 1157 2540 λαϐεῖν
1207 2488 1327 2541 οὔτε
1366 2484 1561 2560 φαγεῖν
1608 2492 1847 2548 δύναται.
1911 2497 2074 2550 Καὶό

509 2576 975 2641 ὀκτωκαιδέκατος
1027 2581 1205 2634 κανὼν
1261 2586 1356 2650 τῆς
1392 2585 1448 2635 ὲν
1478 2586 1807 2659 Καρθαγένῃ
1852 2589 2070 2659 συνόδου

508 2671 615 2739 πρὸ
652 2670 749 2739 τῆς
786 2671 1006 2726 συνόδου
1028 2673 1224 2741 ταύτης
1248 2674 1593 2745 ἀπηγόρευσε
1631 2679 1690 2731 τὸ
1716 2680 1814 2748 τῆς
1838 2680 2073 2753 Εὑχαρι-

509 2762 660 2825 στίας
695 2765 1065 2832 μεταδίδοσθαι
1088 2768 1199 2829 τοῖς
1239 2770 1475 2831 νεκροῖς.

507 2945 731 2998 ΔΡΙΣΤ.
763 2962 781 2995 ι
815 2944 1037 3015 Σώματι
1081 2948 1257 3017 νεκρῷ
1302 2948 1363 3001 οὐ
1400 2948 1722 3017 μεταδοτέον
1764 2951 1872 3005 τῶν
1907 2954 2068 3022 ἁγια-

723 3036 745 3057 ’
1069 3057 1087 3091 ι
1140 3042 1382 3110 σμάτων.
1432 3060 1452 3095 ι
1538 3110 1544 3121 .

572 3129 806 3200 ,Ἐπειδὴ
833 3131 1140 3202 γέγραπται
1176 3148 1190 3162 ο
1229 3133 1469 3196 Λάϐετε,
1502 3135 1750 3204 φάγετε*
1781 3135 1849 3190 τὰ
1876 3136 1932 3190 δὲ
1960 3138 2066 3192 τῶν

503 3225 712 3293 νεκρῶν
754 3225 981 3293 σώματα
1012 3226 1135 3278 οὔτε
1155 3226 1346 3280 λαϐεῖν
1373 3226 1493 3282 οὔτε
1530 3231 1724 3297 φαγεῖν
1771 3229 2059 3283 δύνανται·

503 3317 678 3378 οὐδεὶς
705 3315 1003 3384 μεταδώσει
1054 3320 1166 3381 τοῖς
1204 3318 1562 3390 τελευτήσασι
1600 3322 1711 3376 τῶν
1769 3321 1930 3378 θείων
1971 3325 2066 3377 καὶ

503 3411 573 3479 ἀχ
581 3409 790 3479 ράντων
816 3410 1192 3481 ἁγιασμάτων.

1087 3506 1328 3559 ΚΑΝΩΝ
1362 3509 1483 3562 HA'.

508 3614 530 3645 ‹
566 3596 699 3658 Τοῖς
722 3598 1027 3661 κανονικοῖς
1058 3597 1166 3651 τῶν
1198 3597 1457 3667 Πατέρων
1519 3598 1743 3670 θεσμοῖς
1792 3602 1903 3671 (94)
1937 3619 2065 3655 κατ-

577 3704 598 3739 t
636 3687 1079 3754 ακολουθοῦντες,
1109 3690 1365 3760 ὁρίζομεν
1408 3690 1503 3743 καλ⁸
1534 3692 1660 3762 περὶ
1697 3693 1803 3745 τῶν
1832 3694 2059 3763 νηπίων,

576 3797 596 3833 t
633 3780 820 3843 ὁσάκις
864 3780 938 3852 μὴ
964 3781 1324 3851 εὐρίσκωνται
1390 3781 1599 3850 βέϐαιοι
1650 3786 1950 3855 μάρτυρες,
2011 3788 2060 3839 οἱ

575 3889 595 3923 t
631 3871 807 3926 ταῦτα
822 3872 1209 3942 ἀναμφιϐόλως
1232 3873 1599 3943 βαπτισθέντα
1622 3872 1760 3929 εἶναι
1788 3878 2057 3944 λέγοντες,

575 3982 595 4013 ι
633 3964 730 4016 καὶ
789 3964 910 4017 οὐδὲ
941 3964 1114 4018 ταῦτα
1141 3964 1251 4035 (95)
1309 3965 1398 4019 διὰ
1433 3966 1532 4036 τὴν
1561 3969 1752 4036 κεῖραν
1786 3969 1911 4037 περὶ
1963 3971 2060 4039 τῆς

574 4073 593 4107 ι
633 4054 1035 4126 παραδοθείσης
1090 4057 1274 4119 αὐτοῖς
1312 4057 1699 4125 μυσταγωγίας
1756 4058 2085 4128 ἁποκρίνα-·

573 4162 594 4197 ι
636 4148 759 4200 σθαι
785 4147 1106 4217 ἐπιτηδείως
1132 4147 1337 4218 ἔχουσι,
1386 4150 1559 4219 χωρίς
1608 4167 1751 4213 τινος
1780 4153 2057 4222 προσκόμ-

573 4256 593 4292 ι
638 4256 806 4309 ματος
854 4240 1091 4308 ὀφείλειν
1123 4241 1299 4294 ταῦτα
1333 4241 1719 4311 βαπτίζεσθαι·
1791 4244 2000 4314 μήποτε
2030 4248 2058 4299 ὁ

570 4349 592 4383 ι
628 4329 866 4393 τοιοῦτος
888 4331 1185 4402 δισταγμὸς
1205 4334 1559 4408 ἀποστερήσῃ
1588 4336 1728 4390 αὐτὰ
1747 4337 1845 4407 τῆς
1877 4340 2056 4393 τοιαύ-

490 4418 491 4421 “
570 4440 592 4474 ι
627 4440 725 4492 της
757 4424 849 4476 τοῦ
882 4424 1156 4494 ἁγιασμοῦ
1191 4425 1531 4495 καθάρσεως.
1574 4446 1594 4480 ι

561 4514 757 4569 ΒΑΛΣ.
798 4515 861 4567 Οἱ
891 4517 950 4567 ὲν
1000 4515 1328 4592 Καρθαγένῃ
1394 4520 1737 4586 συνελθόντες
1785 4524 2051 4595 Πατὲρες,

491 4599 569 4659 ὧν
598 4607 626 4658 ὁ
651 4606 841 4677 παρὼν
869 4606 1048 4659 κανὼν
1102 4607 1396 4677 μέμνηται,
1438 4609 1498 4665 ἓν
1548 4612 1830 4684 βάπτισμα
1868 4616 2056 4685 ὁμολο-

491 4698 716 4767 γοῦντες
745 4700 887 4766 κατὰ
919 4700 1016 4769 τὴν
1055 4698 1149 4751 τοῦ
1181 4699 1338 4768 ἁγίου
1408 4704 1677 4770 συμϐόλου
1738 4707 2050 4777 περίληψιν,

492 4790 698 4862 ὥρισαν
740 4793 799 4843 ὲν
851 4792 1035 4845 κανόνι
1060 4790 1136 4860 οβ’
1165 4791 1290 4853 τοὺς
1315 4793 1371 4845 ὲν
1412 4795 1698 4865 νηπιότητι
1725 4796 2053 4868 λεγομένους

493 4882 883 4961 βαπτισθῆναι,
923 4885 1033 4938 εἴτε
1072 4884 1262 4955 καὶμὴ
1294 4883 1674 4954 βαπτίζεσθαι,
1709 4889 1804 4943 ἐὰν
1838 4891 1913 4959 μὴ
1945 4889 2047 4946 ὦσι

2178 1848 2497 1917 Sanguinem
2521 1848 2730 1902 Domini
2753 1858 3090 1901 mortuorum
3112 1848 3431 1915 corporibus
3451 1848 3739 1916 impertiri.

2178 1940 2272 1993 llla
2332 1939 2593 2005 siquidem
2654 1939 3011 1992 Eucltaristiae
3074 1940 3293 1994 nomine
3342 1931 3772 2008 intelliguntur,‘

2175 2032 2321 2101 quod
2352 2046 2412 2085 ea
2448 2031 2573 2084 dum
2605 2031 2957 2099 percipimus,
2982 2030 3051 2084 sit
3081 2045 3111 2083 a
3143 2030 3320 2094 nobis,
3350 2031 3442 2099 qui
3469 2031 3734 2099 ejusmodi

2176 2122 2490 2176 muneribus
2548 2121 2695 2190 digni
2752 2121 2917 2175 habiti
2976 2121 3190 2185 simus,
3244 2120 3541 2189 gratiarum
3593 2122 3738 2174 actio

2177 2212 2502 2266 adhibenda.
2537 2211 2590 2266 Id
2623 2213 2788 2281 igitur
2817 2213 2906 2265 hic
2936 2227 3111 2289 canon
3141 2211 3255 2265 fieri
3285 2211 3479 2274 vetuit,
3506 2210 3735 2280 ejusque

2174 2307 2250 2360 rei
2284 2306 2550 2361 rationem
2585 2306 2724 2359 banc
2754 2305 2956 2366 subdit,
2991 2305 3133 2373 quod
3170 2320 3363 2372 panem
3394 2304 3652 2359 Dominus
3681 2305 3732 2356 iu

2176 2395 2482 2464 discipulos
2532 2396 2803 2460 dividens,
2855 2398 3114 2464 Accipite,
3167 2398 3278 2463 ait,
3334 2408 3381 2451 et
3432 2398 3683 2451 comedite
3716 2414 3735 2451 :

2174 2489 2403 2542 mortuis
2435 2497 2611 2542 autem
2646 2488 3001 2564 cadaveribus
3045 2505 3221 2557 neque
3257 2476 3507 2559 accipere
3554 2504 3733 2557 neque

2173 2580 2459 2634 comedere
2482 2579 2668 2633 datum
2696 2588 2800 2634 est.
2828 2580 3278 2652 Carthaginensis
3300 2596 3515 2656 quoque
3543 2582 3729 2650 synodi

2171 2671 2393 2755 decium,
2412 2682 2604 2726 octavo
2642 2656 2871 2734 canone,
2913 2673 3020 2741 jam
3057 2675 3185 2726 olim
3222 2680 3349 2728 ante
3390 2672 3528 2726 hanc
3566 2688 3731 2741 syno-

2172 2762 2321 2824 dum,
2359 2763 2762 2818 Eucbaristiam
2803 2765 2914 2819 vita
2962 2763 3167 2821 functis
3202 2765 3442 2835 prabere
3472 2780 3539 2818 ne
3570 2767 3730 2819 liceat

2171 2855 2516 2909 interdictum
2548 2866 2650 2911 est.

2169 2947 2396 3003 ARIST.
2440 2969 2457 3001 ι
2496 2948 2725 3020 Corpori
2776 2956 2994 3005 mortuo
3045 2958 3387 3005 sacramenta
3438 2964 3548 3004 non
3599 2957 3727 3004 sunt

2650 3060 2669 3093 ι
2708 3042 3182 3096 communicanda.
3224 3060 3243 3093 ι

2238 3134 2504 3200 Quoniam
2540 3133 2797 3203 scriptum
2833 3144 2910 3188 est
2938 3151 2952 3187 :
2984 3133 3233 3204 Accipite,
3271 3135 3443 3199 edite,-
3475 3148 3538 3188 ac
3578 3124 3724 3187 mor-

2168 3237 2383 3283 tuorum
2415 3224 2577 3297 254
2606 3240 2897 3295 corporum
2930 3241 3031 3280 nec
3066 3228 3310 3293 accipere
3346 3234 3593 3295 possunt,
3625 3241 3723 3279 nec

2165 3319 2452 3374 comedere
2478 3336 2493 3373 :
2524 3332 2686 3372 nemo
2714 3317 2943 3371 mortuis
2978 3316 3166 3371 divina
3195 3328 3537 3373 sacramenta
3573 3332 3722 3372 com-

2166 3408 2483 3465 municabit.

2570 3570 2577 3573 ν
2666 3498 2895 3556 CANON
2931 3499 3213 3557 Lxxxw.
3581 3563 3588 3570 ,

2171 3611 2190 3645 ι
2227 3591 2530 3649 Canonicas
2557 3591 2783 3646 Patrum
2809 3594 2952 3663 leges
2983 3601 3295 3659 sequentes,
3328 3590 3393 3647 de
3419 3590 3719 3646 infantibus

2240 3704 2260 3736 σ
2298 3699 2516 3754 quoque
2560 3685 2933 3749 decernimus,
2964 3688 3180 3754 quoties
3222 3700 3331 3738 non
3366 3658 3754 3738 inveniuntur‘

2240 3792 2260 3826 ι
2303 3774 2441 3828 firmi
2489 3784 2676 3839 testes,
2716 3775 2808 3842 qui
2846 3789 2942 3829 eos
2989 3774 3214 3828 indubie
3259 3773 3561 3844 baptizatos
3598 3790 3720 3829 esse

2239 3885 2259 3918 ι
2299 3866 2511 3929 dicant,
2540 3883 2639 3922 nec
2668 3866 2772 3937 ipsi
2799 3874 3021 3935 propter
3046 3875 3258 3921 aetatem
3288 3866 3355 3922 de
3385 3866 3487 3920 sibi
3520 3866 3719 3919 tradito

2241 3976 2261 4010 ‹
2300 3959 2561 4028 mysterio
2590 3965 2716 4027 apte
2739 3957 3071 4026 respondere
3104 3959 3335 4027 possint,
3368 3959 3566 4014 debere
3601 3959 3718 4013 sine

2232 4068 2254 4102 ι
2293 4050 2399 4103 ulla
2445 4048 2744 4103 offensione
2794 4047 3059 4117 baptizari
3103 4067 3116 4102 :
3153 4064 3219 4102 ne
3268 4048 3407 4104 forte
3450 4048 3715 4117 ejusmodi

2198 4159 2255 4195 ει
2297 4140 2567 4196 dubitatio
2594 4156 2688 4196 eos
2726 4139 2820 4196 tali
2852 4140 3160 4195 sanctitatis
3186 4140 3424 4210 puritate
3457 4140 3648 4210 privet.
3690 4156 3708 4190 ›

1980 4382 2039 4475 7'.
2081 4382 2167 4467 D‘

2228 4522 2419 4588 BALS.
2479 4531 2665 4586 Patres
2741 4532 2834 4600 qui

2153 4640 2381 4695 quorum
2412 4638 2650 4693 praasens
2679 4638 2854 4676 canon
2882 4621 3150 4686 meminit,
3183 4636 3349 4674 unttm
3378 4620 3705 4687 baptismum

2151 4714 2474 4769 confitentes
2503 4729 2569 4766 ex
2594 4715 2765 4767 sancti
2791 4698 3021 4781 symboli
3049 4712 3555 4780 comprehensione,
3584 4724 3709 4763 can.

2152 4807 2593 4870 72,statuerunt,
2649 4811 2708 4858 ut
2763 4803 2867 4871 qui.
2912 4802 2967 4855 in
3013 4801 3238 4857 infantia
3288 4802 3546 4856 dicuntur
3590 4816 3710 4854 esse

2149 4892 2405 4962 baptizati
2437 4892 2552 4947 sive
2576 4907 2706 4957 non,
2736 4892 2782 4946 si
2810 4905 2922 4944 non
2946 4891 3057 4945 sint
3091 4890 3230 4946 ﬁrmi
3262 4898 3452 4954 testes,
3489 4878 3578 4958 qui
3610 4904 3704 4942 eos

2920 4528 3249 4600 Carthagine
3310 4540 3707 4588 convenerant.

1727 5027 1917 5089 Guill.
1949 5028 2279 5108 Beveregii
2325 5034 2511 5089 noue.

567 5171 677 5247 (944)
703 5170 834 5240 Τοῖς
858 5173 1193 5247 κανονικοῖς
1211 5173 1327 5247 τῶν
1346 5174 1618 5247 Πατέρων
1631 5177 1892 5247 θεσμοῖς.
1917 5177 2049 5242 lloc,

494 5243 752 5296 nimirum
811 5252 874 5295 ut
922 5245 1191 5310 infantes,
1244 5246 1311 5298 de
1358 5245 1553 5313 quibus
1602 5243 1914 5310 dubitatur,
1979 5264 2049 5304 an

496 5312 749 5386 ba‘ptizati
784 5313 1003 5386 fuerint,
1028 5316 1095 5367 ab
1120 5314 1360 5386 Ecclesia
1380 5312 1660 5386 Catholica
1684 5318 2047 5386 baptizentur,

491 5397 528 5459 a_
550 5382 801 5459 Patribus
828 5382 1261 5459 Africanis_ante
1292 5385 1565 5459 decretum
1602 5385 1722 5459 fuit,
1756 5382 1876 5459 syn.
1912 5382 2047 5442 Caré

492 5453 828 5521 tbaginensis
862 5468 1067 5508 canone
1105 5455 1192 5516 75,
1220 5454 1378 5523 cujus
1410 5458 1522 5523 ipsa
1551 5457 1713 5511 etiam
1758 5453 1918 5521 verba
1959 5460 2048 5511 hic

494 5531 812 5599 repetuntur
849 5542 863 5577 :
908 5533 967 5576 ut
998 5524 1277 5599 indubiunt
1312 5528 1381 5578 sit
1409 5542 1503 5580 eos
1540 5541 1658 5599 esse
1690 5526 2047 5599 Patres‘,iqui

492 5593 581 5666 l_t_ic
608 5605 1119 5666 commemorantur.
1152 5594 1291 5648 Idem
1322 5605 1508 5666 postea
1531 5612 1559 5647 a
1590 5595 1846 5666 Gregorio
1870 5593 2045 5661 lein

496 5661 870 5719 Dccretatibus
893 5666 1248 5720 constitututu
1272 5661 1374 5729 est,
1402 5665 1475 5720 De
1496 5667 1680 5736 quibus
1699 5661 1918 5739 dubium
1946 5677 2044 5730 est,

2148 5197 2219 5234 an
2254 5180 2507 5245 baptizati
2536 5180 2752 5248 fuerint,
2789 5180 3121 5247 baptizentur
3152 5181 3232 5233 his
3266 5179 3430 5234 verbis
3463 5182 3705 5250 praemis-

2146 5251 2346 5313 sis,‘Si
2392 5252 2687 5318 baptizatus
2734 5267 2788 5304 es
2841 5268 2943 5303 non
2990 5259 3039 5304 te
3091 5251 3333 5316 baptizo;
3373 5256 3461 5304 sed
3512 5254 3557 5305 si
3604 5269 3705 5305 non

2147 5321 2443 5384 baptizatus
2488 5337 2562 5384 es,
2614 5337 2737 5389 ergo
2792 5330 2841 5373 te
2873 5321 3104 5389 baptizo,
3149 5331 3249 5374 etc.
3284 5321 3493 5375 Decret.
3543 5320 3703 5390 Greg.

2151 5390 2186 5442 Ι.
2223 5405 2305 5443 ιιι.
2336 5390 2418 5443 tit.
2452 5390 2543 5443 42.
2573 5405 2623 5443 c.
2648 5390 2705 5443 2.

2175 5428 2186 5441 .
2223 5405 2305 5445 ιιι.
2336 5390 2418 5444 tit.
2452 5390 2543 5454 42,
2573 5405 2623 5445 c.
2648 5390 2705 5443 2.

2222 5459 2332 5529 (95)
2366 5463 2654 5526 Λέγοντες
2680 5459 2777 5513 καί
2801 5460 2942 5515 οὐδὲ
2969 5461 3173 5515 ταῦτα.
3207 5459 3262 5514 In
3297 5460 3485 5515 codice
3516 5462 3705 5514 Amer-

2151 5528 2422 5601 bacbiano
2447 5529 2658 5601 legitur,
2685 5530 2934 5598 λέγοντες
2960 5532 3081 5601 οὐδὲ
3104 5531 3257 5586 αὑτά.
3285 5531 3342 5584 1η
3367 5547 3484 5601 syn.
3517 5531 3698 5584 Cartb.

2154 5612 2275 5651 can.
2312 5596 2401 5667 75,
2437 5599 2580 5652 unde
2620 5601 2704 5653 bic
2739 5596 3139 5665 transcribitur,
3178 5596 3417 5667 λέγοντες
3449 5602 3542 5655 καὶ
3579 5601 3697 5653 οὐδὲ

2154 5667 2311 5722 αὐτὰ.
2349 5665 2406 5723 In
2445 5668 2681 5725 editione
2710 5670 3005 5733 Parisiensi
3042 5665 3286 5741 λέγονται
3315 5668 3590 5728 scribitur.
