4092 6214
388 240 495 306 795

1636 241 1923 307 THEOD.
1958 242 2358 313 BALSAMON

3513 240 3621 304 796

384 371 512 412 esse
539 355 850 427 baptizatos
878 356 1036 426 plene
1065 367 1120 415 et
1148 359 1357 432 integre
1388 361 1642 431 probent.
1668 360 1948 432 baptizen-

2067 356 2330 439 μάρτυρες
2361 355 2570 427 βέϐαιοι
2599 356 3073 428 πληροφοροῦντες
3090 354 3290 420 αὐτοὺς
3311 355 3622 427 βαπτισθῆ-

386 456 498 503 tur.
534 450 629 506 His
652 465 781 521 ergo
811 458 1207 521 consequenter
1243 452 1433 510 Patres
1467 454 1522 510 in
1556 455 1814 524 przesenti
1847 469 1943 510 ca-

387 556 536 611 none
579 558 643 597 ea
694 543 806 613 ipsa
847 553 1179 609 statuerunt,
1227 562 1349 616 quae
1403 555 1457 601 et
1487 548 1583 619 qui
1624 548 1953 619 Carthagine

391 644 763 688 convenerunt
807 634 1085 704 jusserunt
1134 655 1147 691 :
1186 646 1247 693 ut
1280 639 1315 694 ii
1353 640 1567 695 scilicet
1608 639 1954 708 baptizaren-

392 733 502 789 tur,
530 728 598 781 de
635 728 836 796 quibus
867 728 1239 793 dubitabatur,
1269 746 1337 784 an
1371 731 1626 801 baptizati
1663 742 1868 797 essent,
1906 733 1952 788 si

397 831 498 870 nec
528 816 601 869 illi
636 816 735 884 ipsi
764 817 995 886 probare
1018 821 1228 887 possint
1252 836 1310 877 se
1334 821 1505 877 fuisse
1537 822 1861 892 baptizatos,
1890 837 1955 876 eo

396 907 541 977 quod
604 909 849 963 nesciant
896 910 1027 978 qttid
1086 912 1191 967 sibi
1235 913 1285 965 in
1338 913 1571 969 infantia
1625 914 1825 972 factum
1883 918 1955 970 sit

392 1001 539 1067 (nam
578 1002 734 1070 κεῐρα
764 1011 852 1058 est
885 1012 1015 1058 artas
1052 1003 1413 1075 imperfecta),
1447 1022 1548 1059 nec
1576 1017 1748 1063 testes
1784 1008 1956 1061 addu-

394 1097 550 1153 cunt,
587 1092 679 1160 qui
715 1086 948 1162 probent
988 1109 1082 1149 eos
1119 1094 1288 1150 fuisse
1319 1096 1649 1164 baptizatos.
1686 1097 1778 1151 Est
1810 1098 1953 1152 enim

396 1180 713 1247 timendum,
743 1199 810 1238 ne
843 1194 1065 1253 propter
1094 1186 1491 1241 dubitationem
1527 1187 1763 1243 infames
1798 1205 1956 1244 sacro

401 1273 725 1339 baptismate
758 1284 811 1329 et
847 1292 1012 1347 regno
1046 1280 1335 1343 caelorum,
1367 1281 1508 1346 quod
1552 1297 1645 1348 per
1690 1282 1738 1334 id
1772 1283 1953 1342 datur,

396 1364 702 1431 priventur.
732 1379 890 1437 prout
927 1379 1011 1424 est
1042 1386 1141 1423 vox
1182 1370 1388 1425 Domini
1417 1373 1675 1430 dicentis.
1702 1376 1818 1427 Nisi
1841 1376 1956 1439 quis

395 1468 490 1513 per
526 1474 711 1524 nquam
749 1470 798 1511 et
833 1458 1086 1528 Spiritum
1126 1470 1339 1515 renatus
1372 1463 1555 1531 fuerit,
1594 1483 1701 1518 non
1741 1467 1955 1519 intrabit

388 1546 453 1597 ‘in
487 1562 698 1614 regnum
733 1552 976 1604 caelorum
1007 1553 1072 1606 ’³.
1103 1551 1227 1607 Haec
1260 1565 1440 1608 autem
1472 1558 1773 1611 constituta
1806 1572 1954 1622 sunt,

401 1639 661 1702 quoniam
696 1656 802 1694 non
837 1645 1222 1706 permittebant
1258 1647 1445 1716 aliqui,
1476 1660 1531 1701 ut
1562 1651 1698 1703 tales
1740 1660 1959 1719 [ιι-θρίοι-

401 1726 794 1783 dubitationem
850 1731 1252 1801 baptizarcntur

404 1820 663 1890 baptizati
692 1821 927 1891 fuerant,
958 1829 1301 1898 rebaptizare
1340 1832 1675 1887 viderentur.
1711 1833 1782 1887 De
1809 1849 1870 1887 ea
1905 1850 1960 1887 re

405 1922 584 1966 autem
621 1930 762 1984 saepe
795 1919 1057 1988 synodice
1081 1925 1452 1979 controversia
1479 1936 1665 1979 exorta
1701 1936 1803 1980 est.
1827 1925 1960 1981 Cum

405 2005 549 2057 cnim
586 2006 825 2062 infantes
861 2026 929 2065 ex
958 2014 1395 2069 Christianomm
1430 2019 1650 2082 regione
1684 2035 1711 2072 a
1744 2018 1962 2089 Scythis

402 2107 459 2153 et
494 2102 757 2169 Agarenis
793 2105 932 2159 bello
966 2108 1110 2175 capti
1144 2118 1356 2170 essent,
1386 2120 1439 2164 et
1474 2110 1740 2167 Romanis
1771 2113 1960 2167 diven-

403 2191 522 2249 diti.
554 2194 859 2251 dubitatum
887 2210 992 2263 est,
1025 2215 1092 2252 an
1130 2210 1378 2269 oporteat
1412 2205 1755 2258 venundatos
1785 2205 1963 2273 bapti-

356 2315 365 2335 .
405 2283 538 2337 zari.
562 2284 979 2344 Dicebantenim
996 2294 1273 2354 nonnulli.
1291 2295 1547 2364 quoniam
1571 2312 1632 2351 ex
1657 2297 1964 2352 Christiana

402 2377 623 2445 regione
666 2383 807 2450 capti
852 2394 1013 2448 sunt,
1063 2390 1414 2457 praesumptio
1451 2400 1535 2445 est
1563 2407 1657 2446 eos
1701 2392 1869 2447 fuisse
1910 2394 1962 2447 in

408 2469 625 2536 regione
661 2470 965 2541 baptizatos
999 2476 1052 2530 in
1097 2476 1347 2559 infantia,
1384 2495 1487 2534 nec
1530 2480 1964 2548 rebaptizandos.

406 2557 616 2614 Placuit
642 2579 771 2618 vero
812 2568 995 2633 potius
1040 2557 1395 2637 Itaptizaudos
1438 2587 1579 2637 esse,
1612 2587 1677 2626 eo
1721 2574 1863 2641 quod
1912 2574 1964 2628 hi

402 2654 675 2719 nesciant,
704 2671 777 2711 an
813 2658 869 2712 in
909 2658 1137 2714 infantia
1185 2662 1443 2729 haptizati
1479 2663 1704 2727 fuerint,
1740 2680 1839 2719 uec
1873 2665 1964 2719 ulli

409 2743 755 2800 inveniantur
776 2750 867 2817 qui
903 2751 1229 2820 baptismum
1257 2752 1547 2808 aﬂirment.
1579 2756 1653 2810 De
1678 2755 1743 2811 iis
1766 2766 1968 2823 autem,

410 2835 500 2901 qui
534 2851 598 2911 et;
644 2837 941 2893 infidelium
989 2841 1215 2912 regione
1252 2845 1564 2913 capiuntur,
1597 2860 1693 2901 eos
1726 2861 1847 2901 esse
1873 2847 1968 2900 ba-

413 2918 695 2991 ptizandos
724 2929 1034 2984 indistincte
1060 2941 1329 2987 statutum
1357 2944 1439 2989 est
1470 2953 1483 2988 :
1518 2936 1622 2990 nisi
1652 2944 1817 2991 testes
1840 2951 1973 3007 pro-

415 3018 672 3071 ﬁteantur
702 3035 796 3083 eos
850 3031 974 3090 post
1016 3026 1391 3094 captivitatem
1441 3027 1614 3083 fuisse
1644 3028 1966 3099 baptizatos.

2053 468 2161 507 ναι.
2200 448 2532 513 Ἀκολούθως
2555 448 2649 503 οὖν
2672 449 2883 512 τούτοις
2918 448 3350 520 ὲθεσμοθέτησαν
3376 450 3425 502 oi
3452 450 3623 503 Πατέ-

2059 559 2149 615 ρες
2186 543 2243 596 ἐν
2264 542 2343 613 τῷ
2366 543 2593 613 παρόντι
2628 543 2811 599 κανόνι
2857 542 2995 598 αὐτὰ
3048 544 3249 608 ἐκεῖνα,
3290 541 3389 595 ὅσα
3445 544 3538 599 καὶ
3571 545 3619 595 οἱ

2019 614 2029 645 ι’
2054 614 2111 689 ὲν
2140 633 2463 705 Καρθαγένῃ
2490 633 2836 695 συνελθόντες
2874 634 3346 702 παρεκελεύσαντο
3372 650 3385 663 ⁸
3421 634 3616 705 δῆλον·

2054 730 2134 783 ότι
2190 727 2539 796 βαπτίζεσθαι
2556 726 2685 790 τοὺς
2709 725 3216 796 ἁμφιϐαλλομένους
3238 726 3622 796 βαπτισθῆναι,

2055 822 2105 877 εἰ
2136 822 2272 890 μήτε
2306 821 2459 873 αὐτοὶ
2498 821 2697 872 ἐκεῖνοι
2758 818 2869 886 (96)
2898 818 3150 873 δύνανται
3202 818 3621 888 πληροιρορῆσαι

2054 912 2114 963 τὸ
2144 910 2527 979 βαπτισθῆναι,
2585 910 2673 962 διὰ
2730 910 2790 962 τὸ
2823 909 2899 979 μὴ
2949 910 3146 963 εἰδέναι
3199 911 3252 963 τί
3295 910 3517 978 γέγονεν
3548 912 3622 972 εἰς

2054 1002 2274 1066 τούτους
2323 1003 2379 1053 ὲν
2432 1002 2717 1071 νηπιότητι
2780 1004 2977 1071 (κεῖρα
3014 1000 3121 1071 γάρ
3176 1003 3322 1056 ἐστιν
3365 1001 3624 1072 ήάτελὴς

2055 1094 2268 1167 ἡλικία)
2304 1092 2439 1162 μηδὲ
2462 1092 2736 1162 μάρτυρες
2768 1094 3111 1163 παράγονται
3152 1090 3655 1163 πληροφοροῦντες.

2054 1189 2115 1241 τὸ
2146 1186 2511 1256 βαπτισθῆναι
2541 1185 2763 1247 αὐτούς.
2794 1185 2923 1249 Δέος
2962 1185 3070 1258 γάρ
3127 1187 3243 1239 ἐστι
3285 1187 3494 1256 μήποτε
3540 1185 3629 1241 διὰ

2054 1281 2145 1334 τὸν
2168 1279 2468 1349 δισταγμὸν
2516 1276 2930 1348 ἁποστερηθῶσι
2981 1278 3048 1331 τὰ
3110 1280 3279 1348 νήπια
3313 1278 3407 1335 τοῦ
3480 1278 3624 1333 θείου

2054 1373 2457 1444 βαπτίσματος.
2490 1372 2583 1427 καὶ
2612 1370 2712 1440 τῆς
2743 1371 2830 1427 διὰ
2855 1370 3012 1423 τοῦτο
3034 1370 3321 1441 διδομένης
3353 1370 3627 1443 βασιλείας

2056 1465 2164 1519 τῶν
2202 1462 2465 1533 οὐρανῶν,
2508 1462 2648 1517 κατὰ
2678 1463 2778 1529 τὴν
2812 1463 2907 1515 τοῦ
2933 1463 3139 1529 Κυρίου
3172 1461 3355 1529 φωνὴν
3386 1461 3499 1530 (97)
3528 1462 3627 1529 τὴν

2057 1557 2343 1625 λέγουσαν·
2362 1557 2431 1609 Εἰ
2462 1554 2547 1623 μή
2585 1572 2673 1621 τις
2702 1553 2968 1623 γεννηθῇ
2993 1554 3068 1607 δι’
3093 1553 3309 1619 ὕδατος
3341 1553 3435 1605 καὶ
3455 1555 3632 1608 πνεύ-

2056 1668 2264 1722 ματος,
2296 1653 2367 1704 οὐ
2398 1649 2477 1715 μὴ
2500 1647 2742 1714 εἰσέλθῃ
2776 1650 2862 1713 είς
2885 1647 2999 1714 τὴν
3014 1647 3348 1711 ,βασιλείαν
3380 1644 3499 1698 τῶν
3530 1647 3631 1700 οὐ·

1302 1756 1314 1791 :
1373 1754 1439 1792 ne
1490 1754 1623 1803 eos,
1664 1741 1761 1809 qui
1805 1750 1963 1793 antea

2067 1743 2282 1810 ρανῶγ.
2312 1742 2497 1795 Ταῦτα
2530 1742 2585 1795 δὲ
2622 1740 3067 1811 νενομοθέτηται,
3101 1740 3183 1792 ὅτι
3211 1738 3355 1800 τινες
3389 1738 3451 1789 ού
3490 1755 3657 1807 παρο-

2063 1835 2407 1909 εχώρουνδιὰ
2434 1834 2530 1903 τὴν
2556 1833 2886 1902 ἀμφιϐολίαν
2910 1830 3270 1901 βαπτίζεσθαι
3301 1831 3427 1891 τοὺς
3459 1828 3635 1882 τοιού-

2061 1943 2210 1991 τους,
2234 1927 2321 1979 ἵνα
2356 1925 2431 1995 μὴ
2469 1924 2697 1989 δόξωσιν
2728 1922 3125 1987 ἁναϐαπτίξειν
3175 1922 3301 1983 τοὺς
3327 1921 3633 1999 προϐαπτι-

2065 2017 2307 2080 σθέντας.
2359 2016 2493 2086 Περὶ
2550 2017 2607 2069 δὲ
2661 2015 2852 2070 τούτου
2908 2015 3172 2076 πολλάκις
3222 2012 3631 2083 ἀμφισϐήτησις

2067 2110 2254 2178 γέγονε
2294 2109 2612 2171 συνοδικῶς.
2647 2108 2877 2177 Νηπῐων
2926 2108 3033 2189 γὰρ
3067 2106 3189 2160 ιάπὸ
3238 2105 3631 2176 Χριστιανικῆς

2063 2203 2247 2275 χώρας
2282 2201 2827 2273 αἰχμαλωτισθέντων
2869 2200 3013 2262 παρὰ
3064 2198 3286 2250 Σκυθῶν
3336 2201 3429 2251 καὶ
3473 2198 3633 2263 Ἀγα-

2068 2293 2263 2364 ρηνῶν.
2305 2294 2396 2345 καὶ
2431 2291 2842 2361 διαπραθέντων
2873 2291 3005 2360 πρὸς
3043 2288 3370 2358 Ῥωμαίους,
3394 2289 3631 2357 ἀμφιϐο-

2062 2385 2154 2439 λία
2181 2385 2423 2451 γέγονεν,
2460 2385 2508 2435 εί
2535 2384 2640 2454 χρὴ
2686 2382 2812 2445 τοὺς
2844 2380 3193 2451 πῳληθέντας
3253 2379 3628 2453 βαπτισθῆναι.

2071 2476 2299 2543 Ἔλεγον
2329 2474 2437 2544 γάρ
2459 2491 2602 2535 τινες
2632 2473 2726 2539 ὡς,
2748 2472 2867 2525 ἐπεὶ
2900 2472 3006 2527 ἀπὺ
3034 2472 3421 2541 Χριστιανικῆς
3448 2470 3628 2540 χώρας

2066 2567 2587 2639 ᾐχμαλωτίσθησαν,
2640 2563 2909 2634 πρόληψις
2951 2565 3066 2616 ἐστι
3100 2562 3460 2633 βαπτισθῆναι
3493 2564 3627 2615 κατὰ

2060 2660 2251 2731 χώραν
2282 2662 2339 2713 ὲν
2368 2660 2678 2728 νηπιότητι,
2713 2660 2808 2710 καὶ
2828 2658 2889 2709 οὐ
2917 2656 3021 2726 χρὴ
3050 2655 3204 2717 αὖθις
3231 2654 3629 2723 ἀναϐαπτισθῆ-

2068 2772 2176 2810 ναι.
2211 2755 2412 2823 Ἥρεσε
2448 2754 2502 2805 δὲ
2534 2753 2731 2822 μᾶλλον
2759 2750 2995 2818 ὀφείλειν
3010 2747 3404 2818 βαπτισθῆναι,
3437 2748 3523 2800 διὰ
3570 2750 3631 2799 τὸ

2071 2846 2147 2917 μὴ
2186 2846 2384 2898 εἰδέναι
2434 2844 2655 2905 τούτους
2685 2844 2731 2895 εί
2763 2844 2821 2894 ὲν
2855 2841 3145 2910 νηπιότητι
3197 2839 3630 2909 ἐϐαπτίσθησαν,

2064 2940 2210 3009 μήτε
2244 2938 2398 2999 τινὰς
2422 2937 2779 3007 εὑρίσκεσθαι
2803 2933 3318 3000 διαϐεϐαιουμένους
3351 2934 3408 2985 τὸ
3440 2933 3631 3001 βάπτιυ

2072 3048 2204 3098 σμα.
2239 3031 2372 3097 Περὶ
2404 3030 2457 3082 δὲ
2491 3029 2595 3080 τῶν
2626 3028 2731 3080 ἀπὸ
2754 3028 2933 3097 χώρας
2962 3026 3204 3079 ἀπίστων
3234 3024 3649 3093 αἰχμαλωτιζοε

412 3108 681 3180 Tempore
738 3124 917 3168 autem
981 3118 1317 3173 sanctissimi
1375 3123 1705 3188 patriarchae
1761 3121 1965 3176 domini

2077 3090 2254 3191 μένων
2277 3090 2482 3190 ὡρίσθη
2512 3090 2873 3181 ἀδιαστίκτωυς
2922 3117 3118 3179 αὐτοὺς
3170 3090 3554 3185 βαπτίζεσθαι·
3583 3118 3628 3168 εἰ

412 3201 573 3256 Luca:
609 3207 872 3274 synodice
906 3206 1201 3262 adfuerunt
1238 3210 1493 3280 Agareni,
1532 3222 1586 3266 ιτι
1622 3229 1743 3267 cum
1788 3216 1853 3268 ah
1891 3215 1970 3269 eis

413 3292 780 3359 postularetur
818 3305 872 3348 ιιι
921 3294 1346 3363 baptizareotur,
1393 3300 1670 3364 dixerunt,
1723 3302 1865 3369 quod
1916 3302 1969 3356 in

415 3384 530 3436 suis
562 3386 874 3453 regionibus
912 3398 1069 3443 antea
1118 3391 1375 3457 Itaptizati
1425 3391 1664 3447 fuerant.
1700 3392 1767 3447 Et
1807 3395 1973 3447 inter-

422 3477 593 3543 rogati
624 3479 897 3545 quomodo
925 3485 1344 3552 responderunt,
1374 3500 1495 3539 esse
1520 3486 1970 3540 consuetudinem

419 3576 475 3617 ut
512 3579 701 3621 omnes
733 3568 1104 3637 Agarenorum
1142 3572 1379 3629 infantes
1415 3577 1483 3629 ab
1516 3576 1841 3631 orthodoxis
1888 3594 1975 3633 sa-

419 3657 738 3714 cerdotibus
798 3663 1208 3731 baptizarentur
1261 3682 1274 3718 :
1335 3680 1441 3720 non
1502 3675 1683 3720 tamen
1746 3670 1975 3724 admissi

420 3751 661 3803 fuerunt.
708 3752 1010 3808 Audierant
1052 3752 1219 3820 enim,
1261 3759 1404 3827 quod
1442 3759 1765 3829 baptismus,
1811 3779 1973 3832 quem

418 3842 666 3899 inﬁdeles
703 3859 732 3897 a
756 3846 1094 3919 .Christianis
1129 3860 1338 3919 petunt,
1378 3867 1485 3907 non
1520 3854 1659 3907 bona
1688 3855 1977 3911 atiectione

418 3945 472 3989 et
496 3937 802 3992 orthodoxa
833 3943 1111 4012 preposito
1138 3946 1343 4013 petitur
1371 3962 1386 4011 ;
1412 3946 1508 4000 sed
1537 3956 1760 4017 propter
1778 3963 1977 4017 corpo-

417 4031 584 4084 ralem
622 4032 968 4089 medicinam.
1011 4037 1334 4092 Persuasum
1375 4047 1461 4093 est
1505 4040 1648 4094 enim
1687 4041 1975 4110 Agarenis,

420 4120 537 4174 fore
568 4130 627 4179 ut
660 4123 744 4175 sui
784 4122 939 4176 liberi
973 4138 1001 4177 a
1030 4126 1275 4179 dtemone
1312 4136 1596 4188 vexentur,
1629 4137 1685 4182 et
1717 4138 1975 4197 tanquam

424 4227 588 4266 canes
638 4215 777 4267 male
816 4215 1016 4280 oleant,
1065 4216 1168 4271 nisi
1228 4218 1555 4286 baptismum
1606 4219 1975 4273 Christianum

2074 3214 2149 3284 μὴ
2179 3214 2458 3283 μάρτυρες
2479 3210 2803 3282 ὁμολογοῦσι
2834 3209 3207 3280 βαπτισθῆναι
3243 3208 3463 3270 τούτους
3496 3198 3633 3277 pia-:3:

2062 3306 2167 3375 τὴν
2196 3306 2594 3375 αἰχμαλωσίαν.
2632 3303 2755 3357 Ἐπὶ
2788 3303 2843 3357 δὲ
2882 3302 2990 3354 τῶν
3008 3301 3232 3370 ἡμερῶν
3264 3298 3359 3353 τοῦ
3396 3301 3631 3367 ἁγιωτά-

2068 3395 2162 3449 τοῦ
2192 3395 2530 3465 πατριάρχου
2550 3393 2716 3463 κυροῦ
2745 3393 2931 3445 Λουκᾶ
2960 3390 3312 3461 παρέστησαν
3336 3390 3633 3460 Ἀγαρηνοὶ

2073 3487 2383 3551 συνοδικῶς,
2409 3488 2503 3540 καὶ
2532 3487 2922 3555 ἀπαιτούμενοι
2960 3485 3347 3555 βαπτισθῆναι,
3383 3480 3538 3536 εἷπον
3562 3484 3635 3545 ὡς

2072 3580 2311 3650 ἔφθασαν
2341 3582 2420 3642 είς
2476 3581 2575 3641 τὰς
2622 3578 2805 3650 χώρας
2861 3579 3041 3632 αὐτῶν
3088 3577 3486 3647 βαπτισθῆναι.
3520 3577 3637 3635 Καὶ

2070 3674 2414 3743 ἐρωτώμενοι
2449 3673 2616 3735 ὅπως,
2643 3672 3056 3742 ἀπελογήσαντο
3099 3670 3180 3723 ὅτι
3217 3668 3475 3737 συνήθειά
3524 3670 3637 3720 ὲστι

2076 3765 2251 3817 πάντα
2280 3762 2350 3817 τὰ
2384 3762 2550 3833 νήπια
2581 3759 2691 3813 τῶν
2736 3759 3055 3829 Ἀγαρηνῶν
3094 3756 3452 3827 βαπτίζεσθαι
3484 3757 3637 3825 παρὰ

2075 3854 2367 3931 ὀρθοδόξων
2400 3854 2622 3923 ἱερέων·
2655 3851 2768 3904 ἀλλ’
2795 3853 2855 3902 οὐ
2890 3848 3323 3920 παρεδέχθησαν.
3356 3849 3637 3900 Ἰἰκουσαν

2076 3949 2185 4018 γὰρ
2219 3951 2294 4010 ὠς
2325 3947 2384 3999 τὸ
2420 3945 2573 4015 παρὰ
2618 3945 2727 3997 τῶν
2762 3942 3005 3997 ἀπίστων
3039 3942 3376 4011 ζητούμενον
3401 3942 3505 3994 ἀπὸ
3531 3941 3638 3993 τῶν

2078 4039 2421 4109 Χριστιανῶν
2453 4038 2737 4107 βάπτισμα
2760 4036 2818 4088 οὐ
2849 4035 2989 4087 κατὰ
3024 4032 3266 4086 διάθεσιν
3311 4033 3525 4101 ἀγαθὴν
3548 4033 3637 4086 καὶ

2078 4131 2396 4202 προαίρεσιν
2422 4128 2702 4199 ὀρθόδοξον
2730 4125 3162 4192 ζητεῖται,¹ἁλλὰ
3210 4124 3297 4177 διὰ
3339 4125 3637 4194 θεραπείαν

2081 4224 2418 4293 σωματικήν.
2452 4220 2706 4275 Δέδοκται
2731 4218 2838 4287 γὰρ
2874 4218 3025 4287 παρὰ
3058 4219 3169 4279 τοῖς
3216 4217 3545 4286 Ἀγαρηνοίς
3574 4215 3640 4268 τὰ

426 4313 806 4373 assequamur.
848 4307 1235 4371 Quamobrem,
1265 4326 1371 4362 non
1418 4318 1474 4362 ut
1504 4311 1746 4364 omnium
1785 4312 1966 4365 anima

2078 4319 2241 4371 τέκνα
2273 4318 2477 4369 τούτων
2505 4315 2765 4384 δαιμονλᾷν
2795 4314 2889 4368 καὶ
2920 4311 3063 4364 κατὰ
3085 4310 3253 4373 κύνας
3283 4310 3451 4374 ὄζειν,
3485 4312 3530 4363 εἰ
3568 4308 3640 4378 μὴ

426 4399 701 4452 sordidum
752 4401 1153 4467 mundatorem,
1205 4403 1511 4474 divinaeque
1566 4405 1704 4457 lucis
1750 4414 1804 4459 et
1850 4420 1966 4459 san-

2085 4408 2459 4479 βαπτίσματος
2512 4408 2714 4476 τύχωσι
2744 4403 3161 4477 Χριστιανικοῦ.
3197 4400 3513 4455 Κάντεῦθεν
3541 4402 3640 4470 οὐχ

370 4562 378 4573 ι
427 4493 770 4572 cg‘licationis
829 4496 1214 4564 praebitorem,
1272 4497 1604 4567 baptismum
1655 4500 1977 4566 postulant;

426 4586 518 4640 sed
553 4594 807 4653 tanquam
834 4589 1154 4642 veneficium
1189 4600 1244 4643 et
1274 4589 1718 4644 incantationem.
1751 4589 1978 4656 Quidam

426 4686 607 4731 autem
632 4693 816 4732 eorum
835 4679 1092 4735 dicebant
1109 4693 1166 4735 se
1189 4690 1393 4735 matres
1416 4680 1611 4734 habere
1630 4680 1980 4747 orthodoxas,

426 4783 598 4838 seque
628 4784 813 4823 earum
842 4785 973 4825 cura
1005 4770 1173 4825 fuisse
1200 4772 1267 4826 ab
1288 4772 1607 4827 orthodoxis
1633 4772 1938 4841 baptizatos
1964 4788 1979 4826 :

427 4859 525 4915 sed
566 4876 667 4915 nec
699 4862 1002 4917 ii'exauditi
1023 4870 1171 4925 sunt,
1196 4864 1455 4930 quoniam
1484 4872 1649 4919 testes
1671 4880 1776 4919 non
1808 4865 1984 4919 addu-

427 4952 649 5014 cebant,
694 4955 784 5021 qui
824 4953 926 5008 hoc
962 4954 1137 5022 ipsum
1192 4969 1289 5023 pro
1339 4954 1653 5008 testimonio
1702 4956 1981 5022 dicerent;

431 5045 541 5097 imo
574 5046 757 5114 potius
791 5045 1139 5102 condemnati
1178 5055 1327 5110 sunt,
1358 5047 1505 5115 quod
1542 5061 1648 5099 non
1690 5046 1887 5100 bonam
1919 5048 1986 5104 de

504 5180 549 5211 “
568 5179 727 5238 Joan.
761 5200 846 5249 ιιι,
882 5186 936 5240 ὅ.

2080 4502 2157 4564 ὡς
2190 4500 2558 4570 καθαρτήριον
2590 4500 2792 4560 παντὸς
2822 4497 3026 4567 ῥύπους
3051 4497 3309 4568 ψυχικοῦ,
3338 4497 3436 4550 καὶ
3464 4495 3641 4564 φωτὸς

2082 4592 2230 4645 θείου
2280 4591 2375 4646 καὶ
2410 4588 2688 4659 αγιασμοῦ
2726 4589 2969 4659 πάροχον
3024 4586 3420 4641 ἀνακαλοῦνται
3455 4587 3517 4639 τὸ
3553 4584 3643 4655 βά-

2082 4699 2312 4750 πτισμα.
2350 4681 2465 4734 ἀλλ’
2494 4682 2569 4742 ὡς
2607 4680 2955 4751 φαρμακείαν
2988 4679 3019 4748 ἦ
3053 4679 3288 4749 ἐπῳδήν.
3320 4676 3477 4739 Τινὲς
3506 4676 3561 4729 δὲ
3586 4673 3643 4737 ἐξ

2083 4774 2261 4829 αὐτῶν
2318 4767 2469 4829 εἶπον
2521 4772 2764 4843 μητέρας
2806 4771 2950 4842 ἔχειν
3000 4770 3339 4840 ὀρθοδὸξους,
3393 4769 3486 4822 καὶ
3538 4766 3643 4821 ἀπὸ

2086 4869 2324 4934 σπουδῆς
2356 4868 2560 4921 τούτων
2616 4866 2980 4934 βαπτισθῆναι
3020 4864 3216 4925 αὐτοὺς
3251 4862 3402 4931 παρὰ
3431 4860 3644 4930 ὀρθοδό-

2087 4959 2221 5023 ξων,
2248 4948 2661 5012 ἀλλὀῦδὲοῦτοι
2691 4954 3147 5026 είσηκούσθησαν,
3171 4955 3252 5005 ὅτι
3283 4953 3343 5004 οὐ
3364 4952 3642 5019 παρέστη-

2088 5065 2185 5101 σαν
2222 5047 2495 5118 μάρτυρες
2516 5046 2669 5100 τοῦτο
2693 5045 2821 5099 αὐτὸ
2852 5043 3271 5116 μαρτυροῦντες·
3323 5041 3525 5111 μᾶλλον
3546 5041 3643 5109 μὲν

1662 5297 1847 5359 Guill.
1882 5299 2211 5378 Beveregii
2240 5308 2423 5362 notas.

506 5399 615 5469 L96)
650 5401 713 5473 El
737 5402 888 5471 μήτε
915 5402 1080 5458 αὐτοὶ
1111 5402 1346 5458 ἐκεῖνοι.
1382 5400 1505 5457 [iam
1529 5401 1689 5455 verba
1718 5418 1893 5473 usque
1919 5406 1987 5458 ad

440 5469 795 5540 βππτισθῆναι
828 5476 879 5526 in
916 5491 1016 5529 ms.
1046 5474 1332 5529 Bodleiano
1358 5473 1762 5535 desiderantur,
1796 5469 1901 5528 setl'
1932 5477 1985 5528 in

440 5539 561 5591 aliis
591 5544 845 5595 Omnibus
877 5543 1146 5611 leguntur,
1187 5553 1239 5598 et
1270 5544 1455 5600 sensui
1484 5545 1794 5599 necessaria
1826 5553 1988 5609 sunt;

442 5622 507 5663 ac
535 5612 685 5678 proin
718 5628 779 5664 ea
814 5614 1151 5667 retiuuimus.

520 5681 635 5752 (97)
669 5683 829 5735 Κατὰ
858 5683 972 5750 τὴν
1002 5683 1109 5739 τοῦ
1136 5684 1358 5751 Κυρίου
1378 5683 1603 5753 φωνήν.
1644 5682 1818 5739 Etiam
1871 5685 1985 5741 hinc

2090 5422 2265 5475 uSque
2317 5406 2382 5458 ad
2436 5403 2542 5475 τὴν
2584 5403 2871 5475 βασιλείαν
2921 5400 3029 5454 τῶν
3083 5399 3343 5475 οὐρανῶν
3387 5401 3639 5475 inclusive

2090 5478 2144 5530 in
2180 5472 2299 5530 'nts.
2343 5472 2635 5528 Bodleiano
2670 5488 2779 5527 nou
2817 5474 3066 5541 leguntur
3103 5489 3114 5524 :
3146 5474 3242 5525 sed
3292 5472 3643 5525 nihilominus

2087 5561 2174 5609 ea,
2205 5548 2331 5614 quin
2364 5549 2416 5599 in
2441 5544 2559 5598 aliis
2585 5544 2863 5599 codicibus
2888 5547 3043 5607 tecta,
3074 5552 3325 5597 oio-uere
3347 5541 3639 5603 noluimus,

2081 5633 2156 5672 'ne
2191 5613 2341 5672 lucus
2367 5618 2587 5671 mutilus
2619 5613 2907 5669 vidct‘ctur.
