4092 6214
467 266 572 330 799

1710 267 1984 329 THEOD.
2026 266 2115 325 BA
2127 263 2426 327 LSAMON

3599 256 3697 318 800

466 397 616 445 cere,
663 396 731 437 eo
775 380 921 451 quod
966 380 1114 451 leges
1159 390 1213 436 ct
1248 376 1487 439 canones
1516 384 1755 439 libertati
1800 381 2031 437 maxime

2157 382 2408 443 ιπὸδειξιν
2442 377 2773 448 ἐλευθερίας,
2825 376 2913 431 διὰ
2945 376 3003 430 τδ
3041 372 3436 430 ἐπιθάλπεσθαι
3462 372 3617 443 παρά
3644 391 3699 425 τε

468 475 714 541 faveant;
769 482 825 529 et
869 474 1309 543 quandoquidem
1370 476 1661 544 cujuslibet
1713 476 1855 557 servi
1910 491 2030 544 pre-

468 567 605 621 tium
654 581 818 619 unam
853 566 1283 637 hyperpyrorum
1334 568 1525 622 libram
1566 583 1672 622 nou
1709 568 1943 631 excedit,
1977 568 2029 621 in

2130 472 2240 524 τῶν
2287 474 2468 539 νόμων
2514 471 2609 521 καὶ
2667 468 2775 522 τῶν
2837 466 3078 520 κανόνων
3117 466 3279 517 πλέον
3336 463 3560 516 πάντων
3606 462 3701 532 τὴν

2131 562 2475 630 ἐλευθερίαν⁸
2509 561 2682 624 ἄλλως
2715 560 2926 611 τειέπεὶ
2956 558 3055 610 οὐκ
3089 555 3441 625 ὑπερϐαίνειν
3482 544 3701 623 τίμημα

482 675 590 713 una
646 669 823 712 autem
887 660 1315 730 hyperpyrorum
1366 662 1501 716 libra
1554 664 1906 716 constitutum
1950 674 2034 716 est

2157 654 2317 705 νούλου
2364 651 2689 721 οίουδήτινος
2746 649 2874 719 μίαν
2933 646 3268 717 ὑπερπύρων
3312 646 3528 713 λίτραν,
3558 660 3704 695 νενο-

472 752 611 807 duos
642 761 809 806 testes
853 752 1115 817 suiIicere,
1159 757 1383 809 omnino
1444 764 1497 809 et
1546 757 2031 809 ad'osteudendam

471 844 781 897 libertatem
828 843 937 899 duo
978 854 1145 900 testes
1192 847 1482 910 suﬂicient,
1530 848 1783 917 praesenti
1839 847 2034 900 canoni

471 945 889 1007 consequenter,
922 942 1014 1009 qui
1047 949 1129 995 est
1163 956 1261 1010 pro
1296 942 1547 995 libertate
1574 942 1777 1003 editus,
1820 950 1873 994 et
1904 941 2037 995 dicit

472 1030 542 1086 ab
572 1033 728 1086 initio
760 1050 774 1085 :
811 1032 873 1087 In
906 1049 999 1087 ore
1043 1034 1275 1089 duorum
1306 1035 1388 1088 vel
1424 1035 1586 1087 trium
1620 1035 1839 1088 testium
1875 1034 2040 1088 stabit

474 1138 641 1177 omne
673 1124 900 1178 verbum
926 1142 941 1189 ;
967 1132 1019 1177 et
1050 1126 1190 1193 quod
1222 1141 1285 1179 ex
1319 1126 1632 1181 inﬁrmitate
1655 1128 2036 1195 probationum

476 1215 877 1270 inaestimabilis
922 1216 1149 1271 libertas
1191 1234 1294 1272 non
1345 1218 1505 1272 datur
1559 1220 1896 1284 adversario,
1946 1223 2039 1275 sed

477 1308 716 1360 servitus
764 1324 885 1376 quae
916 1310 1237 1371 aestimatur,
1286 1319 1346 1363 ut
1395 1296 1648 1379 superius
1685 1312 1890 1366 dictum
1936 1322 2039 1376 est,

476 1415 581 1468 qua
612 1402 773 1454 etiam
806 1402 952 1468 data,
981 1403 1225 1471 pecuniis
1251 1402 1570 1457 liberabitur
1592 1406 1682 1474 qui
1716 1405 1781 1458 ad
1813 1405 2036 1459 liberta-

481 1501 591 1547 tem
614 1493 942 1589 Iproclamal.

548 1667 691 1739 Lege
722 1668 883 1722 etiam
923 1669 1200 1724 Novellam
1236 1670 1582 1740 imperatoris
1616 1672 1821 1728 domini
1864 1662 2040 1729 Alexii

480 1760 767 1823 Comneni,
799 1775 917 1829 quae
948 1762 1089 1814 edita
1143 1769 1226 1815 est
1260 1762 1326 1816 de
1353 1778 1462 1817 non
1496 1764 1849 1819 admittendis
1886 1768 2037 1820 testi-

480 1852 583 1905 bus
619 1850 711 1918 qui
751 1862 937 1903 contra
972 1862 1344 1929 opponuntur,
1393 1854 1614 1921 quando
1656 1864 1822 1911 testes
1878 1858 2048 1913 addu-

482 1952 685 1996 cuntur
707 1942 775 1995 ab
805 1958 869 1997 eo
898 1943 984 2011 qui
1012 1945 1076 1996 ad
1106 1944 1409 1999 libertatem
1433 1928 1750 2015 proclamat,
1780 1959 1833 2003 et
1861 1951 1927 2003 de
1982 1967 2048 2005 eo

483 2033 627 2102 quod
674 2033 831 2087 liberi
871 2035 1012 2088 servi
1064 2050 1170 2088 non
1225 2036 1377 2099 ﬁant,
1433 2038 1523 2105 qui
1568 2052 1781 2093 sacram
1830 2041 2050 2095 benedi-

486 2125 718 2179 ctionem
754 2126 1063 2194 acceperint
1115 2144 1127 2179 :
1175 2142 1295 2194 quze
1341 2128 1453 2181 haec
1504 2130 1586 2184 bis
1622 2132 1801 2185 verbis
1853 2148 2044 2200 perse-

487 2220 693 2286 quitur.
722 2218 837 2271 Duo
864 2219 975 2272 haac
1002 2218 1064 2271 ad
1095 2233 1255 2272 aures
1284 2220 1583 2287 imperialis
1607 2238 1739 2277 mea:
1768 2228 2050 2292 potestatis

488 2315 874 2375 pervenerunt,
922 2309 1267 2363 sanctissime
1319 2310 1537 2364 domine
1573 2297 1593 2377 ,’
1631 2314 1771 2380 quod
1829 2316 2048 2383 quidam

490 2414 674 2453 eorum
700 2440 714 2463 ,
764 2401 854 2468 qui
898 2400 964 2454 ad
999 2410 1249 2455 sanctum
1298 2411 1352 2455 et
1386 2419 1636 2472 magnum
1682 2407 1845 2478 256
1883 2409 2050 2463 divini

497 2489 656 2544 Verbi
694 2491 972 2560 sapientiae
1019 2492 1275 2560 templum
1320 2495 1613 2558 accedunt,
1645 2495 1711 2548 ad
1745 2498 2049 2554 libertatem

492 2586 919 2653 proclamantes,
951 2594 1003 2639 et
1051 2600 1221 2653 genus
1257 2601 1415 2639 suum
1451 2587 1517 2639 ad
1564 2588 1830 2643 libertatis
1870 2602 2054 2657 osten-

495 2674 701 2727 siouem
751 2673 1045 2744 allegantes
1092 2674 1300 2743 (dicunt
1339 2676 1483 2729 enim
1526 2693 1585 2731 se
1632 2694 1696 2731 ex
1745 2679 1928 2733 liberis
1964 2697 2055 2750 pa-

498 2767 746 2819 rentibus
796 2781 919 2821 esse
955 2776 1133 2829 natos,
1180 2766 1427 2835 Bulgaris
1480 2764 1616 2823 forte
1652 2770 1735 2825 vel
1783 2771 2054 2841 aliquibus

497 2856 787 2924 aliis,quos
820 2856 873 2909 in
908 2858 1224 2911 servitutem
1260 2867 1444 2911 nostra
1477 2873 1582 2912 non
1617 2862 1823 2930 accepit
1858 2879 2054 2933 respu-

506 2946 692 3019 blica),
720 2964 780 3003 ea
812 2948 1026 3017 quidem
1054 2963 1174 3017 quae
1208 2949 1395 3025 dicunt
1428 2948 1799 3005 demonstrare
1834 2954 2054 3019 permit-

2139 744 2506 815 μοθέτηταιδέ
2561 743 2654 793 ἐπὶ
2716 743 2843 808 μιᾶς
2894 738 3227 807 ύπερττύρων
3289 737 3480 804 λίτρας
3519 736 3707 802 ἀρκεῖν

2140 839 2417 907 μάρτυρας
2436 836 2547 897 δύο,
2583 835 2802 893 πάντως
2842 834 2935 885 καὶ
2978 834 3056 892 είς
3092 828 3365 894 ἀπόδειξιν
3399 826 3709 895 ἐλευθερίας

2138 930 2231 982 δύο
2276 928 2572 997 ἀρκέσουσι
2630 922 2903 994 μάρτυρες
2967 919 3275 982 ἀκολούθως
3342 918 3423 986 τῷ
3485 916 3709 986 παρόντι

2139 1024 2324 1075 κανόνι
2384 1021 2460 1090 τῷ
2516 1020 2651 1087 ὑπὲρ
2685 1021 2782 1086 τῆς
2838 1015 3147 1083 ἐλευθερίας
3180 1011 3579 1080 ἐκφωνηθέντι,
3609 1009 3699 1061 καὶ

2139 1117 2346 1182 λέγοντι
2378 1115 2432 1179 ἐξ
2456 1113 2631 1181 ἀρχῆς
2651 1128 2663 1141 ο
2702 1110 2823 1161 Ἐπὶ
2856 1108 2948 1161 δύο
2974 1108 3006 1177 ἢ
3036 1106 3203 1177 τριῶν
3245 1104 3547 1175 μαρτύρων
3580 1118 3700 1153 στα⁴

2144 1208 2365 1277 θήσεται
2403 1206 2507 1257 πᾶν
2536 1204 2707 1271 ῥῆμα.
2751 1202 2859 1254 Καὶ
2895 1200 2975 1252 ὅτι
3008 1199 3065 1262 ἐξ
3099 1197 3315 1258 ἀτονίας
3346 1194 3460 1248 τῶν
3484 1191 3699 1247 ἀποδεί-

2144 1299 2277 1364 ξεων
2302 1297 2420 1365 οὐχὶ
2451 1297 2481 1362 ἠ
2508 1294 2857 1361 ἀδιατίμητσς
2893 1289 3175 1358 ἐλευθερία
3218 1289 3422 1342 δίδοται
3468 1285 3547 1354 τῷ
3568 1284 3709 1337 ἀντι-

2143 1392 2296 1460 δίκῳ,
2322 1390 2454 1441 ἀλλὰ
2504 1389 2535 1456 ἡ
2568 1387 2798 1449 δουλεία,
2850 1386 2972 1454 ἥτις
3031 1383 3373 1449 ἁποτιμᾶται
3405 1381 3481 1441 ὡς
3512 1378 3712 1431 ἄνωθεν

2144 1486 2376 1553 εἴρηται,
2412 1477 2477 1552 ἦς
2509 1483 2599 1533 καὶ
2646 1479 2892 1545 δοθείσης
2921 1477 3007 1530 διὰ
3039 1476 3394 1546 νομισμάτων
3420 1470 3714 1540 ἐλευθερω-

2150 1575 2374 1643 θήσεται
2411 1574 2438 1624 ὀ
2473 1568 2890 1639 ἐλευθεροϐοῶν.

2230 1664 2522 1733 Ἀνάγνωθι
2572 1666 2663 1716 καὶ
2719 1663 2815 1729 τὴν
2861 1662 3081 1729 Νεαρὰν
3108 1657 3201 1711 τοῦ
3263 1655 3535 1727 βασιλέως
3556 1658 3713 1726 κυροῦ

2156 1760 2392 1825 Ἀλεξίου
2416 1760 2509 1811 τοῦ
2546 1756 2854 1827 Κομνηνοῦ,
2885 1756 2981 1823 τὴν
3029 1753 3403 1821 ἐξενεχθεῖσαν
3444 1750 3604 1821 χάριν
3625 1748 3711 1800 τοῦ

2148 1852 2221 1922 μὴ
2293 1851 2541 1920 δέχεσθαι
2618 1847 3123 1919 άντιπαραστάσεις
3205 1842 3547 1912 μαρτύρων,
3596 1841 3715 1893 ὅταν

2150 1942 2502 2013 παράγωνται
2554 1941 2828 2010 μάρτυρες
2883 1938 3033 2005 παρὰ
3077 1934 3171 1988 τοῦ
3206 1932 3713 2003 ἐλευθεροϐοῶντος,

2136 2036 2242 2089 καὶ
2269 2034 2429 2104 χάριν
2459 2032 2551 2085 τοῦ
2590 2031 2662 2100 μὴ
2697 2029 2939 2099 γίνεσθαι
2972 2026 3288 2094 ἐλευθέρους
3319 2027 3455 2087 τοὺς
3518 2024 3713 2095 ἒερολε-

2147 2127 2407 2197 γομὲνους
2448 2124 2560 2191 (98)
2596 2122 2835 2186 δούλους,
2869 2120 2967 2189 τὴν
2995 2120 3089 2174 καὶ
3120 2120 3246 2172 τάδε
3298 2118 3485 2187 ῥητῶς
3507 2116 3716 2180 διεξιού-

2151 2238 2268 2274 σοιν,
2296 2218 2398 2271 Δύο
2423 2217 2596 2269 ταῦτα
2624 2202 2833 2277 ἐπὶτὰς
2851 2214 3019 2275 ἀκοὰς
3042 2216 3109 2282 τῇ
3138 2212 3393 2282 βασιλείᾳ
3420 2229 3520 2280 μου
3541 2205 3713 2281 ἦλθεν,

2151 2312 2418 2377 ἁγιώτατε
2451 2310 2704 2370 δέσποτα,
2736 2307 2811 2370 ὥς
2841 2324 2984 2369 τινες
3018 2306 3126 2359 τῶν
3156 2303 3617 2375 προσερχομένων
3644 2301 3715 2371 τῷ

2154 2405 2295 2473 ἁγίῳ
2325 2402 2545 2472 μεγάλῳ
2568 2419 2627 2455 τε
2651 2401 2746 2453 καὶ
2788 2400 2915 2470 θείῳ
2971 2399 3085 2467 ναῷ
3114 2399 3213 2465 τῆς
3264 2396 3364 2450 τοῦ
3394 2397 3529 2449 Θεοῦ
3552 2395 3714 2460 Λόγου

2153 2493 2362 2560 σοφίας,
2387 2495 2464 2554 εἰς
2506 2491 2817 2560 ἐλευθερίαν
2859 2488 3286 2557 ἀναφωνοῦντες.
3338 2488 3437 2540 καὶ
3459 2488 3715 2557 πρόφασιν

2152 2586 2253 2655 τῆς
2282 2583 2595 2653 ἐλευθερίας
2628 2584 2689 2634 τὸ
2718 2583 2876 2650 γένος
2902 2581 3218 2649 ποιούμενοι
3251 2580 3416 2649 (φασὶ
3446 2580 3714 2651 γὰρέλευ-

2153 2677 2324 2746 θέρων
2348 2674 2937 2743 γεγεννῆσθαίγονέων,
2972 2673 3297 2741 Βουλγάρων
3320 2673 3493 2742 τυχὸν
3520 2674 3713 2741 ἧ⁴ιινων

2152 2767 2406 2821 τοιούτων
2434 2765 2525 2829 οὒς
2561 2769 2640 2829 είς
2661 2766 2906 2819 δουλείαν
2938 2768 2968 2837 ἠ
2995 2767 3117 2820 καθ’
3141 2767 3286 2834 ἡμᾶς
3331 2767 3399 2818 ού
3458 2765 3715 2835 παρέλαϐε

2155 2860 2444 2922 πολιτεία),
2472 2861 2551 2922 εἰς
2599 2859 2871 2925 ἀπόδειξιν
2924 2859 3031 2912 τῶν
3084 2860 3398 2928 λεγομένων
3455 2860 3713 2929 ἀφίενται.

2154 2954 2398 3024 Κὰπειδὴ
2436 2952 2871 3023 παραστήσονται
2899 2953 3179 3021 μάρτυρας
3224 2951 3608 3022 ἀδιαϐλήτους,
3636 2950 3711 3010 είς

504 3048 719 3093 tuntur.
761 3039 824 3093 Et
867 3048 1152 3111 postquam
1201 3048 1369 3095 testes
1409 3043 1557 3096 omni
1590 3044 1908 3112 exceptione
1946 3062 2057 3099 ma-

2157 3045 2689 3114 ἀντιπαραστατικὴν
2754 3043 3061 3114 μαρτυρίαν
3104 3044 3153 3113 οἱ
3180 3043 3365 3111 κύριοι
3396 3043 3595 3097 τούτων
3618 3057 3713 3111 χιι)-

498 3128 668 3199 jores,
697 3129 825 3183 etin
854 3145 991 3198 quos
1016 3130 1158 3183 nulla
1181 3129 1325 3183 cadit
1350 3129 1681 3194 criminatio,
1709 3134 2052 3204 adduxerim,

508 3221 572 3273 ad
608 3221 743 3272 alios
777 3220 856 3274 eis
890 3228 1057 3274 testes
1086 3220 1443 3289 opponendos
1481 3237 1668 3275 eorum
1699 3222 1905 3279 domini
1936 3240 2059 3292 pro-

502 3312 747 3374 cedunt;
778 3320 831 3366 et
874 3312 955 3367 sic
988 3328 1110 3366 cum
1147 3313 1204 3377 ii,
1233 3313 1325 3380 qui
1362 3325 1677 3382 provocant,
1710 3331 1815 3369 non
1851 3321 2060 3386 possint

506 3405 742 3473 amplius
780 3407 830 3457 in
864 3404 1089 3474 iudiciis
1127 3405 1443 3473 persistere,
1471 3408 1685 3461 servilis
1725 3410 2061 3468 conditionis

510 3514 680 3552 onere
720 3514 912 3553 rursus
957 3500 1394 3567 opprimuntur:
1428 3509 1478 3552 et
1523 3502 1738 3568 quando
1782 3506 2061 3560 matrimo-

507 3590 681 3645 niales
732 3588 867 3643 ﬁunt
914 3605 1193 3644 servorum
1248 3592 1681 3646 consuetudines
1731 3602 1785 3647 et
1836 3598 2064 3650 convin—

510 3681 722 3736 ctiones
756 3682 809 3734 in
852 3690 1039 3735 nostra
1074 3680 1372 3747 republica,
1410 3697 1503 3736 eas
1530 3690 1711 3736 tamen
1754 3699 1909 3739 sacra
1956 3703 2063 3741 non

515 3773 875 3839 conSequitur
923 3771 1271 3835 benedictio,
1332 3772 1657 3827 caventibus
1715 3774 1948 3832 dominis
2001 3795 2069 3833 ne

517 3866 661 3921 servi
712 3854 863 3920 inter'
902 3880 961 3920 se
1015 3865 1243 3922 invicem
1303 3881 1423 3920 cum
1475 3882 1628 3920 sacra
1684 3868 2060 3928 benedictione

517 3959 937 4028 conjungautur,
973 3974 1042 4013 ne
1069 3974 1132 4012 ex
1174 3974 1237 4013 eo
1267 3961 1333 4012 ad
1369 3958 1678 4014 libertatem
1722 3965 2071 4021 conveniant.

519 4051 720 4105 Eorum
773 4061 952 4105 autem
1000 4058 1293 4118 utrumque
1340 4053 1684 4105 convenienti
1737 4058 2074 4112 correctione

520 4157 661 4209 opus
692 4142 890 4196 habere
930 4142 1177 4207 censuit;
1218 4150 1273 4195 et
1313 4150 1595 4210 propterea
1638 4143 1777 4197 hanc
1819 4149 2080 4201 constitu-

520 4237 719 4289 tionem
748 4250 937 4304 magna
962 4249 1083 4288 cum
1113 4235 1364 4288 cautione
1395 4212 1448 4287 et
1471 4236 1858 4312 observatione
1886 4241 2077 4304 edidit,

520 4344 617 4398 per
661 4344 821 4397 quam
873 4328 1127 4381 statuitur
1162 4329 1229 4381 de
1263 4328 1479 4396 bisqui
1511 4328 1577 4382 ad
1615 4328 1916 4384 libertatem
1952 4348 2078 4401 pro-

2420 3133 2513 3186 xal.
2573 3124 2745 3196 ὃῦτως
2795 3134 2903 3186 τῶν
2973 3133 3353 3205 ἐγκαλούντων
3404 3135 3492 3187 διὰ
3546 3132 3717 3192 τέλους

2165 3220 2505 3299 παραμένειν
2588 3229 2702 3289 τοῖς
2766 3226 3137 3296 δικαστηρίοις
3189 3226 3638 3285 άδυνατούντων,
3688 3226 3715 3289 ἡ

2162 3320 2384 3389 δουλικὴ
2429 3318 2565 3387 τύχη
2597 3318 2757 3371 πάλιν
2785 3318 2995 3381 τούτοις
3024 3319 3442 3389 ἐπιφορτίζεται
3467 3334 3483 3351 ο
3510 3317 3601 3372 καὶ
3639 3318 3716 3369 ὅτι

2165 3413 2396 3483 γαμικαὶ
2425 3411 2626 3464 δούλων
2642 3410 2847 3481 ὁμιλίαι
2872 3429 2929 3464 τε
2953 3412 3047 3464 καλ⁵
3097 3414 3446 3481 συναρμογαὶ
3474 3412 3615 3481 παρὰ
3644 3410 3714 3479 τῷ

2166 3505 2290 3562 καθ’
2317 3506 2461 3573 ἡμᾶς
2510 3504 2749 3571 γίνονται
2810 3504 3189 3572 πολιτεύματι,
3238 3504 3298 3555 ού
3338 3505 3587 3579 μέντοιγε
3633 3503 3718 3558 καὶ

2172 3596 2441 3668 ἱερολογία
2504 3597 2729 3657 ταύταις
2779 3595 3084 3659 ἀκολουθεῖ,
3144 3595 3251 3648 τῶν
3294 3596 3503 3667 κυρίων
3555 3598 3717 3651 αὐτῶν

2171 3689 2580 3756 εὐλαϐουμένων
2640 3686 2759 3754 μεθ’
2790 3686 3090 3758 ἱερολογίας
3152 3686 3419 3757 ἀλλήλους
3449 3690 3719 3742 συνάπτειν

2172 3759 2313 3841 τοὺς
2348 3778 2609 3841 δούλους,
2666 3777 2752 3830 ἵνα
2809 3777 2882 3846 μὴ
2931 3776 3069 3845 πρὸς
3120 3777 3439 3847 ἐλευθερίαν
3490 3779 3720 3831 ἐντεῦθεν

2178 3875 2498 3927 συνέλθωσι.
2531 3871 2641 3924 Καὶ
2672 3869 2771 3938 τῆς
2804 3869 3188 3939 προσηκούσης
3210 3869 3377 3943 ἄμφω
3404 3870 3721 3941 διορθώσεως

2176 3967 2377 4035 ἔγνωκε
2413 3966 2542 4017 δεῖν’
2579 3963 2675 4015 καὶ
2704 3962 2791 4015 διὰ
2816 3961 2973 4014 τοῦτο
3000 3961 3061 4013 τὸ
3078 3962 3252 4030 παρὸν
3279 3962 3555 4030 διάταγμα
3602 3979 3716 4014 συν-

2176 4057 2558 4125 τετηρημένως
2591 4052 2823 4117 ἐξέθετο,
2848 4051 2915 4104 δι’
2943 4046 3004 4121 οὗ
3035 4052 3331 4122 διορίζεται
3369 4054 3508 4113 κατὰ
3528 4054 3626 4135 τῷν
3652 4054 3722 4115 είς

2180 4145 2490 4215 ἐλευθερίαν
2503 4142 2925 4211 ἁναφωνούντων
2951 4141 3171 4204 δούλων,
3205 4139 3721 4211 ἁντιπαραστατικὴν

2187 4238 2488 4310 μαρτυρίαν
2515 4236 2589 4306 μὴ
2619 4236 2859 4304 κρατεῖν,
2922 4234 3055 4302 μηδέ
3087 4231 3274 4301 χώραν
3304 4232 3443 4297 ὅλως
3475 4232 3613 4300 ἔχειν
3638 4231 3723 4282 αὑ-

2184 4330 2281 4402 τὴν
2308 4330 2435 4397 παρ’
2465 4329 2733 4397 οίῳδήτινι
2764 4325 3022 4395 πολιτικῷ
3047 4324 3079 4393 ἢ
3110 4324 3549 4395 ἐκκλησιαστικῷ
3585 4323 3722 4376 δικα-
3753 4392 3762 4400 ⁵

2163 3133 2315 3209 ροῦσι
2352 3173 2366 3196 ,

519 4420 758 4472 clamant
787 4420 978 4481 servis,
1007 4433 1074 4471 ne
1100 4416 1157 4481 ii,
1184 4419 1274 4485 qui
1301 4426 1487 4471 contra
1520 4418 1883 4481 adducuntur,
1909 4429 2057 4476 teste:

2179 4422 2385 4492 στηρίῳ
2413 4437 2426 4450 ·
2475 4419 2610 4472 αλλὰ
2640 4420 2751 4480 τοῖς
2780 4415 3071 4483 ἐγκαλοῦσι
3113 4415 3295 4485 μόνοις
3318 4416 3417 4479 τὰς
3441 4412 3723 4477 ἀποδείξεις

519 4511 626 4563 vim
678 4510 840 4561 ullam
897 4508 1141 4561 locumve
1194 4508 1463 4571 habeant,
1505 4509 1559 4561 in
1608 4525 1931 4580 quocunque
1982 4528 2077 4567 seu

522 4599 669 4668 civili
707 4614 801 4652 seu
834 4599 1215 4652 ecclesiastico
1242 4599 1488 4667 judicio:
1533 4600 1627 4655 sed
1668 4601 1701 4655 ii
1736 4602 1860 4667 soli,
1899 4604 1991 4673 qui
2025 4606 2077 4659 in

516 4690 612 4759 jus
645 4699 865 4752 vocant,
905 4689 1171 4755 legitimas
1199 4689 1545 4759 probationes
1574 4692 1805 4746 all‘erant
1832 4713 1846 4758 ;
1874 4706 1927 4748 et
1963 4697 2006 4750 si
2041 4698 2077 4751 ii

522 4785 739 4852 quidem
772 4783 1002 4837 testibus
1032 4782 1327 4846 abundent,
1360 4783 1450 4852 qui
1478 4784 1602 4849 jure
1629 4794 1756 4839 sunt
1784 4786 2075 4856 recipiendi

525 4892 702 4947 neque
736 4875 1005 4929 calumnia
1030 4874 1259 4939 inducti,
1300 4878 1520 4930 testium
1545 4876 1908 4946 jurejurando
1935 4880 2083 4949 judi-

2177 4515 2318 4570 κατὰ
2370 4514 2566 4582 νόμους
2620 4509 2956 4579 ἐπάγεσθαι,
3014 4508 3115 4561 κᾶν
3174 4509 3229 4560 εἷ
3280 4525 3383 4561 που
3427 4505 3723 4578 μαρτυριῶν

2175 4607 2528 4676 εὐπορήσοιεν
2543 4596 2687 4656 οὗτοι
2709 4602 2893 4672 νόμοις
2917 4600 3120 4653 δεκτῶν
3169 4600 3363 4670 καὶμὴ
3420 4612 3723 4669 περιτρεπο-

2179 4699 2353 4769 μένων
2371 4696 2666 4758 διαϐολαῖς,
2696 4693 2773 4762 τῷ
2812 4693 2920 4744 τῶν
2975 4692 3262 4762 μαρτύρων
3287 4693 3432 4763 ὅρκῳ
3462 4691 3554 4759 τὴν
3583 4688 3724 4753 δίκην

2175 4790 2424 4844 λύεσθαι·
2460 4788 2594 4841 ἀλλὰ
2627 4786 2699 4857 μὴ
2728 4788 2823 4839 καὶ
2856 4786 3351 4855 ἁντιπαραστάσεις
3378 4787 3488 4847 τοῖς
3517 4781 3711 4852 κυρίοις

2184 4882 2363 4936 αὐτῶν
2391 4882 2748 4948 ἐγχωρεῖσθαι
2768 4895 2783 4908 ο
2821 4866 3011 4948 ἵναμὴ
3041 4879 3099 4930 τὸ
3131 4878 3266 4931 πολὺ
3302 4877 3409 4931 τῶν
3446 4873 3720 4931 ἀντιθέτων

527 4974 672 5026 cium
705 4970 991 5037 solvatur;
1028 4969 1121 5023 sed
1152 4985 1258 5023 non
1289 4970 1576 5022 contraria:
1610 4968 1771 5023 etiam
1803 4986 1898 5039 per
1925 4982 2057 5027 teste

2185 4980 2370 5033 ἄνισον
2425 4972 2627 5042 βλάϐης
2692 4971 2865 5025 αἴτιον
2925 4973 3038 5033 τοῖς
3094 4970 3521 5042 ἐλαχιστοτέροις
3574 4961 3720 5032 γενή-

532 5064 876 5132 probationes
904 5077 1091 5127 eorum
1118 5061 1352 5115 dominis
1379 5062 1780 5130 permittantur,
1812 5078 1876 5115 ne
1901 5079 2087 5132 magna

532 5154 966 5208 adwrsariorum
1002 5150 1345 5222 inmqualitas
1389 5152 1462 5207 sit
1505 5150 1857 5207 inferioribus
1902 5152 2087 5209 danmi

536 5259 720 5299 691183.

2188 5084 2369 5138 σηται.

1752 5406 1944 5469 Guill.
1976 5404 2315 5483 .Beveregii
2350 5410 2541 5465 nota):

615 5535 725 5610 (98)
765 5537 922 5610 ,Τοὺς
959 5541 1459 5610 ἱερολεγομένονς.
1501 5538 1557 5593 In
1607 5538 1791 5610 codice
1833 5538 2086 5593 Amerba-

543 5607 743 5680 chiano
763 5608 955 5680 legitur
970 5610 1092 5671 τοὺς
1112 5607 1597 5680 ιε’ρολογουμένους.
1620 5609 1902 5680 Quomodo
1924 5610 2085 5680 etiam

548 5679 603 5734 in
630 5677 866 5748 [πονεῖτο
896 5678 959 5731 ad
994 5677 1240 5735 eumdem
1265 5677 1500 5737 codiCcm
1532 5679 1721 5750 legitur
1754 5681 1837 5735 bis
1870 5679 2079 5744 verbis,

2205 5537 2372 5605 νεαρὰ
2404 5536 2477 5605 μὴ
2506 5530 2918 5605 ἐλευθεροῦσθαι
2940 5528 3279 5601 διοριζομένη
3306 5527 3425 5591 τοὺς
3450 5516 3707 5592 iam)?!”

2199 5604 2389 5678 μένους
2409 5604 2413 5605 ⁷
2434 5604 2672 5667 δούλους.
