4092 6214
413 269 517 332 801

1394 269 1478 331 ΙΝ
1506 271 1672 333 CAN.
1710 272 1966 335 LXXXV
2000 270 2203 333 CONC.
2246 271 2326 332 IN
2366 273 2691 336 TRULLO.

3549 282 3652 346 802

493 359 637 446 Ἀλλ’
668 392 858 464 ὥσπερ
924 393 1017 447 ἐπὶ
1050 394 1162 447 τῶν
1216 384 1489 463 ὀμοτελῶν
1510 394 1549 463 ή
1584 393 1678 446 τοῦ
1747 410 1960 462 μςιιιαρι¹

2156 391 2259 447 Sed
2303 394 2764 462 quemadmodum
2816 394 2868 449 in
2914 396 3004 462 iis,
3050 396 3141 464 qui
3188 395 3332 451 idem
3381 397 3644 452 tributum

414 487 541 542 στοῦ
594 486 764 558 κυροῦ
788 486 1075 540 Βασιλείου
1102 485 1393 556 νομοθεσία
1428 488 1543 549 τοῖς
1571 485 1813 548 δυνατοῖς
1840 486 1981 538 κατὰ

412 580 523 634 τῶν
566 580 816 647 πενήτων
896 578 1391 647 ἀντιπαραστάσεις
1444 579 1547 632 οὐκ
1602 576 1980 647 ὲξεχώρησενο

416 670 560 724 οὕτω
619 669 900 723 κάνταῦθα
945 672 1059 734 τοῖς
1104 671 1333 742 κυρίοις
1386 671 1530 725 κατὰ
1602 673 1710 724 τῶν
1776 671 1979 723 δούλων

416 764 823 833 ἀπεσϐεσμένον
849 763 999 817 ἔσται
1026 765 1085 817 τὸ
1110 764 1208 834 τῆς
1263 766 1790 833 ἁντιπαραστάσεως
1824 767 1983 833 ἰσχυ-’

420 857 532 926 ρὸν,
560 856 650 908 καὶ
689 856 823 924 μόνη
885 858 1149 927 κρατήσει
1192 858 1342 927 παρὰ
1370 857 1577 918 τούτοις
1617 859 1652 927 ὴ
1678 857 1817 910 κατὰ
1864 858 1973 909 τῶν

419 946 712 1016 μαρτύρων
741 948 957 1015 διαϐολή
985 964 1001 977 ⁸
1050 948 1151 1016 τῆς
1200 950 1722 1016 ἀντιπαραστάσεως
1762 949 1979 1011 πάντως

419 1038 495 1107 μὴ
532 1039 966 1108 ἀποκλειομένης
1018 1041 1127 1101 τοῖς
1154 1040 1571 1109 ἐγκαλουμένοις
1596 1039 1821 1101 δούλοις,
1849 1041 1979 1093 ὅταν

412 1130 539 1191 τοὺς
558 1126 836 1199 μάρτυρας
874 1131 1017 1184 κατὰ
1042 1131 1149 1183 τῶν
1178 1133 1234 1182 ἑν
1263 1133 1401 1202 νομῇ
1454 1130 1767 1200 ἐλευθερίας
1800 1133 1972 1186 ὄντων

409 1221 460 1272 οἱ
491 1221 625 1289 πρὸς
643 1220 890 1275 δουλείαν
920 1222 1165 1284 ἕλκοντες
1195 1220 1419 1285 τούτους
1448 1225 1829 1293 παραγάγωσι.
1854 1224 1978 1286 Τοῖς

344 1364 361 1385 ⁴
410 1313 519 1382 γὰρ
548 1312 979 1383 ὲλαχιστοτέροις
1045 1314 1137 1367 καὶ
1192 1313 1535 1384 ἀσθενέσινή
1586 1314 1838 1384 παροῦσα
1865 1314 1979 1367 διά-

410 1401 569 1468 ταξις
630 1404 908 1473 χαρίζεται
956 1404 1054 1474 τὴν
1108 1404 1297 1474 ῥοπὴν,
1356 1404 1470 1458 ἀλλ’
1522 1405 1618 1474 οὐχ
1670 1404 1809 1474 ὑπὲρ
1861 1404 1977 1458 τῶν

411 1492 652 1546 δυνατῶν
689 1498 783 1547 καὶ
810 1496 1009 1564 μᾶλλον
1043 1497 1414 1567 ἰσχυροτέρων
1442 1497 1771 1550 ὲκτέθειται.
1795 1498 1974 1566 Προσ-

411 1585 596 1655 τίθησι
616 1586 671 1639 δὲ
698 1589 793 1641 καὶ
826 1589 923 1651 τὰς
981 1589 1283 1658 ίερολογίας
1349 1590 1424 1659 μὴ
1461 1590 1620 1659 μόνον
1663 1591 1814 1659 παρὰ
1864 1592 1975 1652 τοῖς

409 1677 736 1748 ἐλευθέροις,
799 1678 933 1731 ἀλλά
988 1681 1083 1734 καὶ
1134 1681 1286 1750 παρὰ
1336 1684 1451 1743 τοῖς
1488 1681 1696 1741 δούλοις
1726 1684 1970 1750 κρατεῖν.

406 1770 518 1822 Καὶ
566 1769 743 1839 γάμον
781 1772 855 1841 μὴ
882 1770 1057 1835 ἄλλως
1082 1772 1304 1841 ἔννομόν
1329 1789 1387 1824 τε
1415 1774 1510 1825 καὶ
1546 1774 1644 1842 τῆς
1687 1774 1971 1843 Χρισιτια-

406 1851 564 1931 νικῆς
592 1864 972 1925 καταστάσεως
1016 1864 1163 1930 ἄξιον
1197 1859 1441 1917 εἷναίντε
1496 1866 1584 1918 καὶ
1635 1866 1968 1935 νομίζεσθαι,

404 1954 453 2004 εἱ
496 1953 569 2022 μὴ
603 1956 695 2005 καὶ
749 1955 1017 2024 ίερολογία
1075 1956 1202 2016 τοὺς
1277 1955 1716 2024 συναπτομένους
1771 1956 1968 2013 συνδεῖ.

408 2043 643 2097 ’Λτοπον
673 2044 781 2115 γὰρ
804 2045 870 2097 ἂν
903 2044 1011 2114 εἴη,
1044 2046 1175 2114 μιᾶς
1207 2047 1263 2097 ὲν
1289 2048 1424 2099 πᾶσι
1450 2047 1549 2115 τῆς
1580 2048 1970 2116 Χριστιανικῆς

404 2130 719 2200 κρατούσης
750 2131 983 2196 πίστεως
1014 2136 1107 2185 καὶ
1141 2133 1513 2205 βαπτίσματος
1537 2135 1967 2205 ὁμολογουμένου

403 2222 549 2286 ἑνὸς,
604 2223 671 2275 δι’
708 2218 780 2278 οὗ
817 2227 1174 2296 προσήγμεθα
1199 2228 1277 2298 τῷ
1303 2229 1511 2298 Κυρίῳ,
1548 2230 1639 2282 καὶ
1668 2232 1767 2297 τῆς
1796 2229 1968 2299 αὐτῆς

404 2314 680 2384 σωτηρίας
711 2315 1073 2387 ἐλπιζομένης
1110 2321 1278 2372 πᾶσιν
1300 2321 1432 2388 ἡμῖν
1456 2322 1568 2383 τοῖς
1598 2319 1967 2385 πιστεύουσιν,

402 2406 728 2475 ὑποτρέχειν
765 2408 938 2471 ἐνίους
981 2409 1258 2474 ὑπόνοιαν,
1288 2410 1364 2473 ὡς
1393 2412 1506 2474 τοῖς
1564 2410 1771 2474 δούλοις
1798 2406 1962 2483 ἦττον

405 2497 629 2565 μέτεστι
657 2499 751 2552 τοῦ
780 2500 984 2554 καλοῦκο
1018 2502 1115 2556 καὶ
1153 2503 1282 2565 τοὺς
1313 2502 1412 2571 μὲν
1462 2503 1778 2574 ἐλευθέρους
1814 2502 1966 2556 κατὰ

401 2590 583 2659 γάμον
633 2592 884 2662 ἀλλήλοις
936 2594 1305 2647 συνάπτεσθαι
1386 2595 1507 2664 θείᾳ
1573 2595 1964 2663 συνδουμένους

403 2683 536 2753 εὐχῇ
570 2686 834 2755 πρότερον
859 2701 874 2717 ⁸
901 2685 1028 2749 τοὺς
1056 2685 1276 2749 δούλους
1306 2686 1362 2739 δὲ
1380 2686 1622 2739 τοιούτου
1652 2687 1964 2741 διαπίπτειν

402 2774 574 2828 καλοῦ
605 2778 699 2829 καὶ
738 2776 816 2849 μὴ
840 2777 1290 2847 παραλαμὸἁνειν
1311 2778 1441 2830 Θεὸν
1462 2777 1550 2830 ἐπ’
1597 2777 1821 2849 εὐλογίᾳ
1860 2780 1961 2848 τῆς

406 2867 790 2933 συνελεύσεως,
821 2869 1127 2940 ἦδεδιέναι,
1160 2871 1311 2933 ὡς,εί
1346 2869 1814 2941 παρελαμϐάνετο,
1850 2871 1965 2925 ἀδι-

344 3020 351 3025 ,
406 2960 603 3031 κηθείη
640 2960 706 3014 ἂν
735 2963 970 3033 περὶτὴν
994 2962 1311 3015 δεσποτείαν
1338 2963 1373 3015 δ’
1392 2964 1594 3016 τούτων
1622 2962 1831 3034 κύριος,
1865 2964 1963 3034 τῆς

2082 486 2322 545 solvunt.
2371 486 2453 539 lex
2501 487 2802 541 beatissimi
2851 487 3053 540 domini
3098 489 3280 543 Basilii
3336 490 3651 557 potentibus

2080 577 2344 631 adversus
2369 593 2633 647 pauperes
2653 580 2961 632 contrarias
2985 580 3333 647 probationes
3362 597 3456 649 per
3477 591 3647 635 testes

2083 685 2191 722 non
2227 671 2473 738 permisit
2509 688 2520 723 :
2557 672 2636 724 sic
2680 682 2734 725 et
2771 672 2856 725 hic
2887 672 3126 726 dominis
3162 673 3424 727 adversus
3462 688 3651 728 servos

2081 762 2166 815 vis
2199 764 2485 819 contrariae
2517 778 2610 830 per
2648 775 2814 817 testes
2844 766 3194 831 probationis
3222 768 3489 821 exstincta
3520 770 3649 830 erit,

2078 863 2129 906 et
2157 855 2270 905 Sola
2303 852 2441 921 apud
2469 869 2562 907 eos
2596 854 2795 907 valebit
2828 855 3094 908 adversus
3120 855 3267 920 ipsos
3299 864 3465 909 testes
3498 856 3649 911 inlata

2078 946 2432 1007 criminatio;
2467 948 2741 998 contraria
2779 963 2884 999 non
2932 947 3157 998 omnino
3198 961 3292 1014 per
3324 956 3491 1001 testes
3523 963 3650 1017 pru-

2082 1035 2300 1089 batione
2349 1036 2592 1097 exclusa,
2622 1037 2842 1104 quando
2885 1038 2939 1096 ii.
2978 1040 3067 1107 qui
3108 1042 3339 1091 trahunt
3383 1040 3437 1093 in
3475 1041 3648 1093 servi-

2080 1136 2283 1193 tutem,
2317 1130 2577 1184 adversus
2609 1132 2753 1194 illos,
2797 1132 2886 1200 qui
2928 1131 3051 1200 jure
3093 1143 3220 1186 sunt
3259 1132 3437 1196 liberi,
3472 1134 3648 1187 servis

2078 1218 2133 1270 in
2183 1218 2278 1286 jus
2329 1220 2780 1291 vocatis,testes,
2842 1220 3224 1287 produxerim.
3286 1220 3646 1278 Inferioribus

2077 1315 2222 1366 enim
2252 1324 2304 1365 et
2338 1311 2625 1365 imbecillis
2656 1328 2896 1380 praesens
2930 1315 3254 1366 constitutio
3285 1316 3641 1385 gratiﬁcatur,

2076 1409 2127 1456 et
2163 1401 2307 1469 quod
2351 1417 2445 1455 eos
2481 1401 2637 1470 jttvet
2672 1402 3060 1455 subministrat
3111 1421 3125 1455 :
3167 1420 3274 1457 non
3318 1414 3499 1458 autem
3546 1421 3645 1476 pro

2091 1492 2392 1560 majoribus
2445 1502 2497 1546 et
2540 1492 2938 1561 potentioribus
2984 1494 3186 1547 editur.
3220 1495 3424 1562 Adjicit
3460 1507 3643 1551 autem

2074 1594 2129 1639 et
2160 1600 2344 1639 sacras
2377 1586 2809 1647 benedictiones,
2854 1602 2961 1639 non
3007 1587 3182 1639 solum
3228 1588 3371 1657 apud
3419 1588 3640 1655 liberos,

2076 1676 2171 1733 sed
2203 1678 2363 1731 etiam
2394 1679 2533 1745 apud
2563 1692 2753 1731 servos
2778 1678 2976 1731 valere.
3010 1677 3074 1731 Et
3106 1681 3323 1748 nuptias
3355 1696 3461 1734 non
3500 1683 3637 1737 alias

2077 1772 2346 1840 legitimas
2376 1781 2431 1826 et
2476 1771 2789 1825 Christiana
2827 1772 3178 1825 institutione
3212 1774 3407 1842 dignas
3434 1790 3555 1829 esse
3585 1782 3641 1829 et

2069 1864 2400 1924 exustimari,
2440 1863 2543 1916 nisi
2585 1863 2751 1917 etiam
2790 1864 3095 1918 benedictio
3126 1880 3243 1928 eos,
3278 1866 3369 1932 qui
3405 1866 3640 1935 conjun-

2069 1965 2289 2025 guntur,
2322 1955 2563 2024 colliget.
2605 1955 2914 2009 Absurdum
2951 1957 3096 2011 enim
3145 1966 3314 2024 esset,
3357 1974 3480 2013 cum
3528 1975 3633 2014 una

2070 2048 2123 2101 in
2166 2048 2420 2101 omnibus
2446 2048 2755 2101 Christiana
2792 2049 2927 2103 tides
2968 2049 3170 2113 valeat,
3201 2063 3255 2104 et
3288 2066 3431 2106 unus
3467 2053 3541 2105 sit
3580 2052 3634 2106 in

2066 2141 2320 2195 confesso
2370 2140 2695 2209 baptismus,
2750 2156 2847 2210 per
2892 2155 3051 2209 quem
3090 2142 3156 2195 ad
3213 2141 3501 2197 Dominum
3538 2143 3636 2197 de-

2066 2233 2216 2287 ducti
2250 2249 2463 2299 sumus,
2494 2241 2549 2287 et
2581 2234 2768 2287 eadem
2803 2235 2954 2289 salus
2988 2249 3017 2287 a
3054 2234 3213 2289 nobis
3246 2236 3499 2289 omnibus
3539 2235 3632 2305 qui

2065 2327 2349 2382 credimus
2384 2338 2658 2395 speretur,
2699 2327 2975 2380 nonnullis
3023 2327 3163 2380 hanc
3211 2327 3457 2380 obortam
3511 2343 3631 2382 esse
3728 2384 3735 2392 ,

2064 2418 2455 2487 suspicionem,
2479 2404 2624 2487 quod
2647 2419 2787 2472 servi
2813 2418 2924 2472 sint
2944 2418 3069 2472 boni
3096 2420 3275 2472 mintts
3298 2419 3623 2487 participes;

2063 2519 2118 2565 et
2142 2510 2297 2569 liberi
2321 2509 2542 2578 quidem
2569 2508 2921 2563 matrimonio
2948 2509 3176 2565 invicem
3201 2511 3629 2581 conjungantur,

2064 2603 2214 2672 prius
2244 2601 2493 2659 oratione
2533 2600 2770 2670 colligati
2810 2619 2823 2654 :
2857 2604 2998 2657 servi
3036 2613 3217 2657 autem
3262 2620 3291 2660 a
3345 2606 3437 2660 tali
3485 2608 3632 2661 bono

2060 2694 2332 2753 excidant,
2379 2698 2434 2745 et
2489 2691 2653 2745 Deum
2709 2708 2814 2745 non
2865 2703 3148 2749 assumant
3195 2696 3247 2748 in
3302 2711 3631 2765 congressus

2061 2783 2458 2847 benedictione,
2505 2782 2587 2837 vel
2622 2792 2890 2845 metuant,
2922 2785 3064 2854 quod
3118 2786 3161 2840 si
3200 2789 3627 2856 assumpserint,

2061 2894 2247 2933 eorum
2280 2878 2534 2930 dominus
2564 2877 2616 2930 in
2653 2876 2896 2930 dominio
2927 2877 3125 2945 iniuria
3162 2878 3487 2943 adiceretur,
3513 2880 3630 2933 illo-

2064 2985 2184 3022 rmn
2226 2968 2464 3022 dominio
2500 2969 2764 3037 privatus.
2814 2967 2870 3020 Si
2927 2968 3028 3021 hoc
3077 2978 3256 3023 autem
3308 2970 3482 3023 locum
3530 2971 3628 3023 ha-

401 3052 497 3107 ἐπ⁹
516 3056 696 3118 αὐτοῖς
726 3054 1139 3125 στερισκόμενος
1177 3053 1513 3117 δεσποτείας.
1570 3054 1728 3109 Οὕτω
1772 3056 1876 3125 γὰρ
1910 3057 1958 3108 εί

2063 3059 2261 3120 buerit.
2286 3068 2537 3127 sanctum
2566 3075 2783 3128 quoque
2810 3060 3137 3128 baptismum
3163 3062 3354 3114 timere
3382 3071 3620 3129 oportet,

398 3144 563 3221 τοῦτο
590 3150 817 3216 κρατοίη
846 3146 1076 3199 δεδιέναι
1095 3145 1198 3216 χρὴ
1241 3146 1338 3199 καὶ⁵
1361 3147 1420 3198 τὸ
1443 3147 1597 3214 ἆγιον
1652 3146 1954 3217 βάπτισμα,

400 3238 478 3306 μὴ
507 3237 692 3291 δοῦλον
740 3238 1020 3305 ξενωθεῖεν
1071 3239 1183 3291 τῶν
1236 3239 1596 3321 δεσποτειιῖηο
1663 3238 1800 3292 ἀλλὰ
1861 3239 1956 3292 καὶ

398 3328 569 3399 αὐτὴν
594 3329 692 3400 τὴν
718 3330 825 3383 τῶν
851 3330 1133 3400 ἀχράντων
1163 3330 1481 3400 μυστηρίων
1522 3330 1843 3401 μετάληψιν,
1881 3329 1955 3400 μὴ

396 3424 491 3475 καὶ
527 3422 614 3476 διὰ
668 3422 869 3493 ταύτης
921 3421 1146 3475 ἐκείνων
1174 3422 1605 3491 ἁλλοτριωθεῖεν.
1650 3422 1953 3475 Κάντεῦθεν

392 3518 459 3568 ἐκ
491 3515 602 3567 τῶν
632 3515 834 3585 δούλων
884 3515 1168 3585 οἰκήσεται
1213 3514 1273 3567 τὸ
1307 3515 1449 3584 μέγα
1506 3516 1601 3567 καὶ
1653 3515 1952 3584 σεϐάσμιον

393 3608 491 3675 τῆς
537 3604 688 3667 θείας
741 3605 978 3668 πίστεως
1034 3605 1203 3673 ὄνομα
1244 3620 1259 3635 ·
1309 3606 1402 3657 καὶ
1456 3605 1516 3656 ού
1558 3604 1735 3657 δοῦλοι
1788 3605 1951 3674 μόνον

394 3696 493 3750 ἀνθ
504 3694 725 3765 ρώπων,
754 3695 888 3748 ἀλλά
915 3696 1011 3749 καὶ
1033 3695 1124 3748 τοῦ
1148 3695 1595 3767 ἁνθρωποκτόνου
1624 3699 1940 3766 γενήσονται

392 3788 695 3859 ἄνθρωποι.
728 3787 1245 3856 Συγκινδυνεύσουσι
1276 3788 1329 3839 δὲ
1360 3789 1451 3839 καὶ
1480 3789 1527 3839 οί
1601 3790 1776 3856 κύριοι
1830 3787 1951 3841 τού-

390 3899 502 3935 των
529 3880 678 3951 φόδῳ
716 3878 810 3932 τοῦ
875 3880 950 3950 μὴ
998 3880 1274 3933 διαπεσεῖν
1302 3879 1601 3948 ὑπηρεσίας
1625 3879 1947 3949 ἀνθρώπων,

390 3975 493 4042 τῆς
548 3971 645 4024 τοῦ
670 3971 807 4024 Θεοῦ
832 3972 990 4039 δόξης
1049 3970 1345 4037 ἀποξενοῦν
1407 3972 1636 4033 ἑαυτοὺς
1690 3972 1952 4040 ἀνεχόμε-

386 4082 473 4118 νοι
509 4063 642 4128 (99).
686 4064 824 4117 Ἀλλ’
856 4062 978 4116 οὔτε
1012 4062 1169 4115 τοῦτο
1228 4061 1386 4128 λόγον
1438 4062 1549 4131 ἔχει
1581 4061 1814 4125 δίκαιον,
1855 4062 1950 4115 καὶ

386 4158 490 4227 τὴν
516 4155 819 4226 ἱερολογίαν
852 4154 913 4220 ἐξ
938 4155 1183 4224 ἀνάγκης
1210 4154 1302 4207 καὶ
1326 4152 1419 4205 ἐπὶ
1449 4154 1556 4204 τῶν
1585 4151 1786 4205 δούλων
1815 4170 1950 4217 κρα-

384 4252 510 4301 τεῖν
566 4246 782 4316 εὔλογον
830 4249 924 4299 καί
979 4246 1369 4316 Χριστιανικῆς
1409 4242 1627 4309 ἐπάξιον
1687 4246 1951 4298 καταστά-

390 4356 553 4402 σεως.

2062 3166 2130 3206 ne
2162 3152 2304 3206 servi
2337 3151 2637 3205 dominium
2667 3151 2770 3205 sibi
2809 3152 3097 3206 vendicent
3134 3169 3148 3205 :
3185 3152 3279 3206 sed
3311 3153 3475 3207 etiam
3521 3153 3616 3207 im-

2062 3244 2453 3315 mac‘ulatorum
2500 3243 2882 3314 mysteriorum
2928 3243 3375 3311 assumptionem,
3422 3261 3485 3298 ne
3528 3261 3624 3315 per

2057 3312 2183 3390 eam]
2210 3335 2278 3388 ab
2302 3334 2411 3388 illis
2433 3312 2653 3403 quoque
2679 3333 3007 3387 alieneutur.
3032 3331 3151 3399 Quo
3168 3333 3267 3407 iiet
3290 3343 3345 3386 ut
3372 3335 3423 3387 in
3452 3312 3621 3390 servis

2056 3424 2286 3477 intereat
2312 3436 2564 3490 magnum
2587 3431 2642 3475 et
2667 3420 2979 3475 venerabile
3008 3421 3205 3475 divina:
3228 3422 3349 3475 ﬁdei
3378 3436 3570 3476 nomen
3603 3438 3618 3476 :

2052 3521 2107 3565 et
2154 3526 2262 3564 non
2312 3512 2487 3564 solum
2540 3509 2679 3564 servi
2718 3509 3017 3571 hominum,
3073 3509 3168 3563 sed
3217 3512 3379 3564 etiam
3415 3511 3617 3564 diaboli

2053 3598 2362 3661 homicidae,
2396 3596 2526 3650 tient
2559 3596 2828 3651 homines.
2868 3594 3068 3650 Eorum
3106 3605 3284 3650 autem
3323 3597 3523 3649 domini
3562 3600 3614 3651 in

2050 3688 2351 3757 periculum
2384 3702 2601 3756 quoque
2639 3688 2881 3747 venient,
2925 3702 3014 3750 ne,
3044 3688 3168 3741 dum
3202 3688 3481 3741 hominum
3512 3690 3616 3742 mi-

2053 3780 2282 3835 nisterio
2337 3779 2537 3849 privari
2594 3779 2908 3841 formidant,
2964 3794 2994 3833 a
3045 3779 3135 3833 Dei
3188 3781 3354 3849 gloria
3405 3781 3656 3849 seipsos,

2050 3871 2358 3926 abalienare
2400 3871 2727 3934 sustineant,
2780 3871 2873 3925 Sed
2913 3886 3094 3939 neque
3144 3872 3244 3924 hoc
3276 3880 3363 3926 est
3407 3872 3607 3926 rationi

2048 3969 2500 4027 consentaneum,
2526 3970 2579 4015 et
2622 3977 2835 4016 sacram
2871 3963 3306 4017 benedictionem
3351 3964 3403 4015 in
3434 3966 3613 4017 servis

2051 4070 2266 4126 quoque
2293 4055 2472 4109 valere
2516 4069 2755 4124 aequum,
2801 4063 2856 4108 et
2903 4053 3215 4109 Christiana
3266 4053 3612 4108 institutione

2049 4149 2270 4221 dignum
2304 4155 2409 4203 est.

467 4432 627 4485 Ἀλλὰ
669 4432 774 4500 γὰρ
794 4433 852 4483 ὲν
881 4429 1189 4501 ἀνθρώποις
1209 4425 1348 4483 οἶδεν
1370 4430 1403 4499 ὴ
1425 4429 1560 4499 τύχη
1623 4428 1940 4483 δεσποτείαν

2112 4429 2594 4485 Verumenimvero
2641 4428 2854 4483 fortuna
2910 4430 3055 4482 novit
3087 4430 3141 4483 in
3173 4429 3487 4485 hominibus
3517 4430 3603 4483 di-

387 4524 487 4576 καὶ
514 4524 755 4576 δουλείαν
798 4522 1053 4592 διάφορα,
1081 4523 1177 4575 καὶ
1221 4524 1368 4589 ἅπερ
1400 4524 1431 4590 ἠ
1458 4520 1581 4573 καθ’
1624 4520 1773 4590 ἡμᾶς
1794 4520 1945 4572 πολι-

384 4617 511 4668 τεία
532 4615 806 4686 παρέλαόε
830 4614 1002 4667 ταῦτα
1030 4614 1121 4666 καὶ
1149 4614 1238 4666 ιπι
1269 4613 1473 4666 τούτων
1497 4612 1671 4682 χρεὼν
1689 4614 1933 4693 κρατεῖν.

389 4705 485 4771 Εἷς
516 4710 571 4761 δὲ
601 4709 805 4778 Κύριος
859 4709 1096 4771 πάντων,
1149 4707 1248 4774 μία
1290 4708 1498 4771 πίστις,
1530 4708 1588 4759 ἓν
1638 4706 1943 4776 βάπτισμα,

388 4801 486 4852 καὶ
511 4800 721 4853 δουλεία
742 4800 833 4852 καὶ
850 4798 1136 4852 δεσποτεία
1155 4799 1252 4850 ὅσα
1278 4816 1339 4865 γε
1360 4800 1498 4853 κατὰ
1522 4799 1704 4850 πίστιν
1718 4798 1947 4867 διάφορα

388 4889 450 4940 οὐ
481 4888 842 4957 γινώσκομεν,
873 4889 956 4941 ὅτι
983 4888 1075 4940 καὶ
1102 4887 1300 4949 πάντες
1320 4887 1513 4953 ἐπίσης
1565 4885 1742 4937 δοῦλοί
1771 4888 1939 4954 ἐσμεν

385 4980 466 5047 τῷ
497 4982 558 5031 ἐκ
583 4978 821 5041 δουλείας
875 4977 1215 5049 λυτρώσαντι
1283 4977 1526 5047 ἡμᾶςτῷ
1546 4976 1605 5040 ἐξ
1622 4976 1787 5029 αὑτοῦ
1814 4976 1942 5046 θείῳ

2044 4536 2204 4591 versa
2227 4538 2355 4579 esse
2378 4521 2680 4575 dominium
2723 4530 2776 4575 et
2806 4521 3144 4585 servitutem,
3172 4529 3226 4575 et
3262 4538 3380 4591 quae
3420 4532 3606 4576 nostra

2048 4621 2258 4682 accepit
2284 4612 2613 4682 respublica,
2652 4626 2713 4665 ea
2742 4613 2793 4665 in
2828 4612 2894 4665 iis
2923 4627 3137 4681 quoque
3162 4613 3341 4667 valere
3366 4622 3600 4683 oportet.
3654 4602 3657 4607 ί

2046 4701 2198 4758 Unus
2238 4710 2417 4755 autem
2472 4701 2733 4755 Dominus
2780 4702 3047 4766 omnium,
3095 4718 3201 4756 una
3245 4704 3395 4767 ﬁdes,
3434 4719 3603 4757 unum

2045 4794 2314 4863 baptisma
2349 4793 2397 4825 "
2433 4811 2447 4848 :
2480 4791 2640 4863 257
2669 4806 2723 4846 et
2751 4794 2893 4862 quod
2923 4793 2988 4845 ad
3030 4796 3186 4848 [idem
3217 4794 3433 4862 quidem
3471 4794 3603 4848 atti-

2046 4894 2160 4948 net,
2195 4884 2422 4940 dominii
2455 4897 2507 4939 et
2542 4887 2820 4941 servitutis
2859 4886 3220 4941 differentiam
3260 4902 3366 4939 non
3400 4901 3603 4954 cogno-

2044 4978 2280 5042 scimus;
2307 4976 2566 5045 quoniam
2593 4990 2781 5029 omnes
2809 4991 2998 5029 sumus
3023 4992 3085 5029 ex
3111 4991 3267 5043 :equo
3290 4975 3431 5029 servi
3454 4976 3595 5042 ejus,

384 5075 485 5127 καὶ
518 5072 767 5141 ζωοποιῷ
828 5071 1044 5139 αἵματι.
1086 5071 1197 5123 Καὶ
1252 5072 1373 5123 ἐπεὶ
1402 5069 1573 5123 ταῦτα
1612 5069 1792 5132 καλῶς
1821 5069 1942 5122 τού-

2063 5067 2131 5136 lui
2161 5081 2261 5137 nos
2287 5082 2351 5120 ex
2384 5066 2644 5119 servitute
2670 5064 2853 5117 divino
2877 5077 2977 5117 suo
3003 5072 3056 5116 et
3088 5062 3302 5116 vivitico
3330 5061 3594 5131 sanguine

382 5178 502 5224 τοις
533 5163 629 5215 καὶ
684 5163 976 5225 λυσιτελῶς
1023 5161 1397 5222 διατέτακται,
1448 5159 1529 5213 δεῖ
1562 5160 1662 5227 τὴν
1689 5159 1937 5229 μεγάλην

2039 5159 2285 5213 redemit.
2324 5156 2389 5209 Ει
2409 5157 2670 5227 quoniam
2704 5156 2819 5210 haec
2852 5168 2999 5210 reete
3028 5155 3113 5209 his
3141 5163 3194 5209 et
3227 5153 3428 5207 utiliter
3461 5169 3595 5207 con-

385 5254 698 5324 ἁγιωσύνην
736 5272 827 5308 σου
857 5255 992 5326 δῆλα
1042 5252 1210 5307 ταῦτα
1250 5251 1436 5305 θέσθαι
1461 5250 1777 5321 ἁπανταχοῦ
1828 5252 1937 5305 τῶν

2068 5253 2227 5307 tituta
2282 5257 2434 5317 sunt,
2480 5258 2699 5320 oportet
2750 5261 2997 5317 magnam
3050 5255 3196 5301 tuam
3246 5246 3591 5302 sanctitatem

457 5415 505 5447 ’⁵
546 5414 743 5481 Ephes.
770 5427 842 5476 tv,
861 5411 914 5465 5.

456 5611 567 5681 (99)
602 5608 880 5674 Ἑαυτοὺς
901 5607 1266 5681 ἀνεχόμενοι.
1295 5601 1353 5656 In
1379 5600 1611 5656 editione
1635 5599 1927 5681 Parisiepsi

383 5671 575 5737 lacuna
610 5681 712 5735 hoc
746 5671 870 5735 loco
899 5671 1239 5749 relinquitur,
1273 5686 1561 5749 quam‘nos
1590 5686 1666 5748 ex.
1690 5686 1790 5726 ms.
1830 5671 1930 5727 Bo-

1536 5450 1539 5457 Ι
1594 5492 1785 5556 Guill.
1826 5494 2156 5571 Beveregii
2188 5505 2372 5558 notae.

2036 5599 2248 5725 gleian?
2279 5603 2359 5725 lsic
2386 5616 2786 5676 supptcvtmus;
2817 5606 2905 5663 cui
2930 5604 3090 5663 etiam
3122 5607 3588 5669 Amerbachianus

2073 5688 2095 5725 s
2124 5687 2209 5725 ιυιι
2243 5686 2271 5725 a
2301 5688 2382 5725 ur.

2073 5686 2382 5741 Sttputatur.
