4092 6214
560 286 667 347 R03

1811 280 2091 340 THEOD.

2219 276 2533 338 .LSAMOX
3657 281 3744 345 804

560 402 673 454 luet
699 395 879 449 omnia
898 396 955 450 in
977 394 1232 447 omnibus
1252 391 1505 448 ecclesiis
1526 390 1816 449 manifesta
1842 391 2069 446 reddere
2098 406 2113 443 :

2219 389 2391 457 ἁγίων
2409 388 2740 458 ἐκκλησιῶν,
2794 388 2871 451 ὡς
2903 390 2971 442 ἂν
2996 389 3048 442 oi
3092 387 3150 441 ὲν
3182 389 3374 453 αὑταῖς
3428 391 3746 460 προεστῶτες

563 498 619 542 ιιι
650 487 741 551 qui
778 485 855 539 eis
883 492 1143 552 prmsnnt,
1178 496 1241 535 ea
1270 496 1392 549 qua:
1420 480 1484 533 ad
1513 480 1816 535 libertatem
1848 482 2117 542 pertinent

561 586 643 637 sic
695 580 1069 636 cxaminantes
1124 576 1430 627 contrarias
1492 578 1710 628 testium
1762 575 2113 642 probationes

561 676 823 727 adversus
848 686 1038 725 servos
1069 668 1306 721 dominis
1344 683 1451 720 non
1477 666 1817 734 permittant,
1857 675 1910 718 et
1942 664 2118 716 omni-

565 766 667 819 bus
716 766 767 816 in
810 764 926 816 suis
971 758 1268 830 provinciis
1305 757 1651 810 manifestum
1682 756 1941 821 eﬂiciant,
1967 755 2113 824 quod

557 857 652 925 qui
704 871 810 908 non
845 869 968 906 cum
1022 866 1175 917 sacra
1228 850 1606 903 benedictione
1650 864 1835 904 servos
1885 850 2114 901 invicem

556 947 917 1011 coniungunt,
969 960 1075 996 non
1122 942 1231 995 Deo
1280 949 1494 1011 gratum
1526 943 1668 993 inter
1707 956 1801 995 eos
1832 940 2118 993 matrimo-

560 1041 713 1094 nium
746 1039 1088 1092 constituunt
1118 1051 1133 1087 :
1167 1034 1258 1087 sed
1302 1033 1718 1086 fornicatorium
1749 1032 1950 1085 coitum
1983 1047 2115 1086 con-

563 1134 801 1185 tirmant.
835 1128 985 1194 Quos
1030 1128 1173 1183 enim
1214 1142 1320 1180 non
1354 1126 1640 1195 coniungit
1676 1125 1819 1179 Deus
1865 1140 1959 1193 per
1990 1140 2117 1179 san-

554 1233 709 1281 ctam
762 1220 1196 1285 benedictionem
1256 1228 1609 1285 assumptus,
1673 1216 1727 1269 bi
1795 1231 1986 1272 omnes
2047 1217 2115 1271 ad

561 1323 781 1384 peccata
814 1316 1163 1367 conveniunt.
1205 1310 1269 1362 Et
1308 1309 1482 1363 sicubi
1520 1308 1621 1363 hoc
1650 1308 1719 1361 ab
1754 1308 1956 1377 aliquo,
1992 1308 2119 1377 qui-

560 1425 773 1478 cunque
828 1412 872 1463 is
922 1408 1012 1471 sit,
1063 1407 1261 1460 abhinc
1291 1404 1489 1459 factum
1528 1405 1896 1457 renuntiatum
1933 1401 2115 1466 fuerit,

562 1504 735 1554 sciant
766 1498 993 1560 domini,
1028 1497 1170 1567 quod
1221 1512 1326 1548 non
1375 1496 1554 1549 solum
1604 1496 1698 1545 ira:
1728 1493 1925 1545 divina:
1953 1500 2116 1544 erunt

562 1592 808 1650 obnoxii,
853 1590 944 1644 sed
988 1604 1016 1642 a
1056 1590 1229 1642 servis
1262 1601 1480 1656 quoque
1518 1585 1994 1645 abalienabnntur,
2037 1583 2116 1636 eis

2223 482 2367 537 οὕτω
2394 500 2455 536 τε
2507 484 2578 535 τά
2640 483 2769 551 περὶ
2835 484 2949 536 τῶν
3006 482 3327 553 ὲλευθεριῶν
3384 483 3749 555 δοκιμάζωσιν,

2216 577 2754 645 ἀντιπαραστατικὴν
2784 577 3091 645 μαρτυρίαν
3114 576 3257 630 κατὰ
3292 576 3403 629 τῶν
3434 576 3630 631 δούλων
3652 585 3752 644 τοῖς

2215 671 2503 732 δεσπόταις
2548 671 2623 739 μὴ
2658 669 3091 739 συγχωροῦντες,
3152 670 3243 722 καὶ
3270 671 3408 723 πᾶσι
3445 670 3643 723 θῶνται
3666 688 3754 725 xm

2216 762 2452 829 ταφανὲς
2480 764 2538 813 ἐν
2570 764 2692 822 ταῖς
2716 761 2806 813 ὑπ’
2838 761 3020 813 αὐτῶν
3057 761 3310 830 ὲνορίαις,
3346 761 3422 823 ῶς
3455 764 3503 815 οἱ
3536 763 3608 831 μὴ
3640 764 3755 832 μεθ’

2230 854 2546 926 ἱερουργίας
2571 854 2822 923 ἀλλήλοις
2851 856 3213 916 συνάπτοντες
3245 856 3372 915 τοῦς
3399 854 3618 917 δούλους
3646 856 3753 925 οὐχὶ

2217 948 2440 1017 θεοφιλῆ
2486 948 2667 1016 γάμον
2698 946 3019 999 συνεστῶσιν
3054 948 3113 999 ἐν
3146 947 3331 1029 αὐτοῖς
3356 962 3373 978 ο
3434 946 3549 999 ἀλλ’
3580 949 3754 1018 tump-

2214 1039 2477 1094 νεύουσαν
2515 1038 2662 1107 μίξιν
2692 1036 3071 1108 κρατύνουσιν.
3100 1038 3208 1098 Oi);
3242 1039 3352 1107 γὰρ
3408 1039 3482 1107 μὴ
3515 1040 3756 1094 συνάπτει

2215 1131 2349 1193 Θεὸς
2378 1131 2446 1184 δι’
2474 1131 2772 1201 ίερολογίας
2801 1118 3383 1201 παραλαμϐανόμενος,
3405 1126 3551 1185 οὗτοι
3575 1132 3756 1201 πάντες

2215 1226 2293 1285 εἱς
2323 1225 2595 1294 ἁμαρτίας
2624 1224 2996 1293 συνέρχονται.
3060 1224 3168 1276 Καὶ
3194 1225 3248 1277 εί
3283 1242 3386 1277 που
3437 1227 3755 1293 προσαγγελ-

2215 1317 2332 1387 θείη
2355 1317 2512 1369 τοῦτο
2540 1317 2671 1385 παρ’
2685 1316 3014 1385 οίουδήτινος
3042 1314 3216 1378 οὕτως
3255 1317 3365 1369 ἀπὸ
3386 1315 3541 1369 τοῦδε
3562 1320 3757 1385 γινόμε-

2214 1425 2323 1470 νον,
2354 1410 2588 1462 ἴστωσαν
2607 1408 2679 1470 ὡς
2708 1409 2767 1460 ού
2787 1409 2945 1477 μόνον
2966 1407 3093 1477 θείῳ
3157 1409 3442 1477 μηνύματι
3500 1411 3755 1479 καταστή-

2217 1519 2397 1556 σονται
2422 1502 2615 1570 ἔνοχοι,
2634 1502 2769 1553 ἀλλά
2796 1503 2889 1563 καὶ
2940 1502 3050 1553 τῶν
3076 1500 3276 1554 δούλων
3320 1502 3759 1572 ἀλλοτριωθῄσον-

2218 1610 2330 1654 ται,
2358 1595 2438 1654 είς
2462 1592 2776 1660 ἐλευθερίαν
2809 1592 3226 1660 ἁρπαζομένων.
3271 1592 3422 1658 Ἐξὸν
3460 1593 3569 1663 γάρ
3599 1596 3757 1657 αὐτοῖς

564 1684 814 1737 abductis
848 1683 899 1735 in
929 1682 1259 1735 libertatem.
1291 1682 1427 1733 Cum
1456 1680 1534 1733 eis
1559 1679 1702 1731 enim
1737 1678 1899 1731 liceat
1930 1690 2115 1731 servos

2219 1685 2358 1737 κατά
2385 1684 2580 1753 νόμους
2622 1683 2740 1751 Θεῷ
2774 1683 3069 1735 συνάπτειν
3099 1682 3345 1751 ἀλλήλοις
3374 1685 3503 1744 τοὺς
3541 1683 3757 1749 δούλους,

565 1791 696 1830 suos
718 1776 839 1844 jure
881 1777 934 1827 in
978 1775 1085 1829 Deo
1124 1776 1359 1828 invicem
1394 1774 1744 1841 conjungere,
1770 1780 1823 1823 et
1852 1774 2117 1840 integrum

2222 1780 2315 1830 καὶ
2338 1777 2435 1845 τὴν
2463 1777 2554 1828 ἐπὶ
2602 1776 2783 1837 αὐτοῖς
2836 1777 3157 1828 δεσποτείαν
3214 1776 3360 1846 ἔχειν
3402 1776 3758 1846 ἀλώϐητον,εί

564 1870 618 1925 in
660 1871 742 1923 eis
788 1869 988 1922 habere
1036 1867 1361 1931 dominium,
1397 1868 1503 1921 nisi
1554 1867 1653 1919 hoc
1702 1864 1951 1922 fecerint,
1998 1864 2121 1931 jure

562 1960 786 2015 omnino
811 1959 878 2012 ab
899 1974 1087 2014 eorum
1117 1958 1357 2011 dominio
1378 1957 1647 2011 excident.
1672 1955 1920 2009 Praesens
1942 1966 2119 2009 autem

562 2036 884 2106 constitutio
915 2065 1022 2104 non
1054 2052 1231 2105 solum
1267 2051 1428 2105 debet
1459 2051 1515 2103 in
1558 2050 1805 2103 ecclesiis
1845 2063 1966 2119 quae
1994 2048 2121 2102 ubi-

561 2160 668 2215 que
695 2156 822 2198 sunt
856 2144 1211 2212 promulgari,
1248 2144 1340 2198 sed
1373 2144 1428 2196 in
1462 2142 1722 2195 omnibus
1746 2142 1911 2193 etiam
1944 2140 2121 2194 civili-

562 2238 667 2291 bus
693 2236 918 2303 iudiciis
958 2236 1147 2302 deponi
1184 2252 1201 2288 :
1234 2234 1373 2287 tradi
1406 2243 1587 2288 autem
1623 2232 1787 2287 etiam
1824 2231 1913 2295 iis,
1945 2232 2035 2300 qui
2066 2232 2119 2285 in

566 2327 867 2397 provinciis
900 2328 1249 2396 magistratus
1292 2336 1511 2396 gerunt,
1542 2333 1601 2379 ut
1633 2340 1755 2393 qua:
1782 2325 1850 2377 ab
1881 2324 2121 2391 impera-

564 2421 704 2473 toria
738 2426 921 2473 nostra
966 2420 1294 2472 auctoritate
1329 2419 1469 2473 bene
1508 2418 1902 2480 decernuntur,
1945 2417 2123 2470 omni-

568 2513 669 2566 bus
692 2513 1057 2565 innotescant.
1085 2509 1356 2575 Quoniam
1387 2519 1565 2563 autem
1594 2510 1648 2563 in
1673 2510 1923 2577 personis
1947 2509 2121 2563 servi-

562 2603 666 2656 lem
700 2601 973 2655 fortunam
1007 2601 1339 2656 habentibus
1367 2601 1568 2670 nuptire
1598 2603 1751 2671 prius
1784 2601 1939 2655 facta:
1971 2610 2120 2666 sunt,

563 2700 617 2744 et
648 2693 848 2761 nuptia:
878 2694 1270 2746 convenienter
1311 2690 1531 2761 iniquae,
1571 2705 1690 2760 quae
1728 2690 2012 2759 bucusque
2042 2690 2124 2744 in-

566 2783 755 2848 valuit,
805 2784 1183 2839 oonsuetndini
1231 2794 1619 2854 processerunt
1646 2826 1661 2848 ,
1698 2789 1912 2853 oportet
1955 2781 2007 2836 in
2054 2781 2124 2836 iis

562 2892 782 2946 quoque
824 2892 1033 2933 sacram
1080 2878 1519 2932 benedictionem
1570 2876 1709 2939 ﬁeri,
1756 2886 1818 2930 ut
1855 2891 1951 2945 per
1978 2890 2123 2941 eam,

563 2971 725 3024 etiam
758 2971 803 3025 si
838 2971 992 3025 tarde
1018 2971 1130 3033 ﬂat,
1166 2971 1216 3024 id
1252 2971 1395 3039 quod
1435 2979 1517 3025 est
1541 2968 1830 3024 colendum
1858 2984 1921 3023 ac
1950 2983 2122 3022 vene—

2226 1870 2299 1940 μὴ
2328 1870 2487 1925 τοῦτο
2514 1871 2740 1933 ποιοῖεν,
2775 1870 2987 1931 ἑαυτοῖς
3014 1868 3237 1931 δικαίως
3292 1869 3515 1929 πάντως
3544 1869 3635 1935 τὴν
3674 1867 3758 1934 τῆς

2220 1960 2538 2023 δεσποτείας
2566 1961 2861 2028 ἐπάγουσιν
2923 1958 3223 2014 ἔκπτωσιν.
3269 1959 3341 2011 Τὸ
3374 1959 3439 2010 δὲ
3476 1959 3641 2027 παρὸν
3666 1957 3763 2010 διάη

2219 2069 2405 2121 ταγμα
2429 2051 2490 2103 ού
2549 2050 2711 2119 μόνον
2766 2048 2970 2115 ὀφείλει
3026 2051 3085 2101 ἐν
3136 2049 3259 2111 ταῖς
3297 2046 3620 2116 ἁπανταχοῦ
3670 2045 3762 2098 τῶν

2194 2126 2520 2212 ’ἐκκλησιῶν
2543 2139 2955 2209 διαγγελθῆναι,
2985 2138 3119 2191 ἀλλὰ
3145 2138 3251 2193 κὰν
3307 2140 3423 2199 τοῖς
3496 2136 3763 2197 πολιτικοῖς

2220 2236 2593 2305 δικαστηρίοις
2624 2232 3075 2302 καταστρωθῆναι
3112 2230 3217 2301 (1)·
3247 2228 3508 2299 γενέσθαι
3535 2230 3589 2282 δὲ
3618 2228 3766 2282 διαδό-

2225 2348 2403 2400 σιμον,
2460 2329 2555 2383 καὶ
2607 2330 2688 2391 είς
2714 2329 2837 2389 τοὺς
2882 2326 2991 2379 τῶν
3030 2326 3390 2396 ὲπαρχιωτῶν
3449 2325 3761 2395 προεστῶτας

2223 2421 2425 2492 ἀρχῶν,
2477 2421 2551 2483 ὡς
2588 2422 2653 2473 ἂν
2706 2419 2911 2489 εἴδησιν
2958 2417 3120 2487 ἔχωσι
3172 2417 3411 2479 ἅπαντες
3473 2418 3579 2470 τῶν
3604 2414 3769 2477 καλῶς

2223 2514 2375 2583 παρὰ
2396 2514 2495 2582 τῆς
2542 2512 2819 2582 βασιλείας
2870 2511 3026 2579 ήμῶν
3066 2509 3415 2580 ὁρισθέντων.
3500 2508 3698 2576 Ἐπειδὴ
3717 2507 3764 2559 δὲ

2223 2610 2318 2661 καὶ
2346 2608 2514 2674 γάμοι
2574 2602 2812 2670 ἔφθασαν
2864 2604 2964 2673 ἤδη
3022 2604 3273 2667 γενέσθαι
3331 2604 3433 2655 ἐπὶ
3483 2607 3762 2672 προσώποις

2223 2697 2472 2765 δουλικὴν
2498 2694 2680 2764 ἔχουσι
2726 2691 2917 2763 τύχην,
2973 2693 3066 2745 καὶ
3092 2694 3139 2746 οἱ
3165 2693 3332 2762 γάμοι
3398 2696 3540 2748 κατὰ
3557 2694 3648 2761 τὴν
3673 2694 3762 2754 ἕως

2222 2789 2314 2842 τοῦ
2346 2788 2437 2840 νῦν
2463 2790 2773 2857 κρατοῦσαν
2802 2785 3110 2855 παράλογον
3178 2787 3477 2856 συνήθειαν
3518 2784 3762 2857 προδεδή-

2223 2895 2377 2941 κασι,
2399 2878 2479 2930 δεῖ
2509 2876 2602 2930 καὶ
2650 2878 2743 2931 ἐπὶ
2771 2874 2977 2930 τούτων
3019 2876 3116 2946 τὴν
3149 2875 3459 2947 ίερολογίαν
3511 2877 3760 2945 γενέσθαι,

2227 2973 2312 3026 ἵνα
2341 2972 2428 3025 διὰ
2490 2972 2718 3041 ταύτης,
2756 2971 2860 3024 κᾶν
2917 2970 3014 3040 ὀψὲ
3072 2971 3320 3040 γένηται,
3382 2973 3446 3024 τὸ
3501 2972 3763 3039 σεϐάσμιοι

564 3061 797 3116 randum
833 3063 1087 3125 habeant,
1122 3061 1502 3131 superioribus
1533 3076 1755 3131 quoque
1785 3059 2122 3115 observatio-

2225 3067 2409 3137 ῐχωσι,
2450 3065 2560 3117 τῶν
2582 3064 2751 3118 ἀνωτέ
2759 3081 2868 3134 ρων
2888 3066 3192 3134 εἰρημένων
3223 3068 3657 3134 παρατηρήσεως]
3678 3064 3760 3116 καὶ

564 3157 727 3209 nibus
752 3155 918 3208 etiam
949 3154 1003 3207 in
1032 3154 1181 3209 hisce
1212 3154 1419 3223 nuptiis
1453 3154 1635 3209 valere
1667 3152 2015 3208 debentibus.

636 3244 889 3301 ZONAR.
948 3246 1081 3300 Rem
1143 3246 1577 3300 inaestimabilem
1629 3260 1749 3301 esse
1796 3244 2121 3309 libertatem,

2225 3161 2319 3215 ἐπὶ
2348 3158 2429 3228 τῷ
2458 3158 2683 3228 τοιούτῳ
2710 3157 2873 3225 γάμῳ
2906 3160 3129 3227 κρατεῖν
3148 3156 3507 3224 ὀφειλουσῶν.
3614 3190 3621 3201 ι

2261 3251 2541 3304 ίΖΩΝΑΡ.
2579 3249 2963 3319 Ἀδιατίμητον
3015 3250 3249 3318 πρᾶγμα
3290 3249 3399 3319 τὴν
3449 3248 3759 3312 ἐλευθερίαν,

565 3342 669 3394 boc
699 3350 802 3404 est,
852 3340 1189 3409 impossibile
1234 3353 1374 3405 esse,
1406 3348 1469 3393 ut
1511 3340 1832 3404 aestimetur,
1880 3336 1965 3391 vel
2004 3351 2122 3405 pre-

2225 3345 2392 3414 ήγουν
2438 3342 2823 3412 διατιμηθῆναι
2864 3342 2962 3395 καὶ
3018 3340 3182 3421 τιμὴν
3222 3342 3509 3413 ὁρισθῆναι
3534 3342 3618 3394 ἐπ’
3648 3341 3765 3408 αὐτῇ

514 3494 515 3499 η
564 3434 696 3487 tium
732 3434 853 3501 ejus
885 3435 1271 3495 constituatur,
1299 3432 1444 3502 leges
1482 3432 1666 3487 civiles
1689 3431 1905 3486 docent.
1933 3431 2121 3501 Igitur,

578 3525 791 3593 «μιοιίοε
821 3523 887 3577 de
934 3522 1201 3587 libertate,
1226 3525 1423 3593 quippe
1464 3523 1529 3577 de
1560 3538 1668 3577 non
1704 3524 1836 3578 levis
1867 3524 2126 3579 momenti

567 3633 625 3669 re
665 3615 1035 3669 testimonium
1068 3614 1201 3668 ferri
1239 3623 1540 3683 oporteret,
1593 3630 1827 3685 quorum
1863 3616 2133 3670 intererat

568 3702 917 3774 probationes
971 3701 1209 3765 aﬂerre,
1256 3702 1495 3771 quinque
1539 3702 1751 3765 scilicet
1799 3711 1893 3755 aut
1942 3702 2126 3773 plures

566 3796 728 3849 etiam
766 3793 930 3863 (quod
962 3792 1186 3846 totidem
1219 3793 1274 3845 in
1308 3792 1431 3846 aliis
1461 3809 1677 3862 quoque
1711 3792 2124 3863 disceptationi—

2231 3436 2305 3504 μὴ
2336 3436 2653 3502 δυνάμενον,
2706 3434 2755 3485 οἱ
2787 3436 2889 3503 τῆς
2915 3433 3192 3496 πολιτείας
3224 3428 3368 3487 εῖναι
3412 3435 3565 3503 νόμοι
3600 3431 3766 3500 φασίν.

2242 3527 2331 3590 Ὠς
2353 3526 2444 3580 οὖν
2462 3525 2590 3596 περὶ
2616 3524 2850 3595 μεγάλου
2884 3525 3210 3595 πράγματος
3240 3525 3507 3594 ἐσομένης
3531 3525 3624 3593 τῆς
3649 3538 3773 3590 pap-

2229 3618 2424 3690 τυρίας
2451 3619 2539 3670 ὅτε
2586 3616 2765 3687 δεήσει
2792 3616 3093 3686 μαρτυρίας
3126 3616 3254 3685 περὶ
3308 3617 3637 3687 ἐλευθερίας,
3674 3616 3767 3668 ἁπ-

2230 3709 2456 3782 Ιιγιοῦνιιςο
2479 3709 2527 3761 οἱ
2550 3709 2649 3772 τὰς
2676 3707 2975 3772 ἀποδείξεις
3002 3705 3317 3777 ποιούμενοι
3346 3710 3516 3762 πέντε
3548 3708 3697 3777 τυχὸν
3736 3706 3765 3775 ἢ

2229 3803 2323 3855 καὶ
2364 3799 2613 3862 πλείονας
2667 3798 3014 3868 παράγεσθαι
3048 3799 3354 3869 μάρτυρας,
3393 3798 3471 3863 ὡς
3525 3797 3766 3853 τοσούτων

568 3886 673 3941 bus
711 3883 830 3937 dari
865 3882 1309 3947 consuevissent)
1356 3890 1527 3936 testes
1556 3883 1812 3938 exhibere
1864 3883 2122 3953 cogeban-

2224 3896 2321 3948 καὶ
2344 3893 2430 3961 ἐφ’
2469 3893 2685 3963 ἑτέραις
2721 3890 3014 3945 ὑποθέσεσι
3039 3892 3466 3962 παραγομένων.
3502 3892 3664 3949 Τοῦτο
3688 3885 3767 3941 οὖν

565 3985 676 4029 tur.
721 3974 837 4040 Qua
859 3974 1078 4043 quidem
1109 3972 1504 4028 consuetudine
1542 3972 1631 4028 hic
1661 3973 1912 4028 damnata
1949 3988 2122 4029 canon

2225 3983 2465 4053 ἀναιρῶν
2501 3984 2529 4037 ὁ
2583 3981 2759 4052 κανὼν
2787 3982 2878 4035 ἐπὶ
2933 3981 3126 4051 θάλψει
3168 3984 3269 4052 τῆς
3319 3984 3651 4053 ἐλευθερίας,
3689 3982 3769 4033 καὶ

567 4069 683 4137 (qui
719 4067 976 4120 nimirum
1011 4066 1248 4122 libertati
1293 4065 1490 4137 faveat)
1541 4066 1705 4119 trium
1735 4081 1950 4135 quoque
1976 4067 2122 4122 testi-

2224 4078 2375 4147 τρεῖς
2423 4072 2606 4147 ὁρίζει,
2645 4073 2853 4142 ἀρκεῖν,
2884 4074 2977 4126 καὶ
3033 4072 3131 4144 τὴν
3161 4074 3387 4144 Γραφὴν
3428 4076 3660 4143 παράγει
3702 4073 3769 4134 είς

568 4158 814 4212 monium
842 4157 976 4213 satis
1009 4172 1131 4212 esse
1156 4156 1444 4223 decernit;
1477 4167 1529 4212 et
1554 4158 1893 4213 stabilienda:
1925 4158 2122 4214 consti-

2230 4167 2489 4221 σύστασιν
2520 4164 2617 4234 τῆς
2675 4164 3059 4233 θεσμοθεσίας,
3108 4164 3375 4232 λέγουσαν
3402 4184 3415 4201 ο
3459 4168 3582 4220 Ἐπὶ
3633 4162 3768 4233 δύοῆ

568 4250 765 4304 ιιιιίοηί
790 4265 859 4305 ex
886 4250 1309 4306 sacrisLitteris
1341 4251 1430 4304 illa
1460 4251 1685 4320 profert,
1707 4250 1765 4306 In
1797 4265 1891 4306 ore
1924 4251 2122 4306 scilicet

2228 4258 2399 4329 τριῶν
2436 4258 2725 4327 μαρτύρων
2787 4255 3118 4325 σταθήσεται
3150 4259 3258 4310 πᾶν
3289 4258 3467 4329 ῥῆμα,
3528 4258 3642 4313 ἀντὶ
3688 4256 3768 4310 τοῦ
3868 4288 3869 4299 ι

564 4343 803 4396 ‘duorum
832 4350 925 4395 aut
949 4342 1112 4396 trium
1138 4343 1352 4397 testium
1377 4342 1543 4397 stabit
1566 4358 1726 4397 onme
1748 4344 1996 4406 verbum,
2023 4344 2122 4399 hoc

2232 4345 2681 4416 βεϐαιωθήσεται,
2708 4345 3107 4415 κυρωθήσεται.
3185 4398 3198 4411 ,

568 4447 675 4501 ρει,
708 4435 922 4490 ﬁrmum
958 4451 1022 4489 ac
1054 4445 1229 4489 ratum
1261 4451 1388 4491 esse
1413 4436 1766 4505 iudicabitur.
2156 4422 2211 4484 1)

568 4526 797 4582 ARIST.
851 4546 869 4579 ι
924 4525 1124 4582 Servus
1158 4546 1185 4581 a
1238 4529 1461 4584 domino
1490 4529 1595 4584 sub
1630 4528 1847 4584 duobus
1897 4528 2122 4585 testibus

2228 4515 2452 4569 ΔΡΙΣΤ.
2496 4531 2518 4566 ι
2575 4514 3050 4585 Ἡλευθερωμένος
3106 4516 3211 4570 ὑπὸ
3273 4517 3538 4573 δεσπότου
3596 4517 3764 4582 δοῦλος

613 4640 631 4669 ο
677 4619 1066 4684 manumissus,
1103 4619 1356 4674 libertate
1389 4622 1638 4674 donetur.
1682 4638 1703 4673 ι
1740 4618 2089 4691 Perspicuus.

2334 4607 2430 4659 ἐπὶ
2457 4606 2580 4660 δυσὶ
2627 4607 2894 4679 μάρτυσιν
2921 4607 3011 4677 είη
3050 4609 3371 4674 ἅδούλωτος.
3421 4630 3441 4665 ι
3478 4613 3672 4683 Σαφής.

1078 4709 1302 4765 CANON
1337 4709 1623 4766 LXXXVI.

2780 4700 3019 4755 KANuN
3077 4700 3223 4769 uq’.

576 4823 596 4857 ι
632 4804 764 4870 Eos,
788 4801 881 4873 qui
915 4799 984 4857 ad
1018 4800 1321 4855 animarum
1353 4801 1562 4871 lapsum
1589 4801 1904 4859 meretrices
1926 4813 2122 4873 cogunt

2231 4810 2255 4847 ι
2301 4790 2442 4855 Τοὺς
2463 4792 2557 4846 ἰπὶ
2590 4790 2772 4862 ψυχῶν
2797 4790 2995 4863 δλίσθῳ
3019 4794 3223 4865 πόρνας
3246 4795 3667 4861 ὲπισυναγοντας
3683 4792 3765 4845 καὶ

643 4915 664 4950 ι
702 4905 757 4950 et
790 4896 963 4961 alunt,
993 4894 1042 4950 si
1074 4894 1187 4949 sint
1215 4893 1431 4962 quidem
1465 4892 1674 4959 clerici,
1706 4893 1902 4964 deponi
1933 4895 2122 4952 delini-

2278 4934 2281 4939 .
2307 4901 2329 4939 ι
2374 4883 2765 4953 ἐκτρέφοντας,
2788 4882 2837 4935 εί
2863 4883 2962 4953 μὲν
2984 4883 3235 4955 κληρικοὶ
3259 4880 3389 4948 εἷεν,
3416 4883 3766 4955 καθαιρεῖσθαι

648 5005 668 5040 ι
706 5003 868 5043 mus:
898 4986 984 5042 sin
1021 4998 1147 5039 vero
1173 4983 1319 5047 laici,
1353 4984 1650 5056 segregari.
1689 5003 1709 5035 ι

2296 4995 2317 5029 ι
2363 4975 2615 5046 ὁρίζομεν
2634 4990 2649 5009 ο
2678 4975 2726 5029 εί
2754 4975 2814 5028 δὲ
2841 4974 3041 5041 λαῖκοὶ,
3078 4978 3454 5049 ἀφορίζεσθαι.
3484 4998 3505 5032 ι

641 5078 840 5134 BALS.
898 5075 1373 5145 Quemadmodum
1406 5076 1492 5132 lex
1530 5075 1707 5131 civilis
1752 5075 1998 5142 lenones,
2040 5078 2122 5147 qui

2244 5130 2270 5145 κ
2304 5068 2503 5122 ΒΑΛΣ.
2545 5068 2756 5139 Ὠσπερ
2786 5069 2816 5121 ὁ
2843 5068 3125 5133 πολιτικὸς
3176 5070 3337 5141 νόμος
3390 5071 3604 5134 κολάζει
3654 5067 3764 5128 τοὺς

576 5172 895 5226 meretrices
922 5171 1099 5236 alunt,
1127 5169 1303 5239 punit,
1340 5168 1414 5223 ita
1448 5174 1505 5224 et
1543 5182 1717 5224 canon
1743 5166 1984 5223 decernit
2015 5185 2122 5235 eos,

2231 5159 2656 5231 πορνοδοσκοὺς,
2696 5159 2839 5214 οὔτω
2884 5161 2983 5215 καὶ
3014 5162 3044 5215 ὁ
3091 5162 3274 5217 κανὼν
3329 5163 3612 5236 διορίζεται
3653 5160 3762 5219 τοὺς

573 5263 669 5333 qui
715 5263 1029 5320 meretrices
1070 5268 1292 5332 cogunt,
1344 5268 1400 5317 et
1440 5259 1641 5317 multos
1689 5275 1751 5316 ea
1808 5259 2016 5316 ratione
2064 5263 2122 5316 ad

2229 5252 2657 5321 ἑπισυνάγοντας
2702 5252 2932 5324 πόρνας,
2979 5253 3075 5307 καὶ
3122 5249 3235 5309 οἷον
3278 5255 3367 5310 διὰ
3428 5255 3609 5310 τούτου
3647 5265 3757 5302 συνο

1772 5424 1967 5489 Guill.
1998 5423 2320 5501 Beveregii
2353 5432 2535 5485 noue.

653 5554 728 5624 (ι)
766 5555 949 5610 Ἀλλὰ
968 5554 1081 5610 κᾶν
1106 5555 1227 5624 τοῖς
1253 5556 1580 5623 πολιτικοῖς
1603 5555 2007 5621 δικαστηρίοις
2025 5571 2122 5609 κα·

2231 5553 2467 5617 dleiano,
2507 5552 2600 5609 sed
2633 5552 2794 5609 etiam
2826 5552 2879 5624 In
2910 5550 3339 5624 Amerbachiano
3370 5559 3425 5624 et
3458 5547 3641 5624 Titiano
3676 5537 3750 5624 le-

516 5678 521 5683 .
577 5605 1056 5693 ταὶὶέρῦὀῆῖαῖ
1067 5605 1218 5680 11Ξὲ
1236 5605 1419 5681 est;
1430 5605 1515 5682 ’ᾖῖ
1529 5605 1804 5682 ’ἱεάῖἱίὅίιέ
1822 5605 2122 5684 sanans

580 5694 902 5747 omittuntur
950 5711 966 5747 :
1018 5703 1072 5747 at
1118 5708 1220 5747 non
1267 5698 1422 5747 modo
1464 5698 1517 5747 in
1564 5696 1749 5747 codice
1795 5704 1979 5747 nostro
2022 5695 2122 5747 Bo-

2231 5605 2467 5747 ἐίίιὶιιῖἑ
2498 5605 2652 5705 ἑῐὲις
2671 5605 3103 5694 praecedentibus
3132 5621 3329 5682 verbis,
3360 5620 3422 5673 οὐ
3454 5617 3595 5690 μόνον
3613 5605 3750 5678 ὀφεί-

2272 5710 2345 5747 ει.
2371 5708 2682 5747 necessano
2709 5707 2771 5747 ea
2800 5689 3024 5747 leaenda
3055 5704 3182 5747 esse
3210 5699 3441 5747 constat.

580 5689 902 5751 omittuntur
950 5711 966 5749 :
1018 5703 1072 5748 at
1118 5708 1220 5748 non
1267 5698 1422 5753 modo
1464 5698 1517 5749 in
1564 5696 1749 5752 codice
1795 5704 1979 5752 nostro
2022 5695 2127 5750 Bo-
2234 5689 2345 5760 λει,
2371 5689 2690 5751 necessario
2709 5707 2771 5750 ea
2800 5689 3024 5763 legenda
3055 5704 3182 5749 esse
3210 5699 3441 5749 constat.
