4092 6214
404 338 515 401 805
1381 330 1465 392 ΙΝ
1499 330 1667 393 CAN.
1704 321 1992 390 LXXXVI
2031 320 2245 385 CONC.
2286 315 2730 383 lN’TRULLO.
3426 362 3429 373 η
3539 314 3647 376 806

408 452 694 515 ωοοῦντας
713 452 791 513 είς
814 446 1053 519 ψυχικὴν
1080 445 1359 502 ἀπώλειαν
1378 447 1505 506 τοὺς
1530 444 1779 505 πολλοὺς,
1799 442 1894 494 καὶ
1924 439 1983 491 οὐ

2102 437 2281 491 mima:
2313 432 2539 489 exitium
2588 432 2750 485 veluti
2802 427 3172 501 protrudunt;
3220 433 3277 485 et
3325 440 3432 499 non
3469 429 3645 482 solum

390 549 573 618 μόνον
601 543 1049 611 ὲπισυνάγοντας,
1078 539 1214 592 ἀλλὰ
1262 539 1355 593 καὶ
1390 537 1780 608 ἐκτρέφοντας,
1810 535 1978 604 ἡγουν

2102 548 2177 587 eos
2210 533 2299 601 qui
2326 538 2550 600 cogunt,
2584 530 2675 584 sed
2703 538 2757 581 et
2783 526 2875 595 qui
2910 526 3067 580 alunt
3091 527 3205 580 sive
3234 525 3315 580 eis
3338 528 3647 582 necessaria

412 640 482 693 τὰ
515 637 791 703 ἀναγκαῖα
818 626 1017 694 αὐταῖς
1071 629 1541 700 ὲπιχορηγοῦντας
1599 627 1700 698 (τῷ
1725 627 1836 696 γάρ
1864 624 1979 678 όνό-

2102 624 2440 691 suppeditant
2474 622 2737 690 (alimenti
2792 620 2934 671 enim
2982 619 3203 671 nomine
3238 628 3289 672 et
3337 621 3650 680 indumenta

419 748 548 801 ματι
573 730 668 797 τῆς
705 726 912 796 τροφῆς
961 725 1054 777 καὶ
1086 724 1420 791 ὲνδυμενίαι,
1454 722 1547 773 καὶ
1583 721 1652 773 τὰ
1694 719 1878 779 λοιπὰ,
1914 719 1981 770 τὰ

2102 726 2137 771 et
2177 719 2404 785 reliqua.
2437 730 2555 786 quat
2582 716 2856 769 molliores
2880 714 2945 768 ad
2979 714 3451 781 intemperantiam
3481 725 3649 769 attra-

417 824 553 894 πρὸς
584 821 881 873 ἀκολασίαν
912 819 1039 881 τοὺς
1070 817 1455 885 ἁπαλωτέρους
1510 814 1759 875 ἕλκοντα,
1792 810 1981 880 περιέ-

413 912 646 984 χονται).
679 911 974 980 κληρικοὺς
998 910 1095 978 μὲν
1118 909 1299 971 δντας,
1334 903 1735 975 καθαιρεῖσθαι,
1762 901 1984 962 λαῖκοὺς

413 1005 490 1065 δὲ,
521 1001 897 1071 ἀφορίζεσθαι.
936 1000 1013 1053 Ού
1046 999 1198 1069 παρὰ
1226 998 1382 1051 τοῦτο
1408 997 1464 1049 δὲ
1491 998 1539 1049 οί
1576 996 1735 1065 μόνον
1765 995 1986 1044 ἐπισυνο

419 1093 649 1159 άγοντες
705 1091 798 1143 καὶ
836 1090 911 1160 μὴ
946 1090 1303 1159 ἐκτρέφοντες
1336 1084 1508 1149 αὐτὰς
1544 1087 1602 1139 ού
1656 1083 1979 1154 τιμωρηθή-

420 1202 633 1237 σονταιηο
667 1182 807 1237 ἀλλά
839 1183 1077 1235 κάκεῖνοι
1121 1180 1322 1251 ὁμοίως
1368 1173 1831 1247 κολασθήσονται..
1853 1171 1985 1226 Εἷπε

416 1274 471 1325 δὲ
503 1277 529 1326 ὁ
564 1274 739 1327 κανὼν
772 1276 830 1325 τὸ
856 1270 1268 1340 ἐκτρέφον-τες,
1303 1272 1383 1324 ὅτι
1406 1269 1463 1333 ἐξ
1488 1269 1727 1335 ἀνάγκης
1782 1270 1847 1337 τῇ
1876 1256 1991 1317 συνο

420 1366 608 1433 αγωγῇ
642 1364 998 1416 ἐπακολουθεῖ
1028 1362 1121 1414 καὶ
1150 1364 1182 1432 ὴ
1207 1360 1367 1430 λοιπὴ
1397 1359 1615 1430 φροντὶς
1638 1359 1743 1410 τῶν
1773 1359 1992 1410 ἐπισυν-

422 1455 732 1525 αγομένων.
774 1457 848 1507 Ού
885 1457 991 1523 γὰρ
1020 1454 1080 1507 τὸ
1144 1455 1469 1520 συναγαγεῖν
1503 1458 1667 1516 μόνον
1698 1448 1845 1513 ἄξιόν
1876 1450 1991 1499 ὲστι

422 1546 700 1607 κολάσεως
722 1562 737 1576 ο
772 1546 904 1598 διότι
933 1546 1153 1612 συνάγει
1184 1562 1265 1605 τις
1306 1542 1566 1603 πολλάκις
1596 1541 1801 1610 πόρνας
1830 1540 1987 1608 χάριν

421 1635 517 1687 τοῦ
556 1635 852 1687 ὑποθέσθαι
883 1635 1072 1697 αὑταῖς
1102 1635 1171 1685 τά
1199 1629 1594 1701 σωτηριώδη,ἢ
1624 1626 1993 1699 χειραγωγίας

426 1726 656 1789 ἀξιῶσαι
684 1720 1025 1794 σωματικῆς,
1077 1723 1113 1797 ἢ
1147 1721 1485 1792 παραδοῦναι
1516 1720 1593 1788 τῷ
1640 1721 1863 1789 ἄρχοντι
1896 1722 1994 1789 χά-

2088 812 2241 871 hunt,
2274 807 2857 877 comprehenduntur),
2882 808 2925 862 si
2958 808 3293 874 sintqttidem
3324 808 3525 868 clerici.
3554 810 3651 862 de-

2086 904 2363 973 ponendos
2398 918 2410 952 :
2450 902 2532 955 sin
2572 916 2697 954 vero
2730 902 2874 962 laici,
2904 901 3291 971 segregandos.
3318 899 3433 953 Non
3468 916 3649 956 autem

2089 996 2294 1049 idcirco
2336 994 2427 1063 qui
2466 994 2640 1048 solum
2676 992 2891 1060 quidem
2937 1002 3157 1063 Cogunt,
3187 1004 3239 1046 et
3270 1009 3360 1047 eas
3408 1010 3511 1046 non
3551 1013 3653 1047 nu-

2086 1087 2279 1149 trittnt,
2310 1094 2415 1137 nOn
2453 1085 2748 1153 punientur
2776 1098 2789 1133 :
2827 1081 2921 1136 sed
2951 1083 3001 1135 in
3022 1084 3126 1137 eos
3158 1098 3373 1152 quoque
3402 1085 3656 1138 similiter

2094 1177 2576 1228 animadvertetur.
2609 1174 2752 1226 Dixit
2774 1184 2951 1227 autem
2981 1190 3154 1227 canon
3186 1174 3311 1227 illud
3346 1192 3359 1229 :
3403 1177 3653 1239 Etalunt,

2089 1255 2345 1337 quoniam
2372 1268 2462 1321 ubi
2486 1268 2783 1336 coegerint,
2811 1282 3119 1320 necessario
3144 1283 3358 1336 quoque
3384 1269 3652 1335 sequitur,

2091 1369 2151 1414 ut
2181 1369 2489 1413 conclarum
2524 1375 2653 1413 cura
2696 1360 2951 1427 deinceps
2991 1358 3057 1411 ah
3088 1357 3155 1411 iis
3192 1370 3431 1427 geratur.
3471 1356 3653 1425 Neque

2092 1453 2233 1506 enim
2290 1454 2466 1507 solum
2515 1467 2708 1521 cogere
2764 1451 3089 1519 supplicium
3147 1458 3389 1501 meretur
3439 1465 3658 1503 :mere-

2092 1548 2269 1600 triccs
2300 1547 2440 1597 enim
2474 1560 2614 1613 sa‘pe
2646 1544 2786 1613 cogit
2814 1543 3109 1617 quispiam,
3141 1552 3199 1594 ut
3238 1542 3317 1593 eis
3349 1541 3461 1601 illa,
3495 1539 3660 1609 258

2093 1654 2211 1708 qmc
2246 1647 2375 1692 sunt
2408 1638 2688 1699 salutaria,
2737 1642 3015 1703 suggerat,
3052 1634 3137 1687 vel
3188 1642 3244 1685 ιιι
3277 1648 3463 1685 earum
3497 1647 3659 1694 opera

2096 1732 2160 1783 ad
2207 1730 2553 1782 tractandum
2606 1728 2821 1796 aliquod
2857 1726 3218 1779 ministerium
3259 1734 3462 1784 utatur,
3490 1722 3570 1775 vi-l
3602 1729 3661 1775 ttt

424 1835 509 1886 ριν
552 1815 953 1886 σωφρονισμοῦ.
989 1816 1155 1884 Ζήτει
1211 1815 1414 1884 βι6>.ίον
1452 1814 1491 1877 ξ’
1524 1811 1634 1864 τῶν
1662 1813 1988 1877 Βασιλικών,

2102 1820 2181 1872 tlet
2214 1834 2306 1871 eas
2345 1816 2682 1885 magistratui
2717 1813 3084 1880 castigandas.
3119 1813 3310 1876 Qurcrc
3347 1813 3544 1863 librum
3593 1825 3661 1861 ιι

422 1908 587 1978 τίτλῳ
611 1907 713 1978 λη’,
745 1926 869 1976 κεφ.
894 1914 960 1962 α’.
1004 1908 1129 1959 Ἐάν
1160 1906 1341 1975 πατὴρ
1366 1906 1637 1974 Θυγατέρα
1665 1904 1696 1974 ἢ
1725 1905 1990 1973 δεσπότης

424 2001 619 2070 δούλην
667 2001 1028 2069 πορνοϐοσκῇ,
1078 1996 1467 2050 ἀπολλύτωσαν
1520 1996 1617 2066 τὴν
1654 1996 1740 2047 ἐπ’
1792 1997 1985 2057 αὐταῖς

426 2092 699 2155 ἐξουσίαν.
728 2090 1057 2161 Προστίθησι
1084 2091 1139 2140 δὲ
1169 2092 1229 2140 τὸ
1268 2088 1563 2155 κεφάλαιον
1598 2088 1684 2138 διὰ
1708 2086 1801 2138 τοῦ
1867 2089 1990 2137 ἐπι-

425 2185 631 2236 σκόπου
672 2183 765 2234 καὶ
798 2179 889 2233 τοῦ
908 2180 1161 2249 ἄρχοντος
1196 2176 1360 2239 αύτάς
1393 2174 1735 2247 βοηθεῖσθαι·
1766 2176 1860 2229 καὶ
1886 2178 1989 2241 ὅτι,

427 2275 523 2327 ἐὰν
560 2274 877 2327 ἀνθίσταται
929 2274 1062 2341 πρὸς
1098 2272 1255 2324 τοῦτο
1284 2274 1311 2324 ὁ
1345 2278 1524 2343 πατὴρ
1555 2274 1587 2343 ἢ
1635 2274 1662 2341 ό
1692 2271 1984 2339 δεσπότης,

425 2368 771 2434 δημεύονται-
794 2367 886 2419 καὶ
917 2366 1273 2436 ὲξορίζονται.
1308 2364 1417 2417 Καὶ
1446 2368 1506 2417 τὸ
1546 2365 1801 2433 δεύτερον
1828 2364 1995 2430 κεφά-

428 2457 580 2511 λαιον
607 2459 733 2519 τοὺς
769 2458 867 2527 μὲν
897 2458 1131 2519 εὐτελεῖς
1168 2456 1561 2527 πορνοϐοσκοὺς
1588 2458 1792 2525 ὁμοίως
1821 2474 1991 2524 τιμω-

433 2552 538 2620 ρεῖ,
567 2550 691 2612 τοὺς
710 2534 783 2601 ’δὲ
808 2549 1094 2619 στρατείαν
1127 2547 1346 2617 ἔχοντας
1368 2547 1704 2617 δημεύεσθαί
1730 2563 1884 2615 φησι.
1918 2545 1992 2597 Τὸ

432 2642 619 2709 μέντοι
656 2639 703 2709 γ’
748 2659 873 2710 κεφ.
910 2640 1004 2693 τοῦ
1051 2641 1214 2694 αὑτοῦ
1248 2639 1453 2710 βιϐλίου
1489 2641 1583 2693 καὶ
1616 2638 1819 2702 τίτλου,
1855 2642 1992 2707 ὅπερ

431 2735 548 2786 ἐστὶ
595 2733 782 2804 Νεαρά
823 2732 1262 2794 Ἰουστινιάνειος,
1311 2732 1557 2801 μεγάλως
1606 2731 1823 2793 κολάζει
1868 2731 1993 2794 τοὺς

435 2828 532 2879 σὺν
568 2829 750 2899 τέχνῃ,
782 2829 877 2881 καὶ
900 2828 1057 2898 δόλῳ,
1100 2827 1194 2879 καὶ
1223 2825 1434 2897 ἀνάγκῃ
1485 2830 1564 2885 είς
1593 2828 1691 2895 τὴν
1739 2825 1996 2896 τοιαύτην

432 2915 721 2986 ἀσέλγειαν
772 2918 1047 2986 ἄγοντας,
1097 2919 1191 2995 καὶ
1259 2916 1739 2987 ἐμπορευομένους
1799 2915 1992 2972 ταῦτα.

448 3004 751 3077 Ἀνάγνωθι
776 3010 866 3063 οὖν
887 3011 947 3063 τὸ
972 3008 1212 3063 τοιοῦτον
1240 3008 1537 3079 κεφάλαιον
1567 3010 1995 3064 ὲπιστατικὼτε-

438 3120 551 3173 ρον,
597 3105 828 3171 Λέγουσι
877 3104 985 3176 γάρ
1033 3122 1179 3167 τινες
1204 3103 1278 3168 ὡς
1311 3103 1549 3166 ἐκείνους
1585 3101 1740 3157 τοῦτο
1774 3100 1995 3166 κολάζει

433 3196 564 3277 τοὺς
586 3195 924 3260 πλανῶντας,
953 3195 1047 3248 καὶ
1084 3196 1222 3265 μετά
1252 3214 1396 3257 τινος
1442 3194 1723 3266 μεθόδουῆ
1755 3196 1996 3265 ἀνάγκης

440 3286 803 3354 με’;ἐ>.κοντας
842 3287 921 3349 είς
954 3286 1206 3357 πορνείαν
1251 3286 1515 3355 γυναῖκάς
1550 3303 1701 3347 τινας
1725 3300 1739 3315 ⁸
1775 3286 1836 3338 οὐ
1895 3286 2000 3355 μὴν

436 3382 562 3439 τοῦς
620 3376 1087 3447 προσδεχομένους
1142 3377 1242 3440 τάς
1307 3378 1539 3445 ἑκουσίῳ
1601 3375 1855 3448 βουλήσει
1905 3377 2002 3446 τὴν

442 3469 701 3538 πορνείαν
754 3469 1017 3538 ἑλομένας
1063 3469 1152 3522 διὰ
1185 3469 1399 3537 φύσεως
1425 3469 1673 3541 ἀνάγκην
1778 3468 1871 3521 καὶ
1900 3484 2003 3519 πε-

440 3564 581 3617 νίαν.
638 3559 891 3629 Χρῶνται
929 3561 984 3613 δὲ
1028 3561 1283 3631 καὶπρὸς
1318 3559 1675 3614 ἐπισύστασιν
1712 3558 1807 3613 τοῦ
1840 3561 2001 3628 λόγου

451 3654 639 3707 αὐτῶν
683 3656 775 3706 καὶ
811 3653 1023 3723 ῥήμασί
1066 3670 1177 3705 τισι
1200 3653 1300 3721 τῆς
1333 3652 1501 3722 αὐτῆς
1529 3652 1766 3723 Νεαρᾶς,
1800 3653 1893 3707 καὶ
1926 3652 2003 3726 τῷ

451 3748 686 3815 παρόντι
711 3747 893 3798 κανόνι
936 3745 1011 3815 μὴ
1055 3744 1218 3812 μόνον
1254 3745 1381 3807 τοὺς
1410 3745 1838 3813 ἐπισυνάγοντας
1869 3744 2003 3813 πόρ-

446 3857 541 3902 νας
576 3838 876 3901 κολάζοντι,
912 3836 1047 3890 ἀλλά
1073 3837 1312 3899 καὶτοὺς
1338 3836 1725 3907 ἐκτρέφοντας,
1756 3837 2005 3889 τουτέστι

444 3932 537 3984 δια
570 3930 776 3999 πλάνης
806 3930 900 3981 καί
930 3928 1217 3988 κολακείας
1237 3928 1613 3991 συνωθοῦντας
1642 3926 1810 3992 αὐτὰς
1839 3930 1916 3992 είς
1944 3929 2004 3982 τὸ

455 4022 643 4076 κακόν.
664 4024 775 4075 Καὶ
797 4021 855 4073 τὸ
882 4023 945 4089 σή
956 4037 1018 4090 με
1030 4036 1118 4090 ρον
1140 4019 1195 4073 δὲ
1206 4020 1483 4087 γινόμενον
1504 4021 1897 4089 πραγματικῶς
1922 4018 2002 4084 είς

450 4124 517 4168 τά
550 4112 944 4185 προνοεοσκεῖα
972 4112 1330 4166 διενίστανται
1361 4112 1669 4181 συντρέχειν
1691 4114 1800 4175 τοῖς
1824 4112 2006 4181 λόγοις

449 4208 649 4261 αὐτῶν.
696 4206 850 4275 Ἐμοὶ
885 4205 941 4259 δὲ
975 4205 1124 4257 δοκεῖ
1178 4204 1259 4257 ὅτι
1317 4206 1494 4259 πάντα
1541 4204 1904 4274 πορνοϐοσκὸν
1956 4208 2005 4259 oi

453 4300 609 4368 νόμοι
660 4300 753 4351 καὶ
814 4299 863 4351 οἱ
894 4299 1117 4359 κανόνες
1163 4294 1521 4359 ἀδιαστίκτως
1568 4295 1872 4360 κολάζουσι,
1913 4300 2009 4352 καὶ

450 4394 633 4444 πᾶσαν
667 4394 867 4462 πόρνην
898 4395 978 4454 εἰς
1020 4389 1378 4461 σωφροσύνην
1410 4388 1783 4460 μεθέλκουσιν.
1856 4391 2012 4446 Ἀνά-

2096 1910 2308 1963 Basilio.
2342 1910 2422 1961 tit.
2455 1908 2543 1969 58,
2570 1906 2738 1973 eap.l
2778 1920 2793 1957 :
2827 1904 2879 1958 Si
2906 1916 3056 1971 pater
3083 1904 3267 1964 ﬁliam,
3299 1904 3377 1954 vel
3409 1902 3661 1955 dominus

2098 2017 2307 2055 set'Vam
2343 2001 2541 2053 nutriat
2586 2000 2650 2052 ad
2699 2006 2965 2067 quaestum
3008 1997 3393 2055 meretricium.
3437 1999 3665 2065 perdant

2096 2111 2257 2164 quam
2283 2094 2484 2146 habent
2516 2093 2567 2144 in
2602 2108 2693 2144 cas
2727 2100 3075 2159 potestatem.
3108 2090 3304 2157 Adjicit
3331 2101 3504 2141 autem
3538 2103 3665 2139 con-

2098 2190 2330 2244 Stitutio.
2358 2186 2459 2238 Per
2489 2187 2804 2254 episcopum
2842 2194 2892 2237 et
2918 2186 3299 2255 ltiagistratmn
3334 2183 3413 2236 eis
3444 2196 3662 2250 quoque

2100 2279 2227 2333 ferri
2270 2278 2467 2331 debere
2500 2280 2762 2329 auxilium
2799 2294 2811 2328 :
2858 2286 2911 2328 et
2938 2276 3079 2344 quod
3118 2277 3161 2327 si
3191 2276 3254 2327 ad
3301 2276 3401 2327 hoc
3443 2274 3663 2326 resistat

2100 2383 2252 2443 pater
2279 2371 2361 2424 vel
2394 2368 2670 2431 dominus,
2719 2369 3066 2437 publicantur
3107 2378 3162 2420 et
3207 2369 3661 2419 cxterminantur.

2099 2466 2176 2515 Ac
2210 2462 2510 2516 secundum
2544 2460 2761 2527 quidem
2793 2466 2953 2525 caput
2986 2459 3118 2510 vites
3151 2457 3375 2510 lenones
3408 2456 3663 2508 similiter

2101 2553 2257 2623 punit
2292 2567 2307 2603 :
2338 2567 2432 2605 eos
2467 2560 2670 2613 autem,
2718 2550 2807 2617 qui
2845 2560 2973 2602 sunt
3007 2549 3259 2600 militaris
3302 2547 3531 2606 Ordinis,
3560 2562 3665 2615 pu-

2102 2646 2383 2700 blicandos
2414 2644 2565 2697 dicit.
2607 2642 2858 2710 Ejusdem
2898 2651 3075 2693 autem
3129 2640 3250 2693 libri
3286 2650 3338 2693 et
3370 2639 3509 2692 tituli
3541 2654 3663 2707 cap.

2102 2740 2155 2801 5,
2191 2737 2333 2808 quod
2367 2746 2450 2791 est
2472 2733 2763 2789 Iustiniani
2800 2734 3039 2797 Novella,
3076 2732 3228 2786 valde
3259 2733 3410 2802 punit
3435 2748 3549 2795 eos,
3573 2735 3667 2801 qui

2102 2842 2218 2886 arte
2246 2840 2299 2886 et
2328 2828 2453 2885 dolo
2497 2837 2551 2882 et
2588 2830 2910 2882 necessitate
2944 2829 3156 2895 aliquas
3203 2828 3253 2879 in
3294 2828 3434 2880 hanc
3469 2826 3668 2880 intem-

2104 2921 2403 2992 perantiam
2435 2919 2737 2978 attrahunt.
2771 2929 2824 2972 et
2870 2919 2936 2971 iis
2978 2926 3339 2969 mercaturam
3387 2923 3666 2969 exercent.

2102 3013 2243 3084 Lege
2280 3030 2406 3084 ergo
2431 3013 2529 3065 hoc
2553 3021 2717 3079 caput
2748 3010 3082 3080 diligentius.
3123 3007 3323 3061 Dicunt
3354 3009 3498 3061 enim
3530 3022 3668 3061 non-

2106 3105 2264 3169 nulli,
2298 3104 2440 3173 quod
2484 3102 2533 3157 id
2583 3102 2705 3157 illos
2750 3104 2903 3172 punit
2937 3102 3027 3169 qui
3060 3100 3356 3161 seducunt,
3390 3110 3442 3153 et
3482 3100 3665 3169 aliquo

2101 3198 2330 3253 artilicio
2368 3196 2449 3251 vel
2500 3198 2825 3250 necessitate
2854 3195 3109 3247 mulieres
3144 3178 3354 3262 aliquas
3391 3194 3461 3244 ad
3500 3190 3671 3251 forni-

2101 3294 2371 3345 cationem
2403 3291 2685 3344 attrahunt
2722 3306 2735 3342 :
2774 3306 2879 3342 non
2924 3296 3105 3340 autent
3148 3301 3244 3341 eos
3278 3284 3369 3353 qui
3418 3286 3536 3338 illas
3572 3302 3668 3341 su-

2103 3383 2367 3453 scipiunt.
2416 3397 2535 3451 quae
2585 3388 2882 3447 spontanee
2935 3378 3213 3430 voluntate
3248 3374 3662 3429 fornicationem

2099 3476 2309 3545 eligunt
2340 3482 2557 3542 pr0pter
2590 3479 2798 3525 natura:
2828 3468 3203 3523 neces.~itatem
3236 3468 3316 3520 Vel
3350 3471 3508 3520 etiam
3533 3481 3669 3536 pau-

2103 3575 2391 3640 pertatem.
2432 3563 2513 3619 Ad
2556 3565 2655 3617 hec
2708 3573 2888 3617 autem
2940 3562 3278 3629 probandum
3332 3568 3559 3612 utuntur
3613 3567 3668 3611 et

2105 3661 2392 3717 nonnullis
2416 3660 2590 3730 ipsius
2618 3657 2856 3713 NOvellm
2884 3656 3083 3718 verbis,
3108 3662 3162 3708 et
3189 3652 3438 3723 prresenti
3462 3664 3672 3706 canone

2104 3759 2383 3828 puniente,
2422 3770 2528 3809 non
2578 3768 2671 3807 eos
2720 3754 2896 3806 solum
2945 3752 3036 3819 qui
3085 3748 3399 3801 ineretrices
3444 3755 3669 3813 cogunt,

2102 3848 2199 3904 sed
2226 3849 2390 3902 etiam
2428 3845 2519 3915 qui
2551 3859 2646 3898 eas
2683 3843 2955 3901 nutriunt,
2994 3854 3089 3907 per
3118 3836 3360 3890 fraudem
3389 3842 3443 3888 et
3476 3834 3669 3887 adula-

2104 3942 2305 3995 tionem
2339 3952 2432 3993 eas
2467 3937 2520 3991 in
2561 3936 2763 3988 malum
2798 3933 3164 4000 impellentes.
3205 3927 3375 3982 Porro
3403 3933 3581 3980 autem
3616 3934 3671 3977 et

2103 4033 2249 4106 quod
2294 4031 2458 4087 hodie
2502 4038 2624 4085 actu
2668 4029 2739 4083 sit
2791 4029 2844 4081 in
2880 4028 3139 4080 lenonum
3168 4018 3413 4077 'olﬁcinis
3455 4014 3671 4075 videtur

2108 4140 2232 4182 cum
2264 4140 2455 4180 eorum
2491 4124 2639 4178 dicto
2672 4133 3020 4175 concurrere.
3061 4115 3187 4169 Mihi
3219 4125 3395 4167 autem
3433 4113 3667 4174 videtur.

2106 4217 2251 4287 quod
2287 4218 2431 4287 leges
2461 4224 2515 4269 et
2545 4227 2785 4268 canones
2818 4223 3204 4280 quemcunque
3237 4207 3489 4260 lenonem
3526 4202 3674 4257 indi-

2108 4311 2306 4364 stincte
2339 4308 2594 4378 puniunt,
2626 4314 2680 4359 et
2721 4320 2934 4357 onmem
2982 4301 3315 4354 meretricem
3372 4297 3437 4352 ad
3472 4308 3673 4365 tempe-

2109 4402 2342 4455 rantiam
2390 4400 2699 4453 retrahunt.
2749 4395 2887 4464 Lege
2929 4402 2982 4446 et
3012 4392 3069 4446 9i
3116 4390 3389 4445 Novellum
3435 4389 3673 4458 impera-

445 4486 615 4551 τνωθι
649 4487 740 4537 καὶ
772 4485 868 4555 τὴν
891 4482 981 4550 ιμ’
1009 4480 1229 4553 Νεαρὰν
1262 4477 1355 4534 τοῦ
1377 4481 1637 4552 βασιλέως
1668 4474 1835 4554 κυροῦ
1857 4484 1999 4539 Λέον-

2118 4494 2253 4548 toris
2284 4491 2486 4547 domini
2527 4490 2727 4544 Leonis
2760 4484 3091 4553 Philosophi,
3125 4498 3244 4552 quae
3274 4497 3379 4535 non
3409 4480 3674 4549 permittit

446 4596 539 4637 τος
586 4577 681 4629 τοῦ
737 4577 1053 4642 Φιλοσόφου,
1114 4576 1189 4645 μὴ
1236 4574 1675 4646 παραχωροῦσαν
1744 4576 1891 4628 κατά
1921 4574 2015 4629 τὸν

454 4671 684 4724 παλαιὸν
716 4670 881 4739 νόμον
912 4666 1120 4735 διάγειν
1148 4667 1269 4719 τινὰ
1305 4668 1443 4737 μετὰ
1477 4663 1784 4722 παλλακῶν.

532 4852 775 4907 ΖΩΝΑΡ.
833 4848 907 4901 Τὸ
956 4846 1338 4918 πορνοϐοσκεῖν
1398 4846 1494 4898 καὶ
1549 4846 1661 4907 τοῖς
1714 4845 2011 4910 πολιτικοῖς

456 4944 838 5015 ἀπηγόρευται
874 4942 1079 5010 νόμοις.
1116 4938 1505 5007 Πορνοόοσκεῖν
1533 4936 1575 4988 δ’
1612 4938 1728 4987 ἐστὶ
1780 4938 1837 4989 τὸ
1890 4937 2012 5009 τρέ-

460 5056 581 5107 φειν
614 5037 814 5105 πόρνας
849 5035 937 5088 διὰ
971 5032 1160 5101 κέρδος
1200 5028 1294 5083 τοῦ
1335 5027 1687 5099 μισθώματος
1720 5028 1814 5081 ἐπὶ
1841 5029 2014 5103 βλάϐῃ

455 5129 666 5200 ψυχῶν.
695 5128 758 5180 Ei
787 5126 843 5179 δὲ
873 5127 985 5187 τοῖς
1006 5124 1104 5193 τῆς
1131 5119 1405 5181 πολιτείας
1437 5119 1597 5175 τοῦτο
1656 5118 1877 5189 θεσμοῖς
1911 5121 2018 5174 ἀπ..

456 5222 779 5292 ηγόρευται,
811 5214 992 5286 πολλῷ
1021 5216 1099 5283 τῷ
1137 5215 1288 5285 μέσῳ
1318 5214 1405 5283 εἴη
1434 5212 1499 5266 ἂν
1538 5211 2017 5283 ἀποτετραμμένον

458 5314 573 5375 τοῖς
598 5308 1070 5378 ἒκκλησιαστικοῖς
1095 5306 1192 5358 καὶ
1233 5305 1643 5375 πνευματικοῖς.
1676 5304 1766 5356 Διὸ
1804 5303 1899 5357 καὶ
1928 5303 2020 5372 βα-

465 5403 673 5475 ρύτατα
702 5400 860 5454 τοῦτο
883 5398 1100 5461 κολάζει
1126 5397 1154 5450 ὃ
1200 5394 1378 5449 κανὼν
1425 5395 1518 5447 ἐπὶ
1543 5392 1839 5464 κληρικῶν.
1873 5390 2022 5445 Καθ-

460 5495 741 5567 αιρεῖσθαι
773 5493 882 5564 γὰρ
930 5491 1129 5553 αὐτοὺς
1160 5490 1217 5541 ὲν
1283 5487 1463 5557 ταύτῷ
1515 5490 1610 5540 καὶ
1658 5485 2018 5556 ἀφορίζεσθαι

461 5588 828 5649 διατάττεται,
856 5585 991 5654 ὅπερ
1022 5582 1315 5645 σπανιάκις
1359 5580 1694 5651 εὑρίσκεται.
1736 5576 1882 5632 Ἀντὶ
1909 5577 2018 5647 γάρ

447 5683 651 5760 ,πάσης
675 5679 873 5749 ἑτέρας
898 5675 1166 5746 τιμωρίας
1205 5675 1280 5737 ὡς
1312 5675 1402 5727 ἐπὶ
1433 5674 1493 5726 τὸ
1523 5672 1661 5726 πολὺ
1689 5674 1802 5736 τοῖς
1823 5671 2019 5739 κεκλη-

470 5773 739 5847 ρωμένοις
763 5770 953 5843 ἀρκεῖν
981 5766 1395 5840 νενομοθέτηται
1442 5767 1479 5837 ἡ
1513 5764 1850 5836 καθαίρεσις.
1876 5764 2018 5826 Tob;

2115 4593 2175 4639 ut
2198 4584 2366 4641 veteri
2400 4584 2514 4654 lege
2542 4581 2744 4651 aliquis
2775 4578 2933 4648 degat
2967 4590 3090 4630 cum
3122 4572 3471 4628 concubinis.

2184 4840 2440 4908 ZONAB:
2478 4846 2793 4903 Meretrices
2818 4845 2964 4898 alere
2988 4843 3228 4899 civilium
3258 4853 3472 4909 quoque
3494 4848 3674 4906 legum

2117 4944 2425 5001 sanctiones
2466 4948 2672 4996 vetant.
2707 4938 2865 4993 Alere
2907 4948 3059 4991 νει-θ’
3086 4932 3406 4988 meretrices
3452 4937 3556 4991 est,
3590 4927 3674 4980 eis

2115 5038 2186 5095 ob
2234 5037 2446 5090 lucrum
2500 5048 2566 5086 ex
2615 5029 2927 5085 meretricio
2974 5038 3183 5097 quaestu
3236 5018 3677 5091 percipiendum,

2113 5144 2238 5185 cum
2299 5106 2619 5181 animarum
2675 5121 2917 5193 pernicie
2977 5118 3238 5172 alimenta
3302 5107 3671 5181 suppedltare.

2114 5222 2286 5290 Quam
2335 5235 2473 5285 rem,
2527 5219 2572 5273 si
2632 5216 2825 5271 civiles
2867 5225 3086 5282 quoque
3132 5209 3280 5277 leges
3331 5201 3678 5273 prohibeant,

2116 5314 2288 5369 multo
2316 5312 2462 5366 illam
2493 5316 2640 5364 certe
2664 5306 2834 5376 magis
2858 5301 3244 5358 ecclesiasticae
3270 5311 3333 5351 ac
3357 5293 3679 5365 spirituales
3758 5336 3764 5343 .

2118 5401 2318 5457 debent
2365 5399 2631 5454 aversari.
2684 5394 2916 5450 Proinde
2967 5390 3248 5463 graviores
3288 5387 3451 5442 etiam
3501 5396 3678 5454 pinnat

2119 5492 2333 5548 clericis
2356 5492 2411 5545 in
2439 5490 2540 5544 hoc
2568 5502 2765 5560 genere
2792 5480 3233 5554 delinquentibus
3255 5480 3524 5545 irrogata.
3546 5475 3681 5530 Illos

2118 5582 2387 5652 siquidem
2435 5581 2599 5651 (quod
2646 5595 2753 5635 non
2801 5578 2877 5633 ita
2923 5576 3117 5637 crebro
3168 5572 3439 5643 reperias)
3476 5568 3681 5640 deponi

2117 5674 2280 5731 simul
2312 5681 2367 5729 et
2385 5672 2655 5742 segregari
2681 5669 2860 5740 jubet.
2887 5667 2992 5724 Pro
3014 5665 3213 5738 quovis
3240 5664 3384 5720 enim
3414 5662 3524 5717 alio
3543 5674 3684 5730 snp-

2120 5765 2282 5836 plicio
2306 5764 2358 5818 in
2385 5778 2502 5827 eos,
2523 5763 2615 5833 qui
2649 5761 2794 5818 clero
2822 5761 3045 5832 ascripti
3079 5757 3315 5824 fuerant,
3356 5754 3677 5826 plerumque
