4092 6214
478 256 587 319 807

1732 257 2010 319 ΤΗΕΟΙ).
2052 253 2453 321 BALSAMON

3618 253 3728 315 808

476 371 750 441 depositio
785 373 902 428 sola
934 373 1180 429 suﬂicere
1214 375 1328 431 visa
1362 374 1485 430 fuit.
1516 375 1707 432 Laicos
1750 393 1903 441 vero,
1939 378 2030 445 qui

2150 375 2188 424 i‘s
2218 371 2438 431 λαῖκοὺς
2505 368 2867 439 ἀφορίζεσθαι
2922 367 3257 439 προστάσσει
3299 365 3457 421 τοῦτο
3516 372 3735 425 ποιούν-

480 463 534 517 id
567 464 831 530 fecerint,
865 467 1243 536 segregatione
1276 468 1582 537 puniendos
1617 483 1740 524 esse
1773 468 2037 523 decernit.

476 554 706 612 ARIST.
751 577 770 609 ι
821 557 924 621 Qui
975 562 1292 614 meretrices
1343 562 1396 613 in
1453 564 1757 613 animarum
1813 562 2039 616 exitium

756 667 776 701 ι
813 651 981 719 cogit,
1018 660 1356 722 segregatur.
1399 674 1417 704 ι
1455 652 1790 723 Perspicuae.

977 764 1203 819 CANON
1244 765 1549 821 LXXXVII.

489 891 508 922 ι
542 876 672 938 Quae
700 878 953 929 maritum
986 879 1226 947 reliquit,
1256 889 1339 932 est
1369 879 1637 942 adultera,
1668 880 1713 934 si
1744 880 1954 934 venerit
1976 880 2043 934 ad

558 985 576 1017 ι
617 968 804 1034 alium,
837 980 894 1022 ut
919 973 1035 1024 vult
1062 988 1218 1027 sacer
1249 983 1301 1025 et
1326 974 1544 1027 divinus
1575 973 1828 1037 Basilius,
1859 979 1951 1044 qui
1978 990 2045 1029 ex

564 1078 581 1111 ι
624 1062 897 1115 Hicremia
936 1066 1196 1133 propheta
1230 1065 1334 1118 hoc
1369 1066 1570 1133 optime
1599 1064 1814 1135 collegit
1849 1082 1865 1118 :
1897 1066 2046 1135 quod

570 1169 588 1201 ι
630 1152 673 1206 si
703 1154 795 1205 alii
832 1154 948 1207 viro
984 1170 1123 1207 uxor
1151 1156 1331 1216 fuerit,
1358 1157 1422 1208 ad
1461 1157 1711 1209 maritum
1744 1172 1903 1211 suum
1937 1173 2045 1212 non

559 1260 579 1293 ι
617 1255 989 1310 convertetur,
1018 1247 1114 1301 sed
1144 1246 1367 1316 polluta,
1395 1247 1668 1317 polluetur
1697 1265 1711 1302 :
1740 1258 1792 1303 et
1812 1265 2005 1306 rursus
2029 1265 2045 1305 :

557 1346 578 1380 ι
616 1328 718 1396 Qui
750 1332 962 1387 detinet
996 1333 1323 1397 adulteram,
1360 1335 1447 1389 est
1474 1346 1527 1388 ct
1559 1336 1826 1406 insipiens
1859 1350 1913 1393 et
1947 1340 2049 1393 im-

559 1439 579 1472 ‹
620 1423 763 1491 pius.
794 1422 850 1476 Si
876 1424 1060 1494 itaque
1090 1434 1284 1495 praeter
1308 1428 1571 1481 rationem
1596 1443 1625 1480 a
1647 1429 1843 1483 marito
1865 1444 2049 1487 seces-

559 1530 579 1563 ‹
621 1513 761 1568 sisse
793 1527 1043 1584 appareat
1072 1558 1087 1580 ,
1122 1516 1209 1569 ille
1244 1517 1459 1587 quidem
1494 1501 1651 1573 venia
1693 1521 1888 1589 dignus
1936 1531 2043 1587 est,

561 1623 580 1655 ‹
626 1607 738 1659 haec
784 1622 911 1659 vero
962 1622 1139 1676 paena.
1176 1608 1254 1663 Illi
1299 1620 1479 1664 autem
1522 1613 1679 1665 venia
1723 1613 1962 1679 dabitur,
1990 1623 2052 1668 ut

2140 482 2259 517 τας.

2173 482 2207 516 α
2244 501 2259 516 .

2140 481 2365 611 ΣΙΞΙΣΤ.
2404 574 2423 607 r
2484 556 2542 609 ’0
2593 557 2847 622 συνάγων
2882 557 3095 623 πόρνας
3148 555 3238 608 ἐπ’
3282 552 3482 626 ὀλίσθῳ
3529 558 3726 628 ψυχῶν

2593 648 2940 719 ἀφορίζεται.
2986 667 3005 699 ι
3038 648 3267 716 Σαφὴς.

2723 757 2971 809 ΚΑΝΩΝ
3008 756 3133 813 ΠΖ’.

2149 891 2169 923 α
2226 872 2290 925 Ἦ
2320 871 2697 926 καταλιποῦσα
2732 874 2824 926 τὸν
2850 874 3023 944 ἄνδρα
3056 873 3308 944 μοιχαλίς
3341 877 3514 939 ἐστιν,
3547 876 3599 929 εί
3636 878 3724 928 ἐπ’

2218 983 2236 1013 ι
2282 963 2439 1016 ἀλλον
2464 959 2617 1033 ἦλθε,
2645 963 2791 1016 κατά
2816 964 2911 1016 τὸν
2938 964 3084 1034 ἱερὸν
3117 966 3214 1017 καὶ
3248 965 3389 1018 θεῖον
3412 967 3722 1035 Βασίλειον,

2145 1036 2149 1045 ’
2226 1073 2243 1105 ι
2289 1055 2353 1105 ἐκ
2380 1055 2479 1122 τῆς
2516 1052 2785 1123 Ἱερεμίου
2813 1056 3154 1125 προφητείας
3184 1057 3385 1126 ἄριστα
3406 1059 3569 1110 τοῦτο
3593 1061 3725 1112 ἀνα-

2222 1162 2241 1196 ι
2284 1144 2609 1215 λεξάμενον·
2642 1146 2726 1197 ὅτι
2761 1145 2888 1199 Ἐὰν
2919 1147 3059 1216 γυνή
3085 1148 3310 1215 γένηται
3342 1149 3501 1218 ἀνδρὶ
3525 1150 3721 1219 ἑτέρῳ,

2220 1256 2239 1287 ι
2285 1237 2387 1289 οὐκ
2441 1236 2761 1307 ἐπιστρέψει
2796 1237 2937 1307 πρὸς
2990 1238 3085 1290 τὸν
3122 1237 3292 1308 ἄνδρα
3348 1240 3544 1309 αὐτῆς,
3585 1241 3723 1294 ἀλλά

2226 1349 2243 1380 ι
2290 1330 2620 1399 μιαινομένη
2657 1328 3021 1399 μιανθήσεται
3049 1347 3063 1361 ’
3094 1330 3189 1383 καὶ
3211 1330 3375 1384 πάλιν
3411 1348 3426 1363 ο
3471 1331 3535 1384 '0
3586 1333 3722 1402 ἔχων

2225 1440 2243 1471 ι
2289 1419 2577 1490 μοιχαλίδα
2602 1420 2793 1491 ἄφρων
2826 1420 2925 1473 καὶ
2960 1421 3188 1491 ἀσεϐής.
3222 1420 3287 1473 Ei
3318 1421 3414 1475 οὖν
3448 1426 3594 1493 φανῇ
3624 1424 3719 1477 τοῦ

2226 1531 2243 1562 ι
2290 1512 2479 1582 ἀνδρὸς
2517 1512 2726 1580 ἀλόγως
2746 1513 3169 1583 ἀναχωρήσασα,
3193 1515 3221 1566 6
3252 1513 3351 1581 μὲν
3392 1515 3723 1586 συγγνώμης

2227 1623 2245 1655 ι
2288 1606 2439 1656 ἐστὶν
2497 1604 2648 1671 ἄξιος
2698 1606 2732 1674 ἡ
2765 1604 2823 1657 δὲ
2858 1605 3173 1675 ἐπιτιμίων,
3203 1605 3266 1659 Ἦ
3306 1605 3364 1657 δὲ
3418 1608 3719 1679 συγγνώμη

562 1720 582 1753 ι
618 1703 882 1759 Ecclesiae
915 1706 1301 1760 communicet.
1342 1705 1448 1761 Sed
1485 1709 1530 1764 is
1557 1711 1648 1779 qui
1677 1710 1915 1781 legitime
1945 1711 2047 1767 sibi

2227 1714 2247 1746 ι
2292 1694 2465 1765 τούτῳ
2490 1694 2625 1764 πρὸς
2661 1694 2721 1747 τὸ
2755 1696 3035 1747 κοινωνεῖν
3092 1696 3160 1764 τῇ
3207 1693 3508 1765 Ἐκκλησία
3561 1695 3722 1764 δοθή-

563 1811 581 1843 ι
619 1794 799 1847 datam
847 1810 1071 1850 uxorem
1126 1799 1405 1866 relinquit,
1453 1812 1507 1856 et
1557 1803 1716 1857 aliam
1764 1805 1935 1871 ducit,
1980 1823 2049 1861 ex

561 1902 580 1934 ι
620 1884 834 1939 Domini
876 1888 1146 1941 sententia
1193 1899 1271 1943 est
1320 1892 1571 1945 adulterii
1614 1893 1821 1962 judicio
1871 1897 2048 1952 obno-

562 1994 584 2026 ‹
623 1976 744 2029 xius
763 1977 832 2031 ".
861 1978 903 2031 A
928 1978 1178 2034 Patribus
1208 1990 1387 2033 autem
1412 1984 1613 2037 nostris
1640 1993 1900 2039 statutum
1924 1998 2046 2041 est:

564 2086 585 2119 ι
624 2077 681 2121 ut
722 2069 815 2138 qui
848 2079 976 2137 sunt
1011 2073 1274 2140 ejusmodi
1311 2089 1417 2127 uno
1451 2090 1595 2129 anno
1624 2076 1876 2142 deﬂeant,
1900 2080 2052 2135 bien-

566 2179 587 2212 ‹
624 2148 717 2214 nio
741 2162 988 2227 audiant,
1020 2165 1255 2219 triennio
1281 2166 1719 2235 substernantur,
1743 2179 1795 2224 et
1818 2172 2049 2242 septimo

563 2274 585 2306 ί
623 2272 745 2309 cum
778 2256 1033 2313 ﬁdelibus
1056 2263 1377 2327 consistant,
1405 2273 1459 2316 et
1486 2263 1565 2317 sic
1590 2264 1867 2320 oblatione
1896 2267 2046 2338 digni

562 2367 582 2401 ι
626 2349 953 2414 habeantur,
983 2353 1028 2407 si
1070 2368 1193 2408 cum
1231 2354 1489 2426 lacrymis
1520 2357 1896 2427 paenitentiam
1922 2375 2050 2421 etze-

563 2460 583 2493 ι
625 2442 758 2495 rint.
801 2462 821 2496 ι

557 2619 758 2678 BALS.
784 2600 1060 2680 ’Dominus
1097 2632 1151 2680 et
1193 2625 1336 2681 Deus
1373 2636 1559 2683 noster
1589 2625 1748 2684 Jesus
1793 2628 2047 2697 Christus

486 2712 882 2785 interrogatus,
930 2733 997 2770 an
1060 2719 1221 2772 liccat
1259 2719 1457 2772 marito
1502 2728 1719 2774 uxorem
1769 2725 1956 2791 quavis
1981 2740 2048 2779 ex

487 2824 653 2863 causa
685 2809 982 2872 dimittere,
1010 2810 1328 2871 hocmetuit,
1355 2811 1545 2866 dicens
1571 2829 1584 2865 :
1608 2811 1763 2877 Quod
1793 2816 1887 2883 qui
1916 2831 2050 2869 uxo-

492 2919 600 2953 rem
632 2916 786 2956 suam
818 2901 1045 2969 reliquit
1076 2912 1436 2970 praeterquam
1463 2902 1832 2959 fornicationis
1858 2922 2047 2973 causa,

487 2993 648 3063 259
673 3001 726 3047 et
753 2993 978 3047 alteram
1026 3008 1247 3047 uxorem
1298 2994 1465 3060 ducit,
1498 2996 1818 3051 mwcbatur.
1862 2999 1927 3053 Et
1958 3000 2044 3054 in-

484 3088 661 3154 clytus
685 3085 980 3155 imperator
1004 3082 1366 3149 Justinianus,
1398 3087 1543 3156 leges
1568 3103 1687 3157 quae
1710 3089 1837 3142 olim
1866 3090 2043 3146 locum

490 3178 780 3239 habebant,
807 3185 861 3230 et
888 3175 1626 3259 conjugibus’permittebaut
1652 3180 1902 3251 coniugia
1929 3185 2049 3239 sine

482 3270 630 3335 justa
658 3283 825 3323 causa
857 3268 1090 3332 solvere,
1122 3279 1176 3323 et
1203 3270 1490 3338 unicuique
1522 3271 1676 3327 alteri
1707 3272 1907 3335 dicere,
1942 3274 2049 3332 Res

489 3365 611 3414 tutis
652 3375 801 3427 gere,
846 3374 943 3428 per
981 3359 1080 3411 H7
1110 3358 1385 3412 Novellam
1419 3360 1659 3427 sustulit,
1690 3378 1809 3432 quae
1840 3365 1941 3419 sita
1970 3377 2051 3421 est

490 3452 540 3503 in
577 3450 605 3500 7
638 3453 721 3504 tit.
770 3466 941 3505 xxvut
992 3451 1088 3506 lib.
1141 3460 1193 3505 et
1242 3434 1437 3507 causas
1486 3465 1786 3520 enumerat,
1831 3466 2051 3527 propter

486 3555 623 3608 quas
645 3550 699 3593 et
730 3541 876 3594 solas
904 3540 1042 3595 solvi
1069 3541 1268 3596 debent
1293 3543 1651 3597 matrimonia.
1683 3544 2047 3609 Quamobrem

483 3634 568 3685 icx
598 3648 815 3701 quoque
848 3632 1110 3688 liebraira
1144 3649 1248 3688 una
1282 3635 1495 3689 sublata
1520 3646 1631 3701 est,
1667 3654 1787 3707 quae
1810 3640 2047 3695 libellum

489 3726 697 3792 repudii
744 3727 962 3780 mittere
1009 3727 1328 3782 mulieribus
1372 3736 1426 3782 et
1471 3729 1785 3800 coniugium
1842 3734 2050 3791 solvere

488 3816 619 3869 viris
651 3815 1018 3884 permittebat.
1051 3816 1461 3885 Consequenter
1491 3833 1620 3891 ergo
1650 3836 1887 3891 praesens
1918 3841 2053 3895 quo-

496 3922 604 3975 que
642 3923 817 3963 canon
848 3908 998 3975 dicit,
1027 3912 1171 3979 quod
1203 3910 1417 3977 mulier,
1448 3928 1588 3980 quae,
1616 3915 1804 3970 relicto
1835 3919 2049 3986 marito,

488 4016 612 4054 cum
645 4002 816 4056 altero
851 4003 1055 4072 polluta
1089 4001 1273 4067 fuerit,
1307 4010 1393 4057 est
1427 4004 1671 4060 adulterii
1704 4009 1919 4064 crimini
1953 4014 2051 4065 οὓς

487 4091 668 4156 noxia,
720 4092 1177 4160 quemadmodum
1230 4092 1332 4147 hoc
1377 4109 1592 4165 quoque
1644 4112 1875 4168 magnus
1918 4103 2052 4157 dixit

491 4184 725 4240 Basilius
767 4186 821 4238 in
868 4184 902 4239 9
934 4202 1037 4241 suo
1074 4201 1308 4250 canone,
1340 4197 1394 4242 et
1436 4187 1499 4241 2!
1539 4194 1642 4243 hoc
1684 4191 1944 4261 colligens
1986 4211 2053 4250 ex

488 4268 769 4345 prophetia
815 4275 1062 4332 Jeremia:
1106 4279 1356 4343 dicentis,
1429 4280 1486 4334 Si
1546 4282 1740 4335 tnulier
1793 4301 1823 4337 a
1871 4289 2050 4344 mariti

2236 1806 2255 1838 ι
2302 1803 2477 1840 σεται.
2536 1786 2594 1840 Ὀ
2633 1786 2816 1857 μέντοι
2844 1787 3280 1856 καταλιμπάνων
3317 1786 3414 1857 τὴν
3466 1788 3717 1856 νομίμως

2230 1899 2249 1931 ι
2298 1879 2669 1949 συναφθεῖσαν
2711 1879 2866 1949 αὐτῷ
2904 1881 3169 1947 γυναῖκα,
3220 1880 3317 1931 καὶ
3354 1879 3550 1947 ἑτέραν
3591 1881 3721 1945 ἀγό-

2228 1990 2245 2021 ‹
2290 1987 2469 2040 μενος,
2504 1971 2644 2023 κατά
2668 1970 2765 2035 τὴν
2790 1969 2884 2023 τοῦ
2920 1970 3129 2039 Κυρίου
3174 1970 3475 2036 ἀπόφασιν,
3515 1970 3592 2039 τῷ
3621 1971 3722 2037 τῆς

2178 2128 2185 2137 1
2230 2082 2248 2113 ι
2300 2063 2545 2131 μοιχείας
2589 2063 2873 2115 ὑπόκειται
2907 2064 3164 2133 κρίματι.
3213 2064 3619 2117 Κεκανόνισται
3661 2064 3720 2117 δὲ

2229 2177 2245 2205 ι
2295 2156 2445 2226 παρά
2474 2157 2581 2208 τῶν
2614 2156 2875 2227 Πατέρων
2900 2156 3059 2226 ἡμῶν
3087 2157 3214 2218 τοὺς
3233 2156 3509 2219 τοιούτους
3536 2159 3721 2209 ἐνιαυ-

2232 2266 2248 2299 ι
2292 2247 2384 2301 τὸν
2416 2247 2795 2317 προσκλαίειν,
2852 2248 3063 2300 διετίαν
3105 2248 3508 2317 ἐπακροᾶσθαι,
3574 2266 3721 2318 τριε-

2228 2360 2247 2392 ι
2291 2341 2413 2393 τίαν
2449 2340 2807 2401 ὑποπίπτειν,
2844 2341 2941 2393 καὶ
2985 2340 3061 2411 τῷ
3101 2340 3314 2411 ἑϐδόμῳ
3359 2341 3719 2395 συνίστασθαι

2224 2451 2241 2481 ε
2284 2434 2398 2495 τοῖς
2443 2435 2673 2497 πιστοῖς,
2716 2434 2810 2484 καὶ
2864 2430 3006 2483 οὕτω
3060 2432 3159 2502 τῆς
3212 2434 3526 2503 προσφορᾶς
3589 2450 3721 2485 κατ-

2228 2543 2245 2575 ι
2293 2523 2596 2590 ἀξιοῦσθαι,
2628 2527 2720 2578 έάν
2777 2525 2916 2595 μετά
2966 2525 3213 2594 δακρύων
3265 2529 3661 2594 μετανοήσωσι.
3694 2544 3714 2579 ι

2218 2604 2417 2671 ΒΑΔΣ.
2465 2619 2524 2670 '0
2555 2617 2755 2687 Κύριος
2789 2619 2885 2672 καὶ
2938 2618 3068 2681 Θεὸς
3120 2618 3278 2688 ἡμῶν
3318 2618 3527 2686 Ἰησοῦς
3580 2621 3716 2689 Χρι-

2160 2714 2284 2774 στὸς
2322 2710 2640 2781 ἐρωτηθεὶς,
2663 2690 2947 2777 είέξεστιν
2974 2710 3128 2779 ἀνδρὶ
3171 2711 3269 2780 τὴν
3294 2714 3530 2779 γυναῖκα
3577 2714 3717 2764 ἀπο-

2146 2803 2295 2857 λύειν
2326 2805 2469 2858 κατά
2498 2806 2682 2858 πᾶσαν
2715 2806 2918 2871 αἰτίαν,
2954 2807 3303 2875 ἀπηγόρευσε
3332 2806 3514 2869 τοῦτο,
3549 2805 3718 2858 εἰπὼν

2147 2896 2231 2950 ὅτι
2284 2895 2343 2949 '0
2385 2897 2666 2961 ἀπολύσας
2717 2898 2819 2967 τὴν
2855 2900 3091 2966 γυναῖκα
3146 2896 3309 2950 αὑτοῦ
3348 2899 3505 2959 ἐκτὸς
3555 2896 3715 2964 λόγου

2149 2989 2428 3061 πορνείας,
2461 2992 2556 3044 καὶ
2598 2993 2856 3063 γαμήσας
2891 2993 3103 3060 ἑτέραν,
3140 2994 3417 3061 μοιχᾶται.
3460 2993 3571 3045 Καὶ
3599 2995 3628 3045 6
3657 2997 3714 3046 ἐν

2151 3078 2459 3150 βασιλεῦσιν
2474 3082 2715 3151 ἀοίδιμος
2743 3083 3109 3146 Ἰουστινιαεοὸς
3126 3083 3248 3144 τοὺς
3266 3082 3433 3137 πάλαι
3454 3101 3488 3136 κ
3496 3084 3718 3153 ρατοῦν-

2146 3187 2244 3233 τας
2270 3174 2488 3243 νόμους,
2517 3175 2609 3225 καὶ
2654 3173 3040 3244 ὲκχωροῦντας
3088 3177 3201 3237 τοῖς
3241 3174 3532 3244 ὁμοζύγοις
3562 3176 3710 3229 λύειν

2148 3266 2316 3335 χωρὶς
2349 3264 2571 3332 εὐλόγου
2626 3266 2802 3329 αἰτίας
2847 3273 2916 3320 τὰ
2960 3267 3293 3331 συνοικέσια,
3345 3268 3437 3320 καὶ
3490 3269 3717 3337 λέγοντα

2150 3355 2248 3407 ἕνα
2276 3355 2504 3408 ἕκαστον
2562 3355 2698 3424 πρὸς
2724 3357 2814 3409 τὸν
2845 3357 3052 3426 ἕτερον,
3121 3356 3334 3425 Πράττε
3363 3358 3431 3410 τά
3462 3360 3712 3424 σεαυτοῦ,

2150 3446 2390 3518 ἀνῄρησε
2418 3448 2504 3501 διὰ
2525 3451 2622 3518 τῆς
2651 3450 2869 3520 Νεαρᾶς
2903 3447 3027 3520 ριζ’,
3053 3449 3148 3518 τῆς
3176 3451 3433 3519 κειμένης
3492 3453 3549 3504 ἐν
3571 3452 3648 3520 τῷ
3670 3451 3714 3516 ζ’

2148 3540 2313 3609 τίτλῳ
2377 3541 2471 3593 τοῦ
2520 3538 2604 3612 κη’
2636 3540 2840 3611 βιῦλίου
2873 3582 2887 3605 ,
2939 3545 3033 3596 καὶ
3082 3544 3572 3615 ἀπαριθμουμένης
3616 3548 3714 3609 τάς

2149 3633 2326 3691 αἰτίας
2363 3633 2427 3686 δι’
2459 3633 2523 3697 ἀς
2549 3636 2641 3687 καὶ
2668 3635 2833 3704 μόνας
2866 3636 3137 3703 ὀφείλουσι
3164 3636 3384 3690 λύεσθαι
3418 3640 3481 3691 τά
3535 3656 3711 3692 συνοι-

2152 3728 2335 3780 κέσια.
2378 3728 2539 3781 Ὅθεν
2574 3728 2913 3800 συνανῃρέθη
2967 3730 3062 3782 καὶ
3108 3731 3136 3782 6
3182 3730 3468 3801 Ἐὁραῐκὸς
3524 3734 3704 3801 νόμος,

2150 3819 2179 3871 6
2211 3818 2447 3882 ἐνδιδοὺς
2469 3821 2581 3883 τοῖς
2606 3819 2829 3889 ἀνδράσι
2862 3819 3069 3889 βιϐλίον
3102 3821 3434 3874 ἀποστασίου
3473 3824 3710 3893 πέμπειν

2150 3912 2273 3973 ταῖς
2302 3910 2542 3979 γυναιξὶ,
2593 3911 2689 3964 καὶ
2714 3912 2811 3982 τὴν
2844 3911 3139 3979 ὁμοζυγίαν
3168 3899 3331 3968 λύειν.
3379 3915 3710 3978 Ἀκολούθως

2151 3998 2245 4058 οὖν
2269 4005 2363 4058 καὶ
2389 4004 2418 4055 6
2441 4003 2631 4074 παρὼν
2660 4003 2840 4058 κανών
2865 4022 3029 4075 φησιν
3053 4005 3131 4059 δτι
3155 4007 3188 4076 ἡ
3220 4008 3311 4059 τὸν
3342 4006 3512 4077 ἄνδρα
3539 4026 3707 4061 κατα-

2150 4096 2382 4150 λιποῦσα
2411 4095 2571 4167 γυνὴ,
2611 4096 2706 4151 ὲάν
2739 4097 2880 4167 μετά
2917 4099 3106 4169 ἑτέρου
3140 4098 3455 4170 συμφθαρῇ,
3485 4101 3705 4152 ὑπόκει-

2153 4205 2244 4241 ται
2268 4187 2347 4258 τῷ
2383 4191 2482 4259 τῆς
2515 4188 2762 4260 μοιχείας
2803 4188 3136 4261 ἐγκλήματι,
3166 4191 3348 4255 καθὼς
3377 4193 3535 4246 τοῦτο
3566 4196 3653 4245 καὶ
3680 4195 3707 4245 6

2158 4280 2334 4351 μέγας
2374 4281 2656 4344 Βασίλειός
2683 4298 2846 4351 φησιν
2899 4282 2955 4335 ἐν
2986 4300 3046 4336 τε
3075 4283 3153 4353 τῷ
3191 4282 3235 4336 θ’
3302 4284 3468 4357 αὐτοῦ
3524 4286 3705 4339 κανόνι

487 4368 774 4421 communi.
807 4369 931 4422 vita:
977 4371 1237 4424 societate
1268 4385 1507 4439 egressa,
1565 4387 1687 4425 cum
1726 4373 1894 4430 altero
1937 4380 2047 4447 pul-

2156 4373 2252 4425 καὶ
2272 4373 2331 4425 ἐν
2355 4371 2431 4443 τῷ
2451 4378 2559 4437 κα’,
2622 4372 3017 4445 ἀναλεξάμενος
3038 4375 3167 4428 αὐτὸ
3190 4376 3295 4429 ἀπὸ
3311 4378 3409 4447 τῆς
3443 4376 3702 4449 Ἰερεμίου

490 4461 602 4514 luta
654 4461 837 4525 fuerit,
874 4477 981 4515 non
1020 4472 1197 4531 potest
1234 4464 1301 4518 ad
1337 4466 1589 4518 maritum
1637 4479 1796 4520 suum
1826 4471 2044 4539 reverti,

490 4559 548 4603 ut
578 4566 697 4618 qua:
729 4550 1029 4605 adulterata
1068 4552 1139 4607 sit
1167 4554 1232 4607 ’⁷.
1270 4553 1375 4608 Sed
1404 4540 1579 4608 'etiam
1628 4554 1879 4613 Salomon
1911 4562 2049 4617 dixit

488 4642 543 4694 in
585 4640 931 4695 Proverbiis:
965 4642 1067 4707 Qui
1103 4644 1212 4697 coit
1241 4659 1365 4699 cum
1393 4646 1657 4713 adultera,
1704 4648 1754 4702 id
1785 4659 1889 4714 est,
1923 4668 2044 4707 eum

488 4746 550 4786 ea
595 4746 719 4800 qua
769 4730 929 4783 habet
971 4735 1249 4796 maritum,
1286 4736 1487 4792 stultus
1530 4746 1616 4791 est
1654 4747 1708 4792 et
1742 4740 1940 4810 impius
1980 4745 2045 4798 ³⁸.

490 4824 621 4889 Quae
652 4838 781 4892 ergo
809 4825 888 4877 sic
920 4836 1002 4878 est
1037 4826 1356 4893 adulterata,
1390 4829 1615 4883 canonis
1645 4832 1822 4901 pmnis
1856 4834 2049 4888 multa-

488 4916 654 4971 bitur.
688 4915 913 4969 Maritus
948 4927 1153 4979 autem,
1193 4929 1248 4971 ut
1278 4918 1365 4987 qui
1408 4935 1514 4974 non
1550 4920 1857 4989 offenderit,
1888 4926 2047 4979 venia

490 5009 689 5076 dignus
736 5008 1073 5071 censt‘bitur,
1122 5009 1173 5063 id
1206 5018 1310 5073 est,
1352 5028 1458 5065 non
1504 5015 1774 5081 punietur.
1810 5013 1910 5080 Qui
1950 5031 2047 5070 au-

428 5122 429 5127 π
490 5106 599 5165 ῑειιι¹
627 5103 887 5172 relinquit
919 5102 1192 5171 propriam
1223 5107 1530 5175 conjugem‘,
1560 5117 1613 5159 et
1651 5107 1871 5159 alteram
1899 5096 2049 5163 ducit

494 5209 739 5259 uxorem,
767 5205 825 5250 ut
858 5198 1070 5253 adulter
1098 5200 1375 5267 punietur,
1409 5216 1472 5254 ex
1510 5200 1723 5253 Domini
1756 5202 2047 5270 sententia.

558 5367 604 5397 "
636 5370 826 5427 Matth.
858 5386 912 5434 ν,
940 5371 1033 5427 36.
1110 5375 1151 5406 ”
1194 5372 1421 5439 Jerem.,
1456 5390 1537 5442 tu,
1578 5378 1630 5429 i.

2152 4464 2506 4537 προφητείας,
2532 4466 2629 4534 τῆς
2664 4465 2926 4536 λεγούσης
2946 4482 2961 4497 ο
3002 4468 3127 4519 Ἐὰν
3148 4470 3308 4538 γυνὴ,
3353 4471 3461 4524 ἀπὸ
3489 4472 3588 4539 τῆς
3614 4477 3704 4525 ἀν-

2146 4559 2322 4630 δρῴας
2345 4556 2614 4626 ὁμοζωῖας
2659 4557 2967 4622 ἐξελθοῦσα,
3004 4560 3174 4630 ἑτέρῳ
3209 4563 3429 4632 μιανθῇ,
3490 4566 3551 4617 ού
3604 4566 3691 4617 δύ-

2148 4665 2306 4703 ναται
2339 4650 2667 4718 ὑποστρέψαι
2701 4650 2836 4718 πρὸς
2862 4650 2952 4703 τὸν
2971 4651 3136 4721 ἄνδρα
3166 4654 3358 4722 αὐτῆς,
3382 4655 3457 4718 ὡς
3489 4674 3699 4726 μοιχευ-

2152 4744 2341 4797 θεῖσα*
2403 4742 2565 4799 Ἀλλά
2612 4744 2706 4797 καὶ
2750 4746 2778 4797 6
2814 4743 3069 4814 Σαλομῶν
3115 4748 3174 4797 ὲν
3216 4751 3334 4810 ταῖς
3379 4749 3698 4821 Παροιμίαις

2155 4833 2313 4889 εἶπεν
2351 4852 2367 4869 ·
2410 4837 2466 4889 ὐ
2518 4835 2843 4905 μιγνύμενος
2899 4838 3033 4907 μετά
3083 4840 3409 4908 μοιχαλίδος,
3462 4845 3696 4895 τουτέστι

2148 4931 2284 4999 μετά
2306 4926 2529 4997 ἐχούσης
2553 4928 2733 4998 ἄνδρα,
2754 4930 2940 4997 ἄφρων
2966 4932 3082 4993 ἐστὶ
3099 4929 3426 5003 καὶάσεὸής.
3448 4936 3699 5007 Τιμωρη-

2146 5020 2367 5089 θήσεται
2396 5017 2488 5073 οὖν
2515 5022 2547 5091 ἡ
2578 5019 2718 5073 οὕτω
2745 5022 3081 5091 μοιχεύσασα
3114 5024 3183 5076 δι’
3212 5026 3497 5095 ἐπιτιμίων
3536 5046 3693 5080 κανο-

2148 5112 2337 5168 νικῶν,
2399 5112 2458 5165 '0
2511 5114 2647 5183 ἀνὴρ
2691 5112 2771 5180 δὲ,
2820 5113 2894 5177 ὡς
2949 5118 3021 5184 μὴ
3074 5117 3325 5179 πταίσας,
3374 5120 3693 5188 συγγνώμης

2146 5201 2527 5271 ἀξιωθήσεται,
2560 5202 2836 5254 τουτέστιν
2863 5203 2962 5254 οὐκ
2998 5203 3473 5273 ἐπιτιμηθήσεται.
3514 5208 3570 5261 '0
3601 5226 3691 5261 κα-

1706 5376 1749 5405 ¹⁸
1778 5377 1966 5436 Prov.,
2004 5391 2162 5442 xvm,
2204 5378 2295 5430 ‘22.

1698 5494 1884 5555 Guill.
1920 5498 2241 5577 Beveregii
2277 5508 2458 5560 notae.

566 5606 643 5678 (2)
667 5612 999 5686 ’Τουτέστιν
1030 5617 1138 5669 οὐκ
1176 5618 1672 5686 ἐπιτιμηθήσεται.
1720 5617 1842 5673 Haec
1878 5623 2033 5673 verba

494 5678 552 5734 in
584 5679 768 5738 codice
793 5684 1221 5741 Amcrbachiano
1249 5678 1625 5744 desiderantur
1657 5710 1668 5741 :
1700 5701 1756 5743 at
1790 5706 1893 5743 non
1927 5699 2045 5743 tan-

2142 5628 2253 5673 tum
2284 5624 2337 5674 in
2368 5638 2469 5676 ms.
2502 5621 2813 5689 Bodleiano,
2843 5625 2937 5682 scd
2972 5626 3106 5683 etin
3138 5627 3354 5686 Titiano
3381 5639 3437 5688 et
3463 5633 3694 5691 editione

2148 5692 2435 5747 Parisiensi
2467 5694 2739 5763 leguntur.
