4092 6214
1870 187 1932 201 \q’

371 272 477 336 94η

1287 277 1369 338 IN
1395 277 1562 337 CAN.
1603 276 1924 335 LXXXVII
1963 277 2171 341 CONC.
2206 278 2287 337 ΙΝ
2323 280 2646 344 TRULLO.

3505 291 3609 357 8l0

367 385 728 457 ταλιμπάνων
762 387 946 457 μέντοι
975 386 1075 457 τὴν
1109 387 1315 440 οἰκείαν
1351 387 1585 455 σύζυγον
1617 387 1710 440 καὶ
1737 387 1925 456 ἑτέραν

2040 387 2424 446 Adulterorum
2458 403 2638 447 autem
2692 405 2849 460 pmna
2894 400 2978 448 est
3010 393 3062 448 in
3101 393 3165 448 77
3213 410 3424 454 canone
3461 401 3610 466 ejus.

368 479 640 546 ἀγόμενος
675 479 814 549 μετὰ
847 478 1024 549 γάμου
1058 480 1368 544 κοινωνίαν,
1414 479 1491 541 ὡς
1538 478 1726 548 μοιχὸς
1763 495 1937 545 τιμω-

371 572 674 640 ρηθήσεται
729 571 873 624 κατὰ
919 571 1021 642 τὴν
1069 571 1164 624 τοῦ
1213 572 1417 642 Κυρίου
1466 571 1761 639 ἀπόφασιν.
1812 569 1934 622 Τῶν

371 663 579 735 μοιχῶν
601 663 938 735 δὲοὲπιτίμιά
975 668 1114 719 εἰσιν
1148 667 1258 719 ἀπὸ
1297 665 1391 718 τοῦ
1418 665 1491 729 οζ¹
1558 663 1783 725 κανόνος
1820 662 1919 716 τοῦ

2043 481 2164 534 dem
2197 485 2370 552 magni
2404 486 2600 546 Patris,
2637 501 2779 538 anno
2807 500 2918 539 uno
2949 500 3102 540 extra
3135 491 3318 558 templi
3362 494 3606 546 vestibu-

2043 575 2151 623 lum
2178 570 2396 633 deﬂere,
2422 583 2475 625 et
2506 573 2734 641 reliqua,
2760 589 2876 641 qua:
2911 573 2962 625 in
2991 590 3052 626 eo
3083 589 3292 640 canone
3319 578 3608 630 οοιιιὶιιιιιιυ

2041 670 2150 715 tur.
2182 660 2247 715 Et
2281 664 2392 718 lucc
2425 665 2644 734 quidem
2676 680 2877 719 canon.
3464 667 3474 672 ’

370 757 536 810 αὑτοῦ
571 757 807 826 μεγάλου
865 759 1078 828 Πατρός
1106 757 1168 812 τὸ
1200 757 1556 829 προσκλαίειν
1586 755 1830 809 ἐνιαυτὸν
1856 752 1959 817 ἔξω
1992 751 2085 805 τοῦ
2118 755 2375 824 προνάου,
2417 757 2509 809 καὶ
2550 759 2618 810 τὰ
2657 756 2818 812 λοιπά
2870 757 2936 811 τὰ
2967 760 3024 811 ὲν
3089 757 3167 825 τῷ
3209 758 3357 829 αὐτῷ
3426 763 3607 822 κανόνι

368 850 757 921 περιεχόμενα.
791 850 902 903 Καὶ
939 851 967 902 6
1001 850 1097 919 μὲν
1131 849 1308 904 κανὼν
1344 849 1542 902 ταῦτα.

447 944 508 997 Ὀ
534 945 591 997 δὲ
624 944 899 1006 πολιτικὸς
921 944 1084 1012 νόμος
1111 945 1236 1006 τοὺς
1298 945 1520 1013 μοιχοὺς
1579 942 1927 1012 ἀλλοτρόπως

365 1034 744 1098 κολάζει.Καὶ
790 1034 1062 1101 ἀνάγνωθι
1116 1026 1318 1104 βιϐλίον
1349 1035 1407 1098 ξ’
1455 1035 1634 1088 τίτλου
1681 1035 1760 1098 λζ’
1808 1051 1934 1103 κεφ.

370 1133 480 1196 στ’,
532 1124 921 1195 καταστρωθὲν
951 1126 1031 1186 είς
1061 1126 1160 1187 τὰς
1205 1125 1502 1195 ἑρμηνείας
1540 1124 1634 1178 τοῦ
1677 1126 1718 1178 δ’
1759 1125 1854 1178 καὶ
1896 1129 1936 1176 ε’

367 1236 497 1288 κεφ.
552 1216 647 1269 τοῦ
689 1214 757 1282 ιγ’
796 1216 976 1266 τίτλου
1034 1215 1129 1268 τοῦ
1189 1217 1454 1284 παρόντος
1513 1217 1932 1284 συντάγματος·

366 1311 461 1362 καὶ
507 1308 608 1375 τὴν
633 1307 734 1377 ριζ¹
783 1307 876 1359 καὶ
909 1305 1014 1376 ρλδ’
1069 1307 1266 1375 νεαρὰν
1288 1307 1382 1360 τοῦ
1419 1308 1681 1377 βασιλέως
1719 1309 1939 1360 Ἰουστι-

365 1396 574 1460 νιανοῦ,
609 1397 708 1457 τὰς
762 1396 1023 1463 κειμένας
1069 1395 1128 1448 ὲν
1173 1393 1250 1463 τῷ
1290 1395 1334 1459 ζ’
1378 1397 1544 1466 τίτλῳ
1584 1397 1678 1449 τοῦ
1735 1395 1821 1466 κη’
1858 1396 1939 1465 βι-

364 1488 518 1540 σλίου
547 1487 656 1540 τῶν
682 1485 1006 1551 Βασιλικῶν,
1039 1487 1136 1538 καὶ
1163 1485 1578 1554 συνοψισθείσας
1609 1487 1688 1548 είς
1728 1489 1789 1538 τὸ
1824 1485 1938 1538 δια-

362 1579 657 1650 ληφθὲνδ
710 1579 804 1632 καὶ
868 1575 908 1630 ε’
971 1578 1216 1647 κεφ.καὶ
1279 1577 1379 1648 τὴν
1449 1577 1529 1647 λβ⁹
1594 1579 1794 1648 νεαρὰν
1842 1578 1935 1634 τοῦ

364 1671 628 1742 βασιλέως
646 1668 811 1738 κυροῦ
831 1669 1058 1730 Λέοντος
1084 1668 1174 1720 τοῦ
1195 1665 1513 1736 Φιλοσόφου,
1537 1669 1700 1738 ῥινῶν
1728 1670 1932 1740 ἐκτομῇ

2112 936 2216 990 Lex
2253 946 2434 989 autem
2477 935 2654 990 civilis
2687 938 2966 994 adulteros
2994 939 3102 993 alio
3129 941 3290 995 modo
3323 943 3503 1009 ptmit.
3543 945 3608 998 Et

2036 1029 2152 1096 lege
2181 1029 2379 1081 librum
2413 1045 2500 1087 ιλ.
2533 1037 2618 1081 ιιι.
2656 1029 2747 1093 57,
2777 1046 2902 1099 cap.
2938 1032 3006 1086 73
3039 1033 3200 1086 situm
3250 1035 3300 1087 in
3336 1033 3609 1104 interpre-

2030 1117 2242 1171 tatione
2271 1132 2390 1186 cap.
2425 1119 2459 1170 4
2485 1129 2538 1172 et
2568 1118 2602 1172 5
2634 1121 2717 1174 tit.
2749 1121 2816 1174 15
2848 1124 3130 1190 praesentis
3164 1125 3384 1192 operis;
3420 1136 3474 1180 et
3506 1127 3606 1182 H7

2035 1214 2089 1260 et.
2132 1205 2235 1257 154
2265 1206 2508 1260 novellas
2557 1206 2899 1274 imperatoris
2928 1206 3248 1276 Justiniani,
3281 1215 3414 1268 sitas
3474 1213 3526 1267 in
3571 1216 3600 1271 7

2037 1297 2122 1350 tit.
2158 1313 2363 1351 xxxvm
2401 1299 2496 1350 lib.
2545 1299 2763 1354 Basilic.
2819 1310 2874 1354 et
2915 1303 3234 1371 compendio
3267 1306 3517 1360 reductas
3551 1307 3604 1360 iu

2035 1388 2293 1455 praedicta
2342 1391 2520 1457 capita
2557 1389 2592 1442 4
2642 1399 2694 1445 et
2727 1390 2761 1444 5
2804 1400 2858 1445 et
2899 1390 2968 1444 52
3009 1392 3357 1461 imperatoris
3396 1397 3604 1450 domini

2034 1476 2233 1534 Leonis
2281 1479 2600 1550 Philosophi
2649 1482 2938 1545 novellam,
2973 1477 3092 1553 quae
3128 1486 3339 1539 narium
3385 1498 3607 1542 trunca-

2039 1572 2183 1625 tione
2240 1572 2393 1640 punit
2448 1573 2754 1626 adulterum
2809 1584 2859 1628 et
2916 1576 3258 1642 aduiteram,
3301 1589 3356 1633 et
3410 1582 3606 1639 statuit

2039 1662 2296 1716 adultera!
2339 1665 2558 1734 quidem
2598 1666 2851 1720 maritum
2899 1666 3101 1721 lucrari
3149 1669 3374 1734 dotem;
3430 1673 3604 1740 ipsam

359 1727 454 1816 τὸν
487 1727 675 1831 μοιχόν
704 1727 800 1814 καὶ
829 1763 929 1830 τήν
959 1727 1242 1830 μοιχαλίδα
1278 1727 1634 1825 κολάζουσαι),
1667 1760 1762 1812 καὶ
1819 1727 1925 1814 oio:

2037 1763 2221 1808 autem
2263 1757 2317 1807 in
2372 1758 2700 1812 monasterio
2735 1756 2964 1823 includi,
3001 1760 3224 1814 invitam
3277 1771 3452 1816 tamen
3499 1780 3604 1816 non

361 1855 657 1924 ριζομένην
685 1854 778 1906 τὸν
812 1851 911 1921 μὲν
967 1852 1136 1922 ἄνδρα
1171 1851 1271 1920 τῆς
1309 1851 1688 1925 μοιχευθείσης
1715 1853 1932 1924 κερδαί-

357 1968 471 2002 νειν
501 1947 600 2020 τὴν
626 1945 849 2018 προῖκα,
881 1946 1049 2017 αὐτὴν
1078 1945 1137 1999 δὲ
1187 1947 1246 1998 ἐν
1289 1947 1638 2018 μοναστηρίῳ
1688 1946 1935 2018 περιορί-

357 2042 574 2106 ζεσθαι,
603 2043 697 2094 καὶ
725 2041 971 2095 ἄκουσαν
1017 2040 1093 2109 μὴ
1145 2038 1559 2109 ἀποκείρεσθαι.
1609 2037 1690 2093 Τὰ
1748 2038 1934 2107 μέντοι

356 2135 635 2202 προσόντα
661 2133 788 2195 ῖσως
810 2132 947 2201 αὑτῇ
977 2133 1277 2200 πράγματα
1301 2131 1557 2185 ἐπέκεινα
1577 2130 1674 2201 τῆς
1706 2128 1933 2198 προικὸς

355 2223 783 2292 οἰκονομεῖσθαι,
815 2221 999 2286 καθὼς
1028 2222 1168 2292 αὑτὴ
1198 2223 1232 2293 ἡ
1259 2220 1430 2292 νεαρὰ
1478 2219 1795 2290 διορίζεται.
1827 2220 1935 2288 Σησ

358 2315 598 2383 μείωσαι
625 2314 684 2367 δὲ
713 2315 795 2368 ὃτι
824 2313 934 2370 ἀπὸ
966 2313 1064 2383 μὲν
1095 2313 1189 2365 τοῦ
1217 2313 1484 2383 παρόντος
1516 2314 1736 2374 κανόνος
1763 2312 1797 2382 ἡ
1833 2329 1934 2364 κα-

356 2403 668 2458 ταλιποῦσα
691 2403 784 2456 τὸν
832 2403 1002 2472 ἄνδρα
1035 2401 1110 2465 ὡς
1143 2402 1394 2471 μοιχαλὶς
1433 2402 1493 2455 οὐ
1523 2401 1831 2467 κολάζεται,
1881 2400 1932 2453 εί

358 2496 436 2566 μὴ
461 2497 600 2564 μετά
631 2496 821 2566 ἐτέρου
877 2494 1174 2566 συμφθαρῇ
1205 2511 1221 2528 ο
1259 2494 1370 2546 ἀπὸ
1398 2493 1456 2546 δὲ
1476 2494 1585 2546 τῶν
1615 2491 1933 2564 διαληφθει-

365 2591 477 2643 σῶν
511 2588 742 2659 Νεαρῶν
783 2589 970 2642 λύεται
1021 2591 1082 2642 τὸ
1121 2587 1462 2642 συνοικέσιον
1499 2587 1607 2641 ἀπὸ
1648 2586 1810 2655 μόνου
1835 2586 1930 2640 τοῦ

361 2685 544 2752 μεῖναι
563 2685 661 2753 τὴν
688 2686 922 2751 γυναῖκα
954 2682 1182 2751 ἕξω-τῆς
1221 2681 1401 2743 οἰκίας
1431 2679 1524 2732 τοῦ
1556 2679 1747 2749 ἀνδρὸς
1782 2681 1932 2750 παρὰ

357 2772 585 2844 γνώμην
605 2773 792 2835 αὐτοῦ,
827 2775 876 2824 εἰ
913 2773 986 2842 μή
1021 2771 1076 2824 τί
1104 2789 1166 2839 γε
1199 2772 1360 2842 τυχὸν
1391 2771 1541 2840 παρὰ
1571 2774 1681 2833 τοῖς
1709 2771 1927 2838 γονεῦσι

353 2868 466 2928 τοῖς
500 2866 674 2928 ἰδίοις.
705 2859 850 2935 ’Λρα
879 2866 936 2921 δὲ
959 2863 1337 2934 ἀπολελυμένη
1367 2864 1585 2930 λέγεται
1603 2865 1752 2935 καὶὴ
1779 2863 1928 2935 παρὰ

352 2957 446 3009 τοῦ
481 2955 672 3025 ἀνδρὸς
703 2955 1066 3023 ὲκὸληθεῖσας
1095 2956 1308 3021 Λύσις.
1338 2955 1622 3023 Οὐδαμῶς.
1650 2957 1788 3026 Φησὶ
1818 2955 1928 3026 γὰρ

2036 1842 2249 1895 tondcrt
2285 1859 2298 1896 :
2329 1858 2418 1898 res
2448 1853 2650 1907 autem,
2682 1859 2815 1913 quas
2846 1845 3008 1899 habet
3037 1837 3176 1899 ultra
3203 1848 3408 1914 dotem,
3433 1851 3608 1902 admi-

2036 1933 2285 1997 nistrari,
2319 1933 2777 2002 quemadmodum
2812 1937 2929 2005 ipsa
2971 1940 3178 1993 novella
3220 1945 3434 1996 statuit.
3469 1941 3604 1999 Nota

2034 2037 2188 2091 ergo,
2216 2023 2360 2093 quod
2390 2039 2456 2078 ex
2490 2027 2739 2093 praesenti
2771 2028 2988 2095 quidem
3023 2045 3232 2086 canone
3263 2049 3384 2102 qua:
3425 2035 3600 2092 virutn

2035 2114 2254 2168 demisit
2306 2125 2363 2168 ut
2410 2115 2657 2170 adultera
2710 2133 2817 2172 non
2868 2120 3112 2188 punitur,
3166 2123 3271 2178 nisi
3321 2141 3442 2178 cum
3494 2127 3604 2180 alio

2035 2211 2239 2274 polluta
2273 2206 2438 2262 fuerit
2470 2224 2484 2260 :
2518 2224 2585 2263 ex
2612 2210 2886 2278 praedictis
2910 2219 3093 2267 autem
3123 2215 3350 2270 novellis
3377 2217 3605 2273 solvitur

2037 2298 2472 2366 matrimonium,
2533 2315 2598 2354 eo
2653 2301 2798 2367 quod
2860 2304 3036 2356 solum
3097 2309 3358 2362 manserit
3413 2312 3605 2367 mulier

2035 2399 2187 2444 extra
2218 2391 2456 2446 domum
2492 2392 2668 2447 mariti
2707 2403 2903 2463 praeter
2938 2395 3058 2464 ejus
3094 2397 3451 2466 voluntatem,
3496 2405 3600 2460 nisi

2036 2482 2174 2536 forte
2202 2486 2343 2554 apud
2373 2501 2504 2540 suos
2530 2496 2801 2554 parentes.
2833 2487 3107 2558 Numquid
3135 2505 3316 2548 autem
3342 2511 3406 2549 ea
3435 2497 3597 2553 etiam

2033 2576 2211 2629 soluta
2254 2577 2476 2642 dicitur,
2525 2594 2647 2648 qua:
2691 2595 2721 2632 a
2771 2582 2968 2636 marito
3013 2583 3180 2651 ejecta
3213 2586 3339 2640 est?
3370 2585 3602 2642 Salutio.

2033 2661 2193 2716 Nullo
2221 2664 2382 2719 modo
2414 2683 2428 2720 ι
2469 2667 2722 2733 praedicta
2759 2668 2903 2724 enim
2944 2669 3044 2725 H7
3078 2674 3288 2728 novella
3321 2675 3434 2732 haec
3464 2677 3602 2736 dicit

2033 2753 2261 2820 prmcise
2291 2772 2304 2807 :
2333 2756 2428 2810 Sin
2461 2766 2641 2811 autem
2673 2759 2963 2828 eoi-tigerit
2995 2762 3228 2832 aliquem
3265 2766 3470 2837 absque
3497 2785 3602 2826 una

2036 2847 2416 2913 praedictarum
2466 2862 2754 2903 causarum
2800 2866 3023 2907 uxorem
3064 2868 3218 2910 suam
3267 2872 3331 2913 ex
3365 2863 3603 2930 propriis

2031 2937 2241 2992 aedibus
2290 2938 2605 3007 extrudere,
2655 2950 2715 2995 ut
2747 2941 2836 2996 illa
2883 2945 3122 3012 quidem,
3169 2962 3292 3002 cum
3347 2962 3601 3019 parentes

351 3052 384 3119 ή
425 3049 655 3120 ρηθεῖσα
710 3047 810 3118 pic?
862 3047 1054 3116 Νεαρὰ
1078 3049 1136 3099 ὲν
1173 3048 1333 3118 μέρει
1366 3049 1542 3102 ταῦτα
1583 3063 1596 3077 ’
1632 3048 1690 3102 Εἰ
1740 3047 1925 3117 μέντοι

2034 3045 2141 3084 non
2193 3032 2388 3088 habeat
2427 3035 2570 3103 apud
2621 3051 2756 3102 quos
2793 3038 2968 3106 possit
3014 3055 3256 3103 manere.
3291 3049 3603 3104 necessario

353 3141 538 3210 συμϐῇ
583 3157 706 3194 τινα
743 3139 865 3207 δίχα
920 3140 1050 3208 μιᾶς
1109 3139 1218 3192 τῶν
1253 3140 1675 3209 προειρημένων
1735 3141 1926 3193 αἰτιῶν

349 3234 450 3300 τὴν
481 3231 676 3290 ἑαυτοῦ
702 3231 952 3300 γαμετὴν
975 3229 1070 3283 τοῦ
1099 3230 1234 3282 ἰδίου
1260 3231 1410 3282 οῖκου
1452 3229 1751 3299 ἐξωθῆσαι,
1785 3228 1924 3283 ῶετε

351 3323 567 3389 ἐκείνην
603 3321 677 3391 μὴ
710 3319 939 3388 ἔχουσαν
968 3322 1166 3386 γονεῖς,
1194 3319 1328 3390 πρδς
1346 3317 1439 3380 οὒς
1461 3317 1685 3371 δύναται
1717 3321 1922 3388 μεῖναι,

352 3413 411 3478 ἐξ
440 3412 690 3480 ἀνάγκης
722 3412 826 3475 ἔξω
860 3411 958 3479 τὴν
1005 3410 1175 3464 νύκτα
1209 3409 1440 3477 διάγειν,
1476 3407 1770 3479 κελεύομεν
1815 3426 1924 3478 μη..

348 3505 542 3572 δεμίαν
578 3500 718 3556 εἶναι
758 3503 836 3570 τῷ
865 3503 1018 3572 ἀνδρὶ
1049 3503 1232 3558 ἄδειαν
1252 3501 1339 3553 διὰ
1367 3501 1572 3569 ταύτην
1614 3501 1715 3571 τὴν
1744 3501 1923 3580 αἰτίαν

348 3596 624 3663 ὃιαζύγιον
657 3597 898 3664 πέμπειν
917 3597 984 3664 τῇ
1016 3594 1252 3660 γυναικὶ,
1277 3592 1521 3662 διότιπερ
1539 3591 1703 3654 αὐτὸς
1729 3591 1923 3645 τούτου

349 3691 528 3751 αἴτιος
565 3688 799 3750 γίνεται.
858 3688 930 3739 Τὸ
966 3686 1152 3756 μέντοι
1185 3685 1456 3754 γραφικόν
1489 3685 1549 3738 τὸ
1578 3685 1773 3752 λέγονο
1809 3684 1922 3737 Οὐκ

349 3778 676 3848 ἐπιστρέψει
717 3778 854 3847 πρὸς
891 3778 979 3831 τὸν
1034 3776 1201 3846 ἄνδρα
1253 3776 1425 3844 αὐτῆς
1465 3777 1497 3844 ἡ
1547 3773 1920 3844 μοιχευθεῖσα,

349 3873 459 3923 νόει
495 3870 625 3941 περὶ
651 3870 839 3938 ἀνδρὸς
873 3869 948 3938 μὴ
995 3869 1236 3930 θέλοντος
1267 3866 1637 3922 ἀναλαϐέσθαι
1694 3866 1918 3936 ταύτην.

348 3965 411 4016 Εἰ
440 3964 548 4030 γὰρ
583 3964 855 4031 συγχωρεῖ
882 3961 942 4013 τὸ
973 3960 1224 4028 ἔγκλημα
1255 3961 1282 4012 6
1310 3958 1469 4027 ἀνὴρ,
1494 3956 1786 4020 ἀκωλύτως
1822 3958 1920 4010 αὐ-

345 4057 445 4124 τὴν
473 4052 802 4108 ἀναλάϐετκι
832 4053 980 4114 ἐντὸς
1011 4051 1234 4114 διετίας,
1279 4052 1421 4106 κατὰ
1441 4051 1537 4122 τὴν
1572 4051 1742 4122 αὐτὴν
1773 4051 1917 4104 Νεα.

348 4147 470 4215 ραν.
522 4145 672 4196 Ἐπεὶ
704 4143 760 4197 δέ
796 4160 964 4212 φησιν
995 4144 1021 4195 ὁ
1066 4141 1248 4194 κανὼν
1272 4141 1346 4206 ῶς
1375 4143 1558 4212 ἐκείνη
1590 4144 1623 4212 ἡ
1658 4144 1797 4209 γυνὴ
1839 4162 1920 4197 τι-

349 4238 622 4305 μωρεῖται
649 4234 724 4297 ὡς
756 4232 1026 4304 μοιχαλὶς.
1055 4233 1088 4302 ἡ
1126 4232 1336 4300 ἀλόγως
1365 4233 1775 4303 ἁναχωρήσασα
1821 4232 1918 4286 τοῦ

343 4328 565 4398 ἀνδρὸς,
588 4327 730 4378 εἴποι
767 4343 851 4388 τις
889 4325 964 4387 ὡς
1001 4323 1151 4394 ἠτοῦ
1185 4323 1376 4394 ἀνδρὸς
1426 4324 1664 4392 εὐλόγως
1707 4327 1920 4396 ἀναχω-

2034 3117 2168 3174 foris
2201 3129 2413 3175 noctem
2455 3133 2597 3192 agat,
2627 3123 2883 3190 jubemus
2916 3127 3069 3196 nullo
3099 3131 3260 3186 modo
3287 3132 3451 3192 licere
3487 3153 3602 3194 ma-

2031 3209 2136 3264 rito
2178 3221 2398 3280 propter
2426 3213 2565 3270 hanc
2596 3229 2816 3270 causam
2849 3219 3062 3275 mulieri
3108 3223 3320 3280 mittere
3356 3225 3597 3286 libellum

2029 3301 2258 3370 repudii,
2291 3305 2548 3372 quoniam
2577 3307 2692 3374 ipse
2729 3309 2891 3374 hujus
2917 3311 2994 3364 rei
3021 3326 3182 3368 causa
3209 3325 3312 3370 est.
3337 3317 3392 3371 ld
3418 3332 3596 3380 autem

2029 3395 2176 3465 quod
2218 3397 2485 3467 scriptum
2513 3398 2767 3456 estzNon
2804 3412 3102 3460 revertetur
3131 3408 3195 3462 ad
3232 3409 3405 3466 virum
3437 3428 3596 3468 suum

2027 3486 2353 3550 adulterata,
2411 3489 2655 3560 intellige
2705 3493 2771 3547 de
2820 3495 2958 3558 viro,
3012 3500 3102 3567 qui
3155 3515 3263 3555 non
3322 3503 3436 3556 vult
3473 3521 3594 3561 eam

2025 3580 2269 3648 recipere
2303 3598 2317 3634 :
2354 3581 2400 3634 si
2447 3583 2528 3635 vir
2558 3584 2699 3638 enim
2748 3586 2955 3642 crimen
2992 3593 3281 3659 cundonat,
3311 3610 3429 3650 eam
3473 3598 3599 3654 abs-

2023 3686 2128 3740 que
2172 3672 2283 3728 ullo
2327 3673 2712 3742 impedimento
2762 3693 2955 3734 rursus
3003 3682 3232 3752 accipiet
3267 3697 3412 3743 intra
3443 3688 3598 3744 bien-

2023 3763 2196 3828 nium,
2230 3773 2290 3818 ut
2315 3766 2425 3819 vult
2456 3768 2686 3822 novella.
2722 3769 2988 3836 Quoniam
3025 3783 3205 3834 autem
3236 3778 3368 3837 dicit
3394 3797 3594 3843 canon.

2023 3868 2139 3906 eam
2165 3870 2287 3910 esse
2312 3859 2641 3926 puniendam
2672 3863 2956 3918 mulierem
2985 3875 3242 3935 tanquam
3268 3872 3596 3944 adulteram,

2023 3959 2143 4013 qua:
2178 3960 2206 3999 a
2243 3947 2440 4002 marito
2487 3950 2686 4004 nullam
2731 3954 2802 4006 ob
2835 3970 3056 4011 causam
3099 3963 3348 4030 secessit,
3395 3966 3597 4022 dixerit

2021 4035 2320 4105 quispiam,
2379 4037 2522 4106 quod
2564 4055 2684 4108 qua:
2735 4043 2804 4094 ob
2858 4045 3235 4116 ratiOnabilem
3283 4065 3503 4107 causam
3560 4071 3590 4107 a

2023 4127 2224 4180 marito
2254 4130 2506 4193 recessit,
2544 4146 2648 4185 non
2688 4133 2966 4201 punietur.
2999 4134 3115 4189 Non
3158 4145 3241 4191 est
3279 4152 3458 4195 autem
3490 4143 3593 4200 hoc

2021 4234 2212 4273 verum
2247 4239 2261 4274 :
2304 4237 2482 4292 neque
2517 4225 2660 4278 enim
2703 4225 3035 4292 rationabili,
3070 4243 3247 4298 neque
3283 4247 3390 4287 non
3425 4238 3581 4290 ratio.

2024 4313 2191 4366 nabili
2237 4313 2305 4368 de
2339 4330 2500 4371 causa
2543 4324 2723 4384 potest
2761 4318 2960 4372 mulier
2998 4337 3026 4373 a
3072 4322 3269 4380 marito
3313 4323 3592 4382 discedere

347 4421 568 4487 ρήσασα
596 4417 656 4471 οὗ
681 4418 1152 4487 τιμωρηθήσεται.
1201 4415 1315 4468 Οὐκ
1347 4414 1464 4469 ἔστι
1503 4415 1556 4469 δὲ
1591 4416 1749 4469 τοῦτο
1783 4419 1918 4488 ἀλη-

2028 4408 2144 4460 sine
2182 4407 2544 4476 peimissione
2572 4410 2799 4478 judicis,
2835 4412 3289 4482 quemadmodum
3327 4416 3428 4470 hoc
3458 4419 3591 4473 dicit

343 4511 460 4572 θές.
497 4507 634 4566 υῦτε
661 4509 767 4576 γὰρ
801 4508 938 4576 μετὰ
963 4507 1185 4576 εὐλόγου
1209 4507 1387 4570 αίτίας
1421 4506 1542 4563 οὔτε
1578 4508 1715 4577 μετὰ
1745 4526 1921 4578 παρα-

342 4603 512 4668 λόγου
541 4598 770 4652 δύναται
810 4600 844 4668 ἡ
893 4598 1030 4668 γυνὴ
1064 4600 1371 4667 ἀναχωρεῖν
1425 4599 1532 4651 ἀπὸ
1576 4599 1668 4656 τοῦ
1728 4601 1922 4670 ἀνδρὸς

342 4693 517 4762 χωρίς
552 4690 880 4759 δικαστικῆς
911 4690 1240 4759 ἐπιτροπῆς,
1274 4689 1456 4752 καθὼς
1500 4690 1658 4746 τοῦτό
1687 4709 1854 4760 φησιν
1890 4691 1920 4743 6

344 4782 389 4834 θ’
444 4781 628 4834 κανὼν
666 4782 758 4834 τοῦ
794 4783 962 4849 ἁγίου,
1015 4781 1319 4847 Βασιλείου,
1365 4783 1456 4834 καὶ
1488 4781 1737 4851 διάφοροι
1791 4784 1921 4838 Ἰου-

346 4876 667 4928 στινιὰνειοι
707 4874 919 4944 Νεαραὶ
946 4875 1192 4944 κείμεναι
1221 4876 1278 4926 ὲν
1308 4873 1385 4941 τῷ
1411 4877 1455 4936 ς’
1502 4874 1664 4944 τίτλῳ
1687 4875 1780 4927 τοῦ
1829 4883 1914 4944 κη’

345 4968 590 5037 βιΰλίου,
625 4968 746 5019 ὅθεν
789 4969 878 5019 καὶ
903 4969 971 5020 τὰ
998 4967 1089 5019 τοῦ
1122 4967 1344 5028 κανόνος
1373 4966 1660 5035 ὀφείλομεν
1690 4967 1916 5020 ὲκλαϐἐο

341 5063 476 5114 σθαι
509 5065 571 5112 ὲκ
601 5061 963 5130 περιουσίας·
1006 5059 1038 5126 ἢ
1081 5060 1258 5110 εἰπεῖν
1309 5058 1502 5124 ἄλογον
1572 5054 1916 5126 ἀναχώρησιν

338 5155 447 5222 τῆς
481 5153 737 5221 γυναικὸς
771 5148 909 5206 εἶναι
941 5152 1038 5222 τὴν
1067 5151 1234 5223 χωρὶς
1257 5148 1575 5218 δικαστικῆς
1615 5149 1914 5218 ἐπιτροπῆς

337 5244 548 5313 ταύτης
603 5245 970 5314 ἀναχώρησιν.
1017 5243 1316 5314 Ἐρωτήσει
1343 5242 1398 5296 δέ
1431 5259 1533 5305 τις,
1563 5241 1638 5304 ὡς
1667 5242 1773 5294 τῶν
1811 5259 1910 5294 κα-

337 5336 516 5403 νόνων
555 5333 648 5389 τοῦ
685 5335 841 5398 ἁγίου
873 5332 1176 5398 Βασιλείου,
1211 5332 1330 5402 ἤτοι
1373 5329 1466 5382 τοῦ
1495 5328 1539 5380 θ’
1561 5329 1654 5382 καὶ
1688 5330 1782 5383 τοῦ
1832 5326 1908 5382 κδ’

337 5425 612 5496 λεγόντων
645 5428 741 5500 τὴν
783 5429 878 5494 μὲν
913 5430 1148 5494 γυναῖκα
1204 5427 1375 5497 ἑτέρῳ
1433 5425 1916 5496 συμφθειρομένην

343 5519 664 5590 μοιχᾶσθαι,
697 5520 788 5571 τὸν
815 5520 868 5571 δὲ
891 5518 1059 5590 ἄνδρα
1086 5517 1205 5586 μεθ’
1231 5517 1424 5588 ἐτέρας
1468 5518 1794 5589 πορνεύονται
1841 5519 1916 5586 μὴ

341 5611 772 5682 κατακρίνεσθαι
823 5611 905 5678 (οὐ
949 5612 1054 5682 γὰρ
1115 5609 1331 5680 ἔχομεν,
1393 5611 1548 5678 φησὶ,
1603 5609 1802 5661 κανόνα
1841 5610 1919 5680 τῷ

338 5707 438 5776 τῆς
500 5703 748 5775 μοιχείας
808 5704 967 5758 αὑτὸν
1027 5705 1260 5773 ὑπάγειν
1314 5704 1668 5774 ἐγκλήματι),
1740 5703 1858 5765 πῶς
1893 5705 1920 5754 6

624 5803 894 5862 Parnm“
934 5804 1046 5864 GR.
1089 5801 1441 5866 CXXXVII.

2021 4495 2052 4550 9
2082 4512 2256 4552 canon
2301 4500 2476 4554 sancti
2524 4499 2734 4565 Basilii,
2779 4509 2834 4554 et
2876 4501 3106 4558 diversae
3154 4502 3448 4564 Justiniani
3491 4527 3590 4566 no-

2022 4588 2170 4642 vellze
2200 4589 2319 4645 sitze
2349 4591 2400 4646 in
2435 4592 2464 4642 7
2509 4592 2591 4646 tit.
2623 4608 2784 4648 xxvm
2815 4592 2935 4659 lib.,
2965 4595 3110 4650 unde
3136 4597 3300 4651 etiam
3327 4601 3588 4658 debemus

2019 4691 2283 4731 canoncm
2319 4693 2381 4731 ex
2426 4678 2724 4735 abundanti
2783 4681 3028 4750 accipere
3057 4701 3070 4735 :
3102 4685 3184 4737 vel
3215 4684 3394 4742 dicere
3445 4689 3588 4759 inju»

2021 4777 2157 4821 stam
2192 4769 2437 4824 mulieris
2465 4770 2856 4826 discessionem
2897 4787 3017 4828 esse
3042 4773 3160 4842 ejus
3201 4777 3319 4830 sine
3340 4777 3586 4845 judiciali

2018 4859 2381 4924 permissione
2413 4876 2710 4915 recessum.
2747 4860 3040 4932 Rogaverit
3067 4875 3250 4920 autem
3289 4869 3582 4938 quispiam,

2017 4966 2141 5004 cum
2169 4967 2291 5006 can.
2324 4953 2494 5006 sancti
2517 4951 2722 5017 Basilii,
2750 4953 3009 5010 9scilicet
3039 4967 3092 5010 et
3123 4959 3218 5023 26,
3257 4951 3583 5013 (ίὶοςιηῑίιιιι-

2016 5045 2203 5098 lieretn
2247 5045 2465 5114 quidem
2522 5063 2642 5116 quae
2693 5063 2818 5102 cum
2877 5048 3052 5103 altero
3097 5051 3258 5122 260
3302 5052 3582 5118 polluitur,

2016 5137 2523 5197 mmeharinirum
2569 5149 2771 5204 autem,
2819 5141 2914 5209 qui
2966 5155 3088 5194 cum
3138 5143 3240 5195 alia
3291 5152 3580 5209 scortatur,

2019 5243 2126 5282 non
2167 5229 2516 5282 condemnari
2573 5231 2700 5297 (nun
2745 5230 2888 5284 enim
2933 5230 3216 5297 habemus,
3247 5231 3444 5300 inquit,
3492 5249 3584 5288 ca-

2021 5332 2243 5380 nonem,
2291 5334 2398 5386 quo
2429 5335 2550 5372 eum
2595 5320 2843 5376 adulterii
2895 5321 3114 5375 crimini
3178 5322 3592 5393 subjiciamus),‘

2017 5411 2292 5479 quomodo
2345 5425 2586 5478 praesens
2647 5429 2823 5470 canon
2886 5413 3203 5469 indistincte
3256 5414 3410 5477 dicit,
3455 5431 3578 5471 eum

2018 5502 2108 5570 qui
2149 5502 2312 5554 aliam
2350 5504 2523 5557 duxit.
2548 5507 2816 5559 'adulterii
2848 5507 3056 5576 judicio
3089 5508 3258 5561 teneri
3287 5508 3310 5561 τ
3344 5506 3575 5565 Salutio.

2021 5591 2331 5644 Diﬂ'erentia
2360 5604 2443 5646 est
2473 5595 2614 5647 inter
2643 5597 2841 5660 virum,
2875 5599 2962 5667 qui
2994 5614 3115 5653 cum
3144 5599 3370 5654 muliere
3391 5599 3584 5668 libera,

2024 5681 2145 5735 viva
2181 5694 2279 5734 sua
2320 5696 2505 5750 uxore,
2543 5698 2655 5738 rem
2686 5685 2954 5750 habuerit,
2987 5698 3042 5742 et
3082 5704 3208 5743 eum
3249 5689 3341 5759 qui
3382 5689 3436 5746 in
3469 5705 3589 5745 ma~

3125 5799 3199 5866 26
