4092 6214
345 326 455 388 81‘}

1278 321 1359 381 IN
1399 320 1564 381 CAN.
1593 316 1949 381 LXXXVIII
1985 316 2190 376 CONC.
2222 313 2302 373 ΙΝ
2342 312 2663 373 TRULLO.

3482 306 3584 373 814

349 439 444 490 οὖν
477 438 567 489 τὸν
619 436 777 503 λόγον
812 435 902 487 καὶ
930 435 979 487 οἱ
1027 432 1160 487 θεῖοι
1192 432 1439 503 Πατέρες
1500 432 1598 503 τὴν
1654 431 1913 492 ἀναιτίως

2025 430 2222 482 eluitur.
2255 426 2321 480 Et
2349 428 2439 495 qui
2464 426 2734 479 dimissam
2762 424 2989 484 duxerit,
3022 423 3313 477 mazclialur
3334 423 3401 476 ”.
3435 420 3588 477 Ilauc

349 527 767 584 καταλιποῦσαν
800 528 891 579 τὸν
925 526 1092 595 ἄνδρα
1120 526 1213 580 καὶ
1254 526 1423 596 ἑτέρῳ
1451 524 1752 593 γενομένην
1795 539 1915 593 μοι·

352 621 545 692 χαλίδα
588 619 851 672 ἐκάλεσαν
878 635 893 650 ⁸
935 619 1076 688 ἦτις,
1135 621 1237 671 κᾶν
1289 617 1625 687 ὑποστρέψαι
1682 615 1914 685 βουληθῇ

352 717 491 781 πρὸς
521 711 611 764 τὸν
635 710 764 764 ἴδιον
794 710 982 779 ἄνδρα,
1032 712 1254 773 ἄκοντος
1283 710 1445 762 αὑτοῦ
1474 710 1534 763 οὐ
1578 707 1918 779 παραδεχθή-

355 824 530 859 σεται.
570 804 883 873 Μεμίανται
945 803 1073 873 γάρ.
1126 802 1193 854 'I!
1260 798 1353 854 οῦν
1384 802 1595 869 ἀλόγως
1626 801 1918 871 ἀναχωρή-

355 916 495 951 σασα
530 896 625 949 τοῦ
676 896 883 965 ἀνδρὸς,
910 897 1073 964 φησὶν
1130 898 1156 948 ὁ
1215 897 1416 956 κανὼν,
1454 894 1746 963 ἐπιτιμίων
1767 894 1914 959 ἀξία,

351 992 522 1060 ⁴Ιῇγουν
548 988 657 1041 τῶν
705 989 802 1056 τῆς
848 987 1093 1057 μοιχείας
1122 1001 1135 1015 ⁸
1187 988 1213 1037 ὁ
1244 986 1300 1038 δὲ
1337 985 1472 1053 ἀνὴρ
1530 1001 1919 1052 συγγνωμονηο

351 1081 581 1148 θήσεται
609 1079 701 1130 καὶ
742 1078 1103 1147 ἀξιωθήσεται
1146 1078 1243 1147 τῆς
1295 1081 1351 1129 ἐν
1388 1076 1685 1145 Ἐκκλησία
1725 1090 1921 1127 κοινω-

350 1174 495 1233 νίας.
526 1170 689 1222 Ὥστε
722 1171 781 1233 ἐξ
808 1171 1214 1239 ἀντιδιαστολῆς
1244 1169 1481 1222 νοεῖσθαι
1510 1168 1712 1221 δίδοται
1734 1169 1835 1228 ὅτι,
1870 1166 1919 1217 εἰ

350 1264 451 1315 οὐκ
480 1263 686 1329 ἀλόγως
715 1261 1027 1331 ἀνεχώρησε
1062 1262 1155 1315 τοῦ
1182 1263 1343 1331 ἀνδρὸ
1362 1281 1395 1323 ·,
1420 1262 1688 1331 ἐμπικραι
1721 1260 1919 1327 ομέιιου

352 1355 487 1415 ἴσως
526 1354 659 1422 αὐτῇ
700 1354 847 1422 παρὰ
883 1353 944 1404 τὸ
996 1356 1292 1423 προσῆκον,
1344 1352 1377 1421 ἢ
1412 1350 1851 1419 κακουχουμένη,
1884 1350 1919 1418 ἡ

353 1462 508 1501 τινας
536 1445 720 1507 αἰτίας
758 1445 961 1513 ἔχουσα
993 1447 1141 1515 παρᾶ
1192 1444 1282 1497 τοῦ
1322 1443 1514 1513 ἀνδρὸς
1546 1442 1918 1511 ἐπαγομένας,

352 1535 539 1605 ἐκείνη
570 1536 721 1588 ἔσται
752 1537 1015 1600 ἀναίτιος,
1052 1538 1145 1589 καὶ
1182 1536 1210 1588 ὁ
1257 1534 1395 1606 ἀνὴρ
1454 1534 1920 1603 ὲπιτιμηθήσεται

350 1625 429 1688 ὼς
466 1626 627 1686 αὐτὸς
665 1625 835 1687 αἴτιος
869 1626 966 1695 τῆς
992 1625 1265 1696 ἁμαρτίας
1296 1630 1362 1696 τῇ
1403 1627 1625 1693 γυναικὶ
1658 1622 1919 1692 γεγονώς.

364 1717 426 1768 Ὀ
450 1717 630 1785 μέντοι
662 1716 1107 1784 καταλιμπάνων,
1138 1719 1301 1788 φησιν
1326 1720 1354 1770 ὁ
1376 1717 1579 1784 κανὼν,
1605 1717 1704 1787 τὴν
1725 1712 1919 1768 ἑαυτοῦ

2020 523 2185 590 igitur
2217 522 2482 573 rationem
2511 517 2680 572 divini
2711 531 2932 586 quoque
2962 515 3153 571 Patres
3182 516 3354 571 secuti
3391 517 3587 570 mulico

2020 628 2154 676 rem,
2188 626 2309 681 qua:
2355 612 2474 664 sine
2514 623 2679 663 causa
2732 608 2921 663 relicto
2950 611 3070 661 viro
3111 606 3266 661 alteri
3315 608 3585 676 nupserit.

2018 705 2321 759 adulteram
2350 717 2616 757 vocavere
2640 718 2654 755 :
2683 717 2802 771 qua:
2829 702 3046 770 quidem
3077 700 3288 756 etiamsi
3317 700 3386 755 ad
3413 702 3588 753 virum

2018 811 2179 851 suum
2228 796 2426 850 reverti
2476 802 2667 862 postea
2697 794 2843 855 velit,
2899 807 3241 863 nequaquam
3294 792 3463 846 inrito
3495 792 3589 845 illo

2020 888 2343 957 excipietur.
2379 885 2593 939 Polluta
2633 896 2717 941 est
2768 887 2936 940 enim.
2984 886 3116 952 Quae
3165 885 3332 954 igitur
3374 884 3588 949 mulier,

2021 980 2201 1049 inquit
2232 994 2430 1043 canon,
2466 992 2493 1030 a
2526 980 2643 1031 viro
2675 978 2881 1047 absque
2914 992 3078 1031 causa
3104 976 3359 1040 secessit,
3390 978 3589 1046 pmnis,

2021 1072 2091 1126 iis
2143 1070 2400 1124 nimirum
2458 1084 2577 1139 quae
2626 1070 2679 1122 in
2733 1071 3012 1124 adulteros
3072 1071 3385 1125 constituta:
3439 1078 3591 1129 sunt,

2021 1161 2344 1215 multabitur
2378 1178 2390 1214 :
2428 1162 2546 1216 viro
2577 1169 2755 1215 autem
2808 1161 3045 1231 ignosci,
3094 1170 3147 1215 et
3186 1178 3330 1226 eam,
3370 1176 3490 1229 quae
3536 1160 3590 1212 in

2022 1250 2262 1306 Ecclesia
2297 1260 2407 1317 est,
2435 1252 2873 1306 communionem
2907 1253 3133 1307 concedi
3167 1253 3460 1319 placet.Ex
3484 1268 3593 1321 qun

2022 1355 2213 1399 contra
2270 1345 2494 1414 intelligi
2550 1345 2694 1409 licet,
2741 1359 2863 1414 qua:
2914 1358 3023 1398 non
3070 1352 3271 1399 temere
3316 1358 3433 1398 sea
3475 1345 3593 1396 viro

2024 1436 2353 1505 abjunxerit,
2410 1437 2502 1491 sed
2556 1444 2650 1489 aut
2706 1438 2851 1491 illius
2894 1437 3062 1490 nimia
3110 1436 3449 1498 morositate,
3500 1448 3597 1489 aut

2023 1526 2243 1596 injuriis
2294 1528 2457 1591 victa,
2508 1535 2601 1580 aut
2638 1528 2759 1583 aliis
2819 1528 2992 1582 modis
3042 1528 3109 1582 ab
3142 1529 3331 1583 eodem
3380 1529 3593 1582 irritata

2024 1620 2362 1686 discesserit,
2413 1621 2560 1674 illam
2612 1629 2765 1674 extra
2806 1622 3020 1690 culpam
3073 1620 3208 1683 fore,
3263 1623 3357 1676 sed
3393 1636 3424 1675 a
3475 1624 3593 1675 viro

2026 1728 2238 1781 poenas,
2273 1714 2475 1784 quippe
2504 1713 2596 1783 qui
2628 1715 2798 1783 cnlptc
2829 1729 3050 1768 causam
3091 1714 3248 1767 uxori
3282 1716 3594 1784 praebuerit,

353 1810 613 1875 γυναῖκα,
670 1809 764 1861 καὶ
793 1810 987 1879 ἑτέραν
1044 1811 1311 1879 ἀγόμενος
1368 1811 1447 1876 τῷ
1508 1808 1608 1878 τῆς
1674 1806 1919 1877 μοιχείας

2025 1808 2343 1878 exigendas.
2380 1807 2480 1873 Qui
2512 1820 2665 1871 vero,
2719 1809 2892 1877 inquit
2924 1812 3125 1870 canon,
3154 1822 3325 1862 uxore
3365 1809 3592 1864 dimissa

354 1902 640 1955 ὐπῖκειται
677 1901 906 1971 κρίματι
946 1902 1086 1955 κατὰ
1109 1904 1209 1973 τὴν
1246 1901 1341 1955 τοῦ
1381 1900 1586 1971 Κυρίου
1620 1901 1916 1968 ἀπόφασιν·

354 1994 453 2046 καὶ
483 1994 607 2061 ἑξῆς
632 1994 826 2061 ἐπάγει
857 1994 1016 2057 πῶςὸ
1056 1994 1297 2056 τοιοῦτος
1323 1994 1789 2064 ἐπιτιμηθήσεται
1828 1990 1923 2044 καὶ

348 2084 867 2153 οἰκονομηθήσεται.
925 2082 1162 2139 Ἐοίκασι
1201 2086 1256 2138 δὲ
1288 2085 1335 2138 οἱ
1372 2086 1610 2155 Πατέρες
1651 2080 1797 2139 οῦτοι
1828 2085 1922 2136 καὶ

353 2174 729 2226 ἐναντιοῦσθαι
753 2173 831 2243 τῷ
865 2176 1086 2245 μεγάλῳ
1116 2174 1382 2245 Βασιλείῳ
1405 2190 1419 2204 υ
1456 2175 1662 2237 ἐκεῖνος
1678 2174 1787 2242 γὰρ
1825 2172 1923 2242 τὴν

355 2268 456 2336 μὲν
481 2272 715 2334 γυναῖκα
747 2270 916 2339 ἑτέρῳ
944 2271 1420 2340 συμφθειρομένην
1445 2267 1542 2322 τοῦ
1574 2268 1753 2338 γάμου
1777 2283 1927 2319 συνι-

353 2362 625 2428 σταμένου
662 2360 949 2429 μοιχαλίδα
1013 2360 1187 2425 καλεῖ,
1235 2359 1331 2413 καὶ
1376 2358 1715 2428 ἀποπέμψει,
1751 2356 1919 2426 λέγει,

349 2449 562 2513 ταύτην
617 2452 724 2501 τὼν
786 2450 952 2502 οἴκων
989 2450 1154 2503 αὐτοῦ
1190 2453 1217 2502 ὀ
1267 2451 1428 2521 ἀνήρ.
1476 2450 1539 2503 Ἦ
1574 2449 1635 2503 δὲ
1693 2448 1831 2518 γυνὴ
1855 2449 1927 2501 ἐκ

351 2544 615 2609 πορνείας
654 2540 951 2595 ἐπανιόντα
984 2542 1076 2594 τὸν
1109 2541 1279 2611 ἄνδρα
1320 2543 1489 2611 αὐτῆς
1531 2539 1921 2610 παραδέξεται.

352 2636 429 2686 υὺ
457 2635 567 2703 γὰρ
601 2632 819 2703 ἔχομεν,
861 2635 1018 2702 φησι,
1045 2633 1241 2685 κανόνα
1270 2634 1345 2702 τῷ
1366 2634 1462 2703 τῆς
1491 2632 1737 2702 μοιχείας
1762 2630 1925 2683 αὑτὸν

352 2727 587 2792 ὑπάγειν
614 2726 941 2794 ἐγκλήματι,
962 2725 1054 2777 ἐὰν
1073 2727 1153 2787 είς
1170 2725 1457 2793 ἐλευθέραν
1474 2724 1653 2791 γάμου
1678 2723 1919 2793 ἁμάρτῃ.

365 2816 506 2867 Ἀλλ’
539 2818 641 2867 οὐκ
666 2814 1037 2869 ἐναντιοῦνται
1065 2817 1115 2867 οἱ
1153 2815 1372 2876 κανόνες
1420 2814 1695 2883 ἀλλήλοις.
1736 2812 1796 2865 '0
1827 2814 1925 2882 μὲν

350 2910 460 2978 γάρ
492 2909 666 2975 μέγας
709 2908 987 2969 Βασίλειος
1028 2910 1157 2976 περὶ
1200 2907 1601 2979 πορνεύσαντος
1634 2907 1789 2974 λέγει
1829 2905 1923 2959 τοῦ

349 3003 532 3070 γάμου
584 3003 1002 3071 συνισταμένου,
1045 3000 1141 3053 καὶ
1190 3001 1605 3072 συμφθαρέντος
1660 3000 1825 3070 ἑτέρᾳ
1863 2999 1921 3066 ἐξ

349 3094 543 3161 ἀνδρὸς
590 3093 893 3164 ἐλευθέρᾳο
965 3096 993 3146 ὁ
1056 3093 1114 3145 δὲ
1156 3091 1347 3162 παρὼν
1392 3091 1574 3146 κανὼν
1634 3093 1763 3162 περὶ
1827 3091 1921 3144 τοῦ

348 3185 615 3243 ἀναιτίως
656 3184 1134 3253 ἀποπεμψαμένου
1174 3182 1274 3253 τὴν
1310 3186 1547 3250 γυναῖκα
1583 3183 1768 3245 αὑτοῦ,
1824 3184 1922 3235 καὶ

348 3278 549 3345 ἑτέραν
589 3276 666 3339 ὡς
718 3277 860 3347 τάχα
906 3276 1139 3347 νόμιμον
1172 3276 1423 3346 γαμετὴν
1459 3275 1919 3345 εἰσοικισαμένου,

346 3368 409 3421 ὃν
432 3370 526 3423 καὶ
550 3372 579 3422 ό
606 3366 813 3440 Κύριος
840 3369 897 3421 ἐν
922 3367 1284 3437 Εὑαγγελίοις
1318 3366 1508 3437 μοιχὸν
1524 3366 1775 3422 ἐκάλεσε.

344 3631 572 3685 ΔΡΙΣΤ.
606 3647 625 3680 ι
678 3630 746 3683 Ἠ
780 3630 836 3696 ἐξ
868 3629 1057 3699 ἀνδρὸς
1097 3628 1184 3683 ἐπ’
1214 3628 1373 3683 ἄλλον
1412 3628 1565 3683 ίοῦσα
1626 3630 1876 3701 μοιχαλίς
1902 3645 1916 3661 ⁸

429 3740 447 3772 ι
484 3721 580 3773 καὶ
608 3723 635 3772 ὁ
665 3721 776 3772 ἀπὸ
798 3721 1056 3789 γυναικὸς
1085 3722 1173 3774 ἐπ’
1200 3722 1550 3790 άλλην,κατὰ
1568 3722 1656 3774 τὸν
1688 3721 1915 3790 Κύριον,

428 3832 446 3864 ι
485 3811 688 3883 ὁμοίιος
722 3813 931 3883 μοιχός.
969 3813 1197 3881 Σαρής.

946 3992 1182 4048 ΚΔΝΩΝ
1215 3993 1350 4046 HH’.

345 4107 369 4139 ο
414 4086 616 4157 Μηδεὶς
649 4085 796 4139 ἔνδον
836 4085 981 4155 ἱεροῦ
1014 4087 1145 4139 ναοῦ
1195 4086 1393 4153 κτῆνος
1422 4087 1483 4138 τὸ
1528 4086 1734 4140 οἰονοῦν
1768 4087 1918 4139 είσα-

426 4197 445 4230 ι
491 4179 631 4245 γέτω
661 4193 674 4205 °
706 4179 862 4241 ἐκτὸς
898 4180 947 4231 εί
984 4179 1057 4247 μή
1126 4195 1209 4240 τις
1284 4178 1581 4247 ὁδοιπορῶν
1653 4178 1917 4248 μεγίστης

426 4290 447 4323 ι
488 4269 898 4338 καταλαϐούσης
972 4269 1219 4337 ἀνάγκης
1285 4268 1529 4320 cidaon
1597 4270 1693 4320 καὶ
1753 4285 1919 4319 κατα·

428 4378 447 4409 ι
490 4358 677 4425 γωγῆς
709 4358 932 4428 ἀπορῶν
964 4359 1021 4409 ἐν
1050 4358 1127 4425 τῷ
1160 4357 1385 4426 τοιούτῳ
1441 4356 1735 4411 καταλύσει
1781 4356 1915 4426 ναῷ.

428 4470 446 4501 ι
488 4451 583 4501 Διά
612 4452 716 4521 γάρ
745 4449 836 4502 τοῦ
881 4452 954 4520 μὴ
989 4451 1048 4502 τὸ
1083 4454 1278 4522 κτῆνος
1312 4453 1456 4505 ἔνδον
1516 4452 1914 4522 εἰσενεχθῆναι,
1960 4475 2001 4529 ο

428 4563 445 4594 ι
490 4543 619 4595 αὐτὸ
655 4544 754 4610 μὲν
786 4542 933 4595 ἔστιν
986 4544 1074 4597 ὅτε
1138 4545 1611 4616 διαφθαρήσεται·
1645 4551 1673 4600 ὁ
1743 4546 1800 4599 δὲ
1854 4549 1922 4615 τῇ

430 4654 453 4686 ε
502 4636 597 4687 τοῦ
628 4637 931 4704 ὑποζυγίου.
955 4638 1215 4708 αποόολῇ,
1254 4642 1344 4691 καὶ
1365 4639 1443 4709 τῷ
1497 4640 1749 4694 ἐντεῦθεν
1792 4640 1928 4693 ἀπὸ·

430 4748 448 4779 ι
493 4748 599 4797 pte;
623 4732 763 4798 ἔχειν
797 4734 895 4799 τῆς
930 4733 1021 4784 ἐπὶ
1046 4730 1143 4801 τὴν
1192 4733 1500 4801 ὁδοιπορίαν
1537 4734 1738 4803 ὁρμῆς,
1800 4750 1923 4785 κιν-

432 4842 450 4873 ‹
490 4823 628 4893 δύνῳ
661 4824 888 4879 θανάτου
942 4824 1399 4893 παραδοθήσεται.
1440 4825 1544 4878 Τὸν
1572 4831 1678 4895 γὰρ
1707 4826 1920 4880 Σάϐϐα-

433 4935 451 4966 ι
492 4932 580 4966 τον
614 4915 700 4967 διὰ
726 4916 815 4967 τὸν
835 4915 1121 4985 ἄνθρωπον
1152 4916 1405 4981 γενέσθαι
1442 4917 1875 4987 ἐκδιδασκόμεθα
1906 4935 1920 4948 °

428 5027 446 5059 ι
489 5007 629 5058 ὥστε
654 5008 739 5059 διὰ
771 5011 984 5059 πάντων
1016 5012 1389 5078 προτιμητέαν
1431 5009 1681 5078 ἡγεῖσθαι
1710 5010 1805 5079 τὴν
1832 5012 1926 5064 τοῦ

432 5123 450 5155 ι
493 5104 782 5174 ἀνθρώπου
818 5107 1093 5175 σωτηρίαν
1143 5124 1201 5158 τε
1255 5109 1348 5159 καὶ
1407 5107 1698 5160 ἀπάθειαν.
1751 5109 1812 5159 Εἰ
1872 5109 1929 5161 δέ

431 5220 451 5251 ι
490 5216 565 5261 τις
598 5200 878 5269 φωραθείη
914 5204 1081 5269 χωρ“ς
1118 5201 1386 5269 ἀνάγκης,
1414 5202 1488 5261 ὡς
1533 5200 1770 5269 εἴρηται,
1796 5202 1926 5268 κτῆ-

430 5311 451 5346 ι
495 5310 582 5355 νος
618 5294 851 5359 εἰσάγων
877 5296 955 5354 είς
1012 5294 1175 5363 ίερὸν,
1241 5294 1289 5344 εἰ
1345 5293 1443 5360 μὲν
1506 5292 1762 5361 κληρικός
1813 5295 1919 5362 εἴη,

1344 5386 1708 5455 ἀφοριζέσθω.

426 5479 625 5532 ΒΛΛΣ.
674 5478 756 5540 Ὠς
780 5479 942 5542 ἔοικε,
971 5479 1169 5548 συνέϐη
1202 5478 1332 5531 ποτέ
1364 5481 1419 5530 ἐν
1461 5481 1775 5550 δριμυτάτῳ
1815 5500 1929 5550 χει-

433 5407 454 5437 ι
491 5385 879 5455 καθαιρείσθω.
915 5387 1038 5439 εἰδὲ
1076 5387 1285 5449 λαῑκός,

342 5573 503 5644 ’μῶνι
543 5571 843 5624 καταλῦσαί
880 5590 1029 5635 τινας
1095 5574 1173 5634 εἰς
1227 5574 1354 5626 ναὸν
1415 5575 1820 5643 παρακείμενον
1870 5581 1926 5629 ἐν

439 5760 484 5793 '9
527 5760 711 5813 Matth.
745 5774 852 5820 XIX,
889 5760 941 5823 9,
979 5762 1063 5815 (Ο.

2025 1904 2186 1956 aliam
2238 1904 2474 1967 duxerit,
2537 1902 2795 1956 adulterii
2855 1917 2981 1956 reus
3042 1917 3108 1957 ex
3156 1902 3328 1969 ipsius
3383 1902 3593 1956 Domini

2024 1995 2203 2050 verbis
2229 1994 2632 2049 cxistimabitur
2659 2010 2675 2047 :
2701 1993 2935 2061 indeque
2958 2009 3064 2063 qua
3093 2007 3251 2063 paena
3281 1991 3404 2048 talis
3433 1992 3599 2046 homo

2024 2085 2339 2141 multandus
2373 2086 2463 2150 sit,
2516 2084 2756 2155 quidque
2802 2099 2925 2139 cum
2977 2100 3042 2139 eo
3090 2084 3384 2154 agendum,
3420 2098 3594 2138 canon

2025 2181 2267 2234 disserit.
2322 2179 2579 2246 Quinimo
2626 2180 2926 2248 pugnantia
2983 2193 3106 2233 cum
3149 2194 3349 2250 magno
3394 2180 3599 2234 Basilio

2025 2272 2299 2328 afﬁrmare
2345 2273 2448 2328 hoc
2494 2272 2612 2327 loco
2641 2273 2832 2328 Patres
2857 2272 3132 2327 videntur.
3166 2269 3300 2324 Nam
3331 2271 3377 2325 is
3406 2272 3599 2326 mulie-

2025 2375 2142 2414 rem
2200 2362 2443 2430 quidem,
2504 2377 2627 2430 qua:
2683 2370 2970 2416 contracto
3020 2361 3337 2431 nuptiarum
3389 2360 3599 2417 ftedere

2026 2468 2146 2506 cum
2174 2453 2283 2505 alio
2312 2452 2427 2507 viro
2451 2469 2565 2507 rem
2602 2452 2875 2513 habuerit.
2904 2452 3063 2522 261
3093 2452 3396 2507 adulteram
3418 2462 3597 2516 vocat,

2026 2560 2255 2614 eamque
2290 2548 2541 2609 maritus,
2572 2546 2773 2614 inquit,
2805 2560 2833 2598 a
2875 2546 2988 2599 suis
3019 2544 3229 2603 {edibus
3260 2546 3596 2600 amandabit-

2029 2634 2415 2691 Verumtamen
2458 2651 2522 2690 ex
2572 2636 2935 2690 fornicatione
2971 2637 3288 2690 redeuntem
3342 2638 3597 2691 maritum

2031 2744 2186 2783 Suum
2233 2745 2373 2783 uxor
2418 2730 2672 2799 excipiet.
2713 2728 2907 2783 Nullus
2955 2730 3125 2789 enim,
3175 2728 3375 2798 inquit,
3420 2738 3601 2783 exstat

2029 2836 2226 2886 canon,
2264 2821 2417 2892 cuius
2450 2823 2780 2876 auctoritate
2843 2822 2935 2891 qui
2981 2837 3102 2875 cum
3145 2821 3325 2873 soluta
3372 2821 3599 2876 muliere

2030 2913 2290 2983 peccarit,
2321 2913 2579 2968 adulterii
2614 2928 2741 2969 rens
2772 2914 2855 2984 agi
2889 2920 3071 2982 queat.
3110 2910 3220 2966 Sed
3251 2911 3399 2966 nullo
3434 2910 3599 2965 modo

2031 3009 2176 3061 inter
2201 3022 2259 3061 se
2289 3007 2344 3060 lii
2382 3021 2622 3061 canones
2654 3014 2915 3077 pugnant.
2946 3004 3080 3058 Nam
3119 3019 3346 3073 magnus
3380 3003 3597 3074 quidem

2031 3094 2264 3151 Basilius
2293 3098 2357 3151 de
2388 3112 2453 3151 eo
2480 3097 2698 3151 homine
2726 3097 2860 3166 agit,
2894 3097 2986 3165 qui
3013 3094 3359 3150 manentibus
3392 3095 3601 3165 nuptiis

2028 3190 2359 3255 fornicatus,
2402 3200 2455 3245 ct
2485 3205 2608 3244 cum
2648 3189 2875 3243 muliere
2912 3189 3046 3242 nulli
3077 3189 3194 3243 viro
3227 3189 3433 3243 sociata
3478 3188 3602 3257 pol-

2024 3284 2173 3337 Iutus
2217 3290 2300 3336 est
2348 3300 2361 3335 :
2405 3282 2492 3336 hic
2533 3296 2661 3335 vero
2712 3296 2888 3335 canon
2932 3296 3029 3337 eos
3076 3281 3271 3351 tangit,
3299 3281 3393 3350 qui
3429 3296 3602 3336 uxore

2025 3377 2145 3430 sine
2181 3389 2347 3429 causa
2381 3374 2606 3428 dimissa
2639 3373 2801 3427 aliam
2834 3374 2961 3436 sibi,
2997 3374 3155 3442 quasi
3189 3389 3288 3444 pro
3316 3374 3465 3443 justa
3494 3375 3603 3429 sci.

2022 3469 2150 3524 licet
2181 3468 2413 3538 conjuge
2461 3469 2726 3536 habituri,
2771 3470 3144 3537 adiunxerint,
3190 3486 3329 3541 quos
3380 3471 3598 3537 quidem

2028 3556 2311 3611 adulteros
2344 3558 2461 3627 ipse
2490 3557 2541 3610 in
2573 3556 2868 3626 Evangelio
2902 3557 3163 3613 Dominus
3195 3560 3511 3629 appellavit.

2029 3647 2257 3704 ARIST.
2298 3667 2316 3700 ι
2358 3650 2490 3714 Qua:
2521 3664 2548 3702 a
2581 3650 2700 3705 viro
2735 3665 2832 3704 suo
2863 3650 2931 3705 ad
2966 3652 3128 3705 alium
3164 3652 3394 3717 accedit,
3443 3652 3605 3705 adulv

2099 3761 2117 3793 ι
2166 3750 2279 3796 tera
2310 3748 2394 3795 est
2443 3758 2457 3797 :
2518 3748 2573 3795 et
2622 3745 2711 3812 qui
2768 3743 2835 3796 ab
2889 3759 3057 3798 uxore
3114 3743 3181 3799 ad
3236 3744 3424 3809 aliam,
3449 3744 3601 3813 juxta

2098 3854 2117 3885 ι
2163 3834 2373 3888 Domini
2402 3849 2728 3901 sermonem,
2751 3836 3002 3891 similiter
3029 3820 3271 3893 moechus
3296 3846 3402 3894 est.
3432 3856 3451 3890 ι
3477 3835 3607 3890 Per-

2090 3928 2321 3993 spicum.

2519 4020 2751 4077 CANON
2793 4019 3131 4074 LXXXVIII.

2038 4128 2058 4163 ι
2098 4111 2267 4168 Nemo
2294 4114 2434 4169 intra
2459 4114 2602 4169 mdes
2626 4130 2812 4170 sacras
2838 4114 3069 4182 quodvis
3097 4112 3395 4170 iumentum
3427 4117 3600 4171 intro-

2109 4221 2128 4253 ι
2160 4203 2321 4258 ducat
2353 4221 2368 4258 :
2410 4206 2515 4260 nisi
2547 4205 2689 4259 forte
2727 4206 2901 4257 viator
2925 4204 3218 4272 quispiam,
3245 4208 3479 4261 maxima
3504 4224 3599 4261 υτο-

2106 4312 2125 4345 ‹
2160 4306 2321 4364 gente
2351 4298 2678 4351 necessitate
2707 4336 2723 4361 ,
2761 4298 3104 4350 domunculae
3164 4299 3245 4352 vel
3310 4299 3595 4356 diversorii

2106 4404 2125 4436 ι
2167 4388 2440 4458 indigens,
2494 4390 2545 4442 in
2585 4390 2636 4443 id
2669 4389 2927 4459 templum
2963 4390 3269 4444 diverterit.
3302 4390 3415 4446 Nisi
3449 4394 3593 4447 enim

2106 4495 2124 4528 ι
2162 4478 2464 4546 jumentum
2498 4480 2864 4534 introdm-tum
2921 4479 3116 4544 fuerit,
3154 4482 3327 4550 ipsum
3378 4483 3593 4553 quidem

2108 4586 2129 4619 ι
2160 4584 2549 4637 nonnunquam
2579 4571 2805 4638 peribit:
2836 4570 2925 4623 hic
2955 4585 3102 4634 vero,
3130 4573 3593 4642 prepterjumenti

2102 4676 2122 4709 ι
2163 4656 2547 4721 amissionem,
2582 4668 2639 4711 et
2673 4659 2953 4713 facultatis
2979 4658 3045 4713 ad
3086 4661 3189 4715 iter
3224 4665 3591 4733 peragendum

2102 4768 2123 4800 ε
2159 4764 2225 4803 ex
2254 4764 2322 4803 eo
2357 4750 2655 4817 profectam
2688 4753 2950 4821 inopiam,
2984 4754 3173 4807 mortis
3212 4756 3452 4824 periculo
3485 4763 3589 4808 trav

2104 4858 2125 4891 ι
2158 4839 2341 4894 detur.
2365 4839 2663 4894 Sabbatum
2683 4842 2827 4895 enim
2854 4849 3073 4911 propter
3098 4845 3366 4899 hominem
3391 4842 3589 4899 factum

2106 4950 2123 4983 ι
2160 4947 2279 4985 esse
2310 4932 2604 4996 docemur;
2630 4934 2986 5001 quamobrem
3016 4945 3067 4988 et
3102 4947 3197 5003 per
3226 4938 3405 4989 omnia
3459 4953 3594 5004 prm-

2102 5044 2119 5075 σ
2158 5024 2435 5079 ferendam
2473 5040 2595 5078 esse
2639 5026 2956 5080 existimare
2994 5026 3229 5081 hominis
3271 5028 3495 5082 salutem
3538 5038 3593 5083 et

2106 5138 2123 5169 ι
2164 5119 2616 5172 incolumitatem.
2676 5120 2733 5171 Si
2799 5122 2923 5190 quis
2979 5128 3161 5173 autem
3209 5118 3589 5189 deprehensus

2108 5231 2125 5262 ‹
2168 5212 2328 5266 fuerit
2368 5212 2487 5265 sine
2524 5213 2851 5265 necessitate
2899 5212 3209 5279 jumentum
3245 5212 3297 5264 in
3333 5213 3586 5282 templum

2106 5324 2121 5353 ‹
2163 5304 2531 5365 introducere.
2585 5304 2629 5357 si
2671 5305 2741 5358 sit
2772 5305 2987 5374 quidem
3032 5304 3289 5365 clericus,
3338 5304 3583 5374 depona-

2110 5422 2123 5433 -
2168 5407 2253 5447 tur
2287 5409 2303 5453 :
2342 5398 2426 5448 sin
2464 5411 2597 5449 vero
2627 5396 2822 5461 laicus,
2850 5406 3181 5465 segregetur.
3215 5414 3233 5446 ι

2101 5486 2295 5539 BALS.
2337 5486 2405 5538 Ut
2434 5497 2515 5539 est
2547 5487 2859 5551 verisimile,
2909 5488 3105 5539 accidit
3146 5489 3471 5557 quandoque
3530 5498 3587 5547 ut

2034 5581 2087 5633 in
2122 5580 2354 5630 maxima
2388 5585 2711 5647 tempestate
2733 5578 3066 5633 diverterent
3100 5577 3319 5647 quidam
3355 5578 3408 5634 in
3453 5587 3589 5635 tetu.
