4092 6214
354 373 396 435 ’δ
413 371 465 431 .7

1336 362 1416 423 ΙΝ
1455 361 1597 421 CAN
1654 357 1949 419 LXXXIX
1988 354 2198 418 CONC.
2240 352 2657 417 INTRUI..LO.

3505 342 3617 404 εἶθ

367 482 594 541 ΑΡΙΣΤ.
641 500 658 531 ι
681 479 851 549 Ἱεροῦ
880 478 1030 533 ἔνδον
1064 478 1166 531 οὐκ
1195 478 1478 546 εἰσάγεται
1531 475 1759 543 κτῆνος,
1791 475 1836 525 εἰ
1868 470 1942 541 μὴ

2049 469 2277 524 ARIST.
2314 489 2331 521 ι
2369 471 2520 524 intra
2567 481 2755 522 sacras
2803 465 2946 520 aedes
2996 464 3302 533 jnmentum
3354 477 3460 515 non
3519 462 3603 512 in-

443 594 462 628 ι
492 572 911 636 καταλαϐούσης
964 573 1024 625 έν
1057 569 1162 641 ὁδῷ
1217 571 1478 642 μεγίστης
1511 568 1776 635 ἀνάγκης.
1817 583 1834 618 ι

447 755 583 807 Εξδέ
605 771 689 816 τις
741 754 910 822 χωρὶς
944 753 1210 822 ἀνάγκης,
1244 752 1494 822 εὐπορῶν
1554 751 1739 821 ἐτέρου
1778 767 1943 804 κατα-

377 847 605 912 γωγίου.
645 844 794 898 ἔνδον
847 845 942 898 τοῦ
978 847 1125 916 ίεροῦ
1147 831 1276 898 ναοῦ
1308 845 1370 896 τὺ
1426 841 1723 918 ὑποζύγιον
1777 839 1943 896 αὐτοῦ

389 936 614 1000 εἰσάξει,
646 937 694 988 εί
728 935 825 1004 μὲν
877 935 1135 1006 κληρικός
1160 937 1298 1001 ἐστι,
1348 932 1831 1003 καθαιρεθήσεται,
1897 932 1945 982 εἰ

373 1029 431 1082 δὲ
449 1028 657 1093 λαῖκδς,
708 1027 1155 1098 ἀφορισθήσεται.

975 1120 1219 1174 ΚΑΝΩΝ
1253 1120 1380 1173 [ιδ’.

384 1229 401 1259 ι
443 1209 555 1273 Τάς
574 1207 669 1262 τοῦ
705 1209 975 1278 σωτηρίου
1005 1210 1210 1271 πάθους
1257 1207 1472 1279 ἡμέρας
1499 1209 1560 1262 ὲν
1580 1207 1810 1277 νηστείᾳ
1850 1205 1945 1258 καὶ

447 1321 465 1353 ι
507 1306 784 1372 προσευχῇ
829 1303 926 1357 καὶ
971 1302 1261 1366 κατανύξει
1293 1300 1517 1372 καρδίας
1540 1298 1944 1360 ἐπιτελοῦντας.

451 1412 468 1446 ι
503 1393 608 1464 χρὴ
653 1395 780 1456 τοὺς
820 1395 1046 1458 πιστοὺς
1070 1393 1200 1463 περὶ
1225 1391 1393 1462 μέσας
1427 1393 1526 1461 τῆς
1557 1393 1684 1462 περὶ
1716 1391 1777 1444 τὸ
1806 1389 1950 1461 μέγα

453 1503 471 1536 ι
515 1484 796 1539 Σάϐϐατον
837 1486 1035 1550 νυκτδς
1089 1485 1238 1555 ὥρας
1301 1483 1786 1554 ἀπονηστίζεσθαι,
1838 1486 1948 1535 τῶν

456 1595 476 1630 ι
518 1578 682 1633 θείων
706 1578 1111 1646 εὐαγγελιστῶν
1152 1577 1438 1632 Ματθαίου
1469 1577 1563 1630 καὶ
1600 1577 1808 1640 Λουκᾶ,
1850 1573 1945 1628 τοῦ

456 1691 474 1723 ι
515 1671 616 1742 μὲν
655 1673 744 1726 διὰ
763 1672 856 1726 τοῦ
878 1672 976 1742 ὀψὲ
1005 1671 1298 1726 Σαϐϐάτων
1332 1667 1716 1741 ρήματος,τοῦ
1767 1667 1823 1720 δὲ
1859 1667 1948 1721 διὰ

454 1784 474 1817 ι
500 1765 594 1818 τοῦ
619 1764 820 1836 ὄρθρου
853 1765 1068 1834 βαθέος,
1103 1764 1204 1835 τὴν
1256 1762 1563 1836 βραδύτητα
1591 1761 1691 1831 τῆς
1754 1761 1945 1821 νυκτὸς

445 1875 464 1907 ι
512 1857 642 1924 ἡμῖν
672 1857 1118 1927 ὑπογραφόντων.

443 1949 639 2004 ΒΑΛΣ.
674 1949 784 2002 Καὶ
809 1952 866 2001 ἐν
899 1948 1280 2010 ἅποστολικοϊς
1331 1946 1526 2002 κανόσι
1566 1947 1662 2000 καὶ
1694 1948 1752 1998 έν
1801 1962 1945 1999 συνο·

377 2040 546 2102 amor;
585 2040 1007 2111 νενομοθέτηται
1043 2038 1117 2112 μὴ
1188 2039 1470 2109 νηστεύειν
1531 2039 1590 2091 έν
1625 2037 1887 2104 Σαϐϐάτῳ
1910 2039 1944 2108 ἢ

374 2127 438 2178 ἐν
469 2129 718 2200 κυριακῇ
753 2129 882 2184 ἄνευ
903 2129 1022 2194 ένδς
1071 2131 1163 2184 καὶ
1193 2131 1354 2200 μόνου
1407 2129 1707 2194 Σαϐϐάτου,
1754 2129 1946 2182 τούτου

373 2217 620 2286 δηλονότι
657 2220 754 2274 τοῦ
777 2222 1039 2293 μεγάλου.
1092 2223 1254 2278 Κατὰ
1291 2222 1452 2276 τοῦτο
1491 2221 1600 2292 γὰρ
1666 2222 1948 2291 νηστεύειν

376 2313 856 2385 προσετάχθημεν.
937 2316 1271 2380 Ἀκολούθως
1310 2312 1404 2371 οὖν
1485 2318 1694 2380 τούτοις
1779 2316 1948 2370 καιό

375 2404 568 2476 παρὼν
593 2410 775 2461 κανὼν
825 2407 1025 2479 ὁρίζων
1065 2408 1208 2462 κατὰ
1236 2409 1335 2472 τὰς
1393 2409 1523 2470 ὅλας
1578 2411 1791 2479 ἡμέρας
1845 2411 1940 2463 τοῦ

375 2497 648 2568 σωτηρίου
678 2499 882 2562 πάθους
903 2499 1000 2552 τοῦ
1024 2497 1263 2569 Χριστοῦ
1293 2501 1389 2553 καὶ
1444 2499 1582 2554 Θεοῦ
1636 2501 1795 2570 ἡμῶν
1853 2519 1946 2571 νηο

377 2589 591 2643 στεύειν
624 2592 720 2644 καὶ
757 2591 1156 2662 προσεύχεσθαι
1187 2592 1322 2662 μετὰ
1359 2591 1728 2658 κατανύξεως,
1781 2609 1945 2646 τουτ-

373 2682 495 2737 έστι
527 2681 603 2754 μὴ
657 2681 783 2738 καθ’
812 2684 1126 2754 ὑπόκρισιν,
1156 2685 1215 2737 έν
1260 2679 1350 2746 αἷς
1379 2684 1476 2738 καὶ
1514 2683 1576 2737 τδ
1629 2684 1774 2754 μέγα
1820 2703 1947 2739 συν-

377 2775 700 2843 αριθμεῖται
749 2777 1065 2830 Σάόδατον·
1133 2777 1484 2846 προστίθησι,
1537 2777 1678 2831 κατὰ
1722 2777 1784 2831 τὸ
1818 2777 1948 2832 αὐτὸ

381 2863 663 2917 Σάϐϐατον
688 2863 831 2932 μετὰ
868 2865 1095 2936 ἓξῶρας
1151 2867 1253 2936 τῆς
1307 2865 1502 2930 νυκτὸς
1563 2867 1949 2938 ἀπονηστίζειν

375 2954 507 3016 τοὺς
527 2954 904 3024 πιστοτέρους,
930 2956 1020 3009 διὰ
1059 2957 1122 3008 τὸ
1147 2955 1448 3025 ἀναστῆναι
1469 2955 1561 3009 τὸν
1587 2955 1824 3026 Χριστὸν
1849 2956 1943 3010 καὶ

376 3047 513 3100 Θεὸν
563 3047 723 3117 ἡμῶν
772 3049 914 3101 κατὰ
983 3049 1111 3112 τοὺς
1166 3047 1343 3112 θείους
1388 3047 1813 3116 εὐαγγελιστάς,
1853 3049 1947 3102 τὸν

375 3138 656 3192 ἣῙατθαῖον
683 3139 894 3193 καὶτὸν
922 3140 1160 3207 Λουκᾶν,
1194 3142 1324 3210 περὶ
1386 3141 1485 3210 τὴν
1544 3141 1821 3212 μεσότητα
1848 3141 1946 3211 τῆς
1975 3159 2015 3216 (ι

287 3232 292 3236 ’
374 3227 574 3290 νυκτός
592 3243 607 3258 ·
625 3227 700 3291 ὡς
718 3227 808 3282 τοῦ
827 3229 926 3297 μὲν
943 3228 1212 3297 λέγοντος,
1239 3230 1389 3300 Ὀψὲ
1414 3229 1731 3284 Σαόὄὰτων
1755 3226 1946 3301 ἦλθον

372 3319 436 3370 αἱ
458 3316 674 3384 Μαρίαι
700 3319 783 3383 είς
811 3317 917 3372 τὸν
940 3317 1129 3387 τάφον
1159 3319 1378 3387 Κυρίου
1405 3318 1501 3372 καί
1526 3322 1638 3389 οὐχ
1668 3314 1856 3388 εὖρον
1877 3318 1945 3373 τὸ

372 3407 549 3477 σῶμα
579 3409 798 3465 αὐτοῦ·
831 3408 925 3463 τοῦ
967 3410 1025 3463 δὲ
1056 3410 1470 3481 ὑπογράφοντος
1516 3410 1614 3480 τὴν
1673 3411 1946 3480 μεσότητα

370 3503 473 3573 τῆς
503 3501 718 3568 νυκτὸς,
744 3501 832 3555 διὰ
866 3501 960 3556 τοῦ
990 3503 1164 3558 εἰπεῖν
1198 3521 1212 3535 ’
1242 3502 1497 3571 Ὄρθρος
1518 3498 1599 3574 ἦν
1612 3503 1812 3570 βαθὺς
1847 3504 1947 3558 ὅτε

367 3601 433 3650 οἱ
455 3589 794 3666 γυναῖκεςῆ
806 3598 942 3650 ιθον
964 3596 1050 3662 είς
1079 3594 1146 3649 τὸ
1165 3595 1477 3664 μνημεῖον.
1502 3597 1609 3649 Καὶ
1636 3595 1807 3650 ταῦτα
1847 3598 1948 3666 μὲν

371 3687 572 3749 οὕτως.
607 3687 764 3740 Εἴποι
793 3686 849 3739 δέ
879 3703 963 3750 τις
992 3687 1091 3751 ὼς,
1144 3687 1267 3740 ἐπεὶ
1317 3689 1345 3739 ὁ
1406 3686 1586 3741 κανὼν
1641 3688 1946 3757 διορίζεται

371 3783 472 3835 ἐπὶ
495 3781 673 3842 πάσας
721 3781 822 3843 τὰς
878 3778 1091 3850 ἡμέρας
1120 3779 1216 3832 τοῦ
1262 3781 1536 3851 σωτηρίου
1594 3781 1800 3844 πάθους
1855 3798 1946 3848 νη-

373 3872 590 3926 στεύειν
613 3873 780 3941 ἠμᾶς,
803 3871 1193 3939 ἀπονηστίξειν
1225 3871 1281 3924 δὲ
1308 3871 1453 3924 κατὰ
1473 3871 1532 3924 τὸ
1571 3872 1715 3943 μέγα
1804 3872 1945 3926 Σάϐ-

372 3964 542 4018 ϐατον
587 3964 645 4015 ὲν
676 3961 798 4032 ὥρα
828 3962 1206 4031 μεσονυκτίου,
1245 3963 1538 4032 πρόκειται
1596 3963 1655 4030 ἐξ
1702 3963 1946 4032 ἀνάγκης

369 4051 520 4107 δυοῖν
552 4052 782 4124 θάτερον
812 4054 1008 4117 εἰπεῖν,
1038 4053 1070 4123 ἢ
1100 4053 1169 4106 δι’
1202 4053 1344 4106 ὂλων
1416 4054 1526 4108 τῶν
1576 4055 1804 4124 ἡμερῶν
1850 4053 1942 4108 τοῦ

373 4145 658 4216 Κυριακοῦ
712 4145 940 4210 πάθους,
974 4146 1084 4198 τῶν
1149 4145 1542 4214 ψηφιζομένων
1570 4147 1777 4217 κυρίως
1807 4147 1945 4216 μετὰ

367 4239 475 4305 τὴν
499 4237 752 4308 τετράδα,
788 4237 1020 4290 καθόλου
1055 4236 1346 4305 νηστεύειν
1373 4239 1543 4306 ἡμᾶς,
1595 4239 1690 4290 καὶ
1744 4240 1945 4303 παντὸς

369 4327 675 4397 ἁπέγεσθαι
708 4325 1018 4398 βρώματος,
1057 4327 1201 4381 κατὰ
1231 4327 1394 4397 μόνον
1449 4328 1505 4380 δὲ
1537 4328 1597 4379 τὸ
1665 4327 1943 4381 Σάϐϐατον

368 4417 788 4488 άπονηστίζειν,
824 4419 900 4482 ὡς
939 4421 1174 4489 εἴρηται,
1207 4417 1238 4488 ἢ
1270 4418 1412 4472 κατὰ
1451 4419 1510 4472 τὸ
1531 4417 1773 4472 τοιοῦτον
1800 4420 1943 4472 Σάϐ-

2137 583 2155 616 ι
2199 563 2556 627 troducitur,
2606 562 2712 618 nisi
2748 560 2980 616 maxima
3035 559 3092 613 in
3149 557 3234 611 via
3285 554 3610 612 necessitate

2141 677 2162 710 ι
2195 668 2445 728 cogente.
2489 673 2514 708 ι

2127 748 2182 802 Si
2217 749 2341 818 quis
2371 757 2554 803 autem
2591 737 2730 801 citra
2767 746 3178 806 necessitatem,
3210 739 3355 796 aliud
3403 739 3610 793 habens

2051 839 2458 900 diversorium,
2517 837 2659 891 intra
2715 851 2933 890 sacrum
2991 833 3251 902 templum
3301 831 3608 897 jumentum

2047 945 2204 986 suum
2244 928 2561 995 introducit,
2591 929 2634 983 si
2653 929 2736 992 "sit
2768 927 2990 998 quidem
3019 925 3252 981 clericus
3279 922 3605 993 deponetur:

1955 1091 1958 1094 γ
2047 1024 2130 1076 sin
2161 1037 2287 1077 vero
2326 1022 2525 1081 laicus.
2553 1021 2956 1088 segregabitur.

2556 1110 2786 1167 CANON
2830 1109 3117 1164 LXXXIX.

2055 1225 2072 1255 ι
2115 1205 2238 1260 Dies
2271 1206 2568 1261 salutiferae
2615 1205 2892 1262 Passionis
2918 1203 3126 1275 jejunio
3164 1211 3218 1258 et
3261 1202 3508 1274 oratione
3557 1210 3609 1251 et

2122 1317 2139 1349 ι
2178 1300 2360 1353 cordis
2395 1299 2815 1367 compunrtionc
2847 1304 3166 1367 peragentes
3215 1293 3423 1354 ﬁdeles.
3461 1292 3606 1344 circa

2124 1409 2142 1440 ι
2181 1388 2412 1442 mediam
2448 1389 2628 1460 magni
2661 1389 2882 1443 Sahbati
2920 1399 3136 1442 noctem
3181 1385 3445 1455 jejunium
3494 1382 3608 1435 sol-

2120 1497 2138 1530 ι
2177 1494 2303 1533 vere
2354 1486 2604 1547 oportet;
2658 1493 2782 1533 cum
2817 1477 2998 1532 'divini
3044 1474 3408 1546 evangelista,
3461 1472 3599 1525 Mat-

2124 1590 2143 1621 ι
2183 1571 2358 1626 ιΙιαξιιε
2403 1581 2456 1626 et
2513 1571 2711 1636 Lucas,
2767 1571 2856 1626 ille
2892 1571 3109 1641 quidem
3172 1583 3268 1638 per
3325 1582 3606 1635 vesperam

2125 1679 2143 1713 ι
2185 1661 2405 1717 Sabbati
2437 1705 2453 1730 ,
2515 1663 2604 1718 hic
2654 1678 2784 1717 vero
2840 1677 2936 1732 per
2985 1663 3076 1723 id.
3127 1660 3283 1715 valde
3343 1659 3604 1720 diluculo,

2125 1771 2143 1804 ι
2180 1753 2359 1809 noctis
2388 1753 2549 1809 nobis
2581 1753 2901 1809 tarditatem
2933 1752 3273 1808 describant.
3305 1769 3323 1803 ι

2124 1934 2316 1990 BALS.
2354 1935 2423 1991 Et
2452 1936 2505 1990 in
2535 1937 2854 2001 apostolicis
2895 1937 3202 1990 eanonibus
3239 1945 3290 1990 et
3343 1936 3397 1989 in
3453 1950 3616 2006 syno-

2048 2024 2266 2079 dalibus
2298 2032 2565 2081 statutum
2599 2033 2706 2091 est,
2741 2041 2809 2081 ne
2839 2028 2890 2080 in
2919 2024 3183 2088 Sahhato,
3214 2026 3384 2078 vel'in
3427 2025 3613 2077 Domi-

2051 2117 2198 2178 nico,
2232 2124 2432 2184 ιιι-αξιοι·
2466 2132 2631 2170 unum
2669 2126 2724 2170 et
2759 2118 2935 2173 solum
2993 2117 3314 2178 Sahhatnm,
3359 2134 3611 2185 magnum

2049 2208 2614 2278 scilicet,jejunetur.
2645 2209 2704 2262 In
2765 2223 2830 2263 eo
2875 2210 3016 2262 enim
3069 2210 3201 2278 iussi
3251 2225 3443 2262 sumus
3483 2210 3616 2278 jeju-

2051 2316 2200 2355 nare.
2229 2301 2324 2356 llis
2353 2318 2485 2367 ergo
2511 2313 2917 2370 consequenter
2937 2317 3174 2371 pratsens
3199 2315 3418 2369 quoque
3441 2317 3614 2354 canon

2053 2401 2335 2456 statuens,
2395 2395 2653 2449 omnibus
2713 2395 2908 2450 diebus
2967 2394 3262 2450 salutifera:
3320 2394 3522 2450 Christi
3565 2403 3625 2447 et-

2048 2483 2143 2539 Dei
2198 2486 2372 2539 nostri
2428 2485 2708 2540 Passionis
2755 2485 3008 2554 jejunare
3049 2495 3302 2556 oportere
3354 2479 3406 2539 et
3461 2500 3618 2539 orare.

2049 2591 2175 2630 eum
2210 2577 2666 2644 compttnctionc,
2707 2577 2892 2640 idest,
2928 2593 3034 2631 non
3065 2579 3340 2638 simulate,
3392 2579 3448 2631 in
3500 2579 3620 2645 qui—

2055 2667 2161 2724 bus
2219 2683 2475 2738 magnum
2527 2683 2746 2738 quoque
2799 2669 3090 2723 Sablvatnm
3148 2679 3615 2724 connumeratur:

2050 2761 2263 2834 adjicit,
2299 2769 2353 2815 et
2381 2775 2446 2815 eo
2489 2761 2610 2831 ipso
2643 2776 2860 2831 quoque
2896 2761 3137 2816 Sabbato
3165 2773 3285 2832 post
3313 2779 3404 2817 sex
3455 2763 3621 2818 horas

2054 2858 2232 2911 noctis
2260 2857 2529 2927 jejunium
2591 2857 2804 2912 solvere
2857 2856 3069 2924 ﬁdeles,
3119 2872 3186 2912 eo
3238 2858 3381 2928 quod
3435 2873 3620 2913 resur-

2050 2951 2253 3006 rexerit
2287 2950 2540 3006 Christus
2589 2950 2730 3006 Deus
2784 2959 2995 3008 noster.
3051 2951 3352 3004 secundum
3407 2951 3635 3005 divinos.

2052 3023 2438 3110 evangelistas,
2500 3040 2812 3096 Matthaeum
2859 3049 2912 3095 et
2968 3040 3189 3100 Lucam.
3241 3042 3402 3096 circa
3444 3043 3620 3096 noctis

2051 3133 2334 3188 dimidium
2363 3149 2379 3197 ;
2407 3148 2532 3188 cum
2572 3134 2658 3189 ille
2689 3131 2908 3202 quidem
2941 3135 3110 3198 dicat,
3133 3131 3372 3210 Vespere
3395 3133 3616 3208 Sahhati

2050 3233 2321 3280 venerunt
2352 3225 2535 3281 Mariae
2570 3228 2636 3280 ad
2668 3225 2979 3295 sepulcrum
3036 3225 3268 3289 Demini,
3317 3235 3369 3280 et
3418 3241 3640 3294 corpus.

2048 3320 2171 3388 ejus
2203 3333 2310 3373 non
2368 3321 2691 3374 invenerunt
2714 3318 2801 3373 ἰε
2851 3317 2941 3372 hic
2989 3333 3120 3372 vero
3160 3318 3396 3372 medium
3442 3319 3616 3373 noctis

2048 3412 2353 3477 describat,
2410 3427 2478 3467 eo
2535 3412 2695 3481 quod"
2730 3411 2882 3476 dicit,
2943 3410 3070 3465 Erat
3131 3425 3404 3465 summum
3457 3425 3640 3463 mane-

2049 3507 2266 3576 quantlo
2303 3514 2577 3559 venrrunt
2594 3505 2852 3558 mulieres
2891 3505 2954 3556 ad
3009 3512 3417 3556 monumentum
3441 3501 3506 3555 ³¹,
3556 3501 3634 3554 Et,

2050 3598 2166 3652 haec
2189 3597 2410 3666 quidem
2443 3596 2515 3650 ita
2552 3612 2610 3651 se
2629 3596 2852 3650 habent.
2878 3593 3081 3650 Dixerit
3107 3602 3288 3648 autem
3320 3594 3616 3663 quispiam,

2048 3691 2190 3758 qunti
2224 3691 2483 3756 quoniam
2514 3689 2706 3744 statuit
2735 3703 2937 3754 canon,
2977 3695 3038 3743 ut
3065 3684 3320 3742 omnibus
3361 3685 3617 3741 salutaris

2049 3784 2330 3840 Passionis
2355 3783 2552 3838 diebus
2575 3781 2912 3854 jejuuemus,
2947 3796 3143 3850 magno
3172 3790 3351 3835 autem
3384 3779 3620 3836 Sabbato

2044 3877 2316 3946 jejunium
2347 3877 2621 3930 solvamus
2675 3875 2741 3929 ad
2802 3875 3033 3929 mediam
3096 3881 3334 3935 noctem,
3385 3873 3612 3927 alterum

2047 3969 2281 4024 duorum
2321 3967 2634 4021 necessario
2661 3967 2950 4020 dicendum
2985 3964 3326 4034 proponitur,
3373 3966 3455 4016 vel
3486 3979 3607 4016 om-

2048 4061 2212 4116 nibus
2277 4059 2568 4112 Dominicm
2634 4057 2911 4112 Passionis
2973 4057 3187 4120 diehus,
3253 4057 3345 4125 qui
3397 4058 3617 4126 proprie,

2048 4161 2168 4220 post
2226 4159 2476 4220 quartam
2538 4149 2726 4203 feriam
2793 4149 3198 4218 prteiiniuntur,
3241 4162 3339 4202 nos
3393 4147 3617 4201 ontninrt

2043 4245 2314 4315 jejunare,
2371 4253 2425 4296 et
2486 4243 2554 4296 al)
2613 4243 2760 4295 omni
2821 4241 2946 4296 cibo
3001 4240 3278 4294 abstinere
3339 4251 3612 4308 oportere.

2049 4337 2166 4394 solo
2196 4347 2378 4392 autem
2419 4335 2663 4389 Sabbato
2690 4333 2963 4403 jejunium
3023 4331 3258 4394 solvere,
3299 4340 3356 4383 ut
3409 4330 3614 4384 dictum

2051 4440 2156 4492 est,
2195 4429 2275 4483 vel
2307 4432 2408 4484 hoc
2434 4428 2672 4482 Sabhato
2699 4425 2875 4492 magis
2901 4424 3171 4494 jejunium
3208 4423 3420 4480 solvere
3455 4438 3622 4493 quam.

369 4513 541 4565 σατον
575 4512 866 4567 καταλύειν
891 4513 1038 4582 ἡμᾶς
1105 4512 1266 4565 πλέον
1330 4512 1440 4566 τῶν
1498 4511 1672 4566 ἄλλων
1725 4513 1947 4583 ἡμερῶν

2055 4525 2176 4580 aliis
2217 4524 2411 4578 diohus
2451 4519 2708 4577 salutaris
2740 4517 2941 4572 Christi
2969 4516 3265 4572 Passionis.
3309 4515 3419 4570 Cur
3468 4518 3614 4569 enim

367 4603 472 4656 τοῦ
502 4603 888 4674 σωτηριώδους
929 4601 1146 4666 πάθους
1175 4603 1269 4656 τοῦ
1302 4604 1562 4673 Χριστοῦ.
1621 4605 1741 4657 Ἵνα
1764 4604 1815 4656 τί
1842 4605 1950 4674 γὰρ

367 4694 694 4764 ὠρίσθημεν
726 4693 872 4747 κατὰ
899 4693 1057 4747 τοῦτο
1082 4694 1469 4764 ἀπονηστίζειν
1501 4696 1558 4746 έν
1584 4696 1948 4764 μεσονυκτίῳ,

367 4789 421 4840 εἰ
480 4786 672 4858 ἐπίσης
754 4785 1041 4854 νηστεύειν
1119 4786 1392 4854 μέλλομεν
1457 4786 1601 4838 κατὰ
1659 4786 1759 4850 τὰς
1822 4786 1949 4851 ὅλας

366 4877 874 4948 τοιαύταςήμέρας
911 4898 928 4943 ς
977 4877 1134 4946 Ἐμοὶ
1164 4877 1221 4930 δὲ
1259 4877 1408 4930 δοκεῖ
1436 4877 1519 4930 ὅτι
1557 4877 1950 4949 ὑπεξῃρημένη

365 4967 526 5019 ἐστὶν
553 4968 584 5035 ή
621 4967 850 5035 νηστεία
883 4967 979 5019 τοῦ
1018 4967 1254 5035 μεγάλου
1286 4968 1594 5034 Σαϐϐάτου,
1626 4970 1722 5022 καὶ
1755 4986 1947 5038 προτι-

369 5058 612 5130 μότερον
637 5057 746 5111 τῶν
772 5058 949 5112 ἄλλων
979 5059 1203 5130 ἡμερῶν
1236 5059 1330 5112 τοῦ
1363 5061 1623 5130 Χριστοῦ,
1679 5061 1760 5114 ὅτι
1825 5061 1948 5114 τότε

366 5151 664 5204 κατέκειτο
685 5150 743 5203 ἐν
773 5151 850 5219 τῷ
876 5151 1034 5221 τάφῳ
1061 5151 1123 5204 τὸ
1151 5151 1486 5221 τεθεαμένον
1542 5154 1703 5222 σῶμα
1757 5152 1950 5206 αὐτοῦ.

367 5244 496 5314 Χρὴ
519 5238 613 5296 οῦν
648 5244 704 5296 ὲν
732 5245 854 5306 ταῖς
883 5242 1070 5307 ἄλλαις
1101 5243 1202 5312 μὲν
1232 5244 1468 5316 ἡμέραις
1496 5244 1785 5315 νηστεύειν
1809 5245 1949 5314 μετὰ

369 5333 730 5400 κατανύξεως
755 5333 845 5386 διὰ
876 5334 945 5388 τὰ
997 5335 1144 5404 πάθη
1204 5336 1300 5388 τοῦ
1354 5337 1595 5406 Χριστοῦ
1675 5341 1768 5390 καὶ
1812 5338 1948 5391 Θεοῦ

368 5429 572 5496 ήμῶνο
632 5426 814 5496 πολλῷ
868 5427 925 5479 δὲ
987 5427 1150 5480 πλέον
1204 5430 1343 5483 κατὰ
1399 5429 1458 5482 τὸ
1494 5430 1794 5492 Σαϐϐαῖον,
1862 5431 1951 5482 ὅτε

368 5523 400 5586 ἡ
437 5522 502 5571 ὲκ
525 5518 640 5571 τῶν
659 5516 879 5587 δεσμῶν
916 5517 1008 5570 τοῦ
1066 5517 1296 5572 θανάτου
1347 5520 1732 5591 ἀπολύτρωσις
1793 5521 1950 5590 ἡμῶν

365 5631 402 5666 κ
431 5609 736 5682 τηρτύετο.

447 5796 487 5826 ⁸¹
525 5795 720 5853 Matth.
768 5815 952 5866 xxvm,
987 5802 1035 5856 τι.
1117 5802 1158 5833 ³³
1187 5797 1321 5855 Luc.
1360 5815 1505 5864 ultr,
1546 5800 1587 5852 l.

2047 4625 2315 4671 statutum
2351 4622 2518 4677 esset,
2573 4621 2631 4664 nt
2687 4609 2864 4665 media
2915 4608 3081 4678 hujus
3147 4616 3300 4662 nocte
3351 4606 3615 4676 jejunium

2049 4707 2349 4766 solvamus,
2375 4703 2420 4757 si
2445 4700 2701 4754 omnibus
2735 4699 2817 4754 his
2841 4697 3035 4754 diehus
3064 4695 3348 4766 aequaliter
3367 4694 3619 4766 jejunare

2047 4795 2410 4850 deberemus?
2477 4792 2604 4847 Mihi
2664 4799 2846 4845 autem
2911 4787 3126 4843 videtur
3182 4803 3302 4842 esse
3357 4788 3614 4842 eximium

2051 4889 2234 4957 magni
2269 4887 2491 4942 Salihati
2519 4884 2814 4954 jejunium,
2849 4881 3082 4951 aliisque
3103 4880 3302 4935 Christi
3334 4879 3616 4934 Passionis

2048 4984 2242 5038 diebus
2275 4979 2655 5051 prmstantius,
2694 4975 2960 5046 quoniam
2997 4987 3129 5029 tunc
3163 4973 3218 5027 in
3249 4973 3502 5041 sepulcro
3529 4971 3616 5035 ja-

2047 5071 2202 5128 cebat
2232 5087 2430 5142 corpus
2452 5073 2572 5139 ejus
2622 5069 2766 5140 quod
2801 5069 2975 5121 visum
3025 5074 3162 5120 erat.
3209 5063 3440 5134 Oportet
3483 5079 3613 5133 ergo

2050 5164 2101 5216 in
2141 5164 2265 5217 aliis
2296 5177 2514 5232 quoque
2536 5160 2731 5214 diebus
2753 5158 3001 5226 jejnnare
3025 5169 3145 5209 cum
3171 5153 3616 5222 compunctione,

2051 5263 2273 5323 propter
2315 5254 2630 5308 Passionetn
2679 5248 2886 5304 Christi
2938 5256 2991 5302 et
3039 5245 3128 5300 Dei
3175 5245 3346 5299 nostri
3385 5261 3398 5297 :
3447 5244 3619 5300 multo

2058 5354 2242 5400 autem
2279 5346 2451 5412 magis
2480 5357 2676 5413 magno
2730 5340 2995 5397 Sabiiato,
3049 5338 3266 5407 quando
3317 5335 3626 5406 redemptio

2055 5445 2234 5494 nostra
2271 5452 2301 5491 e
2333 5435 2523 5491 mortis
2560 5433 2792 5490 vinculis
2823 5431 2983 5503 263
3015 5429 3400 5484 adornahatur.
