4092 6214
520 350 623 417 21f)

1772 366 1870 422 TI]
1890 366 2054 426 E05).
2097 365 2487 427 BALSAMON

3661 364 3762 427 8?.)

595 467 888 539 Propterea
931 471 1077 525 enim
1124 483 1177 524 et
1230 474 1322 540 qui
1375 482 1504 527 sunt
1556 474 1924 544 religiosiores
1975 483 2096 558 tota

2213 519 2231 534 .
2266 478 2363 530 Διὰ
2395 476 2503 545 γὰρ
2536 475 2693 528 τοῦτο
2732 475 2825 527 καὶ
2860 476 2909 527 οί
2962 474 3343 545 εὐλαϐέστεροι
3392 476 3463 528 δι’
3504 474 3631 528 ὅλου
3673 475 3765 528 τοῦ

530 558 791 625 Sahhato,
841 571 895 614 et
943 574 1116 629 usque
1172 561 1239 614 ad
1293 564 1735 619 horamsextam
1789 568 1986 629 noctis,
2040 568 2092 618 in

522 651 771 705 ecclesiis
812 651 1057 705 assident
1114 672 1129 707 :
1171 661 1225 707 et
1276 654 1405 708 hora
1448 664 1603 710 sexta
1649 656 1850 711 divinis
1904 672 2093 710 saera-

528 740 726 794 mentis
754 742 1251 807 communicantes,
1284 760 1474 813 panem
1507 754 1562 799 et
1603 762 1797 813 aquam
1846 755 2088 817 gustant,

532 831 767 885 fortasse
799 839 985 885 autem
1019 842 1075 887 et
1114 835 1390 889 modicum
1436 837 1569 891 vini.
1622 837 1862 907 Septima
1908 852 2086 892 autem

524 924 658 977 hora
723 926 1029 981 matutinas
1103 927 1459 993 psalmodias,
1493 929 1819 992 audientes,
1872 932 2090 999 quando

524 1016 689 1067 etiam
725 1015 883 1081 illud,
918 1017 1177 1073 Christus
1238 1021 1560 1083 resurrexit,
1595 1021 1818 1086 dicitur,
1868 1023 2089 1076 domum

527 1121 682 1158 suam
714 1115 1083 1171 revertuntur,
1114 1110 1296 1178 magni
1331 1109 1598 1164 Dominici
1624 1126 1907 1165 sacrorum
1942 1114 2093 1166 cele-

528 1195 834 1252 brationem
889 1210 1291 1269 exspectantes.
1347 1201 1502 1267 Quod
1548 1213 1728 1257 autem
1780 1220 1809 1258 a
1864 1206 2093 1272 septima

525 1286 656 1338 hora
693 1288 895 1351 noctis,
933 1304 1051 1357 qua:
1096 1298 1179 1343 est
1200 1300 1325 1344 ante
1357 1291 1722 1354 Dominicum,
1754 1294 1943 1362 incipit
1974 1293 2092 1347 dies

532 1377 869 1441 llomiuicus.
900 1380 1259 1435 manifestum
1283 1390 1365 1436 est
1387 1398 1451 1435 ex
1475 1396 1539 1435 eo
1573 1384 1713 1450 quod
1750 1392 1903 1438 ortus
1937 1384 2092 1447 solis,

525 1471 642 1523 sive
674 1469 782 1522 diei
817 1469 1163 1536 illuminatio,
1204 1480 1286 1526 est
1334 1487 1365 1525 a
1428 1473 1657 1541 septima
1698 1477 1829 1529 hora
1878 1477 2080 1539 noctis,

520 1574 642 1626 qua:
676 1574 801 1613 eum
838 1562 1121 1629 praecessit
1154 1580 1167 1615 :
1202 1563 1410 1617 clarum
1436 1573 1521 1619 est
1548 1579 1611 1619 ex
1652 1565 1721 1621 iis
1756 1582 1879 1634 quae
1908 1576 2092 1621 noster

528 1665 761 1720 magnus
794 1650 953 1707 Pater
970 1652 1215 1709 Joannes
1244 1655 1667 1726 Chrysostomus
1701 1658 2091 1727 interpretatus

2196 572 2503 636 Σαϐϐαῖον,
2537 575 2636 624 καὶ
2669 571 2866 640 μέχρις
2913 570 3079 637 ἕκτης
3112 568 3261 638 ὧρας
3305 571 3409 639 τῆς
3456 569 3677 632 νυκτὸς,
3712 573 3770 622 ἐν

2196 668 2315 725 ταῖς
2350 663 2669 732 ἐκκλησίαις
2689 661 3143 731 προσεδρεύουσι·
3174 661 3268 714 καὶ
3292 662 3432 713 κατὰ
3469 661 3570 729 τὴν
3600 662 3772 729 ἐκτην

2196 755 2367 824 ὤραν,
2408 752 2518 805 τῶν
2578 753 2736 806 θείων
2799 752 3158 821 ἁγιασμάτων
3230 750 3769 820 μεταλαμϐάνοντες,

2196 848 2460 900 ἅπτονται
2489 845 2656 914 ἄρτου
2671 845 2766 897 καὶ
2799 842 3009 905 ὓδατος,
3036 844 3165 905 ἴσως
3190 842 3247 894 δὲ
3271 844 3364 895 καὶ
3378 845 3525 895 οίνου
3550 844 3775 904 πάντως

2201 939 2449 1007 μετρίου.
2486 937 2642 991 Κατὰ
2676 936 2734 988 δὲ
2762 937 2858 1004 τὴν
2884 935 3119 1005 ἐὸδόμην
3140 933 3313 1004 ὥραν,
3344 934 3639 991 ἀκούοντες
3670 934 3776 1002 τῆς

2197 1030 2429 1098 ἑωθινῆς
2460 1028 2760 1098 ὕμνῳδίας,
2793 1030 2879 1081 ὅτε
2912 1029 3006 1080 καὶ
3035 1027 3117 1092 τὸ,
3163 1027 3222 1080 Ὀ
3253 1024 3489 1097 Χριστὸς
3542 1027 3770 1095 ἀνέστη.

2196 1120 2553 1185 ἐκφωνεῖται,
2591 1117 3034 1187 ὑποστρέφουσιν
3064 1119 3145 1178 είς
3192 1120 3295 1179 τὰς
3326 1118 3614 1181 κατοικίας
3667 1118 3776 1169 αὐ-

2196 1211 2305 1264 τῶν
2342 1210 2445 1278 τῆς
2501 1209 2759 1279 Μεγάλης
2788 1209 3073 1278 Κυριακῆς
3106 1208 3506 1277 ίεροτελεστίαν
3561 1209 3772 1276 ἀναμέ⁴

2194 1318 2398 1363 νοντες.
2435 1301 2558 1354 Ὀτι
2618 1299 2676 1352 δὲ
2724 1300 2829 1352 ἀπὸ
2880 1299 2979 1367 τῆς
3018 1299 3064 1362 ζ’
3101 1298 3248 1370 ὥρας
3303 1298 3405 1365 τῆς
3444 1300 3641 1362 νυκτὸς
3669 1302 3777 1367 τῆς

2199 1392 2308 1462 πρὸ
2340 1393 2439 1462 τῆς
2466 1392 2759 1462 Κυριακῆς
2793 1391 3027 1461 ἄρχεται
3075 1394 3108 1453 ἡ
3168 1392 3541 1462 κυριώνυμος,
3608 1394 3779 1462 δῆλον

2200 1484 2300 1551 μὲν
2332 1484 2425 1536 καὶ
2448 1484 2556 1537 ἀπὸ
2586 1483 2682 1536 τοῦ
2712 1483 2961 1550 γίνεσθαι
2991 1484 3092 1553 τὴν
3138 1484 3406 1537 ἀνάϐασιν
3434 1483 3528 1537 τοῦ
3591 1485 3775 1553 ἡλίου,

2193 1574 2364 1644 ἧγουν
2416 1578 2513 1644 τὴν
2576 1574 2777 1642 φαῦσιν
2814 1573 2915 1643 τῆς
2966 1575 3183 1644 ἡμέρας
3241 1576 3349 1628 ἀπὸ
3391 1579 3490 1643 τῆς
3536 1574 3581 1638 ζ’
3621 1574 3781 1645 ὧρας

2194 1665 2292 1735 τῆς
2317 1666 2425 1736 πρὸ
2456 1666 2627 1735 αὐτῆς
2655 1669 2872 1728 νυκτός.
2915 1666 3083 1735 Δῆλον
3113 1664 3170 1719 δὲ
3201 1667 3299 1720 καὶ
3330 1665 3426 1736 ἀφ’
3454 1660 3779 1736 ὦνὸμέγας

525 1750 631 1796 est.
681 1744 976 1814 Postquam
1026 1748 1170 1801 enim
1226 1764 1287 1803 os
1336 1750 1404 1803 iis
1453 1750 1708 1811 occlusit.
1758 1752 1851 1819 qui
1902 1751 2091 1805 dicunt

525 1833 800 1861 Pl...:.........
856 1836 939 1861 .I:-
990 1839 1148 1861 .--ΛΑ
1211 1855 1315 1861 _-._
1376 1842 1739 1861 _--e___,-:___
1825 1852 1866 1861 -.
1932 1844 1978 1861 λς
2023 1844 2057 1861 ο-

2202 1758 2389 1828 Πατὴρ
2418 1760 2574 1828 ἡμῶν
2615 1760 2643 1811 ὁ
2668 1754 2825 1827 ἅγιος
2880 1759 3136 1827 Ἰωάννης
3165 1760 3193 1810 ὁ
3236 1758 3631 1829 Χρυσόστομος
3672 1762 3779 1828 rp-

522 1833 801 1889 Christum
854 1836 940 1890 die
990 1839 1151 1891 tertio
1211 1855 1317 1893 non
1376 1842 1765 1906 resurrexisse,
1818 1852 1870 1896 et
1924 1844 2086 1909 dixit,

2202 1852 2455 1921 μήνευσε.
2489 1849 2645 1904 Μετὰ
2692 1851 2799 1919 γὰρ
2854 1850 2917 1903 τὸ
2946 1850 3295 1919 ἐπιστομίσαι
3324 1851 3451 1913 τοὺς
3506 1850 3779 1918 λέγοντας

521 1926 663 1997 quod
708 1927 933 1983 etiamsi
990 1928 1201 1984 dederit
1252 1931 1522 2000 quispiam
1586 1932 1873 1987 Dominum
1929 1936 2093 1990 tertio

2202 1942 2274 2012 μὴ
2334 1941 2629 2011 ἀναστῆναι
2688 1942 2781 1994 τὸν
2812 1941 3017 2012 Κύριον
3079 1941 3236 2010 ⁴ἡμῶν
3283 1939 3493 2011 Ἰησοῦν
3534 1942 3782 2009 Χριστᾶν

522 2019 610 2074 die
644 2034 755 2075 non
793 2022 1191 2089 resurrexisse,
1220 2025 1413 2094 gratia:
1442 2024 1615 2094 magis
1650 2039 1719 2079 eo
1765 2028 1990 2081 nomine
2040 2028 2090 2082 ei

2202 2035 2515 2106 τριήμερον,
2548 2036 2644 2087 καὶ
2682 2035 2857 2086 εἰπεῖν
2879 2036 2978 2099 ὡς,
3013 2036 3062 2087 εί
3097 2036 3189 2087 καὶ
3211 2035 3326 2105 δοίη
3362 2052 3448 2097 τις
3495 2035 3572 2104 μὴ
3605 2035 3779 2103 τριήο

522 2110 750 2179 agendae
780 2120 932 2174 sunt,
968 2114 1114 2182 quod
1161 2114 1325 2169 etiam
1368 2126 1493 2169 ante
1541 2116 1871 2197 ptmlinilum
1927 2119 2092 2173 trium

2202 2144 2368 2198 μερον
2394 2124 2693 2195 ἀναστῆναι
2734 2127 2826 2179 τὸν
2875 2126 3103 2195 Κύριον,
3156 2124 3507 2195 εὐχαριστέον
3565 2127 3780 2193 μᾶλλόν

521 2201 735 2256 dierum
770 2206 1065 2257 terminum
1094 2203 1348 2260 Christus
1384 2208 1769 2273 resurrexerit,
1815 2225 1976 2278 quam
2010 2221 2095 2266 est

530 2293 1031 2362 reprehendendus.
1065 2292 1499 2364 Reprehenderit
1526 2298 1669 2351 enim
1735 2300 1899 2355 etiam
1968 2316 2093 2356 eum

525 2384 823 2454 quispiam,
866 2387 960 2456 qui
999 2386 1195 2442 femori
1250 2389 1482 2459 accepit,
1519 2391 1663 2461 quod
1706 2400 1832 2447 ante
1881 2393 2098 2463 prmsti-

523 2485 702 2530 tutum
738 2476 999 2533 solutioni
1045 2480 1339 2534 terminum
1384 2482 1627 2538 debitum
1665 2484 1911 2550 solverit,
1952 2486 2096 2555 quod

524 2577 609 2623 est
641 2568 941 2623 absurdum
992 2570 1139 2625 :hoe
1174 2573 1395 2641 adjicit,
1447 2574 1592 2643 quod
1642 2576 1687 2630 si
1738 2576 1789 2630 id
1842 2577 1986 2645 quod
2042 2578 2094 2631 in

525 2675 857 2729 quacunque
892 2660 1025 2715 hora
1055 2661 1164 2718 diei
1199 2663 1279 2729 tit,
1311 2666 1403 2735 qui
1443 2680 1472 2719 a
1501 2667 1730 2736 septima
1779 2668 1911 2723 hora
1956 2685 2098 2739 prm-

526 2753 773 2807 cedentis
829 2755 1008 2808 noctis
1060 2755 1276 2826 incipit,
1310 2765 1365 2810 et
1417 2767 1571 2814 sexta
1627 2759 1760 2813 hora
1814 2760 2097 2830 sequentis

530 2845 706 2899 noctis
751 2844 974 2910 desiuit,
1012 2847 1065 2901 in
1100 2863 1167 2903 eo
1206 2849 1327 2918 ipso
1360 2849 1446 2905 die
1477 2851 1675 2905 factum
1701 2868 1823 2907 esse
1851 2854 2092 2909 videtur:

534 2946 683 2993 recte
714 2938 971 3006 dicimus,
1010 2942 1153 3010 quod
1183 2943 1271 2998 die
1305 2942 1468 2997 tertio
1520 2942 1624 2998 fuit
1676 2944 1882 3001 Christi
1915 2963 2098 3001 resur-

531 3033 722 3099 rectio,
766 3041 823 3086 ut
870 3033 987 3104 ipse
1021 3050 1149 3089 vere
1204 3045 1291 3090 est
1341 3036 1642 3105 pollicitus.
1686 3037 1744 3091 In
1799 3020 2097 3094 Parasceve

2198 2218 2370 2281 ἐστιν,
2395 2218 2479 2270 ὅτι
2505 2216 2600 2271 καὶ
2636 2217 2744 2287 πρὸ
2771 2217 2871 2284 τῆς
2912 2215 3230 2285 ὁρισθείσης
3280 2216 3630 2285 προθεσμίας
3662 2215 3780 2266 τῶν

2196 2311 2365 2379 τριῶν
2390 2309 2619 2380 ἡμερῶν
2643 2311 2937 2379 ἐγήγερται
2987 2310 3015 2360 ὁ
3058 2305 3313 2378 Χριστὸς,
3348 2312 3441 2360 καὶ
3471 2309 3530 2360 οὐ
3566 2307 3779 2376 μᾶλλον

2199 2403 2495 2456 αἰτιατέον.
2552 2402 2954 2470 Ἐπιμέμφοιτο
2980 2401 3089 2471 γάρ
3124 2417 3205 2461 τις
3236 2400 3330 2452 καὶ
3372 2401 3464 2452 τὸν
3519 2400 3777 2452 δανεισάο

2202 2510 2362 2562 μενον
2391 2492 2803 2545 καταϐάλλοντα
2824 2490 2898 2558 (ι)
2925 2491 2986 2542 τὸ
3011 2491 3172 2560 χρέος
3204 2490 3314 2561 πρὸ
3336 2488 3433 2560 τῆς
3456 2490 3774 2560 ὁρισθείσης

2202 2582 2550 2653 προθεσμίας
2590 2583 2671 2645 είς
2692 2581 3023 2648 καταϐολὴν,
3072 2582 3211 2651 ὅπερ
3265 2584 3485 2636 ἄτοπον·
3543 2582 3779 2649 προστί-

2200 2672 2357 2743 θησιν
2405 2671 2501 2737 ὡς,
2534 2672 2653 2724 ἐπεὶ
2698 2671 2757 2724 τὸ
2788 2673 2848 2723 ἐν
2889 2672 3182 2742 οίαδήποτε
3228 2671 3350 2741 ὥρᾳ
3404 2675 3501 2741 τῆς
3558 2674 3779 2741 ἡμέρας

2198 2765 2504 2833 γινόμενον,
2560 2762 2661 2833 τῆς
2705 2762 3088 2834 ψηφιζομένης
3144 2765 3253 2817 ἀπὸ
3324 2763 3559 2832 ἑϐδόμης
3620 2762 3777 2829 ὧρας

2197 2860 2297 2929 τῆς
2326 2856 2431 2926 πρὸ
2464 2856 2637 2923 αὐτῆς
2688 2856 2905 2919 νυκτὸς,
2956 2858 3050 2909 καὶ
3083 2854 3507 2923 καταληγούσης
3574 2856 3774 2924 μέχρις

2198 2949 2367 3017 ’ἐκτης
2399 2947 2549 3018 ὥρας
2586 2946 2682 3016 τῆς
2741 2948 2881 3015 μετὰ
2917 2946 3124 3015 ταύτην
3182 2946 3395 3007 νυκτὸς,
3434 2948 3491 2998 ἐν
3527 2945 3664 3012 αὐτῇ
3703 2949 3776 3015 τῇ

2201 3041 2383 3112 ἡμέρᾳ
2407 3039 2735 3108 γεγενῆσθαι
2780 3038 2957 3090 δοκεῖ’
3013 3038 3197 3100 καλῶς
3242 3037 3475 3104 λέγομεν
3513 3035 3587 3099 ὡς
3616 3036 3775 3105 τριήα

508 3122 673 3181 ,euim
712 3132 967 3180 mortuus
996 3136 1101 3194 est,
1133 3128 1227 3197 qui
1252 3134 1335 3182 est
1369 3129 1488 3184 dies
1516 3128 1726 3199 primus
1760 3148 1771 3184 :
1799 3132 2096 3195 secundus,

2208 3150 2373 3203 μερος
2403 3132 2634 3198 γέγονεν
2662 3131 2694 3200 ἡ
2737 3131 3035 3193 ἀνάστασις
3066 3130 3160 3183 τοῦ
3193 3128 3461 3200 Χριστοῦ,
3501 3128 3643 3181 κατά
3668 3128 3776 3196 τὴν

529 3214 872 3273 Sahbatum:
910 3226 965 3273 et
996 3220 1256 3290 quoniam
1298 3222 1588 3290 septimam
1646 3237 1867 3293 quoque
1909 3225 2097 3278 horam

527 3309 729 3373 noctis,
770 3325 894 3378 qua:
942 3319 1027 3366 est
1074 3319 1200 3367 ante
1256 3312 1619 3377 Domluieum,
1670 3315 1870 3385 attigit,
1930 3315 2096 3369 etiam

531 3397 847 3453 Dominicus
878 3399 1074 3455 tertius
1108 3399 1229 3454 dies
1271 3408 1513 3467 putatur.
1546 3397 1666 3455 Jam
1700 3417 1831 3457 vero
1869 3411 2095 3459 sanctus

532 3489 833 3559 Gregorius
864 3487 1147 3559 Nyssenus
1185 3490 1252 3545 de
1275 3501 1468 3546 sancto
1500 3492 1709 3548 Pascha
1736 3494 1959 3559 docens,
1988 3495 2102 3549 haec

528 3582 979 3650 dicitexpresse:
1013 3580 1253 3651 Vespera
1297 3584 1441 3638 enim
1488 3594 1629 3651 erat,
1685 3588 1905 3655 quando
1952 3603 2105 3642 man-

529 3672 791 3728 dueatum
842 3683 929 3728 est
988 3689 1205 3729 sacrum
1256 3676 1386 3730 illud
1440 3685 1493 3730 et
1540 3687 1789 3733 sanctum
1851 3695 2098 3749 corpus:

529 3778 692 3833 quam
726 3764 945 3835 quidem
980 3780 1261 3835 vesperam
1315 3784 1441 3826 uox.
1479 3785 1599 3838 quze
1632 3770 2099 3827 Paraseevemau-

533 3855 758 3920 tccedit,
788 3857 1023 3927 excepit.
1057 3858 1257 3914 Deinde
1290 3860 1409 3916 dies
1436 3860 1768 3918 Parasceves
1794 3864 2102 3918 introducta

536 3956 696 4003 nocte
736 3948 1010 4005 discissus
1048 3950 1100 4004 in
1145 3966 1307 4005 unam
1347 3962 1559 4008 noctem
1594 3964 1649 4008 et
1698 3954 1834 4009 duos
1864 3956 1983 4009 dies
2015 3971 2101 4011 re-

533 4039 775 4093 ducitur.
816 4040 1015 4095 Tribus
1048 4041 1192 4095 euim
1228 4042 1378 4097 horis
1413 4043 1634 4098 fuerunt
1663 4044 1899 4098 tenebrre
1937 4060 2103 4113 super

476 4124 481 4127 ’
534 4126 848 4183 universam
886 4137 1088 4184 terram
1120 4131 1183 4186 ⁸³.
1218 4131 1341 4187 llaec
1374 4141 1457 4189 est
1489 4134 1634 4189 enim
1670 4134 1722 4187 in
1779 4133 1961 4188 medio
1995 4134 2102 4189 dici

535 4232 638 4269 uox
674 4217 953 4284 inuovata,
986 4220 1123 4278 duas
1170 4224 1381 4279 dierum
1437 4225 1710 4280 sectiones
1770 4242 1865 4296 per
1913 4242 1970 4281 se
2013 4226 2107 4281 de-

531 4309 802 4376 scribens,
836 4311 977 4369 hanc
1009 4314 1229 4382 quidem
1283 4331 1311 4370 a
1349 4331 1505 4371 mane
1558 4335 1727 4383 usque
1782 4320 1846 4374 ad
1892 4312 2101 4374 Sextam

537 4401 726 4456 horam
760 4418 775 4457 :
811 4404 958 4458 illam
997 4419 1127 4460 vero
1162 4405 1232 4460 ab
1258 4408 1388 4460 hora
1422 4424 1562 4463 nona
1594 4426 1764 4478 usque
1792 4410 1859 4464 ad
1911 4424 2100 4477 vespe-

2204 3223 2372 3277 αὑτοῦ
2417 3223 2624 3293 ἀψευδῆ
2659 3222 3017 3290 ἐπαγγελίαν.
3070 3222 3225 3274 Κατᾶ
3278 3221 3387 3290 γὰρ
3422 3219 3518 3290 τὴν
3580 3220 3777 3288 Παρα-

2207 3313 2408 3385 σκευὴν
2437 3315 2732 3375 ἀπέθανεν,
2767 3314 2890 3381 ἥτις
2927 3314 3044 3366 ἐστὶ
3078 3316 3267 3383 πρώτη
3294 3313 3499 3382 ἡμέρα·
3538 3312 3778 3381 δευτέρα

2205 3407 2264 3459 τὸ
2310 3406 2617 3461 Σάϐϐατον.
2666 3406 2777 3459 Καὶ
2810 3406 2941 3479 ἐπεὶ
2996 3404 3172 3475 ἥψατο
3220 3405 3316 3457 καὶ
3360 3404 3459 3471 τῆς
3537 3402 3781 3471 ἑϐδόμης

2207 3499 2353 3570 ὧρας
2392 3495 2493 3568 τῆς
2515 3497 2713 3561 νυκτὸς
2741 3498 2839 3565 τῆς
2868 3496 2974 3562 πρὸ
3004 3495 3105 3564 τῆς
3155 3494 3465 3565 Κυριακῆς,
3497 3491 3781 3559 λογίζεται

2206 3592 2302 3644 καὶ
2331 3593 2363 3660 ἡ
2398 3590 2654 3661 Κυριακὴ
2683 3589 2844 3659 τρίτη
2885 3587 3088 3658 ἡμέρα.
3124 3588 3189 3639 '0
3225 3587 3408 3654 μέντοι
3440 3584 3597 3650 ἅγιος
3622 3583 3777 3652 Γρη-

2206 3682 2387 3752 γόριος
2418 3684 2445 3735 ὁ
2470 3681 2693 3750 Νύσσης
2753 3680 2883 3748 περὶ
2920 3677 3014 3730 τοῦ
3073 3676 3231 3743 ἁγίου
3267 3676 3454 3745 Πάσχα
3502 3673 3783 3725 διδάσκων

2208 3772 2342 3841 φησὶ
2370 3771 2543 3825 ταῦτα
2581 3771 2783 3841 ρητῶςσ
2820 3769 3063 3837 Ἐσπέρα
3096 3768 3194 3837 μὲν
3217 3766 3324 3834 γὰρ
3351 3760 3417 3835 ἦν
3442 3765 3529 3816 ὅτε
3555 3762 3780 3831 ἐϐρώθη

2207 3865 2268 3917 τὸ
2307 3864 2452 3936 ἱερὸν
2476 3865 2653 3915 ἐκεῖνο
2680 3862 2774 3915 καὶ
2802 3862 2957 3927 ἆγιον
2987 3860 3145 3927 σῶμα
3170 3875 3185 3891 ο
3214 3860 3307 3923 νὺξ
3329 3858 3385 3910 δὲ
3409 3856 3506 3925 τὴν
3535 3854 3782 3923 ἑσπέραν

2210 3956 2423 4023 ἐκείνην
2447 3953 2552 4024 πρὸ
2576 3955 2677 4021 τῆς
2710 3953 3085 4021 Πτρασκευῆς
3112 3949 3405 4014 διεδέξατο.
3435 3943 3565 4000 Εἶτα
3606 3944 3781 4014 ἧσῆς

2208 4047 2579 4116 Παρασκευῆς
2609 4045 2811 4116 ἡμέρα,
2849 4045 2914 4112 τῇ
2964 4040 3279 4108 ἐπεισάκτῳ
3327 4038 3483 4091 νυκτὶ
3537 4036 3782 4104 διατμηο

2209 4139 2385 4203 θεῖσα,
2425 4140 2503 4199 είς
2531 4138 2658 4207 μίαν
2695 4136 2868 4188 νύκτα
2903 4136 2997 4187 καὶ
3025 4135 3105 4196 είς
3134 4134 3346 4201 ἡμέρας
3377 4130 3471 4183 δύο
3520 4126 3777 4195 καταψηο

2208 4228 2449 4297 φίζεται.
2496 4230 2583 4281 Ἐν
2627 4229 2734 4297 γὰρ
2774 4214 2895 4289 ταῖς
2946 4228 3126 4296 τρισὶν
3153 4223 3326 4293 ὥραις
3386 4222 3601 4290 ἐγένετο
3649 4218 3785 4271 σκό-

2207 4341 2299 4386 τος
2353 4323 2445 4375 ὲπὶ
2476 4322 2658 4374 πᾶσαν
2688 4319 2786 4391 τὴν
2819 4318 3162 4387 οἰκουμένην.
3200 4316 3347 4386 Λῦτη
3381 4313 3528 4366 ἐστὶν
3563 4314 3593 4380 ἡ
3630 4312 3783 4363 κατὰ

2209 4417 2269 4470 ἰδ
2296 4416 2468 4482 μέσον
2496 4417 2595 4481 τῆς
2630 4413 2845 4483 ἡμέρας
2890 4409 3352 4480 καινοτομηθείσα
3397 4407 3514 4470 νὺξ,
3560 4406 3627 4458 τὰ
3683 4406 3785 4458 δύο

438 4544 444 4554 ,
532 4508 689 4558 ram;
721 4493 792 4548 ita
823 4510 881 4549 ut
911 4497 1016 4550 huc
1041 4512 1212 4567 usque
1237 4498 1357 4554 dua:
1389 4501 1500 4555 sint
1527 4512 1714 4557 noctes
1741 4511 1796 4556 et
1826 4502 1935 4555 duo
1958 4501 2096 4555 dies.

2209 4506 2592 4577 τμήματαξτῶν
2617 4504 2837 4574 ἡμερῶν
2862 4502 2928 4555 δι’
2953 4503 3124 4569 αὐτῆς
3149 4494 3565 4569 ὑπογράῷουσα,
3597 4499 3657 4549 τὸ
3679 4499 3787 4565 μὲν

540 4583 743 4640 Deinde
777 4586 895 4642 dies
929 4588 1289 4657 pra-cedentis
1323 4592 1543 4647 Sahhati
1582 4593 1737 4649 habet
1765 4603 1876 4647 tres
1914 4602 2101 4649 noctes

531 4685 585 4730 et
608 4682 717 4731 tres
741 4677 877 4733 dies.

2211 4599 2322 4653 ἀπὸ
2359 4599 2456 4667 τῆς
2501 4597 2592 4649 τοῦ
2632 4595 2831 4665 δρθρου
2880 4595 2971 4646 ἐπὶ
3032 4593 3130 4663 τὴν
3191 4593 3359 4661 ἕκτην
3419 4591 3587 4661 ὤραν,
3620 4589 3678 4641 τὸ
3721 4590 3787 4643 δὲ

2209 4691 2316 4744 ἀπὸ
2379 4689 2478 4756 τῆς
2505 4689 2733 4757 ἐννάτης
2757 4687 2905 4755 ὥρας
2934 4685 3026 4737 ἐπὶ
3059 4685 3157 4753 τὴν
3194 4684 3455 4752 ἑσπέραν
3477 4682 3618 4734 ὥστε
3638 4676 3787 4732 εἶναι

536 4768 701 4841 μέχρι
724 4773 919 4827 τούτου
950 4773 1045 4829 δύο
1099 4776 1299 4840 νύκτας
1336 4780 1432 4833 καὶ
1480 4780 1576 4835 δύο
1608 4783 1843 4855 ἡμέρας.
1903 4778 2036 4837 Εἶτα
2077 4783 2110 4853 ἡ
2152 4784 2258 4855 πρὸ
2294 4784 2387 4837 τοῦ
2407 4783 2687 4837 Σαϐὅάτου
2727 4780 2913 4850 ἡμέρα
2936 4778 3048 4847 ἔχει
3078 4779 3174 4836 τὰς
3204 4777 3353 4845 τρεῖς
3422 4773 3623 4832 νύκτας
3684 4769 3789 4821 καὶ

531 4867 633 4931 τὰς
662 4869 811 4938 τρεῖς
840 4870 1077 4940 ἡμέρας.

605 4958 861 5015 ZONAR.
900 4962 1025 5019 Dies
1059 4963 1203 5031 illos,
1247 4967 1447 5033 quibus
1484 4967 1738 5026 Christus
1790 4972 1951 5030 Jesus
1996 4974 2104 5029 Do-

536 5052 719 5111 minus
752 5064 940 5111 uoster
982 5057 1201 5114 dolores
1229 5059 1623 5116 acerbissimos
1675 5067 1918 5132 pertulit,
1961 5068 2105 5135 jeju-

539 5140 645 5197 uiis
676 5154 731 5197 et
778 5147 1206 5216 compunctioue
1252 5164 1428 5202 canon
1489 5166 1518 5204 a
1576 5152 1823 5211 thlelihus
1875 5158 2103 5227 transigi

534 5243 787 5301 oportere
815 5236 1081 5293 decernit.
1119 5238 1313 5295 Cordis
1348 5254 1475 5295 vero
1504 5247 1929 5312 compunctione
1949 5291 1962 5313 ,
2001 5250 2105 5303 hoc

536 5332 643 5388 est.
694 5332 1120 5399 compunctione
1171 5349 1276 5388 non
1326 5333 1443 5388 fore
1495 5336 1833 5405 simulatam,
1887 5354 2108 5396 externa

608 5496 651 5527 ³³
686 5496 821 5551 Luc.
852 5513 1006 5564 ικιιι,
1041 5502 1133 5554 44.

2283 4967 2530 5023 ΖΩΝΑΡ.
2570 4963 2679 5025 Τὰς
2736 4960 2832 5013 τοῦ
2886 4958 3093 5021 πάθους
3156 4957 3368 5026 ἡμέρας
3420 4956 3513 5008 τοῦ
3576 4956 3786 5020 Κυρίου

2209 5061 2366 5132 ἡμῶν
2423 5056 2597 5126 Ἰησοῦ
2646 5053 2884 5125 Χριστοῦ
2946 5056 3006 5105 ἐν
3067 5051 3287 5120 νηστεία
3342 5050 3434 5100 καὶ
3492 5047 3791 5109 κατανύξει

2208 5153 2393 5207 ἀνύειν
2439 5152 2562 5212 τοὺς
2597 5146 2823 5207 πιστοὺς
2857 5147 2883 5197 ὁ
2940 5142 3122 5198 κανὼν
3149 5143 3388 5195 ἀπαιτεῖ.
3424 5140 3514 5192 Ἐν
3551 5138 3794 5191 κατανύ-

2219 5244 2296 5309 ξει
2331 5244 2384 5295 δὲ
2413 5240 2662 5311 καρδίας,
2696 5237 2841 5290 τοῦτ’
2874 5236 3010 5301 ἐστι,
3052 5235 3124 5306 μὴ
3157 5233 3600 5304 ὑποκεκριμένην
3630 5226 3781 5283 εἶναι

2207 5339 2308 5409 τὴν
2368 5333 2659 5397 κατάνυξιν
2699 5330 2803 5396 ἔξω
2865 5329 3024 5399 μόνον
3084 5323 3446 5395 φαινομένην,
3501 5322 3632 5377 ἀλλὰ
3681 5323 3791 5375 καὶ

1765 5669 1947 5729 Guil].
1996 5667 2315 5743 Bevcregii
2367 5674 2552 5729 notae.

608 5785 683 5857 (ι)
751 5788 1189 5857 Δανεισάμενον
1250 5792 1721 5850 καταϐάλλοντα.
1794 5796 1848 5849 In
1914 5796 2096 5852 codice

2204 5796 2568 5851 ncrhachiano
2604 5795 2802 5849 rectius
2839 5793 3034 5863 legitur
3066 5790 3453 5845 καταλαϐόντα.
