4092 6214
367 323 493 386 ’891

1437 323 1513 380 lN
1554 323 1718 382 CAN.
1753 322 1846 381 XC
1886 319 2095 382 CONC.
2143 322 2221 379 IN
2263 321 2586 380 TliUl.l.O.

3535 324 3636 384 822

388 437 563 500 αὐτῆς
619 440 717 506 τῆς
787 440 1009 506 καρδίας
1057 438 1396 506 ἁπτομένην.
1441 437 1573 506 Περὶ
1621 436 1678 488 δὲ
1711 437 1771 488 τὸ
1807 436 1967 506 μέσον

2075 445 2284 490 tantum
2310 437 2494 504 specie
2525 444 2910 504 apparentem;
2944 439 3037 489 scd
3065 453 3185 506 quae
3218 437 3390 505 ipsius
3418 453 3636 505 quoque

387 528 492 596 τῆς
552 525 749 590 νυκτὸς
797 532 887 584 τοῦ
941 520 1224 582 Σαϐϐαίου
1258 528 1680 595 ἐπιφωσκούσης
1729 527 1824 592 τῆς
1856 527 1966 577 Κυ-

362 621 596 692 ¹ριακῆς
633 623 930 692 προτρέπει
985 623 1464 689 ἀπονηστίζεσθαι,
1524 621 1643 673 ἀντὶ
1696 619 1790 672 τοῦ
1825 619 1966 688 βρώ-

397 727 533 771 σεως
565 711 834 764 ἅπτεσθαι
858 750 872 774 ,
905 713 979 775 ὠς
1014 713 1113 783 ἤδη
1144 711 1430 780 γεγονυίας
1455 712 1551 776 τῆς
1594 711 1963 771 ἀναστάσεως.

407 805 464 854 '0
508 803 604 870 μὲν
653 803 762 873 γάρ
809 804 1219 872 εύαγγελιστὴς,
1274 803 1429 871 φησὶ,
1479 802 1776 865 Ματθαίος,
1825 799 1965 869 Ὀψέ

394 889 735 954 Σαϐϐἁτων,
769 890 959 957 εἰπὼν,
993 894 1021 945 ό
1049 891 1104 944 δὲ
1160 894 1394 954 Λουκᾶς,
1433 892 1675 960 Ὀρθρου
1717 891 1967 956 βαθέος,

395 981 497 1050 τὴν
567 981 877 1051 βραδύτητα
934 986 1033 1046 τῆς
1088 984 1278 1045 νυκτὸς
1336 985 1468 1052 ἡμῖν
1521 984 1966 1052 ὑπογράφουσιν,

2083 526 2267 580 cordis
2299 528 2603 597 penetralia
2636 530 2938 598 contingat.
2975 529 3206 582 Circiter
3240 545 3366 581 vero
3406 530 3633 584 mediam

2071 616 2288 672 Sabbati
2328 628 2568 681 noctem,
2602 636 2765 688 quam
2817 621 2933 674 dies
2967 634 3089 672 mox
3131 618 3443 672 Domiuieus
3487 619 3636 672 exei—

2074 709 2171 779 pit,
2203 709 2268 763 ad
2297 710 2551 764 solvenda
2577 711 2808 780 jeiuuia.
2845 711 2945 764 hoc
2974 717 3078 772 est,
3124 709 3226 764 cibi
3279 710 3485 778 aliquid
3541 726 3636 764 sn-

2074 801 2356 866 mendum,
2387 803 2542 872 quasi
2596 803 2840 857 redivivo
2882 802 2995 871 jam
3049 817 3077 854 a
3127 800 3353 854 mortuis
3399 799 3635 861 Christo,

2074 893 2286 947 invitat.
2310 891 2444 945 Nam
2474 892 2807 960 evangelista
2839 893 3079 961 quidem,
3109 891 3306 960 inquit,
3331 890 3635 952 Matthacus,

2079 983 2320 1052 Vespere
2370 981 2678 1044 Sabbati”,
2730 997 2854 1035 cum
2909 981 3140 1044 dixerit;
3198 972 3374 1034 Lucas
3427 985 3632 1040 autem,

395 1071 520 1123 ἀντὶ
581 1071 698 1136 τοῦ,
756 1073 1156 1142 παραδηλοῦσι,
1209 1073 1592 1146 παραδιδόασι.
1631 1075 1738 1127 Καὶ
1790 1074 1883 1127 νῦν
1911 1076 1967 1128 δέ

2069 1073 2240 1129 Valde
2295 1074 2615 1137 diluculo”,
2668 1075 2848 1128 noctis
2902 1072 3050 1127 illius
3106 1071 3414 1126 tarditatem
3479 1067 3638 1123 nobis

392 1181 526 1232 φασι
561 1166 687 1227 τοὺς
724 1167 784 1221 ἐν
829 1166 1232 1238 Ἱεροσολύμοις
1289 1168 1414 1220 οὕτε
1475 1169 1616 1222 κατὰ
1648 1168 1747 1238 τὴν
1779 1171 1964 1239 Παρα-

2071 1166 2416 1228 describunt,
2447 1168 2547 1220 hoc
2587 1175 2692 1229 est,
2727 1165 3059 1232 significant,
3097 1162 3368 1216 indicant.
3412 1161 3476 1214 Et
3512 1175 3638 1213 vero

363 1331 370 1336 ⁵
397 1255 621 1323 σκευὴν,
643 1253 766 1309 οὔτε
800 1257 941 1309 κατὰ
964 1257 1024 1308 τὸ
1049 1257 1328 1311 Σάϐϐατον
1357 1258 1581 1312 ἐσθίειν.
1616 1259 1726 1311 Καὶ
1755 1261 1782 1312 ὁ
1823 1257 1967 1310 Ἀλε-

2071 1273 2217 1310 nunc
2249 1273 2469 1328 quoque
2513 1257 2688 1320 aiunt,
2720 1271 2814 1310 eos
2846 1256 2937 1326 qui
2987 1252 3379 1323 Ilierosolymis
3409 1251 3636 1318 degunt,

406 1345 693 1414 ξανδρείας
711 1347 767 1400 δὲ
809 1349 1086 1412 Διονύσιος
1132 1350 1263 1420 περὶ
1318 1353 1509 1405 τούτου
1557 1352 1854 1422 ἐρωτηθεὶς
1900 1352 1967 1404 τὰ

2070 1365 2250 1419 neque
2305 1359 2418 1404 toto
2469 1349 2831 1413 Parasceves,
2885 1363 3060 1417 neque
3101 1345 3319 1401 Sahbati
3371 1343 3479 1405 die,
3529 1342 3638 1396 cibi

398 1435 540 1488 αὐτὰ
576 1435 922 1508 πλατύτερον
941 1439 1298 1511 ἀπεκρίνατο.

395 1696 620 1751 ΛΡΙΣΤ.
662 1719 682 1752 ι
729 1699 818 1770 Τῷ
847 1701 1067 1771 μεγάλῳ
1103 1705 1369 1776 Σαϐϐάτῳ
1406 1709 1533 1777 περὶ
1565 1709 1738 1779 μέσας
1764 1709 1966 1774 νύκτας

755 1813 774 1846 ι
811 1794 917 1865 ,τὴν
936 1797 1189 1865 νηστείαν
1212 1801 1544 1870 διαρκετέον.
1587 1823 1605 1855 ι

478 1885 539 1938 Ὀ
574 1887 675 1956 μὲν
712 1889 995 1953 Ματθαῖος
1027 1891 1122 1960 ὀψὲ
1175 1893 1473 1948 Σαϐϐάτων
1500 1896 1962 1966 ἀναστῆναιλὲγει

393 1978 486 2029 τὶν
519 1979 755 2050 Κύριονο
807 1981 914 2034 όδὲ
945 1983 1160 2047 Λουκᾶς
1207 1985 1404 2057 ὄρθρου
1441 1987 1652 2058 βαθέος*
1701 1990 1784 2042 δεῖ
1833 1990 1965 2057 γοῦν

391 2069 472 2137 τῷ
504 2071 730 2142 μεγάλῳ
771 2073 1037 2146 Σαϐϐάτῳ
1067 2077 1195 2148 ἄχρι
1255 2081 1607 2147 μεσονυκτίου
1661 2083 1962 2152 νηστεύειν,

393 2165 474 2213 κα·
508 2161 695 2217 ἔκτοτε
748 2165 1197 2235 μεταλαμϐάνειν
1225 2169 1316 2222 τὸν
1355 2169 1679 2242 βουλόμενον
1734 2177 1963 2245 τροφῆς,

393 2253 482 2306 διὰ
523 2253 582 2306 τὸ
616 2257 1063 2328 καταλαμϐάνειν
1096 2263 1158 2314 ὲκ
1185 2263 1292 2316 τῶν
1323 2264 1588 2334 ῥημάτων
1632 2269 1835 2321 τούτων
1857 2271 1965 2323 τῶν

393 2348 806 2415 εύαγγελιστῶν
833 2351 964 2424 περὶ
994 2354 1166 2423 μέσας
1199 2355 1348 2428 ὥρας
1375 2361 1475 2430 τῆς
1498 2360 1689 2424 νυκτδς
1722 2361 1961 2433 ἀναστῆ-

391 2456 480 2492 ναι
519 2439 607 2493 τὸν
643 2442 870 2511 Κύριον.

995 2541 1232 2597 ΚΑΝΩΝ
1259 2541 1330 2611 ιιν.

398 2642 415 2672 ι
461 2624 595 2687 Ταῖς
617 2627 931 2700 Κυριακαῖς
961 2633 1035 2706 μὴ
1070 2636 1200 2704 γόνυ
1240 2638 1446 2693 κλίνειν
1469 2641 1531 2695 ὲκ
1549 2643 1659 2696 τῶν
1688 2643 1964 2716 θεοφόρων

470 2741 486 2768 ι
534 2719 694 2790 ἡμῶν
746 2723 1008 2795 Πατέρων
1059 2730 1362 2794 κανονικῶς
1410 2732 1815 2804 παρελάϐομεν,
1866 2735 1964 2806 τὴν

472 2833 490 2863 ι
542 2814 634 2866 τοῦ
664 2817 904 2886 Χριστοῦ
940 2819 1226 2889 τιμώντων
1275 2823 1594 2878 ἀνάστασιν.
1642 2825 1730 2888 Ὠς
1781 2825 1847 2880 ἂν
1871 2826 1964 2882 οὖν

474 2923 492 2954 ι
549 2905 624 2976 μὴ
655 2908 948 2978 ἀγνοῶμεν
975 2910 1032 2964 τὸ
1075 2913 1247 2984 σαφὲς
1279 2919 1380 2985 τῆς
1413 2917 1678 2986 τοιαύτης
1713 2936 1962 2989 παρατη-

473 3015 490 3046 α
553 2998 786 3068 ρήσεως,
814 3001 974 3071 δῆλον
1006 3004 1119 3066 τοῖς
1157 3009 1370 3071 πιστοῖς
1406 3009 1774 3080 καθιστῶμεν,
1820 3011 1962 3066 ὥστε

473 3108 492 3140 ι
549 3091 688 3156 μετὰ
719 3094 819 3162 τὴν
851 3095 906 3146 ἐν
943 3095 1022 3163 τῷ
1045 3096 1308 3168 Σαϐϐάτῳ
1337 3100 1634 3172 ἐσπερινὴν
1665 3103 1772 3156 τῶν
1805 3105 1963 3175 ίερω-
1991 3090 2036 3150 C

471 3200 490 3231 ι
552 3182 732 3252 μένων
755 3185 893 3257 πρὸς
933 3188 996 3241 τὸ
1037 3188 1433 3262 θυσιαστήριον
1481 3193 1712 3259 εἴσοδον,
1743 3196 1965 3250 κατὰτὸ

472 3296 490 3328 ι
545 3279 786 3347 κρατοῦν
815 3282 958 3345 ἔθος,
995 3283 1198 3352 μηδένα
1230 3285 1360 3351 γόνυ
1404 3285 1607 3340 κλίνειν
1643 3287 1805 3360 μέχρι
1864 3289 1966 3358 τῆς

474 3390 492 3421 σ
544 3372 745 3442 ἐφεξῆς
782 3375 922 3428 κατὰ
948 3376 1048 3444 τὴν
1097 3378 1383 3448 Κυριακὴν
1413 3379 1681 3449 ἑσπέρας·
1733 3381 1857 3434 καθ’
1898 3383 1966 3454 ἢν

471 3483 490 3514 ι
543 3465 681 3533 μετὰ
709 3467 808 3538 τὴν
838 3468 897 3520 ἐν
937 3467 1017 3538 τῷ
1049 3467 1288 3539 λυχνικῷ
1333 3471 1540 3525 εἴσοδον
1568 3468 1726 3536 αὖθις
1758 3474 1826 3527 τὰ
1867 3475 1965 3542 γό-

472 3577 491 3610 ι
538 3576 674 3612 νατα
717 3561 1088 3629 κάμπτοντες,
1127 3561 1272 3616 οὕτω
1302 3563 1400 3627 τὰς
1459 3565 1620 3633 εὐχάς
1654 3565 1734 3637 τῷ
1774 3567 1966 3639 Κυρίῳ

470 3674 492 3708 ι
542 3654 915 3724 προσάγομεν.
943 3656 1056 3725 Τῆς
1087 3657 1195 3729 γὰρ
1226 3658 1320 3712 τοῦ
1348 3659 1600 3730 Σωτῆρος
1630 3659 1786 3730 ήμῶν
1805 3661 1966 3732 ἐγέρ-

476 3763 496 3797 ι
548 3763 684 3810 σεως
737 3746 1046 3817 πρόδρομον
1078 3749 1177 3820 τὴν
1213 3751 1350 3819 μετὰ
1398 3751 1458 3804 τὸ
1490 3751 1768 3806 Σάϐϐατον
1795 3751 1966 3806 νύκτα

477 3856 494 3889 ι
549 3837 1097 3908 παραλαμϐάνοντες,
1129 3840 1237 3893 τῶν
1295 3841 1482 3910 ’ύμνων
1514 3842 1768 3896 ἐντεῦθεν
1799 3859 1965 3896 πνευ-

476 3948 496 3981 ι
559 3931 805 3998 ματικῶς
832 3931 1216 4002 ἀπαρχόμεθα,
1248 3935 1330 3997 είς
1361 3933 1478 4001 φῶς
1514 3935 1578 3987 ἐκ
1608 3933 1834 3998 σκότους
1867 3935 1965 4005 τὴν

478 4040 497 4074 1
558 4021 755 4092 ἑορτὴν
807 4022 1234 4092 καταλήγοντες,
1270 4024 1347 4086 ὼς
1375 4026 1431 4079 ἐν
1459 4025 1743 4097 ὁλοκλήρῳ
1779 4025 1966 4079 ἑντεῦι

476 4133 494 4166 ι
545 4113 636 4166 θεν
678 4113 836 4166 νυκτὶ
887 4112 979 4166 καὶ
1031 4113 1214 4186 ἡμέρα
1256 4114 1652 4186 πανηγυρίζειν
1690 4118 1837 4189 ἡμᾶς
1869 4115 1967 4187 τὴν

479 4222 499 4255 ι
553 4202 872 4255 ἀνάστασιν.
919 4219 938 4254 ι

469 4295 664 4350 ΒΔΛΣ.
712 4295 770 4348 '0
829 4300 875 4347 κ’
916 4292 1098 4348 κανὼν
1162 4294 1258 4362 τῆς
1292 4293 1350 4344 ὲν
1392 4294 1595 4366 Νικαίᾳ
1649 4297 1891 4364 συνόδου,
1939 4299 1966 4351 ό

396 4387 462 4442 ιε’
517 4385 700 4440 κανὼν
756 4387 854 4439 τοῦ
903 4386 1062 4455 ἁγίου
1129 4385 1338 4456 Πέτρου
1398 4384 1826 4457 Ἀλεξανδρείας,
1869 4390 1964 4442 καὶ

393 4479 456 4534 τὸ
489 4478 572 4542 κζ’
602 4477 894 4547 κεφάλαιον
939 4477 1039 4547 τῆς
1107 4475 1244 4546 πρὸς
1286 4476 1377 4530 τὸν
1438 4475 1789 4549 Ἀμφιλόχιον
1843 4481 1965 4533 ἐπι-

396 4570 592 4640 στολῆς
621 4567 716 4622 τοῦ
748 4567 987 4638 μεγάλου
1021 4565 1306 4620 Βασιλείου
1341 4565 1569 4635 (τούτων
1600 4569 1710 4638 γὰρ
1740 4570 1788 4621 ot
1822 4570 1968 4638 ἅγιοι

394 4663 642 4731 Πατέρες
670 4661 980 4730 μέμνηνται
1029 4659 1121 4711 καὶ
1157 4658 1450 4728 θεοφόρους
1489 4660 1738 4730 ιῖατέρας
1768 4661 1968 4715 καλοῦ-

397 4752 510 4822 σιν)
544 4753 752 4822 ὥρισαν
806 4751 884 4821 μὴ
912 4750 1117 4803 κλίνειν
1156 4751 1286 4812 γόνυ
1325 4751 1382 4802 ὲν
1409 4752 1527 4814 ταῖς
1565 4753 1874 4821 Κυριακαῖς
1929 4752 1962 4823 ἢ

395 4848 455 4898 ὲν
484 4847 602 4908 ταῖς
655 4845 889 4913 ἡμέραις
913 4843 1015 4912 τῆς
1059 4844 1465 4912 Πεντηκοστῆς.
1500 4843 1838 4908 Ἀκολούοως
1871 4841 1966 4898 οὖν

395 4937 582 4998 αὐτοῖς
615 4935 906 5005 διορίζεται
936 4935 964 4986 ό
998 4931 1192 5004 παρὼν
1225 4933 1404 4990 κανὼν
1451 4937 1716 5004 τιμᾶσθαι
1746 4936 1843 5006 τὴν
1869 4936 1962 4991 τοῦ

396 5028 608 5098 Κυρίου
647 5025 810 5094 ἁγίαν
847 5026 1168 5079 ἀνάστασιν.
1197 5025 1352 5078 Ἐπεὶ
1388 5025 1447 5077 δέ
1477 5042 1619 5088 τινες
1645 5027 1960 5098 διηπόρουν,

395 5123 522 5186 ὅθεν
569 5122 665 5176 καὶ
713 5122 778 5172 ὲκ
830 5118 986 5181 ποίας
1015 5115 1165 5187 ὥρας
1211 5117 1253 5186 if
1299 5116 1656 5186 Κυριώνυμος
1710 5117 1960 5188 ἄρχεται,

397 5216 496 5270 καὶ
529 5215 689 5284 μέχρι
714 5215 856 5274 τίνος
877 5210 1321 5279 συμπεραίνεται,
1350 5208 1682 5278 κατέστησαν
1703 5212 1792 5264 καὶ
1814 5213 1970 5266 τοῦτο

395 5307 560 5376 δῆλον
599 5305 693 5357 καὶ
747 5302 917 5370 σαφὲς
956 5303 1071 5362 τοῖς
1115 5302 1345 5363 πιστοῖς,
1408 5299 1504 5352 καὶ
1553 5297 1706 5354 εἷπον
1767 5302 1971 5372 ταύτην

396 5398 669 5468 ἄρχεσθαι
704 5395 843 5465 μετὰ
879 5394 976 5464 τὴν
1024 5395 1314 5462 ὲσπερινὴν
1351 5391 1630 5460 ὑμνῳδίαν
1665 5393 1779 5458 Δτοῦ
1826 5396 1967 5448 Σαϐ-

397 5492 593 5554 ϐάτου,
631 5488 726 5542 καὶ
771 5485 1106 5555 καταλήγειν
1149 5483 1310 5553 μέχρι
1365 5483 1461 5549 τῆς
1519 5484 1968 5556 συμπληρώσεως

392 5582 496 5639 τοῦ
531 5579 811 5651 λυχνικοῦ,
865 5579 983 5649 ἦτοι
1033 5575 1127 5630 τοῦ
1171 5575 1458 5645 ἑσπερινοῦ
1517 5574 1615 5645 τῆς
1661 5578 1964 5649 Κυριακῆς.

475 5765 520 5797 ³⁵
555 5763 744 5819 Matth.
773 5729 964 5834 uvm,
987 5767 1033 5822 l.
1113 5765 1159 5798 "
1183 5767 1316 5823 Luc.
1341 5783 1492 5832 xxiv,
1523 5769 1572 5826 t.

2072 1440 2276 1510 aliquid
2307 1442 2621 1511 degustare.
2674 1439 2744 1494 Et
2797 1438 3088 1510 Dionysius
3143 1451 3362 1506 quoque
3402 1435 3637 1487 Alexan-

2070 1535 2288 1598 drinus,
2323 1550 2445 1588 cum
2488 1548 2554 1587 ex
2587 1547 2652 1585 eo
2682 1532 2748 1587 de
2799 1532 2900 1586 hac
2937 1547 2997 1584 re
3045 1536 3402 1600 quaereretur,
3447 1525 3635 1580 eadem

2072 1628 2185 1681 tunc
2216 1627 2393 1681 fusius
2427 1625 2695 1695 explicata
2727 1624 3030 1693 respondit.

2072 1717 2296 1774 ARIST.
2333 1738 2350 1768 ‹
2375 1717 2568 1789 Magno
2605 1716 2841 1771 Sabbato
2879 1729 3052 1784 usque
3080 1714 3145 1768 ad
3167 1712 3399 1767 mediam
3425 1726 3512 1764 nm
3531 1719 3634 1762 tein

2339 1830 2357 1862 ι
2404 1811 2456 1866 in
2485 1810 2698 1880 jejunio
2751 1805 3203 1878 perseverandum
3235 1813 3336 1858 est.
3367 1822 3384 1856 ι

2141 1903 2434 1958 Μαιιιιαδυε
2478 1901 2697 1972 quidem
2736 1915 2962 1970 vespere
2991 1897 3217 1951 Subbuti
3267 1893 3637 1948 resurrexisse

2067 1997 2203 2052 dicit
2262 1998 2553 2052 Dominum
2605 2015 2617 2051 :
2685 1995 2864 2050 Lucas
2926 2001 3108 2048 autem
3170 1990 3323 2046 valde
3376 1987 3633 2044 diluculo.

2066 2087 2260 2159 Magno
2298 2089 2480 2157 itaque
2515 2085 2754 2142 Sabbato
2797 2101 2968 2154 usque
3021 2082 3087 2137 ad
3142 2080 3370 2136 mediam
3417 2085 3628 2132 noctem

2067 2188 2280 2250 oportet
2346 2177 2619 2249 jejuuare,
2671 2187 2724 2233 et
2778 2185 2927 2241 tunc,
2964 2175 3056 2244 qui
3113 2173 3248 2237 vult,
3306 2170 3624 2226 alimentum

2051 2290 2305 2353 sumere,
2357 2276 2620 2346 quoniam
2671 2290 2737 2329 ex
2789 2271 2970 2328 verbis
3005 2270 3115 2325 illis
3166 2266 3625 2338 evangelistarum

2069 2369 2292 2424 circiter
2325 2368 2536 2423 medias
2587 2365 2770 2421 noctis
2827 2365 2992 2418 horas
3042 2359 3412 2418 resurrexisse
3449 2355 3634 2412 Domi-

2067 2475 2198 2515 num
2233 2459 2720 2530 deprehendimus.
3109 2457 3117 2464 ’

2538 2549 2702 2622 264
2735 2546 2964 2605 CANON
3002 2545 3115 2604 xc.

2074 2660 2090 2692 ι
2135 2640 2434 2698 Dominicis
2464 2658 2606 2712 genu
2657 2659 2764 2697 non
2819 2641 3039 2696 ﬂectere
3095 2653 3125 2694 a
3175 2637 3374 2693 divinis
3431 2634 3647 2690 nostris.

2143 2755 2158 2785 ι
2190 2735 2461 2799 Patribus,
2487 2736 2690 2792 Christi
2716 2734 3173 2790 resurrectionem
3197 2730 3631 2790 honorantibus.

2148 2845 2164 2877 ι
2212 2827 2477 2882 canonice
2506 2829 2844 2897 accepimus.
2884 2826 2963 2880 Nc
2992 2839 3123 2892 ergo
3174 2823 3338 2892 hujus
3379 2821 3638 2876 observa.-

2144 2941 2161 2972 ι
2205 2922 2370 2975 tionis
2395 2920 2722 2976 evidentiam
2781 2920 3124 2990 ignoremus,
3178 2915 3434 2970 ﬁdelibus
3460 2911 3654 2965 niani-

2131 3030 2163 3063 ’ί
2205 3002 2402 3066 festmn
2447 3013 2699 3074 facimus,
2759 3010 2905 3080 quod
2949 3017 3071 3078 post
3122 3005 3494 3077 vespertinqu
3542 3019 3638 3057 sa-

2147 3125 2165 3156 ι
2203 3105 2486 3159 cerdotum
2551 3104 2617 3159 ad
2673 3103 2847 3157 altare
2891 3101 3130 3156 Sabbato
3183 3100 3518 3168 ingressum,
3569 3111 3631 3148 ex

2145 3215 2163 3246 ι
2202 3195 2598 3251 consuetudine
2625 3210 2746 3266 quae
2772 3201 3050 3259 servatur,
3087 3205 3247 3245 nemo
3276 3205 3415 3259 genu
3447 3187 3635 3242 ﬂectat

2145 3308 2162 3339 ι
2205 3304 2376 3358 usque
2410 3288 2477 3342 ad
2513 3295 2830 3356 sequentem
2874 3299 3156 3355 vesperam
3202 3283 3258 3338 in
3303 3282 3392 3338 die
3450 3281 3632 3336 Dami-

2131 3363 2160 3434 ἶ
2205 3382 2328 3436 uico
2356 3397 2368 3433 :
2409 3379 2462 3434 in
2490 3395 2594 3450 qua
2623 3386 2746 3449 post
2771 3378 3079 3448 ingressum
3113 3375 3165 3430 in
3198 3372 3513 3444 vespertino
3539 3385 3632 3426 seu

2148 3495 2164 3524 ι
2208 3473 2588 3541 completorio,
2638 3485 2815 3542 genua
2853 3485 3046 3524 rursus
3102 3466 3377 3523 ﬂectentes
3408 3462 3636 3519 Domino

2145 3585 2162 3616 ι
2208 3579 2397 3636 preces
2448 3565 2529 3620 sic
2564 3563 2870 3618 offerimus.
2914 3559 3219 3617 Servatoris
3262 3558 3409 3615 enim
3465 3555 3633 3610 nostri

2147 3678 2163 3708 ι
2204 3656 2625 3712 resurrectionis
2674 3657 2846 3712 veluti
2915 3668 3312 3726 przecursorem
3374 3659 3588 3706 noctem
3617 3689 3632 3710 ,

2146 3772 2163 3804 ι
2207 3769 2328 3822 qua:
2397 3761 2520 3823 post
2579 3750 2877 3806 Sabbatum
2945 3749 3078 3811 fuit,
3121 3747 3482 3814 accipientes,
3532 3746 3632 3814 by-

2145 3865 2162 3896 ‹
2207 3860 2360 3900 mnos
2391 3847 2460 3900 ab
2493 3860 2553 3899 ea
2584 3844 2940 3914 Spiritualitcr
2974 3839 3290 3910 incipimus,
3319 3839 3512 3892 festum
3566 3850 3632 3890 ex

2151 3957 2167 3988 ι
2213 3938 2455 3992 tenebris
2503 3937 2554 3992 iu
2607 3937 2782 3991 lucem
2832 3933 3292 3992 transniitlentes.
3326 3939 3378 3984 ut
3423 3929 3474 3981 iu
3515 3941 3634 3996 per-

2152 4049 2169 4080 ι
2212 4029 2354 4083 lecto
2390 4036 2445 4082 et
2475 4028 2684 4096 integro
2714 4026 2800 4080 die
2835 4040 2900 4079 ac
2932 4033 3090 4078 nocte
3128 4037 3228 4076 nos
3280 4019 3408 4074 inde
3452 4032 3634 4073 resur-

2149 4141 2166 4172 ε
2214 4122 2508 4176 rectionem
2538 4118 2901 4172 celebremus.
2941 4133 2960 4166 ›

2144 4298 2338 4353 BALS.
2393 4296 2700 4352 Vicesimus
2764 4309 2941 4348 canon
2996 4292 3213 4346 Nicena:
3285 4288 3502 4361 synodi,
3561 4287 3632 4341 9.5

1997 4420 2041 4478 υ
2069 4407 2245 4446 canon
2285 4389 2460 4444 sancti
2487 4388 2633 4444 Petri
2665 4384 3042 4447 Alexandrini,
3073 4392 3123 4437 et
3175 4381 3244 4436 27
3305 4395 3627 4449 responsum

2067 4485 2307 4554 epistola
2346 4482 2522 4551 magni
2588 4479 2772 4534 Basilii
2810 4477 2878 4532 ad
2927 4475 3368 4546 Amphilochium
3410 4471 3629 4540 (horum

2069 4575 2214 4628 enim
2248 4572 2422 4626 sancti
2459 4569 2648 4625 Patres
2683 4569 3074 4630 meminerunt,
3109 4574 3164 4621 et
3193 4566 3406 4621 divinos
3435 4563 3624 4618 Patres

2068 4666 2368 4736 appellant)
2404 4671 2738 4728 statuerunt,
2788 4677 2932 4733 genu
2986 4675 3090 4714 uon
3130 4674 3253 4715 esse
3304 4655 3630 4712 ﬂeetendum

2069 4759 2125 4811 in
2167 4756 2358 4811 diebus
2411 4754 2732 4817 Dominicis,
2779 4751 2863 4806 vel
2912 4751 2967 4805 in
3011 4748 3206 4806 diebus
3257 4746 3628 4802 Pentecostes.

2073 4848 2170 4902 llis
2221 4862 2350 4919 ergo
2395 4852 2798 4915 consequenter
2849 4841 3096 4898 decernit
3137 4839 3356 4909 qucque
3391 4848 3631 4905 praesens

2075 4955 2276 5004 canon,
2310 4926 2557 4994 sanctam
2596 4935 2811 4991 Domini
2857 4932 3312 4990 resurrectionem
3365 4939 3489 4981 esse
3537 4923 3632 4974 ho—

2067 5029 2394 5095 norandam.
2429 5029 2696 5094 Quoniam
2753 5033 2935 5080 autem
2980 5021 3225 5078 nonnulli
3279 5016 3631 5075 dubitabant,

2071 5124 2214 5178 unde
2238 5133 2292 5178 et
2323 5139 2388 5176 ex
2419 5137 2650 5192 quanam
2681 5120 2816 5173 hora
2859 5117 3174 5170 Dominieus
3231 5112 3444 5179 incipit,
3477 5115 3530 5163 et
3562 5105 3628 5162 ad

2068 5229 2232 5283 quam
2263 5228 2437 5282 usque
2470 5213 2799 5281 completur,
2835 5208 2939 5262 hoc
2970 5219 3187 5275 quoque
3232 5201 3480 5257 ﬁdelibus
3516 5213 3631 5252 ma-

2068 5306 2272 5360 nifeste
2311 5313 2366 5359 et
2393 5305 2679 5375 perspicue
2715 5301 3088 5362 declararunt,
3124 5302 3180 5350 et
3211 5295 3470 5350 dixerunt
3505 5305 3630 5347 eum

2066 5395 2310 5466 incipere
2340 5404 2463 5465 post
2497 5395 2862 5465 vespertinam
2895 5389 3124 5446 Sabbati
3171 5386 3544 5458 hymnodiam,
3573 5390 3646 5439 et.

2066 5488 2320 5544 desinere
2370 5489 2437 5541 ad
2505 5487 2968 5557 complementum
3029 5482 3365 5553 lyclmicum,
3420 5477 3471 5532 id
3523 5487 3626 5539 cst.

2070 5581 2367 5650 vespertini
2398 5579 2557 5634 otticii
2591 5580 2910 5636 Douiiuiczc.
2946 5576 3009 5632 Et
3040 5584 3174 5630 tunc
3204 5571 3448 5642 quidem,
3479 5570 3632 5628 scili—
