4092 6214
459 296 566 365 823

1680 312 1954 373 ΤΠΕΟΙ).
1988 312 2073 371 BA
2085 312 2383 378 [ΞΛΜοΝ

3604 319 3704 385 ξξὶί

460 429 547 473 cet
576 429 696 489 post
752 424 1120 489 vestiertincm
1174 424 1395 480 Sabbati
1450 442 1620 498 usque
1670 431 1733 482 ad
1789 432 2015 500 complc-

2142 437 2247 489 Καὶ
2273 438 2394 491 τότε
2448 442 2566 510 μὲν,
2611 442 2780 513 ἤγουν
2818 442 2958 514 μετὰ
2993 444 3053 497 τὸ
3100 442 3388 514 ἑσπερινόν
3419 445 3511 496 τοῦ
3574 444 3711 496 Σαεο

462 522 711 566 mentum
745 516 1044 582 vespertini
1079 516 1400 584 Dominicaa,
1459 535 1635 591 genua
1669 523 1887 578 ﬂectere
1920 538 2026 577 neu

459 613 752 671 oportere,
807 616 1035 675 propter
1084 607 1289 663 Christi
1352 614 1859 668 resurrectionem:
1912 625 2030 684 post

460 693 757 748 Dominicm
787 712 916 749 vero
945 699 1281 769 lyclinicum,
1312 719 1488 774 genua
1538 722 1751 761 rursum
1808 706 2028 763 [laetere

461 794 517 839 et
545 801 733 855 preces
769 786 876 842 Deo
910 790 1210 847 eil'undere.
1241 794 1320 849 Ad
1359 794 1522 863 hujus
1552 805 1729 851 autem
1765 800 1843 855 rei
1895 816 2028 855 con-

457 879 823 934 Iirmationem
893 884 1079 952 adjicit
1139 901 1336 949 canon,
1400 890 1545 958 quod
1606 890 1810 946 Christi
1861 895 2024 947 etiam

459 972 791 1026 resurrectio
824 989 1048 1042 vespere
1090 977 1338 1042 Sabbati,
1376 982 1478 1036 hoc
1538 993 1643 1049 est,
1696 991 1824 1038 ante
1880 985 2023 1039 diem

458 1060 805 1119 Dominicum
845 1070 1052 1123 exstitit
1086 1088 1099 1124 :
1128 1074 1405 1139 utffestum
1450 1090 1513 1129 ex
1554 1075 1792 1130 tenebris
1831 1076 1884 1130 in
1941 1078 2026 1130 lu-

455 1173 573 1211 cem
624 1157 943 1225 desineret,
993 1172 1046 1217 et
1101 1166 1396 1221 celebratio
1455 1170 1876 1225 resurrectionis
1930 1187 2026 1238 per

455 1249 726 1322 integrum
782 1254 924 1308 diem
961 1257 1338 1327 integramque
1392 1270 1606 1315 noctem
1668 1263 1840 1317 ﬁeret.
1884 1261 2023 1315 Cum

452 1340 570 1396 haec
604 1344 678 1397 ita
708 1360 768 1399 se
806 1345 1066 1415 habeant,
1098 1348 1299 1403 dixerit
1322 1351 1617 1419 quispiam,
1647 1366 1709 1407 ea
1742 1368 1859 1422 quae
1892 1360 2023 1406 sunt

453 1432 508 1486 in
562 1436 814 1504 praesenti
885 1452 1098 1493 canone
1153 1455 1457 1510 repugnare
1509 1441 1769 1497 doctrinae
1817 1459 2023 1512 praece-

451 1526 630 1582 dentis
671 1528 922 1584 cauernis.
957 1528 1076 1584 lllic
1106 1530 1250 1585 enim
1282 1530 1484 1586 dictum
1522 1542 1628 1598 est,
1660 1534 1802 1589 diem
1836 1537 2019 1589 Domi—

454 1618 639 1672 nicum
722 1623 999 1675 numerari
1075 1637 1115 1691 al
1174 1624 1398 1693 septima
1468 1626 1599 1679 hora
1665 1627 2021 1696 praecedentis

454 1711 658 1774 noctis,
710 1720 765 1765 et
805 1713 936 1766 hora
999 1723 1152 1769 sexta
1201 1717 1484 1786 sequentis
1531 1719 1706 1772 noctis
1742 1720 2014 1775 desinere.

452 1798 609 1854 Nune
642 1813 822 1856 autem
865 1802 1143 1859 decretum
1198 1814 1303 1869 est,
1357 1807 1698 1864 Dominicum
1740 1814 2020 1867 numerari

455 1902 576 1961 post
601 1893 913 1964 lychnieum
947 1895 1199 1961 Sabbati,
1241 1906 1295 1953 et
1327 1899 1580 1954 desinere
1609 1917 1837 1971 vespera
1868 1904 2021 1974 ejus-

453 1984 576 2039 dem
615 1987 780 2040 etiam
816 1986 1135 2044 Dominicze.
1166 1990 1285 2045 Non
1322 2001 1450 2046 sunt
1482 2004 1665 2048 autem
1722 1997 2021 2052 contraria.

453 2078 497 2130 Α
536 2078 772 2133 naturali
802 2081 944 2134 enim
986 2083 1294 2137 cmlestiuiu
1330 2083 1622 2154 corporum
1672 2097 1843 2151 motu,
1878 2096 1930 2142 et
1957 2106 2022 2145 ex

454 2166 523 2223 iis
551 2185 673 2239 qute.
726 2186 958 2238 magnus
1011 2173 1257 2230 Damasci
1306 2175 1498 2230 doctor
1552 2178 1752 2247 inquit,
1803 2179 1918 2236 dies
1951 2180 2024 2236 ita

456 2262 647 2330 incipit
677 2272 731 2319 et
763 2263 989 2329 desinit,
1023 2266 1165 2320 sicut
1217 2268 1270 2321 in
1306 2268 1372 2324 89
1419 2283 1631 2325 canone
1666 2272 1873 2327 dictum
1915 2283 2021 2329 est.

450 2358 701 2414 Praesens
734 2367 914 2414 autem
961 2376 1137 2417 canon
1176 2363 1430 2420 similiter
1456 2364 1654 2435 jubens
1703 2384 1798 2438 per
1848 2377 2019 2424 totum

453 2453 559 2507 diei
587 2462 641 2507 et
675 2454 852 2510 noctis
882 2456 1121 2525 spatium
1150 2473 1250 2513 nos
1287 2458 1498 2515 Domini
1554 2464 2012 2519 resurrectionem

451 2543 755 2608 eelebrare,
794 2562 901 2600 non
932 2547 1139 2603 habens
1175 2558 1357 2605 autem
1401 2568 1627 2608 necesse
1659 2563 1787 2608 tunc
1821 2556 2019 2610 docere

449 2633 516 2689 de
549 2636 750 2691 diurno
797 2640 997 2708 spatio,
1048 2640 1143 2695 sed
1197 2630 1475 2712 quomodo
1539 2655 1591 2700 et
1645 2647 1864 2716 quando
1922 2665 2021 2704 nos

453 2736 671 2797 oportet
722 2729 786 2782 ad
847 2729 971 2785 festi
1039 2732 1462 2789 celebrationem
1528 2745 1582 2792 et
1640 2742 2016 2807 pmnitentiam

450 2836 802 2890 componere,
863 2821 1018 2882 dicit.
1057 2826 1201 2894 quod
1258 2836 1380 2894 post
1438 2829 1747 2899 lychuieum
1792 2832 2014 2889 Sahbati

445 2929 531 2977 ea,
587 2929 710 2983 qua:
779 2915 844 2970 ad
893 2920 1318 2974 resurrectionis
1367 2920 1565 2977 festum
1627 2926 2011 2981 celebrandum

447 3007 748 3075 pertinent,
778 3010 1158 3079 componenda
1209 3026 1273 3067 ac
1301 3016 1541 3078 paranda
1580 3025 1709 3071 sunt
1751 3036 1764 3073 :
1824 3020 1897 3073 ita
1930 3002 2011 3076 Aet

2135 528 2300 582 ϐάτου
2336 531 2503 603 μέχρι
2531 535 2896 604 περατώσεως
2934 534 3027 588 τοῦ
3058 535 3347 605 ὲσπερινοῦ
3372 535 3471 602 τῆς
3498 536 3711 602 Κυρια-

2132 623 2257 691 κῆς,
2298 627 2370 694 μὴ
2401 627 2605 679 κλίνειν
2658 629 2785 695 γόνυ
2818 629 2905 681 διὰ
2942 630 3043 696 τὴν
3070 630 3162 682 τοῦ
3194 628 3437 699 Χριστοῦ
3468 629 3712 680 ἀνάστα-

2134 731 2252 767 σιν·
2286 718 2424 784 μετὰ
2453 717 2507 769 δὲ
2547 718 2607 770 τὸ
2639 717 2889 788 λυχνικδν
2947 720 3047 788 τῆς
3083 719 3372 790 Κυριακῆς
3434 714 3590 778 αὖθις
3642 718 3712 770 τὰ

2131 807 2335 875 γόνατα
2395 808 2670 877 κάμπτειν
2735 812 2833 864 καὶ·
2881 811 2959 880 τῷ
3012 812 3206 881 Κυρίῳ
3273 809 3708 881 προσεύχεσθαι.

2133 898 2464 967 Προστίθησι
2500 900 2556 951 δὲ
2588 901 2665 963 είς
2719 903 3065 970 κατασκευὴν
3099 902 3296 956 τούτου
3327 903 3356 956 ὁ
3404 901 3584 955 κανὼν
3620 902 3707 953 ὅτι

2131 990 2225 1041 καὶ
2267 992 2299 1058 ἡ
2334 991 2633 1055 ἀνάστασις
2688 993 2781 1047 τοῦ
2835 994 3076 1063 Χριστοῦ
3132 995 3277 1049 κατὰ
3321 995 3417 1063 τὴν
3463 993 3712 1063 ἑσπέραν

2127 1081 2221 1133 τοῦ
2257 1077 2559 1148 Σαϐϐάτου,
2594 1084 2842 1138 τουτέστι
2871 1085 2978 1155 πρὸ
3008 1085 3340 1156 τῆςημέρας
3363 1085 3463 1147 τῆς
3492 1086 3714 1154 Κυρια-

2129 1172 2254 1243 κῆς,
2286 1175 2539 1242 γέγονεν,
2573 1173 2658 1229 ἵνα
2709 1177 2817 1230 ἀπὸ
2847 1179 2943 1230 τοῦ
2992 1178 3219 1241 σκότους
3252 1174 3322 1230 τὰ
3365 1177 3465 1246 τῆς
3514 1175 3716 1246 ἑορτῆς

2133 1263 2482 1337 καταλήξωσι
2527 1268 2665 1340 πρὸς
2704 1269 2843 1338 φῶς,
2907 1268 3057 1339 καὶὴ
3091 1270 3403 1339 πανήγυρις
3452 1271 3549 1335 τῆς
3583 1269 3719 1321 ἁναο

2126 1346 2375 1423 στάσεως
2402 1358 2619 1431 γίνηται
2645 1360 2735 1413 διὰ
2760 1360 3053 1431 ὁλοκλήρου
3088 1358 3460 1433 νυχθημέρου.
3485 1360 3711 1413 Τούτων

2125 1451 2299 1514 οὕτως
2321 1452 2572 1522 ἐχόντων,
2604 1453 2745 1505 εἴποι
2772 1471 2857 1516 τις
2882 1452 3253 1508 ἐναντιοῦσθαι
3284 1455 3353 1507 τὰ
3376 1456 3432 1506 ἐν
3459 1453 3536 1521 τῷ
3562 1470 3716 1522 παρ-

2124 1544 2239 1595 όντι
2283 1543 2467 1596 κανόνι
2499 1546 2565 1614 τῇ
2593 1543 2909 1611 διδασκαλίᾳ
2933 1543 3023 1596 τοῦ
3054 1543 3425 1615 προλαϐόντος
3460 1543 3709 1601 κανόνος.

2138 1634 2285 1687 Ἐκεῖ
2317 1633 2416 1702 μὲν
2460 1633 2569 1706 γὰρ
2594 1634 2810 1704 εἴρηται
2856 1634 2954 1705 τὴν
2988 1633 3336 1705 κυριὼνυμον
3364 1633 3712 1703 ψηφίζεσθαι

2126 1724 2232 1778 ἀπὸ
2260 1725 2356 1795 τῆς
2387 1723 2431 1789 ζ’
2459 1724 2610 1798 ὥρας
2634 1728 2734 1793 τῆς
2771 1725 2878 1796 πρὸ
2928 1725 3096 1794 αὐτῆς
3127 1726 3340 1787 νυκτὸς,
3378 1726 3477 1777 καὶ
3537 1738 3707 1777 κατα-

2130 1816 2323 1884 λήγειν
2373 1815 2541 1886 μέχρι
2589 1814 2688 1885 τῆς
2718 1815 2887 1885 ἕκτης
2916 1812 3065 1885 ὥρας
3090 1815 3185 1885 καὶ
3222 1815 3396 1882 αὐτῆς
3430 1815 3530 1884 τῆς
3565 1814 3714 1883 μετὰ

2130 1908 2335 1978 ταύτην
2384 1908 2600 1971 νυκτός·
2633 1909 2837 1979 ἀρτίως
2891 1909 2946 1960 δὲ
2983 1907 3231 1962 δέδοκται
3282 1908 3382 1977 τὴν
3420 1908 3711 1978 Κυριακὴν

2128 2001 2468 2073 ψηφίζεσθαι
2512 2002 2653 2073 μετὰ
2703 2002 2763 2055 τὸ
2810 2001 3063 2073 λυχνικδν
3108 1996 3201 2055 τοῦ
3249 1998 3555 2062 Σαϐϐἀτου,
3615 2002 3713 2053 καὶ

2130 2092 2459 2162 καταλήγειν
2526 2089 2689 2162 μέχρι
2758 2090 2853 2144 τοῦ
2924 2086 3211 2161 ἑσπερινοῦ
3261 2091 3354 2143 καὶ
3405 2088 3571 2143 αὐτοῦ
3606 2084 3712 2158 τῆς

2126 2183 2295 2251 αὐτῆς
2329 2183 2638 2253 Κυριακῆς.
2675 2182 2791 2235 Οὐκ
2826 2182 2935 2234 εἰσὶ
2963 2183 3018 2233 δὲ
3052 2178 3291 2235 ἐναντία.
3335 2181 3470 2233 Ἀπό
3494 2199 3555 2233 τε
3588 2180 3705 2248 γὰρ

2126 2275 2223 2343 τῆς
2266 2275 2497 2342 φυσικῆς
2528 2275 2791 2344 κινήσεως
2818 2274 2925 2328 τῶν
2976 2272 3244 2344 οὐρανίων
3288 2274 3578 2342 σωμάτων,
3610 2274 3711 2326 καὶ

2124 2364 2185 2429 ἐξ
2218 2359 2291 2417 ὧν
2348 2367 2375 2417 ό
2419 2364 2595 2435 μέγας
2647 2366 2746 2435 τῆς
2799 2366 3096 2434 Δαμασκοῦ
3138 2362 3464 2427 διδάσκαλός
3514 2382 3706 2435 φησιν,

2124 2459 2297 2520 οὕτως
2327 2460 2359 2526 ἡ
2416 2457 2603 2527 ἡμέρα
2633 2458 2860 2527 ἄρχεται
2892 2458 2987 2509 καὶ
3035 2456 3367 2526 πληροῦται,
3399 2455 3583 2518 καθὼς
3646 2456 3706 2509 ἐν

2123 2553 2200 2625 τῷ
2239 2552 2326 2606 πθ¹
2358 2552 2540 2605 κανόνι
2602 2552 2842 2622 εἴρηται.
2888 2552 2949 2605 Ὀ
2993 2551 3050 2604 δὲ
3086 2549 3278 2621 παρὼν
3313 2549 3495 2603 κανὼν
3527 2566 3708 2619 παρ(-

2129 2645 2294 2715 μοίως
2318 2644 2829 2714 παρακελευόμενος
2858 2642 2927 2697 δι’
2956 2644 3078 2697 ὅλου
3114 2642 3489 2713 ἡμερονύκτου
3525 2660 3704 2712 πανη⁹

2124 2740 2373 2811 γυρίζειν
2404 2740 2552 2809 ἡμᾶς
2579 2740 2680 2809 τὴν
2707 2738 2800 2791 τοῦ
2835 2736 3042 2808 Κυρίου
3079 2738 3406 2800 ἀνάστασιν,
3441 2735 3518 2806 μὴ
3558 2735 3702 2805 ἔχων

2120 2835 2175 2887 δὲ
2221 2831 2282 2885 τὸ
2331 2830 2635 2901 τηνικαῦτα
2681 2828 3104 2898 ἠναγκασμένον
3168 2824 3381 2891 διδάξαι
3432 2827 3560 2894 περὶ
3603 2824 3702 2877 τοῦ

2125 2917 2432 2989 ήμερησίου
2469 2916 2857 2986 διαστήματος,
2885 2914 3020 2968 ἀλλὰ
3049 2915 3180 2985 περὶ
3214 2914 3309 2967 τοῦ
3346 2915 3461 2977 πῶς
3488 2912 3569 2967 δεῖ
3604 2914 3703 2966 καὶ

2128 3010 2256 3063 πότε
2290 3006 2711 3078 εὐτρεπίζεσθαι
2748 3008 2894 3077 ἡμᾶς
2937 3007 3016 3070 είς
3049 3007 3360 3078 πανήγυριν
3391 3006 3487 3058 καὶ
3531 3006 3703 3073 μετά-

447 3111 572 3168 post
609 3101 978 3171 vespertinum
1024 3101 1320 3160 Dominiem
1352 3123 1412 3161 ea
1467 3122 1585 3178 qua:
1636 3110 1701 3164 ad
1735 3116 2005 3181 pmniten-

2125 3118 2298 3165 νοιαν,
2338 3100 2505 3169 φησὶν
2533 3099 2616 3152 ὃτι
2655 3100 2796 3169 μετὰ
2840 3099 2901 3152 τδ
2944 3096 3203 3168 λυχνικδν
3260 3096 3356 3152 τοῦ
3413 3096 3699 3150 Σαὸὁάτου

447 3191 605 3246 tiam.
649 3191 705 3246 Si
747 3194 890 3247 enim
924 3195 1025 3248 hoc
1054 3210 1165 3250 non
1219 3197 1533 3263 fecerimus,
1576 3203 1668 3254 sed
1720 3219 1894 3273 usque
1946 3206 2012 3261 ad

443 3285 634 3338 horam
670 3287 955 3355 septimam
1003 3302 1246 3358 vesperae
1278 3301 1403 3359 post
1444 3291 1789 3348 Doniiuicum
1833 3298 2010 3365 pmni-

443 3377 633 3431 tentia:
694 3379 1147 3449 prmpat'ationem
1199 3381 1596 3448 distulerimus,
1646 3393 1906 3457 tauquam
1960 3390 2013 3444 in

443 3483 508 3523 ea
539 3470 813 3539 completo
867 3470 1191 3538 Dominico,
1249 3475 1430 3543 populi
1459 3484 1583 3545 post
1636 3478 2011 3546 Dominicum,

443 3560 647 3628 populo
710 3561 904 3615 festum
966 3562 1280 3618 celebrante
1332 3566 1577 3635 ignotum
1641 3570 1747 3627 erit
1799 3581 2015 3645 tempus

441 3658 569 3718 post
603 3650 971 3718 Dominicum,
1028 3653 1230 3710 festum
1284 3658 1620 3715 celebrantes
1678 3658 2003 3731 manserint,

440 3755 507 3795 eo
531 3740 675 3808 quod
711 3742 897 3796 multis
927 3752 1092 3813 atque
1125 3745 1261 3800 adeo
1286 3746 1533 3815 pluribus
1564 3750 1632 3803 sit
1654 3750 2011 3820 incognitum,

440 3832 663 3900 quando
698 3834 876 3887 veniat
910 3836 1039 3888 liora
1072 3837 1300 3905 septima
1328 3846 1411 3902 ,et
1439 3841 1655 3908 quando
1690 3844 2013 3900 terminetur

441 3938 618 3983 sexta.
672 3926 920 3983 illiserva
976 3946 1106 3998 ergo
1161 3946 1422 3998 canones,
1482 3934 1572 3989 ubi
1634 3945 1689 3989 ct
1740 3940 2014 4006 quomodo

442 4020 577 4073 editi
629 4030 801 4076 sunt:
837 4038 936 4077 nec
969 4040 1066 4078 eos
1120 4026 1324 4079 dixeris
1376 4027 1518 4079 inter
1574 4044 1632 4081 se
1686 4044 2008 4100 repugnare.

441 4111 681 4179 Spiritus
710 4114 853 4169 enim
883 4124 1109 4169 sanctus
1162 4117 1213 4170 in
1248 4119 1506 4183 omnibus
1550 4120 1765 4174 locutus
1798 4132 1899 4176 est.

510 4464 668 4534 265
703 4464 955 4520 ZONAR.
989 4465 1102 4519 Non
1154 4482 1274 4522 esse
1317 4468 1618 4523 Dominicis
1661 4482 1754 4523 aut
1810 4471 2005 4523 Pente-

438 4564 618 4607 eostes
650 4556 847 4609 diebus
881 4556 1148 4609 ﬂectenda
1209 4574 1385 4625 genua
1424 4561 1580 4613 multi
1630 4576 1872 4615 canones
1917 4564 2009 4615 de.-

439 4667 685 4705 cret'ere.
738 4651 936 4705 Eadem
990 4654 1176 4706 Basilii
1248 4669 1468 4724 quoque
1531 4671 1682 4710 mens
1740 4656 1860 4717 l'uit,
1915 4658 2007 4725 qui

438 4752 701 4811 praetcrea
744 4758 963 4806 causas,
996 4753 1220 4814 propter
1275 4762 1417 4814 quas
1449 4763 1511 4801 ea
1547 4748 1888 4801 consuetudo
1939 4750 2009 4803 sit

437 4833 722 4895 damnata,
779 4834 1079 4889 subnectit.
1137 4834 1231 4890 llic
1279 4852 1407 4891 vero
1449 4852 1624 4892 canon
1651 4841 1716 4892 de
1766 4838 1886 4895 solo
1920 4839 2007 4894 die

436 4925 726 5003 lietttjnico
765 4928 979 4991 statuit,
1012 4936 1340 4998 tempusque
1387 4944 1415 4981 a
1480 4929 1656 4999 primo
1712 4932 1776 4984 ad
1826 4943 2009 4986 extre-

436 5033 606 5082 mutn,
659 5020 711 5073 in
767 5034 876 5089 quo
907 5034 1079 5085 genua
1136 5020 1493 5087 procumbere
1531 5022 1755 5074 minime.
1808 5023 1992 5086 liceat,

435 5118 621 5177 aperte
655 5108 997 5172 describens,
1049 5110 1164 5162 ait:
1206 5112 1250 5164 A
1300 5109 1537 5165 Sabban
1582 5112 1822 5179 quidem,
1883 5129 2004 5166 eum

438 5199 671 5264 primum
708 5215 937 5268 vespere
975 5202 1044 5255 ad
1091 5202 1259 5255 altare.
1298 5203 1636 5256 initiatorum
1671 5203 1870 5256 chorus
1925 5204 2008 5255 in~

437 5290 702 5358 greditur,
731 5307 889 5348 nemo
928 5308 1066 5363 genu
1096 5295 1301 5359 ﬂectat,
1345 5295 1409 5347 ad
1446 5310 1620 5361 usque
1665 5295 1772 5347 diei
1825 5293 2003 5345 Domi-

440 5385 547 5437 nlci
607 5398 912 5453 vesperam,
958 5386 1177 5456 quando
1207 5387 1419 5440 scilicet
1477 5386 1614 5438 alter
1665 5386 2004 5439 initiatorum

444 5474 503 5526 fit
540 5474 843 5543 ingressus,
906 5484 1034 5528 tunc
1069 5476 1213 5529 enim
1267 5491 1441 5545 genua
1492 5476 1791 5537 ﬂectentes,
1843 5486 1896 5529 et
1932 5476 2010 5529 sic

441 5568 663 5612 orantes
692 5574 799 5613 non
824 5563 1193 5630 pecrahimtts.
1231 5566 1362 5629 Quae
1399 5580 1500 5618 nox
1547 5566 1751 5619 etenim
1801 5568 2007 5621 Satiba-

441 5658 554 5703 tum
589 5652 965 5720 consequitur.
989 5669 1049 5707 ea
1088 5657 1307 5722 propria
1336 5656 1629 5711 Dominicae
1654 5659 1791 5712 lueis
1821 5661 2008 5713 cxisti-
2044 5646 2049 5651 ’

443 5753 642 5803 matur,
682 5755 845 5810 quam
879 5743 1042 5796 etiam
1076 5744 1315 5812 hymnis,
1353 5745 1527 5816 inquit
1580 5763 1776 5815 canon,
1824 5751 2008 5803 tradu-

2122 3194 2190 3247 τὰ
2235 3192 2370 3263 πρὸς
2396 3192 2707 3263 πανήγυριν
2756 3191 2855 3261 τῆς
2900 3190 3252 3252 ἀναστάσεως
3284 3188 3694 3260 εὐτρεπισειέον⁸

2119 3284 2378 3345 ὡσαύτως
2418 3284 2512 3335 καὶ
2546 3282 2684 3351 μετὰ
2724 3282 2781 3334 τὸ
2829 3281 3116 3351 ἑσπερινόν
3151 3281 3255 3351 τῆς
3289 3278 3601 3349 Κυριακῆς,
3627 3283 3699 3332 τὰ

2122 3376 2258 3447 πρὸς
2300 3374 2608 3443 μετάνοιαν.
2654 3375 2715 3426 Ei
2744 3374 2818 3442 μὴ
2852 3374 2961 3443 γὰρ
2990 3371 3135 3426 οὕτω
3173 3374 3509 3442 ποιήσωμεν,
3558 3372 3702 3425 ἀλλὰ

2124 3469 2284 3537 μέχρι
2321 3467 2421 3537 τῆς
2446 3465 2685 3536 ἑϐδόμης
2720 3464 2868 3530 ὥρας
2920 3464 3058 3533 μετὰ
3088 3462 3187 3533 τὴν
3211 3461 3496 3533 Κυριακὴν
3529 3464 3700 3516 ἑσπές

2122 3580 2220 3633 ρας
2254 3560 2660 3631 ἀναμείνωμεν,
2706 3559 2798 3612 καὶ
2844 3557 2934 3611 τὸν
2974 3556 3341 3630 εὖτρεπισμὸν
3396 3552 3492 3625 τῆς
3530 3575 3701 3626 μετα-

2118 3655 2290 3717 νοίας,
2331 3653 2405 3717 ὡς
2442 3655 2501 3706 ὲν
2534 3650 2703 3724 ταύτῃ
2740 3652 3247 3721 συμπληρουμένης
3298 3649 3399 3718 τῆς
3431 3650 3700 3718 κυριωνὺ-

2122 3765 2246 3815 μου,
2276 3745 2495 3799 λάθοιεν
2536 3743 2602 3797 ἂν
2633 3741 3103 3812 πανηγυρίζοντες
3133 3742 3226 3794 καὶ
3260 3742 3402 3810 μετὰ
3462 3742 3561 3809 τὴν
3596 3760 3699 3794 κυ-

2122 3835 2417 3907 ριώνυμον,
2449 3834 2536 3887 διὰ
2573 3834 2631 3887 τὸ
2663 3834 2905 3897 πολλοῖς,
2978 3831 3180 3901 μᾶλλον
3219 3833 3275 3885 δὲ
3308 3834 3422 3895 τοῖς
3452 3832 3698 3885 πλείοσιν

2118 3928 2482 3993 ἀδιάγνωστον
2500 3924 2637 3979 εἶναι
2660 3925 2758 3995 τὴν
2784 3924 3110 3977 ἐπιστασίαν
3138 3925 3234 3992 τῆς
3266 3924 3499 3994 ἑϐδόμης
3516 3923 3691 3994 ὥρας,

2120 4020 2214 4071 καὶ
2244 4018 2303 4069 τὸ
2332 4016 2486 4080 τέλος
2534 4017 2635 4085 τῆς
2659 4016 2849 4085 ἕκτης.
2880 4016 3144 4087 Συντήρει
3179 4014 3276 4069 οὖν
3307 4016 3374 4070 τὰ
3404 4020 3692 4081 κανονικὰ,

2118 4108 2247 4161 ἔνθα
2277 4108 2372 4161 καὶ
2410 4109 2563 4168 ὅπως
2591 4106 3037 4177 ἐξεφωνήθησαν·
3092 4107 3187 4159 καὶ
3224 4106 3299 4176 μὴ
3347 4105 3508 4176 εἴπῃς
3538 4108 3693 4158 svmv-

2120 4199 2387 4254 τιοῦσθαι.
2447 4199 2534 4251 Ἐν
2573 4200 2706 4251 πᾶσι
2753 4197 2861 4270 γὰρ
2895 4199 2955 4250 τὸ
2998 4198 3269 4265 πανάγιον
3313 4196 3538 4267 Πνεῦμα
3570 4197 3694 4251 ἑλά-

2121 4308 2297 4360 ιησεν.

2188 4472 2429 4524 ΖΩΝΛΡ.
2470 4471 2542 4522 Τὸ
2568 4470 2642 4538 μὴ
2698 4469 2902 4521 κλίνειν
2950 4471 3080 4538 γόνυ
3138 4473 3195 4523 ὲν
3224 4470 3533 4539 Κυριακαῖς
3564 4472 3596 4540 ἢ
3628 4472 3688 4524 ὲν

2114 4566 2236 4626 ταῖς
2281 4563 2380 4628 τῆς
2424 4560 2808 4629 Πεντηκοστῆς
2868 4561 3103 4629 ἡμέραις
3160 4561 3409 4630 διάφοροι
3460 4562 3691 4629 νομοθε-

2114 4655 2268 4707 τοῦσι
2312 4652 2554 4715 κανόνες,
2599 4649 2693 4703 καὶ
2722 4649 2750 4701 ὁ
2795 4648 2970 4716 μέγας
2998 4649 3300 4713 Βασίλειος,
3342 4650 3401 4711 ὃς
3443 4650 3539 4703 καὶ
3586 4650 3690 4712 τὰς

2115 4747 2296 4807 αἰτίας
2331 4742 2681 4819 προστίθησι,
2714 4742 2778 4794 δι’
2824 4741 2891 4803 ἂς
2922 4742 3321 4812 ἀπηγόρευται.
3361 4736 3532 4803 υῦτος
3557 4741 3611 4794 δὲ
3661 4746 3689 4796 6

2116 4836 2299 4890 κανὼν
2332 4836 2458 4904 περὶ
2490 4834 2657 4903 μόνης
2685 4833 2787 4902 τῆς
2839 4834 3129 4902 Κυριακῆς
3168 4833 3542 4895 διατάττεται,
3588 4834 3690 4886 καὶ

2113 4930 2177 4981 ὲκ
2216 4926 2374 4988 ποίας
2405 4925 2556 4994 ὥρας
2594 4925 2755 4993 μέχρι
2787 4924 2935 4986 τίνος
2971 4924 3093 4977 οὐδὲ
3121 4923 3324 4977 κλίνειν
3348 4926 3478 4991 γόνυ
3497 4925 3690 4993 σαφῶς

2115 5016 2400 5088 παριστῶν
2439 5030 2574 5084 φησι
2618 5014 2757 5083 μετὰ
2807 5014 2906 5082 τὴν
2938 5013 3079 5067 κατὰ
3106 5013 3168 5067 τὸ
3210 5014 3490 5069 Σάϐϐατόν
3518 5015 3687 5067 ἐσπεο

2116 5110 2268 5177 ριπὴν
2320 5108 2523 5159 εἴσοδον
2562 5108 2643 5169 εἰς
2669 5106 2731 5158 τὸ
2768 5106 3158 5175 ουσιαστήριον
3214 5107 3321 5157 τῶν
3371 5106 3685 5175 ἱερωμένων

2116 5202 2320 5270 μηδένα
2373 5199 2501 5267 γόνυ
2531 5199 2737 5251 κλίνειν
2777 5199 2939 5268 μέχρι
2990 5199 3086 5268 τῆς
3128 5198 3367 5268 ἑσπέρας
3424 5199 3523 5264 τῆς
3571 5198 3679 5249 Κυ-

2114 5296 2334 5371 ριακῆς,
2372 5295 2459 5346 ὅτε
2494 5291 2696 5361 δηλαδὴ
2773 5287 2929 5353 αὖθις
2984 5292 3015 5359 ὴ
3068 5289 3271 5350 εἴσοδος
3319 5290 3533 5357 γίνεται
3571 5288 3676 5341 τῶν

2116 5387 2455 5457 ἱερωμένων
2509 5386 2692 5437 ἔκτοτε
2724 5383 2830 5451 γὰρ
2877 5382 3151 5444 κλίνοντες
3186 5382 3314 5449 γόνυ
3365 5384 3457 5434 καὶ
3508 5381 3676 5442 οὕτως

2110 5477 2397 5545 εὐχόμενοι
2426 5476 2521 5544 οὐχ
2568 5474 2984 5543 ἁμαρτησόμεν.
3032 5473 3095 5524 ἸΙ
3128 5476 3236 5541 γὰρ
3269 5473 3405 5540 μετὰ
3456 5473 3514 5523 τὸ
3538 5469 3675 5523 Σάε.

2111 5568 2275 5620 ϐατον
2301 5566 2396 5629 νὺξ
2425 5568 2523 5634 τῆς
2554 5565 2841 5634 Κυριακῆς
2866 5564 3168 5632 λογίζεται,
3202 5566 3269 5634 ἦν
3290 5566 3382 5617 καὶ
3402 5567 3458 5617 ἐν
3489 5563 3674 5632 ὕμνοις

2110 5655 2227 5708 δέον
2247 5655 2476 5721 διὰγειν,
2498 5655 2664 5722 φησὶν
2695 5656 2721 5707 ὁ
2756 5653 2956 5720 κανὼν,
2982 5656 3045 5707 ἐκ
3080 5655 3308 5718 σκότους
3334 5656 3412 5716 εἰς
3444 5653 3552 5721 φῶς
3572 5653 3676 5720 τὴν

2113 5752 2307 5819 ἑορτὴν
2370 5749 2868 5819 παραπέμποντας,
2935 5750 3026 5802 καὶ
3075 5749 3246 5813 οὓτως
3296 5750 3350 5801 ἐν
3401 5746 3681 5817 ante?”
