4092 6214
316 337 426 400 8Ξ5

1374 349 1451 409 ΙΝ
1479 348 1640 411 CAN.
1674 349 1798 411 XCI
1832 349 2019 411 CONC
2068 355 2136 413 l‘i
2171 355 2497 419 'i‘iiUl.LO.

3454 374 3559 438 εἴθ

316 454 477 520 νυκτὶ
540 454 635 507 καὶ
704 456 888 529 ἡμέρᾳ
938 462 1337 534 πανηγυρίζειν
1394 468 1543 536 ἡμᾶς
1599 466 1696 537 τὴν
1754 464 1878 519 ἀνά·

1991 487 2134 537 (‘t't‘(‘,
2182 473 2426 529 l‘esdvam
2478 476 2848 550 celebritatem
2901 497 2929 535 e
2999 483 3239 540 tenebris
3293 481 3346 540 in
3383 487 3555 542 lucem

318 561 525 598 στασιν.

317 733 537 787 ΑΡΙΣΤ.
585 754 606 787 ι
650 737 804 806 Μετά
836 738 934 809 τὴν
955 739 1249 810 ἑσπερινὴν
1266 738 1472 797 εἴσοδον
1494 748 1585 798 τοῦ
1611 746 1886 802 Σαϐϐάτου

401 847 419 879 ι
462 829 537 897 μὴ
568 830 697 897 γόνυ
726 832 916 903 κλίνης
962 834 1088 903 ἄχρι
1143 835 1241 903 τῆς
1278 835 1567 907 ἑσπερινῆς
1605 842 1745 893 κατά
1788 842 1885 912 τὴν

394 938 413 969 ι
452 920 741 992 Κυριακὴν
765 924 990 981 είσόδου,
1028 946 1045 976 ι

388 1010 487 1064 Ἐκ
516 1012 626 1063 τῶν
657 1014 933 1085 Θεοφόρων
974 1020 1232 1090 Πατὲρων
1289 1021 1591 1085 κανονικῶς
1641 1022 1883 1091 παρελά-

316 1101 488 1172 ϐομεν
517 1103 594 1173 μὴ
623 1106 751 1171 γόνυ
780 1107 980 1162 κλίνειν
1017 1112 1075 1162 ὲν
1095 1116 1215 1175 ταῖς
1235 1115 1560 1180 κυριακαίς,
1581 1115 1655 1177 ὡς
1681 1115 1885 1183 τιμῶν-

312 1210 407 1257 τες
438 1195 538 1266 τὴν
560 1198 652 1250 τοῦ
680 1200 885 1270 Κυρίου
905 1202 1226 1257 ἀνάστασιν.
1262 1207 1380 1259 Ἵνα
1406 1202 1535 1274 γοῦν
1561 1206 1635 1276 μὴ
1698 1208 1888 1277 ἀγνοῆ-

313 1300 405 1340 ται
446 1290 479 1357 ἡ
528 1295 920 1360 παρατήρησις
978 1295 1141 1365 αὕτη,
1183 1299 1329 1362 ὅπως
1372 1294 1578 1368 ὀφείλει
1616 1300 1881 1366 γίνεσθαι,

311 1378 483 1448 δήλην
514 1381 681 1452 αὐτὴν
708 1384 756 1434 oi
786 1385 1030 1455 Πατέρες
1071 1392 1184 1452 τοῖς
1228 1394 1442 1455 πιστοῖς
1477 1392 1566 1444 διὰ
1600 1387 1694 1446 τοῦ
1718 1396 1882 1445 κανό-

312 1489 403 1532 νος
443 1474 635 1525 τούτου
694 1478 1088 1546 πεποιήκασινο
1157 1483 1295 1535 ὥστε
1337 1485 1475 1553 μετά
1530 1487 1630 1554 τὴν
1689 1488 1746 1539 ἐν
1806 1481 1884 1557 τῷ

312 1562 582 1634 Σαϐϐάτῳ
614 1566 912 1639 ἑσπερινὴν
938 1570 1047 1622 τῶν
1086 1573 1399 1643 ἱερωμένων
1435 1577 1573 1646 πρὸς
1606 1580 1667 1630 τὸ
1698 1578 1885 1631 Ουσια-

310 1657 533 1725 στήριον
562 1655 765 1710 εἴσοδον
794 1659 868 1729 μὴ
902 1662 1031 1727 γόνυ
1076 1663 1277 1717 κλίνειν
1326 1667 1489 1737 μέχρι
1525 1669 1623 1734 τῆς
1680 1664 1882 1737 ἐφεξῆς

310 1749 454 1801 κατά
476 1750 575 1818 τὴν
623 1751 916 1822 Κυριακὴν
945 1753 1244 1824 ὲσπερινῆς
1278 1759 1511 1821 εἰσόδου,
1552 1760 1625 1818 ὡς
1656 1760 1711 1812 ὲν
1759 1761 1878 1813 ὁλο-

309 1840 499 1909 κλήρῳ
549 1842 876 1914 νυχοημέρῳ
940 1848 1337 1918 πανηγυρίζειν
1393 1848 1541 1920 ἡμᾶς
1602 1851 1698 1921 τὴν
1751 1852 1880 1905 ἀνά-

308 1948 524 1986 στασιν.

887 2022 1126 2083 ΚΑΝΩΝ
1164 2030 1275 2099 ιΑν.

314 2135 331 2168 ι
370 2116 483 2181 Τὰς
511 2117 580 2172 τὰ
602 2118 982 2193 ἀμϐλωθρίδια
1009 2124 1263 2185 διδούσας
1330 2126 1598 2197 φάρμακα
1643 2126 1738 2184 καὶ
1781 2134 1880 2193 τάς

387 2229 407 2263 ι
440 2210 740 2281 δεχομένας
783 2214 849 2267 τά
890 2216 1271 2285 ὲμϐρυοκτόνα
1308 2219 1611 2291 δηλητήρια
1663 2222 1740 2292 τῷ
1784 2223 1878 2277 τοῦ

381 2320 401 2351 ι
441 2302 650 2370 φονέως
666 2305 930 2375 ἐπιτιμίῳ
957 2308 1466 2377 καθυποὸάλλομεν.
1504 2330 1522 2362 ι

374 2392 581 2449 ΒΔΛΣ.
632 2395 862 2462 Ἐπίσης
901 2398 1123 2464 κολάζει
1169 2402 1198 2453 ό
1250 2402 1433 2455 κανὼν
1488 2404 1565 2474 τῷ
1614 2405 1878 2475 ἐπιτιμίῳ

302 2489 399 2542 τοῦ
432 2486 639 2555 φονέως
671 2487 769 2551 τὰς
789 2488 1039 2553 διδούσας
1061 2491 1329 2562 φάρμακα
1363 2494 1666 2567 δηλητήρια
1717 2498 1877 2567 χάριν

303 2576 402 2630 τοῦ
456 2576 819 2645 ἀμϐλωθῆναι
887 2581 953 2633 τὰ
993 2580 1233 2650 ἔμϐρυα,
1283 2586 1380 2638 καὶ
1436 2585 1536 2650 τὰς
1583 2587 1880 2659 δεχομένας

305 2669 473 2725 αὑτά.
525 2669 639 2724 Καὶ
687 2671 715 2722 6
769 2670 867 2741 μὲν
929 2674 1113 2732 κανὼν
1152 2675 1241 2730 διὰ
1289 2677 1533 2732 τοιούτου
1601 2682 1879 2751 ἐπιτιμίου

302 2760 524 2828 κολάζει
574 2762 803 2828 ταύτας.
845 2767 955 2820 Καὶ
1003 2768 1260 2839 εὑρήσεις
1318 2769 1386 2823 τὰ
1422 2772 1535 2841 εἴδη
1568 2774 1675 2826 τῶν
1710 2774 1882 2827 ἐπιτι-

302 2856 446 2925 μίων
480 2856 536 2909 ὲν
584 2858 661 2928 τῷ
710 2859 754 2928 β’
800 2859 983 2913 κανόνι
1031 2854 1125 2913 τοῦ
1157 2861 1314 2928 ἁγίου
1348 2859 1648 2929 Βασιλείου,
1695 2866 1790 2919 καὶ
1822 2868 1881 2919 ὲν

298 2952 379 3017 τῷ
414 2949 499 3007 κα⁹
544 2955 729 3008 κανόνι
775 2956 870 3022 τῆς
906 2956 963 3008 ἐν
1034 2955 1278 3029 Ἀγκύρᾳ
1328 2954 1567 3015 συνόδου.
1605 2960 1678 3014 Τὸ
1730 2956 1786 3015 δὲ
1830 2967 1880 3015 α’

300 3059 428 3111 κεφ.
503 3045 595 3099 τοῦ
654 3044 729 3100 λο’
769 3046 952 3100 τίτλου
1022 3045 1117 3102 τοῦ
1182 3051 1223 3114 ξ’
1269 3050 1473 3121 βιϐλίου
1525 3054 1660 3123 φησὶ
1703 3055 1881 3109 ταῦτα

304 3136 490 3205 ῥητῶς
525 3151 542 3167 ο

299 3228 543 3296 φονεύων
576 3227 888 3299 ἄνθρωπον,
919 3230 1013 3284 καὶ
1044 3228 1071 3283 6
1104 3232 1245 3284 κατὰ
1279 3227 1428 3285 δόλον
1462 3232 1631 3287 ποιῶν
1658 3235 1871 3306 ἐμπρη-

301 3322 465 3391 σμὸν,
498 3323 593 3375 καὶ
616 3323 644 3375 6
674 3323 764 3376 διά
788 3319 998 3394 φόνονῆ
1025 3321 1231 3394 κλοπὴν
1259 3324 1379 3392 μεθ’
1403 3324 1584 3379 ὃπλων
1623 3324 1872 3397 περιιὼν⁹

298 3413 398 3467 καὶ
427 3413 455 3465 6
485 3412 659 3483 ἀρχῆς
698 3411 729 3481 ἦ
765 3410 1124 3481 δικαστηρίου
1155 3412 1422 3481 δημοσίου
1457 3412 1758 3483 προεστὼς,
1778 3417 1874 3469 καὶ

302 3503 618 3564 σπουδάσας
643 3502 900 3565 πλαστῶς
935 3502 1387 3572 κατηγορηοῆναί
1429 3520 1551 3556 τινα
1583 3504 1677 3557 καὶ
1721 3506 1875 3559 ἀναι-

300 3599 436 3659 τίως
468 3596 963 3663 καταδικασθῆναι,
1027 3596 1120 3649 καὶ
1163 3597 1190 3648 6
1236 3596 1331 3649 ἐπὶ
1376 3596 1657 3665 ἀναιρέσει
1702 3615 1875 3652 κατα-

303 3689 579 3750 σκευάσας
627 3685 936 3757 ἥδεδωκὼς
995 3687 1287 3757 φάρμακον
1315 3701 1331 3718 ο
1371 3688 1470 3742 καὶ
1521 3706 1647 3757 κεφ.
1694 3696 1743 3759 γ’
1795 3689 1873 3757 τῷ

302 3782 440 3853 περὶ
484 3780 838 3851 ἀνδροφόνων
886 3779 1033 3850 νόμῳ
1081 3782 1394 3851 κατέχεται.
1460 3783 1570 3836 Καὶ
1607 3784 1635 3836 6
1678 3783 1767 3836 διὰ
1813 3785 1875 3836 τὸ

302 3870 570 3941 φονεῦσαι
596 3868 887 3941 ἄνθρωπον
917 3870 1212 3941 φάρμακον
1244 3871 1416 3924 ποιῶν
1460 3871 1491 3941 ἢ
1543 3873 1874 3943 πιπράσκων

300 3966 333 4035 ἢ
371 3966 533 4036 ἔχων.
568 3961 689 4017 Εἰσὶ
715 3960 772 4015 δὲ
800 3963 1069 4033 φάρμακα
1111 3962 1298 4031 ὑγείαν
1329 3960 1661 4033 ἐμποιοῦντα
1691 3964 1784 4016 καὶ
1808 3963 1876 4017 τὰ

298 4056 571 4126 λεγόμενα
589 4055 804 4125 φίλτρα.
847 4054 991 4108 Οἱδὲ
1031 4053 1099 4109 τὰ
1123 4054 1321 4126 φίλτρα
1360 4055 1641 4119 ποιοῦντες
1673 4055 1877 4124 δημευς

299 4150 502 4219 όμενοι
566 4144 1023 4218 ἐξοριζέσθωσαν.
1066 4147 1130 4200 El
1188 4147 1245 4200 δὲ
1299 4148 1392 4201 καί
1460 4165 1543 4211 τις
1605 4150 1680 4218 μὴ
1720 4148 1877 4219 κακῷ

300 4237 555 4311 λογισμῷ
580 4238 725 4310 δώσῃ
781 4240 1001 4308 γυναικὶ
1049 4236 1436 4308 συλληπτικὸν,
1471 4242 1567 4293 καὶ
1629 4241 1877 4310 ἀποθάνῃ

300 4334 334 4403 ἡ
384 4331 646 4396 λαϐοῦσα,
698 4331 1037 4400 ὲξορίζεται·
1075 4330 1186 4385 Καὶ
1241 4330 1384 4399 Θὲμα
1444 4329 1491 4399 γ’
1555 4331 1648 4384 τοῦ
1711 4333 1874 4385 αὐτοῦ

303 4442 447 4493 κεφ.
484 4422 646 4491 λέγον
705 4422 836 4493 περὶ
879 4422 978 4484 τὰς
1013 4422 1209 4491 ἀρχάς.
1263 4422 1568 4493 Κατέχεται
1619 4422 1697 4493 τῷ
1747 4425 1875 4493 περὶ

308 4515 656 4585 ἀνδροφόνων
705 4512 857 4581 νόμῳ
892 4512 986 4565 καὶ
1047 4514 1074 4565 6
1134 4512 1525 4583 πιγμεντάριος
1587 4515 1877 4587 προπετῶς

305 4605 487 4665 διδοὺς
517 4604 814 4672 φάρμακον
855 4601 887 4671 ἦ
922 4600 1309 4672 σαλαμάνδραν
1348 4604 1379 4674 ἢ
1410 4603 1659 4657 ἀκόνιτον
1710 4607 1742 4675 ἢ
1786 4618 1879 4658 πι-

306 4693 642 4763 τυοκάμπην
672 4692 704 4762 ἢ
760 4691 1095 4761 βούϐρωστιν
1129 4691 1163 4761 ἢ
1193 4692 1579 4763 μανδραγόραν
1610 4693 1643 4763 ἢ
1676 4692 1877 4748 κανθα-

311 4786 485 4857 ρίδας.
518 4784 629 4840 Καὶ
660 4785 800 4854 Οέμα
835 4785 877 4837 δ’
911 4800 926 4816 ο
982 4783 1045 4838 Ἠ
1080 4784 1236 4855 ποινὴ
1286 4785 1318 4854 ἡ
1369 4785 1505 4839 κατά
1538 4787 1879 4856 ἀνδροφόνων

307 4878 405 4931 ἐπὶ
442 4878 540 4947 μὲν
567 4874 803 4946 ἐντίμων
838 4877 1200 4947 περιορισμός
1258 4878 1374 4927 ἐστι
1434 4877 1526 4928 καὶ
1561 4877 1741 4929 τελεία
1789 4877 1881 4947 δή-

310 4985 531 5037 μευσις·
586 4966 681 5019 ἐπὶ
710 4968 765 5019 δὲ
806 4966 917 5019 τῶν
941 4963 1176 5019 εὐτελῶν
1215 4961 1357 5034 ξίφει
1384 4970 1477 5019 καὶ
1507 4965 1717 5034 θηρίοις
1750 4968 1881 5020 ὐπο-

306 5056 608 5127 6ληοῆναι.
663 5057 774 5108 Καὶ
799 5055 971 5108 ταῦτα
1021 5054 1120 5122 μὲν
1151 5055 1258 5107 ἀπὸ
1305 5055 1399 5107 τοῦ
1438 5055 1672 5107 παλαιοῦ
1713 5056 1878 5123 νόμου

306 5152 405 5202 καὶ
451 5147 560 5199 τῶν
641 5148 907 5200 κανόνων.
957 5144 1336 5215 Ἀπελύθησαν
1393 5146 1448 5199 δὲ
1505 5145 1700 5216 νεαραὶ
1755 5148 1882 5216 περὶ

306 5239 518 5310 φονέων
541 5238 812 5291 ἀκουσίων
839 5237 935 5290 καλ⁵
971 5235 1231 5289 ἑκουσίων
1244 5236 1496 5306 διάφοροι
1524 5239 1675 5306 παρά
1708 5254 1766 5288 τε
1786 5234 1878 5289 τοῦ

307 5331 579 5403 βασιλέως
606 5330 784 5399 κυροῦ
811 5328 1223 5381 Κωνσταντίνου
1248 5328 1342 5380 τοῦ
1365 5330 1879 5397 ιῐορφυρογεννήτου

308 5422 523 5477 καὶτοῦ
561 5420 882 5487 Οεοστεφοῦς
925 5423 1022 5473 καὶ
1076 5420 1233 5488 ἁγίου
1292 5419 1449 5488 ἡμῶν
1482 5420 1879 5489 αὐτοκράτορος

308 5513 483 5584 κυροῦ
550 5511 809 5581 Μανουὴλ
873 5511 968 5563 τοῦ
1033 5510 1347 5581 Κομνηνοῦ,
1404 5502 1479 5564 ὧν
1524 5512 1577 5563 αἱ
1617 5502 1881 5579 δυνάμεις

310 5606 733 5675 συνωψίσοησαν
789 5605 848 5655 ἐν
910 5606 1026 5666 τοῖς
1078 5602 1206 5673 περὶ
1276 5602 1482 5672 φονέων
1555 5602 1745 5655 κανόσι
1785 5602 1878 5654 τοῦ

306 5700 557 5771 μεγάλου
600 5695 907 5751 Βασιλείου.
956 5696 1263 5765 Ἐρωτήσει
1294 5694 1351 5748 δέ
1379 5712 1484 5759 τις,
1515 5693 1589 5755 ὡς
1623 5696 1685 5746 ἐκ
1716 5695 1877 5763 μόνου

298 5794 400 5846 τοῦ
452 5789 638 5846 δοῦναί
672 5806 791 5842 τινα
870 5788 1002 5857 πρὸς
1040 5790 1273 5857 γυναῖκα
1331 5786 1698 5859 ἁμόλωθρίδια
1741 5787 1879 5839 ὐπο-

1912 1810 1952 1865 Β

1911 4456 1959 4520 D

1998 568 2457 633 transmittentes,
2510 577 2563 624 et
2628 572 2707 625 sic
2761 582 2871 627 tota
2910 582 3070 629 nocte
3129 577 3325 646 dieque
3378 597 3561 634 resur-

1997 659 2294 712 rectionem
2332 676 2432 716 nos
2470 662 2749 718 celebrare
2779 676 3015 734 oportet.

1994 744 2217 805 AltlST.
2257 770 2275 801 ι
2312 752 2439 806 Post
2498 757 2866 823 t'eSpertinum
2934 759 3157 815 Sabbati
3216 763 3557 831 ingressum,

2072 863 2090 895 ι
2137 860 2309 914 usque
2340 846 2404 899 ad
2450 846 2825 915 veSpcrtinum
2876 849 3169 905 Dominicm
3211 854 3515 922 ingressum
3542 897 3555 915 ,

2068 955 2084 986 ι
2124 952 2296 1005 genua
2337 953 2402 992 ne
2439 934 2677 994 ﬂectas.»

2063 1030 2106 1081 A
2138 1029 2339 1082 divinis
2376 1023 2632 1085 Patrihus
2664 1034 2927 1087 canonice
2980 1035 3313 1103 accepimus,
3371 1036 3556 1089 Domi-

1993 1118 2132 1172 nicis
2166 1135 2304 1187 genu
2346 1136 2450 1173 non
2488 1118 2730 1186 ﬂectere,
2760 1133 2820 1177 ut
2855 1124 3067 1178 Domini
3097 1126 3554 1180 reSurrectionem

1989 1206 2345 1265 honorantes.
2386 1211 2449 1267 Ut
2483 1212 2669 1281 itaque
2694 1214 2807 1268 hmc
2841 1215 3154 1269 observatio
3199 1232 3306 1270 non
3337 1216 3557 1284 ignore-

1992 1311 2102 1365 tur,
2137 1305 2412 1371 quomodo
2463 1304 2576 1357 ﬁeri
2616 1304 2795 1373 debet,
2848 1324 2966 1360 eam
3024 1307 3213 1362 Patres
3261 1323 3355 1376 per
3411 1307 3555 1360 hunc

1989 1408 2253 1447 eanoneut
2289 1396 2538 1451 ﬁdelibus
2570 1398 2911 1451 manifestam
2944 1396 3281 1461 eﬂeceruut;
3329 1407 3386 1452 ut
3433 1408 3555 1468 pOst

1994 1485 2368 1556 Vt'SpCl‘linltltt
2403 1492 2751 1544 sacerdotum
2779 1494 2831 1544 in
2862 1490 3105 1545 Sabbato
3145 1492 3212 1546 ad
3250 1492 3421 1544 altare
3468 1492 3555 1543 in-

1987 1595 2231 1648 gressum
2272 1597 2408 1651 genu
2443 1599 2548 1636 non
2582 1582 2798 1639 ﬂectere
2827 1584 3149 1646 debeamus.
3173 1600 3348 1653 usque
3375 1585 3440 1636 ad
3472 1600 3558 1637 se-

1991 1682 2247 1740 quentem
2286 1675 2340 1729 in
2369 1670 2454 1729 die
2494 1674 2773 1729 Dominico
2803 1677 3172 1741 vespertinum
3220 1676 3551 1741 ingressum.

1992 1768 2048 1816 ut
2084 1781 2177 1831 per
2210 1766 2483 1833 integrum
2525 1767 2702 1820 noctis
2740 1773 2793 1819 et
2824 1767 2929 1821 dici
2970 1768 3205 1836 spatium
3240 1782 3342 1821 nos
3374 1781 3555 1820 resur-

1985 1858 2278 1912 rectionem
2320 1858 2681 1913 celebremus.

2558 2034 2640 2093 CA
2650 2032 2788 2092 NON
2832 2034 2969 2093 XCI.

1988 2147 2006 2179 ‹
2051 2126 2154 2182 Eas
2187 2144 2306 2198 qum
2337 2128 2462 2183 dant
2494 2127 2836 2185 abortionem
2874 2133 3071 2185 cientia
3129 2130 3548 2193 medicamenta,

2058 2239 2076 2272 ι
2112 2230 2164 2274 et
2199 2237 2335 2288 quze
2362 2222 2522 2274 fretus
2560 2221 2812 2274 necantia
2876 2237 3084 2275 venena
3122 2221 3421 2290 accipiunt,
3453 2222 3551 2272 bo-

2058 2334 2076 2365 ι
2116 2315 2328 2367 ιιιῑίξίιιιιξ
2368 2315 2545 2382 pmnis
2574 2313 2923 2382 subjieimus.
2966 2332 2985 2365 ι

2054 2405 2247 2460 BALS.
2310 2405 2512 2459 Eadem
2575 2421 2758 2475 pmna,
2830 2421 2935 2474 qua
2976 2405 3328 2469 homicidam,
3390 2404 3548 2472 punit

1982 2514 2158 2552 canon
2187 2514 2301 2560 eas,
2335 2514 2456 2565 quze
2483 2500 2615 2552 dant
2640 2513 2871 2561 venena,
2922 2506 2980 2550 ut
3021 2512 3188 2565 pr0v0
3223 2506 3348 2551 etnr
3384 2497 3550 2550 abor-

1985 2588 2081 2647 tio,
2118 2597 2167 2640 et
2203 2602 2322 2655 qua:
2355 2586 2655 2654 accipiunt.
2696 2585 2760 2639 Et
2804 2586 2890 2640 hic
2921 2587 3141 2655 quidem
3194 2600 3369 2638 canon
3430 2586 3551 2637 illas

1983 2678 2073 2732 tali
2108 2694 2265 2743 paena
2301 2678 2481 2733 allicit.
2517 2678 2811 2733 Poenarum
2850 2688 3028 2731 auten
3067 2693 3268 2747 genera
3302 2677 3552 2731 invenies

1981 2769 2034 2823 in
2084 2773 2119 2822 2
2163 2785 2287 2823 can.
2345 2769 2517 2822 sancti
2565 2768 2871 2829 Basilii.el
2939 2769 2993 2822 in
3049 2769 3112 2822 2|
3174 2783 3299 2822 can.
3358 2768 3551 2838 synodi

1980 2860 2179 2931 Ancyr.
2212 2860 2449 2914 Primum
2485 2865 2665 2915 autem
2705 2869 2869 2929 caput
2936 2862 3004 2915 59
3043 2860 3128 2915 tit.
3180 2874 3243 2914 ιχ
3289 2860 3386 2914 lib.
3437 2861 3552 2914 haec

1982 2950 2117 3005 dicit
2147 2965 2405 3018 expresse
2436 2969 2450 3004 :
2482 2949 2621 3020 Lege
2648 2951 2715 3004 de
2745 2948 3038 3004 homicidis
3088 2961 3303 3005 tenetur
3352 2951 3419 3015 is,
3457 2952 3551 3019 qui

1983 3044 2257 3097 hominem
2294 3042 2518 3109 occidit,
2545 3052 2599 3097 et
2630 3044 2723 3113 qui
2773 3044 2901 3097 dolo
2934 3045 3165 3098 suscitat
3216 3043 3551 3108 incendium,

611 3134 703 3206 Τῲ
754 3139 882 3207 περὶ
918 3136 1261 3209 ἀνδροφόνων
1318 3143 1470 3212 νόμῳ
1514 3142 1797 3197 ὑπόκειται
1846 3145 1873 3198 ὁ

1985 3143 2033 3191 et
2059 3136 2173 3205 qui,
2212 3134 2292 3190 vel
2323 3135 2539 3190 furandi
2577 3136 2659 3189 vel
2693 3136 2859 3191 credis
2886 3134 3149 3190 faciendae
3194 3137 3392 3208 gratia,
3425 3150 3550 3189 cum

1988 3227 2159 3281 armis
2208 3226 2545 3293 obambulat,
2596 3238 2651 3281 et
2698 3227 2813 3297 qui.
2851 3243 2974 3282 cum
3026 3229 3403 3297 magistratum
3455 3243 3551 3297 ge-

1986 3325 2132 3371 reret
2165 3315 2246 3370 vel
2290 3311 2500 3386 judicio
2553 3324 2833 3385 pra-esset.
2887 3316 3263 3386 procuraret-it
3318 3325 3377 3368 ut
3428 3316 3552 3384 quis

1988 3408 2111 3477 (iste
2148 3417 2524 3471 accusaretur,
2566 3418 2617 3462 et
2654 3408 2922 3463 innocens
2962 3409 3444 3471 condemnaretur,
3492 3416 3548 3462 et

1983 3502 2077 3571 qui
2105 3501 2168 3554 ad
2202 3498 2501 3555 tollendum
2541 3500 2608 3553 de
2644 3500 2821 3553 medio
2848 3513 3116 3552 venenum
3164 3498 3552 3569 prazparaverit

1983 3593 2069 3647 vel
2100 3592 2329 3647 dederit.
2366 3592 2430 3645 Et
2463 3607 2585 3662 cap.
2623 3593 2654 3645 5
2690 3591 2803 3660 lege
2834 3591 2897 3646 de
2927 3588 3216 3645 homicidia
3250 3592 3356 3644 lata
3400 3600 3553 3646 teuc-

1982 3694 2095 3747 tur,
2127 3684 2217 3754 qui
2256 3683 2321 3737 ad
2363 3683 2640 3735 hominem
2680 3680 3043 3735 occidendum
3092 3680 3549 3736 medicamentum

1987 3774 2137 3837 facit,
2166 3776 2248 3828 vel
2278 3776 2428 3837 emit,
2471 3774 2555 3828 Vel
2593 3773 2776 3828 habet.
2822 3772 2962 3829 Sunt
2995 3782 3175 3826 autem
3232 3773 3553 3841 pharmaca,

1985 3884 2105 3937 qme
2133 3867 2427 3920 sanitatem
2464 3865 2724 3928 alterunt,
2755 3875 2808 3919 et
2837 3882 2957 3935 quae
2980 3866 3242 3919 dicuntur
3266 3864 3550 3918 amatoria.

1984 3953 2087 4023 Qui
2118 3962 2298 4010 autem
2338 3954 2549 4009 faciunt
2581 3954 2870 4017 amatoria,
2910 3953 3207 4021 publicatis
3261 3952 3423 4005 bouis
3455 3964 3553 4003 ex-

1985 4048 2369 4102 terminentur.
2400 4044 2555 4111 Quod
2585 4047 2631 4100 si
2661 4046 2785 4114 quis
2830 4046 2994 4099 etiam
3032 4034 3327 4098 non.malo
3370 4042 3555 4093 animo

1989 4140 2204 4194 mulieri
2234 4139 2446 4193 dederit
2483 4136 2943 4193 medicamentum
2997 4137 3061 4191 ad
3105 4134 3547 4204 concipiendum,

1986 4244 2164 4301 eoque
2196 4240 2420 4299 accepto
2473 4237 2691 4281 mortua
2749 4229 2842 4288 sit.
2898 4223 2950 4280 in
2992 4224 3242 4280 exsilium
3294 4224 3549 4278 mittitur.

1988 4322 2355 4391 Ejusdemque
2389 4320 2586 4390 capitis
2617 4319 2799 4373 thema
2836 4320 3079 4379 tertium,
3107 4314 3296 4369 dicens
3319 4315 3374 4368 in
3405 4314 3553 4383 prin-

1986 4417 2173 4485 cipio:
2212 4415 2351 4485 Lege
2402 4413 2468 4468 de
2523 4410 2811 4465 homicidis
2862 4409 2971 4463 lata
3024 4416 3262 4468 tenetur,
3318 4416 3372 4461 et
3428 4407 3552 4474 qui-

1985 4523 2205 4575 cunque
2236 4504 2633 4577 pigmentarius
2682 4513 2889 4559 temere
2921 4503 3014 4555 dat
3057 4501 3549 4560 medicamentum,

1984 4602 2066 4656 vel
2092 4598 2517 4661 salamandram,
2549 4596 2633 4651 vel
2675 4595 2974 4656 aconitum,
3014 4591 3097 4646 vel
3152 4590 3549 4660 pityoeampam

1984 4692 2064 4747 vel
2127 4689 2427 4760 buprestim
2472 4686 2549 4741 vel
2607 4686 3018 4754 mandragoram
3063 4683 3144 4737 vel
3188 4681 3555 4735 cantharides.

1984 4780 2048 4837 Et
2084 4783 2262 4837 thema
2290 4778 2323 4834 4
2358 4781 2623 4834 adversus
2658 4776 2961 4831 homicidas
2987 4792 3141 4846 premi
3177 4784 3281 4840 est,
3312 4776 3362 4828 in
3392 4775 3554 4829 claris

1982 4876 2201 4947 quidem
2244 4872 2502 4928 exsilium
2536 4882 2589 4927 et
2625 4872 2866 4942 perlecta
2905 4855 3174 4926 bonorum
3211 4869 3505 4939 publicatio
3537 4882 3551 4920 :

1944 4996 1956 5005 ι
1984 4969 2039 5023 in
2068 4964 2458 5021 humilioribus
2511 4972 2692 5018 autem
2748 4964 2863 5018 ensi
2910 4970 2963 5016 ct
3012 4962 3205 5017 bestiis
3234 4960 3450 5026 subjici.
3490 4958 3555 5011 Et

1986 5060 2098 5113 bwc
2131 5060 2349 5127 quidem
2386 5072 2450 5110 ex
2485 5054 2654 5109 veteri
2694 5054 2808 5126 lege
2839 5061 2894 5109 et
2928 5053 3172 5122 antiquis
3218 5050 3551 5105 eaaouibus.

1986 5151 2212 5207 Emissa:
2244 5158 2372 5206 sunt
2403 5159 2584 5203 autem
2617 5148 2685 5201 de
2722 5147 3035 5207 homicidis.
3081 5155 3190 5199 tam
3227 5145 3554 5198 voluntariis

1983 5258 2147 5312 quam
2178 5240 2587 5300 involuntariis,
2624 5240 2851 5293 diversa)
2888 5236 3113 5289 novellae
3157 5236 3226 5289 ab
3263 5237 3394 5303 imp.
3455 5237 3554 5289 do-

1984 5335 2134 5386 mino
2168 5330 2533 5387 CouStautino
2582 5327 3125 5399 Porpbyrogenneta,
3183 5337 3236 5381 et
3288 5334 3554 5395 prtestan~

1985 5421 2199 5475 tissime
2240 5428 2539 5487 sanctoque
2582 5419 2713 5487 imp.
2762 5426 2953 5471 nostro
2985 5416 3207 5469 domino
3253 5415 3555 5471 Emanuelu

1984 5516 2287 5574 (Jomneno,
2319 5526 2552 5579 quarum
2590 5512 2733 5563 vires
2769 5511 2821 5562 in
2873 5507 3179 5563 canouibus
3225 5509 3407 5577 magni
3449 5508 3554 5562 Ba-

1989 5604 2101 5659 silii
2148 5602 2215 5657 de
2242 5602 2528 5657 bomieidis
2566 5602 2618 5656 in
2672 5602 3055 5669 compendium
3113 5602 3345 5675 redactae
3400 5613 3550 5657 sunt.

1988 5692 2411 5763 Interrogavcrit
2462 5700 2642 5747 autem
2675 5693 2970 5762 quispiam,
3028 5707 3094 5746 an
3152 5709 3218 5747 ex
3263 5708 3348 5758 eo,
3407 5694 3550 5763 quod

1992 5785 2198 5841 dederit
2232 5782 2503 5854 quiSpiam
2532 5782 2745 5839 mulieri
2776 5782 3229 5840 meditamcntum
3280 5779 3359 5837 ad'
3396 5784 3555 5838 abor-
