4092 6214
282 269 392 329 £33

285 379 572 434 Βλσιλείου
646 379 1088 450 θεσμοθετοῦσιν.
1158 379 1221 431 'll

284 473 529 524 τοιοῦτον
582 471 987 541 προϐάλλεσθαι
1017 469 1262 548 δύναται.
1321 469 1472 536 ’Ἀμα
1528 468 1638 536 γὰρ
1688 472 1752 538 τῇ
1796 469 1861 523 ἐκ

285 563 388 631 τῆς
407 563 590 624 οἰκίας
624 561 793 630 αὐτῆς
815 563 1164 631 ἀναχωρήσει
1209 560 1303 611 τοῦ
1358 561 1552 628 ἀνδρὸς
1593 560 1859 628 ἐγίνωσκε

284 654 389 724 τὴν
419 653 602 722 ἁφανῆ
631 653 824 705 τούτου
855 653 1168 722 ἀποδημίαν
1208 666 1223 682 ⁸
1261 652 1354 705 καὶ
1379 651 1467 704 διὰ
1525 651 1685 704 τοῦτο
1737 649 1861 704 οὐδὲ

289 745 622 814 συγγνώμης
657 744 928 810 ἀξιοῦται.
970 746 1110 814 Πρὸς
1133 743 1342 808 τούτοις
1390 745 1533 796 εῐποι
1566 761 1650 804 τις
1677 743 1750 805 ὼς
1767 743 1862 799 τοῦ

287 833 470 900 γάμου
503 833 596 886 τοῦ
623 834 917 903 γενομένου
955 835 1096 904 μετᾶ
1123 833 1214 889 τοῦ
1231 834 1683 903 καταλειφθέντος
1711 834 1862 905 παρὰ

289 928 395 994 τῆς
417 927 631 989 οἰκείας
693 926 930 994 συζύγου
973 926 1068 978 καὶ
1115 929 1210 995 τῆς
1251 925 1542 996 ἐλευθέρας
1583 925 1859 992 γυναικὸς,

289 1017 671 1070 ἀνυποστάτου
694 1017 869 1081 ὄντος,
902 1020 1049 1082 ποῖος
1073 1016 1228 1085 λόγος
1260 1016 1552 1069 ὑπελίπετο
1582 1017 1740 1085 χάριν
1768 1013 1864 1070 τοῦ

295 1110 373 1178 μὴ
400 1107 743 1178 συναφθῆναι
774 1109 946 1178 αὐτὴν
971 1107 1143 1178 ἑτέρῳ
1171 1109 1345 1178 ἀνδρὶ,
1395 1108 1741 1176 ἁγνοήσασαν
1773 1109 1867 1162 καὶ

295 1199 474 1251 ταῦτα
515 1199 608 1252 τὶν
655 1200 870 1270 πρῶτον
906 1198 1207 1271 γάμοντοῦ
1268 1199 1724 1268 καταλειφθέντος
1774 1201 1868 1252 ἁν-

299 1290 428 1358 δρός
457 1307 473 1355 ;
509 1291 722 1356 Λύσις.
758 1290 932 1344 Τινῶν
967 1290 1231 1358 λεγόντων
1254 1291 1356 1354 ὅτι,
1390 1290 1493 1343 κᾶν
1547 1291 1762 1360 μοιχεία
1806 1289 1866 1346 οὗ

292 1384 492 1450 γέγονε
525 1383 676 1452 παρὰ
700 1383 796 1449 τῆς
819 1383 1082 1450 γυναικδς
1131 1382 1218 1436 διὰ
1267 1382 1366 1452 τὴν
1422 1381 1671 1450 ἄγνοιαν,
1732 1382 1871 1436 ἀλλὰ·

293 1475 526 1544 πορνεία
549 1472 833 1543 ἐτελέσθη,
865 1474 962 1528 καὶ
1013 1474 1278 1545 ὀφείλειὴ
1328 1473 1674 1544 πορνεύσασα
1731 1472 1870 1530 κατὰ

292 1567 424 1628 τοὺς
460 1565 714 1635 περὶτῆς
738 1564 998 1634 πορνείας
1034 1564 1264 1628 κανόνας
1321 1564 1740 1634 ὲπιτιμηθῆναι,
1776 1565 1871 1620 καὶ

1327 266 1406 325 IN
1446 266 1615 328 CAN.
1660 265 1845 326 XCII]
1894 267 2104 330 CONC.
2149 269 2227 330 IN
2269 267 2590 328 TRUI.I.O.

1301 378 1436 446 ἄλλη
1485 379 1540 430 δὲ
1597 377 1750 430 οὐδέν
1810 396 1862 429 τι

1986 378 2234 445 :jnsmodi
2295 380 2553 448 allegare.
2613 379 2787 434 Simul
2823 383 2964 434 cnim
3015 396 3078 436 ac
3124 397 3154 437 e
3210 380 3374 438 domo
3427 405 3524 441 sua

3419 272 3526 336 834

1966 471 2196 524 maritus
2228 473 2487 536 excessit,
2521 474 2785 526 incertam
2835 489 3051 542 quoque
3099 473 3219 541 ejus
3267 491 3389 530 esse
3435 481 3529 531 ab-

1967 563 2204 614 sentiam
2235 565 2489 632 cognovit
2516 580 2528 615 :
2561 573 2610 616 ct
2649 577 2932 632 propterea
2970 582 3037 620 ne
3066 566 3277 622 veniam
3305 570 3527 637 quidem

1965 665 2224 705 meretur.
2247 653 2328 706 Ad
2369 655 2481 708 lucc
2502 654 2705 710 dixerit
2734 659 3031 725 quispiam,
3061 657 3222 723 Quod
3251 675 3373 715 cum
3407 679 3528 716 ma-

1963 741 2452 818 trimoninm,cum
2503 761 2567 797 eo
2619 749 2771 816 quia
2811 750 3032 817 propria
3085 765 3257 805 uxore
3308 754 3530 810 relictus

1965 842 2050 887 est
2079 841 2132 887 ct
2166 835 2335 888 libera
2369 853 2464 891 seu
2500 839 2677 893 Soluta
2717 843 2964 907 muliere,
3006 859 3114 898 non
3168 847 3343 914 possit
3395 863 3531 900 con-

1966 924 2182 991 sistere,
2221 943 2468 996 quamam
2502 933 2688 984 relicta
2722 943 2807 987 est
2841 935 2986 987 ratio
3017 937 3083 991 de
3116 952 3180 990 ea
3215 937 3367 992 alteri
3415 939 3534 993 viro

1966 1030 2076 1071 non
2109 1019 2517 1087 citnjungcnda,
2550 1025 2787 1078 maxime
2813 1042 2932 1079 cum
2967 1027 3298 1096 ignoraverit
3341 1029 3534 1082 matri—

1970 1111 2212 1162 monium
2267 1110 2364 1164 viri
2398 1113 2489 1180 qui
2526 1114 2747 1170 relictus
2787 1118 2900 1170 est?
2946 1119 3178 1175 Salutio.
3230 1120 3364 1174 Cum
3413 1122 3537 1190 qui-

1967 1196 2092 1252 dam
2125 1200 2393 1267 dicerent,
2426 1201 2572 1272 quod
2603 1206 2816 1260 etiamsi
2848 1223 2955 1262 non
2992 1209 3094 1264 fuit
3123 1211 3455 1264 adulterium
3502 1227 3530 1263 a
3587 1269 3590 1272 _
3661 1282 3663 1285 ι

1971 1288 2197 1343 muliere
2217 1292 2567 1348 commissum
2606 1307 2829 1364 propter
2861 1298 3250 1368 ignorantiam,
3288 1301 3530 1356 admissa

1970 1390 2053 1432 est
2087 1388 2269 1435 tamen
2302 1381 2614 1450 l'ornicatio,
2673 1399 2728 1442 et
2781 1403 2904 1442 cum
2947 1393 3015 1444 sit
3051 1392 3338 1454 fornicata,
3374 1392 3539 1447 debet

1971 1487 2036 1526 ex
2070 1475 2376 1530 canonibus
2406 1476 2472 1535 de
2503 1478 2862 1536 fornicatione
2888 1483 3094 1551 puniri,
3153 1492 3208 1538 et
3261 1484 3383 1539 ideo
3435 1500 3536 1542 nec

1973 1567 2065 1621 alii
2095 1568 2314 1638 quidem
2345 1573 2461 1628 viro
2491 1571 2774 1643 conjungi,
2813 1584 2870 1629 ιιι
2898 1590 3019 1643 qua:
3057 1577 3129 1631 sit
3176 1587 3330 1631 extra
3363 1578 3540 1632 ambi-

294 1657 384 1712 διὰ
406 1655 564 1710 τοῦτο
589 1654 724 1726 μηδὲ
747 1655 1048 1724 συξυγῆναι
1076 1656 1254 1728 ἀνδρὶ,
1298 1655 1374 1719 ὡς
1416 1655 1522 1722 ἔξω
1573 1654 1706 1712 οὖσα
1761 1656 1870 1707 τῶν

1986 1665 2066 1713 tus
2117 1659 2574 1717 ecclesiaSticos:
2607 1662 2800 1719 Patres
2849 1665 2953 1718 hoc
3000 1666 3164 1719 etiam
3219 1666 3537 1732 solventes,

295 1746 770 1817 ὲκκλησιαστικῶν
802 1745 1104 1817 περιϐόλων
1133 1763 1146 1776 ·
1201 1750 1248 1802 οἱ
1300 1746 1544 1817 Πατέρες
1590 1747 1683 1800 καὶ
1716 1747 1873 1803 τοῦτο

295 1840 513 1902 λύοντες
548 1839 756 1909 ἔφησαν
784 1841 867 1893 ὅτι
897 1839 1126 1908 πορνεία
1151 1840 1250 1910 μὲν
1279 1840 1504 1908 γέγονεν
1541 1857 1554 1870 ·
1623 1841 1746 1897 ἐπεὶ
1815 1840 1871 1894 δὲ

295 1933 328 1998 ἡ
361 1931 500 2001 γυνὴ
527 1931 588 1983 οὺ
629 1930 869 2001 πορνικῷ
908 1934 1118 2002 τρόπῳ,
1141 1931 1278 1984 ἀλλὰ
1299 1933 1547 2002 νομίμως
1601 1933 1875 2001 συνεζύγη

295 2018 377 2090 τῷ
431 2019 868 2088 καταλειφθέντι,
932 2021 1310 2092 πορνευόντων
1382 2024 1681 2092 ἐπιτιμίοις
1774 2027 1874 2078 οὐκ

299 2107 843 2172 ὕποπεσεῖται,ἀλλὰ
910 2110 1010 2180 τῆς
1077 2111 1535 2182 ἐκκλησιαστικῆς
1590 2113 1876 2176 κοινωνίας

298 2203 685 2274 ἀξιωθήσεται.
745 2204 863 2256 ’Ὶνα
918 2202 973 2258 δὲ
1024 2205 1099 2274 μὴ
1157 2203 1361 2278 δόξωσι.
1393 2207 1724 2275 προτρέπειν
1778 2207 1876 2270 τὰς

298 2296 568 2360 γυναῖκας
594 2292 830 2366 πρὸς-τὺ
881 2293 1367 2363 ἁνευλαὸέστερον,
1429 2290 1583 2350 εἷπον
1660 2294 1877 2348 κάλλιον

299 2382 446 2438 εἶναι
493 2385 787 2458 ἡσυχάζειν
811 2387 1000 2448 αὑτάς.
1030 2387 1150 2439 Κᾶν
1198 2386 1308 2456 γὰρ
1379 2386 1438 2441 έν
1473 2387 1664 2458 ἀγνοίᾳ
1694 2387 1877 2455 ἦμαρ-

300 2495 426 2530 τον·
464 2476 582 2530 ἀλλ’
601 2477 724 2530 ὅσον
747 2477 806 2529 τὸ
831 2478 910 2540 εἰς
941 2477 1114 2540 αὑτὰς
1150 2495 1224 2548 πρ
1237 2478 1373 2540 ὦτος
1395 2478 1571 2547 γάμος
1606 2476 1879 2543 λογίζεται

301 2569 482 2623 ἐκεῖνο
510 2569 572 2622 τὸ
603 2570 993 2634 ἀνυπόστατον,
1022 2569 1115 2621 καὶ
1155 2571 1255 2623 οὐκ
1306 2568 1582 2637 ὀφείλουσι
1628 2567 1883 2636 δευτεροσ-

305 2664 580 2734 γαμῆσαι,
611 2663 659 2717 εί
689 2662 765 2734 μὴ
799 2662 1080 2734 βούλονται
1112 2663 1226 2723 τοῖς
1280 2660 1391 2713 τῶν
1420 2658 1882 2729 δευτερογαμούν-

304 2775 417 2808 των
448 2756 740 2827 ἐπιτιμίοις
763 2757 1082 2811 ὑποπισείν.
1106 2755 1227 2807 Ἔτι
1256 2754 1528 2832 ἐρωτήσει
1576 2769 1680 2816 τις,
1734 2749 1880 2821 *Αρα

305 2851 406 2901 καὶ
431 2850 458 2900 ὁ
490 2849 587 2917 τὴν
617 2848 709 2901 τοῦ
768 2847 1107 2918 στρατιώτου
1141 2847 1377 2914 γυναῖκα
1409 2843 1466 2898 ἐν
1499 2845 1695 2911 ἀγνοίᾳ
1732 2844 1871 2909 ἁγα-

304 2940 540 3009 γὸμενος
566 2941 1048 3012 συγγνωσθήσεται
1081 2938 1332 3006 ;Λύσις.
1359 2936 1470 2992 Καὶ
1532 2934 1786 3006 μάλιστα.
1821 2933 1882 2987 Ei

1976 1749 2255 1818 dixerunt,
2290 1752 2435 1823 quod
2476 1753 2766 1809 l'ornicatio
2808 1756 3026 1824 quidem
3079 1759 3373 1811 commissa
3409 1767 3540 1824 est;

1977 1842 2072 1896 sed
2111 1846 2366 1911 quoniam
2393 1847 2615 1910 mulier,
2669 1863 2775 1901 non
2818 1863 2970 1903 more
3013 1848 3390 1913 fornicatorio,
3445 1851 3539 1903 sed

1978 1933 2218 2002 legitime
2287 1935 2360 2000 ei,
2423 1937 2516 2004 qui
2582 1937 2810 1992 relictus
2874 1922 3010 2001 erat,
3068 1940 3361 2009 conjuncta
3418 1939 3542 2004 fuit,

1979 2037 2342 2082 scortatorum
2384 2043 2546 2098 pcnna
2577 2045 2683 2086 non
2723 2031 3016 2099 punietur;
3045 2032 3137 2086 sed
3178 2031 3339 2101 digna
3367 2034 3539 2088 eccle-

1979 2119 2198 2175 siastica
2236 2121 2628 2174 communione
2664 2123 3002 2180 censebitur.
3035 2139 3134 2178 nec
3172 2124 3262 2178 alii
3287 2125 3544 2195 conjungi

1981 2208 2384 2280 prohibebitur.
2415 2210 2494 2264 Ne
2525 2220 2706 2265 autem
2751 2212 3070 2266 viderentur
3100 2212 3292 2269 Patres
3343 2215 3548 2272 ιιιΙΙιοι·ο

1983 2301 2090 2353 tari
2123 2303 2386 2359 mulieres
2423 2303 2488 2357 ad
2524 2303 2578 2357 id
2620 2304 2767 2374 quod
2813 2312 2899 2360 est
2946 2307 3129 2360 minus
3179 2307 3356 2375 pium,
3389 2307 3546 2362 dixe-

1982 2398 2114 2442 runt
2178 2405 2304 2446 esse
2367 2391 2566 2446 melius
2621 2401 2682 2454 ut
2738 2393 3044 2463 quiescant.
3092 2392 3205 2448 Etsi
3254 2395 3398 2450 enim
3453 2411 3552 2466 per

1984 2481 2349 2550 ignorantiam
2400 2491 2696 2552 peccarunt
2725 2501 2742 2538 :
2777 2483 2874 2540 sed
2899 2487 3045 2555 quod
3081 2485 3149 2539 ad
3190 2500 3286 2541 eas
3332 2489 3549 2555 quidem

1983 2573 2228 2640 attinet,
2285 2574 2523 2644 primum
2595 2575 3005 2631 matrimonium
3070 2589 3357 2646 reputatur
3417 2579 3550 2634 illud

1988 2665 2137 2735 quod
2177 2680 2284 2720 non
2323 2677 2499 2737 potest
2548 2668 2878 2735 consistere,
2933 2682 3035 2723 nec
3081 2670 3279 2724 debent
3305 2672 3552 2728 secundo

1986 2759 2213 2823 nubere,
2265 2758 2374 2812 nisi
2427 2758 2594 2812 velint
2649 2759 2830 2830 poenis
2862 2774 3077 2826 earum,
3137 2775 3258 2829 quae
3311 2764 3554 2818 secundo

1987 2851 2218 2913 nubunt,
2255 2850 2478 2920 subjici.
2515 2853 2790 2907 Prmterea
2841 2852 3203 2922 interrogabit
3255 2853 3549 2922 quispiam,

1987 2940 2260 3011 Numquid
2290 2953 2343 2996 et
2375 2943 2469 3012 qui
2522 2943 2713 3000 militis
2762 2959 2987 2997 uxorem
3045 2959 3140 3012 per
3195 2946 3552 3013 ignorantiam

304 3036 419 3102 γὰρ
437 3032 639 3103 ὠφελεῖ
678 3032 776 3102 τὴν
805 3033 1044 3100 γυναῖκα
1066 3033 1100 3101 ἡ
1118 3033 1334 3099 ἄγνοια,
1360 3027 1539 3096 πολλῷ
1561 3028 1766 3097 μᾶλλον
1791 3027 1878 3079 τὸν

1987 3030 2165 3104 duxit,
2195 3031 2244 3087 ci
2280 3032 2434 3088 venia
2472 3031 2732 3087 dabitur?
2765 3031 3000 3088 Solulio.
3032 3033 3286 3097 Maxime.
3328 3035 3384 3089 Si
3408 3037 3552 3090 enittt

305 3127 483 3196 ἄνδρα
525 3125 616 3178 τὸν
678 3124 882 3193 ταύτην
955 3122 1298 3191 ἀγαγόμενον
1374 3118 1877 3188 ἁπροκριμάτιστον

309 3220 664 3288 συντηρήσει,
707 3217 781 3279 ὡς
823 3214 960 3287 μηδὲ
999 3213 1195 3266 εἰδέναι
1234 3209 1539 3282 ὀφείλοντα.
1569 3209 1647 3261 -Τί
1678 3208 1756 3272 δὲ,
1787 3207 1879 3261 τοῦ

309 3311 651 3381 στρατιώτου
673 3306 1095 3378 αἱρετισαμένου
1128 3304 1227 3374 μὲν
1257 3301 1630 3356 ἀναλαϐέσθαι
1657 3299 1757 3370 τὴν
1779 3301 1879 3377 _0l-

308 3403 472 3455 κείαν
503 3401 793 3470 ὁμόζυγον,
819 3400 1110 3465 γενήσεται
1139 3395 1208 3447 τὰ
1236 3392 1314 3464 τῷ
1365 3391 1554 3445 κανόνι
1630 3387 1881 3460 περιεχό-

308 3510 454 3564 μενα
481 3507 495 3557 ;
538 3489 976 3558 ἁπαναινομένου
1008 3488 1084 3549 δὲ,
1107 3483 1359 3554 οὐδαμῶς
1381 3500 1392 3513 ·
1429 3480 1714 3537 ἁλλ’ἔσται
1742 3478 1880 3547 αὑτὴ

310 3589 456 3659 μετὰ
491 3585 580 3636 τοῦ
615 3585 802 3652 ἐτέρου
840 3579 1306 3650 συμὸιοτεύουσας
1339 3577 1550 3639 Λύσις.
1601 3573 1756 3626 Μετὰ
1787 3573 1881 3640 τὴν

307 3679 666 3750 ὑποστροιξὴν
697 3675 792 3729 τοῦ
826 3674 1190 3746 στρατιώτου,
1223 3667 1556 3725 ἁπεντεῦθεν
1588 3665 1884 3734 ὁδεύτερος

307 3780 492 3844 γάμος
531 3771 826 3823 διασπᾶται
862 3783 874 3797 ·
911 3784 1002 3819 και
1026 3769 1073 3817 εί
1109 3764 1208 3834 μὲν
1255 3763 1397 3815 θέλει
1464 3763 1490 3814 6
1542 3756 1884 3828 στρατιώτης

309 3869 503 3920 λαϐεῖν
524 3863 718 3932 αὐτὴν,
743 3861 852 3931 ἔχει
879 3859 964 3908 ἐπ’
991 3855 1172 3917 ἁδείας
1233 3853 1393 3906 τοῦτο
1423 3851 1602 3904 ποιεῖν
1643 3864 1655 3877 ·
1723 3849 1772 3900 εἰ
1825 3847 1883 3898 δὲ

311 3957 420 4026 μὴ,
473 3953 592 4004 οὐδὲ
633 3951 772 4020 μετὰ
849 3947 943 3999 τοῦ
997 3946 1248 4016 δευτέρου
1317 3941 1510 4012 ἀνδρὸς
1552 3939 1882 4008 συνοικήσει.

309 4045 535 4101 Μᾶλλον
565 4043 664 4113 μὲν
689 4035 782 4094 οὖν
804 4040 900 4091 καὶ
932 4037 980 4090 εί
1013 4034 1275 4105 ὲπιμείνῃ
1317 4032 1452 4100 μετὰ
1489 4030 1684 4083 τούτου
1740 4043 1882 4094 συμ-

311 4127 666 4199 ϐιοτεὺουσα,
704 4129 1034 4199 συγγνώμης
1073 4127 1172 4178 οὑκ
1216 4125 1604 4192 ἀξιωθήσεται,
1630 4119 1762 4172 ἀλλὰ
1794 4118 1887 4170 καὶ

309 4237 390 4294 ὼς
424 4227 671 4299 μοιχαλὶ,
708 4221 1182 4294 τιμωρηθήσεται.
1229 4218 1474 4278 Ἐκείνας
1509 4215 1616 4285 γὰρ
1639 4228 1888 4279 συγγνωι

315 4321 792 4398 μονεῐσυαίφασιν
831 4318 880 4369 οί
925 4312 1305 4382 Πατέρες,τὰς
1374 4307 1605 4377 ἑτοίμως
1654 4306 1888 4398 aptata-

1972 3121 2210 3190 prodest
2245 3122 2459 3178 mulieri
2494 3123 2830 3192 ignorantia,
2861 3125 3034 3178 multo
3066 3126 3236 3196 magis
3273 3135 3328 3180 et
3355 3125 3554 3192 virum,

1987 3212 2080 3280 qui
2133 3226 2252 3270 eam
2309 3211 2485 3284 duxit,
2552 3215 2862 3283 indemnem
2924 3214 3184 3284 nulloque
3238 3216 3556 3286 praeiudicio

1993 3302 2250 3358 allectum
2299 3305 2672 3368 conservabit,
2714 3315 2773 3358 ut
2805 3307 2898 3374 qui
2929 3307 3172 3362 nescire
3210 3307 3429 3376 quidem
3461 3308 3557 3364 de-

1990 3394 2130 3450 ὺιιιιι.
2169 3393 2308 3460 Quid
2356 3411 2510 3465 vero,
2540 3397 2586 3452 si
2618 3396 2774 3451 miles
2829 3411 2984 3452 suam
3047 3413 3268 3454 uxorem
3316 3401 3558 3471 recipere

1990 3487 2249 3554 voluerit,
2285 3504 2353 3542 an
2396 3504 2460 3542 ea
2510 3490 2642 3546 (ient
2679 3506 2801 3558 qua:
2833 3507 3044 3550 canone
3079 3496 3560 3568 comprehendite.

1991 3579 2122 3657 turi?
2171 3578 2268 3633 Sin
2322 3589 2506 3634 autem
2564 3591 2802 3647 recuset,
2854 3594 3237 3655 nequaquam;
3293 3587 3386 3642 sed
3439 3587 3557 3657 ipsa

1991 3655 2122 3722 cum
2145 3670 2252 3723 alio
2297 3671 2462 3726 vitam
2521 3672 2830 3744 transiget?
2860 3673 3095 3734 Salutio.
3144 3676 3274 3733 Post
3323 3655 3558 3732 reditum

1994 3761 2208 3827 militis,
2272 3764 2474 3830 exinde
2535 3767 2837 3824 secundum
2896 3768 3306 3824 matrimonium
3365 3771 3563 3827 dissol-

1999 3853 2188 3906 vitur:
2225 3856 2352 3908 etsi
2388 3854 2518 3908 velit
2554 3856 2776 3925 quidem
2813 3857 2971 3912 miles
3002 3874 3122 3914 eam
3176 3861 3479 3930 snseipere,
3510 3862 3558 3915 ci

1995 3944 2122 3998 licet
2155 3946 2257 4017 boc
2283 3944 2487 4000 facere.
2525 3944 2620 4002 Sin
2648 3948 2852 4013 minus,
2883 3964 2985 4004 nec
3017 3965 3142 4004 cum
3175 3951 3416 4005 secundo
3439 3943 3564 4020 qlui-

1994 4039 2116 4091 de:m
2155 4038 2274 4090 viro
2303 4037 2658 4093 cottabitabit.
2688 4039 2855 4096 Multo
2888 4043 3061 4110 magis
3106 4051 3285 4095 autem
3333 4042 3378 4095 si
3435 4057 3558 4095 cum

1995 4143 2058 4181 eu
2091 4129 2274 4182 vivere
2307 4131 2766 4198 perseveraverit,
2798 4131 2846 4184 ei
2878 4131 3032 4185 venia
3065 4145 3172 4185 non
3190 4131 3433 4195 dabitur,
3465 4135 3560 4188 sed

1997 4231 2055 4272 ut
2087 4220 2332 4273 adultera
2371 4220 2652 4288 punietur.
2691 4220 2799 4276 Illis
2827 4221 2974 4274 enim
3012 4236 3134 4276 esse
3186 4222 3424 4276 dandam
3456 4227 3563 4289 {ve-

2001 4311 2146 4363 niant
2181 4311 2368 4366 dicunt
2399 4310 2613 4376 Patres,
2663 4328 2783 4382 qua:
2845 4327 2876 4365 a
2932 4313 3174 4367 secundo
3211 4314 3562 4368 matrimonio

315 4383 488 4492 μένας
509 4412 605 4466 τοῦ
639 4411 894 4480 δευτέρου
932 4401 1292 4464 συνοικεσίου,
1348 4402 1441 4453 καὶ
1499 4395 1878 4464 συντιθεμένας

2002 4414 2250 4472 prompte
2281 4403 2562 4469 recedunt,
2599 4412 2652 4458 et
2685 4406 3008 4472 ignorantia:
3057 4415 3340 4471 peccatum
3391 4422 3560 4476 agno-

430 4508 487 4570 ἐξ
511 4501 732 4570 ἀγνοίας
772 4499 1135 4568 ἁμαρτήματι
1179 4508 1191 4521 ’
1227 4496 1284 4546 οὐ
1316 4493 1421 4562 μὴν
1451 4490 1548 4551 τὰς
1624 4487 1883 4540 ἀνθισταο

316 4603 491 4669 μένας
521 4596 614 4648 καὶ
647 4594 745 4664 τὴν
782 4589 1024 4662 μοιχείαν
1050 4584 1438 4657 προελομένας.
1468 4579 1760 4636 Κα“ιταῦτα
1788 4577 1889 4647 μὲν

312 4698 342 4743 ὁ
380 4689 584 4742 κανών.
633 4685 692 4737 'O
718 4685 773 4736 δὲ
804 4678 1081 4741 πολιτικὸς
1109 4680 1296 4748 νόμος,
1323 4677 1444 4746 ἤτοι
1477 4674 1538 4724 τὸ
1579 4678 1608 4724 ι’
1635 4688 1762 4743 κεφ.
1793 4670 1887 4721 τοῦ

315 4787 366 4846 ζ’
409 4780 583 4830 τίτλον
610 4775 704 4828 τοῦ
736 4781 819 4843 κη’
845 4772 1008 4844 βιὸλ.,
1035 4771 1171 4842 ὅπερ
1201 4770 1317 4819 ἐστι
1348 4767 1518 4836 νεαρὰ
1581 4763 1894 4816 ’1ουστινιά-

313 4885 466 4930 νειος
497 4865 620 4937 ριζ’,
661 4867 796 4938 φησι
817 4868 904 4924 τὰς
938 4865 1204 4928 γυναῖκας
1234 4858 1342 4909 τῶν
1379 4859 1436 4909 ἐν
1474 4853 1767 4918 ταξατιωνι
1801 4852 1894 4904 ὃν·

309 4981 432 5016 των
475 4977 568 5012 και
603 4956 888 5027 στρατείας
922 4949 1376 5019 καταλεγομένων
1416 4946 1770 5017 στρατιωτῶν
1799 4943 1892 4995 καὶ

309 5058 529 5113 λοιπῶν
566 5053 882 5125 περιμένειν
915 5050 1012 5119 τὴν
1045 5045 1341 5115 ἐπιδημίαν
1367 5043 1474 5096 τῶν
1501 5041 1738 5110 ἀνδρῶν,
1771 5039 1876 5092 κᾶν

309 5157 443 5213 ὅσος
475 5148 722 5221 παρέλθῃ
747 5145 934 5216 χρόνος
956 5159 968 5172 ’
1008 5143 1098 5194 καὶ
1133 5141 1234 5192 κᾶν
1267 5137 1528 5200 δέξωνται
1586 5133 1892 5203 γράμματα

310 5247 780 5314 πληροφορητικα
807 5235 902 5288 τοῦ
931 5235 1162 5286 θανάτου
1218 5229 1418 5291 αὐτῶν,
1468 5227 1765 5295 ἀναμένειν
1799 5225 1894 5277 καὶ

310 5343 513 5408 ἕτερον
550 5336 821 5396 ἐνιαυτὸν,
855 5331 949 5385 καὶ
984 5331 1122 5400 μετὰ
1147 5326 1306 5380 τοῦτο
1337 5323 1715 5393 συγγνωστέον
1750 5317 1888 5372 εἶναι

311 5435 410 5486 τὸν
445 5428 591 5502 μετὰ
624 5426 813 5494 ἑτέρου
841 5423 1033 5492 ἁνὸρὸς
1095 5423 1272 5488 γάμον
1327 5420 1555 5485 ταιζτης,
1622 5417 1698 5485 μὴ
1743 5414 1892 5482 ὀφεί-

310 5526 484 5576 λοντα.
537 5515 962 5583 διασπασθῆναι.
1007 5511 1071 5564 Ἡ
1110 5513 1292 5581 μέντοι
1343 5507 1424 5576 κβ¹
1469 5507 1895 5568 Ἰουστινιάνειος

312 5614 655 5688 νεαρὰ,ἦτοι
696 5611 756 5660 τὸ
789 5613 826 5657 ε’
860 5623 984 5673 κεφ.
1043 5605 1135 5656 τοῦ
1183 5601 1224 5668 ζ’
1257 5601 1434 5654 τίτλου
1469 5599 1561 5651 τοῦ
1619 5598 1702 5667 κη’
1747 5599 1891 5666 βιϐλ.

310 5708 620 5780 δωρίζεται
674 5697 1113 5755 ὲπὶπενταετίαν
1143 5695 1436 5764 ἀναμένειν
1498 5694 1594 5763 την
1646 5693 1884 5759 γλναίκι

2003 4504 2206 4550 διἰιιὶις
2257 4512 2361 4550 non
2401 4509 2586 4551 autem
2640 4510 2761 4565 qua:
2793 4499 3061 4553 resistunt
3121 4505 3175 4552 et
3230 4497 3561 4552 adulterium

1999 4587 2225 4656 eligunt.
2259 4588 2322 4640 Et
2357 4589 2470 4643 haec
2516 4587 2737 4656 quidem
2786 4602 2984 4642 canon.
3037 4587 3146 4644 Lex
3202 4600 3384 4644 autem
3413 4590 3567 4660 ,civi-

2001 4678 2090 4740 lis,
2120 4676 2184 4732 10
2236 4679 2446 4733 scilicet
2503 4694 2624 4748 cap.
2658 4681 2688 4733 7
2743 4684 2824 4733 tit.
2858 4695 3022 4734 ιιι-ιιι
3074 4681 3194 4742 ιιι...
3244 4681 3392 4750 quod
3441 4683 3567 4750 qui-

2001 4769 2123 4822 dem
2157 4778 2236 4822 est
2286 4770 2498 4827 novella
2544 4767 2746 4824 Justin.
2783 4771 2876 4824 li?
2917 4771 3048 4824 dicit
3103 4789 3304 4829 uxores
3354 4787 3566 4837 eorum,

2002 4861 2092 4930 qui
2123 4871 2250 4914 sunt
2315 4865 2365 4915 in
2419 4862 2557 4927 acie,
2612 4871 2665 4916 et
2721 4863 2776 4916 in
2837 4863 3106 4917 militares
3148 4864 3372 4918 ordines
3411 4865 3566 4918 relati

2003 4960 2150 5014 sunt,
2196 4952 2429 5004 militum
2483 4963 2536 5006 et
2592 4953 2950 5023 reliquorum,
3001 4952 3201 5008 debere
3249 4963 3567 5022 exspectare

2003 5046 2321 5096 maritorum
2347 5044 2616 5108 reditum,
2659 5054 3150 5114 quantumcunque
3187 5055 3399 5112 tempus
3429 5057 3566 5112 pra:-

2004 5137 2211 5190 teriet‘it
2239 5155 2251 5188 :
2289 5151 2339 5189 et
2371 5139 2585 5191 etiamsi
2617 5137 2682 5191 de
2716 5139 2837 5206 ejus
2869 5145 3042 5190 morte
3070 5137 3271 5190 litteris
3299 5135 3563 5188 certiores

2003 5230 2158 5284 laetae
2223 5231 2474 5290 luerunt,
2539 5230 2742 5284 debere
2797 5243 3018 5298 queque
3071 5230 3303 5282 alterum
3359 5241 3562 5280 annum

2002 5333 2348 5391 exspectare,
2379 5329 2432 5376 et
2474 5324 2520 5374 ei
2563 5329 2749 5390 postea
2784 5321 2995 5373 veniam
3034 5318 3269 5372 dandam
3319 5329 3466 5378 esse,
3515 5316 3562 5368 si

2003 5429 2127 5468 cum
2156 5415 2263 5466 alio
2295 5428 2412 5466 νιΓυ
2449 5415 2860 5465 matrimonium
2893 5410 3212 5472 contrahat,
3261 5411 3406 5477 quod
3459 5422 3566 5460 non

2003 5506 2162 5558 debet
2195 5506 2460 5572 separati.
2492 5503 2763 5558 Vicesima
2793 5514 2970 5556 autem
3000 5500 3238 5554 secunda
3272 5497 3565 5554 Justiniani

2007 5597 2259 5658 novella,
2297 5597 2412 5649 sive
2474 5596 2506 5649 5
2562 5606 2726 5664 caput
2777 5596 2804 5646 7
2859 5600 2942 5648 tit.
3009 5608 3174 5647 xxvttt
3229 5593 3324 5646 lib.
3381 5595 3568 5647 statuit

2004 5687 2384 5757 quinquennio
2421 5690 2618 5741 debere
2651 5699 2970 5756 exspectare
3005 5688 3292 5743 ntulit-rem
3338 5688 3418 5743 vel
3453 5700 3566 5739 ma-
