4092 6214
267 275 376 338 8ο7

1330 271 1410 331 IN
1452 268 1618 328 (ῙΑΝ-
1664 267 1840 329 XCIV
1881 264 2092 326 CONC.
2120 264 2202 326 IN
2237 265 2570 328 TRULLO.

3417 271 3521 335 838

269 392 509 444 ποιεῖται
542 388 854 458 ἀκρίϐειαν,
891 388 1032 441 ὥστε
1071 386 1146 458 μὴ
1190 386 1402 456 ἑτέροις
1442 383 1837 448 συνάπτεσθαι,

1977 397 2116 452 [nam
2161 382 2583 454 diligentissime
2627 386 2807 460 legum
2853 388 3096 446 civilium
3139 392 3524 462 sanctionibus

269 485 322 536 εἰ
355 481 921 551 μάθοιενάνῃρῆσθαι
955 480 1079 542 τοὺς
1106 477 1305 550 ἄνδρας
1331 476 1534 540 αὐτῶν,
1569 476 1618 527 εί
1647 475 1720 543 μὴ
1743 474 1844 537 τὰς

273 575 700 644 παρατηρήσεις
759 571 1095 640 φυλάξαιεν,
1159 570 1224 633 ἃς
1283 571 1318 638 ἡ
1399 567 1840 636 ἑπτακαιδεκάτη

276 664 452 734 νεαρᾶ
476 664 746 732 περιέχει,
778 664 1005 733 κειμένη
1034 663 1112 724 είς
1146 659 1350 731 βιϐλίον
1393 659 1502 711 τῶν
1543 654 1848 709 Βασιλικῶν

277 755 530 809 εἰκοστὸν
557 755 762 821 ὃγδοον,
787 753 965 808 τίτλον
1014 754 1057 818 ζ’
1111 770 1238 822 κεφ.
1273 751 1338 816 ζ’.
1367 751 1429 804 Et
1459 749 1514 803 δέ
1541 765 1648 811 τις,
1682 748 1848 816 φησιν

278 846 307 896 6
337 843 520 896 κανὼν
551 838 730 906 οὗτος,
757 842 896 912 γυνὴ
922 844 1230 913 συνοικήσει
1256 841 1333 912 τῷ
1357 839 1495 910 πρὸς
1525 837 1719 906 καιρὸν
1748 854 1847 890 κα-

285 933 636 1000 ταλειφθέντι
674 934 826 1002 παρὰ
854 932 952 1000 τῆς
988 933 1125 996 ίδίας
1159 931 1418 1000 γυναικὸς
1439 969 1454 994 ,
1488 927 1758 997 ἀγνοοῦσα
1788 928 1849 980 τὸ

284 1027 546 1095 πρᾶγμα,
599 1021 719 1077 εἶτα
771 1025 1176 1095 ἐπανελθούσης
1225 1023 1324 1092 τῆς
1376 1021 1649 1092 προτέρας
1683 1020 1848 1073 αὑτοῦ

279 1116 544 1184 γυναικὸς
578 1117 914 1186 άποπεμφθῇ
968 1118 997 1185 ἡ
1045 1116 1194 1184 αὐτῷ
1244 1115 1383 1168 κατὰ
1407 1115 1660 1184 δεύτερον
1707 1115 1850 1184 τάχα

281 1207 658 1276 συνοικήσασα
703 1207 901 1275 γάμον,
955 1208 1032 1269 ὡς
1079 1205 1450 1276 πορνεύσασα,
1499 1205 1593 1258 καὶ
1643 1204 1740 1272 οὐχ
1776 1204 1851 1266 ὡς

288 1298 544 1367 μοιχαλὶς
577 1299 1136 1368 καταδικασθήσεται,
1170 1298 1263 1350 καὶ
1312 1299 1360 1350 εί
1394 1297 1644 1364 βούλεται
1678 1298 1852 1366 ἐτέρῳ

294 1389 453 1459 ἀνδρὶ
478 1389 694 1458 νομίμῳ
722 1389 1001 1455 γενέσθαι,
1033 1390 1093 1442 ού
1127 1389 1532 1459 κωλυθήσεται.
1560 1388 1671 1440 Καὶ
1695 1389 1850 1441 τοῦτο

281 1481 338 1533 δῖ
364 1481 458 1533 τοῦ
481 1481 718 1550 μεγάλου
747 1481 1032 1534 Βασιλείου
1062 1482 1241 1534 κανών
1273 1482 1388 1532 ἐστι
1417 1479 1854 1550 τεσσαρακοστδς

290 1573 480 1634 ἕκτος.
513 1571 574 1626 Εἰ
604 1574 661 1626 δὲ
698 1572 1033 1642 στρατιώτου
1064 1573 1202 1642 γυνὴ
1227 1573 1302 1634 ὡς
1332 1571 1426 1624 τοῦ
1461 1571 1652 1640 ἀνδρὸς
1685 1572 1856 1640 αὐτῆς

286 1663 543 1725 θανόντος
567 1663 751 1733 ἕτερον
777 1663 952 1728 λάϐοι,
983 1661 1103 1716 εἶτα
1127 1662 1414 1716 ἐπανέλθοι
1442 1663 1470 1713 ό
1493 1660 1854 1732 στρατιώτης,

1958 479 2181 526 cautum
2207 483 2328 539 est;
2368 484 2425 529 ut
2451 479 2698 546 quamvis
2727 483 2976 536 nuntiato
3007 486 3246 541 virorum
3276 490 3526 562 interitu,

1960 578 2066 617 non
2096 570 2300 630 tamen,
2355 566 2459 622 nisi
2499 567 2566 622 iis
2596 572 2850 626 munibus
2887 589 3008 642 qua:
3044 576 3254 634 decima
3288 587 3525 652 septima

1952 655 2172 710 novella
2221 656 2273 710 in
2321 657 2462 712 libro
2491 661 2752 716 vicesimo
2800 675 3011 731 octavo,
3053 669 3209 725 titulo
3255 676 3530 744 Septimo,

1961 759 2080 815 cap.
2108 747 2340 816 septimo
2370 748 2588 804 Basilic.
2635 753 2808 820 posita
2857 759 3212 814 continentur
3272 771 3525 832 servatis,

1964 835 2120 890 alteri
2147 837 2382 904 cuipiam
2424 841 2656 893 nubant.
2691 839 2747 895 Si
2784 858 2905 912 qute
2940 862 3068 902 vero
3101 851 3316 914 iiiulicr,
3348 855 3527 924 inquit

1965 925 2053 978 hic
2087 941 2287 989 canon,
2347 927 2460 983 viro
2512 931 2579 983 ad
2623 939 2836 998 tempus
2869 937 2935 988 ab
2963 953 3132 994 uxore
3171 955 3268 995 sua
3314 945 3525 1009 relicto,

1965 1017 2170 1074 factum
2194 1022 2476 1092 ignorans,
2513 1029 2786 1094 nupserit,
2821 1040 2932 1084 tum
2972 1051 3138 1089 uxore
3162 1040 3338 1106 priure
3374 1031 3530 1096 rede-

1967 1121 2096 1165 ttnte
2127 1113 2193 1166 ab
2229 1113 2319 1168 illu
2342 1113 2569 1171 dimissa
2605 1117 2784 1184 fuerit,
2813 1138 2938 1176 cum
2965 1139 3073 1192 quo
3107 1129 3360 1184 secundis
3394 1133 3528 1188 forte

1968 1202 2171 1270 nuptiis
2199 1204 2447 1271 repulata
2489 1208 2768 1262 coit-erat:
2801 1213 2976 1266 instar
3003 1214 3394 1281 iornicatrieis.
3422 1239 3527 1276 non

1966 1298 2025 1344 ut
2065 1291 2312 1346 adultera
2360 1295 2846 1364 condemtiabitur,
2893 1318 2994 1356 nec
3040 1306 3359 1376 quidquam,
3396 1328 3532 1380 quo-

1967 1382 2171 1444 minus,
2218 1383 2264 1436 si
2294 1383 2445 1449 velit,
2489 1386 2644 1440 alteri
2677 1388 2794 1442 viro
2827 1392 3018 1459 nnbat,
3050 1395 3309 1453 obstabit.
3345 1399 3526 1470 Atque

1969 1477 2069 1526 hoc
2133 1489 2351 1543 quoque
2424 1481 2601 1548 magni
2653 1481 2782 1535 item
2851 1483 3037 1539 Basilii
3101 1491 3528 1562 quadragesimo

1965 1572 2120 1618 sexto
2152 1580 2365 1622 canone
2387 1575 2741 1626 constitutum
2763 1585 2869 1629 est.
2892 1578 3047 1642 Quod
3076 1581 3121 1635 si
3154 1598 3291 1637 uxor
3319 1587 3529 1648 militis.

1969 1657 2220 1708 maritum
2257 1658 2533 1717 interiisse
2594 1672 2736 1728 rata,
2767 1668 2921 1722 alteri
2956 1675 3226 1740 nupserit,
3263 1689 3326 1728 ac
3353 1693 3534 1731 rever-

285 1756 338 1807 εί
379 1755 660 1824 βούλεται,
705 1755 938 1824 λήψεται
981 1755 1079 1825 τὴν
1109 1754 1318 1807 οἰκείαν
1350 1755 1584 1822 γυναῖκα
1615 1769 1861 1821 3wva-

1977 1758 2109 1801 Latur
2160 1758 2343 1817 postea
2379 1753 2556 1817 miles,
2581 1771 2734 1810 suam
2774 1759 2843 1824 is,
2884 1761 2931 1814 si
3003 1764 3257 1830 voluerit,
3305 1765 3529 1821 uxe'rem

287 1847 633 1917 μονουμένην
654 1847 739 1899 διὰ
770 1847 866 1916 τὴν
884 1847 1128 1913 ἄγνοιαν,
1158 1845 1300 1897 ὥστε
1334 1845 1409 1913 μὴ
1436 1844 1860 1913 ἐπιτιμηθῆναι,

289 1939 562 1992 ἀλλὀύδέ
603 1941 632 1990 6
668 1938 842 2009 ταύτῃ
895 1939 1140 2007 νομίμως
1189 1937 1483 2005 συναφθεὶς
1521 1936 1860 2006 ἐπιτιμηθή·

289 2047 449 2083 σεται
473 2031 558 2082 διὰ
587 2031 684 2098 τὴν
711 2031 878 2101 αὐτὴν
907 2031 1110 2084 αἰτίανς

289 2122 518 2175 ΑΡΙΣΤ.
581 2141 598 2174 ι
652 2123 869 2192 Ἀνδρος
911 2120 1346 2190 άφαντουμένου,
1387 2121 1421 2190 ἡ
1482 2118 1590 2190 πρὸ
1619 2118 1712 2172 τοῦ
1742 2135 1863 2170 πει-

375 2233 396 2266 ›
443 2215 637 2282 σθῆναι
687 2214 928 2267 λαϐοῦσα
983 2215 1239 2282 μοιχᾶται
1279 2229 1294 2245 ο
1331 2215 1359 2266 6
1406 2213 1464 2264 δέ
1515 2211 1864 2281 ὑποστρέψας

383 2325 401 2358 ι
442 2307 606 2375 ἀνὴρ,
630 2305 685 2362 ,εἰ
718 2305 1051 2375 προῄρηται,
1084 2303 1320 2372 λήψεται
1349 2301 1542 2371 αὐτήν.
1581 2319 1600 2352 ι

378 2491 594 2562 Συνᾲδει
625 2489 701 2558 τῷ
727 2489 951 2559 παρόντι
981 2487 1166 2542 κανόνι
1198 2487 1294 2540 καὶ
1321 2487 1355 2558 ἡ
1404 2485 1670 2557 ἑκατοστὴ
1703 2485 1872 2537 ἑπτα·

294 2579 604 2647 καιδεκάτη
666 2576 1099 2639 Ἰουστινιὰνειος
1144 2576 1316 2645 νεαρὰ
1340 2616 1354 2642 ,
1390 2577 1424 2644 ἡ
1461 2577 1518 2627 ἐν
1547 2575 1625 2644 τῷ
1654 2574 1868 2642 ἑϐδόμῳ

292 2670 470 2739 τίτλῳ
513 2668 610 2722 τοῦ
653 2667 900 2721 εἰκοστοῦ
944 2667 1134 2737 ὀγδόου
1179 2666 1392 2736 βιϐλίου
1423 2666 1532 2720 τῶν
1569 2666 1870 2718 Βασιλικῶν

297 2762 536 2832 κειμένη
571 2777 586 2792 θ
619 2759 952 2830 προστάττει
1003 2757 1114 2828 γὰρ
1150 2758 1404 2827 κάκείνη,
1453 2757 1553 2822 ὡς,
1603 2756 1699 2809 ἐὰν
1732 2756 1872 2826 γυνὴ

299 2853 649 2923 στρατιώτην
681 2853 779 2922 ἔχῃ
805 2852 997 2920 ἄνδρα,
1031 2853 1127 2903 καὶ
1151 2852 1212 2903 ὲν
1240 2847 1568 2918 ἐκστρατεία
1595 2848 1873 2917 ἀποδημῇ,

295 2947 405 2999 καὶ
436 2945 582 3015 μάθῃ
612 2944 798 2996 τοῦτον
837 2941 1298 3012 τετελευτηκέναι,
1341 2938 1417 3010 μὴ
1451 2939 1624 3000 άλλως
1653 2937 1730 3000 είς
1755 2939 1874 2990 ἑτέ-

303 3053 438 3104 ρους
481 3037 650 3104 αὐτὴν
696 3035 955 3105 ἔρχεσθαι
1005 3033 1218 3102 γάμους

301 3132 414 3198 σχῇ
470 3128 622 3195 παρὰ
671 3127 780 3178 τῶν
833 3124 1066 3195 πρώτων
1114 3128 1207 3175 τοῦ
1244 3121 1481 3191 ἀριθμοῦ
1515 3123 1573 3172 ὲν
1607 3115 1650 3188 ᾧ
1680 3120 1876 3190 όάνὴρ

301 3219 483 3286 αὐτῆς
512 3214 934 3287 ἐστρατεύσατο,
971 3212 1348 3282 προκειμένων
1374 3209 1483 3262 τῶν
1512 3209 1680 3278 ἁγίων
1702 3209 1877 3275 Εὐαγ-

303 3311 507 3378 γελίων
528 3311 624 3362 καὶ
641 3308 734 3360 ἐπὶ
764 3306 1015 3376 πράξεως
1036 3302 1446 3374 ὑπομνημάτων
1469 3299 1876 3371 ὁμολογούντων

307 3405 389 3466 ὡς
419 3405 542 3464 ταῖς
573 3400 859 3472 ἀληθείαις
891 3401 918 3452 6
942 3399 1082 3469 ἀνὴρ
1111 3399 1281 3466 αὐτῆς
1311 3394 1651 3463 ἐτελεύτησε,
1680 3392 1776 3445 καὶ⁸
1809 3391 1877 3444 τὰ

305 3494 540 3546 τοιαῦτα
578 3492 955 3560 ὑπομνήματα
986 3488 1126 3559 λάϐῃ
1150 3527 1164 3550 ,
1199 3489 1294 3540 καὶ
1333 3486 1471 3556 μετὰ
1499 3487 1596 3553 τὴν
1621 3483 1878 3553 τοιαύτην

312 3585 702 3656 πληροφορίαν
735 3584 1006 3654 ἀναμείνῃ
1031 3583 1124 3632 καὶ
1157 3579 1274 3641 ἐνὸς
1302 3575 1551 3630 ἐνιαυτοῦ
1582 3575 1876 3643 διάστημα.

315 3679 381 3731 Εἰ
413 3675 471 3728 δὲ
523 3675 676 3744 παρὰ
726 3673 828 3743 τὴν
870 3672 1255 3741 παρατήρησιν
1305 3666 1510 3736 ταύτην
1568 3671 1647 3730 είς
1692 3666 1878 3736 ἕτερον

312 3769 449 3840 ἔλθῃ
500 3767 678 3837 γάμον
734 3767 829 3818 καὶ
863 3764 1032 3834 αὐτὴν
1075 3764 1170 3817 καὶ
1204 3763 1298 3816 τὸν
1329 3762 1672 3832 ἀγαγόμενον
1711 3761 1880 3832 αὐτὴν

309 3859 389 3920 ὡς
419 3859 637 3927 μοιχοὺς
688 3855 1074 3926 τιμωρεῖσθαι.
1119 3855 1180 3906 El
1215 3853 1272 3906 δὲ
1315 3853 1415 3923 τῆς
1446 3854 1881 3924 παρατηρήσεως

313 3954 523 4022 ταύτης
552 3954 880 4022 γενομένης,
905 3949 1206 4019 εὑρεθῶσιν
1231 3949 1282 4000 οί
1317 3947 1436 4017 μεθ’
1480 3947 1644 4015 ὅρκου
1677 3947 1881 4016 πληρο-

317 4045 659 4115 φορήσαντες
721 4042 893 4110 αὐτὴν
948 4041 1314 4112 ψευδόμενοι,
1378 4039 1574 4101 αὐτοὺς
1633 4039 1730 4106 μὲν
1782 4037 1883 4106 τῆς

319 4138 612 4205 στρατείας
643 4133 1117 4204 ἀπογυμνοῦσθαι,
1144 4134 1234 4185 καὶ
1263 4133 1397 4184 δέκα
1428 4130 1632 4201 λιτρῶν
1658 4129 1880 4199 χρυσίου

319 4228 514 4298 ποινὴν
544 4229 680 4297 πρὸς
721 4228 955 4292 ἐκεῖνον,
988 4225 1048 4278 δν
1082 4223 1380 4294 ἐψεύσαντο
1412 4222 1880 4289 τετελευτηκέναι,

319 4320 641 4374 καταθεῖναι
676 4318 1118 4390 παρακελεύεται
1151 4333 1165 4346 ·
1209 4319 1374 4369 αὑτὸν
1403 4316 1479 4377 δὲ,
1528 4316 1576 4367 εί
1622 4312 1882 4384 βουληθῇ,

317 4412 420 4481 τὴν
450 4411 583 4462 ίδίαν
615 4410 862 4480 γαμετὴν
885 4409 1174 4462 ἀναλαϐεῖν
1201 4408 1260 4459 ού
1284 4406 1504 4460 κωλύει.

920 4499 1151 4556 ΚΛΝΩΝ
1189 4497 1299 4566 ιμ’.

330 4613 350 4644 ι
397 4595 538 4656 Τοὺς
591 4595 896 4662 ὀμνύοντας
966 4593 1162 4663 ὅρκους

407 4798 424 4827 ι
468 4779 558 4830 τὸν
592 4778 892 4846 άφορισμδν
921 4775 1193 4845 ὁρίζομεν.
1234 4792 1254 4826 ι

397 4871 592 4922 ΒΛΛΣ.
634 4870 700 4922 ’0
732 4869 900 4938 μέγας
937 4868 1212 4929 Ιίασίλειος
1271 4866 1329 4918 ἐν
1385 4865 1572 4918 κανόνι
1618 4864 1708 4917 παῖ
1764 4867 1888 4917 ἐπι-

321 4963 531 5033 τιμίοις
558 4961 1050 5015 καθυποϐάλλειού
1098 4961 1260 5028 μόνον
1299 4959 1426 5021 τοὺς
1475 4957 1738 5020 ἑκουσίως
1782 4957 1890 5010 τῶν

321 5056 696 5124 δαιμονιωδὼν
733 5055 991 5122 θυμάτων
1029 5050 1340 5122 ἁψαμένους
1369 5090 1385 5114 ,
1436 5051 1530 5102 καὶ
1585 5050 1890 5119 ὀμόσαντας

339 5147 694 5217 Ἑλληνικοὺς
745 5147 958 5216 ὅρκους,
1008 5145 1142 5198 ἀλλὰ
1196 5143 1291 5196 καὶ
1343 5142 1466 5204 τοὺς
1501 5143 1767 5203 ἀκουσίως
1812 5143 1891 5204 εἰς

331 5241 497 5294 τοῦτο
531 5239 961 5307 συνωθηθέντας.
1017 5234 1354 5297 Ἀκολούθως
1399 5229 1494 5286 οὖν
1548 5233 1627 5300 τῷ
1667 5233 1889 5302 τοιούτῳ

330 5332 521 5386 κανόνι
552 5332 646 5385 καὶ
671 5333 698 5384 ὀ
726 5331 916 5400 παρὼν
942 5329 1195 5399 ἀφορίζει
1226 5327 1472 5387 τούτους.
1512 5324 1812 5394 Ἑλληνικοί
1835 5326 1890 5377 δὲ

329 5426 486 5494 ὅρκοι
542 5423 683 5477 εἰσὶν
734 5425 784 5475 οἱ
813 5422 963 5493 παρὰ
1000 5422 1107 5476 τῶν
1150 5420 1418 5489 Ἑλλήνων
1460 5418 1772 5488 ὸμνύμενοι.
1828 5418 1893 5469 Οί

335 5518 434 5585 μὲν
495 5518 628 5586 γὰρ,
701 5519 779 5579 εἰς
843 5514 1230 5584 ψευδωνύμους
1292 5513 1445 5574 θεοὺς
1521 5508 1889 5573 πιστεύοντες,

331 5607 554 5676 ὤμνυον
606 5609 684 5670 εἰς
718 5609 785 5661 τὰ
832 5607 1036 5658 τούτων
1080 5605 1320 5674 ὀνόματα
1353 5619 1366 5633 ·
1406 5602 1555 5656 ἄλλοι
1607 5602 1892 5652 ἐπίστευον

332 5703 412 5765 εἰς
453 5702 522 5756 τὰ
555 5702 817 5770 στοιχεῖα,
854 5699 947 5752 καὶ
975 5698 1158 5766 ἕτεροι
1189 5698 1268 5760 εἰς
1301 5697 1437 5749 ἄλλα
1471 5694 1611 5747 τινά.
1654 5691 1889 5761 Ἐρωτή-

1273 5874 1300 5901 ο

1240 3074 1255 3096 ,
1299 3033 1347 3084 εἱ
1385 3030 1458 3101 μὴ
1495 3031 1876 3134 πληροφορίαν
1903 3077 1945 3134 C

1907 4406 1962 4466 D

1235 4589 1582 4657 Ἑλληνικοὺς
1631 4591 1658 4640 6
1709 4587 1888 4642 κανὼν

409 4706 426 4736 ι
483 4687 778 4756 ἐπιτιμίοις
832 4683 1235 4738 καθυποϐάλλει
1268 4696 1284 4711 ⁸
1332 4683 1427 4734 καὶ
1471 4682 1630 4752 ἡμεῖς
1678 4682 1889 4742 τούτοις

1970 1839 2232 1907 recipiet;
2270 1842 2356 1894 cui
2405 1845 2626 1912 quidem
2677 1848 2747 1900 ob
2795 1849 3162 1919 ignorantiam
3227 1852 3533 1926 ignoscitur

1968 1927 2103 1982 adeo
2144 1941 2196 1982 ιιι
2235 1947 2341 1985 non
2378 1936 2673 2001 puniatur;
2707 1941 3004 2008 quinetiam
3038 1946 3229 2011 necis,
3276 1948 3370 2018 qui
3413 1966 3531 2004 eam

1971 2019 2208 2086 legitime
2239 2023 2416 2086 duxit,
2452 2028 2598 2081 illam
2623 2031 2691 2083 ob
2719 2047 2940 2086 causam
2979 2037 3260 2103 punietur.

1968 2112 2200 2167 AltlSl‘.
2263 2133 2281 2165 ι
2314 2117 2441 2170 Viro
2491 2135 2594 2173 non
2639 2133 2935 2192 apparente
2961 2164 2976 2188 ,
3027 2143 3146 2198 quae
3183 2131 3348 2184 alium
3385 2136 3536 2204 prius

2045 2223 2066 2256 ι
2103 2210 2395 2276 acceperit,
2428 2225 2586 2278 quam
2631 2217 2832 2269 certior
2865 2218 3004 2271 facta
3035 2221 3126 2283 sit,
3171 2223 3531 2282 adulteratur.

2047 2313 2065 2346 ι
2102 2293 2196 2348 Vir
2244 2307 2423 2352 autem
2478 2316 2770 2368 reversus,
2829 2307 2874 2359 si
2923 2307 3332 2376 voluerit,eam
3393 2318 3537 2370 reci-

2049 2403 2068 2435 ι
2114 2387 2242 2454 piet.
2274 2407 2292 2439 ι

2045 2478 2297 2533 Concinit
2331 2485 2585 2550 pnesenti
2633 2488 2828 2540 canoni
2880 2499 2932 2544 et
2973 2496 3268 2548 centesima
3323 2498 3533 2552 decima

1975 2570 2201 2637 septima
2216 2570 2506 2630 Justiniani
2529 2580 2733 2631 novella
2760 2581 2810 2632 in
2839 2585 3069 2652 septimo
3108 2583 3262 2640 titulo
3296 2587 3538 2644 vicesimi

1975 2662 2152 2713 octavi
2174 2662 2338 2733 270
2366 2667 2486 2732 libri
2517 2667 2733 2725 Basilic.
2760 2675 2963 2741 posita.
2999 2673 3092 2728 Illa
3130 2678 3325 2730 etenim
3355 2680 3532 2746 jubet,

1977 2751 2122 2819 quod
2156 2755 2200 2806 si
2233 2756 2432 2809 mulier
2463 2757 2682 2812 militem
2726 2761 2978 2818 habuerit
3003 2767 3200 2828 virum,
3227 2770 3316 2837 qui
3354 2770 3406 2822 in
3439 2787 3535 2824 ex-

1977 2843 2248 2910 peditione
2279 2861 2501 2916 peregre
2537 2849 2812 2917 profectus
2845 2857 2935 2914 sit.
2975 2869 3036 2908 ea
3070 2865 3248 2910 autem
3279 2859 3535 2912 didicerit

1981 2936 2132 2990 illum
2165 2949 2392 2993 mortem
2428 2941 2670 3009 abiisse;
2719 2961 2828 3000 non
2872 2948 3030 3000 aliter
3066 2965 3127 3004 ea
3155 2949 3289 3005 alias
3317 2953 3538 3021 nuptias

1982 3028 2146 3093 ineat,
2197 3031 2301 3085 nisi
2341 3047 2436 3102 pro
2471 3048 2623 3089 certo
2659 3036 2907 3092 habuerit
2937 3055 2965 3094 a
3013 3043 3204 3111 primis
3237 3045 3444 3097 numeri
3483 3046 3535 3098 in

1977 3134 2086 3188 quo
2143 3121 2222 3174 vir
2257 3121 2378 3190 ejus
2423 3125 2708 3193 militabat,
2761 3131 3054 3198 prapnsitis
3110 3132 3270 3186 etiam
3330 3133 3540 3189 sanctis

1979 3209 2284 3281 Evangeliis
2324 3223 2380 3268 et
2421 3231 2516 3285 per
2559 3220 2791 3274 actionis
2830 3232 3182 3276 monumenta
3227 3223 3542 3277 conﬁtenti-

1979 3309 2101 3370 bus,
2137 3308 2280 3375 quod
2312 3309 2394 3362 vir
2415 3308 2536 3380 ejus
2566 3326 2751 3366 revera
2788 3314 2892 3367 vita
2925 3315 3219 3370 defunctus
3246 3317 3336 3383 sit,
3365 3329 3416 3370 et
3438 3318 3540 3371 hu-

1974 3396 2214 3466 jusmodi
2257 3413 2606 3456 monumenta
2635 3406 2927 3474 acceperit,
2963 3417 3015 3459 et
3045 3416 3168 3476 post
3199 3417 3402 3462 certam
3435 3410 3539 3462 lin-

1975 3489 2213 3557 jnsmodi
2249 3494 2683 3562 persuasionem,
2720 3497 2880 3552 unius
2920 3500 3086 3553 etiam
3131 3501 3257 3554 anni
3303 3503 3536 3571 spatium

1980 3585 2263 3636 manserit.
2320 3582 2376 3637 Si
2435 3594 2617 3640 autem
2665 3598 2862 3657 praeter
2904 3590 3045 3645 hanc
3099 3591 3536 3647 observationem

1982 3670 2120 3724 alias
2151 3672 2372 3742 nuptias
2397 3674 2644 3740 iniverit,
2673 3685 2727 3732 et
2755 3677 2866 3742 illa,
2905 3686 2958 3734 et
2999 3680 3093 3748 qui
3128 3695 3245 3734 eam
3274 3682 3447 3743 ducit,
3484 3692 3542 3735 ut

1981 3760 2214 3815 adulteri
2245 3764 2506 3831 puniendi
2535 3773 2685 3820 sunt.
2725 3766 2780 3820 Si
2826 3776 3006 3823 autem
3044 3771 3145 3824 hac
3185 3770 3324 3826 facta
3355 3771 3544 3827 obser—

1983 3857 2199 3911 vatione
2230 3857 2339 3924 isti,
2377 3860 2468 3928 qui
2499 3874 2620 3913 cum
2645 3861 2954 3929 juramento
2987 3879 3104 3915 eam
3141 3863 3392 3917 fecerunt
3417 3880 3541 3918 cer-

1984 3947 2198 4013 tiorem,
2232 3950 2443 4003 mentiti
2475 3951 2643 4005 fuisse
2683 3951 3196 4021 deprehendantur;
3233 3955 3367 4007 istos
3397 3956 3543 4008 mili-

1986 4040 2060 4094 tia
2096 4040 2452 4096 denudandos
2506 4057 2655 4105 esse,
2722 4052 2776 4097 et
2835 4044 3020 4098 decem
3096 4045 3360 4099 librarum
3423 4047 3540 4098 auri

1983 4147 2198 4201 puenam
2244 4134 2338 4197 ei,
2397 4149 2558 4204 quem
2617 4135 2752 4190 falso
2803 4137 3060 4190 dixerunt
3111 4137 3256 4190 diem
3314 4137 3541 4202 obiisse,

1987 4223 2298 4292 persolvere
2338 4223 2536 4293 jubet:
2581 4240 2703 4279 eum
2759 4235 2977 4293 autem,
3021 4227 3065 4281 si
3110 4227 3263 4293 velit,
3311 4243 3536 4282 uxorem

1987 4329 2139 4367 suam
2169 4317 2413 4386 recipere
2441 4332 2549 4371 non
2574 4317 2844 4386 prohibet.

2550 4493 2779 4549 CANON
2823 4494 3005 4550 XCIV.

1993 4601 2014 4635 ι
2058 4585 2162 4640 Eos
2221 4587 2310 4656 qui
2371 4588 2652 4655 gentilium
2716 4601 3055 4643 sacramenta
3099 4590 3312 4659 jurant,
3371 4607 3546 4648 canon

2066 4696 2084 4727 ι
2133 4679 2307 4747 pinnis
2337 4678 2559 4748 subjicit
2589 4697 2602 4732 ε
2633 4689 2684 4734 et
2723 4695 2820 4735 nos
2847 4681 2912 4733 iis
2946 4697 3165 4752 quoque
3212 4685 3544 4754 segregatio-

2067 4787 2086 4820 ι
2136 4785 2254 4823 nem
2287 4770 2648 4825 decernimus.
2680 4791 2698 4822 ι

2063 4860 2256 4914 BALS.
2295 4861 2520 4933 Magnus
2596 4863 2829 4919 Basilius
2880 4865 2932 4918 in
2988 4881 3194 4919 canone
3249 4866 3311 4921 8i
3373 4866 3550 4935 poenis

1992 4952 2211 5020 subjieit
2245 4968 2350 5007 non
2374 4967 2470 5010 eos
2505 4953 2679 5008 solum
2711 4956 2802 5022 qui
2859 4971 2956 5007 sua
2999 4963 3190 5022 sponte.
3221 4954 3550 5007 dmmuniaea

1992 5044 2256 5098 sacriﬁcia
2282 5045 2599 5114 attigerunt,
2633 5053 2686 5098 et
2707 5046 2991 5115 gentilium
3024 5053 3365 5100 saeramenta
3393 5043 3552 5111 jura-

1993 5144 2152 5200 runt,
2188 5137 2281 5191 sed
2311 5151 2406 5191 eos
2439 5139 2601 5190 etiam
2635 5138 2728 5205 qui
2766 5153 2872 5190 non
2903 5146 3096 5205 sponte
3131 5140 3196 5188 ad
3244 5149 3305 5189 ea
3343 5137 3551 5189 detrusi

1995 5241 2141 5286 sunt.
2180 5228 2242 5282 Ei
2276 5244 2404 5298 ergo
2433 5227 2628 5282 canoni
2663 5236 3088 5297 consequenter,
3133 5218 3372 5293 praesens
3413 5242 3555 5294 quo-

1994 5337 2100 5394 que
2133 5337 2308 5376 canon
2354 5336 2452 5375 eos
2502 5328 2770 5390 segregat.
2805 5319 2944 5373 Sunt
2977 5330 3156 5373 autem
3203 5328 3550 5373 sacramenta

1993 5415 2296 5486 gentilium,
2320 5430 2440 5483 qua:
2465 5414 2722 5481 iurantur
2766 5427 2792 5464 a
2829 5412 3148 5479 gentilibus.
3180 5411 3283 5465 Alii
3316 5410 3459 5466 enim
3495 5412 3550 5464 in

1996 5507 2126 5560 deos
2167 5505 2301 5559 falso
2331 5504 2630 5573 appellatos
2661 5503 2971 5563 credentes.
3009 5507 3062 5557 iii
3095 5519 3285 5557 eorum
3331 5504 3552 5555 nomina

1991 5596 2269 5665 jurabant.
2320 5593 2424 5646 Alii
2475 5593 2770 5648 credebant
2827 5595 2877 5646 in
2923 5596 3212 5653 elementa,
3264 5601 3316 5644 et
3363 5593 3450 5644 alii
3499 5594 3552 5645 in

1996 5689 2243 5760 qua-dam
2296 5687 2423 5740 alia.
2467 5686 2760 5755 Bugaverit
2816 5696 2991 5740 autem
3059 5685 3353 5754 quispiam,
3427 5697 3552 5737 cum
