4092 6214
165 2553 186 2614 ‘t

317 273 426 336 845

315 477 446 544 τοὺς
481 477 952 547 προσερχομένους
1006 480 1072 547 τῇ
1134 473 1398 544 ὀρθοδόξῳ
1435 473 1640 537 πίστει,
1681 470 1774 522 καὶ
1823 468 1897 528 Cu;

322 571 594 635 Ἕλληνας
617 567 1046 639 παραδεχόμενοι
1071 569 1161 620 καὶ
1197 568 1574 638 βαπτίζοντες,
1602 565 1669 634 τῇ
1699 559 1893 632 πρώτῃ

319 660 512 731 ἡμέρᾳ,
541 661 638 722 τὰς
669 661 917 728 αἱρέσεις
959 657 1140 710 αὐτῶν
1175 656 1519 726 ἀπαιτοῦμεν
1561 650 1896 722 άναθεματί⁹

324 753 461 820 ζειν,
495 753 590 806 καὶ
621 751 884 820 ποιοῦμεν
945 751 1144 812 αὐτοὺς
1210 751 1334 804 ὅσον
1367 751 1509 804 κατὰ
1540 747 1700 801 τοῦτο
1762 747 1900 814 Χρι-

327 846 614 908 στιανούς·
654 848 719 915 τῇ
782 845 837 898 δὲ
889 846 1118 916 δευτέρα
1173 843 1524 915 κατηχοῦμεν
1559 841 1755 900 αὐτοὺς
1809 838 1900 890 τὶν

325 939 484 1007 λόγον
511 939 608 1008 τῆς
643 937 922 1006 ἀληθείας,
951 937 1047 990 καὶ
1078 936 1276 1006 ἐφεξῆς
1308 935 1378 988 τά
1409 934 1573 1020 λοιπά
1603 931 1896 999 ποιοῦμενο

326 1032 423 1084 καὶ
457 1015 606 1083 οὖτῶ
639 1031 777 1100 μετὰ
825 1031 885 1084 τὸ
937 1031 1184 1100 χρονίσαι
1229 1028 1425 1090 αὐτοὺς
1459 1028 1515 1079 ὲν
1544 1027 1664 1085 ταῖς
1699 1024 1901 1091 ἐκκλη-

330 1125 501 1189 σίαις,
554 1126 648 1177 καὶ
690 1124 798 1176 τῶν
851 1123 1012 1176 θείων
1064 1123 1298 1193 Γραφῶν
1349 1119 1750 1191 ἀκροάσασθαι,
1803 1117 1899 1170 τοῦ

325 1218 472 1271 θείου
504 1214 878 1285 καταξιοῦμεν
910 1215 1310 1286 βαπτίσματος.
1353 1210 1751 1273 Παυλιανιστὰς
1773 1213 1904 1262 ἀνα-

327 1306 692 1377 ϐαπτίζομεν,
736 1307 1134 1378 Εὑνομιανοὺξ,
1170 1305 1571 1370 Μοντανιστὰς,
1607 1302 1903 1357 Σαδελλια-

326 1399 472 1463 νοὺς,
505 1400 600 1452 καὶ
623 1400 828 1462 πάντας
850 1399 976 1462 τοὺς
995 1400 1086 1453 ἀπ’
1124 1399 1303 1452 αὐτῶν
1345 1399 1421 1462 ὡς
1440 1397 1710 1467 Ἕλληνας
1756 1394 1906 1466 δεχό-

328 1505 500 1558 μενον
529 1488 622 1542 καὶ
639 1492 704 1558 τῇ
729 1488 925 1560 πρώτῃ
945 1490 1124 1562 ἡμέρα
1149 1490 1412 1561 ποιοῦμεν
1436 1489 1631 1551 αὐτοὺς
1649 1489 1908 1559 Χριστια-
1947 1527 1952 1539 .

326 1581 473 1646 νοὺς,
514 1585 580 1652 τῇ
603 1581 830 1654 δευτέρᾳ
866 1583 1324 1653 κατηχουμένους,
1351 1583 1417 1653 τῇ
1451 1584 1607 1652 τρίτῃ
1633 1578 1909 1650 ἐξορκίζο-

334 1689 458 1740 μεν,
494 1673 850 1744 ἐμφυσῶντες
891 1674 1071 1745 τρίτον
1128 1677 1208 1737 είς
1259 1675 1320 1727 τὸ
1355 1675 1646 1744 πρόσωπον
1695 1675 1789 1727 καὶ
1839 1674 1908 1740 τά

328 1758 461 1818 ὦτα·
499 1767 596 1818 καὶ⁹
639 1765 782 1819 οὕτω
817 1769 1184 1837 κατηχοῦμεν,
1214 1768 1310 1820 καὶ
1348 1765 1609 1836 ποιοῦμεν
1635 1764 1905 1836 χρονίζειν

327 1861 388 1909 ὲν
435 1857 514 1926 τῷ
544 1859 675 1928 ναῷ,
719 1859 812 1911 καὶ
841 1859 1145 1930 ἀκροᾶσθαι
1179 1858 1284 1911 τῶν
1334 1859 1589 1928 Γραφιῖινσ
1631 1857 1724 1911 καὶ
1774 1856 1898 1909 τότε

329 1955 530 2018 αὐτοὺς
565 1954 919 2025 βαπτίζομεν.
951 1955 1064 2008 Καὶ
1091 1955 1426 2023 Μανιχαίους
1455 1953 1512 2004 δὲ
1545 1955 1632 2006 καὶ
1671 1954 1906 2007 υὺαλεν-

328 2049 624 2113 τινιανοὺς,
664 2048 758 2101 καὶ
786 2049 1234 2122 Μαρκιωνιστὰς,
1278 2049 1372 2102 καὶ
1410 2049 1776 2118 Σευηριανοὺς
1813 2045 1907 2101 καὶ

328 2141 458 2204 τοὺς
487 2142 552 2194 ὲκ
589 2141 696 2193 τῶν
734 2140 936 2212 ὁμοίιον
992 2142 1282 2212 αἱρέσεων,
1329 2140 1460 2212 χρὴ,
1521 2139 1798 2202 meum;
1827 2139 1909 2194 δι-

327 2235 543 2297 δόντας,
576 2235 999 2304 ἀναθεματίζειν
1029 2237 1209 2289 πᾶσαν
1249 2237 1482 2306 αἵρεσιν,
1515 2235 1607 2286 καὶ
1636 2233 1780 2288 οὕτω
1814 2250 1908 2302 με·

328 2329 706 2399 ταλαμϐάνειν
732 2330 833 2398 τῆς
863 2330 1025 2398 ἁγίας
1047 2333 1355 2390 κοινωνίας.

938 2424 1178 2498 KANnN
1207 2426 1336 2490 ιιςθ.

337 2515 382 2564 ι’
410 2517 471 2568 ΟΞ
496 2514 588 2566 τὸν
617 2515 852 2587 Χριστὸν
873 2516 962 2569 διὰ
991 2516 1084 2570 τοῦ
1117 2516 1497 2586 βαπτίσματος
1553 2520 1910 2592 ἐνδυσάμενοι

414 2626 430 2654 ι
479 2608 576 2677 τὴν
611 2608 666 2658 ἐν
698 2608 861 2678 σαρκὶ
888 2608 1054 2662 αὐτοῦ
1103 2608 1387 2662 πολιτείαν
1440 2612 1724 2680 μιμεῖσθαι
1774 2615 1907 2668 καθ-

417 2721 434 2750 ι
475 2702 854 2772 ωμολόγησαν.
883 2703 1020 2765 Τοὺς
1052 2698 1145 2756 οὖν
1169 2703 1264 2767 τὰς
1293 2705 1352 2756 ὲν
1385 2706 1451 2775 τῇ
1481 2706 1688 2780 κεφαλῇ
1718 2711 1911 2779 τρὶχας

412 2811 429 2842 ι
482 2793 617 2862 πρὸς
648 2793 828 2866 λύμην
863 2795 969 2848 τῶν
1005 2794 1258 2866 ὁρώντων
1289 2798 1348 2849 ὲν
1395 2799 1664 2863 ἐπινοίαις
1709 2803 1915 2870 ἐμπλο-

412 2907 429 2936 ι
480 2889 581 2956 κῆς
621 2888 996 2953 εὐθετίζοντας
1051 2892 1147 2943 καὶ
1183 2890 1666 2959 διασκευάζοντας,
1701 2895 1912 2949 καὶδὲ-

414 2999 430 3028 ι
481 2978 630 3048 λεαρ,
666 2980 1022 3050 προτιθέντας
1079 2981 1333 3035 ἐντεῦθεν
1390 2986 1509 3047 ταῖς
1558 2985 1912 3056 ἀστηρίκτοις

415 3093 431 3122 ι
477 3071 701 3142 ψυχαῖς,
760 3073 1022 3144 ἐπιτιμίῳ
1057 3075 1358 3147 προσφόρῳ
1409 3078 1690 3149 πατρικῶς
1747 3081 1914 3153 θερα-

415 3185 432 3216 ι
485 3166 746 3235 πεύομεν,
787 3167 1262 3236 παιδαγωγοῦντες
1310 3170 1509 3234 αὐτοὺς
1564 3174 1656 3224 καὶ
1702 3177 1917 3246 σωφρό-

417 3277 434 3309 ι
486 3276 592 3322 νως
642 3259 791 3329 βιοῦν
852 3259 1282 3324 ἐκδιδάσκοντες.
1339 3263 1476 3332 πρὸς
1531 3267 1612 3329 τὸ,
1678 3266 1918 3334 ἀφέντας

421 3373 438 3403 ι
491 3353 590 3425 τὴν
621 3355 686 3406 ἐκ
719 3352 820 3423 τῆς
848 3353 978 3422 ὕλης
1011 3355 1228 3424 ἀπάτην
1259 3357 1348 3408 καὶ
1391 3358 1751 3428 ματαιότητα,
1782 3361 1920 3431 πρὸς

415 3467 435 3499 ι
485 3449 586 3518 τὴν
615 3445 922 3516 ἀνώλεθρον
958 3449 1052 3499 καὶ
1117 3449 1397 3519 μακαρίαν
1448 3449 1593 3518 ζωὴν
1642 3453 1734 3504 τὸν
1790 3453 1914 3506 νοῦν

417 3561 434 3592 ι
488 3541 750 3612 μετάγειν
782 3541 1070 3610 διηνεκῶς,
1111 3525 1209 3594 καὶ.
1242 3544 1301 3594 ἐν
1355 3543 1504 3614 φόϐῳ
1556 3545 1732 3616 ἁγνὴν
1770 3545 1916 3615 ἔχειν

424 3655 442 3684 ι
491 3635 863 3704 ἀναστροφὴν,
897 3635 990 3686 καὶ
1023 3635 1141 3704 Θεῷ
1193 3636 1519 3705 πλησιάζειν
1549 3639 1779 3692 κατὰτὸ
1805 3642 1923 3707 scpi-

426 3752 443 3778 ι
496 3728 624 3782 κτὸν
649 3728 738 3782 διά
765 3729 866 3798 τῆς
899 3731 955 3781 ἐν
982 3729 1082 3798 βίῳ
1116 3728 1462 3798 καθάρσεως,
1495 3731 1590 3784 καὶ
1619 3733 1710 3784 τὸν
1772 3731 1921 3784 ἔνδον

421 3842 439 3873 ι
486 3822 646 3893 ἦτον
695 3821 802 3884 ἔξω
859 3822 1145 3893 ἄνθρωπον
1184 3823 1386 3890 μᾶλλον
1415 3827 1641 3893 κοσμεῖν
1698 3827 1922 3896 ἀρεταῖς

423 3935 439 3964 ι
493 3914 587 3967 καὶ
618 3917 877 3984 χρηστοῖς
909 3917 1003 3967 καὶ
1034 3913 1287 3986 ὰμώμοις
1339 3919 1454 3980 τοῖς
1507 3916 1695 3986 ἤθεσιν
1721 3932 1735 3947 ’
1783 3917 1923 3969 ὥστε

424 4030 441 4060 ι
496 4009 664 4078 μηδὲν
694 4009 948 4078 λείψανον
979 4014 1168 4078 φέρειν
1208 4012 1266 4062 ἐν
1289 4012 1502 4073 ἑαυτοῖς
1526 4013 1625 4081 τῆς
1652 4012 1746 4064 τοῦ
1776 4015 1926 4066 ἐναν-

428 4124 447 4156 ι
495 4105 614 4156 τίου
653 4105 996 4172 σκαιότητος.
1034 4104 1092 4154 Εἰ
1121 4105 1178 4154 δέ
1211 4120 1296 4165 τις
1328 4105 1481 4172 παρὰ
1538 4104 1630 4154 τὸν
1686 4107 1927 4176 παρόντα

425 4218 444 4250 ι
499 4197 698 4250 κανόνα
729 4195 993 4262 διάγοιτο,
1025 4195 1395 4264 ἀφοριζέσθω.
1440 4214 1458 4246 ι

422 4290 617 4344 ΒΑΛΣ.
666 4289 758 4341 Ἐκ
786 4289 883 4359 τῆς
913 4289 1048 4356 πρὸς
1073 4286 1318 4349 Γαλάτας
1357 4287 1675 4358 Ἐπιστολῆς
1705 4290 1798 4342 τοῦ
1829 4309 1923 4360 με-

351 4383 531 4455 γάλου
567 4382 784 4434 Παύλου
827 4381 1324 4450 προοιμιασάμενοι
1372 4381 1422 4431 οἱ
1457 4379 1604 4448 ἅγιοι
1661 4382 1925 4453 Πνατέρες,

1339 269 1415 328 1N
1458 266 1624 326 CAN.
1661 263 1832 323 XCVI
1879 261 2099 323 CUNC.
2138 259 2220 318 IN
2260 258 2581 320 TRULLO.

241 369 246 378 ’
319 385 603 454 μοσατέως
622 385 1050 454 καταγομένους,
1071 385 1162 437 καί
1180 382 1303 444 τοὺς
1324 381 1541 442 λοιποὺς
1561 376 1893 450 αἱρετικοῦς,

2026 375 2164 428 ’aulo
2198 373 2559 429 Samosateno
2612 375 2866 431 seductos
2913 387 2966 432 et
2999 379 3136 434 alios
3167 381 3451 439 haareticos
3481 397 3567 436 or-

3465 265 3570 326 816
3637 255 3642 262 ’

2003 467 2251 521 thodoxac
2285 466 2406 520 fidei
2453 465 2796 533 accedentes,
2849 471 3011 524 etiam
3070 483 3125 525 ut
3179 473 3398 530 Graecos
3433 477 3568 530 reci-

2002 560 2213 628 pientcs
2245 570 2299 614 et
2327 561 2686 629 baptizantcs,
2715 566 2892 632 prium
2920 566 3008 620 die
3035 582 3225 620 omnes
3257 582 3383 623 suas
3409 569 3572 623 haere-

2003 669 2090 708 ses
2121 655 2458 724 reposcimus
2484 656 2779 719 exsecrari,
2805 659 3279 728 eosque/facimus,
3312 661 3572 730 quantum

2004 744 2068 798 ad
2093 746 2216 807 hoc,
2240 744 2617 812 Christianos;
2653 749 2894 804 secundo
2919 763 3098 805 autem
3128 753 3215 806 die
3232 766 3328 810 ρος
3349 749 3574 810 verbum

2007 837 2248 892 veritatis
2280 838 2538 893 docemus
2565 848 2619 892 et
2643 839 2902 911 deinceps
2946 845 3153 915 reliqua
3206 849 3476 903 facimus:
3525 857 3574 905 et

2007 931 2106 994 sic,
2151 947 2274 985 cunt
2324 934 2636 1003 aliquandiu
2665 935 2719 989 in
2753 938 2982 993 ecclesia
3037 955 3474 1008 permanserunt,
3527 954 3575 998 et

2007 1022 2218 1079 divinas
2248 1026 2542 1082 audierunt
2573 1026 2908 1098 Scripturas,
2934 1032 3146 1086 ‘divino
3182 1035 3457 1104 baptismo
3485 1055 3580 1093 eos

2007 1117 2316 1185 dignamur.
2375 1119 2740 1200 Paulianistas
2779 1125 3200 1193 rebaptizatnus.
3285 1111 3580 1185 Eunomia-

2007 1225 2129 1275 nos,
2178 1208 2560 1280 Montanistas,
2616 1213 2974 1286 Sabellianos,
3003 1227 3058 1274 et
3099 1235 3287 1279 omnes
3321 1238 3387 1278 ex
3417 1226 3497 1282 eis
3525 1237 3579 1282 ut

2007 1302 2226 1373 Graecos
2279 1307 2626 1376 recipimus:
2690 1318 2744 1364 et
2807 1313 2984 1381 primo
3041 1315 3130 1369 die
3193 1332 3288 1373 eos
3349 1318 3584 1378 facimus

2009 1397 2388 1464 Christianos,
2449 1403 2691 1457 secundo
2735 1407 3194 1475 catechumenos,
3262 1413 3421 1467 tertio
3484 1415 3585 1468 ad-

2005 1489 2277 1558 juramus,
2331 1501 2412 1546 ter
2455 1494 2506 1546 in
2556 1495 2750 1550 faciem
2799 1505 2851 1550 et
2908 1514 3067 1555 aures
3112 1502 3481 1573 inspirantes;
3532 1518 3586 1561 et

2011 1582 2093 1638 sic
2143 1599 2235 1638 eos
2283 1585 2585 1652 initiamns,
2641 1599 2693 1642 et
2743 1593 2834 1646 ditt
2889 1594 2942 1646 in
2986 1597 3226 1651 ecclesia
3276 1600 3483 1655 versari
3533 1610 3588 1657 et

2011 1674 2323 1745 Scripturas
2391 1679 2583 1735 audire
2639 1682 2901 1747 facimus;
2963 1696 3017 1740 et
3081 1699 3206 1745 tunc
3261 1707 3354 1747 eos
3411 1694 3586 1763 bapti-

2014 1782 2220 1822 zatntts.
2305 1769 2372 1823 At
2414 1769 2741 1829 Manichatos
2787 1785 2839 1830 et
2887 1776 3298 1841 Valentinianus
3349 1797 3402 1841 et
3449 1786 3586 1842 Mar-

2012 1861 2276 1917 cionistas
2325 1872 2377 1918 et
2427 1865 2751 1923 Severianus
2798 1879 2851 1924 et
2905 1871 3044 1944 alios
3095 1875 3364 1944 ejusmodi
3416 1879 3586 1936 haere-

1994 1953 2188 2019 ticos,
2272 1955 2482 2012 libellos
2559 1958 2755 2014 dantes
2827 1940 3292 2024 anathetnatizare
3379 1971 3590 2042 oportei

2014 2058 2228 2100 omnem
2267 2046 2540 2114 haeresim,
2595 2060 2647 2106 et
2687 2054 2766 2108 sic
2797 2068 3002 2115 sancta:
3035 2064 3438 2121 communionis
3467 2082 3596 2136 para

2017 2135 2208 2207 ticipes
2229 2153 2369 2198 esse.
2738 2186 2742 2194 .
3474 2135 3482 2184 ἶ

2481 2422 2642 2493 273
2665 2422 2893 2482 CANON
2953 2428 3113 2484 xcvu

2026 2525 2042 2556 ι
2082 2506 2183 2574 Qui
2231 2510 2504 2568 Christum
2541 2532 2639 2585 per
2665 2520 2991 2586 baptismum
3029 2524 3340 2591 induerunt,
3371 2531 3490 2598 ejus
3539 2532 3593 2586 in

2098 2621 2116 2654 ι
2164 2611 2328 2660 carne
2376 2609 2500 2664 vitae
2536 2614 2756 2681 agendae
2803 2617 3072 2671 rationem
3126 2619 3327 2674 imitari
3365 2623 3594 2692 professi

2097 2717 2115 2748 ε
2163 2709 2314 2756 sunt.
2372 2701 2502 2757 Eos
2551 2719 2699 2773 ergo,
2759 2708 2848 2776 qui
2899 2710 3129 2778 capillos
3181 2715 3246 2765 ad
3299 2715 3595 2773 videntium

2102 2810 2118 2839 ι
2165 2791 2554 2849 detrimentum
2579 2797 2714 2851 scite
2734 2801 3056 2870 excogitatis
3079 2804 3306 2860 nexibus
3333 2807 3597 2863 adornant

2014 2945 2015 2952 γ
2099 2902 2116 2932 ι
2164 2893 2217 2937 et
2268 2897 2630 2962 componunt,
2683 2899 2738 2944 et
2785 2874 3015 2948 infirmis
3064 2894 3264 2950 animis
3311 2913 3491 2953 escam
3534 2917 3598 2956 ea

2103 2996 2118 3025 ε
2172 2978 2383 3034 ratione
2429 2979 2738 3049 objiciunt,
2789 2985 3138 3040 convenienti
3188 2989 3456 3058 supplicio
3507 3009 3599 3062 pa-

2103 3092 2118 3121 ι
2164 3079 2316 3125 tet-ne
2361 3088 2643 3138 curamus,
2697 3077 2846 3144 ipsos
2893 3078 3243 3136 instituentcs
3295 3095 3348 3138 et
3397 3093 3593 3155 tempe.

2101 3183 2118 3214 (
2169 3175 2356 3220 rauter
2407 3165 2591 3221 vivere
2632 3168 2914 3235 docentes,
2968 3183 3026 3226 ut
3071 3175 3257 3230 relicta
3318 3176 3510 3235 fraude
3550 3191 3602 3236 et

2105 3278 2120 3306 ι
2171 3259 2426 3323 vanitate,
2485 3275 2606 3330 quae
2655 3277 2716 3316 ex
2766 3264 3021 3319 sordibus
3074 3270 3602 3338 mumlanisoritur,

2103 3369 2120 3398 ι
2168 3351 2253 3404 ad-
2277 3351 2536 3408 interitus
2580 3367 2856 3423 expertem
2893 3357 3216 3428 beatamque
3245 3363 3412 3418 vitam
3447 3381 3604 3420 men-

2098 3463 2113 3492 ι
2163 3449 2270 3496 tem
2320 3444 2539 3500 assidue
2587 3446 2896 3512 traducunt,
2953 3460 3006 3504 et
3056 3451 3107 3505 in
3161 3453 3355 3509 timore
3415 3473 3604 3531 puram

2099 3553 2116 3583 ‹
2164 3544 2216 3588 et
2264 3544 2509 3590 sanctam
2556 3541 3024 3596 conversationem
3075 3544 3332 3612 habeant,
3387 3557 3440 3601 et
3471 3549 3605 3611 Deo.
3659 3568 3661 3572 ‘

2100 3649 2116 3679 ι
2166 3631 2344 3698 quoad
2393 3632 2513 3701 ejus
2563 3634 2678 3687 fieri
2737 3644 2936 3703 potest,
2995 3641 3455 3710 appropinquent,
3512 3617 3620 3714 per]

2100 3735 2116 3770 ι
2161 3722 2284 3778 vita:
2311 3727 2625 3794 puritatem,
2653 3735 2707 3781 et
2737 3729 3010 3783 internum
3039 3736 3209 3801 magis
3235 3751 3396 3802 quam
3425 3747 3608 3793 exter-
3695 3762 3700 3765 ·

2103 3836 2119 3864 ι
2164 3832 2295 3870 num
2329 3819 2599 3874 hominem
2624 3819 2920 3876 virtutibus
2946 3834 2998 3876 et
3026 3825 3182 3881 bonis
3209 3827 3609 3902 incuipatisque

2107 3929 2122 3956 c
2172 3911 2415 3964 moribus
2445 3925 2730 3975 exornent,
2780 3923 2840 3966 ut
2871 3917 3048 3970 nullas
3086 3918 3138 3970 in
3171 3935 3230 3974 se
3263 3919 3438 3975 ferant
3483 3925 3611 3978 reli-

2109 4021 2126 4050 ι
2175 4004 2332 4073 quias
2365 4007 2738 4070 perversitatis
2766 4022 2938 4075 usque
2966 4008 3102 4062 adeo
3133 4015 3487 4081 repugnantis
3513 4033 3526 4068 :
3562 4019 3609 4069 si

2104 4116 2120 4145 ι
2170 4095 2293 4164 quis
2326 4103 2507 4149 autem
2538 4104 2734 4166 praeter
2769 4099 2908 4148 hunc
2933 4113 3198 4152 canonetn
3233 4111 3483 4157 versatus
3514 4104 3606 4170 sil,

2111 4205 2128 4236 ι
2154 4187 2702 4242 excommunicetur.
2742 4207 2758 4238 ι

2105 4279 2300 4334 BALS.
2363 4278 2439 4334 Ex
2504 4281 2683 4348 tnag‘ni
2743 4282 2895 4336 Pauli
2959 4283 3199 4353 Epistula
3263 4288 3329 4341 ad
3390 4288 3610 4344 Galatas

2035 4378 2197 4430 ducto
2220 4374 2510 4444 principio,
2540 4393 2660 4444 quae
2689 4377 2903 4445 quidem
2941 4379 3164 4447 praecise
3194 4381 3346 4444 dicit,
3380 4382 3613 4446 Quicun-
3639 4395 3649 4402 ‘

352 4451 452 4548 τῆς
483 4475 748 4544 λεγούσης
774 4476 832 4526 ἐν
869 4475 1044 4543 μέρει,
1078 4474 1250 4526 Ὅσοι
1273 4475 1358 4539 είς
1395 4476 1653 4542 Χριστὸν
1687 4451 1915 4548 ἐϐαπτί-

2034 4487 2129 4540 que
2159 4471 2212 4523 in
2237 4469 2505 4525 Christum
2531 4470 2785 4535 baptismi
2811 4473 2959 4535 estis,
2993 4472 3263 4527 Christum
3289 4477 3611 4540 induistis”,

351 4573 561 4636 σθητε,
583 4567 840 4636 Χριστὸν
861 4566 1256 4631 ἐνεδύσασθε,
1284 4566 1608 4637 διωρίσαντο
1633 4569 1930 4640 διορθωθὴ-

355 4682 441 4719 vat
471 4663 540 4715 δι’
576 4661 854 4731 ἐπιτιμίου
886 4655 1013 4722 τοὺς
1042 4660 1109 4712 δι’
1142 4662 1402 4722 ἀπονοίας
1440 4666 1498 4713 ἐν
1536 4665 1798 4734 διασκευῇ
1837 4667 1929 4718 καὶ

355 4757 664 4828 ὲμπλοκαῖς
692 4756 789 4816 τὰς
822 4755 881 4806 ἐν
933 4755 999 4822 τῇ
1035 4752 1248 4822 κεφαλῇ
1301 4754 1516 4832 τρίχας.
1555 4754 1929 4824 πληϐύνοντας

358 4861 454 4905 καὶ
484 4850 954 4911 καλλωπίζοντας,
995 4847 1155 4917 χάριν
1192 4847 1286 4898 τοῦ
1337 4849 1592 4915 ἐφέλκειν
1627 4851 1694 4900 δι’
1729 4850 1930 4910 αὐτῶν,

345 4946 432 5008 ὥς
464 4945 550 4996 διά
579 4960 722 5004 τινος
758 4942 1151 5009 δελεάσματος,
1188 4940 1286 5002 τὰς
1317 4941 1426 4992 τῶν
1455 4942 1800 5011 ἁστηρίκτων
1829 4940 1931 5010 dm-

359 5030 481 5113 κάς,
529 5037 842 5106 Ὀφείλουσι
877 5036 1010 5102 γάρ,
1042 5033 1196 5102 φασὶ,
1232 5035 1434 5094 πάντες
1474 5033 1524 5083 οἱ
1557 5035 1740 5085 πιστοὶ
1795 5033 1933 5102 πρὸς

361 5136 454 5203 τὴν
508 5131 618 5183 ἄνω
651 5132 743 5179 καὶ
784 5125 1062 5197 μακαρίαν
1094 5124 1238 5186 ζωὴν
1269 5124 1628 5186 ἀποϐλέπειν,
1665 5123 1757 5175 καὶ
1791 5123 1931 5192 μετὰ

361 5223 525 5294 ἶρόὸου
563 5221 695 5273 Θεοῦ
725 5217 1189 5287 ἀναστρέφεσθαι,
1240 5218 1324 5285 ἐφ’
1354 5211 1398 5284 ᾧ
1449 5215 1748 5286 πλησιάσαι
1781 5217 1932 5285 αὐτῴ

363 5315 507 5368 κατὰ
536 5312 598 5363 τὸ
629 5312 870 5379 ἐφικτὸν,
908 5314 1001 5362 καὶ
1039 5311 1126 5360 τὸν
1156 5309 1325 5374 Ιἔνδον
1360 5307 1563 5376 μᾶλλον
1619 5305 1931 5392 ἄνθρωπον,

365 5403 533 5481 ἤγουν
561 5409 660 5476 την
695 5406 894 5476 ψυχὴν,
942 5403 1029 5456 διὰ
1077 5402 1256 5474 πάσης
1286 5401 1487 5471 ἀρετῆς
1545 5405 1792 5469 κοσμεῖν,
1842 5407 1938 5453 καὶ

364 5506 434 5560 μὴ
479 5503 570 5554 τὸν
602 5501 779 5562 ἐκτός.
812 5499 875 5550 Εἰ
904 5497 961 5549 δέ
1012 5514 1094 5560 τις
1128 5497 1275 5565 παρὰ
1306 5500 1397 5547 τὸν
1450 5496 1690 5563 παρόντα
1738 5495 1938 5546 κανόνα

365 5563 539 5660 διάγει
579 5590 796 5658 ἐφεξῆς,
829 5585 1122 5658 ἀφορισμῴ
1175 5583 1742 5653 καθυποῦληθήσεται.
1796 5584 1933 5656 Φησὶ

442 5776 490 5806 ³⁶
523 5772 704 5827 Calai.
742 5787 825 5836 ιιι,
864 5767 954 5823 27.

2038 4572 2349 4636 statuet-unt
2383 4563 2557 4616 sancti
2591 4563 2781 4617 Patres
2838 4581 2932 4618 eos
2984 4580 3144 4635 ptena
3175 4567 3401 4635 ,iuflicta
3436 4573 3614 4625 corri-

2039 4655 2327 4726 gere,equi
2375 4655 2513 4708 scite
2548 4655 2873 4724 cxcogitatis
2921 4658 3350 4729 compositisque
3383 4663 3616 4718 nexibus

2042 4747 2268 4816 capillos
2305 4747 2578 4814 pleniores
2609 4755 2662 4799 et
2693 4747 3057 4816 elegantiores
3102 4749 3362 4813 efficiunt,
3417 4763 3476 4806 ut
3521 4771 3617 4822 per
3692 4764 3697 4768 '

2048 4833 2216 4908 ipsos,
2270 4839 2452 4892 veluti’
2490 4856 2584 4907 per
2637 4843 3211 4911 escatu’quampiam,
3272 4845 3614 4900 infirmorum

2046 4932 2256 4986 animas
2288 4931 2582 4983 attrahunt.
2679 4928 2883 4984 Dehcnt
2915 4933 3082 5000 enim,
3119 4934 3391 5004 inquiunt,
3425 4954 3619 4994 omnes

2047 5024 2230 5078 fideles
2285 5023 2351 5076 ad
2403 5038 2694 5092 supernam
2735 5023 3057 5094 beatamque
3110 5027 3277 5080 vitam
3325 5029 3616 5097 reSpicere,

2043 5127 2097 5171 et
2132 5132 2254 5170 cum
2286 5115 2376 5170 Dei
2420 5117 2611 5170 timore
2637 5119 2951 5171 conversari
2979 5137 2990 5170 :
3031 5127 3108 5183 ut,
3141 5121 3319 5188 quoad
3353 5123 3471 5188 ejus
3503 5123 3618 5177 fieri

2045 5221 2244 5278 potest,
2281 5211 2347 5265 ad
2377 5226 2502 5264 eum
2530 5212 2993 5282 apprOpinquent,
3045 5221 3098 5266 et
3133 5213 3408 5267 internum
3443 5217 3617 5285 magis

2045 5301 2343 5364 hominem,
2377 5300 2618 5354 animum
2651 5302 2879 5363 scilicet,
2921 5303 3065 5355 omni
3098 5305 3294 5356 virtute
3328 5318 3617 5365 exornent,

2046 5405 2099 5450 et
2126 5410 2234 5450 non
2260 5404 2567 5449 externum.
2627 5393 2680 5448 Si
2709 5395 2831 5464 quis
2863 5403 3040 5447 autem
3075 5403 3267 5462 praeter
3295 5407 3617 5464 praesentem

2051 5503 2317 5544 canonem
2375 5487 2632 5555 deinceps
2692 5488 2856 5541 vitam
2916 5488 3188 5554 instituit,
3254 5488 3620 5558 segregationi

2056 5580 2397 5652 subjicietur.
2478 5578 2615 5633 Dicit
2667 5587 2847 5634 autem
2879 5589 2933 5634 ct
2969 5595 3195 5650 magnus
3226 5579 3446 5647 Paulus,
3507 5578 3617 5649 Vir,

2314 5801 2318 5824 l
