4092 6214
557 237 680 341 rati

578 488 810 542 Mosaica
833 486 962 539 dicit
985 485 1038 538 in
1071 483 1508 550 Deuteronomio,
1546 483 1667 538 Non
1699 485 1899 554 facietis
1933 488 2133 541 cincin—

577 597 670 635 nos
730 581 782 631 in
816 577 986 646 capite
1023 585 1209 628 rastro.
1273 573 1409 628 Nota
1439 591 1566 644 ergo
1620 579 1756 644 llaec,
1792 589 2010 649 propter
2038 595 2135 637 eos

480 661 486 676 “
575 670 668 741 ιικὶ
719 668 944 737 capillos
997 673 1243 726 nectunt,
1304 666 1385 721 vel
1437 667 1738 736 impliCant,
1776 669 1856 722 vel
1897 669 2132 739 tingunt,

576 762 656 817 vel
691 775 812 813 cum
865 773 1003 826 aqua
1048 755 1432 820 madefaciunt,
1487 759 1566 810 vel
1603 759 1785 828 aliquo
1838 759 1944 813 alio
1978 762 2136 814 modo

572 852 798 921 capillos
830 865 959 904 suos
993 849 1270 919 pleniores
1298 848 1764 919 elegantioresque
1794 852 2020 916 iaciunt,
2052 854 2134 907 vel

573 947 639 1000 iis
683 943 893 998 alienos
945 948 1312 995 connectunt:
1353 941 1603 995 similiter
1637 953 1689 995 et
1740 952 1958 1012 propter
2015 960 2130 1006 eos,

557 1036 660 1105 qui
683 1034 858 1106 instar
891 1032 1176 1085 mulierum
1231 1039 1434 1100 parteS,
1484 1047 1606 1097 qua:
1646 1031 2131 1086 suntcina‘snum

570 1137 751 1190 caput.
783 1132 1003 1180 ornant.
2101 1125 2118 1136 ‘

642 1213 891 1269 ZONAR.
951 1214 1255 1284 Quicunque
1289 1215 1339 1266 in
1371 1211 1639 1268 Christum
1685 1215 1946 1284 baptizati
1981 1218 2125 1279 estis,

541 1325 794 1378 'tuaguus
826 1307 1022 1361 Paulus
1053 1307 1146 1371 ait,
1187 1304 1456 1359 Christum
1509 1306 1777 1384 induistis.
1853 1307 1956 1372 Qui
1999 1323 2130 1361 vero

565 1399 749 1454 divmo
803 1398 1070 1469 baptismo
1122 1397 1318 1450 initiati
1369 1395 1646 1451 Christum
1703 1398 2012 1464 induerunt,
2064 1402 2130 1454 ad

564 1492 712 1544 illius
740 1489 953 1543 vivendi
983 1503 1227 1542 normam
1253 1503 1432 1542 mores
1454 1488 1817 1552 ennlormare,
1835 1503 2133 1560 omnesque

537 1584 837 1650 ,puritatis,
892 1573 1264 1648 tetttpet'antite
1299 1590 1460 1649 atque
1507 1581 1830 1636 innocentia:
1877 1598 2131 1639 numeros

565 1677 810 1745 implere,
862 1689 963 1729 nec
1012 1688 1146 1728 vero
1186 1687 1368 1727 rermn
1406 1684 1744 1727 terrenarum
1779 1677 2001 1728 vanitati
2036 1676 2128 1726 ad—

1858 277 2131 339 TIIEOD.
2176 277 2578 341 BALSAMON

433 383 447 396 ’
522 419 526 426 ι
577 415 622 450 ιιι
665 410 869 450 comam
923 388 1041 454 alit,
1089 401 1166 445 est
1213 397 1290 444 ιω
1325 392 1696 461 ignominia".
1774 393 1942 448 Porro
1972 404 2020 447 et
2056 396 2122 448 lci

2241 396 2296 448 δὲ
2331 397 2423 449 καὶ
2454 401 2481 450 ό
2517 399 2690 468 μέγας
2745 377 2987 462 Παῧλος·
3037 398 3220 466 Ἀνὴρ
3257 397 3365 451 ἐὰν
3394 395 3569 467 κομᾷ,
3604 398 3800 467 ἀτιμία

3704 291 3801 353 8ίὸ

2245 487 2404 553 αὐτῷ
2463 490 2616 544 ἐστι.
2666 491 2771 543 Καὶ
2799 493 2826 543 ό
2847 491 3138 552 Μωσαῖκδς
3163 490 3220 541 δὲ
3250 490 3414 557 νόμος
3469 488 3616 556 λέγει
3645 490 3703 540 ἐν
3731 492 3804 559 τῷ

2243 583 2643 654 Δευτερονομίῳ
2669 601 2684 616 ο
2727 586 2808 637 Οὐ
2865 582 3150 648 ποιήσετε
3200 587 3423 649 σισόην
3470 581 3539 635 ἐκ
3568 581 3682 649 τῆς
3716 600 3808 635 κε·

2241 673 2442 743 φαλῆς
2473 673 2658 740 ὑμῶν.
2690 675 3004 745 Σημείωσαι
3033 669 3126 728 οὖν
3159 673 3333 727 ταῦτα
3381 673 3469 726 διὰ
3503 674 3630 737 τοὺς
3669 674 3807 726 κλώ-

2243 767 2436 826 υοντας
2485 764 2516 833 ἢ
2569 763 2870 827 πλέκοντας
2917 764 2950 834 ἢ
3012 763 3312 832 βάπτοντας
3349 761 3380 832 ἢ
3418 759 3559 829 μετὰ
3612 761 3804 823 ὕδατος

2245 853 2560 926 βρέχοντας,
2588 854 2622 924 ἦ
2653 854 2827 918 ἄλλως
2856 870 2972 916 πως
3019 851 3394 922 πληθύνοντας
3447 851 3545 904 καὶ
3598 850 3807 902 καλλω-

2242 946 2498 1011 πίζοντας
2537 947 2636 1009 τὰς
2667 946 2870 1008 οἰκείας
2917 945 3131 1013 τρίχας,
3165 944 3196 1014 ἦ
3229 943 3458 1006 ταύταις
3512 942 3807 1013 ἀλλοτρίας

2242 1041 2629 1101 συνάπτοντας·
2653 1038 2916 1100 ὡσαύτως
2965 1039 3209 1100 καὶτοὺς
3242 1036 3609 1108 καλλύνοντας
3663 1039 3807 1090 κατὰ.

2241 1133 2509 1198 γυναῖκας
2537 1130 2605 1182 τὰ
2635 1130 2770 1200 περὶ
2799 1131 2897 1198 τὴν
2929 1127 3172 1197 κεφαλὴν
3215 1129 3358 1197 μέρη
3385 1127 3590 1178 αὐτῶν.
3631 1135 3652 1156 ‘-

2312 1223 2558 1276 ΖΩΝΑΡ.
2591 1223 2754 1275 Ὅσοι
2785 1225 2865 1283 εἰς
2891 1221 3150 1286 Χριστὸν
3187 1219 3605 1284 ἐϐαπτίσθητε,
3672 1219 3806 1284 Xpt-
3863 1247 3871 1259 ι

2241 1315 2394 1368 στὸν
2428 1314 2822 1378 ἐνεδύσασθε,
2853 1313 2882 1362 ὁ
2927 1311 3098 1382 μέγας
3163 1309 3369 1371 Παῦλός
3407 1325 3596 1378 φησιν.
3639 1310 3702 1361 Οἱ
3752 1309 3806 1360 δὲ

2241 1407 2324 1459 δια
2360 1405 2453 1457 τοῦ
2487 1405 2632 1458 θείου
2671 1404 3042 1473 βαπτίσματος
3071 1402 3162 1454 τὸν
3191 1402 3424 1471 Χριστδν
3452 1400 3809 1469 ἐνδυσάμενοι

2239 1499 2361 1551 κατ’
2425 1501 2633 1552 ἐκεῖνον
2671 1497 2945 1567 ὀφείλουσι
3003 1495 3407 1560 πολιτεύεσθαι,
3443 1497 3564 1549 ’καὶ
3625 1498 3836 1548 πᾶσαν.

2241 1591 2460 1658 ἁγνείαν
2495 1591 2588 1643 καὶ
2623 1588 2976 1658 σωφροσύνην
3006 1590 3243 1655 μετιέναι
3291 1590 3381 1640 καὶ
3436 1587 3808 1658 καθαρότητα,

2239 1685 2332 1735 καὶ
2391 1683 2464 1752 μὴ
2504 1685 2569 1759 τῇ
2627 1683 2725 1751 τῆς
2779 1680 2913 1752 ὕλης
2956 1680 3390 1750 προστετηκέναι
3439 1680 3806 1750 ματαιότητι,

563 1769 890 1832 haerescere.
939 1777 1028 1820 aut
1081 1779 1422 1834 supervacuo
1470 1765 1739 1834 nimisque
1786 1766 2037 1820 allectatn
2077 1778 2122 1821 cl

2236 1777 2330 1826 καὶ
2363 1773 2421 1826 τὸ
2475 1773 2635 1840 σῶμα
2687 1775 2912 1837 κοσμεῖν
2940 1771 3210 1839 περιττῶς
3240 1787 3299 1821 τε
3333 1771 3424 1823 καὶ
3455 1771 3799 1840 περιέργως.

536 1875 791 1930 operoso
847 1857 1091 1927 corporis
1145 1859 1360 1912 ornatui
1415 1857 1692 1926 indulgere
1738 1856 1912 1911 decet.
2000 1858 2129 1924 Qui:

563 1965 727 2024 porro
763 1952 932 2020 magis
988 1951 1234 2004 affectata
1282 1964 1344 2002 ac
1379 1963 1779 2020 Supervacanea
1829 1952 2124 2004 exornamli

561 2046 809 2116 corporis
860 2045 1024 2109 ratio,
1085 2058 1246 2114 quam
1285 2058 1494 2108 eorum,
1522 2043 1612 2113 qui
1671 2043 1923 2112 capillum
1959 2046 2126 2099 variis

563 2140 792 2193 nexibus
823 2137 1130 2207 implicant,
1167 2137 1334 2190 multa
1365 2144 1480 2189 arte
1510 2136 1830 2205 disponunt,
1861 2137 1913 2190 in
1943 2147 2126 2208 partes

522 2232 826 2286 '-concinnc
851 2229 1124 2291 dividunt,
1173 2241 1349 2296 eoque
1378 2227 1758 2281 imbecilliores
1789 2227 1841 2281 in
1876 2227 1979 2281 ﬁde
2006 2230 2125 2282 ani-

563 2340 700 2386 mos,
748 2323 955 2392 quique
1007 2331 1286 2389 propterea
1319 2319 1384 2373 ad
1413 2320 1881 2387 intemperantiam
1914 2319 2126 2376 facilius

543 2415 904 2476 delabuntur,
930 2414 1074 2466 velut
1095 2411 1326 2476 quadam
1346 2424 1470 2464 esca
1492 2410 1772 2481 deceptos,
1795 2411 1848 2465 in
1879 2406 2133 2468 iraudem'

556 2507 834 2562 alliciunt?
885 2506 1053 2576 Igitur
1090 2505 1260 2560 divini
1322 2505 1399 2558 illi
1453 2503 1641 2561 Patres
1693 2506 1914 2576 implexi
1968 2508 2125 2562 nodis

555 2611 786 2670 apteque
833 2615 896 2653 ac
945 2598 1192 2653 studiose
1241 2597 1528 2667 compositi
1577 2597 1757 2668 capilli
1804 2601 2123 2656 meminere.

553 2695 698 2750 Nihil
724 2695 866 2750 enim
915 2695 1084 2755 aliud,
1140 2702 1200 2748 ut
1227 2693 1461 2757 videtur,
1507 2693 1561 2746 in
1608 2703 1807 2746 ornatu
1841 2708 2122 2749 cou‘tarum

464 2818 471 2826 -
551 2804 619 2842 eo
656 2797 898 2857 tempore
929 2786 1274 2856 peccabatur.
1326 2784 1472 2840 Nihil
1507 2801 1694 2841 eorum
1729 2788 1960 2851 scilicet,
2005 2805 2125 2858 qua:

553 2878 761 2932 nostris
796 2877 1136 2946 temporibus
1163 2877 1218 2932 in
1244 2877 1442 2946 capillo
1472 2877 1734 2946 tingendo
1760 2879 2126 2949 {ingenuoque

552 2972 800 3024 homines
847 2970 1172 3035 elaborant;
1249 2970 1341 3038 qui
1401 2969 1616 3037 quidem
1670 2988 1830 3027 omne
1884 2974 2122 3028 Sltlditttll

550 3078 710 3137 suum
741 3077 806 3116 eo
843 3057 1156 3126 conferunt,
1189 3070 1248 3116 ut
1277 3076 1490 3116 comam
1521 3063 1691 3126 alant,
1743 3079 1806 3117 ac
1838 3064 2114 3119 cincinno-
2147 3061 2211 3154 ρ’

551 3172 667 3210 rum
702 3155 967 3217 ﬁmbrias,
1019 3153 1344 3208 feminarum
1386 3155 1516 3218 ritu,
1566 3158 1610 3210 si
1661 3157 1776 3210 tieri
1811 3158 2004 3226 possit,
2053 3159 2118 3210 ad

547 3261 740 3301 zonam
794 3262 968 3315 usque
1023 3245 1336 3301 demittant.
1431 3245 1488 3300 ln
1537 3262 1646 3316 quo
1680 3263 1785 3302 non
1837 3250 2011 3302 solum
2047 3250 2120 3304 illi

549 3338 804 3392 nimirum
855 3336 922 3392 de
968 3352 1078 3391 non
1129 3336 1405 3392 tendendo
1452 3338 1651 3407 capillo
1681 3337 1921 3392 'solliciti
1970 3351 2119 3405 sunt,

555 3428 653 3487 sed
710 3431 913 3493 etiam,
979 3439 1336 3498 prmterquam
1395 3429 1538 3499 quod
1595 3428 1904 3484 ferramenti
1962 3446 2122 3486 omne

545 3537 718 3593 genus
773 3537 801 3574 a
849 3522 1026 3591 capite
1085 3529 1358 3583 amoveut,
1407 3522 1590 3574 omnia
1645 3532 1903 3590 praeterea
1955 3539 2122 3578 coma:

545 3611 852 3666 nutrienda:
919 3619 1013 3665 aut
1078 3609 1341 3680 augenda:
1403 3610 1801 3666 medicamenta
1876 3613 2122 3670 studiose

544 3703 710 3756 nimis
762 3710 925 3770 atque
983 3710 1242 3755 accurate
1294 3701 1650 3771 conquirunt.
1731 3703 1966 3775 Finguut
2017 3707 2118 3762 sibi

544 3792 742 3846 exinde
783 3793 988 3856 crines,
1036 3789 1385 3857 calamistro,"
1422 3796 1730 3865 quocrispi
1759 3792 1912 3861 (iant,
1948 3797 2121 3852 intor-

546 3897 801 3950 quentes;
863 3887 1081 3956 tingunt
1128 3899 1364 3954 quoque,
1419 3894 1479 3939 ιιι
1532 3885 1849 3952 ﬂavescent,
1898 3897 1951 3943 et
1998 3891 2118 3944 auri

547 3981 782 4049 speciem
839 3980 1099 4033 referant.
1189 3977 1294 4032 Alii
1352 3993 1492 4049 aqua
1534 3972 1869 4036 madefactos
1918 3982 1970 4036 in
2005 3985 2121 4039 sole

546 4072 840 4140 explicant,
877 4069 1109 4138 ejusque
1135 4067 1302 4124 radiis
1336 4069 1534 4121 torreri
1571 4071 1877 4138 patiuntur,
1913 4081 1971 4124 ut
2004 4063 2119 4126 ater

543 4163 670 4216 inde
701 4161 1024 4231 capillorum
1053 4161 1204 4216 color
1229 4159 1572 4216 immutetur.
1657 4161 1796 4216 Sunt
1827 4163 1990 4219 etiam
2026 4165 2115 4234 qui

549 4255 827 4308 mentitam
846 4254 1147 4316 caesariem,
1175 4253 1357 4308 nativo
1379 4269 1442 4306 ac
1472 4254 1711 4322 ingenito
1729 4255 1880 4310 crine
1901 4257 2113 4321 abraso,

545 4345 798 4398 induunt.
863 4345 1038 4412 Atque
1063 4344 1176 4396 haec
1206 4342 1422 4410 quidem
1459 4343 1561 4397 hoc
1585 4345 1849 4412 tempore,
1877 4345 2042 4416 274
2063 4347 2114 4400 in

2229 1866 2292 1917 Τί
2338 1865 2384 1916 δ’
2432 1850 2500 1917 av‘
2525 1864 2733 1931 γένοιτο
2778 1861 3276 1931 περιεργότερόντε
3329 1861 3424 1912 καὶ
3481 1861 3808 1930 περιττότε-

2232 1973 2320 2024 ρον
2351 1955 2610 2024 κόσμημα
2636 1953 2730 2007 τοῦ
2756 1955 2852 2016 τάς
2877 1955 3069 2024 τρίχας
3099 1953 3199 2022 τῆς
3247 1953 3492 2023 κεφαλῆς
3553 1954 3804 2020 πλέκειν,

2228 2048 2318 2099 καὶ
2345 2043 2402 2101 εὖ
2425 2045 2716 2100 διατιθέναι
2736 2048 2828 2098 καὶ
2851 2045 3242 2109 διασκευάζειν,
3266 2045 3455 2114 δέλεαρ
3482 2046 3645 2098 αὑτὸν
3660 2047 3805 2099 άπά-
3893 2052 3896 2055 ’

2227 2159 2324 2210 την
2360 2139 2712 2210 προτιθέντας
2761 2140 2880 2200 ταῖς
2901 2137 3246 2206 ἀστηρίκτοις
3283 2136 3419 2206 πρὸς
3465 2139 3565 2206 τὴν
3618 2139 3802 2191 πίστιν

2226 2233 2444 2302 ψυχαῖς,
2461 2230 2749 2310 κάντεῦθεν
2780 2228 2914 2299 πρὸς
2937 2228 3228 2282 ἀκολασίαν
3251 2228 3552 2290 εύολὶσθοις
3571 2245 3587 2296 ;
3606 2229 3672 2282 Οί
3701 2229 3799 2298 μὲν

2225 2324 2318 2377 οὖν
2357 2325 2488 2377 θεῖοι
2519 2315 2758 2392 Πατέρες
2793 2320 2984 2374 ἐκεῖνοι
3047 2323 3142 2374 τοῦ
3189 2321 3254 2376 δι’
3283 2322 3557 2392 ἐμπλοκῆς
3583 2322 3794 2374 εὐθετίο

2229 2411 2341 2474 ζειν
2362 2411 2458 2464 καὶ
2486 2409 2862 2473 διασκευάζειν
2891 2409 2989 2471 τὰς
3020 2411 3194 2478 κόμας
3227 2411 3594 2481 ἐμνήσθησαν.
3630 2409 3798 2463 Οὐδὲν

2225 2502 2335 2572 γὰρ
2365 2503 2551 2569 ἕτερον
2587 2501 2706 2554 τότε
2739 2503 2867 2570 περὶ
2913 2500 3011 2570 τὴν
3055 2503 3231 2570 κόμην
3275 2503 3440 2570 τισὶν,
3493 2503 3571 2566 ὼς
3622 2503 3791 2561 ἔοικε.

2231 2612 2295 2647 πε
2308 2596 2649 2663 ριείργαστο,
2682 2590 2768 2647 οἷα
2798 2594 2895 2647 νῦν
2928 2598 3038 2656 τοῖς
3067 2594 3457 2664 τριχοϐάπταις
3484 2596 3582 2648 καὶ
3616 2611 3794 2666 τριχο-

2227 2685 2492 2746 πλάσταις
2544 2685 2968 2754 περιεργάζεται
2995 2726 3009 2749 ,
3049 2688 3231 2736 πᾶσαν
3257 2687 3493 2760 σπουδὴν
3528 2689 3792 2758 ποιουμέο

2226 2793 2337 2833 νοις
2401 2777 2597 2845 κομᾷν,
2652 2777 2747 2828 καὶ
2799 2777 3157 2842 γυναικώδεις
3207 2777 3395 2847 φέρειν
3450 2778 3791 2849 βοστρύχους

2228 2869 2391 2938 μέχρι
2417 2869 2694 2938 ζωστῆρος
2743 2869 3128 2937 καθιεμένους,
3180 2872 3230 2922 εἰ
3259 2872 3500 2926 δυνατόν.
3534 2871 3710 2926 Τοῦτο
3745 2875 3790 2926 δ’

2224 2965 2323 3014 οὐκ
2351 2964 2413 3014 ἐκ
2441 2961 2601 3030 μόνου
2633 2960 2726 3015 τοῦ
2761 2961 2836 3031 μὴ
2863 2962 3066 3031 κείρειν
3097 2962 3195 3029 τῆς
3231 2963 3408 3034 κόμης
3436 2964 3496 3017 τὸ
3523 2967 3781 3035 περιττόν

2228 3071 2413 3122 σφισιν
2439 3053 2882 3122 ἐπιτετήδευται,
2916 3053 3053 3106 ἀλλὰ
3080 3054 3214 3123 πρὸς
3236 3055 3295 3108 τὸ
3327 3057 3401 3124 μὴ
3423 3056 3645 3126 σίδηρον
3667 3059 3790 3110 ἁνα-

2225 3146 2426 3197 6αἱνειν
2459 3145 2551 3196 ἐπὶ
2589 3145 2687 3213 τῆς
2743 3145 2986 3211 κεφαλῆς
3025 3145 3225 3210 αὐτῶν,
3268 3147 3363 3200 καὶ
3412 3146 3636 3201 ἃπασαν
3683 3151 3784 3222 τὴν

2225 3236 2400 3306 κόμην
2434 3237 2656 3306 τρέφειν
2689 3237 2870 3298 αὐτοῖς
2903 3238 3166 3306 πεφυκὸς,
3194 3241 3288 3292 καὶ
3324 3237 3548 3310 βαθεῖαν
3615 3247 3790 3295 ποιεῖν

2224 3326 2680 3396 περιείργασται·
2711 3327 3038 3382 πλάττονταί
3077 3328 3138 3380 τέ
3168 3346 3350 3398 σφισιν
3394 3332 3450 3383 αι
3482 3333 3652 3402 κόμαι
3686 3351 3784 3386 κα-

2222 3418 2420 3486 λάμοις
2454 3419 2838 3488 συνδούμεναι,
2877 3418 2943 3471 ἶν’
2978 3419 3169 3482 αὑταῖς
3215 3421 3440 3488 ούλότης
3474 3426 3788 3493 προσγένη-

2221 3529 2309 3564 ται
2335 3527 2348 3540 ⁶
2378 3512 2472 3564 καὶ
2486 3511 2792 3581 -βάπτονται
2831 3507 2985 3566 δεῖν’
3017 3509 3127 3565 εἷεν
3159 3512 3348 3577 ξανθαὶ
3374 3515 3468 3567 καὶ
3492 3517 3788 3585 χρυσίξου-

2222 3621 2332 3657 σαι.
2365 3605 2427 3657 Οἱ
2463 3604 2520 3657 δὲ
2552 3605 2646 3657 καὶ
2672 3603 2826 3658 ὕδατι
2855 3606 2954 3674 τὴν
2985 3604 3146 3675 τρίχα
3175 3605 3272 3674 τῆς
3303 3606 3547 3676 κεφαλῆς
3570 3611 3787 3662 ποιοῦν-

2221 3714 2311 3760 τες
2337 3696 2622 3768 διάδροχον
2649 3696 3048 3768 εἱληθερεῖσθαι
3081 3699 3288 3764 ταύτην
3318 3699 3376 3748 ἐν
3398 3700 3552 3770 ἀκμῇ
3583 3698 3781 3771 θέρους

2220 3785 2525 3854 ἀνέχονται,
2557 3783 2623 3838 ἵν’
2654 3785 2839 3848 αὐτοῖς
2868 3787 2930 3839 τὸ
2978 3786 3143 3854 μέλαν
3176 3787 3546 3859 μεταϐληθείη
3579 3790 3642 3843 τὸ
3672 3793 3780 3844 τῶν

2219 3877 2442 3948 τριχῶν.
2479 3878 2596 3930 Εἰσὶ
2629 3878 2675 3930 δ’
2706 3879 2756 3930 οἳ
2791 3879 2884 3931 καὶ
2914 3879 3102 3940 νόθους
3125 3879 3439 3948 πλοκάμους
3466 3883 3782 3951 περιτιθέα-

2221 3987 2305 4022 σιν
2331 3971 2571 4034 ἑαυτοῖς,
2622 3969 2720 4040 τὴν
2767 3971 2967 4040 ἐγγενῆ
2996 3988 3054 4023 τε
3107 3975 3199 4024 καὶ
3225 3973 3449 4042 συμφυῆ
3482 3972 3785 4044 ξυρὼμενοι

2223 4061 2512 4131 τρίχωσιν.
2551 4061 2656 4114 Καὶ
2704 4063 2738 4132 ἡ
2786 4063 2882 4131 μὲν
2929 4061 3072 4132 κόμη
3118 4061 3210 4114 νῦν
3244 4063 3385 4116 οὕτω
3415 4066 3558 4132 ,τοῖς
3597 4067 3782 4119 πλείο-

2221 4171 2304 4206 σιν
2331 4153 2664 4218 εύθετίζεταί
2694 4171 2751 4206 τε
2800 4154 2892 4206 καὶ
2921 4153 3326 4206 διεσκεύασται·
3368 4155 3512 4210 ἆπαν
3545 4157 3600 4209 δὲ
3629 4159 3784 4212 τούνο

2219 4247 2397 4300 αντὶον
2455 4247 2584 4318 περὶ
2637 4247 2729 4298 τὸν
2790 4244 3025 4314 πώγωνα
3070 4246 3476 4316 διαπράττεται.
3525 4244 3634 4314 έΟἷς
3685 4251 3783 4320 μὲν

2219 4341 2327 4408 γάρ
2381 4337 2506 4407 ἄρτι
2539 4337 2598 4390 τὸ
2646 4341 2924 4407 νεοτήσιον
2969 4338 3130 4401 ἄνθος
3161 4338 3378 4406 φύεται,
3434 4339 3660 4409 ξυρᾶται
3687 4345 3781 4396 αύ-

547 4432 929 4502 eompoueudo
961 4431 1317 4499 ornandoque
1348 4431 1563 4499 capillo,
1613 4449 1642 4484 a
1679 4433 1928 4501 plurimis
1957 4451 2113 4489 usur-

2227 4435 2366 4493 τίκα,
2402 4431 2491 4482 ἵνα
2528 4431 2601 4499 μὴ
2634 4431 2713 4492 εἰς
2748 4429 2923 4482 ἴουλον
2962 4433 3225 4501 καταστῇ.
3265 4431 3403 4484 ἀλλὰ
3435 4433 3650 4503 λειότης
3683 4435 3780 4486 αὖ·
3840 4456 3856 4476 ο

547 4535 764 4593 ιιαιιιιιτ.
867 4524 1067 4575 Contra
1118 4536 1246 4574 vero
1309 4522 1531 4586 omnia,
1576 4523 1722 4593 quod
1777 4526 1842 4578 ad
1897 4525 2118 4580 barbam

548 4617 764 4677 attinet,
801 4615 917 4668 ﬁeri
953 4629 1308 4668 consuevere.
1373 4613 1582 4679 Quibus
1614 4618 1813 4670 etenim
1850 4613 2118 4688 'juvenilis

546 4707 635 4761 ille
669 4707 927 4762 ﬂosculus
951 4707 1190 4775 primum
1239 4706 1560 4787 innascitur,
1603 4708 1755 4762 illum
1785 4687 1992 4778 subito,
2051 4687 2117 4768 ne

545 4811 601 4854 tu
639 4799 948 4869 lanuginem
985 4809 1287 4859 excrescat.
1347 4799 1441 4853 sed
1491 4802 1730 4869 ipsorum
1763 4802 1816 4855 in
1850 4802 1988 4859 facie
2024 4805 2116 4861 lte-

545 4893 681 4944 vitas
715 4891 973 4952 oberret,
1035 4892 1252 4958 sintque
1297 4891 1581 4945 mulierum
1621 4892 1796 4948 instar
1841 4897 2011 4952 teneri
2047 4914 2110 4952 ac

542 4984 753 5047 molles,
804 4977 992 5035 abr'adi
1019 4981 1232 5050 jubent.
1310 4981 1520 5049 Quibus
1552 4998 1682 5038 vero
1712 4984 1926 5055 longius
1951 4997 2111 5043 aetate

541 5070 811 5140 provectis
860 5069 1143 5124 densiores
1196 5069 1305 5123 fere
1361 5071 1452 5139 pili
1509 5081 1691 5127 mento
1751 5085 2107 5141 enascuntur,

540 5163 638 5225 illi,
669 5179 735 5216 ne
761 5161 1086 5216 demissiore
1117 5161 1282 5214 barba
1313 5161 1739 5230 conspiciantur,
1788 5179 1817 5216 a
1848 5168 2108 5220 novacula

539 5256 755 5323 quidem
807 5255 1122 5317 abstinent,
1192 5263 1347 5307 testae
1409 5269 1536 5308 vero
1585 5255 1754 5325 ignito
1801 5257 2103 5330 fragmento

541 5344 721 5398 barbae
768 5347 1005 5409 admoto,
1071 5345 1341 5414 quidquid
1387 5359 1417 5398 e
1467 5355 1650 5398 mento
1693 5346 1854 5402 altius
1900 5349 2104 5404 eminet

538 5439 946 5502 depascuntur,
1001 5445 1321 5504 tantumque
1377 5435 1650 5503 linquunt,
1714 5445 1771 5489 ιιι
1831 5438 2100 5509 lanuginis

540 5526 700 5580 modo
733 5529 1077 5595 pubescentis
1106 5529 1405 5583 similitudo
1446 5543 1741 5597 appareat;
1793 5547 1856 5586 ac
1891 5533 2000 5603 jam
2043 5536 2097 5589 in

610 5699 655 5731 ³⁷
685 5702 702 5755 l
734 5701 860 5756 Cor.
897 5717 973 5765 xi,
1001 5702 1088 5754 Η.

2216 4522 2324 4574 τῶν
2356 4523 2640 4591 ἐπιπρέπῃ
2668 4523 2785 4582 ταῖς
2813 4521 2994 4586 ὄψεσι,
3029 4521 3123 4572 καὶ
3177 4516 3289 4574 οἷον
3324 4525 3500 4575 εἰπεῖν
3533 4526 3782 4590 γυναικὶ-

2215 4615 2390 4678 ζοιντό
2423 4630 2481 4666 τε
2518 4615 2612 4666 καὶ
2643 4601 3064 4682 μαλακίζοιντο·
3101 4609 3182 4677 οἷς
3211 4615 3267 4671 δὲ
3299 4618 3562 4686 προήκων
3584 4617 3612 4668 ό
3649 4619 3782 4686 χρό’

2214 4723 2302 4768 νος
2333 4705 2474 4757 κατὰ
2502 4705 2826 4774 συστήματα
2860 4705 3046 4774 σχεδὸν
3099 4710 3241 4758 ποιεῖ
3291 4707 3389 4768 τὰς
3443 4706 3640 4776 τρίχας
3687 4707 3782 4760 τοῦ

2216 4797 2474 4865 πώγωνος
2505 4796 2758 4864 φύεσθαι,
2799 4797 2887 4848 ἵνα
2923 4797 2997 4867 μὴ
3030 4797 3130 4866 τὴν
3163 4798 3372 4867 ὑπήνην
3403 4801 3618 4867 φέροιεν
3647 4801 3778 4852 xu!!-

2218 4891 2480 4960 ειμένην,
2520 4882 2665 4942 οὗτοι
2713 4889 3004 4957 ἀπέχονται
3063 4891 3159 4960 μὲν
3217 4889 3403 4960 ξυροῦ,
3455 4893 3707 4960 κεράμου
3738 4891 3780 4945 δ’

2212 4982 2330 5034 ἐστὶ
2366 4981 2626 5052 θραῦσμα
2677 4976 2936 5050 ἄνθραξιν
2993 4981 3403 5057 ἐκπυρούμενον
3460 4987 3526 5054 τῇ
3594 4986 3777 5056 ὑπήντ

2211 5072 2610 5141 προσφέρουσι,
2639 5071 2948 5146 καὶτούτου
2981 5071 3070 5124 τοῦ
3137 5073 3393 5140 πώγωνος
3449 5075 3600 5129 ἅπαν
3630 5080 3775 5131 ἐκτεο

2209 5162 2408 5231 φροῦσι
2445 5163 2506 5215 τὸ
2568 5163 2964 5233 αἰωρούμενον,
2998 5163 3245 5217 λείπουσι
3280 5166 3336 5218 δὲ
3367 5167 3647 5232 τοσοῦτον,
3702 5170 3776 5232 ὡς

2208 5253 2386 5306 δοκεῖν
2413 5253 2536 5323 ἄρτι
2563 5254 2653 5306 τὸν
2685 5254 2859 5307 ἴουλον
2885 5256 3121 5323 φύεσθαι
3146 5271 3158 5282 ·
3191 5257 3286 5308 καὶ
3317 5260 3443 5322 τοὺς
3474 5261 3556 5324 εἰς
3577 5261 3776 5329 ἄνδρας

2211 5341 2310 5412 ἤδη
2343 5343 2668 5408 τελέσαντας
2704 5346 3007 5408 νεανίσκοις
3041 5347 3274 5400 ἐοικέναι
3305 5349 3540 5418 πρώτοις
3572 5351 3766 5418 sum”).

2209 5439 2352 5500 ταις.
2387 5439 2571 5493 Ταῦτα
2601 5441 2657 5494 δέ
2679 5443 2738 5493 ού
2770 5445 2879 5505 τοῖς
2903 5444 3124 5514 τυχοῦσι
3159 5443 3342 5513 μόνοις
3373 5445 3766 5516 ἐπιτηδεύεται,

2211 5532 2345 5585 ἀλλὰ
2381 5535 2474 5588 καὶ
2527 5536 2638 5597 τοῖς
2675 5534 2936 5606 ὑπερλίαν
2984 5537 3188 5598 αὐτοῖς.
3245 5537 3409 5590 Ὅθεν
3453 5535 3773 5606 κατενεχθέδ
