4092 6214
513 413 612 480 851

517 531 644 583 niis.

518 629 573 672 ut
609 635 676 674 ex
735 623 948 689 templis
1003 622 1357 691 ejicerentur,
1420 624 1564 692 quod
1626 623 1675 677 id
1727 630 1874 677 esset
1926 633 2074 675 extra

515 731 731 768 omnem
784 717 1232 772 controversiam.
1285 717 1551 784 Quoniam
1588 726 1790 778 autem,
1838 718 1927 784 qui
1980 714 2078 768 lia-

517 803 644 859 bént
689 809 972 869 ecclesias,
1028 807 1188 877 275
1222 809 1631 862 catecltumenia
1679 823 1893 876 quoque
1940 806 2080 860 deti-

515 907 664 957 nent,
696 897 952 952 dixerunt
981 899 1337 969 Patres,quod
1369 917 1474 954 non
1507 902 1680 954 solum
1717 903 1782 952 ab
1813 899 2076 961 ecclesiis,

515 987 608 1041 sed
656 991 820 1042 etiam
864 1006 891 1042 a
946 995 1369 1048 catechumeniis
1417 993 1777 1063 expelluntur.
1853 992 2082 1046 l’nlcltrc

515 1090 692 1144 autem
725 1082 1014 1135 admodum
1042 1085 1393 1139 ecclesiarum
1430 1085 1755 1138 mentionem
1793 1100 1899 1137 non
1937 1084 2079 1137 fece-

513 1180 665 1238 runt,
724 1174 814 1226 sed
851 1189 1132 1228 sacrorum
1188 1177 1454 1230 locorum.
1517 1179 1648 1231 Cum
1679 1177 1902 1230 muliere
1935 1178 2078 1229 enim

517 1265 570 1318 in
603 1265 850 1319 ecclesiis
893 1268 1136 1323 habitare
1181 1279 1260 1322 est
1307 1271 1540 1323 maxime
1579 1261 1800 1340 impium
1841 1287 1854 1322 :
1889 1279 1943 1324 et
1981 1284 2080 1322 nec

520 1353 769 1409 Patribtts
799 1357 1016 1425 quidem
1051 1360 1195 1412 venit
1228 1360 1280 1412 in
1317 1367 1575 1418 mentem,
1633 1359 1748 1412 fore
1783 1367 1840 1411 ut
1873 1359 1938 1411 ab
1972 1359 2081 1410 ullo

516 1454 624 1499 tam
665 1435 887 1516 impium
924 1449 1102 1502 scelus
1128 1450 1478 1517 suscipiatur.
1529 1447 1687 1500 Fiunt
1717 1456 1896 1500 autem
1928 1461 2079 1500 sacra

515 1540 633 1594 loca
662 1542 994 1606 communia,
1037 1557 1130 1610 per
1165 1543 1399 1610 turpium
1441 1552 1494 1593 et
1528 1542 1744 1594 minime
1772 1540 2083 1594 docentium
2119 1554 2126 1566 λ

517 1631 772 1685 cantuum
819 1634 1384 1697 connmtnicationetn,
1436 1650 1502 1687 ex
1552 1649 1614 1686 eo
1641 1633 1782 1702 quod
1814 1648 1932 1685 cum
1967 1646 2084 1684 mu-

521 1724 743 1778 lieribus
778 1725 827 1777 in
859 1725 924 1780 iis
961 1734 1264 1786 maneatur,
1311 1735 1364 1779 et
1401 1741 1495 1792 per
1527 1726 1846 1778 cellularum
1877 1724 1954 1775 vel
1987 1738 2082 1775 co-

519 1817 807 1886 quinarum
840 1829 893 1868 et
943 1819 1172 1871 aliorum
1215 1817 1479 1885 ejusmodi
1530 1819 1980 1872 exstructionem.
2010 1799 2082 1869 A'c

521 1911 746 1963 canonis
799 1910 1014 1979 quidem
1071 1919 1537 1978 transgressores,
1604 1910 1646 1963 si
1699 1909 1808 1962 sint
1863 1908 2120 1981 quidem"

524 2005 745 2066 clerici,
804 2004 1152 2071 deponendos
1208 2006 1559 2060 decernunt:
1622 2002 1791 2055 laiCos
1840 2016 1964 2053 vero
1991 2015 2084 2053 ex-

521 2093 1024 2147 comtnunicandos.
1088 2092 1224 2162 Lege
1255 2105 1308 2146 et
1338 2085 1456 2162 cap.
1487 2094 1550 2146 1‘2
1579 2094 1662 2145 tit.
1698 2094 1852 2160 primi
1915 2093 2006 2144 lili.
2044 2090 2084 2142 V

522 2189 666 2258 quod
703 2189 935 2259 positum
973 2197 1054 2241 est
1087 2189 1138 2240 in
1170 2188 1617 2256 interpretatione
1650 2187 1717 2240 88
1780 2201 1902 2239 can.
1979 2184 2087 2240 Nec

522 2283 618 2336 tibi
654 2282 986 2336 contrarium
1021 2295 1142 2335 esse
1176 2280 1441 2343 videatur,
1468 2277 1631 2346 'quod
1681 2279 1873 2334 doceat
1901 2279 2085 2333 termi-

523 2392 623 2432 nos
669 2376 908 2432 ecclesiae
969 2391 1090 2430 esse
1130 2374 1344 2428 lavacra
1400 2385 1451 2426 et
1504 2374 1690 2426 hortos
1738 2383 1789 2426 et
1848 2373 2088 2447 porticus

525 2470 666 2535 eius,
722 2479 771 2522 et
801 2475 1080 2537 propterea
1119 2484 1220 2521 non
1260 2483 1418 2536 posse
1449 2463 1754 2535 quempiam
1790 2482 1852 2519 ex
1902 2465 1965 2518 iis
1995 2479 2088 2517 eos

526 2561 865 2625 abstrahere,
905 2541 1016 2628 [qui
1075 2560 1202 2612 illuc
1263 2559 1677 2625 confugerunt:
1741 2557 1794 2608 in
1827 2571 1892 2608 eo
1945 2555 2087 2607 enim

525 2654 642 2710 solo
680 2654 926 2707 videntur
975 2668 1095 2708 esse
1139 2664 1314 2721 partes
1365 2652 1628 2704 ecclesiae.
1713 2649 1890 2717 Ipsum
1946 2648 2088 2700 enim

527 2758 688 2817 caput
721 2749 771 2800 in
809 2747 873 2800 iis
917 2754 970 2799 et
1016 2745 1253 2798 dormire
1305 2754 1355 2796 et
1401 2757 1645 2796 contesse
1682 2755 1898 2808 quoque
1936 2755 2094 2807 posse

527 2838 810 2894 decernit:
847 2853 964 2906 qua:
992 2837 1210 2906 quidem
1244 2837 1293 2888 in
1332 2835 1531 2902 templo
1562 2833 1674 2885 fieri
1716 2831 2088 2900 prohibentur.

530 2933 609 2985 Ac
654 2929 968 2984 vicesimum
1027 2928 1244 2998 quidem
1305 2927 1534 2994 primum
1586 2924 1829 2992 ejusdem
1882 2923 2004 2976 libri
2040 2930 2094 2976 et

531 3024 615 3076 tit.
647 3030 809 3091 caput
839 3028 890 3073 et
919 3019 988 3074 ab
1018 3019 1250 3072 ecclesia
1282 3055 1297 3077 ,
1329 3028 1382 3071 et
1409 3017 1474 3069 ab
1503 3016 1622 3084 ejus
1663 3015 1879 3078 ﬁnibus,
1910 3022 2093 3066 extra-

535 3115 740 3168 Itendos
769 3129 890 3167 esse
919 3112 1161 3166 decernit
1181 3110 1508 3172 homicidas,
1535 3109 1810 3162 adulteras
1835 3116 1888 3159 et
1913 3115 2095 3175 rapto-

1772 412 2045 474 THEOD.
2083 411 2310 469 BALSA
2321 412 2374 470 Μ
2380 411 2473 471 ON

731 527 1019 596 Propterea
1053 529 1220 592 enim,
1272 546 1370 584 nec
1401 531 1513 598 lege
1553 519 1766 597 quidem
1797 537 2074 590 caverunt,

2196 525 2469 579 Ξάλλεσθαι
2501 527 2723 590 τούτους
2767 527 2870 579 ἀπὺ
2905 526 3013 578 τῶν
3044 525 3208 588 ναῶν,
3257 525 3330 582 ὡς
3367 525 3567 586 είδότες
3594 521 3737 580 εἷναι

3633 409 3734 470 8ἱι2

2181 617 2310 669 αὐτὸ
2349 616 2739 684 ἁναμιξίϐολον.
2775 616 2900 672 Ὅτι
2935 616 2989 669 δὲ
3018 616 3213 687 ἤθελον
3269 617 3316 668 oi
3367 616 3583 685 ἔχοντες
3639 617 3738 678 τὰς

2179 689 2512 777 ἐκκλησίας·
2558 709 2659 761 κᾶν
2704 710 2770 762 τὰ
2827 710 3260 778 κατηχουμενεῖα
3315 708 3591 778 κατέχειν,
3651 705 3729 760 εἷ-

2183 819 2280 853 πον
2333 804 2378 852 oi
2433 802 2674 871 Πατέρες
2725 801 2800 864 ὡς
2827 802 2887 852 οὐ
2929 803 3089 870 μόνον
3119 800 3224 853 ἀπὸ
3267 801 3374 852 τῶν
3408 800 3739 869 ἐκκλησιῶν,

2181 894 2318 946 ἀλλὰ
2356 896 2448 947 καὶ
2485 894 2594 949 ἀπὸ
2621 895 2728 947 τῶν
2760 894 3237 963 κατηχουμενείων
3273 893 3359 945 ἵνα
3405 891 3736 957 ὲξωθῶνται.

2184 986 2380 1048 Καλῶς
2414 986 2472 1039 δὲ
2513 987 2611 1039 οὐκ
2645 987 2996 1056 ἐμνήσθησαν
3030 984 3336 1054 ἐκκλησιῶν
3364 1025 3378 1047 ,
3407 984 3544 1035 ἀλλὰ
3577 984 3741 1052 ἱερῶν

2182 1075 2377 1128 τόπων.
2407 1076 2479 1128 Τὸ
2510 1076 2618 1144 γὰρ
2652 1078 2982 1146 καταμένειν
3011 1079 3146 1146 μετὰ
3174 1076 3428 1144 γυναικὸς
3460 1078 3517 1128 ἐν
3545 1077 3741 1144 ἐκκλη-

2185 1173 2275 1243 σίᾳ
2312 1173 2671 1226 ἁσεὸέστατόν
2702 1169 2815 1227 ἐστι
2844 1191 2860 1207 ·
2897 1175 2988 1227 καὶ
3011 1174 3130 1226 οὐδὲ
3169 1175 3247 1236 εἰς
3277 1172 3575 1242 ἐνθύμησιν
3608 1169 3743 1242 ἦλθε

2181 1269 2298 1344 τοῖς¹
2325 1268 2568 1338 Πατρόισι
2606 1268 2941 1338 τολμηθῆναι
2973 1269 3108 1331 ὅλως
3145 1268 3297 1340 παρᾲ
3327 1286 3472 1330 τινος
3501 1267 3744 1321 τοιοῦτον

2184 1361 2463 1430 ἀσέϐημα.
2510 1363 2956 1415 Κοινοποιοῦνται
2989 1363 3045 1414 δὲ
3097 1364 3144 1413 οἱ
3176 1364 3308 1425 ἱεροὶ
3335 1362 3487 1414 τόποι
3522 1361 3613 1414 διὰ
3650 1361 3744 1414 τοῦ

2184 1454 2512 1523 καταμένειν
2557 1455 2695 1523 μετὰ
2733 1455 3008 1522 γυναικῶν
3043 1455 3130 1508 διὰ
3162 1454 3444 1522 ἀλαλαγῆς
3472 1456 3748 1523 μελισμάε-

2184 1559 2290 1594 των
2318 1543 2643 1610 ἀσχημόνων
2677 1545 2768 1596 καὶ
2802 1545 3098 1614 ἀπρεπῶν,
3151 1545 3243 1597 καὶ
3277 1545 3364 1597 διὰ
3397 1547 3748 1612 κατασκευῆς

2188 1635 2564 1702 παρακελλίων
2596 1636 2626 1705 ἢ
2659 1637 2990 1706 μαγειρείων
3017 1637 3048 1708 ἢ
3079 1637 3252 1690 ἄλλων
3286 1638 3562 1691 τοιούτων.
3607 1638 3750 1699 Τοὺς

2187 1729 2372 1793 μέντοι
2433 1728 2755 1796 παραδὰτας
2811 1728 2899 1780 τοῦ
2962 1730 3224 1793 κανόνος,
3281 1729 3577 1798 κληρικοῦς
3647 1731 3749 1798 μὲν

2184 1820 2363 1880 ὄντας,
2402 1820 2781 1888 καθαιρεῖσθαι
2810 1819 3155 1891 διορίζονται,
3192 1822 3412 1882 λαῖκους
3447 1821 3525 1883 δὲ,
3556 1822 3750 1890 ἀφορί-

2186 1909 2395 1972 ζεσθαι.
2437 1910 2773 1977 ’Λνόιτνωσον
2823 1913 2916 1962 καὶ
2949 1912 3008 1963 τὸ
3062 1916 3127 1980 ιβ’
3175 1930 3297 1980 κεφ.
3349 1911 3440 1964 τοῦ
3475 1919 3522 1964 α’
3562 1913 3749 1965 τίτλον

2185 2001 2277 2054 τοῦ
2311 2009 2350 2054 ε’
2401 2002 2628 2072 βιϐλίον,
2669 2004 2802 2071 ὅπερ
2841 2004 3195 2073 κατεστρώθη
3227 2006 3304 2064 είς
3331 2006 3426 2072 τὴν
3449 2005 3753 2074 ἑρμηνείαν

2186 2095 2280 2147 τοῦ
2324 2103 2412 2161 σπη’
2461 2096 2702 2160 κανόνος,
2759 2098 2850 2148 καὶ
2904 2096 2976 2166 μὴ
3006 2096 3304 2167 ἐναντιωθῇ
3337 2115 3418 2150 σοι
3444 2149 3460 2172 ν
3496 2099 3752 2154 διδάσκον

2187 2188 2310 2256 ὅρια
2341 2188 2439 2257 τῆς
2467 2188 2759 2256 ἐκκλησίας
2781 2186 3001 2243 εἶναιτὰ
3031 2191 3230 2259 λουτρᾶ
3261 2192 3351 2244 καὶ
3384 2192 3510 2253 τοὺς
3544 2193 3752 2259 κήπους

2189 2279 2283 2329 καὶ
2323 2278 2424 2340 τὰς
2453 2278 2612 2340 στοὰς
2651 2277 2873 2345 ταύτης,
2917 2278 3012 2330 καὶ
3055 2279 3140 2332 διὰ
3181 2280 3337 2331 τοῦτο
3373 2281 3445 2347 μὴ
3489 2280 3752 2332 δύνασθαί

2188 2387 2310 2426 τινα
2337 2371 2588 2437 ἀφέλκειν
2622 2370 2683 2420 ἐκ
2710 2369 2913 2422 τούτων
2937 2371 3061 2431 τοὺς
3090 2371 3408 2440 πρόσφυγας
3436 2389 3450 2402 ’
3485 2371 3752 2438 κατάγὰρ

2191 2463 2351 2515 τοῦτο
2395 2467 2487 2515 καὶ
2530 2464 2694 2529 μόνον
2729 2455 2947 2516 δοκοῦσι
2977 2465 3072 2517 καὶ
3120 2464 3292 2517 ταῦτα
3330 2465 3427 2530 τῆς
3457 2464 3754 2534 ἐκκλησίας

2197 2559 2358 2625 μέρη.
2407 2555 2561 2607 Ἐπεί
2608 2557 2688 2608 τοί
2714 2574 2774 2622 γε
2805 2556 2900 2608 καὶ
2926 2557 3057 2625 αὐτὸ
3087 2557 3148 2610 τὸ
3190 2562 3313 2624 vim.
3359 2557 3657 2632 διορίζεται
3697 2559 3752 2610 ἐν

2190 2651 2400 2709 τούτοις
2424 2650 2518 2700 καὶ
2553 2648 2754 2701 ὑπνοῦν
2795 2651 2887 2699 καὶ
2938 2647 3140 2700 ἐσθίειν
3166 2687 3181 2711 ,
3223 2649 3365 2716 ἅπερ
3398 2650 3478 2709 είς
3505 2649 3596 2700 τὸν
3625 2645 3752 2700 ῦαῆν

2191 2739 2543 2808 ἐκωλύθησαν
2577 2737 2845 2806 γίνεσθαι.
2881 2738 3163 2810 regem;
3194 2746 3278 2792 κα⁹
3313 2757 3436 2806 κεφ.
3463 2738 3559 2791 τοῦ
3588 2738 3749 2792 αὑτοῦ

2197 2831 2404 2902 βιϐλίον
2437 2833 2530 2884 καὶ
2561 2831 2742 2884 τίτλον
2781 2831 2872 2882 καὶ
2903 2831 3010 2882 ἀπὸ
3054 2834 3153 2900 τῆς
3203 2831 3498 2900 ἐκκλησίας
3529 2834 3625 2884 καὶ
3652 2832 3753 2883 ἀπὸ

2193 2923 2300 2977 τῶν
2331 2925 2472 2994 ὅρων
2499 2923 2705 2992 ταύτης
2747 2922 2985 2986 ἐξέλκειν
3017 2922 3308 2989 διορίζεται
3341 2925 3469 2986 τοὺς
3497 2924 3757 2995 ἁνδροφό·

2195 3033 2338 3079 νους,
2393 3016 2518 3078 τοὺς
2577 3016 2798 3084 μοιχοὺς
2851 3016 2945 3067 καὶ
2999 3017 3124 3076 τοὺς
3160 3015 3438 3087 ἅρπαγας.
3490 3018 3617 3079 Τοῖς
3649 3018 3758 3086 γὰρ

2196 3111 2454 3170 τοιούτοις
2491 3109 2653 3171 τόπος
2681 3108 2909 3176 ἀσυλίας
2941 3109 3040 3161 οὐκ
3075 3109 3221 3160 ἔστιν
3245 3126 3258 3140 ·
3297 3110 3672 3179 Ὄτινφησὶν,
3698 3111 3756 3162 οὗ

531 3219 641 3258 res.
705 3201 1183 3271 Ejusmodi'enim
1236 3199 1546 3252 hominibus
1595 3198 1774 3250 nullus
1823 3206 1906 3250 est
1959 3196 2092 3264 asyli

2201 3206 2311 3266 τοῖς
2371 3201 2671 3260 ἀδικοῦσιν.
2718 3200 2855 3254 ἀλλὰ
2907 3201 3018 3262 τοῖς
3064 3199 3441 3270 ἀδικουμένοις
3495 3202 3543 3252 οί
3605 3203 3758 3269 νόμοι

534 3297 724 3349 locus:
764 3294 1045 3358 quoniam,
1086 3290 1282 3360 inquit,
1331 3305 1436 3343 non
1476 3289 1563 3352 iis,
1622 3288 1715 3356 qui
1751 3287 1947 3353 injuria
1988 3285 2099 3336 atii-

385 3453 400 3470 φ
461 3381 464 3384 ’
535 3392 709 3454 ciunt,
748 3386 841 3441 sed
872 3387 936 3440 iis
965 3386 1055 3454 qui
1090 3383 1290 3451 injuria
1319 3380 1645 3445 adiciuntur,
1670 3378 1812 3444 leges
1834 3375 2097 3429 auxilium

534 3483 740 3536 ferunt.
807 3478 947 3547 Lege
972 3488 1028 3530 et
1055 3477 1121 3529 75
1153 3477 1284 3545 imp.
1327 3474 1532 3528 domini
1562 3470 1758 3526 Leonis
1789 3469 2098 3538 Philosophi

533 3572 832 3634 Novellam,
882 3586 1002 3638 qua:
1041 3585 1136 3623 eos
1187 3570 1346 3622 etiam
1381 3567 1630 3620 similiter
1677 3563 1847 3632 punit,
1902 3562 1993 3630 qui
2047 3563 2098 3614 in

537 3661 966 3718 catechumeniis
1005 3661 1237 3714 habitari
1278 3658 1616 3728 permittunt.
1850 3679 1869 3694 ο
2105 3715 2112 3719 _

609 3751 858 3808 ZONAR.
900 3753 1188 3808 Sacrorum
1256 3752 1498 3804 locorum
1569 3748 1808 3812 nomine,
1860 3765 1964 3803 non
2012 3749 2101 3801 hic

454 3839 455 3844 “
540 3847 763 3916 templa,
801 3847 891 3900 sed
923 3846 1210 3913 adjunctas
1252 3844 1470 3911 templis
1503 3823 1885 3903 habitationes,
1919 3842 2101 3909 qualia

542 3949 706 4002 sunt,
753 3953 872 4004 quae
928 3937 1319 3989 catechumena
1378 3933 1757 4002 appellantur.
1827 3931 2100 3998 intelligit.

539 4030 728 4100 Neque
757 4029 900 4082 enim
941 4029 1233 4094 quisquam
1281 4024 1455 4077 audax
1490 4024 1626 4078 adeo
1657 4023 1843 4086 fuerit,
1880 4033 1936 4075 ut
1965 4023 2102 4074 intra

533 4105 709 4177 'divini
779 4123 962 4189 templi
1018 4128 1169 4188 septa
1228 4133 1350 4172 cum
1417 4131 1585 4170 uxore
1644 4116 1890 4168 habitare
1954 4114 2098 4166 velit.

543 4217 602 4270 In
634 4215 840 4270 edibus
875 4229 1002 4268 vero
1050 4211 1263 4281 templis
1303 4210 1594 4279 adiunctis,
1634 4219 1689 4262 et
1737 4209 1791 4260 in
1841 4205 2104 4262 catechu-

545 4308 742 4362 meniis
793 4305 1035 4360 nonnulli
1087 4303 1372 4372 degebant,
1413 4304 1504 4369 qui
1566 4300 1702 4353 l'ortc
1740 4287 1919 4350 vitant
1963 4295 2120 4380 haud.

545 4399 680 4453 satis
733 4407 885 4452 caste
940 4397 1257 4464 integreque
1293 4400 1536 4461 agerent,
1587 4391 1790 4460 quique
1823 4403 2122 4445 sacrorum.

545 4492 786 4543 locorum
853 4488 1181 4555 dignitatem
1215 4492 1660 4544 contemnerem,—
1685 4497 1745 4533 ac
1779 4482 1830 4534 in
1880 4481 1945 4533 iis
1986 4480 2104 4533 sine

546 4578 887 4640 discrimine,
926 4577 1024 4630 hoc
1047 4586 1150 4640 est,
1173 4573 1305 4643 quid
1335 4575 1475 4627 inter
1499 4587 1711 4627 sacrum
1741 4581 1794 4626 et
1815 4569 2102 4641 profanum

547 4670 839 4723 interesset
886 4667 1110 4720 minime
1162 4664 1517 4724 mstimantes,
1572 4672 1947 4715 versarentur.
2001 4661 2105 4715 Eos

547 4758 714 4829 igitur
763 4758 1012 4811 homines
1054 4770 1084 4808 e
1127 4752 1557 4808 catechumeniis
1587 4766 1760 4804 canon
1805 4750 2103 4819 ejiciendos

551 4861 673 4901 esse
716 4846 985 4905 decernit.
1026 4844 1230 4912 quique
1279 4858 1387 4897 non
1420 4841 1726 4912 paruerint,
1767 4841 2107 4908 depositione

553 4941 784 4994 clericos
846 4956 859 4990 :
937 4938 1107 4991 laicos
1143 4950 1271 4988 vero
1311 4933 1700 5005 segregatione
1720 4934 1890 4988 teneri
1920 4934 2095 5002 jubet.

555 5035 685 5089 Suis
727 5048 860 5101 vero,
917 5027 1292 5101 praeregativis
1335 5027 1590 5095 adjuncta
1643 5040 1862 5093 quoque
1933 5026 2110 5078 sacris

551 5125 759 5180 aedibus
791 5125 908 5177 loca
944 5130 1135 5174 ornata
1177 5118 1368 5181 fuisse,
1422 5132 1484 5170 ex
1523 5117 1591 5169 iis
1638 5106 1793 5168 facile
1843 5125 2105 5184 apparet,

552 5234 674 5285 quae
703 5214 1030 5270 duodecimo
1069 5226 1191 5280 cap.
1243 5208 1385 5262 tituli
1443 5208 1602 5276 primi
1650 5206 1774 5260 libri
1810 5207 1986 5273 quinti
2031 5209 2110 5260 sic

555 5312 845 5365 habentur.
905 5305 1227 5375 Quicunque
1282 5302 1348 5354 ad
1387 5301 1676 5355 ecclesiam
1743 5299 2108 5369 confugerint,

560 5417 734 5469 usque
762 5401 826 5454 ad
863 5398 962 5452 fori
997 5397 1199 5466 publici
1228 5393 1492 5448 terminos
1522 5392 1814 5445 securitate
1839 5390 2109 5454 fruantur;

557 5497 672 5550 sive
698 5497 751 5548 in
801 5494 1154 5548 interioribus
1187 5490 1440 5553 lavacris,
1481 5487 1595 5542 sive
1631 5487 1823 5547 hortis,
1873 5494 1965 5539 aut
2019 5487 2116 5537 do-

2203 3295 2512 3364 βοηθοῦσιν.
2599 3292 2900 3360 Ἀνάγνωθι
2951 3294 3047 3345 καὶ
3102 3292 3201 3362 τὴν
3255 3298 3332 3359 ογ¹
3394 3291 3614 3361 Νεαρὰν
3665 3291 3759 3344 τοῦ

2204 3386 2469 3456 βασιλέως
2502 3386 2674 3455 κυροῦ
2697 3387 2924 3448 Λέοντος
2953 3383 3046 3437 τοῦ
3077 3384 3371 3452 Φιλοσόφου
3391 3425 3405 3448 ,
3443 3385 3762 3452 παρομοῖως

2203 3481 2538 3544 κολάζουσαν
2556 3480 2652 3532 καὶ
2674 3480 2801 3541 τοὺς
2833 3478 3229 3548 ἐπιτρέποντας
3251 3477 3348 3546 τὴν
3377 3477 3458 3538 είς
3490 3475 3558 3528 τὰ
3591 3492 3763 3545 κατηι

2203 3576 2491 3645 χουμενεῖα
2518 3573 2821 3626 κατοικίαν.

2272 3751 2518 3806 ΖΩΝΑΡ.
2585 3752 2786 3816 Ἱερονς
2844 3757 3039 3814 τόπους
3083 3753 3142 3803 οὐ
3187 3753 3312 3813 τοὺς
3370 3750 3548 3814 θείους
3596 3753 3759 3816 ναοὺς

2203 3843 2433 3896 ἐνταῦθα
2467 3844 2661 3906 καλεῖ,
2717 3845 2854 3898 ἁλλά
2901 3847 2998 3908 τὰς
3040 3847 3166 3915 περὶ
3201 3846 3399 3908 αὐτοὺς
3449 3845 3759 3906 κατοικίας,

2202 3931 2291 3988 οἷά
2330 3938 2435 3989 είσι
2487 3936 2554 3989 τὰ
2616 3937 2887 4006 λεγόμενα
2944 3937 3349 4007 κατηχούμενα.
3415 3937 3604 4000 Οὐδεὶς
3653 3936 3764 4005 γὰρ

2203 4025 2378 4090 οὕτως
2426 4027 2492 4080 ἂν
2530 4028 2617 4096 είή
2651 4028 2969 4097 τολμητίας,
3014 4029 3089 4092 ῶς
3140 4028 3291 4090 ἐντος
3318 4028 3449 4081 ναοῦ
3493 4033 3764 4082 συνοικεῖν

2205 4120 2445 4187 γαμετῇ.
2502 4119 2593 4171 Ἐν
2646 4117 2848 4179 οἰκίαις
2891 4119 2948 4170 δὲ
2988 4119 3129 4170 πάνυ
3185 4120 3566 4189 συνημμέναις
3617 4123 3766 4182 ναοῖς

2205 4211 2302 4263 καλ⁸
2328 4213 2386 4262 ὲν
2414 4213 2526 4273 τοῖς
2552 4211 2984 4281 κατηχουμένοις
3009 4211 3189 4282 ᾤκουν
3234 4213 3378 4272 τινὲς
3426 4213 3500 4281 μὴ
3550 4213 3768 4281 σεμνῶς

2207 4305 2338 4364 ἴσως
2366 4303 2628 4368 βιοῦντες,
2659 4304 2754 4356 καὶ
2777 4305 3262 4374 καταφρονητικῶς
3296 4302 3442 4375 εἶχον
3476 4323 3544 4357 πε
3553 4305 3607 4373 pi.
3640 4305 3770 4366 τοὺς

2205 4395 2404 4455 τόπους
2430 4394 2555 4456 τοὺς
2588 4395 2787 4464 ἱεροὺς,
2818 4393 3146 4461 ἀδιακρίτως
3174 4393 3448 4454 οἰκοῦντες
3471 4395 3527 4445 ὲν
3561 4395 3768 4456 αὐτοῖς,

2207 4487 2330 4538 ἀντὶ
2351 4485 2444 4536 τοῦ
2466 4485 2540 4554 μὴ
2570 4485 2970 4547 διαστέλλοντες
3003 4485 3136 4552 μηδὲ
3163 4485 3578 4554 διαχωρίζοντες
3603 4487 3775 4555 μέσον

2212 4576 2370 4642 ἁγίου
2391 4615 2406 4635 ,
2439 4576 2534 4626 καὶ
2566 4573 2810 4642 βεϐήλου.
2865 4573 3004 4634 Τοὺς
3047 4573 3142 4634 οῦν
3173 4573 3343 4636 οὕτως
3375 4574 3600 4644 ἔχοντας
3636 4575 3773 4640 ἐξω-

2210 4667 2418 4720 θεῖσθαι
2449 4666 2555 4719 τῶν
2583 4661 3002 4736 κατηχουμένιυν
3022 4669 3047 4719 ό
3077 4665 3252 4718 κανὼν
3281 4667 3646 4731 διατάττεται,
3679 4669 3777 4719 καὶ

2210 4760 2334 4821 τοὺς
2368 4759 2439 4827 μὴ
2479 4758 2845 4825 φυλάττοντας
2873 4758 3070 4821 αὑτὸν,
3114 4759 3409 4826 κληρικοῦς
3441 4758 3540 4825 μὲν
3573 4757 3776 4810 καθαι-

2214 4853 2296 4919 ρεῖ
2331 4869 2340 4880 ·
2371 4849 2592 4910 λαῖκοὺς
2622 4849 2678 4900 δὲ
2707 4849 2980 4916 ἀφορίζει.
3007 4848 3129 4902 Ὅτι
3159 4848 3332 4901 δὲοκαὶ
3348 4851 3415 4900 τὰ
3436 4848 3778 4915 συγκείμενα

2211 4944 2322 5003 τοῖς
2348 4941 2509 5002 θείοις
2543 4943 2689 5002 ναοῖς
2727 4940 3038 5010 προνομίων
3069 4939 3366 5005 ἀξιοῦνται,
3401 4940 3536 5006 φησὶ
3576 4941 3638 4992 τὸ
3669 4941 3778 4993 δωο

2210 5034 2435 5086 δέκατον
2471 5032 2767 5099 κεφάλαιον
2820 5033 2911 5084 τοῦ
2958 5031 3172 5106 πρῶτον
3221 5032 3397 5084 τίτλον
3453 5034 3546 5086 τοῦ
3599 5040 3640 5086 ε’
3691 5035 3779 5103 βι-

2210 5124 2379 5181 ϐλίου,
2413 5123 2662 5192 περιέχον
2691 5123 2861 5185 οὕτως
2885 5141 2899 5154 ⁸
2924 5125 3101 5192 Μέχρι
3127 5123 3236 5176 τῶν
3272 5124 3364 5175 ἐπὶ
3381 5124 3478 5193 τῆς
3509 5125 3783 5194 δημοσίας

2211 5214 2417 5283 ἀγορᾶς
2468 5215 2565 5281 τῆς
2617 5214 2915 5284 ἐκκλησίας
2949 5215 3091 5282 ὅρων
3121 5215 3182 5266 τὸ
3211 5215 3452 5284 ἀσφαλὲς
3499 5217 3780 5286 ἐχέτωσαν

2210 5307 2258 5356 οἱ
2292 5299 2700 5376 προσφυγόντες
2728 5307 2842 5366 τοῖς
2871 5306 3170 5376 ἐνδοτέροις
3186 5307 3454 5374 λουτροῖς,
3484 5308 3515 5377 ἦ
3551 5310 3775 5373 κήποις,

2212 5396 2245 5463 ἢ
2299 5397 2628 5464 οίκήμασιν,
2685 5395 2717 5465 ἢ
2775 5399 2977 5460 στοαῖς,
3030 5396 3061 5466 ἢ
3117 5398 3306 5460 αὐλαῖς
3341 5399 3625 5467 χρώμενοι,
3671 5400 3779 5450 καὶ

2215 5485 2618 5538 κωλυέσθωσαν
2669 5487 2819 5550 ἐντὸς
2859 5488 2952 5539 τοῦ
2993 5488 3122 5541 ναοῦ
3159 5489 3421 5553 ὑπνοῦνῆ
3472 5490 3668 5541 ἐσθίειν

557 5591 756 5650 mibus,
811 5598 904 5641 aut
944 5587 1264 5654 porticibus.
1321 5594 1413 5638 aut
1480 5584 1617 5637 aulis
1657 5592 2106 5636 'connnorentur.
2165 5581 2349 5650 Neque
2395 5583 2645 5654 cuiquam
2706 5586 2846 5639 intra
2912 5587 3080 5654 ipsius
3124 5591 3305 5660 templi
3353 5591 3482 5645 ﬁnes
3529 5593 3787 5648 cubandi

556 5682 731 5736 cibive
765 5681 1010 5734 sumendi
1053 5679 1141 5731 ﬁat
1173 5679 1424 5734 lacultas.

555 5773 786 5830 ARIST.
847 5790 864 5820 ι
905 5771 1073 5824 Uxori
1122 5771 1389 5834 addictus,
1423 5782 1475 5825 et
1507 5789 1600 5842 per
1654 5782 2018 5840 contemptum
2061 5773 2111 5823 in

634 5883 652 5915 ι
692 5862 890 5930 templo
923 5876 1218 5923 manens,e
1270 5863 1694 5917 catechumeniis
1732 5865 1890 5918 etiam
1929 5865 2112 5934 expel-

2219 5776 2438 5829 ΑΡΙΣΤ.
2543 5793 2561 5825 ‹
2639 5775 2697 5826 '0
2754 5773 3100 5841 ὑπογύναιος,
3155 5779 3247 5828 καὶ
3291 5781 3794 5848 καταφρονητικῶς

2294 5886 2311 5917 ε
2365 5867 2540 5935 μένων
2573 5869 2626 5920 ἐν
2659 5867 2734 5936 τῷ
2762 5868 2894 5934 ναῷ,
2919 5867 3226 5931 ἐξωθείσθω
3253 5872 3348 5926 καὶ
3374 5872 3475 5925 τῶν
3507 5889 3791 5946 κατηχουο
