4092 6214
505 295 613 354 8ῦῦ

1742 338 1749 339 ί
1794 301 2065 363 THEOD.
2110 302 2507 368 BALSAMON

3635 317 3734 381 855

506 414 749 482 legitime
795 416 969 484 prima
1022 415 1295 485 sponsalia
1324 417 1566 477 solverit.
1616 416 1681 472 Et
1712 421 1824 474 haec
1851 421 2066 490 quidem

2178 426 2396 496 πρώτην
2424 430 2720 497 μνηστείαν
2750 431 2930 489 ἔλυσε.
2977 434 3085 488 Καὶ
3120 436 3226 489 ἀπὸ
3253 434 3351 505 μὲν
3379 437 3472 491 τοῦ
3508 440 3738 503 κανόνος

510 522 575 560 ex
616 507 871 577 praesenti
929 522 1157 563 canone.
1224 508 1394 564 Multo
1428 520 1608 566 autem
1642 514 1816 584 magis
1845 515 1891 569 is
1921 529 2066 569 nunc

510 607 571 654 ut
606 600 819 654 adulter
849 599 1317 663 condemnabitur,
1357 604 1575 672 quando
1598 618 1664 659 ex
1704 605 1929 663 illustris
1965 609 2067 661 im-

510 688 1001 757 peratorisﬁdomini
1032 691 1205 747 Alexii
1235 691 1494 749 Comneni
1515 697 1822 750 veneranda
1847 695 2067 752 Novella

509 780 577 833 de
604 780 977 849 sponsalibus,
1010 784 1289 851 sponsalia
1343 784 1454 840 fere
1494 786 1547 840 in
1590 789 1848 844 omnibus
1895 792 2071 859 perte-

509 870 612 951 ctis
652 872 857 939 nuptiis
897 875 1269 943 aequivalent:
1324 892 1426 932 nec
1457 878 1583 935 aliis
1625 881 1797 936 modis
1845 885 2069 937 solvun-

509 962 621 1027 tur,
657 981 818 1033 quam
856 967 1058 1036 quibhs
1086 968 1195 1035 jam
1238 970 1535 1039 perfectum
1584 971 1912 1028 distrahitur
1954 990 2070 1028 ma-

508 1055 847 1111 trimonium.
908 1058 987 1114 Ne
1040 1061 1255 1117 mireris
1312 1073 1531 1127 autem,
1570 1063 1758 1118 Patres
1824 1065 1960 1119 nihil
2004 1065 2072 1121 de

512 1150 741 1204 muliere
786 1152 1074 1209 statuisse.
1122 1155 1176 1207 Si
1228 1155 1274 1209 is
1318 1156 1462 1211 enim
1509 1157 1756 1227 punitur,
1803 1159 1894 1226 qui
1951 1174 2069 1213 eam

507 1242 679 1308 ducit,
732 1246 827 1315 qui
880 1245 1022 1300 forte
1072 1250 1148 1301 uti
1193 1257 1372 1317 potest
1421 1259 1684 1318 praetextu
1727 1252 2069 1319 ignorantim,

510 1339 680 1392 multo
739 1330 910 1409 magis
939 1341 1195 1410 punietur
1245 1343 1463 1407 mulier,
1504 1359 1625 1413 qua:
1662 1344 1799 1398 nihil
1834 1347 1941 1399 tale
1976 1360 2070 1414 po-

506 1436 616 1484 test
672 1431 872 1497 dicere,
921 1433 1050 1486 dum
1095 1433 1226 1489 vivit
1255 1434 1375 1504 ejus
1406 1450 1665 1505 sponsus.
1718 1436 1811 1491 ille
1852 1436 2068 1503 quidem

509 1523 767 1591 punietur
830 1536 887 1580 ut
925 1526 1161 1590 adulter,
1227 1529 1320 1597 qui
1368 1543 1491 1583 cum
1551 1530 1704 1584 alteri
1744 1520 2068 1599 desponsam

507 1629 630 1670 esse
667 1616 856 1683 sciret,
900 1635 1020 1673 eam
1092 1629 1316 1675 urorem
1362 1622 1598 1677 duxerit.
1642 1621 1839 1677 Mulier
1887 1630 2069 1677 autem

509 1709 1005 1780 quomodocumque
1042 1727 1100 1766 se
1126 1728 1212 1768 res
1250 1712 1466 1776 habeat,
1512 1723 1570 1767 ut
1605 1713 1847 1769 adultera
1881 1716 2069 1781 punie-

2170 517 2341 571 ταῦτα
2381 534 2392 548 ’
2431 520 2609 589 πολλῷ
2644 522 2701 575 δὲ
2733 521 2897 578 πλέον
2930 525 3170 596 σήμερον
3195 526 3272 588 ὡς
3299 528 3486 599 μοιχὸς
3508 528 3536 581 ὁ
3561 532 3742 583 τοιοῦο

2171 627 2261 673 τος
2290 614 2782 684 κατακριθήσεται,
2825 617 2958 670 ὅταν
2996 618 3104 671 ἀπὸ
3133 619 3233 688 τῆς
3266 621 3396 690 περὶ
3438 621 3739 691 μνηστείας

2170 706 2556 777 προσκυνητῆς
2583 708 2802 777 Νεαρᾶς
2825 708 2920 762 τοῦ
2967 709 3215 778 ἀοιδίμου
3264 710 3423 778 ἁγίου
3466 710 3738 780 βασιλέως

2171 795 2339 864 κυροῦ
2358 796 2599 862 Ἀλεξίου
2614 801 2708 851 τοῦ
2730 801 3016 871 Κομνηνοῦ
3045 803 3076 872 ἡ
3106 802 3369 873 μνηστεία
3397 804 3538 857 κατά
3556 804 3740 858 πάντα

2173 887 2360 957 σχεδὸν
2401 891 2709 961 ίσοδυναμεῖ
2736 893 2811 961 τῷ
2836 894 3027 963 τελείῳ
3058 897 3222 964 γάμῳ
3254 909 3267 924 ⁸
3313 896 3408 951 καὶ
3448 896 3624 959 ἄλλως
3673 896 3738 950 οὐ

2171 979 2381 1045 λύεται,
2418 985 2467 1035 εί
2503 983 2577 1051 μὴ
2610 984 2734 1037 καθ’
2759 985 2852 1049 οὒς
2882 988 3120 1056 τρόπους
3160 988 3252 1040 καὶ
3282 989 3341 1041 τὸ
3383 988 3593 1042 τέλειον
3619 991 3741 1042 δια-

2126 1144 2127 1147 η
2174 1070 2375 1122 σπᾶται
2408 1074 2761 1128 συνοικέσιον.
2811 1077 2900 1145 Μὴ
2939 1078 3225 1149 θαυμάσῃς
3269 1078 3326 1131 δὲ
3360 1080 3440 1132 ὅτι
3471 1080 3605 1149 περὶ
3637 1081 3742 1150 τῆς
3772 1140 3779 1146 δ

2173 1164 2433 1227 γυναικὸς
2457 1165 2557 1218 οὐκ
2586 1166 2993 1239 ὲθεσμοθετήθη
3024 1188 3077 1222 τι
3112 1170 3266 1238 παρά
3304 1171 3414 1225 τῶν
3452 1173 3739 1244 Πατέρων.

2173 1252 2237 1304 El
2268 1253 2377 1323 γὰρ
2409 1254 2700 1319 κολάζεται
2748 1258 2777 1310 ὁ
2820 1258 3026 1329 ταύτην
3081 1246 3381 1330 ἀγόμενος,
3435 1261 3742 1324 δυνάμενος

2175 1344 2305 1409 ἴσως
2361 1348 2765 1417 προϐάλλεσθαι
2828 1352 2925 1405 καὶ
2978 1352 3224 1419 ἄγνοιαν,
3277 1353 3460 1422 πολλῷ
3501 1354 3668 1405 πλέον
3704 1355 3739 1423 ἡ

2172 1439 2310 1511 γυνὴ
2340 1441 2795 1512 τιμωρηθήσεται
2842 1446 2875 1515 ὴ
2928 1445 3090 1516 μηδὲν
3140 1444 3383 1499 τοιοῦτον
3416 1447 3594 1499 εἰπεῖν
3630 1446 3740 1510 ἐξιο

2175 1532 2418 1601 σχύουσα
2476 1534 2681 1599 ζῶντος
2737 1536 2832 1590 τοῦ
2892 1542 3204 1609 μνηστῆρος
3266 1540 3457 1608 αὐτῆς.
3500 1539 3781 1601 Ἐκεῖνος.

2176 1625 2360 1696 μέντοι
2396 1627 2472 1690 ὡς
2504 1628 2694 1698 μοιχὸς
2725 1630 3195 1702 τιμωρηθήσεται,
3225 1633 3253 1684 ό
3283 1632 3342 1682 ὲν
3385 1631 3593 1700 είδήσει
3642 1630 3749 1699 τὴν

2180 1720 2670 1790 μεμνηστευμένην
2702 1722 2872 1793 ἑτέρῳ
2899 1706 3156 1792 γαμήσας
3189 1740 3204 1754 ο
3228 1724 3260 1791 ἡ
3288 1723 3344 1787 δὲ
3366 1724 3527 1790 γυνὴ,
3565 1720 3642 1784 ὡς
3680 1722 3750 1775 ἂν

507 1808 620 1854 tur.
678 1800 815 1867 Quid
871 1805 1050 1857 vero?
1104 1805 1205 1871 Qui
1252 1807 1304 1860 in
1359 1806 1691 1861 matrimonii
1751 1807 2066 1862 societatem

2311 1780 2371 1865 si)
2402 1780 2660 1882 πράγμα,
2685 1812 2761 1876 ὡς
2796 1780 3055 1883 petiuit;
3090 1780 3524 1883 uenaeque-rat.
3566 1780 3634 1863 Τί
3664 1811 3749 1875 δέ,

508 1891 739 1947 alienam
796 1909 1051 1964 sponsam
1080 1898 1251 1961 ducit,
1313 1908 1371 1952 ut
1424 1898 1634 1955 adulter
1673 1900 1942 1969 punitur:
1986 1899 2078 1969 qui

507 2000 634 2038 vero
669 1990 909 2043 cnnrca
966 1989 1268 2046 iornicatus
1342 2002 1447 2054 est,
1504 2008 1611 2046 non
1662 1993 1873 2048 adulter
1919 1992 2079 2062 puni-

507 2077 641 2130 tur?
692 2076 922 2137 Salutio.
991 2082 1117 2136 Sive
1168 2082 1222 2137 in
1290 2085 1677 2149 matrimonio,
1750 2085 1866 2141 sive
1910 2086 2080 2140 torni-

506 2170 714 2225 catorie
768 2174 893 2244 quis
942 2190 1064 2229 cum
1115 2190 1177 2230 ea
1206 2215 1220 2239 ,
1257 2192 1379 2246 quas
1429 2176 1654 2233 alterius
1697 2192 1779 2234 est
1837 2192 2073 2247 sponsa,

508 2261 688 2318 sciens
726 2279 840 2318 rem
876 2264 1145 2329 habuerit,
1182 2276 1242 2322 ut
1281 2268 1498 2325 adulter
1529 2272 1775 2339 punitur.
1809 2272 1903 2327 Ille
1929 2274 2073 2327 enim

507 2354 687 2419 solus,
719 2356 811 2424 qui
845 2360 1119 2427 sponsalia
1157 2361 1452 2429 ignoravit,
1483 2372 1542 2417 ut
1577 2361 1879 2419 fornicator
1914 2365 2076 2433 puni-

507 2454 617 2501 tur.
646 2448 912 2516 Adjicitur
935 2460 1115 2505 autem
1148 2455 1343 2508 canoni
1371 2497 1386 2519 ,
1438 2456 1504 2508 ad
1534 2457 1869 2511 matrimonii
1898 2458 2073 2512 socie-

510 2546 671 2592 tatem
712 2539 949 2610 aliquem
997 2544 1225 2600 alterius
1265 2561 1516 2612 sponsam
1575 2563 1802 2603 uxorem
1849 2547 2071 2612 ducere,

509 2640 731 2701 propter
752 2647 974 2689 causam
1011 2637 1163 2704 prius
1198 2636 1529 2694 declaratam
1565 2642 1618 2694 in
1662 2642 1935 2711 principio
1987 2643 2071 2698 in-

511 2725 939 2792 terpretationis.
999 2726 1065 2782 Et
1120 2734 1231 2784 haec
1271 2732 1488 2801 quidem
1538 2734 1605 2787 de
1658 2735 1883 2789 muliere
1914 2737 2069 2790 alteri

512 2814 781 2885 desponsa
838 2818 981 2873 dicta
1038 2832 1185 2876 sunt.
1234 2821 1288 2877 Si
1337 2824 1479 2878 enim
1536 2840 1643 2881 non
1688 2838 2074 2896 processerunt

511 2907 813 2973 sponsalia,
845 2910 937 2964 sed
961 2922 1227 2967 Conventa
1255 2930 1427 2982 pinna:
1452 2917 2069 2989 stipulationeqnunita,

513 2996 818 3064 cuiusmodi
868 3010 1019 3067 sunt,
1072 3020 1193 3073 quae
1225 3006 1389 3061 hodie
1423 3007 1554 3063 fiunt
1582 3011 1918 3066 matrimonii
1952 3015 2069 3067 vin-

2192 1907 2250 1958 ὐ
2274 1904 2375 1975 μὲν
2402 1904 2479 1969 είς
2505 1904 2681 1975 γάμου
2714 1906 3002 1977 κοινωνίαν
3030 1905 3297 1975 ἀγόμενος
3325 1906 3424 1976 τὴν
3457 1905 3751 1973 ἀλλοτρίαν

2184 1999 2427 2071 μνηστὴν
2449 1998 2525 2062 ὡς
2548 1998 2739 2069 μοιχὸς
2762 1997 3053 2063 κολάζεται
3073 2040 3088 2063 ,
3124 2000 3153 2052 ὁ
3182 1999 3240 2051 δὲ
3269 1997 3579 2069 πορνεύσας
3605 1998 3750 2067 μετά

2177 2090 2384 2162 ταύτης
2412 2092 2472 2144 οὐ
2505 2095 2825 2164 τιμωρεῖται
2850 2092 2927 2155 ὡς
2950 2091 3137 2163 μοιχός
3162 2107 3177 2157 ;
3212 2090 3422 2156 Λύσις.
3454 2090 3579 2143 Εἴτε
3606 2090 3751 2144 κατὰ

2178 2186 2359 2256 γάμου
2405 2187 2716 2249 κοινωνίαν,
2761 2186 2871 2239 εῐτε
2918 2183 3194 2258 πορνικῶς
3223 2184 3521 2254 συμφθαρῇ
3554 2200 3638 2247 τις
3692 2185 3751 2235 ὲν

2178 2278 2385 2349 είδήσει
2416 2278 2557 2348 μετὰ
2593 2279 2692 2348 τῆς
2722 2278 2891 2349 ἑτέρῳ
2922 2276 3434 2348 μεμνηστευμένης,
3459 2276 3535 2339 ὡς
3559 2275 3751 2346 μοιχὸς

2178 2372 2487 2439 κολάζεται.
2524 2372 2701 2435 Μόνος
2730 2370 2840 2444 γὰρ
2892 2373 2920 2424 ὁ
2960 2371 3237 2440 ἀγνοήσας
3285 2369 3385 2440 τὴν
3445 2370 3749 2439 μνηστείαν

2177 2465 2253 2528 ὡς
2284 2465 2479 2535 πόρνος
2500 2466 2853 2535 τιμωρεῖται.
2880 2462 3215 2533 Πρόσκειται
3248 2461 3305 2514 δὲ
3344 2461 3423 2530 τῷ
3452 2462 3643 2513 κανόνι
3686 2460 3748 2513 τζ

2179 2558 2316 2627 πρὸς
2353 2558 2533 2627 γάμου
2563 2556 2848 2609 κοινωνίαν
2877 2555 3177 2623 ἀγαγέσθαι
3207 2554 3332 2608 τινὰ
3364 2554 3464 2623 τὴν
3494 2552 3590 2606 τοῦ
3628 2552 3746 2606 ἑτέ·

2181 2668 2278 2721 ρου
2310 2650 2600 2722 μνηστὴν,
2638 2649 2727 2703 διά
2782 2652 2879 2719 τὴν
2925 2648 3261 2719 δηλωθεῖσαν
3316 2646 3500 2719 αἰτίαν
3550 2650 3610 2701 ὲν
3676 2649 3741 2717 τῇ

2176 2744 2316 2815 ἀρχῇ
2345 2744 2441 2812 τῆς
2472 2736 2789 2812 ἑρμηνείας.
2826 2742 2937 2794 Καὶ
2965 2739 3138 2793 ταῦτα
3204 2738 3303 2809 μὲν
3352 2738 3483 2809 περὶ
3536 2755 3744 2808 μεμνη-

2179 2836 2485 2909 στευμένης
2516 2837 2688 2906 ἑτέρῳ
2717 2834 2997 2903 γυναικός.
3028 2833 3092 2886 Εἰ
3130 2832 3238 2904 γὰρ
3270 2833 3333 2886 οὐ
3359 2832 3568 2901 προέϐη
3607 2848 3744 2900 μνηο

2179 2928 2356 2997 στεία,
2390 2930 2526 2984 ἀλλὰ
2559 2929 2853 2999 συμφωνία
2880 2928 3026 2982 δόσει
3063 2926 3369 2997 προστίμου
3404 2939 3745 2993 κατωχυρω·

2182 3024 2339 3095 μένη,
2400 3019 2490 3077 οἷά
2548 3023 2654 3076 alat
2707 3023 2774 3075 τὰ
2826 3021 3068 3091 σήμερον
3129 3019 3392 3087 γινόμενα
3444 3014 3745 3086 δεσμοτικὰ

513 3089 635 3145 cuia
660 3108 675 3157 ;
708 3108 815 3148 non
843 3097 1102 3189 punietur
1131 3101 1254 3168 quis
1281 3115 1345 3154 ex
1378 3116 1461 3163 eo,
1492 3117 1600 3170 quo
1619 3114 1773 3172 pacta
1803 3114 2071 3160 conventa

2179 3089 2397 3189 γαρτία,
2428 3117 2488 3170 οὐ
2517 3089 3081 3187 τιμωρηθήσεταίήτις
3110 3113 3171 3165 ὲκ
3202 3112 3414 3172 τούτου,
3455 3110 3531 3172 ὡς
3564 3125 3745 3179 παρα-

512 3170 887 3255 transgressus
913 3190 1007 3253 sit,
1031 3201 1086 3245 et
1115 3208 1236 3247 cum
1266 3194 1369 3247 alia
1399 3209 1629 3264 persona
1664 3197 2072 3253 matrimonium

512 3280 869 3334 contraxerit.
930 3282 1084 3339 Scias
1139 3294 1345 3348 autem,
1406 3288 1552 3356 qtmd
1603 3304 1631 3341 a
1671 3289 1788 3359 lege
1842 3289 2077 3346 Mosaica

511 3373 783 3439 sponsalia
860 3389 959 3444 pro
1029 3370 1234 3447 nuptiis
1298 3382 1714 3446 reputahantur,
1768 3394 1821 3458 et
1877 3399 2076 3453 sponsa

513 3479 650 3518 uxor
693 3466 1099 3534 nominabatur,
1134 3482 1186 3523 ct
1219 3473 1263 3525 si
1308 3473 1388 3525 vir
1409 3473 1548 3527 alter
1576 3491 1692 3528 eam
1726 3475 1983 3541 ducebat,
2021 3488 2079 3531 nt

510 3557 735 3611 adulter
769 3560 1116 3625 puniebatur.
1166 3564 1300 3618 Dicit
1341 3567 1485 3619 enim
1533 3568 1614 3621 lex
1657 3569 1708 3621 in
1748 3567 1925 3624 Veteri
1970 3569 2076 3625 Te-

512 3658 783 3705 stamento
818 3668 833 3708 :
874 3652 939 3707 Et
975 3655 1265 3711 humiliavit
1314 3674 1529 3713 uxorem
1592 3663 1911 3729 proximi”,
1958 3665 2077 3735 ejus

512 3745 727 3800 scilicet
755 3762 1013 3817 sponsam
1050 3747 1436 3821 devirginavit.
1476 3751 1654 3807 Porro
1702 3763 1894 3810 sancta
1942 3773 2078 3827 quo-

516 3853 622 3907 que
652 3836 813 3910 Virgo
843 3850 896 3896 et
947 3841 1037 3896 Dei
1087 3842 1279 3909 Mater,
1310 3844 1496 3899 itidem
1541 3843 1761 3915 Josephi
1804 3865 1945 3903 uxor
1980 3865 2077 3919 ap-

510 3930 707 3999 pellata
739 3940 841 3987 est.
880 3931 1021 3986 Dicit
1052 3935 1197 3989 enim
1231 3936 1477 3990 divinum
1506 3946 1559 3992 et
1584 3953 1804 3993 sacrum
1830 3942 2077 4013 Evange-

509 4024 664 4087 lium,
707 4021 793 4078 Ne‘
814 4025 999 4079 timeas
1042 4029 1271 4094 accipere
1315 4027 1541 4082 Mariam
1569 4046 1785 4087 uxorem
1837 4043 1983 4088 tuam
2010 4037 2073 4091 ⁸ο.

508 4115 651 4184 Lege
701 4132 755 4171 et
800 4116 871 4172 93
902 4116 1188 4173 Novellam
1246 4120 1594 4190 imperatoris
1624 4121 2075 4183 domini'Leonis

510 4207 846 4280 Philosophi,
882 4224 1002 4278 quae
1035 4211 1168 4265 solvi
1201 4213 1480 4281 sponsalia
1530 4215 1757 4283 statuit,
1808 4218 1854 4271 si
1886 4229 2074 4287 postea

506 4300 705 4356 mulier
750 4317 1036 4372 przegnans
1093 4303 1312 4358 inventa
1365 4305 1530 4360 fuerit
1612 4322 1674 4360 ex
1740 4309 2076 4376 praecedente

506 4391 669 4448 alieni
693 4394 921 4448 seminis
959 4396 1307 4464 susceptione

984 4576 1169 4631 Altera
1203 4579 1596 4646 interpretatio.

576 4665 714 4723 Nota
745 4683 809 4723 ex
842 4669 1168 4738 praecedenti
1200 4686 1436 4736 canone,
1468 4674 1615 4741 quod
1653 4682 1708 4727 et
1750 4683 1876 4730 ante
1908 4674 2077 4745 impe—

506 4760 706 4816 ratoris
736 4760 940 4816 domini
974 4762 1149 4817 Alexii
1172 4764 1435 4819 Comneni
1470 4764 1748 4821 Novellam
1772 4770 2074 4835 Sponsalia,

452 4878 453 4889 ι
506 4854 615 4911 nisi
654 4853 859 4922 justam
910 4854 981 4909 ob
1008 4866 1228 4911 causam
1255 4897 1270 4923 ,
1325 4871 1433 4911 non
1477 4858 1901 4916 dissolvebatur.
1944 4862 2077 4916 Pro-

515 4956 697 5018 pterea
732 4948 876 5002 enim
912 4948 964 5001 in
998 4948 1250 5003 adulterii
1290 4949 1501 5004 crimen
1541 4951 1837 5019 incidebat,
1868 4957 1960 5024 qui
1990 4956 2074 5011 vel

509 5041 891 5107 fornicatione,
919 5041 1000 5095 vel
1036 5041 1386 5097 matrimonio
1438 5044 1663 5098 alterius
1692 5061 1907 5114 sponsae
1941 5063 2075 5102 con-

405 5162 412 5171 ι
504 5133 733 5203 junctus
799 5142 903 5189 est.
962 5132 1069 5189 Sed
1122 5143 1175 5188 et
1228 5135 1336 5189 hoc
1378 5124 1641 5204 prmterea
1698 5138 2074 5209 scias,’quod

511 5227 684 5281 sancti
738 5226 951 5291 Patres,
1008 5236 1067 5280 ut
1116 5227 1191 5280 ait
1249 5226 1447 5289 canon,
1480 5242 1649 5294 eum,
1696 5230 1790 5297 qui
1848 5232 2075 5288 alterius

513 5333 771 5389 sponsam
801 5321 854 5374 in
894 5320 1308 5375 matrimonium
1353 5320 1526 5386 ducit,
1563 5319 1819 5376 adulterii
1852 5327 2073 5383 crimini

580 5434 623 5465 "
660 5434 813 5490 Deut.
846 5451 978 5499 χχιι,
1009 5436 1101 5491 24.
1178 5437 1223 5467 ⁵⁰
1247 5435 1439 5489 Matth.
1470 5451 1509 5498 ι,
1550 5434 1649 5488 20.

2184 3212 2386 3266 ϐαίνων
2432 3212 2500 3265 τὰ
2552 3211 3017 3280 συμφωνούμενα,
3058 3207 3154 3261 καὶ
3191 3204 3566 3258 συναλλάττων
3626 3201 3746 3270 μεθ’

2182 3308 2370 3373 ἑτέρου
2388 3303 2694 3375 «προσώπου
2720 3303 2919 3371 γάμον.
2946 3300 2983 3353 Γ
2990 3300 3181 3354 ίνωσκε
3207 3298 3262 3351 δὲ
3287 3299 3368 3349 ὅτι
3400 3296 3496 3349 καὶ
3524 3295 3632 3350 ἀπο
3653 3291 3747 3345 τοῦ

2182 3395 2477 3453 Μωσαῖκοῦ
2510 3396 2679 3464 νόμου
2712 3396 2744 3465 ἡ
2784 3388 3059 3464 ίμνηστεία
3095 3392 3171 3453 ὡς
3202 3390 3380 3460 γάμος
3428 3386 3706 3456 ἐλογίζετο
3732 3400 3747 3415 ·

2182 3492 2276 3543 καὶ
2304 3490 2336 3560 ἡ
2364 3488 2579 3558 μνηστὴ
2606 3485 2819 3558 γαμετὴ
2853 3485 3278 3554 κατωνομάζετο
3303 3524 3317 3547 ,
3348 3482 3443 3535 καὶ
3480 3483 3507 3534 ὀ
3541 3480 3748 3548 ταύτην

2180 3582 2451 3650 ἀγόμενος
2490 3580 2676 3649 ἕτερος
2734 3577 2874 3649 ἀνὴρ
2912 3579 2990 3641 ὡς
3025 3578 3213 3646 μοιχὸς
3244 3575 3564 3639 ἐκολάζετο.
3610 3572 3746 3638 Φησὶ

2180 3675 2289 3744 γὰρ
2314 3675 2341 3727 ό
2369 3673 2528 3742 νόμος
2577 3672 2634 3725 ὲν
2674 3674 2740 3741 τῇ
2774 3670 2989 3741 Παλαιᾷ
3014 3687 3028 3701 ν
3073 3669 3181 3723 Καὶ
3210 3669 3584 3722 ἐταπείνωσε
3637 3665 3748 3738 τὴν

2182 3766 2435 3836 γυναῖκα
2475 3764 2593 3819 τοῦ»
2620 3763 2892 3832 πλησίον
2915 3804 2930 3827 ,
2987 3762 3156 3833 ἤγουν
3188 3760 3611 3830 διεπαρθένευσε
3652 3758 3750 3827 τὴν

2184 3859 2429 3929 μνηστὴν
2458 3856 2671 3909 τούτου.
2706 3855 2815 3907 Καὶ
2845 3855 2878 3924 ἡ
2923 3850 3057 3923 ἁγία
3097 3852 3375 3923 Παρθένος
3408 3852 3504 3904 καὶ
3534 3852 3743 3918 Θεομή-

2181 3966 2294 4019 τωρ
2321 3948 2462 4001 οὕτω
2491 3946 2628 4015 γυνὴ
2652 3944 2743 3997 τοῦ
2780 3943 2976 4015 Ἰωσὴφ
3000 3943 3358 4013 ἐχρημάτισε.
3388 3940 3526 4003 Φησὶ
3556 3939 3668 4007 γὰρ
3692 3937 3745 3989 τί

2182 4039 2324 4092 θεῖον
2363 4038 2458 4092 καὶ
2513 4036 2653 4107 ἱερὴν
2704 4034 3072 4103 εὐαγγέλιονο
3107 4031 3199 4098 Μὴ
3242 4029 3513 4101 φοϐηθῇς
3565 4046 3725 4096 παρα

2178 4129 2388 4185 λαϐεῖν
2414 4130 2647 4198 Μαρίαν
2680 4127 2794 4197 τὴν
2825 4124 3083 4195 γυναῖκά
3120 4141 3258 4178 σου.
3305 4120 3605 4188 ’Λνάγνωθι
3655 4120 3746 4172 καῖ

2180 4224 2277 4293 τὴν
2340 4220 2426 4288 ἥγ’
2479 4220 2696 4288 Νεαρὰν
2747 4217 2838 4272 τοῦ
2880 4218 3145 4287 βασιλέως
3180 4215 3350 4286 κυροῦ
3388 4216 3615 4274 Λέοντος
3658 4211 3746 4264 τοῦ

2180 4312 2501 4381 Φιλοσόφου,
2561 4308 2943 4378 διοριζομένην
2998 4306 3220 4359 λύεσθαι
3268 4305 3368 4375 τὴν
3429 4301 3746 4373 μνηστείαν,

2182 4401 2278 4453 ἐὰν
2331 4401 2471 4469 μετά
2508 4399 2715 4468 ταύτην
2766 4399 2798 4466 ἡ
2849 4396 2988 4467 γυνὴ
3041 4393 3319 4465 φωραθείη
3363 4389 3745 4461 ἐγκυμονοῦσα

2115 4491 2155 4545 D
2181 4496 2243 4546 ἐκ
2283 4491 2660 4561 προῦποδοχῆς
2688 4488 2985 4559 ἀλλοτρίων
3033 4475 3390 4557 σπερμάτων.

2615 4583 2821 4653 Ἑτέρα
2851 4580 3134 4651 ἑρμήνεῖα
3180 4580 3316 4651 (11).
3366 4588 3371 4591 ’

2252 4678 2573 4749 Σημείωσαι
2605 4677 2710 4730 ἀπὸ
2736 4674 2831 4728 ττιῦ
2861 4675 3127 4748 παρόντος
3164 4672 3389 4734 κανόνος
3411 4670 3495 4724 ὅτι
3520 4669 3616 4722 καὶ
3646 4667 3753 4739 πρὸ

2179 4775 2278 4842 τῆς
2300 4771 2517 4839 Napi;
2541 4769 2635 4822 τοῦ
2662 4767 2929 4839 βασιλέως
2953 4765 3124 4837 κυροῦ
3143 4764 3381 4830 Ἀλεξίου
3404 4762 3497 4816 τοῦ
3529 4764 3751 4831 Κομνη-

2184 4867 2275 4919 νοῦ
2311 4868 2411 4919 οὐκ
2463 4865 2721 4935 ἐλύετοιὴ
2760 4865 3062 4935 μνηστείσ,
3124 4864 3173 4914 εί
3230 4862 3305 4933 μὴ
3350 4861 3458 4914 ἀπὸ
3511 4860 3755 4926 εὐλόγων

2185 4964 2398 5015 αἰτίων.
2441 4960 2539 5012 Διά
2584 4960 2693 5028 γὰρ
2736 4958 2893 5011 τοῦτο
2945 4958 3041 5010 καὶ
3096 4955 3174 5025 τῷ
3203 4956 3304 5024 τῆς
3352 4953 3600 5024 μοιχείας
3647 4954 3749 5005 ὑπ-

2182 5052 2411 5105 έπιπτεν
2453 5052 2761 5121 ἐγκλήματι
2811 5052 2839 5104 ὁ
2897 5052 3303 5118 συναπτόμενος
3387 5044 3669 5116 πορνικῶς
3714 5046 3747 5111 ἢ

2185 5145 2445 5213 γαμικῶς
2498 5148 2562 5215 τῇ
2613 5145 2785 5215 ἑτέρῳ
2834 5142 3301 5213 μεμνηστευμένῃ
3336 5155 3350 5169 ⁶
3407 5141 3643 5207 γίνωσκε
3692 5138 3749 5190 δὲ

2184 5238 2280 5291 καὶ
2312 5236 2475 5289 τοῦτο
2510 5237 2589 5289 ὅτι
2624 5236 2673 5289 οἱ
2727 5235 2827 5305 μὲν
2877 5235 3026 5303 ἅγιοι
3066 5235 3332 5303 Πατέρες,
3386 5230 3461 5294 ὡς
3508 5232 3536 5283 ὁ
3570 5228 3745 5281 κανών

2186 5348 2344 5400 φησι,
2394 5328 2473 5400 τῷ
2500 5332 2597 5399 τῆς
2641 5329 2888 5399 μοιχείας
2924 5326 3233 5396 ἐγκλήματι
3271 5322 3737 5379 καθυποϐἀλλουσι

1693 5550 1855 5611 Guill
1874 5598 1888 5611 .
1920 5549 2242 5629 Beveregii
2286 5559 2451 5614 notae

586 5668 697 5735 (Η)
735 5668 929 5736 Ἑτέρα
958 5672 1263 5738 ἑρμηνεία·
1293 5673 1440 5727 Hanc
1465 5674 1686 5727 alteram
1722 5673 1882 5741 hujus
1912 5687 2076 5724 cano-

514 5740 599 5795 nis
638 5740 1154 5808 intcrprctatitunem
1212 5759 1313 5796 ms.
1358 5753 1543 5798 nostro
1581 5740 1874 5798 Bodleiano
1909 5742 2073 5798 debe-

2184 5693 2302 5731 tnns
2337 5696 2349 5730 :
2381 5694 2556 5749 neque
2583 5677 2725 5732 cnim
2760 5679 2812 5733 in
2839 5677 2946 5732 alio
2977 5676 3192 5747 quovis,
3219 5684 3478 5746 qttautuut
3510 5673 3739 5739 scimus,

2182 5756 2375 5803 exstat.
