4092 6214
389 248 496 374 ea

1412 313 1491 373 IN
1532 312 1700 375 CAN.
1729 312 1913 372 XCIX
1939 310 2145 375 CONC.
2184 313 2264 375 IN
2312 312 2637 376 TRULLO.

3493 312 3598 377 858

385 420 479 474 τὸν
507 417 613 489 τὴν
650 415 748 471 τοῦ
794 415 984 489 ἑτέρον
1011 421 1260 494 μνηστὴν
1298 423 1383 483 είς
1416 424 1592 494 γάμον
1623 426 1891 496 ἀγόμενον

2044 423 2205 493 277
2233 422 2554 490 subjiciunt.
2581 422 2839 479 Nonnulli
2866 430 3044 479 autem
3066 440 3095 479 e
3116 423 3293 500 doctis
3320 422 3607 488 nimirum,

386 514 533 575 τινες
580 511 638 564 δὲ
686 510 796 565 τῶν
842 510 1041 581 λογίων
1092 514 1251 584 δῆθεν
1302 516 1401 587 τῆς
1451 520 1705 590 τοιαύτης
1744 521 1914 591 γὲνοχῆ

2052 514 2362 571 istiusmodi
2385 517 2721 587 obligatione
2746 518 3195 573 eumartiliciose
3227 517 3485 571 liberant.
3518 516 3603 569 lti-

385 604 700 676 εὐμεθόδως
748 605 911 659 αὐτόν
957 605 1361 662 ἀπαλλάττουσι
1391 626 1405 641 ο
1445 610 1659 678 λέγουσι
1704 612 1810 683 γὰρ
1849 612 1944 681 ὡς,

389 698 487 750 ἐὰν
514 697 619 766 πρὸ
641 696 738 750 τοῦ
773 698 954 768 γάμου
988 700 1314 754 συνέλθωσιν
1340 702 1367 755 ὅ
1396 720 1455 755 τε
1486 703 1734 775 μνηστὴρ
1778 706 1873 759 καὶ
1912 708 1944 777 ἡ

394 789 629 857 μνηστὴ,
671 791 767 842 καὶ
813 790 1015 843 τέκωσι
1068 794 1267 855 παῖδα,
1308 795 1534 862 φυσικὸν
1593 793 1731 851 εῐναι
1757 799 1945 852 τοῦτον

388 878 481 929 καὶ
523 878 848 946 πορνογενῆ,
886 879 1001 943 ἑνὸς
1032 879 1141 935 τῶν
1174 884 1498 955 μνηστήρων
1528 885 1944 955 τελευτήσαντος

387 966 495 1033 πρὸ
518 967 612 1020 τοῦ
646 968 851 1038 γάμου.
894 968 1094 1049 ζΗμεῖς
1122 972 1181 1025 δέ
1210 951 1398 1042 φάμεν
1425 976 1508 1029 ὅτι
1556 951 1652 1029 καλ
1693 951 1798 1049 πρδ
1846 979 1943 1048 τῆς

379 1058 603 1130 Νεαρᾶς
631 1062 725 1115 τοῦ
761 1046 1023 1132 βασιλέως
1044 1067 1221 1137 κνροῦη
1244 1068 1481 1134 Ἀλεξίου
1509 1072 1601 1125 τοῦ
1629 1046 1939 1142 Κομνηνοθ,

381 1151 481 1219 τῆς
532 1151 874 1225 ἑξισωσάσης
948 1156 1045 1228 τὴν
1099 1161 1396 1230 μνηστείαν
1451 1163 1591 1217 κατὰ
1638 1165 1815 1219 πάντα
1863 1165 1939 1234 τῷ

382 1241 573 1311 γάμώ,
610 1247 725 1307 τοῖς
780 1244 1090 1319 μνηστῆρσι
1120 1253 1336 1319 γαμικὰ
1360 1253 1483 1306 κατ’
1510 1254 1758 1327 ἀλλήλων
1790 1257 1941 1328 παρὰ

377 1331 488 1384 τῶν
542 1332 723 1403 νόμων
768 1335 1034 1407 ἐδόθησαν
1084 1339 1292 1394 δίκαια.
1325 1343 1399 1396 Ἥ
1436 1361 1495 1396 τε
1548 1345 1658 1416 γὰρ
1706 1348 1936 1417 μνηστὴ,

379 1425 486 1493 πρὸ
517 1423 627 1478 τῶν
654 1427 848 1497 γάμων
872 1428 1141 1503 λυομένης
1167 1434 1266 1503 τῆς
1294 1437 1590 1506 μνηστείας
1620 1479 1636 1505 ,
1668 1439 1767 1509 τὴν
1810 1442 1939 1511 περὶ

378 1518 617 1586 προικὸς
643 1521 866 1592 ἀγωγὴν
894 1516 1062 1577 ἐκίνει
1099 1526 1259 1597 χάριν
1283 1528 1382 1597 τῆς
1411 1530 1661 1601 δοθείσης
1695 1532 1775 1600 τῷ
1806 1550 1939 1603 μνη·

377 1610 541 1680 στῆρι
575 1614 825 1680 προικὸς,
858 1616 999 1669 κατὰ
1032 1617 1090 1669 τὸ
1115 1617 1366 1686 δεύτερον
1394 1620 1533 1691 θέμα
1562 1622 1654 1676 τοῦ
1701 1624 1767 1689 ιζ’
1808 1642 1933 1693 κεφ.

372 1701 469 1753 τοῦ
523 1702 568 1767 ζ’
620 1703 798 1757 τίτλον
847 1707 941 1760 τοῦ
986 1708 1030 1761 θ’
1076 1707 1307 1778 βιϐλίου,
1364 1712 1521 1780 λέγον
1551 1730 1565 1745 ·
1612 1714 1676 1767 Ἦ
1726 1715 1935 1787 μνηστὴ

375 1793 599 1848 διδοῦσα
631 1799 854 1866 προῖκα,
908 1800 956 1852 εί
990 1799 1064 1871 μὴ
1109 1804 1358 1875 γαμηθῇ,
1396 1805 1506 1877 ἔχει
1533 1807 1610 1878 ⁵τὸ
1634 1810 1748 1877 ,τῆς
1778 1826 1933 1879 προι-

373 1884 469 1948 κὸς
501 1888 835 1957 προνόμιονσ
888 1892 982 1944 καὶ
1036 1894 1175 1946 κατὰ
1232 1896 1292 1948 τὸ
1339 1896 1410 1949 οδ¹
1455 1915 1579 1968 κεφ.
1608 1900 1699 1953 τοῦ
1758 1898 1806 1952 α’
1845 1903 1929 1955 τί-

2051 617 2181 663 cunt
2201 608 2369 675 enim,
2396 610 2541 680 quod
2575 610 2620 665 si
2646 619 2772 667 ante
2802 610 3022 680 nuptias
3058 621 3294 678 sponsus
3324 620 3376 663 ct
3403 625 3607 679 sponsa

2048 701 2401 764 conveniant,
2450 709 2504 757 et
2551 701 2721 755 ﬁlium
2777 700 3208 770 procreaverint,
3249 700 3496 753 naturale
3557 700 3610 753 id

2048 806 2170 848 esse
2197 804 2503 858 peccatum,
2551 802 2605 848 et
2645 792 3024 847 fornicationis
3052 791 3291 861 speciem
3335 808 3347 845 :
3388 790 3433 844 si
3469 806 3609 844 unus

2046 902 2076 941 e
2120 885 2584 956 desponsis.aute
2644 890 2866 955 nuptias
2918 886 3205 940 mOriatur.
3270 882 3380 937 Nos
3420 891 3601 936 autem

2046 979 2314 1042 dicimus,
2372 978 2514 1046 quod
2582 982 2745 1032 etiam
2806 987 2932 1032 ante
3006 976 3355 1046 imperatoris
3398 975 3607 1029 domini

2044 1071 2216 1126 Alexii
2247 1070 2506 1127 Comneni
2544 1069 2821 1127 Novellam
2846 1114 2859 1136 ,
2889 1086 3009 1140 qua:
3034 1070 3380 1123 matrimonio
3416 1068 3470 1122 in
3492 1083 3610 1121 om.

2044 1162 2207 1217 nibus
2235 1145 2511 1232 sponsalia
2531 1161 2908 1231 mquiparavit,
2940 1160 3159 1229 sponsis
3181 1156 3601 1211 matrimonialia

2041 1256 2097 1309 in
2153 1270 2211 1309 se
2271 1254 2514 1308 invicem
2567 1254 2691 1323 jura
2758 1269 2789 1307 a
2846 1253 3054 1323 legibus
3122 1264 3383 1323 concessa
3460 1258 3608 1302 sunt.

2048 1345 2261 1416 Sponsa
2296 1347 2464 1410 enim,
2498 1346 2544 1401 si
2573 1345 2850 1414 sponsalia
2886 1352 3010 1398 ante
3046 1322 3266 1412 nupiias
3297 1341 3606 1395 dissolvan-

2041 1447 2152 1503 tur,
2206 1438 2276 1494 de
2332 1437 2459 1491 dote
2510 1438 2780 1492 actionem
2826 1444 3007 1491 movet
3053 1436 3122 1490 ob
3177 1435 3357 1489 datam
3404 1447 3608 1503 sponso

2039 1531 2218 1586 dotem
2247 1570 2263 1597 ,
2316 1531 2474 1598 juxta
2527 1529 2832 1585 secundum
2876 1530 3053 1583 thema
3108 1526 3231 1597 cap.
3276 1526 3379 1590 l7,
3431 1526 3515 1579 tit.
3555 1525 3607 1589 ’1,

2039 1623 2134 1677 lib.
2170 1638 2257 1686 ix,
2304 1622 2533 1678 dicens:
2585 1620 2780 1677 Mulier
2814 1620 2994 1675 dotem
3029 1621 3187 1683 dans,
3224 1622 3269 1676 si
3305 1629 3472 1687 nupta
3498 1632 3606 1671 non

2040 1714 2220 1779 fuerit,
2256 1715 2400 1771 dotis
2430 1716 2771 1785 privilegium
2815 1715 2994 1769 habet.
3044 1715 3109 1767 Et
3139 1710 3314 1782 'jnxta
3345 1726 3467 1778 cap.
3507 1710 3597 1774 74,

2038 1808 2123 1862 tit.
2149 1807 2201 1870 1,
2239 1808 2335 1862 lib.
2368 1825 2518 1875 xxxx,
2543 1809 2773 1865 dicens:
2810 1807 3048 1876 Sponsa,
3083 1820 3204 1874 quae
3231 1805 3410 1858 dotem
3433 1802 3604 1867 dedit,

2036 1909 2088 1956 et
2133 1915 2238 1953 non
2276 1902 2478 1970 nupsit,
2509 1909 2563 1957 et
2595 1917 2716 1970 qua:
2745 1902 2924 1954 minor
2948 1908 3031 1955 est
3080 1898 3369 1954 duodecim
3421 1896 3603 1960 annis,

370 1978 498 2067 τλον
537 1980 631 2033 τοῦ
681 1981 763 2034 κθ¹
799 1982 1027 2053 βιϐλίου,
1080 1987 1239 2056 λέγον
1274 2006 1290 2023 ο
1341 1989 1406 2043 Ἦ
1460 1994 1667 2064 μνηστὴ
1699 2011 1923 2065 παρεχο-

2036 1995 2376 2065 privilegium
2425 1994 2703 2065 repetendi
2747 1995 3241 2050 habetsecundum
3280 1992 3424 2046 dotis
3449 1991 3606 2044 simi-

374 2074 513 2142 μένη
553 2078 753 2146 προῖκα
787 2078 881 2131 καὶ
919 2078 993 2152 μὴ
1034 2083 1364 2154 γαμηθεῖσα,
1406 2086 1499 2139 καὶ
1544 2087 1575 2157 ἡ
1610 2087 1791 2157 ἥττων
1820 2090 1923 2142 τῶν

2036 2084 2342 2139 litudinem.
2381 2083 2726 2154 Privileginm
2769 2092 2949 2136 autem
2984 2083 3039 2136 in
3074 2081 3385 2136 actionibus
3416 2093 3603 2148 perso-

372 2162 651 2233 ιβἰὲτῶν,
713 2170 1006 2239 προνόμιον
1073 2171 1185 2241 ἔχει
1248 2173 1602 2245 ἀπαιτήσεως
1649 2179 1793 2231 κατὰ
1844 2178 1923 2249 μί-

2033 2177 2245 2232 nalibus
2277 2177 2456 2232 locum
2490 2175 2675 2230 habet.
2712 2174 2776 2229 Et
2804 2191 3064 2242 sponsus,
3095 2174 3251 2243 juxta
3283 2183 3598 2242 prtcsenletn

371 2270 540 2325 μησιν
566 2258 667 2325 τῆς
696 2260 943 2329 προικός.
968 2259 1040 2314 Τὸ
1068 2261 1123 2314 δὲ
1153 2264 1443 2335 προνόμιον
1468 2267 1526 2320 ὲν
1558 2269 1674 2329 ταῖς
1713 2270 1923 2338 προσω-

2033 2282 2317 2332 canonem,
2344 2275 2399 2323 et
2462 2283 2582 2338 cap.
2624 2266 2677 2333 8,
2710 2267 2792 2322 tit.
2833 2266 2922 2332 58,
2958 2266 3053 2322 lib.
3084 2282 3175 2330 ως,
3214 2276 3269 2320 et
3302 2265 3485 2318 thema
3538 2267 3594 2326 5.

366 2348 561 2411 πικαῐς
583 2350 827 2417 ἀγωγαῖς
858 2350 1046 2421 χώραν
1069 2353 1179 2424 ἔχει
1213 2371 1227 2386 ο
1263 2358 1356 2408 καὶ
1389 2358 1637 2427 μνηστὴρ
1661 2398 1676 2421 ,
1702 2361 1843 2412 κατά
1866 2377 1923 2412 τε

2033 2373 2153 2431 cap.
2177 2360 2265 2427 12,
2286 2362 2369 2414 tit.
2393 2360 2559 2431 7,1ib:
2584 2363 2813 2431 1.x,jure
2831 2359 2953 2422 viri,
2984 2368 3094 2413 tam
3120 2368 3306 2412 contra
3337 2372 3593 2425 sponsam

364 2438 456 2491 τὸν
490 2441 729 2510 παρόντα
766 2446 963 2496 κανόνα
1002 2446 1096 2499 καὶ
1134 2447 1282 2500 ’κατὰ
1331 2448 1392 2502 τδ
1432 2456 1481 2518 η’
1523 2468 1649 2520 κειρ.
1698 2451 1792 2505 τοῦ
1844 2458 1923 2522 νη¹

2030 2451 2099 2508 ab
2131 2453 2235 2507 alio
2266 2462 2393 2508 ante
2432 2453 2647 2522 nuptias
2678 2461 3012 2521 corruptam,
3038 2466 3200 2520 quam
3239 2460 3428 2504 contra
3470 2466 3591 2503 eum

364 2530 544 2586 τίτλον
594 2535 688 2587 τοῦ
747 2535 787 2599 ξ’
833 2536 1076 2606 βιϐλίου,
1127 2544 1219 2593 καὶ
1265 2543 1406 2595 κατὰ
1452 2545 1512 2595 τὺ
1563 2542 1607 2611 γ’
1655 2543 1793 2613 θέμα
1830 2544 1922 2599 τοῦ

2031 2543 2271 2613 quicum
2299 2559 2362 2598 ea
2417 2543 2741 2598 adulterium
2789 2542 3083 2605 commisit,
3116 2540 3369 2595 adulterii
3422 2539 3591 2592 actio-

366 2621 433 2691 ιβ’
481 2639 607 2689 κειρ.
657 2625 749 2679 τοῦ
797 2625 836 2691 ξ’
884 2628 1062 2681 τίτλον
1103 2630 1194 2683 τοῦ
1246 2631 1290 2693 ζ’
1331 2631 1558 2702 βιϐλίου,
1609 2634 1803 2703 δικαίῳ
1828 2635 1921 2687 ἀν-

2029 2648 2151 2686 nem
2184 2632 2445 2687 movebat.
2482 2632 2538 2686 Si
2564 2632 2750 2702 sponsi
2784 2632 2963 2700 itaque
2994 2640 3120 2685 ante
3159 2629 3436 2683 Novellum
3484 2629 3586 2681 Im-

363 2714 491 2783 δρὸς
518 2717 689 2771 ἐκίνει
714 2733 773 2770 το
801 2721 1048 2790 μοιχικὸν
1078 2723 1219 2775 κατά
1242 2740 1301 2776 τε
1333 2726 1429 2794 τῆς
1477 2725 1718 2794 μνηστῆς
1753 2726 1923 2796 ἑτέρῳ

2025 2721 2261 2792 jusmodi
2286 2723 2340 2776 in
2371 2738 2429 2777 se
2461 2724 2689 2778 invicem
2720 2723 2844 2794 jura
2886 2723 3217 2791 habuerant,
3260 2722 3431 2777 multo
3474 2737 3593 2774 ina-

365 2806 784 2879 συμφθαρείσης
830 2813 936 2882 πρὸ
964 2814 1056 2867 τοῦ
1095 2814 1275 2885 γάμου
1306 2816 1402 2870 καὶ
1433 2818 1573 2871 κατὰ
1601 2817 1693 2871 τοῦ
1721 2817 1923 2891 ταύτην

2033 2815 2115 2886 gis
2148 2831 2244 2886 per
2274 2816 2568 2883 novellam,
2602 2832 2723 2887 quae
2763 2816 3038 2888 sponsalia
3080 2816 3287 2885 nuptiis
3315 2815 3385 2868 ob
3408 2829 3592 2868 sacra-

364 2899 773 2967 μοιχεύσαντος.
822 2904 883 2957 Εἰ
940 2906 1069 2974 γοῦν
1129 2908 1233 2980 πρὸ
1283 2911 1383 2980 τῆς
1440 2910 1656 2981 Νεαρᾶς
1699 2910 1921 2964 τοιαῦτα

2027 2920 2172 2971 rum,
2203 2906 2507 2963 divinarum
2530 2923 2751 2978 precum
2791 2908 3212 2964 celebrationem
3248 2907 3307 2964 in
3333 2905 3590 2960 omnibus

357 2988 544 3044 δίκαια
591 2989 736 3074 εἶχον
785 2999 905 3051 κατ’
942 2999 1184 3070 ἀλλήλων
1232 3004 1280 3055 οἱ
1342 3003 1690 3074 μνηστῆρες,
1743 3002 1921 3072 πολλῷ

2025 2996 2352 3068 azquivalere
2393 2999 2604 3054 statuit.
2641 2998 2982 3070 Quapropter
3029 2999 3192 3053 etiam
3225 2996 3423 3067 conjux
3480 3011 3589 3049 sua:

344 3082 525 3137 πλέον
550 3085 639 3138 διὰ
658 3072 756 3157 τὴν
777 3088 1016 3160 Νεαρὰν,
1045 3091 1141 3161 τὴν
1172 3072 1568 3166 διοριζομένην-
1584 3095 1920 3169 ἰσοδυναμεῖν

2026 3107 2240 3162 sponsae
2292 3093 2653 3161 appellabitur
2695 3107 2965 3163 sponsus;
3026 3101 3082 3147 et
3133 3090 3226 3162 qui
3262 3106 3325 3144 ex
3363 3090 3430 3143 iis
3462 3104 3591 3158 pro-

357 3176 505 3230 κατὰ
539 3178 717 3233 πάντα
747 3182 847 3250 τὴν
878 3186 1175 3252 μνηστείαν
1223 3185 1300 3255 τῷ
1342 3188 1505 3257 γάμῳ
1543 3188 1630 3241 διὰ
1675 3188 1774 3256 τὴν
1807 3186 1917 3239 τῶν

2026 3189 2266 3246 creatur,
2306 3180 2583 3251 legitimus
2617 3196 2805 3236 eorum
2860 3180 2964 3235 erit
3008 3180 3150 3234 (ilius
3197 3188 3251 3233 et
3291 3178 3484 3239 haeres,
3537 3187 3588 3231 et

353 3267 531 3335 ἁγίων
561 3272 655 3323 καὶ
690 3271 847 3326 θείων
875 3275 1051 3346 εὐχῶν
1081 3277 1303 3347 τελετήν
1333 3294 1347 3309 ⁸
1382 3279 1461 3333 διὸ
1502 3279 1596 3333 καὶ
1642 3280 1914 3349 ὁμόζνγος

2025 3274 2163 3343 patri
2198 3273 2303 3329 erit
2339 3274 2440 3329 sub
2482 3283 2768 3343 potestate,
2814 3276 2963 3328 nullo
3018 3274 3179 3328 modo
3236 3271 3535 3341 impeditus
3567 3309 3585 3336 ,

351 3361 383 3410 ὁ
420 3366 668 3433 μνηστήρ
693 3364 1023 3436 κληθήσεται
1054 3368 1154 3438 τῆς
1183 3370 1318 3434 ἰδίας
1350 3374 1590 3444 μνηστῆς
1621 3388 1636 3403 ’
1668 3373 1762 3425 καὶ
1787 3372 1815 3423 ὁ
1848 3372 1907 3435 ἐξ

2025 3367 2164 3437 quod
2204 3368 2402 3437 nuptiae
2440 3381 2548 3421 non
2578 3367 2862 3422 celebratae
2886 3374 3035 3423 sunt.

348 3459 535 3512 αὐτῶν
563 3462 839 3531 γεννηθεὶς
866 3465 1084 3533 γνήσιος
1112 3466 1289 3520 αὐτῶν
1318 3467 1468 3523 ἔσται
1504 3471 1631 3532 παῖς
1661 3472 1755 3523 καὶ
1793 3464 2147 3537 κληρονόμος,
2190 3464 2283 3517 καὶ
2325 3463 2642 3529 ὑπεξούσιος
2676 3462 2750 3533 τῷ
2782 3464 2950 3534 πατρὶ
2986 3465 3050 3518 ὲκ
3085 3461 3179 3517 τοῦ
3224 3462 3296 3533 μὴ
3332 3458 3584 3515 γενέσθαι

347 3558 444 3613 τὸν
473 3559 669 3628 γάμον,
689 3562 828 3614 κατὰ
853 3562 1074 3632 μηδένα,
1104 3564 1260 3633 λόγον
1283 3566 1724 3637 ἐμποδιζόμενος.

429 3651 669 3705 ΖΩΝΑΡ.
724 3651 837 3705 Νῦν
890 3652 1053 3725 μὲνὴ
1093 3659 1351 3725 ἰνηστεία
1394 3657 1557 3729 γάμῳ
1611 3657 1923 3726 ίσοδυναμεῖ

347 3745 419 3798 ἐκ
447 3745 663 3814 Νεαρᾶς
688 3743 779 3798 τοῦ
811 3744 1076 3814 βασιλέως
1108 3748 1290 3819 Κυροῧ
1313 3750 1549 3815 Ἀλεξίου
1580 3750 1673 3813 τοῦ
1704 3751 1921 3817 Κορνη-

348 3838 473 3901 νοῦ,
508 3838 600 3892 καὶ
634 3837 791 3891 πάλιν
819 3837 896 3900 δὲ,
930 3841 1053 3892 ἐπεὶ
1079 3840 1289 3910 φίλημα
1329 3841 1439 3895 τῶν
1469 3840 1917 3912 μνηστευομένων

346 3928 450 3982 ἐπὶ
477 3932 542 3999 τῇ
581 3931 844 4002 μνηστείᾳ
890 3932 1102 3998 ὲγίνετο
1127 3975 1141 3996 ,
1178 3938 1270 3987 καὶ
1300 3932 1559 4005 ἀῤῥαδὼν
1587 3936 1651 4004 τῇ
1695 3933 1914 4001 γυναικὶ

345 4020 649 4093 παρείχετο
691 4023 845 4094 παρὰ
895 4022 988 4076 τοῦ
1044 4024 1260 4096 ἀνδρὸς,
1306 4026 1534 4090 εἰκότως
1569 4027 1667 4080 καὶ
1720 4026 1841 4079 τότε
1884 4027 1914 4080 δ

345 4115 553 4179 ζῶντος
588 4115 682 4167 τοῦ
719 4116 1020 4186 μνήστορος
1052 4117 1153 4187 τὴν
1190 4120 1435 4189 μνηστὴν
1470 4122 1551 4183 είς
1581 4120 1758 4190 γάμον
1787 4120 1916 4187 ἀγό-

347 4223 516 4277 μενος
543 4206 616 4275 τῷ
640 4207 740 4276 τῆς
773 4210 1017 4278 μοιχείας
1051 4210 1360 4281 ἐγκλήματι
1390 4211 1686 4265 καθίστατο
1707 4211 1910 4285 ἔνοχος’

344 4298 455 4353 κᾶν
482 4298 610 4369 ἐξῆν
634 4301 756 4353 τότε
788 4301 941 4355 λύειν
991 4303 1090 4373 τὴν
1123 4304 1417 4375 μνηστείαν
1462 4305 1560 4372 τῆς
1596 4307 1784 4377 ποινῆς
1814 4288 1907 4358 τοῦ

342 4390 653 4460 προστίμου
690 4392 1089 4465 παρεχομένης.
1158 4393 1298 4446 Ἀλλ’
1332 4395 1401 4460 εἰ,
1438 4396 1603 4466 μήπω
1631 4398 1731 4468 τῆς
1771 4413 1907 4467 μνη-

343 4478 529 4542 στείας
561 4480 818 4552 λυθείσης
841 4494 863 4545 ,'
890 4484 1101 4553 μνηστὴ
1141 4478 1210 4555 ἦν
1249 4486 1282 4556 ἡ
1331 4486 1466 4558 γυνὴ
1498 4487 1703 4561 ἑτέρου,
1746 4488 1840 4542 καὶ
1876 4490 1904 4542 ό

336 4570 545 4641 ταύτην
591 4571 771 4626 λαὸὼν
821 4575 1004 4644 μοιχὸς
1065 4577 1291 4640 είκότως
1334 4580 1597 4649 ἐκρίνετο.
1630 4581 1801 4633 Ὅπου
1847 4581 1903 4634 δὲ

334 4662 463 4718 οὔτε
490 4665 701 4736 φίλημα
728 4665 849 4719 οὔτε
875 4667 1020 4731 δόσις
1048 4658 1370 4741 ἀρραὕῶνος
1395 4672 1902 4746 παρηκολούθησεν,

342 4757 422 4820 ὡς
446 4756 541 4810 νῦν
577 4758 787 4825 γίνεται
816 4762 909 4813 ἐπὶ
937 4761 1045 4815 τῶν
1075 4762 1383 4832 λεγομένων
1408 4765 1640 4836 δεσμῶν,
1658 4768 1761 4821 κᾶν
1786 4768 1904 4824 ἓτε-

340 4864 435 4918 ρος
460 4848 600 4921 λάϐῃ
623 4849 719 4921 τὴν
770 4853 1039 4919 γυναῖκα,
1093 4855 1193 4926 οὐχ
1249 4856 1603 4912 ὑποπεσεῖται
1659 4860 1739 4930 τῷ
1802 4864 1902 4935 τῆς

335 4941 588 5008 μοιχείας
634 4943 935 5014 ἐγκλήματι
948 4986 961 5001 .
1366 5006 1369 5011 λ

322 5028 557 5087 ΔΡΙΣΤ.
621 5052 639 5085 ι
678 5014 894 5107 Μοιχόςδ
914 5040 1064 5092 ἐστιν
1094 5043 1121 5094 ό
1140 5042 1239 5111 τὴν
1263 5042 1434 5113 ἑτέρῳ
1465 5046 1900 5115 μνηστενθεῖσαν

825 5131 1145 5200 ἀγόμενος.»
1177 5134 1405 5204 Σαφής.

448 5264 453 5269 .
924 5225 1163 5279 ΚΑΝΩΝ
1199 5227 1310 5294 μεθ’.

335 5329 356 5363 ε
406 5312 518 5365 Καὶ
565 5312 725 5365 τοῦτο
771 5314 827 5366 δὲ
872 5316 932 5367 ἐν
983 5319 1048 5388 τῇ
1096 5319 1398 5389 Ἀρμενίων
1441 5324 1597 5399 χώρᾳ
1648 5310 1896 5395 γίνεσθαι

408 5423 425 5454 ι
475 5404 901 5477 μεμαθήκαμεν,
954 5408 1029 5471 ὥς
1076 5427 1241 5478 τινες,
1299 5413 1447 5469 ἔνδον
1486 5420 1545 5471 ὲν
1574 5422 1684 5482 τοῖς
1730 5423 1896 5490 ἱεροῖς

400 5514 419 5545 ι
472 5494 888 5570 θυσιαστηρίοις
924 5496 1059 5572 μ’ἐλη
1092 5504 1270 5571 κρεῶν
1297 5507 1517 5575 ἕψοντες
1540 5551 1555 5574 ,
1589 5514 1889 5581 προσάγονι

401 5607 419 5636 ι
475 5606 563 5641 σιν
597 5592 960 5661 ἀφαιρὲματα
987 5598 1099 5658 τοῖς
1124 5597 1389 5666 ἱερεῦσιν,
1419 5599 1725 5667 Ἰουδαϊκῶς
1761 5607 1885 5659 ἁποο

404 5699 419 5728 ι
471 5680 728 5749 νέμοντες
759 5699 773 5713 ·
806 5684 926 5735 ὅθεν
952 5685 1011 5736 τὸ
1043 5686 1143 5755 τῆς
1179 5688 1507 5758 Ἐκκλησίας
1530 5693 1886 5762 φυλάττοντες

399 5790 417 5820 ι
468 5772 819 5844 ἁκηλξδωτον,
842 5774 1094 5847 ὁρίζομεν
1123 5780 1195 5850 μὴ
1222 5778 1418 5845 ἐξεῖναί
1448 5800 1551 5837 τινι
1574 5784 1682 5841 τῶν
1702 5786 1888 5855 ἱερέων

2094 3648 2346 3705 ΖΟΝΑῐὶ.
2407 3648 2718 3720 Sponsalia,
2770 3652 2871 3706 hoc
2925 3652 3143 3720 quidem
3195 3660 3463 3721 tempore,
3516 3667 3580 3706 ex

2017 3745 2365 3816 imperatoris
2402 3746 2572 3800 Alcxii
2605 3747 2867 3801 Comneni
2895 3745 3138 3813 Novella,
3168 3746 3414 3816 ejusdem
3452 3755 3581 3802 sunt

2016 3852 2139 3891 cum
2175 3838 2383 3908 nuptiis
2419 3839 2729 3907 potestatis.
2782 3838 2845 3894 Et
2896 3840 3024 3895 olim
3062 3840 3284 3910 quidem
3320 3841 3577 3909 quoniam

2011 3928 2255 3985 osculum
2289 3945 2319 3984 a
2354 3930 2472 3985 viro
2502 3930 2555 3985 in
2580 3931 2924 3998 sponsalibus
2955 3932 3077 3985 eum
3114 3932 3423 3987 arrhabone
3456 3948 3578 3985 mu-

2010 4021 2131 4076 lieri
2186 4024 2474 4093 praebitum
2524 4032 2689 4086 esset,
2717 4023 2841 4092 jure
2890 4024 3073 4088 liebat,
3115 4031 3174 4078 ut
3207 4024 3301 4094 qui
3338 4024 3456 4077 viro
3488 4041 3578 4078 su-

2008 4114 2237 4185 perstite
2261 4130 2521 4185 sponsam
2554 4114 2823 4179 duxisset,
2854 4113 3104 4170 adulterii
3137 4131 3263 4170 reus
3284 4126 3575 4185 ageretur;

2005 4221 2070 4260 ac
2101 4213 2217 4261 tum
2273 4206 2550 4276 sponsalia
2591 4206 2923 4269 rescindere,
2976 4218 3031 4261 et
3079 4192 3307 4262 multam
3341 4224 3406 4262 ex
3440 4224 3575 4262 con-

2004 4295 2153 4350 dicto
2204 4296 2529 4366 prtelinitam
2567 4278 2785 4367 exigere
2822 4296 3041 4351 licebat.
3075 4299 3143 4349 At
3193 4297 3262 4356 si.
3297 4298 3573 4367 sponsali-

2002 4387 2104 4443 bus
2134 4388 2374 4443 uondum
2397 4388 2700 4453 dissolutis,
2740 4389 2936 4443 mulier
2955 4390 3318 4443 alterinscrat
3350 4404 3571 4458 sponsa.
3650 4410 3659 4414 -

2006 4488 2060 4534 et
2096 4480 2188 4550 qui
2219 4496 2337 4539 eam
2362 4481 2615 4545 (lucebat,
2648 4482 2998 4549 adulterjure
3023 4482 3393 4551 judicabatur.
3416 4481 3572 4548 Quod

2007 4572 2053 4627 si
2090 4588 2191 4626 nec
2221 4572 2470 4627 osculum
2508 4588 2606 4627 nec
2639 4573 2843 4643 aliquid
2878 4575 3203 4629 arrhabonis
3233 4576 3455 4629 nomine
3487 4576 3571 4628 in-

2007 4666 2371 4730 tercessisset,
2410 4675 2469 4719 ut
2500 4666 2554 4719 in
2586 4666 2674 4731 iis,
2710 4682 2830 4737 qua:
2881 4668 3140 4722 dicuntur
3173 4668 3416 4733 vincula,
3471 4667 3572 4720 hoc

2006 4764 2248 4827 tempore
2278 4757 2392 4811 lieri
2432 4758 2752 4824 consuevit;
2788 4768 2940 4822 tunc.
2973 4760 3077 4815 etsi
3128 4761 3411 4815 mulierem
3462 4760 3569 4813 sibi

2006 4847 2146 4901 alter
2209 4847 2547 4916 adjunxerit,
2632 4850 2886 4905 adulterii
2950 4852 3308 4908 nihilominus
3375 4853 3566 4907 crimi-

2001 4938 2089 4994 nis
2131 4937 2389 4992 immunis
2416 4939 2843 4995 existimabitur.

2000 5028 2227 5085 ARIST.
2266 5049 2284 5083 ι
2308 5030 2535 5086 Adulter
2565 5038 2648 5086 est
2678 5031 2771 5100 qui
2803 5032 2957 5087 alteri
2987 5035 3311 5103 desponsam
3341 5032 3512 5087 ducit.
3537 5051 3556 5085 ι

2313 5135 2325 5167 ι
2609 5125 2953 5199 Ρενδρὶιχιιιιε.

2544 5214 2774 5269 CANON
2830 5215 3015 5272 XCIX.

2008 5327 2025 5357 ι
2062 5306 2234 5363 Porro
2265 5309 2366 5363 hoc
2404 5325 2623 5380 quoque
2659 5311 2713 5364 in
2766 5311 3149 5365 Armeniorum
3183 5310 3406 5381 regione
3442 5312 3556 5367 lieri

2078 5418 2095 5451 ι
2125 5401 2439 5469 didicimus,
2473 5403 2619 5475 quod
2647 5403 2867 5473 quidam
2905 5403 3053 5459 intus
3077 5405 3129 5458 in
3162 5407 3335 5460 sacris
3366 5406 3557 5461 altari-

2073 5510 2092 5539 ε
2130 5490 2234 5547 bus
2289 5493 2536 5546 carnium
2576 5494 2817 5548 membra
2867 5503 3163 5563 coquentes
3199 5496 3372 5551 frusta
3423 5498 3556 5552 offe-

2073 5599 2091 5630 ι
2129 5592 2255 5635 runt
2290 5585 2667 5639 sacerdotibus
2693 5582 2917 5640 Judaice
2952 5587 3366 5645 distribuentes.
3401 5590 3553 5658 Quo-

2073 5691 2090 5723 ι
2125 5674 2268 5728 circa
2364 5673 2664 5731 Ecclesiam
2755 5676 3155 5733 immaculatam
3242 5696 3549 5750 servantes,

2072 5786 2088 5815 ι
2122 5767 2434 5835 statuimus,
2468 5767 2598 5822 nulli
2635 5768 2800 5825 licere
2849 5774 3113 5828 sacerdoti
3142 5785 3389 5846 separata
3425 5794 3545 5832 car-
