4092 6214
505 325 608 380 8339

579 550 596 580 ι
631 531 705 588 iis.
745 530 856 585 sint
886 533 1155 597 contenti,
1211 549 1332 602 ηυδε
1385 535 1633 590 offerenti
1687 538 1804 592 visa
1841 537 2063 602 fuerint,

579 642 596 674 ι
636 624 903 690 ejusmodi
938 623 1215 680 oblatione
1261 637 1415 681 extra
1445 627 1742 684 Ecclesiam
1777 630 1915 686 facta
1949 648 1962 683 :
2020 631 2066 686 si

583 738 597 766 ι
630 717 754 785 quis
780 726 964 771 autem
998 720 1102 772 hoc
1132 734 1240 772 non
1277 718 1494 786 fecerit,
1527 729 1868 792 segregetur.
1904 741 1922 774 ι

574 893 770 949 BALS.
831 895 975 955 Scis.
1023 900 1170 967 quod
1199 915 1322 954 cum
1355 900 1534 958 Moses
1559 902 1820 972 iussisset
1849 905 2073 960 lsraeli-

503 989 596 1052 tis,
630 1004 743 1043 sua:
776 1005 842 1043 ex
890 989 1126 1062 )Egypto
1182 995 1515 1063 egreSsionis
1571 1007 1836 1065 tempore,
1868 1011 2067 1064 agnum

503 1065 828 1146 interﬁcere,
858 1090 909 1134 et
939 1082 1058 1150 ejus
1093 1084 1359 1151 sanguine
1389 1085 1673 1140 domorum
1699 1095 1882 1159 postes
1911 1087 2070 1139 inun-

502 1183 650 1234 gere.
682 1179 760 1233 ut,
796 1169 937 1238 quod
987 1186 1051 1225 ex
1103 1175 1586 1246 primogenitorum
1642 1177 2069 1231 exterminatore

503 1260 868 1329 impendebat,
928 1264 1230 1332 periculum
1282 1265 1625 1333 effugerent:
1682 1269 1886 1324 Judaeis
1941 1270 2068 1324 hinc

504 1351 676 1404 visum
713 1363 817 1416 est,
855 1370 948 1421 per
979 1356 1103 1422 agni
1162 1367 1214 1410 et
1264 1358 1495 1411 aliorum
1546 1361 1907 1428 quorumdam
1943 1363 2066 1415 ani-

505 1444 727 1497 malium
761 1446 1118 1511 sacriﬁcium,
1161 1449 1324 1503 Deum
1375 1452 1702 1520 quibusdam
1737 1453 1928 1508 diebus
1955 1455 2070 1524 pla-

504 1537 649 1590 car'c.
685 1536 861 1608 Ipsum
899 1548 1077 1595 autem
1111 1543 1439 1598 sacriﬁcium
1471 1545 1522 1599 in
1558 1548 1667 1602 alio
1697 1549 1913 1617 quidem
1949 1550 2068 1604 loco

505 1629 669 1682 ﬁebat
697 1647 726 1684 εκ
769 1631 821 1684 in
852 1632 1166 1712 alio.autexn
1203 1635 1583 1704 coquebantur
1617 1655 1810 1695 carnes
1844 1653 1896 1695 et
1929 1641 2068 1694 divi-

504 1721 794 1778 debantur.
814 1725 1040 1792 Aliquas
1061 1741 1188 1796 ergo
1211 1740 1390 1796 partes
1422 1732 1670 1787 animalis
1690 1734 1829 1802 quod
1859 1735 2067 1788 sacriﬁ-

503 1814 761 1878 cabatur.
844 1820 1217 1876 sacerdotibus
1287 1831 1506 1892 prepter
1553 1825 1764 1893 aliquas
1824 1829 2062 1885 rationes

504 1905 820 1968 aﬁ‘crebant,
876 1910 943 1964 de
995 1913 1195 1981 quibus
1253 1930 1360 1969 non
1419 1926 1503 1970 est
1550 1917 1762 1973 dicendi
1827 1929 2060 1991 tempus.

502 1999 770 2063 Quoniam
801 2001 965 2072 278
991 2013 1166 2058 autem
1202 2004 1442 2063 didicere
1475 2011 1649 2064 sancti
1680 2012 1888 2074 Patres.
1920 2015 2064 2081 quod

502 2091 556 2145 in
590 2091 971 2148 Armeniorum
1005 2097 1224 2165 regione
1270 2115 1364 2168 per
1419 2103 1670 2157 animalia
1709 2106 1923 2174 quidem
1955 2123 2063 2160 non

503 2181 640 2237 ﬁunt
678 2187 969 2252 sacriﬁcia,
1028 2191 1120 2242 sed
1155 2192 1402 2245 carnium
1467 2201 1647 2262 partes
1697 2196 1838 2250 intra
1892 2200 2068 2254 altare

503 2289 835 2344 coquuntur,
871 2289 924 2334 et
950 2297 1012 2336 ex
1047 2282 1111 2336 iis
1142 2282 1308 2338 frusta
1337 2287 1602 2354 quaedam,
1655 2289 1860 2345 scilicet
1894 2307 2066 2346 mem.

503 2365 601 2419 bra
651 2379 926 2438 separata,
974 2372 1138 2441 pedes
1192 2372 1329 2429 forte
1381 2386 1435 2430 et
1483 2389 1670 2447 caput,
1724 2381 1804 2434 vel
1861 2383 2065 2453 aliquid

502 2455 795 2525 ejusmodi.
831 2463 1211 2519 sacerdotibus
1262 2482 1414 2522 more
1441 2468 1757 2542 Judaeorum
1810 2473 2064 2542 oﬁerunt,

502 2557 832 2616 statuerunt,
863 2570 961 2608 nec
993 2557 1046 2609 in
1073 2556 1231 2610 altari
1264 2560 1510 2613 carnium
1539 2561 1777 2617 membra
1813 2579 2067 2635 coquere,

505 2657 605 2696 nec
636 2654 789 2699 extra
827 2645 1003 2715 ipsum
1045 2649 1179 2704 tales
1225 2661 1506 2720 separatas
1538 2666 1718 2722 partes
1767 2660 2068 2715 sacerdoti-

503 2734 609 2790 ‘nus
676 2738 872 2794 oﬁ‘cr‘re
920 2756 984 2795 ex
1045 2743 1265 2812 antiqua
1327 2748 1718 2803 consuetudine
1768 2762 2064 2819 oportere:

504 2824 596 2878 sed
625 2826 888 2895 ejusmodi
922 2829 1154 2898 cessare,
1201 2842 1255 2887 et
1285 2837 1597 2893 sacerdotes
1631 2855 1658 2893 a
1711 2841 1865 2898 laicis
1914 2844 2067 2899 obla-

504 2916 705 2971 tionem
742 2922 1019 2990 suscipere
1075 2925 1293 2994 debere,
1347 2928 1401 2982 in
1459 2931 1874 3004 quibuscunque
1905 2937 2068 2994 rebus

503 3015 558 3062 et
587 3010 882 3078 generibus
915 3014 1017 3084 ipsi
1054 3016 1345 3074 voluerint.
1410 3019 1479 3076 Ut
1510 3032 1593 3077 est
1646 3035 1829 3081 autem
1866 3029 2064 3083 verisi-

1771 295 2049 392 rHEon.
2080 326 2481 390 BALSAMON

579 458 597 489 α
635 439 783 494 nium
817 440 1060 494 membra
1093 441 1159 494 ab
1209 441 1567 499 offerentibus
1621 447 1908 514 accipere;
1967 446 2064 501 sed
2095 460 2136 512 Α

3635 325 3740 387 8θῦ

2256 461 2274 492 ι
2323 441 2684 511 ἀφωρισμέναι
2715 439 2898 509 κρεῶν
2935 439 3071 509 μέλη
3106 441 3257 510 παρὰ
3295 440 3404 492 τῶν
3435 457 3746 511 προσάγον-

2252 556 2268 587 ι
2312 554 2420 589 των
2447 534 2768 604 λαμϐάνειν.
2813 533 2930 588 ἀλλ’
2980 528 3061 595 οἷς
3104 534 3310 604 άρεσθῇ
3353 538 3381 587 ὁ
3415 538 3747 605 προσάγων,

2249 647 2266 677 ι
2312 625 2522 688 τούτοις
2551 625 2930 694 ἀρκείσθωσαν
2954 667 2970 690 ,
3006 625 3110 690 ἔξω
3139 627 3236 695 τῆς
3264 626 3592 697 Ἐκκλησίας
3644 631 3749 700 τῆς

2257 738 2274 770 ι
2321 718 2580 787 τοιαύτης
2607 718 2902 789 γινομένης
2925 719 3300 789 προσαγωγῆς
3325 735 3341 751 °
3370 721 3419 773 si
3452 721 3509 774 δέ
3539 739 3626 785 τις
3665 723 3746 794 μὴ

2156 842 2178 854 ι
2247 832 2265 863 ι
2312 812 2476 866 τοῦτο
2509 815 2660 882 ποιῇ,
2700 811 3067 880 ἀφοριζέσθω.
3115 832 3134 864 ι

2241 906 2436 958 ΒΑΛΣ.
2463 901 2625 968 Οἶδας
2663 905 2745 958 ὅτι
2780 905 2876 958 τοῦ
2916 906 3197 980 Μωῦσέως
3237 906 3599 970 κελεύσαντος
3629 913 3746 974 τοῖς

2184 997 2543 1068 Ἰσραηλίταις
2574 998 2718 1051 κατὰ
2744 999 2834 1051 τὸν
2855 998 3051 1066 καιρὸν
3073 998 3175 1068 τῆς
3199 999 3309 1052 ἀπὸ
3334 1000 3435 1068 τῆς
3457 1001 3741 1068 Αἰγύπτου

2171 1089 2498 1153 ὲξελεύσεως
2522 1089 2715 1143 αὐτῶν.
2732 1092 3036 1158 σφαγιάσαι
3077 1091 3270 1159 ἀμνὸν,
3307 1091 3403 1144 καὶ
3435 1093 3630 1162 χρῖσαι
3654 1095 3747 1148 διὰ

2171 1181 2264 1232 τοῦ
2317 1182 2552 1249 αἵματος
2607 1183 2702 1244 τὰς
2733 1181 2893 1250 φλιὰς
2929 1184 3038 1234 τῶν
3081 1183 3279 1235 οἰκιῶν
3337 1185 3541 1247 αὐτῶν,
3592 1187 3746 1250 ὅπως

2171 1269 2386 1338 φύγωσι
2436 1272 2525 1323 τὸν
2571 1275 2635 1325 ὲκ
2687 1271 2783 1325 τοῦ
2831 1271 3160 1342 ὀλοθρευτοῦ
3210 1273 3320 1325 τῶν
3372 1278 3742 1342 πρωτοτόκων

2171 1362 2433 1425 κίνδυνον,
2463 1364 2711 1417 δέδοκται
2734 1363 2888 1430 παρὰ
2929 1364 3199 1426 Ἰουδαίοις
3229 1365 3315 1417 διὰ
3339 1366 3531 1430 θυσίας
3561 1370 3743 1434 ἀμνοῦ

2175 1450 2274 1504 καὶ
2332 1451 2506 1504 ἄλλων
2550 1453 2714 1505 τινῶν
2765 1451 2921 1516 ζώων
2966 1451 3308 1517 ὲξιλεοῦσθαι
3353 1453 3445 1506 τὸν
3499 1456 3636 1508 Θεὸν
3685 1458 3745 1509 ὲν

2169 1543 2403 1612 ἡμέραις
2437 1545 2600 1596 τισίν.
2635 1543 2700 1596 Ἠ
2734 1543 2790 1596 δὲ
2825 1543 2986 1597 θυσία
3016 1543 3152 1610 αὕτη
3191 1547 3249 1597 ἐν
3282 1545 3424 1615 ἄλλῳ
3455 1549 3555 1616 μὲν
3587 1551 3748 1616 τόπῳ

2169 1631 2395 1698 ἐγίνετο,
2423 1632 2478 1683 ἐν
2511 1633 2720 1703 ἑτέροις
2750 1633 2805 1686 δὲ
2833 1634 2901 1687 τὰ
2933 1634 3069 1702 κρέα
3093 1634 3271 1704 έψείτο
3302 1636 3398 1690 καὶ
3427 1638 3748 1706 ἐμερίζετο.

2171 1721 2303 1776 Τινά
2351 1724 2483 1791 γοῦν
2521 1727 2662 1794 μέρη
2713 1725 2805 1778 τοῦ
2859 1726 3126 1794 θυομένου
3180 1726 3322 1791 ζώου
3364 1731 3478 1791 τοῖς
3528 1731 3747 1796 ἱερεῦσι

2171 1816 2507 1887 προσήγοντο
2535 1816 2623 1868 διὰ
2652 1817 2844 1884 λόγους
2870 1819 3046 1879 τινὰς,
3079 1821 3204 1890 περὶ
3229 1810 3304 1872 ὧν
3338 1821 3588 1891 οὐκέστι
3618 1841 3743 1877 και-

2171 1908 2265 1977 ρὸς
2293 1909 2496 1974 λέγειν.
2540 1909 2693 1962 Ἐπεὶ
2718 1908 2775 1962 δὲ
2814 1910 3201 1980 μεμαθήκασιν
3225 1914 3274 1965 oi
3301 1913 3444 1981 ἅγιοι
3495 1915 3748 1985 Πατέρες

2169 1997 2243 2060 ὡς
2279 2001 2335 2051 ἐν
2364 2002 2428 2069 τῇ
2465 2000 2618 2070 χώρα
2652 1997 2771 2053 τῶνί
2804 2001 3100 2073 Ἀρμενίων
3133 2005 3313 2059 θυσίαι
3349 2007 3447 2074 μὲν
3471 2006 3560 2060 διὰ
3585 2007 3749 2071 ζώων

2171 2090 2527 2157 ούςγίνονται,
2561 2091 2705 2162 μέρη
2745 2092 2802 2145 δὲ
2841 2093 3018 2162 κρεῶν
3044 2094 3196 2158 ἐντὸς
3224 2095 3318 2148 τοῦ
3345 2097 3747 2168 θυσιαστηρίου

2171 2179 2412 2248 ἕψονται,
2465 2184 2560 2236 καὶ
2611 2186 2676 2236 ἐκ
2728 2184 2933 2238 τούτων
2977 2186 3336 2256 ἀφαιρέματά
3371 2207 3531 2251 τινα,
3574 2191 3747 2259 ἥψουν

2173 2273 2532 2343 ἀφωρισμένα
2587 2276 2747 2347 μέλη,
2803 2278 2968 2339 πόδας
3023 2278 3186 2347 τυχὸν
3239 2279 3334 2332 κα)⁸
3387 2281 3655 2352 κεφαλὴν,
3711 2285 3743 2353 ἦ

2173 2366 2360 2436 ἕτερόν
2387 2383 2440 2418 τι
2486 2366 2748 2430 τοιοῦτον,
2784 2372 2897 2428 τοῖς
2947 2370 3183 2439 ἱερεῦσιν
3226 2371 3531 2436 Ἰουδαῖκῶς
3567 2393 3745 2444 προσ-

2172 2459 2418 2525 άγουσιν,
2453 2459 2678 2527 ὥρισαν,
2711 2463 2847 2531 μήτε
2875 2463 3024 2525 ἐντὸς
3047 2463 3138 2516 τοῦ
3169 2465 3558 2536 θυσιαστηρίου
3595 2469 3735 2537 μέλη

2174 2550 2352 2618 κρεῶν
2406 2550 2672 2618 ἕψεσθαι,
2737 2554 2873 2624 μήτε
2933 2555 3088 2617 ἐκτὸς
3137 2556 3302 2608 αὑτοῦ
3363 2560 3745 2627 προσάγεσθαι

2173 2641 2398 2695 τοιαῦτα
2457 2645 2815 2712 ἀφωρισμέναι
2880 2644 3012 2716 μέλη
3069 2647 3180 2710 τοῖς
3235 2647 3439 2718 ἱερεῦσι
3491 2652 3631 2704 κατὰ
3682 2651 3744 2704 τὸ

2174 2733 2343 2786 πάλαι
2374 2735 2607 2806 κρατοῦν
2641 2735 2758 2797 ἔθος
2789 2753 2804 2768 ο
2831 2737 2966 2790 ἀλλὰ
2994 2737 3092 2805 τὴν
3132 2740 3546 2809 τοιουτότροπον
3569 2759 3740 2814 προσ·

2172 2827 2393 2896 αγωγὴν
2452 2828 2736 2896 σχολάσαι,
2766 2831 2859 2882 καὶ
2881 2829 3189 2896 δεξιοῦσθαι
3229 2833 3356 2896 τοὺς
3382 2833 3550 2904 ἱερεῖς
3587 2837 3740 2908 παρά

2173 2915 2282 2968 τῶν
2339 2917 2564 2980 λαῖκῶν,
2615 2921 2671 2972 έν
2715 2916 2798 2984 οἷς
2841 2916 2987 2975 οὗτοι
3029 2921 3277 2976 θέλουσιν
3323 2925 3492 2977 εῖδεσί
3543 2944 3601 2979 τε
3646 2928 3741 2980 καὶ

2176 3009 2484 3079 πράγμασι.
2565 3011 2652 3075 Ὠς
2708 3011 2850 3065 ἔοικε
2904 3013 2960 3066 δὲ
3000 3013 3091 3066 διά
3139 3013 3236 3085 τὴν
3283 3019 3642 3086 κρατήσασαν
3684 3023 3741 3074 ἐν

501 3101 654 3166 mile,
727 3116 950 3176 propter
1020 3113 1470 3168 consuetudinem
1519 3133 1640 3187 quae
1688 3119 1741 3173 in
1789 3119 2063 3179 Armeniis

2187 3100 2489 3170 Ἀρμενίοις
2525 3103 2812 3173 συνήθειαν
2851 3093 3124 3158 ἐνέδωκαν
3171 3107 3222 3160 oi
3277 3107 3520 3188 Πατέρες
3573 3129 3741 3179 προσο

503 3193 756 3261 obtinuit,
793 3212 1178 3257 concesserunt
1223 3208 1398 3261 sancti
1432 3208 1644 3274 Patres,
1683 3223 1742 3267 ut
1797 3214 1920 3270 laici
1977 3231 2066 3271 sa-

504 3285 822 3342 cerdotibus
872 3289 1128 3346 oﬂ‘errent
1195 3311 1315 3365 quae
1367 3297 1464 3366 ipsi
1515 3301 1732 3357 vellent.
1763 3305 1917 3374 Apud
1965 3323 2066 3361 nos

504 3379 647 3432 enim
680 3397 840 3438 nemo
871 3387 1084 3455 cogitur
1116 3387 1323 3458 aliquid
1357 3391 1668 3461 huiusmodi
1722 3397 1914 3454 facere.
1971 3399 2066 3455 Di-

504 3475 645 3528 xerit
675 3486 856 3532 autem
892 3480 1185 3550 quispiam,
1217 3486 1514 3552 quomodo,
1561 3505 1682 3543 cum
1732 3507 1904 3546 canon
1959 3505 2068 3549 tra~

503 3555 614 3624 ctet
641 3571 707 3625 de
735 3572 948 3630 duobus
972 3575 1174 3644 quaejn
1199 3582 1572 3636 Armeniorum
1599 3586 1816 3654 regione
1848 3588 2065 3655 ﬁebant,

503 3660 572 3716 de
604 3664 905 3732 coquendis
941 3659 1152 3724 scilicet
1203 3675 1450 3727 carnium
1488 3678 1747 3732 membris
1804 3681 1853 3734 in
1886 3683 2066 3748 altari,

503 3763 556 3809 et
590 3755 656 3810 de
683 3756 876 3814 frustis
923 3762 1296 3819 sacerdotibus
1352 3765 1404 3818 in
1461 3767 1704 3846 Ecclesia
1755 3771 2065 3841 oﬁ'erendis,

506 3847 678 3903 solam
709 3852 953 3930 carnium
987 3853 1041 3908 in
1083 3852 1322 3911 Ecclesia
1353 3858 1681 3915 oblationem
1718 3861 1909 3920 Patres
1937 3883 2066 3936 pro-

505 3939 838 3997 hibuerunt?
868 3942 1108 4024 Salutio.
1141 3945 1196 4000 In
1228 3948 1494 4005 altaribus
1541 3952 1790 4008 carnium
1826 3959 2067 4012 membra

501 4046 738 4102 coquere
772 4035 913 4105 apud
944 4009 1287 4092 Christianos
1321 4050 1405 4095 est
1437 4046 1661 4098 omnino
1707 4047 2080 4115 proltibitum,‘

500 4139 565 4178 ex
598 4143 706 4196 quo
731 4143 826 4198 per
857 4129 1113 4185 animalia
1146 4132 1378 4186 cessavit
1409 4137 1740 4192 sacriﬁcium
1769 4156 1784 4196 :
1839 4152 1891 4195 et
1935 4159 2065 4212 pro-

501 4227 686 4286 pterea
717 4220 785 4276 de
814 4237 881 4276 eo
911 4223 1164 4280 Patribus
1199 4225 1382 4280 dicere
1412 4243 1518 4281 non
1553 4231 1759 4296 placuit
1789 4253 1802 4286 :
1840 4235 1990 4290 unde
2013 4243 2066 4290 et

500 4311 569 4364 de
600 4313 732 4367 solis
778 4313 987 4381 frustis,
1040 4331 1160 4386 qua:
1213 4318 1592 4375 sacerdotibus
1625 4321 1944 4389 offeruntur.
1983 4327 2064 4382 lex

501 4405 821 4466 constituit;
856 4423 1046 4476 nempe
1074 4425 1197 4462 cum
1224 4409 1291 4463 de
1326 4425 1390 4465 eo
1423 4411 1595 4466 solum
1625 4419 1801 4486 capite
1838 4421 2065 4489 quaestio

501 4497 750 4552 instituta
784 4509 952 4555 esset.

571 4675 826 4736 ZONAR.
885 4681 1235 4740 ilebrmorum
1291 4688 1564 4756 instituto,
1615 4693 1925 4764 quicunque
1975 4711 2063 4750 sa-

500 4768 860 4838 criﬁcaverat,
891 4781 943 4846 et
977 4784 1212 4829 mactato
1244 4779 1462 4833 animali
1495 4784 1864 4849 pet-tusculum
1902 4785 2063 4839 alias~

499 4879 606 4932 que
660 4863 905 4931 ejusdem
964 4868 1221 4924 animalis
1270 4873 1590 4940 particulas,
1646 4889 1754 4928 non
1810 4876 1928 4930 sine
1969 4893 2063 4931 sua

500 4957 740 5028 quidque
764 4959 972 5015 ratioae
999 4956 1332 5033 latentisque
1359 4967 1606 5035 mysterii
1639 4968 2061 5037 signiﬁcatione;

500 5050 876 5107 sacerdotibus
898 5053 1220 5110 offerebant.
1253 5059 1712 5126 Apud-Armenios
1741 5077 1868 5116 vero
1918 5065 2065 5118 nulla

501 5143 716 5209 quidem
771 5146 1028 5200 animalia
1055 5149 1514 5218 immolabantur,
1554 5138 1821 5222 siquidem
1859 5155 1946 5207 illa
1979 5171 2068 5208 sa-

501 5236 782 5290 criﬁcandi
831 5240 1170 5295 consuetudo
1205 5241 1641 5298 Cltristianorum
1672 5245 1879 5315 legibus
1930 5247 2066 5300 sub-

503 5325 610 5381 lata
673 5327 813 5384 fuit:
872 5331 966 5385 sed
1002 5333 1145 5386 intra
1189 5336 1362 5390 altare
1394 5337 1636 5391 decoctis
1686 5339 1969 5402 carnibus,
2002 5355 2068 5393 ex

503 5418 573 5474 iis
602 5431 748 5475 certa
801 5438 865 5478 ac
883 5412 1116 5506 deﬁnita
1170 5428 1418 5498 qumdam
1456 5431 1838 5486 sacerdotibus
1871 5419 2068 5500 largie-

505 5510 724 5568 bantur.
762 5516 936 5582 Quam
968 5519 1189 5586 quidem
1223 5523 1703 5590 consuetudinem,
1739 5515 1939 5593 quippe
1969 5518 2066 5576 Ju-

507 5600 747 5656 dzeorum
805 5622 982 5660 mores
1039 5607 1214 5663 adliuc
1279 5612 1630 5673 redolentem,
1682 5611 1918 5681 synodus
1971 5610 2071 5663 da-

509 5703 658 5746 Innat
684 5731 699 5756 ,
736 5710 796 5748 ac
830 5712 1022 5750 carnes
1065 5701 1286 5768 quidem
1344 5703 1396 5755 in
1428 5701 1665 5757 Ecclesia
1692 5717 1948 5770 coquere,
1979 5709 2071 5756 aut

510 5785 566 5838 in
602 5783 786 5838 cadem
831 5771 1050 5841 deﬁnita
1087 5790 1177 5842 illa
1231 5795 1600 5848 sacerdotibus
1647 5791 1827 5848 offerri
1882 5801 2066 5849 vetat:

2171 3192 2326 3257 ἀγειν
2362 3194 2488 3258 τοὺς
2520 3195 2738 3260 λαῖκοὺς
2789 3200 2900 3261 τοῖς
2945 3198 3151 3269 ἱερεῦσι
3184 3201 3252 3255 τὰ
3299 3202 3484 3266 αὐτοῖς
3515 3205 3734 3273 αἱρετά.

2176 3285 2310 3355 Παρ⁹
2364 3289 2496 3357 ἡμῖν
2550 3287 2658 3359 γὰρ
2721 3289 2898 3353 οὐδεὶς
2955 3291 3326 3357 ἀναγκάζεται
3382 3294 3626 3350 τοιοῦτόν
3683 3315 3736 3352 τι

2172 3358 2367 3432 ποιεῖν.
2399 3380 2556 3432 Εἴποι
2585 3380 2640 3433 δέ
2676 3397 2782 3444 τις,
2819 3380 2936 3443 πῶς
2965 3380 3058 3434 τοῦ
3090 3381 3315 3443 κανόνος
3340 3382 3737 3452 διαλαμϐάνον.

2169 3486 2268 3534 τας
2297 3471 2426 3543 περὶ
2469 3472 2563 3526 δύο
2607 3472 2768 3529 τινῶν
2810 3475 3114 3544 γινομένων
3140 3473 3222 3536 εἰς
3251 3473 3352 3545 τὴν
3389 3476 3576 3546 χώραν
3625 3477 3736 3530 τῶν

2183 3566 2507 3635 Ἀρμενίων,
2539 3567 2707 3636 ἤγουν
2743 3567 2989 3637 περὶτοῦ
3023 3568 3252 3638 ἕψεσθαι
3300 3569 3431 3639 μέλη
3462 3572 3644 3639 κρεῶν
3677 3574 3735 3624 ὲν

2170 3659 2281 3719 τοῖς
2312 3657 2746 3727 θυσιαστηρίοις,
2777 3658 2871 3710 xa‘t
2903 3658 3030 3728 περὶ
3055 3656 3150 3710 τοῦ
3187 3658 3335 3720 ἐντὸς
3366 3659 3464 3728 τῆς
3503 3660 3738 3730 Ἐκκλη-

2171 3749 2294 3811 σίας
2334 3750 2712 3820 προσάγεσθαι
2744 3752 2856 3812 τοῖς
2883 3748 3126 3820 ἱερεῦσιν
3158 3749 3516 3820 άφαιρέματα
3561 3751 3734 3816 κάτω,

2172 3843 2342 3912 μόνην
2383 3842 2482 3915 τὴν
2527 3843 2611 3897 ἐπ’
2655 3843 2949 3913 ἐκκλησίας
3004 3846 3368 3914 προσαγωγὴν
3397 3845 3512 3897 τῶν
3551 3847 3733 3915 κρεῶν

2168 3938 2216 3989 οἱ
2241 3937 2482 4002 Πατέρες
2510 3936 2824 4001 ἐκώλυσαν;
2857 3935 3068 4002 Λύσις.
3101 3937 3173 3990 Τὸ
3204 3938 3262 3991 ἐν
3291 3938 3403 4000 τοῖς
3433 3939 3733 4009 θυσιαστη-

2171 4029 2306 4100 ρίοις
2346 4029 2481 4097 μέλη
2509 4029 2686 4100 κρεῶν
2713 4028 2961 4097 ἕψεσθαι,
2993 4029 3173 4099 πάντη
3195 4027 3348 4100 παρὰ
3383 4031 3733 4100 Χριστιανοῖς

2167 4120 2566 4191 ἀπηγόρευται,
2600 4121 2783 4186 ὲξότου
2812 4122 2844 4191 ἡ
2869 4120 2957 4174 διὰ
2985 4121 3093 4175 τῶν
3120 4119 3273 4186 ζώων
3294 4121 3511 4192 ,ἐπαύθη
3548 4123 3733 4186 θυσία,

2168 4217 2262 4268 καὶ
2285 4215 2373 4268 διὰ
2399 4214 2554 4266 τοῦτο
2593 4215 2772 4266 εἰπεῖν
2811 4215 2940 4284 περὶ
2979 4214 3146 4269 αὑτοῦ
3179 4219 3289 4279 τοῖς
3319 4216 3734 4285 Πατράσινούκ

2167 4309 2348 4373 ἔδοξεν
2372 4326 2386 4340 ο
2413 4309 2537 4362 ὅθεν
2564 4307 2658 4361 καὶ
2688 4308 2815 4375 περὶ
2842 4308 3020 4378 μόνων
3049 4309 3159 4362 τῶν
3194 4309 3591 4379 ἀφαιρεμάτων
3623 4310 3736 4363 τῶν

2166 4405 2280 4465 τοῖς
2316 4401 2522 4472 ἱερεῦσι
2548 4402 2980 4468 προσαγομένων
3007 4400 3040 4470 ἡ
3090 4399 3424 4470 θεσμοθεσία
3466 4401 3693 4468 γέγονεν
3717 4443 3734 4465 ,

2095 4521 2142 4579 υ
2169 4498 2244 4558 ὼς
2302 4496 2495 4549 τούτου
2549 4495 2690 4564 τάχα
2741 4491 2835 4546 τοῦ
2885 4493 3182 4562 κεφαλαίου
3225 4497 3304 4555 εἰς
3333 4493 3414 4546 ἔτι
3443 4496 3738 4557 πίπτοντος

2167 4589 2306 4657 ὑπὲρ
2349 4589 2595 4658 ζήτησιν.

2238 4683 2481 4735 ΖΩΝΑΡ.
2536 4684 2596 4734 ΟΞ
2653 4683 2871 4748 θύοντες
2903 4683 3054 4757 παρά
3120 4680 3392 4743 Ἰουδαίοις
3458 4683 3740 4751 προσῆγον

2167 4777 2280 4838 τοῖς
2310 4775 2551 4844 ἱερεῦσιν
2581 4777 2646 4828 ὲκ
2672 4775 2766 4829 τοῦ
2804 4776 3107 4845 τεθυμένου
3139 4773 3278 4837 ζὼου
3324 4774 3386 4826 τὸ
3424 4775 3741 4842 στηθύνιον.

2168 4869 2263 4922 καὶ
2309 4868 2474 4941 ἕτερα
2519 4868 2614 4922 τοῦ
2666 4867 2806 4932 {dion
2854 4868 2994 4938 μέρη
3027 4868 3062 4922 ἃ
3090 4868 3183 4920 καὶ
3229 4867 3422 4934 λόγους
3463 4863 3630 4937 εἶχον,
3668 4869 3739 4920 δι’

2168 4960 2263 5024 οὒς
2295 4963 2660 5033 προσήγοντο,
2697 4962 2793 5036 καὶ
2820 4948 3144 5028 ἀναγωγάς.
3184 4952 3342 5027 Παρὰ
3373 4959 3430 5012 δὲ
3457 4964 3568 5025 τοῖς
3608 4962 3736 5030 Ἀρ-

2172 5055 2378 5124 μενίοις
2407 5051 2562 5118 ζώων
2594 5055 2692 5122 μὲν
2730 5053 2912 5106 θυσίαι
2954 5052 3056 5104 οὐκ
3107 5053 3466 5121 ἑπράττοντο,
3511 5054 3636 5104 ἐπεὶ
3669 5054 3737 5132 τὸ

2171 5147 2287 5210 ζῶα
2319 5146 2621 5216 προσάγειν
2655 5146 2736 5210 εἰς
2778 5145 2974 5199 θυσίαν
3026 5145 3408 5214 ἀπηγόρευται
3442 5147 3557 5208 τοῖς
3599 5146 3737 5214 Χριο

2173 5241 2408 5299 στιανοῖς
2443 5255 2456 5269 ο
2489 5239 2713 5307 ἕψοντες
2744 5239 2800 5291 δὲ
2831 5238 2968 5305 κρέα
2997 5236 3091 5291 τοῦ
3127 5237 3524 5306 θυσιαστηρίου
3561 5239 3733 5298 ἐντὸς,

2173 5329 2235 5394 ἐξ
2259 5332 2483 5384 ἐκείνων
2534 5332 2814 5402 προσῆγον
2861 5333 2974 5393 τοῖς
3010 5329 3248 5400 ἱερεῦσιν
3281 5331 3562 5399 ὡρισμένα
3591 5331 3730 5400 τινα.

2175 5423 2350 5491 Ὅπερ
2379 5421 2454 5483 ὡς
2488 5421 2775 5474 Ἰουδαϊκὸν
2821 5421 3022 5474 κωλύει
3054 5423 3087 5491 ἡ
3119 5421 3335 5482 σύνοδος
3364 5439 3378 5452 ·
3408 5421 3501 5474 καὶ
3534 5421 3589 5472 τὸ
3631 5418 3730 5486 μὲν

2171 5512 2322 5583 ἕψειν
2341 5514 2406 5566 ἐν
2437 5515 2706 5584 ἐκκλησίᾳ
2729 5555 2744 5577 ,
2779 5514 2810 5586 ἦ
2860 5514 3141 5584 ὡρισμένα
3172 5515 3472 5585 προσάγειν
3501 5515 3555 5564 ἐν
3592 5512 3729 5581 αὐτῇ

2171 5608 2288 5668 τοῖς
2342 5605 2584 5675 ἱερεῦσιν
2625 5607 2962 5676 ἀπαγορεύει
2992 5624 3005 5636 ·
3039 5607 3099 5658 τὸ
3129 5605 3186 5658 δὲ
3217 5608 3509 5676 προσάγειν
3542 5605 3735 5668 αὐτοῖς

2172 5695 2261 5752 οἷα
2292 5701 2384 5752 καὶ
2412 5699 2511 5752 ὅσα
2540 5701 2589 5751 οἱ
2631 5700 3001 5768 προσάγοντες
3051 5699 3354 5767 βούλονται,
3380 5703 3481 5764 ἔξω
3516 5701 3612 5766 τῆς
3638 5698 3740 5752 ὲκ·

2177 5792 2404 5864 κλησίας
2434 5793 2620 5861 ἐφίησι
2652 5808 2658 5819 ·
2702 5792 2795 5844 καὶ
2828 5791 2986 5845 τοῦτο
3015 5792 3069 5844 δὲ
3117 5795 3327 5857 πάντως
3359 5793 3566 5860 enim.“
3600 5808 3745 5864 πμ,
