4092 6214
339 310 449 372 865

1444 304 1522 365 1N
1563 307 1731 366 CAN.
1775 307 1843 365 Cl
1884 306 2092 368 conc.
2128 304 2210 365 IN
2257 303 2591 387 TRULLO.

3468 307 3573 368 865

338 427 434 478 τοῦ
474 422 681 494 Κυρίου
718 422 810 471 καὶ
868 417 1001 471 Θεοῦ
1058 423 1153 473 καὶ
1200 419 1455 490 Σωτῆρος
1509 421 1667 492 ἡμῶν
1732 420 1906 489 Ἰησοῦ

2013 430 2065 474 οι
2104 419 2225 474 Dei
2256 428 2310 474 et
2363 417 2673 473 Servatoris
2720 420 2891 473 nostri
2944 418 3069 474 Jesn
3122 419 3326 474 Christi
3374 435 3574 491 corpus

340 514 583 586 Χριστοῦ
615 512 755 567 κατὰ
784 513 875 566 τὸν
909 512 1099 583 καιρὸν
1128 514 1229 581 τῆς
1261 514 1422 582 ἁγίας
1466 514 1820 585 μεταλήψεως
1855 519 1910 569 ἐν

344 609 529 670 αὐτοῖς
559 605 905 674 ὑπεδέχοντο.
946 605 1055 658 Καὶ
1082 604 1321 674 ἀρχῆθεν
1350 607 1448 676 μὲν
1472 608 1611 667 ἴσως
1640 606 1910 677 ἐπενοήθη

342 700 503 751 τοῦτο
537 680 880 768 παραιτινων
923 697 989 750 δι’
1032 697 1337 759 εὐλάϐειαν,
1406 698 1732 766 νομιζόντων
1769 698 1911 768 τάχα

350 792 425 862 μὴ
464 789 600 843 εἶναι
624 790 779 854 ἀξίαν
811 792 889 853 εἰς
914 790 1178 859 ὑποδοχὴν
1221 790 1314 843 τοῦ
1337 790 1622 860 Κυριακοῦ
1661 791 1911 861 σώματος

342 886 443 953 τὴν
496 886 653 952 χεῖρα
695 883 794 952 τὴν
847 882 1163 952 ἁπτομένην
1209 882 1303 935 καὶ
1336 883 1578 954 αἰσχρῶν
1617 901 1778 936 τινων
1817 884 1909 936 καὶ

343 974 581 1038 ἀναξίων
599 990 615 1007 ·
652 973 842 1042 καιροῦ
869 974 922 1026 δὲ
951 974 1247 1042 προίόντος,
1275 977 1353 1037 εἰς
1370 974 1604 1045 ψυχικὴν
1638 974 1910 1053 ἀπώλειαν

347 1068 648 1136 μετέπεεει
712 1069 744 1133 ἡ
780 1066 1055 1131 εὐλάϐεια,
1101 1067 1175 1129 ὡς
1235 1066 1342 1118 τῶν
1397 1067 1695 1120 ποιούντων
1741 1067 1938 1120 ταῦτα.

345 1158 654 1229 ζητούντων
684 1159 1055 1227 προτιμᾶσθαι
1088 1176 1194 1225 τιιδν
1224 1159 1587 1224 πενεστέρων,
1620 1160 1713 1210 καὶ
1738 1160 1910 1220 ἄλλως

344 1249 850 1317 ἁλαζονευομένων.
909 1249 1066 1302 Ἐπεί⁸
1094 1251 1224 1316 γοῦν
1268 1250 1412 1312 ἔδοξε
1444 1251 1599 1303 τοῦτο
1647 1254 1757 1311 τοῖς
1802 1254 1913 1303 lla-

344 1342 508 1411 τράσι
550 1341 842 1411 παραίτιον
882 1344 1194 1417 σκανδάλων
1238 1343 1466 1407 πολλῶν,
1510 1343 1642 1395 ἀλλὰ
1682 1344 1786 1414 μὴν
1817 1344 1911 1396 καὶ

345 1435 664 1505 ὑϐριστικδν
699 1434 792 1487 τοῦ
817 1438 1086 1506 ἡμετέρου
1114 1436 1384 1505 σώματος,
1419 1436 1514 1489 τοῦ
1566 1437 1685 1492 κατ’
1731 1439 1912 1490 είκύνα

345 1525 483 1578 Θεοῦ
522 1525 876 1589 πλασθέντος,
917 1521 1069 1580 εἷπον
1099 1527 1173 1589 ὼς
1209 1527 1302 1581 τοῦ
1328 1527 1579 1599 μεγάλου
1616 1530 1911 1582 ἀποστόλου

349 1618 560 1672 Παύλου
595 1618 995 1681 ἀποκαλοῦντος
1026 1619 1116 1685 τίεν
1141 1620 1427 1691 ἄνθρωπον
1484 1622 1640 1692 σῶμα
1674 1623 1911 1691 Χριστοῦ

346 1710 442 1762 καὶ
469 1710 655 1762 εἰκόνα
691 1710 843 1775 Θεοῦ,
878 1712 973 1764 καὶ
997 1712 1198 1775 παντὸς
1230 1712 1528 1782 κτίσματος
1556 1715 1909 1785 τιμιώτερον,

345 1801 422 1863 ὡς
454 1800 548 1853 καὶ
575 1799 894 1869 ἀξιούμενον
927 1802 1022 1871 τῆς
1058 1805 1165 1855 τῶν
1224 1804 1382 1856 θείων
1428 1806 1784 1874 ἁγιασμάτων
1814 1824 1910 1876 μεο

345 1892 651 1962 ταλήψεως,
717 1893 1012 1947 κάντεῦθεν
1062 1894 1205 1948 κατά
1276 1913 1335 1948 τε
1389 1897 1567 1968 ψυχὴν
1625 1898 1913 1969 καὶσῶμα

252 2004 255 2009 ·
342 1980 726 2055 ἁγιαζόμενον,
758 1984 856 2036 ούκ
882 1983 1155 2052 ὀφείλουσί
1178 2003 1321 2049 τινες
1345 1987 1720 2058 προτιμᾶσθαι
1750 1988 1912 2041 αὑτοῦ

344 2075 415 2127 τὰ
455 2079 518 2128 ὲκ
554 2076 761 2147 χρυσοῦ
786 2078 878 2131 καί
922 2095 1083 2131 τινων
1116 2080 1321 2151 ἐτέρων
1355 2080 1556 2133 ὑλικῶν
1608 2082 1792 2152 ἄψυχα
1821 2084 1914 2135 καὶ

344 2168 635 2239 ὑποχείρια
665 2169 779 2239 εἴδη
802 2187 817 2203 ο
860 2171 891 2240 ἢ
932 2172 1039 2241 μὴν
1069 2174 1193 2235 τοὺς
1234 2174 1383 2244 παρὰ
1417 2174 1589 2227 ταῦτα
1626 2178 1914 2238 ποιοῦντας

346 2262 726 2337 ἀφορίζεσθαι,
773 2261 1012 2332 δηλονότι
1065 2264 1261 2328 αὐτούς
1314 2284 1373 2319 τε
1421 2267 1547 2330 τοὺς
1599 2269 1915 2337 χρωμένους

342 2352 610 2415 τοιούτοις
638 2354 783 2405 τισὶν
806 2354 1007 2416 ύλικοῖς
1033 2356 1110 2417 εἰς
1135 2357 1401 2428 ὑποδοχὴν
1425 2358 1517 2411 τοῦ
1549 2358 1799 2427 σώματος
1821 2359 1914 2412 τοῦ

342 2442 608 2512 Χριστοῦ,
652 2445 748 2497 καὶ
786 2445 911 2507 τοὺς
956 2447 1339 2513 μεταδιδόντας
1361 2450 1550 2501 τούτου
1578 2450 1783 2513 αὐτοῖς.
1824 2452 1913 2522 Μὴ

340 2531 632 2604 θαυμάσῃς
663 2532 744 2597 δὲ,
788 2534 921 2602 μηδὲ
963 2536 1249 2607 ἐρωτήσῃς
1277 2539 1374 2609 τὴν
1426 2541 1626 2605 αἰτίαν,
1667 2542 1733 2594 δι’
1759 2544 1824 2613 ἥν
1856 2544 1914 2595 ἓν

344 2639 487 2674 τισιν
515 2624 832 2693 ἐκκλησίαις
872 2627 1221 2696 μεταδίδοται
1258 2632 1369 2694 τοῖς
1397 2630 1604 2698 λαῖκοῖς
1655 2637 1714 2688 τὸ
1762 2635 1915 2704 ἅγιον

344 2716 509 2785 σῶμα
530 2717 623 2770 τοῦ
652 2720 914 2789 Χριστοῦ,
933 2723 1025 2774 καὶ
1052 2723 1152 2774 οὐκ
1178 2723 1541 2795 ἐγχειρίζεται
1569 2727 1779 2791 τούτοις
1802 2730 1912 2800 (15)

346 2810 489 2861 κατὰ
527 2809 626 2880 τὴν
666 2812 761 2864 τοῦ
796 2820 1022 2874 κανόνος
1058 2817 1353 2886 περίληψιν
1375 2834 1388 2847 ο
1429 2820 1611 2883 πίστις
1642 2822 1751 2892 γὰρ
1779 2823 1913 2894 ὀρθὴ

343 2904 438 2954 καὶ
464 2903 627 2971 φόϐος
660 2905 793 2958 Θεοῦ
827 2908 919 2960 καὶ
956 2909 1208 2961 εὐλάϐεια
1236 2910 1545 2974 ἀνύποπτος
1584 2912 1742 2966 τοῦτο
1772 2932 1914 2985 παρ-

344 2994 568 3058 ἐόωκεν,
622 2999 742 3067 οὐχὶ
798 2999 858 3052 τὸ
909 3001 1014 3054 τῶν
1074 3003 1279 3053 λαῖκων
1319 3004 1556 3069 ἀνάξιον.
1589 3005 1813 3075 Νομίζω
1857 3007 1914 3060 δὲ

342 3086 455 3137 ὑπὸ
482 3087 576 3139 τοῦ
617 3091 884 3158 παρόντος
922 3095 1145 3152 κανόνος
1175 3092 1490 3147 ἁλίσκεσθαι
1523 3096 1649 3159 τοὺς
1680 3082 1914 3167 προϐαλ-

2016 523 2217 567 sancta:
2260 510 2659 565 communionis
2711 519 2952 579 tempore
3000 515 3052 565 in
3103 514 3181 567 eis
3227 513 3575 581 recipiebant.

2016 604 2081 656 Et
2138 602 2207 656 ab
2261 601 2420 655 initio
2471 602 2691 670 quidem
2746 603 2845 657 hoc
2902 605 3132 657 fortasse
3177 619 3207 657 a
3255 606 3575 674 quibusdam

2016 705 2241 767 propter
2276 696 2531 765 pietatem
2585 697 2948 764 excogitatum
2989 707 3094 759 est,
3133 697 3360 752 fortasse
3394 700 3581 754 existi-

2018 783 2297 839 mantibus
2355 798 2576 837 manum
2632 800 2739 838 non
2788 799 2907 840 esse
2959 786 3177 854 dignam
3238 786 3579 844 Domiuieum

1976 894 1979 897 '
2017 891 2213 945 corpus
2250 875 2551 944 suscipere,
2589 891 2708 945 quae
2751 878 2929 947 turpia
2984 879 3229 947 quaedam
3276 890 3330 934 et
3357 881 3579 950 indigna

2021 969 2215 1037 tangit.
2262 966 2598 1021 Procedente
2632 977 2808 1023 autem
2838 978 3101 1038 tempore,
3135 972 3201 1025 ad
3232 971 3427 1026 animae
3464 990 3585 1042 pcr-

2018 1060 2212 1113 niciem
2287 1075 2553 1116 conversa
2602 1070 2683 1115 est
2736 1063 2927 1131 pictas,
2986 1072 3169 1133 utpote
3223 1066 3290 1119 iis
3340 1066 3432 1135 qui
3494 1067 3579 1119 illa

2016 1150 2248 1216 iaciunt,
2296 1152 2709 1221 pauperioribus
2750 1154 2992 1223 prtel‘erri
3023 1156 3413 1225 quaerentibus,
3446 1168 3498 1212 et
3526 1174 3584 1213 se

2016 1244 2220 1313 alioqui
2269 1253 2589 1314 arroganter
2617 1254 2671 1300 et
2718 1247 3013 1303 insolenter
3051 1250 3405 1317 jactantihns.
3439 1250 3585 1318 Quo-

2017 1337 2165 1389 niam
2199 1352 2329 1406 ergo
2369 1336 2472 1390 hoc
2504 1338 2707 1393 sanctis
2746 1338 2997 1395 Patribus
3029 1343 3325 1397 multorum
3358 1347 3585 1400 scanda-

2020 1431 2195 1482 lorum
2247 1439 2299 1484 et
2337 1429 2790 1486 oil‘endiculorum
2844 1434 3063 1489 causam
3109 1435 3369 1504 praebere,
3425 1445 3484 1491 ιιι
3531 1447 3585 1491 et

2018 1520 2070 1575 iu
2112 1532 2360 1578 nostrum
2409 1541 2626 1597 quoque
2676 1542 2899 1598 corpus,
2944 1526 3011 1581 ad
3056 1528 3342 1599 imaginem
3382 1528 3475 1612 Dei
3509 1531 3588 1585 fa-

2017 1624 2184 1679 ctum,
2236 1621 2689 1675 contumeliosum
2748 1622 3097 1675 esse‘visum
3155 1632 3256 1685 est,
3308 1624 3585 1691 dixerunt,

2009 1710 2165 1781 quod
2197 1724 2322 1764 cum
2354 1728 2582 1781 magnus
2612 1716 2890 1783 apostolus
2923 1716 3124 1787 Paulus
3151 1732 3350 1787 corpus
3377 1722 3584 1775 Christi

1947 1786 1988 1840 Β
2018 1812 2071 1855 et
2106 1801 2198 1855 Dei
2232 1804 2547 1875 imaginem,
2586 1817 2640 1861 et
2672 1809 2864 1876 quavis
2900 1819 3149 1864 creatura
3183 1814 3584 1879 pretiosiorem,

2019 1892 2292 1949 hominem
2332 1906 2509 1961 vocet,
2554 1909 2613 1952 ut
2646 1900 2736 1969 qui
2773 1901 3080 1957 divinorum
3116 1918 3583 1964 sacramentorum

2017 1986 2431 2057 participatione
2483 1991 2677 2058 dignus
2714 1991 2996 2056 habeatur,
3040 2004 3095 2050 et
3126 2012 3190 2050 ex
3229 2012 3293 2051 eo
3322 2007 3375 2052 et
3403 2001 3584 2053 anima

2015 2084 2070 2131 et
2101 2092 2329 2148 corpore
2360 2082 2733 2138 sanctiﬁcetur
2754 2123 2769 2149 ,
2802 2100 2908 2140 non
2940 2086 3136 2144 debent
3169 2092 3284 2157 ulli,
3318 2093 3585 2149 inanima.

2020 2176 2103 2222 tas
2143 2178 2196 2224 et
2248 2172 2522 2241 subjectas
2575 2176 2811 2244 species,
2873 2194 2939 2232 ex
2990 2195 3123 2236 auro
3154 2191 3207 2238 et
3260 2186 3587 2254 quibusdam

2019 2259 2139 2314 aliis
2176 2262 2549 2320 materialibns
2598 2265 2793 2333 factas,
2825 2271 2873 2324 ei
2919 2273 3175 2341 praeferre
3208 2292 3222 2330 :
3257 2276 3337 2330 vel
3387 2279 3586 2349 alioqui

2017 2355 2053 2408 ii
2082 2356 2323 2424 quidem,
2351 2360 2441 2428 qui
2473 2368 2671 2430 praeter
2710 2362 2823 2418 haec
2854 2364 3085 2429 faciunt,
3121 2382 3497 2441 segregantur,
3529 2382 3587 2427 et

2016 2447 2053 2501 ii
2094 2449 2325 2514 scilicet,
2375 2453 2470 2522 qui
2525 2454 2796 2523 ejusmodi
2832 2460 3213 2515 materialibus
3244 2463 3310 2516 ad
3341 2468 3588 2533 corporis

2015 2538 2218 2596 Christi
2266 2546 2667 2615 susceptionem
2699 2558 2946 2614 utuntur,
2979 2562 3034 2607 et
3079 2555 3169 2622 qui
3203 2557 3283 2610 eis
3317 2555 3419 2610 hoc
3456 2574 3588 2629 pra:-

2018 2636 2170 2690 bcnt.
2226 2634 2304 2690 Ne
2351 2637 2570 2693 mireris
2611 2650 2812 2709 autem,
2864 2657 2963 2698 nec
3013 2659 3235 2699 causam
3287 2651 3585 2718 rogaveris,

2017 2736 2241 2798 prepter
2292 2746 2450 2798 quam
2489 2732 2553 2791 in
2573 2733 2894 2813 quihusdam
2941 2738 3190 2796 ecclesiis
3221 2742 3381 2798 datur
3433 2746 3586 2802 laicis

2018 2829 2270 2877 sanctum
2307 2822 2511 2915 Christi
2548 2841 2770 2897 corpus,
2800 2844 2899 2883 nec
2928 2830 3008 2885 eis
3041 2833 3093 2887 in
3127 2851 3289 2889 manu
3331 2840 3583 2907 traditur,

2018 2920 2076 2965 ut
2103 2913 2205 2967 hoc
2234 2913 2445 2970 canone
2473 2918 2826 2975 continetur:
2866 2931 3010 2977 recta
3038 2925 3182 2979 enim
3228 2928 3360 2985 ﬁdes
3409 2941 3461 2986 et
3490 2933 3585 2989 Dei

2016 3005 2200 3074 timor,
2261 3018 2315 3064 et
2366 3013 2432 3065 ab
2474 3015 2618 3066 omni
2665 3015 2978 3085 suspicione
3029 3018 3203 3074 aliena
3241 3023 3433 3092 pietas,
3482 3028 3589 3085 hoc

2017 3100 2259 3166 tradidit,
2306 3117 2413 3157 non
2461 3104 2722 3159 laicorum
2757 3107 3075 3177 indignitas.
3114 3113 3378 3171 Existimo
3402 3128 3583 3176 autem

344 3176 610 3243 λομένους
658 3154 947 3249 ἀξιώματα
986 3183 1077 3235 καὶ
1112 3186 1242 3255 γένη
1301 3176 1442 3238 κατά
1473 3187 1562 3240 τὸν
1602 3189 1701 3256 τῆς
1726 3154 1910 3256 ’ἁγίας

2247 3154 2259 3166 ,
2308 3154 2315 3155 ,
2757 3154 3075 3177 -.._.,,....-...
3114 3154 3378 3171 ..-ωηωυ
3402 3154 3583 3176 ...ηις-ι.

2019 3193 2123 3249 hoc
2150 3208 2360 3249 canone
2390 3212 2484 3251 eos
2513 3200 2757 3270 coargui,
2786 3203 2876 3271 qui
2904 3207 3257 3262 auctoritates
3285 3225 3378 3265 seu
3406 3213 3586 3283 digiti-

341 3269 710 3341 μεταλήψεως
739 3277 950 3344 καιρὸν,
978 3275 1274 3345 ζητοῦντας
1307 3281 1701 3349 προτιμᾶσθαι.
1780 3294 1785 3303 ’

416 3448 663 3501 ΖΩΝᾹΡ.
695 3450 848 3510 Τινὲς
889 3450 957 3502 δι’
979 3451 1265 3506 εὐλάϐειαν
1289 3455 1427 3525 τάχα
1474 3459 1566 3510 καὶ
1611 3461 1776 3533 τιμὴν
1804 3462 1912 3516 τῶν

340 3541 513 3594 θείων
549 3541 737 3611 δώρων
761 3543 941 3611 δοχεῖά
977 3562 1097 3598 τινα
1137 3547 1343 3617 χρύσεα
1397 3550 1427 3620 ἢ
1484 3550 1542 3616 ἐξ
1575 3552 1741 3625 ἄλλης
1781 3554 1912 3626 ὕλης

342 3635 457 3687 τῶν
491 3635 802 3702 πολυτίμων
847 3654 1149 3703 ποιουντες,
1199 3643 1256 3695 ὲν
1311 3643 1540 3709 ἐκείνοις
1588 3647 1828 3718 ἐδέχοντο
1853 3650 1913 3703 τὸ

340 3728 617 3794 ἄχραντον
658 3726 816 3796 σῶμα
851 3729 944 3780 τοῦ
979 3731 1207 3800 Κυρίου,
1239 3736 1330 3786 καὶ
1362 3736 1531 3799 οὔτως
1574 3740 1737 3793 αὐτοῦ
1785 3759 1943 3810 μετ-κ

342 3820 674 3883 ελὸιμὸανον.
711 3820 941 3891 ὀπερη
977 3824 1215 3886 σύνοδος,
1253 3824 1357 3877 κᾶν
1395 3826 1461 3879 δι’
1496 3828 1775 3882 εὐλάϐειαν
1802 3833 1913 3898 ἐγί-

342 3926 488 3973 νετο,
509 3911 609 3961 οῦκ
631 3908 867 3976 ἐδέξατο.
905 3913 1108 3974 Παντὸς
1135 3916 1242 3984 γὰρ
1270 3917 1530 3985 αίσθητοῦ
1583 3922 1910 3991 πράγματος

340 4002 678 4070 τιμιώτερον
725 4004 940 4070 ἡγεῖται
968 4005 1058 4056 τὸν
1092 4004 1399 4076 ἄνθρωπον,
1455 4010 1530 4073 ὡς
1563 4010 1699 4064 Θεοῦ
1740 4017 1908 4069 εἰκόνι

340 4090 732 4164 τετιμημένον,
766 4095 1036 4165 καὶσῶμα
1069 4094 1305 4165 Χριστοῦ
1332 4100 1620 4170 γενόμενον
1654 4105 1746 4157 καὶ
1783 4106 1909 4159 ναὸν

342 4185 482 4237 Θεοῦ
527 4188 664 4238 κατὰ
705 4187 793 4238 τὸν
820 4188 960 4240 θεῖον
991 4189 1288 4242 ἀπόστολον
1320 4192 1552 4247 Παῦλον.
1610 4196 1760 4250 Ἐπεὶ
1794 4194 1906 4266 οῦν,

342 4278 534 4345 φησὶν,
581 4278 906 4346 ὑπέρκειται
965 4280 1148 4350 πάσης
1199 4284 1430 4346 κτίσεως
1480 4286 1761 4358 αίσθητῆς,
1816 4291 1909 4343 καὶ

327 4370 541 4422 ισθίων
564 4373 657 4422 καὶ
685 4370 852 4421 πίνων
883 4372 1118 4440 Χριστὸν
1135 4372 1219 4425 διὰ
1251 4374 1347 4439 τῆς
1379 4380 1658 4441 κοινωνίας
1687 4382 1906 4448 ἁγιάζε-

2024 3294 2164 3342 tates
2241 3290 2566 3360 generisque
2637 3294 2977 3350 nobilitatem
3051 3299 3306 3371 allegant,
3380 3316 3586 3362 sanctze

2021 3382 2419 3435 communionis
2469 3391 2733 3454 tempore,
2768 3399 2821 3442 et
2858 3393 3097 3460 praeponi
3130 3407 3403 3463 quaerunt.

2091 3470 2343 3528 ZONAR.
2388 3473 2645 3547 Nonnulli
2678 3481 2944 3551 religione
2986 3484 3126 3540 forte
3154 3488 3390 3553 adducti,
3422 3500 3476 3547 et
3502 3508 3586 3549 sa-

2018 3580 2236 3620 crorum
2273 3568 2535 3623 donarunt
2587 3574 2954 3640 veneratione,
2984 3554 3307 3649 quibusdam
3342 3597 3583 3658 recepta-

2022 3658 2160 3713 Cnlis
2215 3675 2281 3713 ex
2315 3676 2450 3715 auro
2485 3663 2658 3719 aliave
2692 3667 2845 3721 multi
2888 3674 3050 3740 pretii
3096 3666 3319 3732 materia
3366 3695 3586 3753 compa-

2019 3754 2172 3813 ratis,
2204 3751 2609 3808 immaculatum
2644 3756 2851 3814 Domini
2881 3777 3081 3833 corpus
3103 3769 3379 3840 excipere,
3407 3751 3582 3845 eaque

2019 3841 2229 3894 ratione
2278 3846 2682 3901 communicare
2735 3852 2881 3905 soliti
2950 3864 3099 3910 sunt.
3155 3858 3309 3923 Quod
3361 3841 3581 3933 quidem

2019 3931 2144 3985 licet
2173 3947 2201 3985 a
2240 3935 2498 4005 religione
2530 3939 2857 4006 profectum,
2891 3952 3069 4000 tamen
3103 3953 3344 4024 synodus
3375 3931 3582 4024 improo

2015 4022 2185 4078 havit.
2226 4023 2321 4078 Rei
2372 4041 2606 4097 namque
2638 4033 2863 4088 cuilibet
2892 4037 3102 4101 seusili,
3141 4022 3378 4098 hominis
3407 4022 3583 4117 digni-

2017 4123 2203 4181 tatem,
2239 4116 2331 4185 qui
2369 4116 2649 4182 nimirum,
2682 4132 2735 4177 et
2762 4123 2942 4178 divina
2975 4127 3209 4199 imagine
3239 4116 3578 4204 nobilitatus,

2015 4214 2069 4259 et
2114 4221 2237 4259 cum
2291 4207 2506 4262 Christo
2537 4212 2701 4265 unius
2731 4218 2975 4283 corporis
3008 4234 3149 4275 nexu
3187 4226 3494 4295 copulatus,
3526 4245 3582 4288 et

2013 4297 2180 4351 divini
2223 4300 2454 4368 apostoli
2503 4300 2655 4357 Pauli
2701 4306 3013 4364 testimonio
3050 4316 3309 4384 templum
3347 4319 3439 4375 Dei
3470 4333 3579 4392 est,

2015 4390 2171 4459 longe
2202 4392 2504 4461 anteponit.
2538 4393 2806 4461 Quoniam
2843 4400 3008 4471 igitur
3043 4404 3089 4460 is
3122 4409 3209 4462 cui
3244 4426 3402 4469 sacra
3463 4390 3581 4489 my;

339 4479 437 4514 ται
466 4462 610 4533 ψυχῇ
645 4480 703 4514 τε
744 4464 840 4516 καὶ
875 4464 1095 4533 σώματι
1128 4467 1154 4516 ὁ
1194 4468 1301 4517 τῶν
1342 4470 1699 4539 ἀγιασμάτων
1730 4473 1908 4537 ἀξιού-

2015 4482 2180 4536 steria
2232 4485 2731 4554 communicantur,
2779 4504 3103 4560 quacunque
3152 4501 3335 4555 sensili
3381 4462 3578 4560 natura

346 4572 534 4625 μενος,
609 4559 661 4610 εί
714 4574 794 4622 τις
859 4562 916 4610 ὲν
962 4558 1139 4628 καιρῷ
1200 4560 1471 4626 συνάξεως
1524 4561 1769 4633 βούλεται
1814 4569 1905 4633 τοῦ

342 4649 623 4717 ἁχράντου
659 4649 910 4719 σώματος
950 4652 1297 4721 μεταλαϐεῖν,
1328 4658 1569 4725 προσίτω
1606 4660 1702 4721 τὰς
1728 4664 1912 4734 χεῖρας

342 4746 616 4807 ἐκτείνας,
657 4749 750 4800 καὶ
788 4747 1133 4815 σχηματίσας
1167 4749 1246 4810 είς
1283 4750 1455 4804 τύπον
1503 4757 1765 4827 σταυροῦ,
1811 4760 1909 4813 καὶ

340 4839 407 4892 ού
422 4859 491 4893 τω
519 4841 754 4910 δεχέσθω
785 4845 881 4910 τὴν
912 4842 1197 4895 κοινωνίαν
1223 4845 1321 4914 τῆς
1355 4846 1597 4918 χάριτος,
1630 4853 1696 4921 ἣν
1727 4855 1858 4926 ημῖν
1881 4855 1910 4907 ὁ

345 4932 553 5002 Κύριος
581 4934 661 4995 εἰς
699 4933 972 5003 ἁγιασμὸν
1010 4936 1328 5004 ἐχαρίσατο.
1383 4940 1567 5003 Οὐδεὶς
1612 4943 1719 5013 γὰρ
1758 4944 1907 5011 ἄξιος

340 5022 560 5095 ἀληθῶς
590 5029 704 5079 ἐστι
745 5028 845 5096 τῆς
893 5028 1057 5080 αὑτοῦ
1111 5030 1487 5099 μεταλῇψεως,
1530 5034 1664 5088 ἀλλὰ
1704 5040 1904 5103 πάντες

342 5120 532 5191 χάριτι
587 5120 755 5184 αὐτῆς
795 5120 1120 5190 ἀξιούμεθα,
1165 5122 1300 5174 καθὸ
1355 5125 1446 5175 καὶ
1509 5127 1691 5197 χάριτί
1740 5132 1906 5201 ἐσμεν

342 5215 686 5283 σεσωσμένοι
712 5213 852 5265 κατὰ
877 5213 969 5265 τὸν
996 5215 1168 5283 μέγαν
1201 5213 1424 5269 Παῦλον.
1450 5219 1586 5282 Τοὺς
1598 5222 1652 5273 δὲ
1680 5224 1904 5278 τοιαῦτα

338 5308 521 5377 ὃοχεία
562 5309 910 5375 κομίζοντας,
954 5310 1047 5359 καὶ
1087 5306 1155 5360 δι’
1186 5305 1363 5359 αὐτῶν
1414 5308 1664 5379 δέχεσθαι
1712 5314 1900 5381 βουλο-

2014 4579 2358 4647 praestantior
2404 4585 2508 4646 est,
2564 4596 2628 4634 ac
2677 4582 2803 4635 dum
2854 4582 3131 4643 Christum
3181 4596 3472 4653 manducat
3524 4611 3579 4655 et

2010 4671 2165 4737 bibit,
2219 4687 2282 4725 ea
2335 4672 2717 4729 communione
2774 4677 2961 4733 animo
3017 4685 3220 4751 pariter
3264 4695 3316 4741 et
3350 4705 3578 4759 corpore

2009 4773 2234 4820 sanctus
2266 4766 2512 4833 ellieitur,
2545 4768 2588 4822 si
2625 4770 2745 4837 quis
2778 4771 2983 4827 interea
3016 4775 3140 4830 dum
3173 4794 3326 4833 sacra
3356 4789 3581 4855 synaxis

2009 4846 2306 4926 peragitur,
2361 4857 2771 4914 immaculatum
2829 4877 3029 4933 corpus
3083 4846 3550 4939 suscipere-amet

2014 4950 2369 5019 exporrectis,
2421 4959 2582 5021 atque
2617 4954 2898 5037 iii/crucis
2946 4958 3166 5012 modum
3222 4965 3575 5022 conformatis

2014 5042 2262 5098 manibus
2284 5044 2564 5114 procedat,
2586 5060 2647 5099 ac
2674 5047 2745 5101 ita
2769 5048 2983 5105 demum
3014 5057 3197 5124 gratiae
3222 5061 3574 5115 communio-

2012 5151 2157 5199 nem,
2186 5150 2350 5206 quam
2418 5132 2679 5193 Dominus
2726 5140 2880 5197 nobis
2912 5143 2979 5197 ad
3009 5147 3249 5200 animum
3284 5153 3575 5207 sanctitate

2011 5229 2360 5282 imbuendum
2409 5228 2649 5294 donavit,
2699 5233 2948 5303 accipiat.
3002 5237 3072 5291 Ea
3120 5239 3384 5310 siquidem
3428 5258 3573 5298 com-

2013 5324 2285 5386 munione,
2316 5340 2475 5401 nemo
2505 5341 2688 5381 revera
2718 5327 2910 5398 dignus
2938 5338 3039 5397 est,
3066 5332 3159 5387 sed
3185 5348 3247 5388 ea
3278 5334 3451 5406 digni,
3476 5354 3575 5408 per

1572 5407 1765 5471 Guill.
1800 5414 2117 5495 Beveregii
2162 5425 2349 5479 notae.

415 5500 527 5573 (ιδ)
575 5506 682 5560 Καὶ
728 5508 836 5559 οὐκ
874 5507 1247 5576 ἐγχειρίζεται
1289 5508 1537 5574 τούτοις.
1586 5513 1766 5569 innuit
1815 5518 1901 5573 hic

341 5578 628 5631 lialsamou
668 5587 981 5647 prasente")
1020 5594 1281 5633 eanonem
1318 5583 1369 5631 in
1403 5584 1675 5636 nonnullis
1719 5583 1901 5641 Eccle-

340 5654 436 5702 sits
468 5648 588 5716 ejus
613 5648 806 5701 diebus
836 5660 942 5701 non
995 5650 1339 5725 observatum
1369 5664 1509 5725 esse.
1548 5651 1742 5721 UtpOte
1773 5658 1898 5725 qui-

342 5722 443 5773 bus
475 5726 878 5772 sacramentum
912 5734 1015 5778 non
1053 5719 1104 5773 in
1142 5734 1333 5773 manus
1366 5719 1894 5781 lidelium'tradit'um

339 5802 448 5852 est,
500 5791 591 5843 sed
642 5790 692 5841 iu
726 5790 1061 5857 receptaculo
1113 5792 1342 5860 quodatn
1386 5791 1450 5845 iis
1494 5791 1825 5861 impertitum
1880 5815 1893 5851 :

2006 5522 2144 5589 quod
2182 5520 2352 5575 Graeci
2382 5521 2568 5577 λαϐυίδα
2602 5536 2832 5592 vocant;

2007 5592 2201 5672 merito
2234 5592 2439 5672 audiat.
2469 5594 2638 5676 liujus
2677 5592 2930 5677 l'reque'ns
2962 5602 3013 5655 in
3050 5602 3379 5677 Euehologio
3419 5626 3570 5677 men-

2008 5663 2365 5749 tio'occurrit,
2395 5672 2453 5749 ιιι
2486 5666 2554 5749 in‘
2574 5663 3154 5749 pig‘san—chtiﬁcatorum
3176 5663 3413 5749 litur'gia,
3450 5663 3566 5734 εἶτα

2005 5729 2180 5818 λαϐὼν
2219 5731 2314 5803 τὴν
2343 5734 2503 5800 ἁγίαν
2537 5729 2727 5792 λαϐίδα
2749 5779 2764 5805 ,
2799 5738 2994 5807 βάπτει
3033 5745 3201 5817 αὐτὴν
3224 5729 3566 5821 ἐν.

2004 5817 2214 5869 αιματι.

2860 5527 3025 5609 μιιῃο
3052 5531 3304 5609 Coc/fletu
3332 5553 3439 5609 non
3470 5539 3572 5592 im-
