4092 6214
604 252 712 317 867
1845 243 2121 306 THEOD.
2179 245 2220 304 Β

2179 244 2578 305 BALSAMON
3158 336 3163 341 ι
3557 189 3565 209 ⁸
3712 256 3789 324 353

607 385 861 457 gratiam,
893 397 1084 438 omnes
1108 380 1393 443 eﬂicimur,
1421 377 1878 447 quemadmodum
1903 389 1953 437 et
1983 374 2181 447 gratia,
2212 414 2223 437 Α

2176 417 2181 436 ,
2212 385 2255 439 Α
2292 375 2485 445 μένους
2511 376 2609 443 τὴν
2631 376 2917 441 κοινωνίαν
2947 379 3021 441 ὼς
3055 375 3431 448 προτιμῶντας
3455 377 3549 445 τῆς
3577 377 3666 434 τοῦ
3682 382 3792 439 Θεοῦ

608 488 669 532 ιιι
723 478 783 535 ι).
836 477 1036 531 Paulus
1072 485 1325 538 testatur,
1385 473 1575 528 salvati
1627 487 1835 527 sumus.
1894 468 1997 533 Qui
2052 481 2176 521 vero

2285 468 2499 532 εἰκόνος
2538 469 2636 540 τὴν
2662 470 2868 541 ἄψυχον
2886 472 3054 547 Ιῦλην,
3090 474 3442 543 ἀφορίζεσθαι
3472 480 3499 531 ὁ
3525 479 3691 533 κανὼν
3724 481 3792 532 λέ-

605 574 876 641 ejusmodi
932 575 1275 643 receptacula
1325 586 1506 625 secum
1568 567 1824 628 alterunt,
1879 564 2057 632 iisque
2106 558 2176 614 ad

1926 578 2057 632 sque
2106 558 2176 614 ad
2289 562 2492 627 γεικαὶ
2530 563 2655 625 τοὺς
2684 562 2876 615 τούτου
2915 566 3295 633 μεταδιδόντας
3329 570 3542 648 αὐτοῖς..

606 668 1042 723 cmmnunionem
1104 665 1503 737 percipiendam
1562 664 1636 716 uti
1690 660 1902 721 volunt,
1963 656 2164 727 quippe
2204 654 2297 723 qtti
2329 664 2600 723 expertem
2632 657 2800 710 animi
2846 661 3125 714 materiam
3165 659 3255 715 Dei
3325 663 3541 733 imagini
3599 650 3797 737 antepo-

607 771 757 822 nant,
807 776 869 815 ac
913 777 1009 815 eos
1043 776 1263 829 quoque
1302 758 1392 824 qui
1439 755 1548 810 illis
1579 755 1657 809 sic
1686 749 2038 821 poscentibus
2079 744 2499 814 impertiverint,
2532 748 2907 817 segregatione
2932 765 3107 804 canon
3138 752 3315 820 puniri
3344 753 3517 822 jubet.

607 836 838 907 AltlST.
902 872 919 902 ι
957 851 1149 906 Manus
1196 852 1249 905 in
1283 849 1463 903 crucis
1494 846 1720 917 ﬁguram
1746 840 2051 910 componit,
2082 838 2175 905 qui

2280 838 2498 893 ΑΡΙΣΤ.
2548 856 2566 888 ι
2617 841 2727 903 Τὰς
2774 842 3030 911 παλάμας
3061 845 3141 907 εἰς
3178 848 3407 923 σταυρὸν
3435 853 3593 905 τυποῖ
3621 855 3803 923 ὁμετα-

682 967 698 997 ι
759 945 1145 1001 eucharistiam
1208 954 1522 1011 sumpturus
1571 950 1673 1001 est,
1719 952 1782 990 ac
1826 950 1921 989 ore
1977 931 2176 993 sumit;

2357 949 2375 982 ι
2431 931 2756 1002 ληψόμενος,
2806 936 2901 987 καὶ
2952 926 3243 1005 λαμϐάνων
3294 939 3372 1007 τῷ
3423 944 3672 1012 στόματι·
3711 951 3803 1003 ὸδὲ

685 1059 701 1089 ‹
746 1039 837 1105 qui
889 1052 1017 1091 vero
1052 1035 1454 1105 receptaculum
1490 1046 1738 1095 aureum,
1772 1028 1857 1081 vel
1891 1028 2029 1079 alius
2063 1027 2176 1076 nia-

2357 1040 2377 1075 ι
2422 1025 2626 1094 δοχεῖον
2661 1031 2898 1095 χρυσοῦν
2939 1028 2969 1099 ἢ
3020 1029 3079 1093 ἐξ
3126 1029 3291 1099 ἄλλης
3328 1031 3461 1102 ὕλης
3508 1035 3624 1089 ἀντὶ
3656 1043 3803 1110 χειρὸς

681 1151 698 1181 ι
744 1132 891 1186 teriae
918 1145 1110 1183 manus
1134 1130 1247 1182 vice
1285 1135 1572 1196 prmparat,
1601 1121 1968 1191 segregandus
1992 1128 2092 1171 est.
2128 1134 2147 1167 ι

1666 1121 1968 1191 gregandus
1992 1128 2092 1171 est.
2128 1134 2147 1167 ι
2357 1134 2376 1167 ι
2426 1117 2707 1182 σκευάξων
2735 1121 3082 1187 ἀφοριστέος.
3120 1139 3138 1170 ι
3272 1126 3276 1129 ‘

677 1224 872 1289 Homo,
906 1225 971 1277 ad
1022 1221 1113 1277 Dei
1150 1219 1558 1275 similitudinem
1606 1225 1840 1277 creatus,
1884 1221 1969 1265 est
2013 1219 2176 1277 supra
2796 1250 2797 1253 η

612 1336 827 1374 omnem
877 1328 1178 1371 creaturam
1231 1311 1564 1372 sensibilem,
1617 1317 1668 1361 et
1698 1303 1900 1360 Christi
1954 1315 2173 1369 corpus,

2355 1297 2543 1366 Πάσης
2607 1300 2707 1368 τῆς
2768 1301 3032 1369 αἰσθητῆς
3079 1304 3311 1367 κτίσεως
3364 1306 3804 1365 ἐπέκειναὸκατᾶ

611 1422 667 1466 et
698 1410 955 1479 templum
998 1418 1082 1461 est
1111 1406 1263 1475 juxta
1296 1403 1540 1456 divinum
1583 1398 1921 1468 Apostolum.
1962 1393 2020 1449 Si
2054 1393 2175 1462 quis

2281 1390 2467 1443 εἰκόνα
2497 1392 2633 1445 Θεοῦ
2656 1394 2898 1456 κτισθεὶς
2934 1395 3221 1465 ἄνθρωπος
3254 1399 3351 1451 καὶ
3413 1400 3566 1470 σῶμα
3599 1403 3803 1472 Χριστοῦ

620 1508 803 1574 itaque
858 1517 917 1556 se
974 1500 1172 1554 divinae
1227 1492 1627 1549 communionis
1684 1490 1997 1559 participem
2057 1500 2176 1541 esse

2240 1534 2249 1543 ,
2280 1487 2376 1537 καὶ
2414 1486 2537 1549 ναός
2568 1487 2686 1538 ἐστι
2717 1486 2857 1547 κατᾶ
2883 1488 2973 1539 τὸν
3011 1488 3352 1542 Ἀπόστολον.
3386 1492 3453 1543 Εῐ
3480 1510 3558 1555 τις
3593 1494 3708 1561 γοῦν
3727 1499 3806 1568 τῆς

611 1597 784 1665 cupit,
835 1608 1062 1661 eamque
1098 1606 1204 1644 non
1241 1604 1335 1642 ore
1383 1586 1599 1655 accipit,
1630 1593 1689 1637 ut
1736 1597 1930 1635 manus
1958 1595 2086 1635 suas
2122 1578 2174 1631 in

2281 1577 2431 1634 θείας
2472 1579 2758 1641 κοινωνίας
2790 1580 3081 1650 μετασχεῖν
3106 1579 3426 1654 βουληθείη,
3467 1588 3559 1637 καὶ
3604 1588 3657 1638 οὐ
3695 1588 3807 1660 λάϐῃ

613 1689 795 1743 crucis
844 1686 1072 1739 fortnam
1127 1682 1385 1751 ﬁgurans,
1420 1680 1513 1733 sed
1566 1676 1963 1745 receptaculum
1998 1672 2174 1741 quod:
2211 1697 2229 1751 ι

2211 1697 2250 1751 Β
2280 1668 2451 1738 αὐτὴν
2486 1669 2564 1738 τῷ
2603 1670 2857 1739 στόματι,
2893 1671 2968 1729 ὡς
2991 1673 3047 1724 ὲν
3081 1672 3236 1742 τύπῳ
3295 1677 3533 1744 σταυροῦ
3583 1681 3809 1749 σχηματί-

613 1786 735 1835 dam
787 1793 1009 1833 aureum
1064 1786 1156 1830 aut
1190 1790 1254 1829 ex
1309 1774 1413 1826 alia
1482 1770 1708 1824 materia
1767 1767 1924 1836 281
1984 1779 2176 1818 manus

2286 1776 2383 1820 σας
2423 1761 2524 1822 τὰς
2554 1764 2741 1831 χεῖρας
2784 1761 2970 1827 αὐτοῦ,
3013 1763 3148 1817 ἀλλὰ
3198 1766 3488 1835 δοχείὁνμτι
3522 1770 3806 1841 χρυσοῦν,ἢ

614 1876 732 1928 loco
777 1870 1015 1942 conﬁcit,
1075 1878 1133 1922 ut
1178 1882 1271 1937 per
1314 1866 1443 1918 lllud
1493 1864 1733 1917 divinum
1780 1862 1981 1913 donum
2034 1854 2178 1909 acci-

2281 1852 2340 1916 ὲξ
2379 1855 2543 1922 ἄλλης
2571 1853 2702 1921 ὕλης
2730 1856 3134 1910 κατασκευάσει
3176 1862 3301 1912 ἀντὶ
3348 1860 3547 1929 χειρὸς,
3588 1861 3713 1914 ὥστε
3752 1864 3805 1916 δι’

616 1976 786 2039 perct,
838 1964 1091 2031 illiusque
1144 1958 1562 2029 participatione
1617 1956 1905 2008 haberetur
1954 1950 2174 2019 dignus,

2283 1946 2445 1998 αὐτοῦ
2472 1946 2532 1998 τὸ
2561 1948 2702 2000 θεῖον
2728 1948 2986 2013 δέξασθαι
3019 1951 3213 2020 δῶρον,
3246 1953 3343 2004 καὶ
3369 1954 3466 2021 τῆς
3493 1955 3805 2024 μεταλήψεως

612 2065 666 2110 et
695 2037 840 2122 :ipse
872 2061 923 2107 et
954 2053 1047 2121 qui
1102 2050 1358 2120 mysteria
1408 2048 1456 2101 ei
1503 2046 1667 2100 tradit
1717 2040 2089 2111 segregabitur
2118 2047 2176 2091 ut

2280 2037 2487 2107 ταύτης
2537 2038 2839 2110 ἀξιωθῆναι
2870 2057 2885 2071 ⁶
2938 2043 3380 2114 ἀφορισθήσεται
3405 2047 3596 2109 καύτὸς
3672 2049 3750 2098 καὶ
3784 2050 3805 2099 ὀ

613 2147 705 2216 qui
751 2146 1103 2198 inanimatam
1139 2135 1547 2209 subjectamque
1614 2136 1894 2191 materiam
1922 2133 2018 2186 Dei
2044 2132 2178 2209 ima-

2287 2128 2624 2197 μεταδιδοὺς,
2660 2130 2732 2191 ὡς
2765 2133 3144 2202 προτιμῶντες
3180 2136 3279 2204 τῆς
3326 2135 3419 2189 τοῦ
3450 2136 3580 2191 Θεοῦ
3634 2139 3804 2201 εἰκόνος

612 2240 727 2311 gini
760 2237 1077 2310 praeferunt.

2280 2221 2379 2292 τὴν
2414 2220 2620 2292 ἄψυχον
2648 2223 2777 2295 ὓλην
2816 2228 2906 2278 καί
2937 2226 3269 2296 ὑποχείριον.

1196 2363 1425 2420 CANON
1467 2363 1576 2419 Cll.

2873 2357 3111 2409 ΚΛΝΩΝ
3165 2357 3280 2411 PB’.

620 2524 639 2559 ι
681 2507 905 2576 Oportet
944 2515 1123 2559 autem
1154 2518 1269 2567 cos,
1301 2502 1395 2572 qui
1425 2500 1669 2556 solvendi
1715 2509 1769 2555 et
1817 2499 2023 2571 ligandi
2080 2514 2179 2569 po-

2286 2512 2303 2542 ι
2352 2495 2439 2543 Δεῖ
2469 2491 2526 2543 δὲ
2560 2494 2684 2555 τοὺς
2715 2492 2963 2558 ἐξουσίαν
2995 2493 3143 2546 λύειν
3170 2497 3261 2549 καὶ
3294 2497 3515 2567 δεσμεῖν
3537 2506 3675 2570 παρὰ
3697 2500 3800 2554 Θεοῦ

648 2648 653 2654 .
696 2619 713 2651 ι
751 2607 1002 2654 testatetn
1062 2612 1089 2650 a
1123 2596 1232 2650 Deo
1264 2611 1545 2665 accepere,
1599 2595 1809 2665 peccati
1860 2594 2174 2663 qualitatem

2357 2603 2373 2633 ι
2404 2583 2679 2647 ’λαϐόντας
2721 2587 2942 2639 σκοπεῖν
2987 2585 3086 2657 τὴν
3115 2587 3213 2654 τῆς
3258 2589 3541 2658 ἁμαρτίας
3585 2594 3802 2661 ποιότητα

696 2713 713 2744 ‹
756 2691 1130 2756 considerare,
1182 2698 1234 2744 et
1265 2691 1382 2756 ejus
1418 2690 1509 2758 qui
1541 2680 1785 2757 peccavit
1832 2686 1899 2740 ad
1948 2701 2177 2740 conver-

2354 2695 2371 2727 ι
2419 2678 2513 2730 καὶ
2567 2678 2662 2747 τὴν
2712 2678 2806 2730 τοῦ
2868 2676 3252 2749 ἡμαρτηκότος
3319 2684 3455 2754 πρὸς
3513 2686 3800 2757 ἐπιστροφὴν

693 2804 709 2834 ι
752 2784 964 2838 sionem
1018 2789 1329 2851 promptum
1399 2777 1663 2840 studium,
1732 2783 1785 2829 et
1849 2776 1931 2829 sic
1984 2774 2177 2827 morbo

2354 2791 2372 2818 α
2417 2772 2775 2840 ἑτοιμότητα,
2831 2775 2926 2825 καὶ
2958 2773 3099 2826 οὕτω
3148 2776 3495 2847 κατάλληλον
3540 2783 3632 2851 τὴν
3674 2780 3798 2850 θερα-

694 2894 711 2926 ‹
748 2874 1158 2928 convenientem
1216 2870 1407 2924 afferre
1460 2868 1784 2924 medicinam
1838 2885 1852 2919 :
1895 2882 1961 2920 ne
2016 2865 2063 2919 si
2116 2865 2173 2918 in

2353 2884 2370 2915 ι
2419 2865 2578 2917 πείαν
2627 2865 2926 2934 προσάγειν
2957 2866 3035 2935 τῷ
3070 2867 3496 2939 άρῤωστήματι,
3530 2872 3611 2925 ἵνα
3642 2872 3706 2941 μὴ
3749 2873 3798 2940 τῇ

702 2987 717 3015 ι
760 2975 995 3033 utroque
1044 2963 1494 3017 immoderatione
1542 2970 1751 3022 utatur,
1809 2959 1876 3013 ab
1931 2960 2051 3027 ejus
2082 2959 2171 3027 qni

2351 2977 2369 3008 ι
2418 2957 2654 3027 ἀμετρίᾳ
2701 2958 2821 3010 καθ’
2853 2959 3113 3029 ἑκάτερον
3162 2960 3476 3031 χρώμενος,
3508 2965 3799 3034 ἀποσφαλείη

695 3080 712 3110 ι
757 3058 970 3111 laborat
1000 3046 1439 3111 salute‘excidat.
1473 3051 1589 3107 Non
1640 3054 1786 3106 enim
1824 3038 2055 3119 simplex
2088 3059 2173 3105 est
2200 3035 2242 3092 (ἶ

2200 3035 2242 3092 (ἶ
2352 3070 2369 3101 ι
2416 3051 2549 3120 πρὸς
2592 3053 2689 3118 τὴν
2742 3051 3017 3121 σωτηρίαν
3076 3052 3167 3106 τοῦ
3220 3056 3543 3124 κάμνοντος.
3594 3059 3660 3111 Οὐ
3716 3058 3799 3125 γὰρ

696 3170 713 3200 ι
754 3150 979 3203 morbus
1014 3149 1241 3217 peccati,
1276 3146 1368 3199 sed
1404 3141 1595 3199 varius”
1636 3153 1687 3197 et
1718 3140 2090 3205 multiformis,
2118 3150 2172 3225 et

2351 3164 2368 3195 ι
2416 3145 2558 3212 ἁπλῆ
2592 3143 2690 3211 τῆς
2722 3144 2997 3213 ἁμαρτίας
3028 3145 3061 3211 ἡ
3096 3146 3276 3211 νόσος,
3310 3149 3450 3225 and;
3482 3152 3681 3218 ποικίλη
3728 3152 3798 3202 καί

695 3262 719 3290 ‹
755 3242 951 3295 multas
979 3237 1306 3297 incommodi
1342 3236 1667 3306 prepagines
1711 3234 2025 3303 germinans
2058 3248 2073 3285 :
2107 3248 2171 3285 ex

2352 3256 2369 3287 ι
2416 3236 2733 3304 πολυειδὴς,
2769 3235 2863 3287 καὶ
2897 3235 3095 3299 πολλὰς
3128 3238 3224 3306 τῆς
3259 3239 3470 3310 βλάϐης
3517 3241 3608 3305 τάς
3652 3258 3797 3311 παρα·

693 3353 708 3380 ι
748 3333 949 3401 quibus
992 3331 1191 3382 ntalem
1224 3328 1456 3380 multum
1486 3325 1834 3387 diiTunditur,
1864 3331 1916 3378 et
1944 3324 2171 3378 ulterius

2350 3350 2368 3380 ι
2416 3329 2619 3397 φυάδας
2650 3328 3044 3397 βλαστάνουσα,
3073 3329 3129 3393 ἐξ
3160 3324 3233 3383 ὧν
3266 3332 3333 3382 τὸ
3375 3334 3540 3386 κακὸν
3586 3333 3665 3385 ἐπὶ
3691 3332 3797 3384 πολὺ

692 3443 705 3469 ι
748 3421 1111 3489 progreditur,
1144 3418 1319 3472 donec
1355 3417 1566 3471 viribus
1605 3417 1876 3473 medentis
1915 3418 2173 3486 reprima-

2352 3445 2367 3473 ι
2414 3423 2678 3491 διαχεῖται
2712 3420 2807 3473 καὶ
2839 3421 3028 3485 πρόσω
3090 3422 3287 3490 βαίνει,
3328 3426 3519 3495 μέχρις
3568 3427 3629 3479 ἂν
3670 3424 3796 3491 σταίη

691 3534 705 3561 ε
746 3520 851 3564 tur.
886 3508 1088 3573 Quare,
1124 3509 1218 3577 qui
1257 3506 1539 3577 medicinae
1575 3506 1859 3560 scientiam
1894 3509 1945 3561 in
1972 3509 2171 3576 spiritu

2352 3536 2369 3566 ι
2413 3519 2478 3586 τῇ
2513 3515 2740 3584 δυνάμει
2787 3514 2880 3567 τοῦ
2931 3515 3356 3591 θεραπεύοντος.
3394 3518 3554 3570 ’Ὥστε
3600 3517 3681 3570 τὸν
3722 3515 3797 3583 τὴν

694 3622 708 3651 ι
754 3600 1064 3670 proﬁtetur,
1096 3609 1307 3669 oportet
1337 3616 1460 3654 eum
1495 3600 1728 3669 primum
1756 3600 1873 3668 ejus
1907 3600 2000 3671 qui
2051 3617 2173 3669 pec-

2353 3628 2369 3659 ι
2420 3608 2668 3677 ἰατρικὴν
2700 3609 2757 3661 ὲν
2786 3607 3057 3675 πνεύματι
3092 3609 3412 3680 ἐπιστήμην
3466 3608 3800 3675 ἐπιδειχνύμε·

693 3716 709 3745 ι
753 3698 896 3755 cavit
928 3693 1270 3748 aﬂectionem
1301 3692 1675 3756 considerare,
1712 3702 1786 3757 et,
1839 3693 1954 3747 sive
1986 3708 2175 3763 vergat

2354 3720 2371 3752 ι
2418 3718 2505 3752 νον
2553 3700 2816 3768 πρότερον
2849 3700 2952 3769 χρὴ
2983 3700 3080 3769 τὴν
3113 3701 3202 3752 τοῦ
3246 3704 3628 3773 ἡμαρτηκότος
3651 3702 3797 3754 διάθε-

694 3808 710 3837 ε
756 3786 823 3839 ad
860 3788 1172 3850 sanitatem,
1232 3788 1346 3839 sive
1400 3794 1587 3839 contra
1642 3786 1879 3855 propriis
1928 3786 2173 3841 moribus

2352 3814 2368 3844 ι
2419 3810 2502 3846 σιν
2538 3790 2988 3856 ἐπισκέπτεσθαι,
3050 3794 3144 3844 καὶ
3177 3794 3292 3846 εἴτε
3330 3795 3465 3864 πρὸς
3495 3794 3589 3865 τὴν
3620 3794 3798 3861 ὑγίειαν

693 3902 708 3927 ι
753 3889 1008 3946 provocet
1036 3880 1087 3930 in
1122 3894 1179 3932 se
1213 3877 1486 3941 morbum,
1525 3880 1788 3947 aspicere,
1818 3887 1871 3934 et
1899 3882 2173 3949 quomodo

2351 3908 2368 3937 ι
2413 3887 2579 3950 νεύει,
2614 3886 2645 3955 ἢ
2686 3885 2994 3937 τούναντίον
3040 3885 3126 3937 διὰ
3184 3886 3295 3937 τῶν
3352 3888 3567 3939 οἰκείων
3616 3885 3798 3954 τρόπων

686 3992 703 4021 ι
740 3972 856 4039 ejus
888 3988 1002 4040 quae
1030 3970 1313 4025 intercedit
1342 3972 1464 4024 vitae
1493 3972 1832 4046 rationisque
1867 3988 2051 4026 curam
2081 3990 2173 4043 ge-

2349 4001 2365 4030 ι
2414 3975 2805 4046 προσκαλεῖται
2844 3960 2989 4041 Δκαθ’
3064 3974 3263 4026 ἑαυτοῦ
3347 3976 3409 4027 τὸ
3478 3974 3793 4046 ἀρρώστημα,

691 4079 709 4109 ‹
750 4070 873 4113 rat:
905 4069 958 4113 et
1012 4060 1059 4114 si
1111 4061 1306 4114 artilici
1370 4077 1475 4114 non
1530 4045 1852 4124 reluctatur,
1908 4072 1961 4116 et
2018 4066 2172 4119 ulcus

2351 4091 2368 4119 ι
2414 4068 2637 4138 ὲφορᾷν,
2665 4067 2811 4127 ὅπως
2844 4081 2901 4116 τε
2932 4064 3030 4133 τῆς
3061 4066 3117 4117 ὲν
3150 4065 3226 4133 τῷ
3260 4066 3466 4134 μεταξὺ
3526 4069 3792 4132 προνοεῖται

694 4170 713 4201 ι
746 4152 942 4206 anima:
996 4161 1156 4221 auget
1213 4168 1311 4221 per
1382 4152 1759 4222 impositorum
1814 4154 2174 4209 medicamen-

2351 4180 2367 4211 ι
2413 4156 2778 4226 ἀναστροφῆς,
2816 4156 2909 4208 καὶ
2940 4157 2988 4207 εί
3015 4156 3088 4225 μὴ
3113 4155 3188 4224 τῷ
3230 4159 3450 4230 τεχνίτῃ
3477 4156 3793 4215 ἀντιπαλαίει,

689 4259 709 4293 ι
749 4254 927 4300 torum
960 4244 1343 4311 adjectionem,
1367 4244 1447 4298 sic
1479 4244 1693 4313 quoque
1722 4246 2169 4313 misericordiam,

2350 4276 2366 4303 ι
2409 4251 2583 4305 καὶτὸ
2615 4249 2713 4318 τῆς
2741 4247 2915 4316 ψυχῆς
2945 4247 3098 4310 ἕλκος
3126 4248 3213 4301 διὰ
3264 4252 3362 4319 τῆς
3391 4251 3497 4302 τῶν
3530 4247 3797 4314 ἐπιτιθεμέ-

690 4354 708 4387 ι
749 4346 911 4407 prout
946 4338 1143 4406 dignus
1176 4346 1283 4401 est,
1316 4339 1605 4405 impertiri.
1637 4338 1863 4392 Omnem
1901 4340 2044 4393 enim
2072 4355 2165 4394 ra-
2197 4384 2243 4441 ι)

2197 4384 2243 4441 D
2357 4335 2372 4396 ἆ
2419 4362 2523 4396 νων
2548 4340 2852 4410 φαρμάκων
2875 4339 3093 4404 αὐξάνει
3151 4344 3535 4411 προσαγωγῆς,
3570 4339 3655 4392 καὶ
3679 4337 3795 4391 οὕτω

689 4446 706 4477 ι
751 4429 952 4481 tionem
989 4429 1088 4480 init
1130 4427 1289 4490 Deus,
1341 4428 1496 4494 isque
1544 4429 1628 4482 cui
1672 4430 1965 4499 pastoralis
2004 4417 2174 4485 tradi-5
2201 4417 2243 4441 υ

2201 4417 2243 4441 υ
2350 4456 2368 4499 ς
2415 4436 2505 4487 τὸν
2536 4431 2681 4484 ἔλεον
2707 4430 2824 4482 κατ’
2844 4429 2997 4493 ἀξίαν
3022 4434 3361 4500 ἐπιμετρείν.
3397 4434 3509 4494 Πᾶς
3542 4434 3641 4499 γὰρ
3670 4430 3796 4496 λόγος

694 4536 711 4567 ‹
754 4525 842 4571 tus
867 4528 949 4571 est
971 4520 1333 4586 principatus,
1358 4530 1415 4573 ut
1441 4529 1712 4572 errantem
1742 4535 1895 4575 ovem
1923 4523 2170 4590 reducat,

2347 4549 2364 4579 ι
2413 4526 2529 4595 Θεῷ
2588 4526 2681 4576 καὶ
2723 4523 2801 4591 τῷ
2860 4525 2958 4592 τὴν
3024 4525 3387 4594 ποιμαντικὴν
3444 4520 3793 4593 ἐγχειρισθέντι

693 4631 708 4658 ι
752 4611 905 4673 etei,
939 4626 1058 4679 quae
1092 4619 1176 4664 cst
1217 4627 1244 4663 a
1300 4621 1553 4680 serpente
1608 4614 1910 4680 vulnerata,
1960 4617 2172 4670 medea-

2346 4640 2364 4670 ι
2420 4617 2714 4687 ἠγεμονίαν
2741 4616 2800 4667 τὸ
2864 4608 3213 4685 πλανώμενον
3238 4618 3507 4684 πρόϐατον
3559 4616 3798 4678 ἐπανεγε-

695 4721 710 4750 ι
759 4709 869 4764 tur,
922 4712 976 4755 et
1031 4718 1205 4770 neque
1257 4718 1353 4771 per
1409 4704 1809 4772 desperationis
1873 4706 2169 4776 przec'tpitia

2349 4733 2366 4763 ι
2411 4714 2546 4779 γεῖν,
2590 4708 2684 4762 καὶ
2728 4705 2933 4778 τρωθὲν
2998 4707 3103 4759 ὑπὸ
3123 4706 3215 4759 τοῦ
3256 4707 3437 4775 ὄφεως
3493 4702 3792 4773 ἑξιάσασθαι,

698 4812 715 4843 ‹
759 4793 1021 4861 impellat,
1057 4808 1154 4846 nec
1205 4794 1270 4846 ad
1299 4794 1882 4861 \‘itm_tiissolutionetn
1934 4809 1991 4853 et
2038 4813 2171 4852 con-
2272 4863 2293 4875 ρ

2272 4863 2293 4875 κ
2348 4823 2364 4853 ι
2407 4805 2500 4856 καὶ
2557 4801 2694 4871 μήτε
2744 4798 2883 4851 κατά
2909 4800 3169 4869 κρημνῶν
3191 4799 3403 4869 ὠθῆσαι
3434 4800 3529 4868 τῆς
3576 4792 3795 4863 ἀπογνώ-

704 4907 721 4938 ‹
768 4895 1032 4957 templum
1087 4884 1255 4939 fraena
1314 4887 1569 4941 relaxet:
1634 4887 1728 4943 sed
1785 4890 1888 4943 alia
1952 4890 2169 4960 quidem

2351 4915 2366 4945 ι
2415 4910 2570 4955 σεως,
2603 4894 2737 4960 μήτε
2767 4891 2856 4942 τὸν
2883 4890 3097 4959 χαλινὸν
3129 4890 3410 4943 ἐπιδοῦναι
3450 4889 3577 4951 πρὸς
3596 4889 3683 4954 τὴν
3714 4880 3792 4935 τοῦ

695 5002 711 5031 ι
752 4980 977 5034 omnino
1011 4978 1241 5041 ratione,
1274 4977 1387 5030 sive
1443 4994 1539 5049 per
1592 4980 1802 5032 acriora
1861 4990 1915 5034 et
1968 4982 2171 5035 astrin-

2350 5000 2383 5035 ιτ
2415 4984 2528 5053 βίου
2586 4980 2800 5034 ἓκλυσίν
2842 4997 2899 5031 τε
2950 4968 3045 5034 καὶ
3103 4972 3543 5049 καταφρόνησινλ
3594 4974 3698 5029 ἀλλ’
3742 4975 3791 5023 ἐν

691 5097 707 5124 ‹
743 5072 947 5144 gentia,
978 5070 1095 5124 sive
1125 5085 1217 5138 per
1265 5069 1512 5122 molliora
1565 5080 1619 5123 et
1670 5070 1875 5124 leniora
1931 5054 2172 5128 medica-

2354 5094 2371 5126 ι
2418 5075 2588 5144 ἑτέρῳ
2634 5073 2816 5142 τρόπῳ
2866 5072 3101 5134 πάντως,
3132 5072 3239 5124 εἴτε
3259 5071 3348 5124 διὰ
3370 5072 3475 5123 τῶν
3498 5062 3790 5134 αὐστηροτέ-

694 5184 710 5215 ι
754 5172 955 5228 menta,
979 5161 1249 5216 aﬂ'ectioni
1280 5162 1516 5225 resistat,
1539 5171 1593 5216 et
1618 5162 1682 5216 ad
1728 5154 1922 5218 ulceris
1966 5165 2171 5220 obduc-

2170 5200 2171 5203 η
2351 5187 2367 5217 ι
2419 5183 2524 5232 ρων
2547 5182 2602 5216 τε
2630 5164 2721 5215 καὶ
2746 5164 3069 5232 στυφόντων,
3092 5162 3200 5215 εἴτε
3231 5161 3322 5214 διὰ
3346 5160 3454 5213 τῶν
3480 5155 3786 5221 ἁπαλοτέρων

693 5278 710 5309 ι
749 5260 950 5313 tionem
993 5256 1295 5331 adnitatur,
1346 5256 1557 5311 fructus
1612 5258 1943 5327 paenitentiae
1972 5260 2169 5313 exami-

2167 5290 2169 5295 ι
2348 5279 2366 5309 ι
2412 5277 2469 5312 τε
2501 5259 2593 5311 καὶ
2629 5255 2946 5325 πραοτέρων
2966 5255 3291 5325 φαρμάκων,
3331 5248 3471 5306 κατά
3497 5249 3583 5304 τοῦ
3614 5247 3783 5301 πάθους

693 5370 709 5398 ι
755 5366 926 5414 nans,
973 5357 1026 5404 et
1065 5349 1338 5418 sapienter
1388 5348 1713 5417 dispensans
1773 5359 1823 5403 et
1863 5351 2169 5420 gubernans

2164 5371 2169 5403 ;
2354 5370 2371 5403 ι
2414 5352 2623 5420 στῆναι,
2654 5351 2746 5401 καὶ
2785 5348 2920 5419 πρὸς
2964 5347 3287 5401 συνούλωσιν
3321 5345 3417 5407 τοῦ
3449 5345 3622 5402 ’ἐλκους
3670 5336 3780 5387 άντ-

694 5461 711 5490 ‹
751 5441 1046 5506 hominem,
1087 5442 1178 5510 qui
1216 5440 1280 5493 ad
1314 5442 1657 5510 superiorem
1710 5442 2165 5498 illuminationem

2163 5468 2165 5496 |
2347 5466 2365 5493 ‹
2410 5442 2795 5510 αγωνίσασθαι,
2834 5440 2955 5501 τοὺς
2980 5440 3077 5509 τῆς
3109 5440 3399 5509 μετανοίας
3431 5433 3643 5506 καρποὺς
3658 5428 3779 5478 δοκι-

698 5552 714 5581 ι
750 5543 999 5588 vocatur.
1034 5532 1144 5587 Nos
1190 5536 1343 5587 enim‘
1375 5544 1606 5604 utraque
1644 5536 1788 5590 scire
1837 5548 2065 5605 oportet,
2117 5548 2170 5593 et

2161 5548 2170 5593 ι
2351 5557 2367 5587 ι
2414 5536 2633 5605 μάζοντι
2690 5535 2783 5587 καὶ
2818 5533 3187 5603 οἰκονομοῦντι
3224 5533 3407 5600 σοφῶς
3437 5531 3519 5583 τὸν
3556 5521 3668 5593 πρὸς
3690 5515 3777 5583 τὴν

696 5642 711 5671 ι
753 5641 871 5691 quae
906 5632 1033 5681 sunt
1066 5626 1262 5678 snnnni
1286 5627 1451 5694 juris,
1483 5638 1536 5681 et
1568 5645 1687 5697 quae
1719 5638 1848 5683 sunt
1875 5638 2168 5684 consuetu-

2164 5659 2168 5669 ι
2351 5650 2366 5678 ι
2412 5630 2523 5682 ἄνω
2551 5626 2965 5695 λαμπροφορίαν
2996 5625 3338 5694 καλούμενον
3367 5623 3638 5691 ἄνθρωπον.
3666 5610 3780 5674 Ἀἰ-ι’

696 5735 711 5764 ι
755 5716 919 5783 diuis,
950 5716 1007 5771 in
1036 5717 1103 5773 iis
1154 5728 1355 5821 aute'm,
1388 5722 1479 5788 qui
1510 5731 1753 5776 extrema
1800 5738 1909 5778 non
1966 5724 2159 5778 admit-

2348 5742 2365 5774 ι
2412 5721 2612 5793 φότερα
2667 5720 2843 5775 τοίνυν
2902 5718 3097 5775 εἰδέναι
3132 5720 3284 5790 ἡμᾶς
3335 5714 3455 5787 χρὴ,
3485 5705 3639 5766 καὶτὰ
3694 5697 3785 5767 τῆἶ
