4092 6214
496 190 601 242 διι

1738 175 1992 236 "mmo
2054 177 2447 237 BALSAMON

3631 176 3729 239 872

498 310 626 348 vero
654 309 751 356 per
781 304 1076 351 consuetas
1113 305 1170 350 et
1200 294 1445 349 mitiores
1474 292 1794 355 medicinas,
1841 294 2056 363 quando

2171 294 2256 364 τὴν
2309 297 2579 367 ὕποῖοχὴν
2636 297 2745 350 τῶν
2823 296 3118 365 ἐπιτιμίων
3180 295 3582 365 ἰατρευόμενοι.
3642 296 3732 359 Εἰς

498 391 559 449 ii,
606 386 809 455 quibus
850 386 1117 439 medicina
1166 385 1475 450 adbibetur,
1525 384 1592 438 ad
1638 399 1830 454 paruas
1881 387 2054 439 susci-

498 480 725 549 piendas
760 478 918 546 paulo
953 477 1204 532 duriores
1256 476 1479 531 fuerint.
1524 476 1605 531 Ad
1642 477 1755 530 haec
1797 484 2056 529 consueta

500 574 643 626 enim
673 585 832 623 nemo
880 568 1164 623 restiterit.
1219 568 1311 623 llis
1349 568 1706 623 consimiliter
1739 569 1895 637 jubet
1945 582 2058 621 ma-

498 678 637 734 gnus
668 675 886 730 quoque
914 661 1147 717 Basilius
1181 663 1235 716 in
1265 662 1427 717 tertio
1454 676 1555 716 suo
1584 676 1817 716 canone.

572 752 824 807 ZONAR.
855 752 989 809 Cum
1024 754 1092 807 de
1119 754 1305 810 multis
1336 769 1399 808 ac
1430 753 1599 808 variis
1637 754 1930 806 multarum
1966 766 2057 821 εει

503 846 731 901 neribus
764 848 1009 917 synodus
1031 846 1374 911 disseruerit,
1423 862 1663 915 suasque
1692 846 1923 915 singulis
1945 846 2061 899 cri-

514 940 744 993 ninibus
777 953 968 1007 pennas
1004 940 1243 993 vicissim
1294 939 1506 992 debitas
1555 936 1919 1000 constituerit,
1959 936 2061 989 hoc

499 1032 716 1083 demum
749 1044 958 1084 canone
983 1031 1364 1100 episcoporum
1393 1030 1601 1098 judicio
1643 1029 1898 1083 universa
1938 1042 2061 1097 per-

504 1124 671 1176 misit.
706 1121 815 1176 Ncc
874 1138 1004 1176 vero
1063 1124 1238 1177 solum
1288 1124 1354 1176 de
1406 1134 1743 1190 peccatorum
1800 1119 2061 1189 qualitate

498 1216 823 1285 graviorane
853 1229 920 1266 an
964 1216 1165 1268 leviora
1215 1215 1341 1278 sint,
1386 1212 1762 1282 cogitandum,
1812 1211 1906 1265 sed
1941 1210 2061 1280 ejus

502 1322 721 1376 quoque
755 1309 846 1376 qui
879 1306 1145 1376 peccavit,
1181 1306 1540 1367 affectionem,
1584 1312 1639 1358 et
1680 1302 1952 1373 quomodo
1985 1302 2054 1355 ad

506 1402 885 1469 pmnitentiant
918 1400 1250 1468 disponitur,
1295 1414 1361 1450 an
1395 1398 1605 1451 scilicet
1634 1398 1698 1449 ad
1735 1410 1797 1450 ea
1828 1394 2062 1449 remedia

502 1506 623 1560 qnte
668 1493 1017 1544 acrimoniam
1075 1492 1537 1559 acerbitatemque
1603 1490 1858 1552 habeant,
1914 1487 2064 1542 eXri-

507 1584 707 1653 picnda
740 1584 813 1637 sit
847 1591 1090 1652 paratus,
1122 1597 1189 1635 an
1225 1595 1352 1635 vero
1385 1581 1722 1634 curationem
1777 1579 1956 1633 mollis
1999 1593 2063 1631 ac

508 1678 694 1746 segnis
728 1678 946 1730 animus
997 1675 1335 1738 reformidet,
1376 1672 1804 1744 inspiciendum.
1855 1686 2062 1740 proque

508 1768 855 1822 aﬂ'ectionnm
888 1756 1174 1827 varietate.
1220 1767 1490 1821 diversam
1541 1764 1797 1819 curanda:
1842 1765 2065 1834 tegritu-

507 1862 652 1916 dinis
717 1859 978 1913 rationem
1030 1858 1318 1912 iucundam
1366 1855 1499 1917 esse
1569 1856 1925 1923 demonstrat,
1998 1869 2065 1908 ne

507 1951 725 2004 duobus
787 1947 927 2001 forte
974 1947 1163 2001 eodem
1216 1946 1444 2000 crimine
1491 1945 1794 2009 obstrictis,
1834 1959 2063 2013 quorum

508 2046 645 2098 alter
682 2044 749 2096 ad
784 2039 1012 2096 luendas
1051 2039 1221 2093 errati
1259 2054 1449 2108 pmnas
1478 2047 1698 2108 paratus
1730 2039 1823 2102 sit,
1860 2039 2067 2107 segnio-

509 2152 624 2192 rem
664 2151 721 2189 se
761 2134 897 2187 alter
928 2147 991 2186 ac
1024 2131 1315 2185 tardiorem
1347 2132 1602 2199 praebeat,
1636 2131 1728 2199 qui
1772 2138 2066 2199 utrumque

508 2224 807 2281 curandum
836 2224 1101 2292 suscepit,
1135 2222 1181 2276 si
1218 2221 1390 2275 solius
1423 2219 1632 2289 peccati
1682 2227 1925 2289 spectata
1984 2232 2069 2271 ra-

508 2320 654 2373 tione
711 2316 900 2371 eadem
934 2314 1151 2383 utrique
1176 2312 1417 2367 remedia
1453 2312 1757 2366 curationis
1785 2311 2067 2377 adhibeat,

514 2412 731 2465 aberret
757 2407 995 2477 longius,
1032 2421 1095 2460 ac
1123 2405 1411 2474 aegrotanti
1446 2405 1674 2459 salutem
1730 2390 1924 2459 aliene
1959 2420 2065 2458 non

515 2505 588 2557 ita
644 2500 803 2555 facile
837 2500 1031 2569 possit.
1084 2498 1219 2552 Nam
1256 2499 1345 2552 ille
1398 2498 1614 2568 quidem
1663 2499 1823 2564 alter,
1879 2498 1941 2551 ad
1969 2514 2067 2550 ex-

516 2593 714 2663 pianda
758 2593 990 2647 crimina
1023 2603 1245 2645 strenue
1273 2601 1518 2661 paratus,
1545 2591 1708 2645 etiam
1738 2591 1781 2644 si
1822 2593 2069 2645 acerbior

514 2688 721 2740 homini
785 2699 942 2754 paena
981 2684 1179 2739 luenda
1239 2685 1330 2744 sit.
1389 2698 1495 2736 non
1553 2683 1848 2745 recusabit,
1903 2699 2069 2753 seque

513 2759 707 2833 totutn’
736 2778 885 2833 illius
919 2793 948 2833 a
990 2793 1099 2848 quo
1150 2777 1353 2847 regitur
1394 2776 1682 2838 voluntati,
1733 2776 2068 2847 arbitrioque

514 2870 827 2941 permittet;
882 2870 1021 2925 alter
1078 2884 1212 2925 vero
1258 2868 1350 2939 qui
1408 2867 1555 2921 nullo
1614 2883 1673 2923 se
1730 2869 2067 2939 paenitentia:

514 2978 701 3019 amore
739 2964 1023 3018 incensum
1051 2964 1328 3026 ostendat,
1362 2961 1631 3015 acriorem
1684 2976 2065 3035 quamcunque

2156 388 2330 441 ταῦτα
2350 389 2457 456 γὰρ
2486 389 2554 441 τά
2586 387 2794 458 συνήθη
2824 388 2925 440 ούκ
2972 388 3040 440 ἄν
3090 405 3173 451 τις
3215 387 3532 455 ἀντισταίη.
3586 387 3736 455 Παρ-

2158 480 2359 549 ομοίως
2385 479 2441 531 δὲ
2471 479 2680 542 τούτοις
2696 480 3136 548 παρακελεύεται
3179 480 3271 534 καὶ
3293 482 3323 535 ό
3362 480 3539 551 μέγας
3578 479 3742 532 Βασί-

2159 573 2299 635 λειος
2355 573 2416 626 ὲν
2440 573 2519 641 τῷ
2546 578 2593 639 γ’
2617 572 2806 625 κανόνι
2838 571 3027 627 αὐτοῦ.

2232 751 2473 804 ΖΩΝᾹΡ.
2526 751 2658 818 Περὶ
2709 749 2921 802 πολλῶν
2984 750 3274 819 ἐπιτιμίων
3330 751 3425 802 καὶ
3462 750 3743 824 διαφόρων

2160 844 2504 910 διαλεχθεῖσα
2567 844 2599 908 ή
2646 842 2885 906 σύνοδος,
2935 842 3029 894 καὶ
3072 843 3182 894 τῶν
3234 843 3742 913 ἀπαριθμηοέντων

2159 936 2514 1005 πταισμάτων
2584 935 2799 1004 ἑκάστῳ
2862 934 2924 986 τὸ
3004 934 3342 1004 κατάλληλον
3415 938 3743 1002 ἀποτάξασα

2159 1029 2467 1080 τελευταῖον
2519 1027 2605 1079 διά
2657 1028 2750 1079 τοῦ
2814 1028 3084 1096 παρόντος
3144 1027 3369 1090 κανόνος
3417 1028 3481 1080 τὸ
3515 1032 3626 1082 πᾶν
3670 1034 3739 1099 τῇ

2160 1120 2340 1190 κρίσει
2386 1119 2494 1170 τῶν
2519 1119 2833 1171 ἐπισκόπων
2860 1118 3098 1172 ἀνέθετο.
3134 1120 3243 1172 Καὶ
3266 1120 3465 1189 χρῆναί
3496 1139 3635 1190 φησι
3664 1124 3742 1193 μὴ

2165 1212 2325 1280 μόνον
2347 1210 2441 1279 τὴν
2464 1210 2724 1279 ποιότητα
2752 1213 2853 1279 τῆς
2884 1210 3161 1281 ἁμαρτίας
3181 1216 3425 1275 σκοπεῖν,
3456 1214 3505 1264 εί
3526 1214 3743 1283 μεγάλη

2160 1305 2320 1372 τυχὸν
2356 1305 2438 1374 εἴη
2477 1305 2509 1375 ῆ
2548 1305 2765 1373 μετρία,
2802 1304 2937 1357 ἀλλά
2967 1306 3062 1357 καὶ
3091 1306 3188 1374 τὴν
3222 1305 3317 1359 τοῦ
3351 1308 3745 1378 ἡμαρτηκότος

2161 1396 2423 1459 διάθεσιν,
2457 1399 2551 1449 καὶ
2580 1397 2728 1459 ὅπως
2764 1397 2900 1465 πρὸς
2938 1397 3039 1468 τὴν
3073 1398 3367 1465 μετάνοιαν
3410 1399 3744 1454 διατίθεταυ

2165 1492 2212 1541 εἰ
2244 1490 2478 1556 ἑτοίμως
2504 1490 2615 1558 ἔχει
2643 1490 2843 1560 δηλαδὴ
2871 1490 3126 1554 δέξασθαι
3148 1492 3421 1561 φάρμακα
3464 1492 3747 1561 στύςοντα

2165 1584 2260 1635 καί⁵
2308 1581 2685 1649 πικραίνοντα,
2742 1582 2775 1651 ἢ
2845 1581 3231 1652 μαλακώτερον
3273 1584 3587 1649 διάκειται,
3650 1586 3751 1638 καὶ

2169 1674 2507 1743 νωθρότερον
2530 1674 2666 1743 πρὸς
2686 1673 2784 1744 τὴν
2809 1674 3128 1745 θεραπείαν,
3164 1677 3259 1728 καὶ
3286 1676 3430 1729 οὕτω
3463 1677 3751 1747 κατάλλη-

2166 1765 2259 1818 λον
2280 1768 2586 1837 προσάγειν
2618 1768 2678 1819 τὸ
2716 1769 2854 1835 ίαμα
2877 1783 2890 1796 ·
2932 1768 3021 1820 ἵνα
3072 1768 3170 1838 μὴ,
3224 1768 3316 1822 δύο
3358 1770 3520 1839 τυχδν
3544 1769 3659 1822 τῶν
3690 1772 3751 1823 τὸ

2168 1860 2295 1913 αὐτὸ
2325 1859 2764 1929 ἁμαρτησάντων
2819 1860 3026 1924 ὄντων,
3082 1862 3177 1913 καὶ
3205 1862 3300 1914 τοῦ
3362 1862 3461 1927 μὲν
3510 1862 3748 1932 ἑτοίμου

2165 1953 2526 2020 τυγχάνοντος
2591 1953 2725 2021 πρὸς
2780 1951 3097 2018 μετάνοιαν,
3147 1951 3243 2005 τοῦ
3297 1953 3354 2005 δὲ
3398 1953 3749 2024 νωθρότερον

2166 2044 2531 2113 διακειμένου,
2560 2045 2588 2095 ό
2609 2042 2927 2113 θεραπεύων
2957 2040 3158 2108 αὐτοὺς
3194 2044 3330 2115 πρὸς
3356 2046 3416 2097 τὸ
3432 2046 3749 2116 ἁμάρτημα

2169 2137 2328 2207 μόνον
2364 2135 2707 2199 ἀποϐλέπων,
2733 2138 2829 2188 καὶ
2858 2136 3108 2206 ἑκατέρῳ
3134 2136 3315 2188 αὐτῶν
3349 2138 3553 2205 ὁμοίως
3591 2137 3745 2207 χρώ-

2170 2246 2350 2300 μενος,
2384 2227 2722 2298 ἀποσφαλείη
2757 2229 2890 2298 πρὸς
2932 2227 3029 2299 τὴν
3057 2228 3337 2298 σωτηρίαν
3372 2228 3466 2281 τοῦ
3492 2232 3746 2298 κάμνονο

2166 2339 2277 2386 τος,
2325 2322 2383 2373 'U
2413 2321 2511 2388 μὲν
2549 2321 2657 2390 γὰρ
2695 2321 2927 2388 ἑτοίμως
2962 2320 3100 2389 έχων
3132 2322 3268 2391 πρὸς
3292 2320 3391 2392 τὴν
3426 2321 3751 2389 μετάνοιαν,

2168 2418 2269 2471 κᾶν
2296 2416 2700 2485 αὐστηρότερον
2733 2415 2818 2486 εἴη
2854 2414 2914 2467 τὸ
2964 2415 3259 2485 ἐπιτίμιον,
3314 2416 3528 2481 δέξεται
3554 2418 3746 2482 τοῦτο,

2167 2507 2260 2561 καὶ¹
2320 2506 2511 2559 ἑαυτὸν
2553 2505 2823 2577 ὑποθήσει
2850 2505 2930 2577 τῷ
2992 2506 3088 2559 τοῦ
3124 2507 3290 2561 αὑτὸν
3326 2509 3749 2579 οίκονομοῦντος

2166 2597 2431 2666 θελήματι
2484 2613 2499 2628 σ
2552 2598 2580 2649 ὁ
2652 2596 2709 2650 δὲ
2792 2598 2867 2667 μὴ
2937 2596 3251 2668 θερμότητα
3306 2599 3520 2662 δεικνὺς
3605 2603 3750 2671 πρὸς

2169 2687 2458 2757 μετάνοιαν
2496 2686 2937 2757 ἀποδυσπετήσει
2988 2686 3125 2753 πρὸς
3177 2686 3244 2741 τά
3280 2688 3422 2742 πάνυ
3471 2689 3749 2759 στύφοντα

2166 2778 2455 2847 φάρμακα,
2490 2778 2588 2831 καὶ
2611 2776 2673 2830 οὐ
2704 2777 2863 2847 μόνον
2898 2777 2997 2829 οὐκ
3033 2778 3335 2848 ἰαθήσεται,
3362 2780 3495 2832 ἀλλά
3519 2783 3621 2833 καὶ
3666 2783 3749 2844 είς
3798 2772 3801 2777 ’

2168 2870 2490 2938 ἀπόγνωσιν
2564 2871 2693 2934 ἴσως
2775 2868 3035 2939 ἐμπεσὼν
3093 2872 3332 2940 χείροσιν
3387 2872 3750 2927 ὑποπεσεῖται

2166 2962 2568 3033 πλημμελείαις

513 3058 836 3114 medicinam
868 3058 1156 3115 tastidiose
1188 3065 1425 3127 respuet,
1459 3071 1637 3124 neque
1663 3057 1826 3110 modo
1852 3057 2076 3112 morbos
2116 3072 2223 3112 non
2256 3058 2511 3127 depcllet,
2567 3059 2663 3114 sed
2701 3056 3080 3129 desperatione
3131 3056 3367 3114 fortasse
3441 3058 3618 3113 victus
3687 3059 3747 3113 in

511 3154 757 3208 facinora
783 3155 949 3209 etiam
982 3153 1232 3224 graviora
1266 3152 1648 3221 przccipitabit.

586 3246 868 3318 Multiplex
905 3246 1048 3300 enim
1086 3254 1196 3309 est,
1224 3243 1480 3314 inquiunt
1512 3242 1724 3305 Patres.
1779 3258 1843 3297 ac
1884 3245 2069 3300 varius

510 3340 721 3409 peccati
780 3336 1039 3401 morbus,
1099 3335 1407 3404 multasque
1474 3335 1799 3404 propagines
1868 3336 2071 3391 erroris

512 3429 739 3493 emittit,
772 3429 1063 3498 exquibus
1096 3427 1294 3480 malum
1340 3426 1497 3495 longe
1547 3426 1763 3495 lateque
1811 3425 2072 3480 dilluutti-

506 3534 625 3585 .tur,
684 3522 789 3577 hoc
839 3530 962 3587 est,
1019 3521 1182 3576 latius
1228 3529 1486 3590 evagatur
1526 3533 1590 3574 ac
1646 3517 1839 3589 serpit,
1901 3518 2073 3574 donec

526 3628 769 3683 eousque
799 3613 1144 3685 processerit,
1179 3621 1238 3665 ut
1278 3612 1439 3666 etiam
1466 3612 1788 3665 medicinam
1814 3610 2073 3668 adhibere

515 3705 787 3774 cupientis
810 3706 967 3776 longe
994 3711 1211 3775 superet
1239 3701 1571 3756 facultatem.
1590 3701 1847 3766 Proin-le,
1881 3704 1951 3757 sit
1980 3703 2071 3756 illa

515 3800 716 3871 prima,
756 3800 954 3869 inquit,
996 3796 1296 3867 spiritualis
1325 3796 1520 3849 medici
1550 3811 1704 3858 cura,
1736 3806 1796 3849 ut
1817 3811 1941 3851 cum
1975 3797 2070 3865 qui

459 3954 465 3967 ἢ
513 3891 783 3960 peccavit,
817 3887 1271 3960 quemadmodum
1320 3887 1501 3941 animo
1549 3885 1775 3942 allectus
1820 3887 1912 3951 sit,
1952 3888 2075 3942 dili—

516 3990 707 4052 genter
730 3981 1001 4051 inspiciat,
1032 3994 1101 4033 an
1136 3978 1499 4033 ardentiorem
1528 3987 1651 4049 agat
1680 3979 2072 4050 paenitentiam,

515 4083 569 4127 et
601 4075 886 4129 sanitatem
924 4083 1159 4143 appetat,
1194 4087 1260 4126 an
1293 4079 1504 4137 contra,
1553 4088 1767 4126 morum
1812 4073 2074 4142 improbi-

518 4173 626 4219 tate
650 4166 898 4218 morbum
938 4180 1096 4219 snum
1134 4165 1363 4233 ipsemet
1404 4172 1635 4234 augeat;
1683 4174 1793 4219 tum
1822 4180 2069 4234 quaenam

520 4256 756 4311 hominis
786 4266 909 4327 post
936 4256 1233 4310 admissum
1278 4253 1489 4310 facinus
1521 4257 1645 4310 vita:
1675 4258 1811 4311 ratio
1862 4248 1927 4310 ac
1966 4271 2078 4309 mo-

2252 3241 2543 3311 Πολυειδὴς
2590 3241 2721 3313 γάρ,
2778 3242 2947 3310 φασὶν
2975 3243 3023 3295 οί
3052 3242 3314 3311 Πατέρες,
3375 3240 3469 3294 καὶ
3522 3242 3749 3314 ποικίλη

2174 3335 2273 3405 τῆς
2296 3334 2573 3404 ἁμαρτίας
2605 3335 2632 3404 ἢ
2660 3334 2835 3400 νόσος,
2860 3336 2955 3387 καὶ
3013 3334 3211 3398 πολλὰς
3260 3333 3624 3405 παραφυάδας
3645 3335 3750 3404 τῆς

2177 3426 2379 3497 βλάϐης
2408 3425 2805 3495 βλαστάνουσα,
2874 3426 2932 3492 ἐξ
2965 3419 3040 3479 ὧν
3082 3426 3462 3495 παραφυάδων
3487 3428 3551 3479 τὸ
3575 3427 3753 3480 κακὸν

2174 3518 2460 3587 διαχεῖται,
2499 3518 2828 3571 πλατύνεται
2899 3518 3097 3588 δηλαδὴ
3140 3520 3234 3571 καὶ
3265 3520 3531 3588 πρόεισιν,
3552 3520 3660 3582 ἕως
3684 3521 3755 3573 ἀν

2177 3611 2417 3666 τοιοῦτον
2440 3614 2688 3681 γένηται,
2746 3611 2887 3664 ὥστε
2936 3612 3239 3682 ὑπερνικᾷν
3274 3617 3363 3665 καί
3402 3614 3502 3680 τὴν
3531 3612 3626 3666 τοῦ
3664 3613 3753 3665 θε-

2179 3701 2507 3774 ραπεύοντος
2530 3701 2780 3766 δύναμιν.
2821 3702 2917 3754 Διά
2952 3702 3146 3763 ταῦτα,
3178 3707 3329 3773 φησὶ,
3359 3705 3449 3755 τὸν
3505 3720 3751 3773 πνευμα-

2174 3795 2325 3847 τικὸν
2352 3793 2537 3861 ἰατρὸν
2569 3794 2648 3846 δεῖ
2678 3792 2897 3864 πρῶτον
2932 3794 3030 3865 τὴν
3072 3795 3166 3847 τού
3214 3796 3597 3866 ἡμαρτηκότος
3636 3797 3753 3850 διά-

2179 3887 2328 3941 θεσιν
2354 3886 2719 3939 κατασκοπεῖν
2746 3886 2857 3939 εἴτε
2888 3886 3101 3956 θερμῶς
3132 3892 3399 3956 μετανοεῖ,
3425 3890 3520 3941 καὶ
3557 3891 3750 3958 ὑγείας

2177 3980 2456 4051 ὀρέγεται,
2497 3979 2608 4031 εἴτε
2635 3978 2835 4048 μᾶλλον
2882 3980 2980 4050 τὴν
3011 3980 3164 4033 νόσον
3195 3980 3346 4047 αὔξει
3380 3982 3501 4035 καθ’
3546 3984 3747 4035 ἑαυτοῦ

2177 4072 2264 4126 διά
2284 4072 2500 4143 τρόπων
2548 4072 2766 4136 κακίαν,
2828 4073 2924 4124 καὶ
2972 4072 3089 4136 πῶς
3153 4074 3288 4142 μετά
3336 4077 3436 4146 τὴν
3466 4076 3753 4145 ἁμαρτίαν

2179 4163 2578 4234 ἀναστρέφεται
2604 4165 2695 4215 καὶ
2724 4162 2853 4232 βιοῖ,
2883 4164 2977 4217 καὶ
3012 4166 3060 4216 ει
3097 4164 3171 4234 μὴ
3201 4164 3278 4235 τῷ
3328 4165 3545 4236 τεχνίτῃ
3586 4168 3751 4219 ἀντι-

2180 4255 2456 4321 παλαίσει,
2511 4257 2651 4326 ὅπερ
2680 4258 2891 4324 γίνεται
2932 4258 3024 4309 ὲπί
3052 4256 3160 4308 τῶν
3195 4258 3394 4323 μανίαν
3422 4248 3750 4314 νοσούντων.

516 4350 655 4413 dus;
696 4362 763 4401 an
816 4363 939 4401 cum
1010 4347 1203 4401 medici
1258 4346 1490 4400 artificio
1546 4349 1795 4416 ipsemet,
1857 4348 2068 4403 insania

2188 4350 2414 4404 Ἐκεῖνοι
2460 4352 2572 4419 γὰρ
2594 4352 2705 4413 τοῖς
2744 4348 3088 4419 ἰατρεύουσιν
3119 4349 3315 4412 αὐτοὺς
3368 4350 3754 4425 ἀνθίστανται,

517 4447 891 4506 correptorum
924 4453 1095 4501 more,
1132 4440 1496 4503 colluetctur;
1545 4438 1618 4490 illi
1657 4443 1799 4493 enim
1836 4438 2072 4495 medicis

522 4530 899 4591 adversantur,
945 4529 1315 4598 salutariaque
1354 4530 1487 4598 ipsis
1539 4530 1925 4585 medicamenta
1979 4533 2085 4586 ad-

524 4616 772 4669 hihentes
806 4615 1094 4685 repellunt.
1127 4614 1261 4670 lllttd
1315 4633 1528 4687 quoque
1579 4617 1770 4673 sedulo
1832 4620 2078 4677 animad-

518 4716 729 4772 vertat;
782 4724 847 4761 ne
885 4710 1020 4763 forte
1052 4708 1243 4762 animae
1274 4710 1429 4766 ulcus
1456 4712 1569 4781 ipsa
1598 4711 1877 4767 curatione
1910 4716 2081 4769 medi-

518 4810 1000 4870 catnentorumque
1081 4803 1420 4871 appositione
1492 4804 1812 4871 crudeseat;
1887 4806 2068 4875 itaque

516 4894 717 4957 oleum,
754 4902 812 4946 ut
873 4878 1213 4961 a'gritud/inis
1274 4893 1414 4947 ratio
1463 4895 1779 4963 postulabit,
1840 4895 2073 4949 medica-

520 4982 717 5039 mentis
768 4981 1086 5037 admisceat.
1127 4980 1221 5037 Est
1250 4983 1454 5037 veroid
1490 4972 1633 5052 (μιοά
1686 4985 1817 5038 dicit
1867 4986 2064 5055 hujus-

522 5076 699 5141 modi;
731 5092 855 5154 esse
906 5075 1164 5130 nimirum
1220 5090 1249 5128 a
1302 5075 1570 5145 spirituali
1622 5077 1832 5131 medico
1870 5086 2071 5133 attente

523 5167 983 5225 considerandum
1013 5167 1328 5238 aegrotantis
1370 5167 1654 5233 affectum;
1689 5178 1748 5222 at
1779 5182 1876 5223 nec
1921 5184 2069 5234 eum,

523 5263 617 5332 qui
650 5272 879 5331 angusto
908 5262 1209 5331 pusilloque
1237 5261 1420 5315 animo
1456 5262 1550 5324 sit,
1575 5262 2071 5318 vehementioribus

523 5353 777 5408 remediis
808 5360 1017 5423 urgeat,
1049 5368 1115 5407 ne
1143 5353 1384 5409 vulneris
1431 5354 1754 5418 molestiam,
1788 5354 2093 5424 desperata.

523 5446 589 5497 ab
624 5457 691 5498 eo
742 5443 1045 5509 curatione,
1101 5444 1279 5499 adhuc
1323 5447 1494 5517 magis
1547 5448 1824 5515 intendat;
1878 5465 2076 5519 neque,

523 5546 683 5601 quem
737 5532 1109 5602 asperioribus
1152 5534 1560 5591 medicamentis
1610 5536 1852 5593 sufficere
1903 5553 2063 5608 posse

525 5622 874 5690 intellexerit,
907 5626 961 5680 in
991 5638 1057 5681 eo
1098 5627 1340 5683 curando
1381 5627 1719 5685 facilioribus
1753 5639 1960 5699 utatur,
2009 5647 2076 5687 ex

2170 4443 2263 4495 καὶ
2299 4442 2398 4495 οὐκ
2423 4440 2552 4494 ὲῶσι
2577 4444 2951 4511 προσαγαγεῖν
2979 4443 3164 4504 αὐτοῖς
3202 4432 3270 4494 τά
3328 4444 3570 4512 σωτήρια
3612 4443 3750 4513 φάρη

2184 4550 2353 4603 μακα.
2384 4533 2616 4586 Σκοπείν
2664 4533 2719 4585 δὲ
2753 4532 3053 4595 καὶτοῦτο,
3119 4534 3328 4603 μήποτε
3365 4535 3632 4606 ἰατρεύων
3655 4538 3757 4589 καὶ

2181 4626 2445 4695 φάρμακα
2512 4624 2807 4694 προσάγων
2836 4624 2924 4677 διὰ
2967 4625 3073 4694 τῆς
3115 4625 3413 4689 ἐπιθέσεως
3438 4626 3619 4680 αὐτῶν
3652 4631 3760 4688 αὑτ-

2182 4715 2314 4786 ξάνῃ
2338 4713 2398 4768 τὸ
2426 4713 2583 4777 ἕλκος
2618 4716 2678 4767 τὸ
2704 4716 2955 4785 ψυχικὸν,
2986 4718 3086 4797 και)ς
3135 4717 3281 4771 οὕτω
3312 4718 3404 4771 τὸν
3438 4718 3591 4772 ἔλεον
3614 4738 3724 4774 κατ

2169 4808 2329 4874 ἀξίαν
2382 4808 2723 4878 ὲπιμετρεῖν.
2759 4808 2824 4859 Ὀ
2862 4807 2920 4860 δὲ
2968 4810 3115 4878 λέγει
3184 4808 3341 4863 τοῦτό
3408 4813 3555 4864 ἐστιν
3591 4830 3606 4843 .
3667 4815 3757 4867 ὅτι

2177 4898 2465 4969 προσέχειν
2490 4899 2571 4951 δεῖ
2606 4899 2695 4951 τὸν
2726 4903 3096 4969 πνευματικὸν
3159 4903 3341 4972 ἰατρὸν
3376 4907 3441 4972 τῇ
3505 4904 3752 4958 διαθέσει
3834 4920 3837 4923 ‘

2174 4991 2268 5042 τοῦ
2292 4986 2629 5058 κάμνοντος,
2664 4991 2759 5043 καὶ
2793 4998 2928 5060 μήτε
2964 4991 3390 5062 τῴημικροψύχῳ
3442 4996 3751 5050 ἐπιτιθέναι

2182 5082 2451 5151 στύφοντα
2483 5084 2778 5151 φάρμακα,
2814 5084 2904 5137 ἱνα
2932 5085 3007 5155 μὴ
3041 5085 3238 5154 μᾶλλον
3296 5087 3508 5158 αὐξήσῃ
3565 5091 3628 5142 τὸ
3661 5090 3751 5142 ἓλ-

2181 5190 2295 5237 κος,
2338 5173 2812 5242 ἀπαγορεύσαντος
2844 5175 2979 5244 πρὸς
3028 5176 3127 5245 τὴν
3156 5175 3453 5246 θεραπείαν
3509 5179 3744 5245 ἐκείνου,

2185 5266 2320 5335 μήτε
2346 5265 2421 5333 τῷ
2449 5266 2731 5336 δυναμένῳ
2768 5267 2837 5319 τά
2863 5268 3243 5339 αὐστηρότερα
3294 5269 3548 5339 δέχεσθαι
3569 5272 3741 5341 μαλα-

2181 5357 2421 5427 κώτερον
2443 5357 2869 5445 προσφέρεσθαι,
2926 5359 3065 5411 ὥστε
3111 5360 3198 5413 διά
3244 5362 3341 5431 τὴν
3384 5362 3736 5431 μαλακότητα

2177 5450 2288 5503 τῶν
2316 5451 2612 5519 ἐπιτιμίων
2642 5452 2941 5520 ἐμπίπτειν
2966 5453 3172 5506 ἐκεῖνον
3204 5457 3285 5517 εἰς
3313 5455 3372 5508 τὸ
3406 5455 3532 5508 αὐτὸ
3563 5459 3735 5519 πάθος

2180 5545 2274 5597 καὶ
2296 5545 2373 5607 είς
2422 5543 2605 5613 μεῖζον
2642 5545 2792 5609 ἴσωςο
2817 5545 2930 5598 ἀλλ’
2950 5548 3267 5618 ὲπιμετρείν
3289 5548 3379 5601 τὸν
3407 5548 3549 5602 ἔλεον
3599 5548 3737 5603 κατ’

2180 5635 2359 5702 ἀξίαν,
2423 5636 2589 5704 ἦγουν
2616 5636 2785 5692 ἐλεεῖν
2810 5638 3042 5695 ἕκαστον
3104 5638 3267 5705 ἀξίως
3286 5643 3387 5712 τῆς
3417 5641 3581 5698 αὐτοῦ
3628 5642 3747 5700 δια-
