4092 6214
385 291 492 355 873
1410 288 1489 349 IN
1529 286 1695 347 CAN-
1736 286 1842 346 Cll
1873 285 2078 348 CONC.
2117 286 2199 351 IN
2238 287 2560 349 TRULLO.
3496 292 3599 357 874

387 405 611 469 θέσεως,
673 404 767 479 καὶ
819 405 1137 476 ἑλαφρύνειν
1195 403 1294 474 μὲν
1335 420 1412 474 τῳ
1464 401 1786 475 μικροψύχῳ
1839 398 1936 471 τὴν

2060 417 2145 471 [uo
2179 401 2330 457 illum
2363 418 2535 473 pinna:
2563 404 2753 459 levitas
2778 406 2834 460 in
2861 406 3104 464 eamdem
3133 409 3218 465 vel
3258 410 3419 466 etiam
3463 429 3587 481 gra-

388 476 724 568 ὲπιτίμησιν,
752 495 1003 567 βαρύνειν
1031 497 1087 550 δὲ
1113 495 1191 567 τῷ
1240 494 1602 568 μεγαλοψύχῳ
1630 493 1820 564 αὐτὴν,
1838 493 1935 545 καὶ

2060 496 2249 550 tiorem
2279 510 2475 550 noxam
2515 511 2708 552 rursus
2738 499 2978 569 impellat
3009 516 3027 556 :
3074 502 3169 558 sed
3203 519 3324 559 esse
3367 505 3596 561 misera-

391 590 675 660 ἀμφότερα
695 589 762 641 δι’
799 589 945 642 ἔλεον
978 591 1181 641 ποιεῖν·
1214 588 1301 642 ῖνα
1350 587 1442 640 τὸν
1504 589 1604 657 μὲν
1650 583 1938 656 ἐκκαθάρῃ

2060 587 2251 641 tionem
2284 588 2579 658 unicuique
2625 605 2724 660 pro
2763 593 2969 647 meritis
3022 594 3457 666 impertiendam.
3492 599 3597 654 hoc

390 682 483 735 τοῦ
520 680 714 753 ῥύπου,
739 681 815 752 τῷ
841 680 896 733 δὲ
924 680 998 751 μὴ
1021 679 1242 754 ὲπιξὲσῃ
1273 679 1337 733 τὸ
1358 679 1599 750 τραῦμα,
1635 675 1729 729 καὶ
1758 677 1941 746 χεῖρον

2060 688 2133 732 est
2162 691 2259 748 pro
2288 692 2376 743 ea,
2415 695 2537 749 quae
2559 682 2611 735 iu
2638 683 2867 753 singulis
2904 684 3066 741 fuerit
3094 688 3258 742 animi
3290 689 3599 755 aﬂ‘ectione,

392 774 452 826 τὸ
484 772 638 835 ἕλκος
675 773 995 843 ἐργάσηται.

2060 769 2127 825 ita
2167 771 2600 842 uniuscujusque
2631 775 3029 843 miserendnm;
3071 787 3125 834 et
3169 781 3335 834 animi
3387 782 3605 851 quidem

394 865 701 937 abjectioris
754 867 1047 929 hominem,
1098 865 1301 921 leviore
1348 881 1526 934 poena,
1593 866 1771 935 magni
1821 879 1951 920 vero
2019 866 2248 935 spiritus
2305 876 2360 923 et
2417 876 2681 934 erectum,
2740 871 2985 942 graviore
3038 876 3403 944 puniendum;
3447 879 3611 948 idque

393 975 563 1020 totum
600 961 986 1017 misericordia:
1028 960 1398 1025 tribuendum,
1431 969 1489 1014 ut
1523 959 1592 1015 ab
1620 959 1793 1014 altero
1820 959 2037 1030 quidem
2071 961 2379 1029 squalorem
2411 971 2466 1017 et
2544 966 2736 1021 sordes
2818 966 3116 1039 abstergat,
3188 969 3411 1025 alterius
3478 985 3609 1025 vero

390 1058 593 1113 vulnus
633 1071 701 1110 ne
735 1053 1027 1124 scalpenda
1053 1053 1231 1109 adhuc
1262 1054 1436 1125 magis
1462 1061 1767 1123 exasperet.

472 1152 537 1206 Ἢ
570 1154 678 1222 γὰρ
710 1152 858 1204 πᾶσα
897 1150 1116 1221 φροντὶς
1146 1148 1240 1202 καὶ
1264 1147 1465 1218 σπουδὴ
1494 1146 1571 1218 τῷ
1603 1163 1663 1199 τε
1712 1146 1833 1217 Θεῷ
1860 1146 1953 1201 καὶ

394 1246 472 1315 τῷ
510 1243 697 1314 ψυχῶν
749 1242 964 1311 ποιμένι
1008 1240 1167 1294 τοῦτό
1220 1242 1356 1302 ἐστι,
1416 1243 1477 1293 τδ
1511 1240 1572 1292 τὸ
1600 1238 1953 1308 πλανώμενον

395 1337 667 1405 πρόϐατον
706 1334 1093 1401 ἐπαναγαγεῖν,
1125 1334 1218 1386 καὶ
1252 1332 1314 1385 τὸ
1347 1331 1672 1403 φαρμαχθὲν
1708 1332 1815 1384 ὐπδ
1857 1328 1951 1383 τοῦ

393 1430 567 1498 ὅψεως
613 1426 953 1494 ἑξιάσασθαι,
1022 1426 1118 1478 καὶ
1161 1425 1299 1497 μήτε
1343 1424 1431 1478 διὰ
1497 1426 1600 1493 τῆς
1648 1420 1951 1493 αὐστηρίας

394 1523 601 1591 ὠθῆσαι
632 1523 771 1573 κατὰ
825 1517 1074 1589 κρημνοῦ
1111 1517 1212 1587 τῆς
1265 1514 1638 1584 ἐπιγνώσεως,
1690 1514 1826 1586 μήτε
1862 1512 1951 1565 διὰ

394 1614 724 1683 χαυνότητος
752 1612 843 1664 καὶ
857 1610 963 1663 τῶν
991 1608 1359 1679 ἀπαλωτέρων
1379 1606 1689 1677 φαρμάκων
1708 1604 1950 1658 ἐνδοῦναι

395 1702 543 1775 αὐτῷ
594 1702 684 1756 τὸν
724 1700 960 1772 χαλινὸν,
1024 1700 1100 1762 ὡς
1147 1698 1319 1766 ἵππῳ,
1368 1698 1507 1752 ὥστε
1573 1699 1800 1769 σκιρτᾷν
1856 1699 1951 1752 καὶ

2124 1143 2316 1201 Omnis
2366 1145 2630 1217 siquidem
2679 1156 2792 1203 tum
2848 1151 3023 1221 ipsius
3085 1153 3177 1210 Dei
3213 1152 3329 1211 tum
3377 1161 3611 1228 pastoris

2056 1235 2359 1289 animarum
2393 1250 2523 1291 cura
2555 1247 2610 1293 et
2635 1239 2873 1293 studium
2923 1244 2975 1295 in
3024 1256 3091 1298 eo
3123 1246 3357 1312 positum
3397 1257 3499 1314 est,
3551 1260 3611 1306 ut

2055 1328 2392 1385 errabundas
2435 1345 2565 1386 oves
2616 1333 2669 1386 in
2725 1348 2877 1388 suam
2924 1336 3209 1392 stationem
3261 1350 3494 1407 revocet,
3542 1358 3609 1399 ac

2057 1421 2323 1488 serpentis
2352 1436 2561 1477 veneno
2596 1423 2817 1480 infer-tis
2853 1425 3147 1484 salutarem
3194 1429 3359 1486 faciat
3392 1433 3611 1490 medici.

2057 1525 2206 1574 nam,
2249 1527 2347 1567 nec
2377 1514 2458 1570 vel
2488 1516 2788 1573 acerbitate
2822 1518 2986 1574 nimia
3017 1520 3071 1574 in
3106 1533 3373 1593 praerupta
3418 1525 3617 1597 despe-

2056 1603 2285 1658 rationis
2311 1606 2573 1676 impellat,
2613 1609 2697 1664 vel
2755 1610 3087 1683 indulgentia
3126 1629 3190 1669 ac
3244 1618 3609 1673 remediorum

2056 1689 2318 1750 facilitate
2345 1696 2584 1754 habenas
2607 1701 3031 1771 quodammodo,
3070 1707 3224 1777 quasi
3258 1724 3417 1779 equo,
3447 1710 3610 1782 283

398 1773 522 1865 βίον⁷
558 1793 782 1848 ἔκλυτον
840 1793 959 1864 ζῇν,
1008 1792 1142 1846 ἀλλὰ
1204 1791 1456 1844 σπεύδειν
1509 1793 1826 1861 ἀντιστῆναι
1875 1793 1954 1862 τῷ

2060 1784 2120 1837 ad
2149 1784 2423 1843 lasciviam
2460 1789 2806 1862 solutumque
2836 1794 2958 1851 vitm
2984 1773 3154 1867 genus
3185 1773 3423 1856 remittat
3447 1773 3608 1859 ἷξε]

380 1886 561 1940 ’πάθει
601 1884 706 1937 είτε
732 1883 798 1935 δι’
832 1880 1132 1951 αὐστηρίας
1163 1880 1270 1932 είτε
1293 1878 1382 1933 διὰ
1417 1880 1746 1950 πραότητος,
1776 1879 1853 1942 ὡς
1890 1879 1956 1932 ἂν

396 1978 683 2037 διαθέσεως
709 1973 803 2045 ἔχῃ
872 1973 1007 2041 πρὸς
1063 1970 1200 2025 αὐτᾶ
1233 1970 1261 2023 δ
1292 1969 1753 2040 θεραπευόμενος.
1782 1970 1957 2023 Τοῦτο

394 2068 442 2127 δ’
470 2069 645 2130 ἔσται,
684 2068 731 2118 εἰ
761 2063 1043 2134 δοκιμάζει
1073 2057 1167 2117 καὶ
1190 2060 1664 2131 καταστοχάζεται
1695 2061 1821 2125 τούς
1858 2062 1956 2131 τῆς

398 2157 684 2229 μετανοίας
713 2155 891 2208 αὐτῶν
926 2153 1196 2224 καρποὺς,
1243 2159 1340 2207 καὶ
1369 2152 1679 2220 οἰκονομεῖν
1705 2150 1796 2204 τὸν
1821 2151 1957 2221 πρὸς

392 2254 493 2319 τὴν
523 2250 635 2304 ἄνω
686 2244 1129 2316 λαμπροφορίαν,
1182 2244 1347 2313 ἤγουν
1406 2240 1505 2314 τὴν
1544 2241 1652 2295 τῶν
1708 2241 1956 2311 οὐρανῶν

395 2342 672 2414 βασιλείαν
736 2338 1072 2407 καλούμενον
1143 2335 1451 2404 ἄνθρωπον.
1512 2333 1822 2404 Ἀμιρότερα
1865 2327 1958 2387 οὖν

394 2437 666 2504 ἐνδέχεται
701 2434 846 2502 ἡμᾶς
894 2429 1202 2498 γινώσκειν.
1250 2430 1414 2495 φασὶν
1460 2428 1509 2479 oi
1574 2430 1675 2497 τῆς
1738 2424 1959 2479 συνόδου

396 2529 659 2597 Πατέρες,
684 2525 775 2579 καὶ
798 2526 863 2578 τὰ
886 2526 984 2592 τῆς
1007 2522 1313 2593 ἀκριϐείας,
1339 2512 1519 2574 καῗτὰ
1541 2520 1638 2590 τῆς
1669 2518 1958 2590 συνηθείας

395 2622 429 2691 ἢ
466 2618 831 2690 συμπαθείας.
868 2616 1171 2684 Γράφονται
1198 2615 1306 2683 γὰρ
1333 2614 1428 2666 καὶ
1462 2611 1959 2682 ἁμφότερα,ἧγονν

395 2715 489 2767 καὶ
518 2714 616 2765 ὅσα
643 2712 675 2780 ὴ
706 2709 964 2778 ἀκρίϐεια
1001 2706 1275 2777 βούλεται,
1304 2706 1398 2757 καὶ
1429 2704 1529 2756 ὅσα
1560 2703 1618 2756 τὸ
1672 2701 1959 2771 συμπαθὲς

396 2806 619 2860 ἀπαιτεῖ
673 2802 948 2870 εὐκαίρως
983 2801 1080 2853 καὶ
1133 2799 1228 2852 σύν
1259 2797 1529 2868 διακρίσει
1590 2794 1956 2867 γινόμενονοῆ

397 2899 467 2953 τὰ
508 2900 607 2969 τῆς
668 2895 981 2965 συνηθείας,
1007 2893 1268 2961 ἧγουνθτὰ
1314 2889 1410 2943 τοῦ
1439 2889 1598 2954 ἔθους
1652 2888 1747 2943 τοῦ
1781 2888 1960 2959 χρόνῳ

395 2989 821 3061 δοκιμασθέντος
860 2986 953 3039 καὶ
1000 2983 1409 3056 βεϐαιωθὲντος,
1452 2983 1480 3036 δ
1533 2983 1629 3036 καὶ
1681 2981 1758 3044 ὠς
1795 2981 1960 3051 νόμον

398 3085 623 3155 κρατεῖν
647 3082 739 3134 καὶ
787 3080 837 3132 οί
868 3079 1002 3132 θεῖοι
1048 3076 1290 3140 κανόνες,
1325 3079 1418 3130 καὶ
1452 3078 1502 3129 οί
1551 3078 1651 3145 τῆς
1680 3074 1956 3140 πολιτείας
1984 3108 2029 3167 C

395 3177 554 3246 νόμοι
584 3172 884 3228 κελεύουσι.
934 3171 1041 3225 Καὶ
1070 3172 1097 3223 ὁ
1126 3170 1300 3241 μέγας
1337 3169 1393 3222 δὲ
1428 3168 1704 3231 Βασίλειος
1733 3167 1827 3222 ἐπὶ
1847 3167 1958 3222 τῶν

401 3270 479 3339 μὴ
502 3264 942 3335 καταδεχομένων
984 3263 1081 3323 τὴν
1108 3262 1385 3331 ἀκρότητα
1414 3262 1523 3313 τῶν
1553 3260 1962 3327 παραδοθέντων

396 3360 586 3413 τύπων
649 3356 875 3409 ἔπεσθαι
903 3357 969 3425 τῇ
1004 3352 1261 3424 συνηθείᾳ
1316 3352 1542 3417 ἐδίδαξε.
1608 3351 1721 3421 Τὴν
1760 3351 1874 3405 ἄνω
1903 3349 1962 3403 δὲ

354 3453 844 3523 ,λαμπροφοριαψ
890 3443 1065 3509 εἶπεν,
1107 3447 1189 3499 ὅτι
1216 3450 1329 3507 τοῖς
1364 3444 1528 3506 θείοις
1578 3444 1819 3512 Πατράσι
1867 3442 1964 3496 καί⁵

394 3545 738 3607 διδασκάλοις
778 3539 1025 3611 βασιλεία
1051 3540 1159 3591 τῶν
1180 3537 1428 3607 οὐρανῶν
1480 3537 1585 3606 πρὸ
1614 3536 1724 3588 τῶν
1781 3534 1957 3589 ἄλλων

395 3642 431 3707 ἡ
458 3634 721 3705 ἐλλαμψις
755 3636 1027 3702 κέκριται,
1057 3632 1091 3700 ἡ
1120 3632 1183 3683 ὲκ
1205 3630 1301 3699 τῆς
1327 3628 1478 3690 θείας
1502 3625 1737 3695 φύσεως,
1770 3627 1864 3678 καὶ
1893 3624 1957 3677 τὸ

395 3730 586 3798 νοῆσαι
653 3725 995 3795 τελεώτερον.

2056 1879 2207 1934 vitiis
2236 1881 2525 1948 obsistere,
2558 1885 2800 1941 adhibita
2846 1889 2928 1947 vel
2976 1892 3302 1949 austeritate
3347 1896 3431 1952 vel
3476 1897 3613 1953 leni-

2055 1978 2189 2035 tate,
2227 1986 2326 2042 pro
2372 1973 2513 2044 ejus,
2566 1990 2726 2046 quem
2775 1980 3071 2035 curandqu
3110 1987 3431 2054 susceperit,
3484 1987 3613 2041 all'e-

2056 2065 2234 2119 ctione
2266 2064 2579 2121 contendat.
2606 2067 2758 2133 Quod
2787 2071 3005 2141 quidem
3033 2072 3103 2127 ita
3145 2073 3255 2140 liet,
3282 2075 3326 2129 si
3367 2076 3607 2145 ipsorqu

2056 2157 2391 2227 pmnitentia’,
2416 2157 2625 2217 fructus
2651 2164 3047 2220 examinaverit
3074 2174 3127 2221 et
3156 2168 3446 2238 diligenter
3473 2167 3608 2225 eon-

2058 2247 2414 2316 sideraverit;
2445 2254 2779 2325 proindeque
2810 2257 3082 2314 hominem
3113 2260 3179 2314 ad
3231 2262 3613 2319 illustratiouis

2055 2351 2307 2407 superna:
2332 2340 2656 2408 claritatem,
2691 2345 2755 2399 ad
2791 2360 3013 2415 regnum
3068 2350 3327 2406 nimirum
3384 2355 3612 2409 cmleste

2060 2442 2333 2495 vocatum,
2389 2435 2680 2504 regendum
2729 2438 2832 2491 sibi
2884 2438 3381 2513 moderandumque
3428 2445 3611 2500 susei-

2058 2521 2194 2590 piat.
2227 2522 2342 2578 Duo
2374 2525 2539 2595 igitur
2571 2527 2681 2590 illa,
2709 2528 2968 2599 inquiunt
3012 2535 3205 2604 synodi
3242 2534 3453 2602 Patres,
3485 2538 3612 2592 licet

2058 2615 2216 2669 nobis
2255 2631 2607 2687 cognoscere,
2650 2628 2765 2674 tum
2802 2636 2863 2675 ea
2896 2637 3014 2693 qum
3042 2625 3241 2678 summi
3282 2626 3423 2695 juris
3460 2640 3609 2697 sunt,

2058 2715 2171 2759 tum
2205 2721 2265 2760 ea
2310 2722 2432 2777 quae
2479 2712 2861 2767 consuetudini
2904 2712 3019 2769 sive
3055 2718 3441 2773 misericordia:
3507 2723 3611 2776 tri-

2060 2797 2321 2853 buuntur.
2363 2798 2605 2870 Utraque
2635 2804 2780 2856 enim
2828 2804 3049 2873 scriptis
3102 2809 3476 2865 commendata
3516 2827 3614 2866 ex-

2059 2897 2239 2952 stant;
2266 2897 2318 2944 et
2350 2905 2411 2943 ea
2437 2894 2715 2955 nimirum.
2747 2910 2865 2962 qua:
2915 2896 3113 2950 Summi
3161 2896 3304 2966 juris
3354 2903 3614 2958 severitas

2058 2978 2247 3045 exigit,
2280 2988 2335 3032 et
2365 2994 2508 3049 quas,
2541 2985 2798 3052 temporis
2829 2987 3239 3056 opportunitate
3288 3000 3502 3045 servata
3527 2995 3616 3062 ju-

2059 3071 2312 3141 dicioque
2352 3074 2618 3142 adhibito,
2650 3076 3051 3135 commiseratio
3076 3080 3317 3151 postulat
3348 3100 3363 3138 :
3388 3085 3468 3140 vel
3494 3100 3615 3155 quae

2060 3165 2420 3229 consuetudo,
2453 3182 2570 3222 mos
2611 3168 2863 3227 videlicet
2898 3172 3177 3229 hominum
3209 3178 3471 3247 temporis
3499 3179 3616 3232 diu-

2061 3260 2319 3314 turnitate
2369 3260 2629 3330 probatus
2666 3263 3132 3336 conllrmatusque
3178 3265 3443 3338 deposcit.
3480 3268 3614 3324 Nam

2060 3364 2122 3405 ea
2156 3365 2376 3421 quoque
2410 3350 2585 3407 instar
2634 3352 2786 3424 legis,
2848 3364 2958 3410 tum
3012 3372 3293 3414 sacrorum
3336 3375 3610 3416 canonum

2061 3443 2293 3497 decretis
2320 3452 2433 3496 tum
2464 3443 2702 3498 civilium
2729 3445 2890 3501 etiam
2922 3446 3098 3517 legum
3127 3452 3616 3509 constitutionibus

2066 3533 2295 3587 obtinet.
2330 3532 2557 3603 Magnus
2583 3548 2800 3604 quoque
2848 3535 3082 3592 Basilius
3121 3541 3175 3593 in
3225 3540 3313 3605 iis,
3359 3542 3451 3612 qui
3496 3556 3615 3612 pae-

2065 3640 2259 3679 narum
2311 3628 2655 3680 severitatem
2706 3627 2949 3698 antiquis
3002 3630 3253 3686 formulis
3302 3648 3618 3703 expressam

2065 3730 2174 3769 non
2231 3715 2554 3780 admittunt,
2600 3723 2932 3787 sequendam
2987 3734 3111 3775 esse
3163 3725 3615 3781 consuetudinem

397 3821 587 3875 docuit
645 3816 1068 3872 lllustrationem
1119 3826 1282 3883 porro
1336 3824 1625 3881 supernam
1682 3808 1841 3872 dixit,
1889 3820 1957 3861 eo
2010 3805 2158 3877 quod
2217 3818 2444 3878 regnum
2497 3809 2759 3863 coglorum
2816 3811 2870 3864 in
2951 3810 3311 3869 illustratione
3363 3820 3617 3888 quadam,

397 3914 456 3966 in
487 3913 675 3981 primis
705 3925 769 3964 ex
804 3918 994 3962 natura
1013 3905 1193 3959 divina
1215 3912 1519 3969 emanante,
1546 3918 1609 3955 ae
1664 3900 1986 3972 perfectiore
2036 3897 2126 3953 Dei
2185 3899 2516 3969 cognitione,
2563 3903 2733 3957 sancti
2767 3902 2953 3960 Patres
2985 3920 3048 3960 ac
3078 3905 3326 3965 doctores
3367 3916 3610 3980 positum

393 4024 521 4063 esse
546 4007 949 4077 iudicaverunt.

393 4099 623 4156 ΑΡΙΣΤ.
683 4118 701 4152 ι
752 4098 821 4152 Ἥ
864 4099 965 4167 τῆς
1018 4096 1295 4168 ἁμαρτίας
1338 4092 1433 4147 ἐπὶ
1476 4092 1611 4146 πᾶσι
1666 4092 1954 4144 σκοπεῖται

2060 4088 2278 4145 ARIST.
2320 4108 2339 4142 ι
2386 4089 2601 4145 Peccati
2651 4092 2887 4163 qualitas
2916 4093 2971 4147 in
3022 4092 3277 4149 omnibus
3305 4095 3620 4149 considera.

478 4213 497 4247 ι
538 4193 779 4263 ποιότης,
806 4190 898 4245 καὶ
928 4192 962 4262 ἡ
1000 4186 1308 4260 ἐπιστροφὴ
1328 4185 1630 4256 καθορᾶται
1656 4199 1669 4212 ’
1699 4185 1790 4236 καὶ
1810 4180 1955 4235 οὐτω

475 4305 494 4338 ι
540 4286 819 4356 μετρεῖται
850 4282 911 4335 τὺ
936 4281 1105 4343 ἕλεος.
1141 4296 1160 4332 t

470 4378 551 4432 Τὰ
583 4379 682 4448 μὲν
711 4374 963 4444 ὶπιτίμια
991 4370 1076 4440 ἐφ’
1108 4369 1325 4440 ἑκάστῳ
1356 4366 1715 4439 ἁμαρτήματι
1753 4365 1960 4437 ὥρισαν

2132 4205 2151 4238 ι
2184 4195 2294 4252 tur,
2324 4198 2377 4242 et
2411 4188 2695 4244 conversio
2743 4189 3091 4257 perspicitur.
3150 4188 3216 4244 Et
3269 4190 3350 4244 sie
3404 4190 3621 4245 miseri-

2136 4298 2155 4330 ι
2185 4277 2371 4332 cordia
2407 4293 2664 4333 mensura
2700 4279 3029 4351 disponitur.
3069 4298 3090 4334 ι

2129 4366 2326 4424 Pinnas
2355 4369 2570 4438 quidem
2611 4371 2809 4440 cuique
2864 4379 3088 4442 peccato
3131 4371 3471 4428 adhibendas
3519 4373 3618 4426 de-

396 4472 453 4525 οἱ
484 4470 744 4540 ιιατέρες.
771 4466 882 4536 Τὴν
914 4464 970 4518 δὲ
997 4463 1175 4533 κρίσιν
1207 4463 1387 4516 πᾶσαν
1422 4460 1677 4517 ἀνέθεντο
1706 4458 1840 4530 πρὸς
1866 4458 1957 4510 τὸν

2060 4469 2347 4515 creverunt
2379 4459 2589 4517 Patres.
2620 4461 2726 4516 Sed
2744 4470 2914 4516 totum
2931 4462 3197 4532 judicium
3221 4464 3270 4518 ei
3301 4465 3620 4534 relinquunt

394 4566 498 4637 τὴν
528 4560 776 4627 ἐξουσίαν
812 4558 958 4627 παρά
984 4556 1120 4609 Θεοῦ
1157 4554 1387 4608 λαϐόντα
1414 4551 1510 4607 τοῦ
1531 4553 1752 4621 δεσμεῖν
1780 4568 1839 4605 τε
1864 4552 1959 4604 καὶ

396 4659 550 4712 λύειν
575 4671 591 4687 ⁸
621 4657 768 4717 ὅπως
803 4651 964 4713 αὐτὸς
994 4652 1090 4703 καὶ
1134 4648 1234 4717 τὴν
1275 4648 1541 4718 ποιότητα
1582 4647 1831 4716 σκοπήσῃ
1861 4641 1956 4696 τοῦ

394 4750 819 4821 ἁμαρτήματος,
862 4745 954 4797 καὶ
1004 4743 1101 4811 τὴν
1134 4739 1469 4810 ἐπιστροφὴν
1502 4737 1598 4791 τοῦ
1644 4734 1960 4807 ἡμαρτηκόο

396 4859 512 4905 τος,
543 4841 637 4893 καὶ
661 4835 829 4899 οὕτως
859 4834 1206 4905 ὲπιμετρήσῃ
1232 4831 1290 4884 τὸ
1323 4829 1491 4894 ἕλεος,
1528 4829 1630 4901 τὴν
1657 4827 1957 4899 θεραπείαν

398 4934 693 5003 προσάγων
746 4925 1081 4996 κατάλληλον
1129 4924 1207 4993 τῷ
1251 4923 1673 4994 ἁρῤωστήματι.
1741 4921 1799 4970 ὐ
1848 4918 1957 4988 γὰρ

396 5028 506 5086 πᾶς
542 5027 697 5092 λόγος
726 5021 803 5093 τῷ
835 5018 955 5089 Θεῷ
978 5020 1073 5070 καὶ
1103 5016 1181 5087 τῷ
1204 5017 1305 5085 τὴν
1332 5012 1694 5084 ποιμαντικὴν
1716 5013 1962 5079 ἐγκεχει-

399 5119 643 5197 ρισμένῳ
682 5110 1072 5185 ἡγεμονίανηὲν
1120 5107 1299 5177 τούτῳ
1324 5107 1473 5197 ἐστὶ,
1524 5106 1582 5157 ἐν
1616 5105 1693 5174 τῷ
1722 5104 1782 5197 τδ
1821 5110 1958 5156 πλα-

394 5208 643 5277 νώμενον
672 5203 942 5275 πρόϐατον
973 5199 1367 5266 ἐπαναγαγεῖν,
1398 5196 1490 5248 καὶ
1521 5196 1594 5265 μὴ
1642 5195 1782 5249 κατὰ
1817 5211 1956 5265 κρη-

400 5300 555 5373 μνῶν
582 5296 795 5365 ὠθῆσαι
839 5296 941 5362 τῆς
984 5289 1378 5358 ἀπογνώσεως,
1429 5287 1522 5339 ttat
1556 5288 1648 5339 τὸν
1675 5285 1956 5355 τρωθέντα

396 5393 508 5448 ὑπὸ
540 5388 635 5443 τοῦ
664 5387 841 5455 ὄφεως
871 5383 1214 5450 ὲξιὰσασθαι,
1250 5381 1357 5433 είτε
1389 5378 1475 5431 διὰ
1503 5377 1610 5429 τῶν
1630 5377 1959 5447 αὐστηροτέ-

399 5504 511 5559 ρων
537 5499 594 5537 τε
620 5483 712 5535 καὶ
740 5477 1070 5547 στυφόντων,
1094 5475 1200 5527 εἴτε
1227 5474 1312 5526 διὰ
1338 5474 1444 5525 τῶν
1473 5471 1838 5539 ἁπαλωτέρωί
1868 5472 1960 5521 καὶ

403 5578 726 5651 πραοτέρων
757 5570 1085 5641 φαρμάκων.

1967 5706 2035 5722 *

637 5779 903 5838 Parnm.
945 5771 1056 5831 Gn.
1103 5775 1262 5832 CXX
1282 5774 1369 5830 ΧΥ
1386 5737 1459 5831 ll'.

2062 4552 2154 4620 qui
2193 4549 2393 4621 ligandi
2440 4558 2494 4604 et
2523 4550 2766 4606 solvendi
2800 4557 3120 4620 potestatem
3175 4566 3206 4605 a
3237 4549 3346 4606 Deo
3386 4551 3619 4621 accepit,

2065 4652 2123 4696 ut
2176 4642 2267 4697 ille
2300 4652 2354 4697 et
2388 4643 2595 4715 peccati
2648 4642 2961 4699 consideret
3010 4642 3348 4712 qualitatem,
3400 4651 3456 4697 et
3498 4644 3621 4712 ejus

2063 4735 2156 4805 qui
2214 4736 2458 4805 peccavit
2489 4734 2927 4799 conversionem,
2964 4742 3019 4788 et
3064 4735 3144 4788 sic
3185 4734 3615 4789 misericordiam

2067 4841 2322 4881 mensura
2354 4826 2632 4894 disponat,
2688 4826 2949 4880 medelam
2982 4829 3172 4881 morbo
3203 4827 3620 4881 convenientem
3674 4876 3685 4883 .

2064 4921 2350 4975 adhibens.
2387 4918 2574 4974 Omnis
2596 4921 2742 4973 enim
2777 4921 2913 4974 ratio
2936 4918 3042 4973 Deo
3064 4928 3117 4974 et
3142 4919 3190 4974 ei
3214 4920 3301 4973 cui
3330 4922 3619 4990 pastoralis

2066 5012 2299 5067 traditur
2338 5012 2695 5082 principatus,
2725 5012 2779 5064 in
2834 5026 2900 5064 co
2931 5023 3036 5075 est.
3071 5023 3128 5065 ut
3155 5022 3428 5066 errantem
3461 5030 3615 5069 ovem

2066 5106 2314 5171 reducat,
2365 5111 2421 5158 et
2460 5119 2567 5157 non
2613 5106 2665 5156 in
2716 5104 3119 5173 desperationis
3171 5103 3468 5172 praecipitia
3522 5104 3623 5160 itit-

2067 5197 2248 5263 pellat,
2272 5205 2323 5248 et
2350 5209 2378 5247 a
2404 5202 2656 5264 serpente
2678 5194 3020 5247 vulneratum
3044 5193 3368 5258 medteetur,
3392 5193 3505 5249 sive
3528 5210 3624 5265 per

2063 5288 2274 5339 acriora
2330 5295 2383 5337 et
2423 5286 2800 5352 astu-ingentia,
2836 5284 2948 5338 sive
3004 5298 3098 5352 per
3150 5282 3398 5336 molliora
3445 5294 3500 5337 et
3552 5287 3625 5337 le-

2064 5381 2214 5429 niora
2242 5378 2660 5430 medic-amenta.

3238 5770 3309 5831 28
