4092 6214
553 300 667 364 8⁸13

1807 284 2087 358 T‘HEOD.
2119 295 2515 356 BALSAMON

3586 267 3596 299 ⁷
3680 299 3777 360 sse

550 421 822 480 mentario
851 435 910 486 ιι,
967 433 1086 489 cap.
1135 416 1294 488 primi
1341 417 1425 471 tit.
1479 416 1762 487 pra‘sentis
1787 416 1967 487 operis
2014 417 2092 471 sit:

2221 415 2397 469 τίτλον
2430 415 2525 469 τοῦ
2567 414 2833 485 παρόντος
2876 414 3277 485 συντάγματος,
3315 411 3409 467 καὶ
3456 411 3777 483 μεμνημένη

544 526 674 580 est,
700 524 755 572 et
785 511 1172 569 universalium
1210 516 1418 563 tantum
1451 506 1785 579 synodorum
1840 518 1899 563 et
1958 507 2109 563 loca-

552 608 685 661 lium
715 604 990 659 meminit.
1023 601 1127 655 Per
1156 614 1277 669 quae
1328 599 1473 654 enim
1508 597 1813 655 secundum
1859 613 1989 653 can.
2023 613 2115 671 sy-

552 698 684 754 nodi
717 696 771 751 in
805 694 991 750 Trullo
1048 691 1415 757 conﬁrmavit,
1478 705 1572 761 per
1631 689 1820 746 eadem
1882 691 2114 745 aliorum

553 801 772 859 quoque
821 794 1138 841 sanctorum
1174 782 1393 837 Patrum
1424 781 1669 847 decreta,
1696 794 1817 852 quas
1845 795 1912 836 eo
1966 796 2115 835 com-

553 875 991 949 prehenduntur,
1025 871 1311 927 stabilivit.

622 964 873 1022 ZONAR.
929 965 1184 1020 Pluribus
1242 963 1376 1019 locis
1438 962 1732 1020 testimonii
1797 977 1992 1019 nomen
2057 963 2113 1017 in

552 1059 727 1115 sacris
756 1057 973 1112 Litteris
1010 1065 1333 1126 usurpatum
1367 1058 1649 1127 reperias:
1688 1070 1923 1125 quorum
1946 1055 2110 1110 etiam

552 1152 798 1206 locorum
836 1149 1048 1219 aliquos
1076 1150 1252 1202 sancti
1293 1147 1481 1203 Patres
1514 1148 1617 1201 hoc
1665 1161 1874 1201 canone
1922 1157 2113 1216 protu-

560 1243 696 1297 lere.
731 1240 828 1295 Est
886 1240 1054 1311 igitur
1091 1241 1294 1305 primo,
1335 1238 1467 1308 quid
1530 1239 1832 1294 testimonii
1888 1238 2112 1293 nomine

551 1332 945 1403 intelligamus,
969 1330 1376 1399 explicandum.
1440 1327 1582 1383 Sunt
1630 1343 1761 1398 ergo
1816 1327 2111 1384 testimonii

554 1425 769 1481 Domini
802 1424 1253 1487 constitutiones,
1300 1437 1421 1492 qum
1452 1422 1633 1485 nobis,
1678 1432 1749 1491 et.
1790 1436 1901 1490 quo
1950 1430 2109 1491 pacto

551 1520 661 1571 vita
726 1517 1082 1580 instituenda,
1129 1525 1183 1571 et
1231 1517 1434 1584 quibus
1490 1514 1775 1583 suppliciis
1846 1510 2108 1582 puniendi

551 1609 707 1671 sint,
764 1609 1081 1677 quicunque
1142 1607 1325 1661 divina
1400 1606 1635 1675 imperia
1691 1613 2107 1670 contempsere,

552 1707 822 1754 testantur
856 1709 1021 1765 atque
1046 1699 1115 1750 ob
1151 1696 1340 1750 oculos
1380 1701 1615 1764 ponunt.
1644 1691 1746 1759 Qui
1802 1708 1933 1762 ergo
1964 1692 2107 1745 sacri

550 1790 759 1846 ordinis
788 1788 1051 1860 dignitate
1071 1787 1343 1841 honestati
1374 1797 1525 1846 sunt,
1562 1786 1627 1839 iis
1666 1785 1887 1839 divinos
1930 1798 2105 1837 cano-

552 1896 687 1947 nes,
747 1896 978 1951 quaeque
1042 1880 1257 1933 illorum
1311 1878 1642 1932 auctoritate
1705 1876 1986 1943 descripta
2048 1883 2104 1929 et

549 1975 846 2030 constituta
881 1981 1029 2039 sunt,
1080 1972 1377 2028 testimonii
1411 1972 1531 2025 loco
1554 1985 1675 2026 esse
1701 1971 1919 2032 debere,
1946 1968 2106 2038 hujus

549 2068 744 2139 synodi
786 2068 978 2122 Patres
1008 2064 1298 2119 alIirmant.
1341 2063 1476 2130 Quis
1529 2064 1672 2117 enim
1715 2064 1837 2116 vitae
1888 2061 2103 2124 modus,

547 2176 668 2232 quae
701 2160 842 2214 ratio
873 2160 1169 2227 unicuique
1194 2157 1490 2227 servanda,
1518 2165 1810 2219 testantur,
1873 2166 2103 2222 quaeque

546 2250 765 2305 illorum
792 2248 1154 2304 violatoribus
1174 2263 1348 2319 pretia:
1374 2246 1581 2299 luenda:
1622 2246 1756 2309 sint,
1810 2245 2095 2298 minantur

545 2352 714 2413 atque
766 2347 1205 2413 prmmonstrant.
1234 2339 1372 2394 Sunt
1441 2354 1570 2393 vero
1632 2338 1824 2392 iisdem
1857 2350 2100 2393 canones

543 2438 706 2492 etiam
721 2446 869 2490 recte
896 2433 1088 2505 agendi
1123 2443 1389 2503 praecepta
1409 2450 1422 2486 :
1445 2434 1567 2486 vitae
1586 2431 1855 2500 siquidem
1882 2429 2102 2485 illorum

543 2530 892 2584 honestatem
925 2534 1146 2580 tuentur
1169 2533 1400 2593 apteque
1430 2530 1793 2592 componunt.
1825 2519 2098 2576 Virtutem

540 2622 686 2678 enim
718 2628 953 2690 eopacto
983 2620 1039 2672 in
1066 2617 1231 2672 nobis
1260 2617 1520 2681 ctiieiunt,
1548 2616 1764 2685 Deoque
1784 2615 2100 2680 conciliant,

540 2729 651 2785 quo
690 2713 895 2768 nullum
928 2710 1281 2780 praestantius
1312 2718 1460 2763 recte
1507 2710 1704 2778 agendi
1762 2715 2096 2778 praeceptum

542 2809 765 2880 reperiri
819 2816 1002 2878 queat.
1055 2804 1165 2860 llas
1216 2805 1399 2874 igitur,
1460 2804 1733 2872 inquiunt,
1800 2800 2099 2857 canonicas

540 2902 965 2957 constitutiones
1028 2898 1280 2958 libenter,
1318 2898 1420 2951 hoc
1463 2906 1569 2960 est,
1628 2894 1824 2963 cupide
1862 2908 1927 2947 ac
1980 2893 2098 2947 ala-

538 2996 727 3059 criter,
765 2992 1020 3062 amplexi,
1056 3005 1177 3045 cum
1212 2988 1415 3043 Davide
1465 2988 1597 3041 illud
1652 2985 1958 3041 occinimus
1985 3002 2003 3044 :
2030 2983 2097 3039 In

2221 506 2396 575 μόνων
2438 506 2548 560 τῶν
2574 507 2971 577 οίκουμενικῶν
2995 506 3231 559 συνόδων
3261 505 3358 559 καὶ
3382 504 3494 558 τῶν
3514 507 3777 559 τοπικῶν.

2216 595 2294 649 Δι’
2318 591 2391 651 ὧν
2413 599 2522 668 γὰρ
2548 597 2867 670 ἐπεκύρωσε
2899 597 2991 652 τὸν
3020 596 3065 667 β’
3102 597 3298 652 κανόνα
3336 596 3450 667 (17)
3481 596 3580 667 τῆς
3618 596 3680 649 ὲν
3704 594 3780 665 τῷ

2215 690 2470 761 Τρούλλῳ
2508 691 2751 754 συνόδου,
2797 690 3151 761 ωνεστήριξε
3200 690 3393 745 καὶτὰ
3435 690 3545 742 τῶν
3578 688 3777 760 ἑτέρων

2216 782 2387 849 ἁγίων
2421 782 2788 853 θεσπίσματα,
2814 783 2880 835 τὰ
2904 782 3076 853 τούτῳ
3111 782 3501 852 περιεχόμενα.

2284 965 2526 1018 ΖΩΝΑΡ.
2564 966 2653 1017 Ἐν
2678 968 2742 1037 τῇ
2786 964 3130 1036 θεοπνεύστῳ
3162 967 3350 1038 Γραφῇ
3385 965 3659 1037 πολλαχοῦ
3689 968 3777 1020 εὑ-

2218 1056 2467 1125 ρίσκεται
2505 1057 2613 1109 τῶν
2650 1059 2965 1127 μαρτυρίων
2986 1058 3047 1111 τὸ
3070 1058 3263 1128 ὄνομα,
3293 1053 3369 1110 ὧν
3404 1058 3561 1111 ἐνίων
3609 1060 3705 1113 καὶ
3726 1062 3775 1113 oi

2217 1152 2352 1220 ἱεροὶ
2386 1150 2625 1221 Πατέρξς
2652 1142 2798 1203 οὗτοι
2829 1152 2886 1202 ὲν
2933 1151 3009 1219 τῷ
3040 1150 3270 1219 παρόντι
3295 1150 3479 1201 κανόνι
3501 1150 3780 1221 ἐμνήσθη-

2215 1258 2334 1296 σαν.
2372 1244 2466 1294 Δεῖ
2489 1241 2666 1295 τοίνυν
2714 1242 2887 1295 εἰπεῖν
2922 1241 3187 1311 πρότερον
3225 1240 3347 1293 τίνα
3397 1242 3504 1293 εἰσὶ
3534 1241 3601 1293 τὰ
3641 1258 3777 1312 μαρ-

2212 1334 2394 1405 τύρια.
2428 1335 2720 1405 Μαρτύρια
2749 1330 2841 1387 οὖν
2873 1333 3121 1401 λέγονται
3174 1334 3230 1387 at
3263 1333 3356 1386 τοῦ
3406 1334 3616 1404 Κυρίου
3664 1334 3777 1387 δια·

2189 1427 2396 1494 ’ταγαὶ,
2433 1429 2487 1481 αἱ
2514 1426 3015 1497 διαμαρτυρόμεναι
3043 1425 3135 1477 καὶ
3178 1425 3526 1495 παριστῶσαι
3562 1425 3676 1489 πῶς
3697 1426 3777 1479 δεῖ

2212 1518 2361 1589 βιοῦν
2391 1519 2557 1589 ἡμᾶς,
2584 1523 2675 1571 καὶ
2706 1520 2850 1581 ὅπως
2878 1520 2925 1572 οἱ
2952 1518 3261 1588 παραϐάται
3293 1517 3401 1568 τῶν
3424 1517 3500 1586 τῷ
3522 1518 3641 1587 Θεῷ
3659 1518 3777 1572 δια-

2208 1612 2558 1682 τεταγμένων
2618 1612 3111 1683 τιμωρηθήσονται.
3200 1610 3367 1662 Φασὶν
3422 1610 3516 1662 οὖν
3573 1613 3624 1664 ot
3676 1612 3776 1682 τῆς

2212 1704 2428 1758 συνόδου
2459 1704 2700 1774 Πατέρες
2749 1705 2829 1757 ὅτι
2851 1707 2963 1766 τοῖς
2995 1706 3092 1772 τῆς
3131 1703 3409 1773 ἱερατικῆς
3429 1702 3585 1767 seta;
3610 1704 3768 1769 ἀξιω-

2211 1796 2380 1849 Θεῖσιν
2415 1796 2465 1849 οί
2513 1796 2647 1850 θεῖοι
2674 1798 2895 1858 κανόνες
2952 1796 3046 1850 καὶ
3092 1796 3159 1848 τὰ
3194 1795 3286 1850 ὑπ’
3315 1795 3538 1849 ἐκείνων
3567 1797 3775 1850 τυπού-

2213 1904 2347 1957 μενα
2382 1889 2476 1940 καὶ
2504 1888 2797 1957 ὁριζόμενοι
2834 1886 3113 1957 μαρτύριὰ
3140 1887 3265 1939 εἰσι.
3298 1886 3773 1957 Διαμαρτύρονται

2207 1981 2315 2049 γὰρ
2342 1980 2457 2043 πῶς
2490 1980 2593 2051 χρὴ
2639 1979 2789 2049 βιοῦν
2818 1980 3017 2042 αὐτοὺς
3048 1980 3143 2031 καὶ
3192 1978 3309 2041 πῶς
3364 1979 3770 2045 πολιτεύεσθαι,

2206 2075 2300 2127 καὶ
2321 2074 2417 2143 τὴν
2452 2075 2517 2127 ὲκ
2551 2073 2915 2142 παραϐάσεως
2946 2072 3122 2125 αὐτῶν
3171 2071 3458 2125 ἀπειλοῦσι
3490 2074 3585 2125 καὶ
3636 2091 3773 2144 προ-

2203 2166 2511 2219 δεικὺνουσι
2529 2166 2766 2217 κόλασιν.
2796 2164 2917 2216 Εἰσὶ
2940 2163 2995 2215 δὲ
3021 2165 3133 2224 τοῖς
3159 2163 3341 2225 αὐτοῖς
3361 2165 3408 2215 οἱ
3430 2164 3651 2227 κανόνες
3681 2164 3771 2217 καὶ

2205 2256 2625 2327 κατορθώματα,
2656 2254 3080 2325 συντηρούμενοι
3106 2254 3308 2326 δηλαδὴ
3344 2256 3439 2308 καὶ
3468 2254 3770 2327 ῥυθμίζον-

2201 2364 2290 2410 τες
2321 2348 2412 2399 τὸν
2445 2347 2560 2417 βίον
2587 2347 2795 2411 αὐτοῖς.
2825 2345 2983 2400 Οὕτω
3014 2345 3122 2415 γὰρ
3153 2345 3476 2416 κατορθοῦσι
3515 2346 3616 2418 τὴν
3644 2349 3771 2416 ἀρε-

2202 2440 2298 2510 τὴν
2332 2440 2424 2493 καὶ
2455 2438 2804 2507 εὐαρεστοῦσι
2853 2437 2993 2505 Θεῷ,
3050 2430 3111 2491 οὗ
3149 2437 3333 2505 μεῖζον
3358 2437 3459 2490 οὐκ
3513 2438 3580 2491 ἂν
3615 2438 3769 2509 εὖροι

2203 2531 2556 2602 κατόρθωμα.
2587 2531 2801 2594 Ταύτας
2829 2529 3006 2581 τοίνυν
3038 2530 3135 2591 τὰς
3170 2532 3464 2593 κανονικάς
3494 2530 3766 2595 διατάξεις

2200 2622 2472 2692 ἀσμένως,
2503 2621 2658 2690 φασὶ,
2686 2620 2983 2691 δεχόμενοι,
3012 2621 3131 2673 ἀντὶ
3161 2617 3255 2673 τοῦ
3279 2621 3600 2689 ἀγαπητῶς,
3632 2640 3767 2693 προ-

2200 2712 2408 2783 Θύμως,
2446 2712 2582 2782 μετὰ
2610 2711 2704 2766 τοῦ
2737 2712 2900 2765 Δαόὶδ
2956 2711 3183 2782 ᾄδομεν·
3238 2713 3336 2765 Ἐγ
3377 2710 3449 2780 τῇ
3505 2712 3621 2778 ὁδῷ
3649 2713 3767 2766 τῶν

2198 2805 2529 2874 μαρτυρίων
2546 2801 2669 2859 ’σου
2700 2802 3014 2873 ἐτέρφθηγ,
3055 2804 3135 2869 ὡς
3160 2804 3256 2856 ἐπὶ
3289 2803 3467 2857 παντὶ
3501 2806 3762 2868 πλούτῳ.

2198 2898 2355 2953 τοῦτο
2377 2899 2651 2966 λέγοντες,
2688 2899 2769 2950 ὅτι
2808 2896 3133 2957 ὐδεύοντες,
3174 2896 3339 2966 ἤγουν
3384 2895 3481 2966 τὴν
3520 2896 3638 2948 ὁδὸν
3670 2898 3762 2952 τοῦ

2199 2989 2316 3060 βίου
2346 2988 2621 3051 ἀνύοντες,
2641 2987 2783 3041 κατὰ
2804 2987 2871 3039 τὰ
2895 2986 3169 3057 μαρτύριά
3202 3003 3295 3039 σου
3317 2987 3637 3058 τερπόμεθα
3667 2989 3759 3040 καὶ

537 3090 623 3143 tria
652 3084 1072 3141 testimoniorum
1101 3094 1313 3137 tuorum
1364 3079 1651 3133 delectatus
1692 3095 1831 3143 sum,
1871 3079 2006 3132 sicut
2038 3080 2091 3132 in

2196 3080 2624 3152 εὐφραινόμεθα,
2646 3078 2720 3141 ὡς
2749 3080 2840 3131 ἐπὶ
2867 3081 3033 3131 παντὶ
3061 3077 3291 3149 πλούτῳ,
3327 3078 3398 3141 ὡς
3422 3080 3516 3134 ἐπὶ
3559 3098 3756 3133 παντοο

533 3172 779 3228 ontnibus
810 3171 1006 3225 divitiis
1038 3171 1084 3203 ”
1110 3186 1125 3224 ς
1171 3170 1323 3240 quasi
1352 3169 1431 3223 sic
1461 3170 1703 3224 dicerent
1727 3186 1741 3223 :
1768 3165 1877 3223 Nos
1903 3168 2092 3223 deam-

537 3265 811 3331 bulantes,
837 3278 933 3318 seu
965 3262 1086 3317 vita:
1108 3274 1334 3317 cursum
1358 3268 1677 3331 peragentcs
1719 3275 1785 3315 ex
1837 3260 2090 3315 testimo-

534 3357 642 3412 niis
667 3355 777 3409 tuis
815 3354 1154 3410 oblectamur
1176 3349 1646 3421 essultamusque,
1667 3358 1725 3405 ut
1757 3352 1811 3406 in
1835 3350 2091 3405 omnibus

601 3492 648 3526 "
682 3492 826 3549 Psal.
849 3504 1039 3554 esvm,
1069 3490 1155 3544 14.

2186 3173 2340 3244 δαπῷ
2364 3172 2457 3225 καὶ
2493 3169 2769 3224 πολυειδεῖ
2813 3169 3047 3241 πλούτῳ,
3076 3162 3329 3241 ἠ’ὦσπερ
3360 3171 3409 3223 εί
3464 3170 3647 3225 πάντα
3670 3172 3758 3224 τὸν

2188 3263 2417 3317 πλοῦτον
2444 3262 2579 3332 ὁμοῦ
2612 3260 2945 3332 συναχθέντα
2966 3263 3044 3324 είς
3071 3260 3151 3322 ἓν,
3168 3264 3217 3314 εί
3237 3262 3481 3326 δυνατὸν,
3499 3262 3755 3333 εἴχομενσ

2188 3354 2284 3408 καὶ
2337 3353 2537 3407 πάλιν
2585 3352 2893 3406 Ἐνετείλω
2921 3349 3312 3420 δικαιοσύνην
3350 3357 3421 3406 τὰ
3463 3352 3757 3434 μαρτύριά

1754 3583 1941 3644 Guill.
1980 3584 2299 3662 Beveregii
2344 3590 2535 3646 notae.

606 3694 715 3767 (l7)
763 3691 841 3745 Δι’
874 3683 957 3743 ὧν
1010 3686 1507 3767 γᾴρ-ἐπεκύρωσε
1568 3686 1674 3738 τὸν
1717 3682 1803 3767 β’,
1837 3685 2086 3767 κανόνα.

532 3755 849 3823 Secundum
877 3755 1095 3832 synodi
1117 3756 1387 3832 Trullanze
1402 3770 1681 3832 _c_anouen_i
1716 3773 1744 3810 a
1775 3755 2088 3811 JuSIiuiano

533 3824 1135 3906 it’nperatore._'novella
1194 3835 1325 3897 puta
1372 3824 1461 3879 151
1532 3826 1907 3906 conﬁrmatum
1962 3841 2086 3906 esse

533 3895 824 3963 Balsamon
852 3902 940 3955 hic
974 3895 1275 3961 asseverat,
1329 3911 1434 3948 non
1491 3897 1939 3952 animadvertetis
1986 3895 2082 3961 Ju-

533 3980 831 4034 Slinialium
868 3973 975 4023 vita
1010 3968 1252 4023 iunctum
1285 3967 1570 4036 plusquam
1612 3974 1828 4019 centum
1891 3967 2082 4036 viginti

535 4049 694 4102 annis
730 4057 997 4097 terrenam
1030 4054 1155 4096 cum
1184 4035 1392 4091 caelesti
1424 4050 1623 4089 corona
1657 4051 1806 4103 pl‘lllS
1838 4035 2081 4090 commu-

536 4130 709 4179 tasse,
743 4128 906 4184 quam
932 4111 1179 4184 synodus
1219 4106 1475 4184 'l‘rullana
1507 4106 1781 4184 celebrata
1814 4108 1940 4184 luit.
1972 4107 2081 4161 lmo

533 4176 997 4253 quidem'novella
1026 4182 1127 4253 ista
1162 4194 1189 4230 a
1223 4177 1543 4253 Balsamone
1567 4176 1919 4253 citataqetiam
1954 4187 2079 4253 ante

534 4244 782 4329 quintam
819 4252 1134 4329 generalem”
1170 4248 1432 4327 synodum
1461 4244 1930 4315 Coustantinolmlt
1987 4248 2079 4299 ha-

534 4317 701 4383 bitam
737 4317 1075 4393 promulgata
1113 4317 1235 4393 fuit,
1284 4317 1483 4393 quippe
1510 4331 1615 4383 qua
1660 4329 1911 4393 quatuor
1959 4328 2079 4370 ιεηι-

534 4386 817 4451 tummodo
876 4386 1216 4444 (lacuum-nica
1270 4386 1496 4438 euncilia
1549 4386 1869 4441 conﬁrmata
1923 4397 2073 4442 sunt.

2196 3686 2319 3750 Ubi,
2357 3699 2414 3741 ut
2473 3687 2653 3741 videre
2705 3698 2811 3752 est,
2872 3688 2991 3740 loco
3048 3696 3285 3757 quatuor
3317 3694 3525 3752 septem
3557 3688 3751 3757 synodi

2191 3758 2447 3812 mendos".
2510 3759 2920 3812 subStituuntur
2973 3774 2987 3810 :
3040 3772 3162 3826 qua;
3212 3756 3375 3808 etiam
3425 3758 3505 3810 sic
3563 3756 3750 3825 postea

2187 3836 2548 3882 recensentur
2576 3835 2633 3881 et
2663 3824 3080 3892 conﬁrmantur,
3114 3824 3329 3879 Nicena
3371 3824 3575 3894 prima,
3603 3827 3747 3881 Con-

2186 3898 2695 3966 stautmopolitana,
2737 3897 3046 3966 ,Ephesina,
3080 3895 3568 3958 Chalcedonensis,
3601 3897 3749 3950 Cou-

2185 3965 2677 4033 stantinopolitana
2734 3965 3033 4029 'sccunda,
3127 3967 3742 4032 ConstantinOpolitana

2182 4039 2368 4098 tertia,
2400 4035 2687 4091 etNit-aana
2712 4038 2974 4091 secunda.
3006 4036 3162 4092 Unde
3188 4036 3363 4104 palam
3398 4036 3455 4087 lit
3481 4035 3744 4103 Basilica,

2181 4121 2302 4174 qua:
2359 4105 2670 4161 Balsamoni
2723 4108 3124 4176 imposuerunt,
3182 4106 3285 4159 hoc
3345 4108 3652 4173 praesertim
3690 4109 3743 4161 in

2182 4176 2324 4241 loco,
2400 4188 2456 4231 ut
2510 4179 2616 4230 alia
2667 4178 2719 4231 in
2783 4179 3032 4244 przesenti
3067 4189 3297 4238 taceam,
3334 4176 3537 4229 misere
3570 4178 3744 4230 inter-

2181 4247 2361 4314 polata
2393 4256 2446 4299 et
2469 4256 2726 4313 corrupta
2758 4263 2882 4301 esse
2910 4265 2924 4311 ;
2954 4262 3077 4300 cum
3112 4259 3352 4314 praesens
3389 4244 3556 4298 etiam
3610 4261 3745 4300 con.

2179 4316 2362 4369 cilium
2396 4314 2585 4370 Nicaeae
2617 4318 2859 4370 habitum
2916 4331 2944 4368 a
2988 4314 3298 4370 Iustiniano
3353 4315 3739 4369 conﬁrmatum

2184 4384 2254 4438 ibi
2295 4387 2532 4446 dicatur,
2571 4387 2788 4441 etiamsi
2822 4388 2911 4440 ille
2952 4387 3236 4455 plusquam
3290 4385 3543 4437 ducentis
3579 4389 3741 4441 annis

536 4446 798 4521 siié'émm
832 4476 891 4514 se
931 4461 1135 4537 habet,‘
1159 4456 1436 4537 sancimus
1496 4454 1657 4537 igitur
1703 4458 1858 4508 vicem
1908 4458 2077 4524 legum
2112 4446 2154 4502 Ι)
2186 4466 2344 4537 a‘tttea
2376 4464 2624 4536 mortuus
2654 4446 3039 4537 luerit,_qu';u_n
3091 4446 3212 4509 haec
3245 4461 3594 4537 corruptela,
3642 4471 3741 4510 nec

532 4538 759 4591 obtinere
790 4540 997 4583 sanctas
1028 4527 1405 4580 ecclesiasticas
1438 4527 1663 4592 regulas,
1694 4541 1810 4592 qua:
1838 4544 1871 4579 a
1894 4531 2085 4580 sanctis

531 4598 1030 4674 quatuor__c_oncili_is
1074 4596 1319 4664 exposittc
1361 4604 1501 4674 sunt,
1545 4608 1633 4644 tmt
1683 4594 1951 4661 ﬁrmatae;
1993 4596 2087 4674 hoc

531 4666 629 4732 est.
670 4675 722 4725 in
757 4670 980 4722 Nicwua
1033 4676 1376 4718 trecentorum
1427 4666 1597 4715 decem
1655 4679 1700 4717 et
1752 4676 1903 4729 octo;
1954 4668 2085 4720 etin

530 4739 1135 4805 Constantinopolitano,
1161 4744 1456 4805 sanctorum
1482 4743 1686 4786 centum
1708 4736 2084 4804 quinquaginta

531 4811 795 4873 Patrum;
846 4804 893 4861 et
938 4809 991 4859 in
1038 4805 1295 4871 Ephesiae
1336 4804 1525 4867 prima,
1586 4806 1639 4855 in
1674 4822 1775 4871 qua
1808 4806 2082 4873 [Vestorius

528 4894 600 4935 est
623 4872 950 4942 damnatus;
981 4891 1027 4929 et
1060 4879 1110 4926 in
1161 4872 1558 4949 Chalcedonicu.
1612 4877 1663 4924 tu
1691 4891 1791 4949 qua
1824 4872 2080 4949 Eutyche:
2102 4929 2119 4949 .

530 4970 647 5005 cum
700 4950 939 5004 Nestorio
997 4946 1473 4999 anathematizatus
1526 4954 1622 4995 est.
1700 4943 2081 4997 l’rwdicturum

525 5028 659 5075 enim
683 5032 909 5090 quatuor
933 5016 1247 5087 synodorum
1276 5012 1517 5090 dogmata
1542 5012 1671 5090 sicut
1696 5025 1904 5090 sanctas
1938 5012 2080 5090 Scri-

526 5082 712 5159 pturas
773 5082 1086 5155 accipimus,
1140 5094 1188 5137 et
1252 5082 1469 5159 regulus
1517 5083 1649 5134 sicut
1692 5086 1847 5159 teges
1878 5086 2079 5159 ceser-

527 5151 729 5216 immus.
797 5151 1089 5214 Jus'tinian.
1146 5151 1325 5208 novel.
1378 5151 1499 5205 l3l.
1551 5166 1650 5219 cap
1684 5152 1736 5205 l.
1768 5151 1889 5206 Sed
1937 5158 2078 5207 unde

531 5234 693 5298 igitur
755 5229 1043 5283 Balsamon
1114 5224 1433 5278 Trullanam
1476 5221 1649 5298 etiam
1706 5224 2005 5298 synoduth
2042 5239 2075 5277 a

528 5289 837 5353 Iustiniano
867 5304 1243 5352 conlirmatam
1270 5292 1553 5347 hauserit?
1589 5289 1853 5346 Nimirum
1889 5307 1919 5346 θ
1968 5292 2074 5351 Ba-

533 5371 728 5434 SlilCiS,
764 5373 815 5423 in
850 5384 970 5435 quae
1001 5368 1144 5422 dicta
1177 5363 1473 5435 Justiuiani
1500 5359 1747 5429 Novella,
1787 5364 1947 5435 longe
1971 5360 2072 5416 ali-

532 5450 609 5492 ter
641 5433 801 5508 quam
837 5433 903 5492 ab
932 5433 1569 5508 coconstituta,_lralata
1595 5442 1725 5508 _est.
1786 5434 2073 5508 Enimvero

530 5511 585 5560 in
620 5503 976 5564 Basilicorum
1006 5506 1104 5561 lib.
1138 5523 1191 5561 v.
1225 5505 1308 5557 tit.
1343 5503 1398 5566 5,
1433 5518 1559 5569 cap.
1590 5504 1643 5566 2,
1694 5507 1798 5558 ista
1838 5504 2068 5569 novella,

529 5581 608 5632 sic
644 5580 853 5645 legitur,
886 5576 1224 5645 Θεσπίζομεν
1260 5573 1435 5627 τοίνυν
1458 5573 1610 5637 τάξιν
1648 5574 2069 5645 τόμωννὲπέχειι

528 5648 653 5709 τοὺς
692 5644 880 5713 ἇγίους
912 5644 1395 5715 ἐκκλησιαστικοὺς
1429 5661 1662 5715 κανοναςᾼ
1686 5645 1809 5715 τοὺς
1837 5644 1940 5696 ὑπὸ
1965 5644 2068 5695 τῶν

530 5719 699 5786 ἁγίων
728 5719 866 5770 ἑπτὰ
919 5713 1149 5768 συνόδων
1188 5714 1504 5776 ἐκτεθέντας
1558 5716 1589 5784 ἦ
1642 5713 2061 5783 βεδαιωθὲντας.

2187 4524 2474 4579 Bulsamou
2504 4526 2730 4593 primus,
2771 4526 2862 4595 qui
2892 4522 2954 4579 ea
2979 4526 3236 4591 deceptus
3262 4523 3385 4595 fuit.
3412 4522 3742 4595 Namlonge

2184 4604 2310 4649 ante
2339 4612 2461 4649 eum
2493 4595 2714 4648 Photius
2747 4593 3052 4662 patriarcha
3094 4593 3741 4661 Caristantinopolitanus

2186 4668 2430 4719 eamdem
2454 4664 2753 4718 Justiniani
2788 4666 3053 4718 novellam
3113 4665 3301 4718 eodem
3340 4668 3504 4733 modo
3550 4665 3742 4733 depra-

2186 4746 2360 4787 v;itam
2415 4734 2621 4797 citavit,
2663 4735 2725 4785 Ἠ
2772 4741 2817 4801 γ’
2868 4734 3110 4800 διάταξις
3159 4732 3252 4786 τοῦ
3305 4730 3350 4801 β’
3394 4732 3571 4784 τίτλου
3625 4730 3743 4786 τῶν

2183 4806 2409 4872 Νεαρὼν
2436 4807 2556 4865 τοὺς
2586 4801 2692 4856 τῶν
2721 4804 2859 4857 ἑπτὰ
2888 4804 3119 4857 συνόδων
3148 4806 3376 4864 κανόνας
3408 4804 3551 4855 υέλει
3600 4821 3743 4870 κρα-

2181 4871 2413 4927 τεῑνίκαὶ
2443 4877 2511 4926 τὰ
2536 4874 2778 4941 δόγματα
2822 4875 3022 4939 αὐτῶν,
3054 4874 3128 4936 ὡς
3178 4874 3277 4935 τὰς
3308 4871 3457 4934 θείας
3490 4873 3739 4941 Γραφάς.

2181 4943 2342 5014 Phot.
2383 4944 2681 5014 Nomocarn.
2722 4946 2804 4997 tit.
2838 4943 2887 5008 l,
2928 4959 3051 5014 cap.
3080 4944 3136 4997 2.
3190 4942 3349 5014 Unde
3394 4943 3502 5014 veri
3567 4945 3738 5014 nobs

2178 5012 2513 5073 simillimum
2546 5013 2780 5076 videtur,
2813 5014 2972 5069 istam
2998 5011 3287 5067 Iustiniani
3322 5011 3589 5066 novellam
3631 5013 3739 5068 hac

2179 5084 2488 5152 corruptela
2521 5082 2890 5151 depravatam,
2923 5093 2978 5138 et
3010 5085 3189 5138 tribus
3229 5082 3435 5136 ultimis
3475 5085 3738 5138 conciliis

2177 5163 2389 5209 auctam
2415 5169 2536 5209 esse
2559 5154 2741 5209 statim
2766 5163 2888 5224 post
2905 5162 3169 5224 tempora,
3194 5153 3393 5224 quibus
3417 5162 3733 5224 extremum

2176 5238 2364 5278 eorum
2422 5226 2537 5279 sive
2576 5220 2811 5291 praisetis
2856 5220 3100 5277 habitum
3138 5220 3275 5289 fuit;
3332 5220 3498 5291 idque
3529 5220 3738 5277 cono.

2176 5294 2337 5357 mine,
2395 5303 2452 5346 ut
2498 5294 2714 5347 decreta
2747 5294 2909 5363 hujus
2937 5294 3133 5363 synodi
3166 5295 3232 5346 de
3262 5292 3593 5363 itnagittjbus
3633 5294 3735 5363 ad-

2174 5365 2552 5433 erandistegis
2601 5363 2770 5417 vicem
2819 5361 3019 5417 habere
3052 5362 3385 5417 viderentur.
3451 5361 3557 5417 Sed
3590 5362 3728 5433 nihil

2174 5432 2641 5497 incautius,'nihil
2695 5433 3096 5502 imprudentius
3151 5435 3456 5502 perpetrari
3505 5432 3723 5502 potuit;

2172 5518 2295 5558 cum
2314 5504 2584 5569 neminem
2608 5500 2859 5557 lateat'im
2869 5503 3125 5572 possibile
3146 5500 3286 5569 esse,
3308 5512 3368 5555 ut
3383 5500 3724 5557 Justinianus

2170 5589 2230 5627 ea
2255 5574 2487 5629 concilia
2510 5572 2874 5642 conﬁrmaret,
2899 5588 3017 5641 qua:
3035 5573 3219 5627 multis
3238 5582 3355 5641 post
3373 5575 3493 5642 ejus
3512 5572 3723 5625 obitum

2170 5646 2328 5699 annis
2349 5644 2617 5700 celebrata
2634 5650 2779 5696 sunt.
2806 5641 2960 5708 Quod
2978 5645 3165 5707 miror,
3193 5656 3366 5711 neque
3397 5641 3426 5695 a
3452 5641 3733 5696 Balsamo—

2168 5730 2257 5781 ne,
2290 5731 2387 5771 nec
2413 5713 2630 5777 Photio,
2661 5728 2760 5768 nec
2780 5719 2847 5769 ab
2863 5713 2988 5768 aliis
3014 5714 3248 5769 antehac
3275 5713 3647 5769 observatum.
