  <div class='ocr_page' id='page_1' title='image "/cluster/home/n/w/nwhite01/storage/ocr_20150623/137/hvd.32044073502536/476.png"; bbox 0 0 4092 6214; ppageno 0'>
   <div class='ocr_carea' id='block_1_1' title="bbox 427 380 529 444">
    <p class='ocr_par' dir='ltr' id='par_1_1' title="bbox 427 380 529 444">
     <span class='ocr_line' id='line_1_1' title="bbox 427 380 529 444; baseline 0.029 -3"><span class='ocrx_word' id='word_1_1' title='bbox 427 380 529 444; x_wconf 68' lang='lat'><strong>831</strong></span> 
     </span>
    </p>
   </div>
   <div class='ocr_carea' id='block_1_2' title="bbox 1444 371 2676 440">
    <p class='ocr_par' dir='ltr' id='par_1_2' title="bbox 1444 371 2676 440">
     <span class='ocr_line' id='line_1_2' title="bbox 1444 371 2676 440; baseline -0.009 0"><span class='ocrx_word' id='word_1_2' title='bbox 1444 381 1524 440; x_wconf 76' lang='grc' dir='ltr'><strong>ΙΝ</strong></span> <span class='ocrx_word' id='word_1_3' title='bbox 1571 377 1737 438; x_wconf 70' lang='lat' dir='ltr'><strong>CAN.</strong></span> <span class='ocrx_word' id='word_1_4' title='bbox 1778 376 1833 434; x_wconf 87' lang='lat' dir='ltr'><strong>ll</strong></span> <span class='ocrx_word' id='word_1_5' title='bbox 1873 372 2141 434; x_wconf 83' lang='lat' dir='ltr'><strong>SYNODI</strong></span> <span class='ocrx_word' id='word_1_6' title='bbox 2183 372 2294 434; x_wconf 85' lang='lat' dir='ltr'><strong>VII</strong></span> <span class='ocrx_word' id='word_1_7' title='bbox 2322 371 2676 433; x_wconf 79' lang='lat' dir='ltr'><strong>(ECUMEN.</strong></span> 
     </span>
    </p>
   </div>
   <div class='ocr_carea' id='block_1_3' title="bbox 3551 360 3675 428">
    <p class='ocr_par' dir='ltr' id='par_1_3' title="bbox 3551 360 3675 428">
     <span class='ocr_line' id='line_1_3' title="bbox 3551 360 3675 428; baseline -0.032 0"><span class='ocrx_word' id='word_1_8' title='bbox 3551 360 3675 428; x_wconf 56' lang='grc' dir='ltr'>ὅδὲ</span> 
     </span>
    </p>
   </div>
   <div class='ocr_carea' id='block_1_4' title="bbox 424 475 2014 562">
    <p class='ocr_par' dir='ltr' id='par_1_4' title="bbox 424 490 1994 562">
     <span class='ocr_line' id='line_1_4' title="bbox 424 490 1994 562; baseline -0.007 -13"><span class='ocrx_word' id='word_1_9' title='bbox 424 512 541 549; x_wconf 87' lang='grc' dir='ltr'><strong>σου</strong></span> <span class='ocrx_word' id='word_1_10' title='bbox 569 496 659 561; x_wconf 73' lang='grc' dir='ltr'>εἰς</span> <span class='ocrx_word' id='word_1_11' title='bbox 688 495 794 549; x_wconf 83' lang='grc' dir='ltr'><strong>τὸν</strong></span> <span class='ocrx_word' id='word_1_12' title='bbox 821 494 1004 549; x_wconf 74' lang='grc' dir='ltr'>αἰῶνα</span> <span class='ocrx_word' id='word_1_13' title='bbox 1030 515 1042 527; x_wconf 86' lang='grc'><strong>·</strong></span> <span class='ocrx_word' id='word_1_14' title='bbox 1103 495 1430 550; x_wconf 76' lang='grc' dir='ltr'>συνέτισόν</span> <span class='ocrx_word' id='word_1_15' title='bbox 1459 511 1533 562; x_wconf 79' lang='grc' dir='ltr'><strong>με</strong></span> <span class='ocrx_word' id='word_1_16' title='bbox 1555 536 1568 557; x_wconf 91' lang='grc'><strong>,</strong></span> <span class='ocrx_word' id='word_1_17' title='bbox 1605 492 1698 545; x_wconf 74' lang='grc' dir='ltr'>καὶ</span> <span class='ocrx_word' id='word_1_18' title='bbox 1725 490 1994 558; x_wconf 66' lang='grc' dir='ltr'>ζήσομαι.</span> 
     </span>
    </p>
   </div>
   <div class='ocr_carea' id='block_1_5' title="bbox 2112 475 3659 562">
    <p class='ocr_par' dir='ltr' id='par_1_5' title="bbox 2112 475 3659 547">
     <span class='ocr_line' id='line_1_5' title="bbox 2112 475 3659 547; baseline -0.008 -8"><span class='ocrx_word' id='word_1_19' title='bbox 2112 484 2331 547; x_wconf 85' lang='lat' dir='ltr'><strong>divitiis,</strong></span> <span class='ocrx_word' id='word_1_20' title='bbox 2395 501 2500 539; x_wconf 91' lang='lat' dir='ltr'><strong>non</strong></span> <span class='ocrx_word' id='word_1_21' title='bbox 2561 484 2741 537; x_wconf 89' lang='lat' dir='ltr'><strong>minus</strong></span> <span class='ocrx_word' id='word_1_22' title='bbox 2786 478 3055 543; x_wconf 80' lang='lat' dir='ltr'><strong>videlicet,</strong></span> <span class='ocrx_word' id='word_1_23' title='bbox 3120 494 3181 531; x_wconf 87' lang='lat' dir='ltr'><strong>ac</strong></span> <span class='ocrx_word' id='word_1_24' title='bbox 3236 476 3282 534; x_wconf 86' lang='lat' dir='ltr'><strong>si</strong></span> <span class='ocrx_word' id='word_1_25' title='bbox 3345 475 3659 531; x_wconf 77' lang='lat' dir='ltr'><strong>divitiarum</strong></span> 
     </span>
    </p>
   </div>
   <div class='ocr_carea' id='block_1_6' title="bbox 430 583 1994 658">
    <p class='ocr_par' dir='ltr' id='par_1_6' title="bbox 430 583 1994 658">
     <span class='ocr_line' id='line_1_6' title="bbox 430 583 1994 658; baseline -0.004 -19"><span class='ocrx_word' id='word_1_26' title='bbox 430 588 538 639; x_wconf 74' lang='grc' dir='ltr'><strong>Καὶ</strong></span> <span class='ocrx_word' id='word_1_27' title='bbox 564 588 641 647; x_wconf 80' lang='grc' dir='ltr'>εἰς</span> <span class='ocrx_word' id='word_1_28' title='bbox 664 587 755 638; x_wconf 85' lang='grc' dir='ltr'>τὸν</span> <span class='ocrx_word' id='word_1_29' title='bbox 772 587 993 658; x_wconf 87' lang='grc' dir='ltr'>αἰῶναή</span> <span class='ocrx_word' id='word_1_30' title='bbox 1016 587 1328 658; x_wconf 70' lang='grc' dir='ltr'>προφητικὴ</span> <span class='ocrx_word' id='word_1_31' title='bbox 1357 585 1510 655; x_wconf 78' lang='grc' dir='ltr'>φωνὴ</span> <span class='ocrx_word' id='word_1_32' title='bbox 1538 583 1835 636; x_wconf 76' lang='grc' dir='ltr'><strong>ἐντέλλεται</strong></span> <span class='ocrx_word' id='word_1_33' title='bbox 1866 583 1994 649; x_wconf 75' lang='grc' dir='ltr'>ἡμῖν</span> 
     </span>
    </p>
   </div>
   <div class='ocr_carea' id='block_1_7' title="bbox 433 674 1998 749">
    <p class='ocr_par' dir='ltr' id='par_1_7' title="bbox 433 674 1998 749">
     <span class='ocr_line' id='line_1_7' title="bbox 433 674 1998 749; baseline -0.004 -20"><span class='ocrx_word' id='word_1_34' title='bbox 433 677 720 745; x_wconf 77' lang='grc' dir='ltr'><strong>φυλάττειν</strong></span> <span class='ocrx_word' id='word_1_35' title='bbox 750 678 817 730; x_wconf 67' lang='grc' dir='ltr'><strong>τὰ</strong></span> <span class='ocrx_word' id='word_1_36' title='bbox 849 678 1124 749; x_wconf 80' lang='grc' dir='ltr'>μαρτύρια</span> <span class='ocrx_word' id='word_1_37' title='bbox 1152 678 1246 732; x_wconf 88' lang='grc' dir='ltr'><strong>τοῦ</strong></span> <span class='ocrx_word' id='word_1_38' title='bbox 1274 677 1432 743; x_wconf 83' lang='grc' dir='ltr'><strong>Θεοῦ,</strong></span> <span class='ocrx_word' id='word_1_39' title='bbox 1462 676 1558 730; x_wconf 77' lang='grc' dir='ltr'><strong>καῖ</strong></span> <span class='ocrx_word' id='word_1_40' title='bbox 1586 676 1684 745; x_wconf 73' lang='grc' dir='ltr'>ζῇν</span> <span class='ocrx_word' id='word_1_41' title='bbox 1709 676 1764 727; x_wconf 78' lang='grc' dir='ltr'>ἐν</span> <span class='ocrx_word' id='word_1_42' title='bbox 1792 674 1998 736; x_wconf 76' lang='grc' dir='ltr'>αὐτοῖς,</span> 
     </span>
    </p>
   </div>
   <div class='ocr_carea' id='block_1_8' title="bbox 434 761 1997 839">
    <p class='ocr_par' dir='ltr' id='par_1_8' title="bbox 434 761 1997 839">
     <span class='ocr_line' id='line_1_8' title="bbox 434 761 1997 839; baseline -0.006 -18"><span class='ocrx_word' id='word_1_43' title='bbox 434 768 680 836; x_wconf 84' lang='grc' dir='ltr'>δηλονότι</span> <span class='ocrx_word' id='word_1_44' title='bbox 712 768 1073 839; x_wconf 79' lang='grc' dir='ltr'>ἀκραδάντοις</span> <span class='ocrx_word' id='word_1_45' title='bbox 1118 770 1213 822; x_wconf 80' lang='grc' dir='ltr'>καὶ</span> <span class='ocrx_word' id='word_1_46' title='bbox 1260 766 1579 828; x_wconf 80' lang='grc' dir='ltr'>ἁσαλεύτοις</span> <span class='ocrx_word' id='word_1_47' title='bbox 1607 764 1849 834; x_wconf 88' lang='grc' dir='ltr'>μένουσι.</span> <span class='ocrx_word' id='word_1_48' title='bbox 1883 761 1997 813; x_wconf 62' lang='grc' dir='ltr'><strong>Ζῶν</strong></span> 
     </span>
    </p>
   </div>
   <div class='ocr_carea' id='block_1_9' title="bbox 439 854 1998 932">
    <p class='ocr_par' dir='ltr' id='par_1_9' title="bbox 439 854 1998 932">
     <span class='ocr_line' id='line_1_9' title="bbox 439 854 1998 932; baseline -0.015 -4"><span class='ocrx_word' id='word_1_49' title='bbox 439 877 541 929; x_wconf 82' lang='grc' dir='ltr'><strong>μεν</strong></span> <span class='ocrx_word' id='word_1_50' title='bbox 564 862 673 931; x_wconf 69' lang='grc' dir='ltr'><strong>γὰρ</strong></span> <span class='ocrx_word' id='word_1_51' title='bbox 698 861 752 913; x_wconf 76' lang='grc' dir='ltr'>ἐν</span> <span class='ocrx_word' id='word_1_52' title='bbox 775 864 889 924; x_wconf 77' lang='grc' dir='ltr'>τοῖς</span> <span class='ocrx_word' id='word_1_53' title='bbox 923 861 1016 914; x_wconf 92' lang='grc' dir='ltr'><strong>τοῦ</strong></span> <span class='ocrx_word' id='word_1_54' title='bbox 1048 861 1183 914; x_wconf 86' lang='grc' dir='ltr'>Θεοῦ</span> <span class='ocrx_word' id='word_1_55' title='bbox 1221 860 1565 932; x_wconf 79' lang='grc' dir='ltr'><strong>μαρτυρίοις,</strong></span> <span class='ocrx_word' id='word_1_56' title='bbox 1606 859 1736 910; x_wconf 85' lang='grc' dir='ltr'>ὅταν</span> <span class='ocrx_word' id='word_1_57' title='bbox 1770 854 1998 909; x_wconf 84' lang='grc' dir='ltr'>ἀσάλευ-</span> 
     </span>
    </p>
   </div>
   <div class='ocr_carea' id='block_1_10' title="bbox 434 946 1997 1024">
    <p class='ocr_par' dir='ltr' id='par_1_10' title="bbox 434 946 1997 1024">
     <span class='ocr_line' id='line_1_10' title="bbox 434 946 1997 1024; baseline -0.006 -17"><span class='ocrx_word' id='word_1_58' title='bbox 434 970 503 1007; x_wconf 84' lang='grc' dir='ltr'><strong>τα</strong></span> <span class='ocrx_word' id='word_1_59' title='bbox 530 954 702 1006; x_wconf 86' lang='grc' dir='ltr'>ταῦτα</span> <span class='ocrx_word' id='word_1_60' title='bbox 762 954 1002 1021; x_wconf 79' lang='grc' dir='ltr'><strong>μένωσι,</strong></span> <span class='ocrx_word' id='word_1_61' title='bbox 1052 953 1126 1023; x_wconf 82' lang='grc' dir='ltr'>μὴ</span> <span class='ocrx_word' id='word_1_62' title='bbox 1171 951 1625 1024; x_wconf 78' lang='grc' dir='ltr'>παραδαινόμενα</span> <span class='ocrx_word' id='word_1_63' title='bbox 1679 947 1807 1018; x_wconf 83' lang='grc' dir='ltr'>παρ’</span> <span class='ocrx_word' id='word_1_64' title='bbox 1843 946 1997 1015; x_wconf 80' lang='grc' dir='ltr'>ἡμῶν</span> 
     </span>
    </p>
   </div>
   <div class='ocr_carea' id='block_1_11' title="bbox 440 1030 1998 1115">
    <p class='ocr_par' dir='ltr' id='par_1_11' title="bbox 440 1030 1998 1115">
     <span class='ocr_line' id='line_1_11' title="bbox 440 1030 1998 1115; baseline -0.004 -18"><span class='ocrx_word' id='word_1_65' title='bbox 440 1044 577 1114; x_wconf 80' lang='grc' dir='ltr'>μηδὲ</span> <span class='ocrx_word' id='word_1_66' title='bbox 636 1045 992 1114; x_wconf 84' lang='grc' dir='ltr'>ἀθετούμενα.</span> <span class='ocrx_word' id='word_1_67' title='bbox 1064 1045 1399 1115; x_wconf 77' lang='grc' dir='ltr'>’Δκράδαντα</span> <span class='ocrx_word' id='word_1_68' title='bbox 1428 1042 1484 1095; x_wconf 82' lang='grc' dir='ltr'>δὲ</span> <span class='ocrx_word' id='word_1_69' title='bbox 1527 1043 1595 1095; x_wconf 80' lang='grc' dir='ltr'><strong>τὰ</strong></span> <span class='ocrx_word' id='word_1_70' title='bbox 1624 1030 1998 1109; x_wconf 78' lang='grc' dir='ltr'>ὲστηριγμένα</span> 
     </span>
    </p>
   </div>
   <div class='ocr_carea' id='block_1_12' title="bbox 438 1131 2000 1205">
    <p class='ocr_par' dir='ltr' id='par_1_12' title="bbox 438 1131 2000 1205">
     <span class='ocr_line' id='line_1_12' title="bbox 438 1131 2000 1205; baseline -0.003 -18"><span class='ocrx_word' id='word_1_71' title='bbox 438 1135 533 1187; x_wconf 73' lang='grc' dir='ltr'><strong>καὶ</strong></span> <span class='ocrx_word' id='word_1_72' title='bbox 565 1135 640 1204; x_wconf 74' lang='grc' dir='ltr'>μὴ</span> <span class='ocrx_word' id='word_1_73' title='bbox 696 1135 893 1204; x_wconf 68' lang='grc' dir='ltr'>ῥᾳδίως</span> <span class='ocrx_word' id='word_1_74' title='bbox 939 1135 1233 1205; x_wconf 86' lang='grc' dir='ltr'>κινούμενα</span> <span class='ocrx_word' id='word_1_75' title='bbox 1284 1134 1554 1202; x_wconf 83' lang='grc' dir='ltr'>λέγονται.</span> <span class='ocrx_word' id='word_1_76' title='bbox 1600 1132 1788 1203; x_wconf 83' lang='grc' dir='ltr'>Κράδη</span> <span class='ocrx_word' id='word_1_77' title='bbox 1836 1131 1942 1199; x_wconf 82' lang='grc' dir='ltr'>γὰρ</span> <span class='ocrx_word' id='word_1_78' title='bbox 1972 1132 2000 1183; x_wconf 87' lang='grc' dir='ltr'>ὀ</span> 
     </span>
    </p>
   </div>
   <div class='ocr_carea' id='block_1_13' title="bbox 439 1221 1999 1294">
    <p class='ocr_par' dir='ltr' id='par_1_13' title="bbox 439 1221 1999 1294">
     <span class='ocr_line' id='line_1_13' title="bbox 439 1221 1999 1294; baseline -0.003 -18"><span class='ocrx_word' id='word_1_79' title='bbox 439 1222 630 1286; x_wconf 73' lang='grc' dir='ltr'>κλάδος</span> <span class='ocrx_word' id='word_1_80' title='bbox 650 1222 864 1290; x_wconf 85' lang='grc' dir='ltr'>λέγεται</span> <span class='ocrx_word' id='word_1_81' title='bbox 899 1224 997 1293; x_wconf 82' lang='grc' dir='ltr'>τῆς</span> <span class='ocrx_word' id='word_1_82' title='bbox 1037 1224 1228 1294; x_wconf 84' lang='grc' dir='ltr'>συκῆς,</span> <span class='ocrx_word' id='word_1_83' title='bbox 1264 1224 1321 1286; x_wconf 85' lang='grc' dir='ltr'>ὃς</span> <span class='ocrx_word' id='word_1_84' title='bbox 1359 1222 1591 1292; x_wconf 74' lang='grc' dir='ltr'>ἀσθενής</span> <span class='ocrx_word' id='word_1_85' title='bbox 1646 1223 1758 1275; x_wconf 78' lang='grc' dir='ltr'>ἐστι</span> <span class='ocrx_word' id='word_1_86' title='bbox 1791 1224 1881 1271; x_wconf 72' lang='grc' dir='ltr'>καὶ</span> <span class='ocrx_word' id='word_1_87' title='bbox 1910 1221 1999 1272; x_wconf 66' lang='lat'><strong>2&#39;3-</strong></span> 
     </span>
    </p>
   </div>
   <div class='ocr_carea' id='block_1_14' title="bbox 439 1310 2001 1384">
    <p class='ocr_par' dir='ltr' id='par_1_14' title="bbox 439 1310 2001 1384">
     <span class='ocr_line' id='line_1_14' title="bbox 439 1310 2001 1384; baseline -0.002 -18"><span class='ocrx_word' id='word_1_88' title='bbox 439 1314 612 1377; x_wconf 85' lang='grc' dir='ltr'>κόλως</span> <span class='ocrx_word' id='word_1_89' title='bbox 646 1314 1039 1384; x_wconf 81' lang='grc' dir='ltr'>συνθλώμενος.</span> <span class='ocrx_word' id='word_1_90' title='bbox 1091 1316 1150 1367; x_wconf 89' lang='lat'><strong>&#39;0</strong></span> <span class='ocrx_word' id='word_1_91' title='bbox 1177 1314 1307 1381; x_wconf 90' lang='grc' dir='ltr'>γοῦν</span> <span class='ocrx_word' id='word_1_92' title='bbox 1360 1313 1752 1384; x_wconf 71' lang='grc' dir='ltr'>ἑστηριγμένσς</span> <span class='ocrx_word' id='word_1_93' title='bbox 1804 1313 1896 1365; x_wconf 75' lang='grc' dir='ltr'>καὶ</span> <span class='ocrx_word' id='word_1_94' title='bbox 1926 1310 2001 1381; x_wconf 77' lang='grc' dir='ltr'>μὴ</span> 
     </span>
    </p>
   </div>
   <div class='ocr_carea' id='block_1_15' title="bbox 437 1400 2002 1477">
    <p class='ocr_par' dir='ltr' id='par_1_15' title="bbox 437 1400 2002 1477">
     <span class='ocr_line' id='line_1_15' title="bbox 437 1400 2002 1477; baseline -0.003 -20"><span class='ocrx_word' id='word_1_95' title='bbox 437 1406 677 1467; x_wconf 78' lang='grc' dir='ltr'><strong>εὐκόλως</strong></span> <span class='ocrx_word' id='word_1_96' title='bbox 733 1408 1047 1475; x_wconf 84' lang='grc' dir='ltr'>κινούμενος</span> <span class='ocrx_word' id='word_1_97' title='bbox 1099 1408 1428 1477; x_wconf 82' lang='grc' dir='ltr'>ἀκράδαντος</span> <span class='ocrx_word' id='word_1_98' title='bbox 1461 1406 1698 1473; x_wconf 82' lang='grc' dir='ltr'>λέγεται.</span> <span class='ocrx_word' id='word_1_99' title='bbox 1753 1400 1882 1457; x_wconf 71' lang='grc' dir='ltr'>Εἶτα</span> <span class='ocrx_word' id='word_1_100' title='bbox 1907 1404 2002 1454; x_wconf 73' lang='grc' dir='ltr'>καὶ</span> 
     </span>
    </p>
   </div>
   <div class='ocr_carea' id='block_1_16' title="bbox 438 1496 2001 1566">
    <p class='ocr_par' dir='ltr' id='par_1_16' title="bbox 438 1496 2001 1566">
     <span class='ocr_line' id='line_1_16' title="bbox 438 1496 2001 1566; baseline -0.003 -15"><span class='ocrx_word' id='word_1_101' title='bbox 438 1500 531 1551; x_wconf 62' lang='grc' dir='ltr'><strong>τὸν</strong></span> <span class='ocrx_word' id='word_1_102' title='bbox 562 1498 802 1566; x_wconf 77' lang='grc' dir='ltr'>Μωῦσῆν</span> <span class='ocrx_word' id='word_1_103' title='bbox 834 1500 1069 1565; x_wconf 78' lang='grc' dir='ltr'>παράγει</span> <span class='ocrx_word' id='word_1_104' title='bbox 1099 1497 1349 1566; x_wconf 83' lang='grc' dir='ltr'>λέγοντα,</span> <span class='ocrx_word' id='word_1_105' title='bbox 1385 1499 1465 1552; x_wconf 83' lang='grc' dir='ltr'>ὅτι</span> <span class='ocrx_word' id='word_1_106' title='bbox 1511 1498 1613 1551; x_wconf 80' lang='grc' dir='ltr'><strong>Ἐν</strong></span> <span class='ocrx_word' id='word_1_107' title='bbox 1638 1496 1860 1562; x_wconf 83' lang='grc' dir='ltr'>αὐτοῖς,</span> <span class='ocrx_word' id='word_1_108' title='bbox 1892 1498 2001 1557; x_wconf 78' lang='grc' dir='ltr'>τοῖς</span> 
     </span>
    </p>
   </div>
   <div class='ocr_carea' id='block_1_17' title="bbox 441 1588 2000 1662">
    <p class='ocr_par' dir='ltr' id='par_1_17' title="bbox 441 1588 2000 1662">
     <span class='ocr_line' id='line_1_17' title="bbox 441 1588 2000 1662; baseline -0.004 -19"><span class='ocrx_word' id='word_1_109' title='bbox 441 1591 605 1652; x_wconf 77' lang='grc' dir='ltr'><strong>θείοις</strong></span> <span class='ocrx_word' id='word_1_110' title='bbox 637 1590 837 1662; x_wconf 73' lang='grc' dir='ltr'>δηλαδὴ</span> <span class='ocrx_word' id='word_1_111' title='bbox 881 1591 1259 1660; x_wconf 67' lang='grc' dir='ltr'>διατάγμασιν,</span> <span class='ocrx_word' id='word_1_112' title='bbox 1300 1592 1410 1644; x_wconf 71' lang='grc' dir='ltr'>οὐκ</span> <span class='ocrx_word' id='word_1_113' title='bbox 1460 1591 1593 1643; x_wconf 74' lang='grc' dir='ltr'>ἐστι</span> <span class='ocrx_word' id='word_1_114' title='bbox 1633 1588 2000 1655; x_wconf 79' lang='grc' dir='ltr'>προσθεῖναι,</span> 
     </span>
    </p>
   </div>
   <div class='ocr_carea' id='block_1_18' title="bbox 441 1682 2007 1753">
    <p class='ocr_par' dir='ltr' id='par_1_18' title="bbox 441 1682 2007 1753">
     <span class='ocr_line' id='line_1_18' title="bbox 441 1682 2007 1753; baseline -0.005 -16"><span class='ocrx_word' id='word_1_115' title='bbox 441 1685 542 1738; x_wconf 77' lang='grc' dir='ltr'>καὶ</span> <span class='ocrx_word' id='word_1_116' title='bbox 564 1685 635 1748; x_wconf 76' lang='grc' dir='ltr'><strong>ἐξ</strong></span> <span class='ocrx_word' id='word_1_117' title='bbox 659 1682 857 1737; x_wconf 75' lang='grc' dir='ltr'>αὐτῶν</span> <span class='ocrx_word' id='word_1_118' title='bbox 905 1686 1015 1737; x_wconf 79' lang='grc' dir='ltr'>οὐκ</span> <span class='ocrx_word' id='word_1_119' title='bbox 1045 1684 1215 1738; x_wconf 78' lang='grc' dir='ltr'>ἐστιν</span> <span class='ocrx_word' id='word_1_120' title='bbox 1263 1682 1513 1753; x_wconf 75' lang='grc' dir='ltr'><strong>ἀφελεῖν</strong></span> <span class='ocrx_word' id='word_1_121' title='bbox 1538 1698 1553 1713; x_wconf 83' lang='grc'><strong>·</strong></span> <span class='ocrx_word' id='word_1_122' title='bbox 1586 1683 1679 1735; x_wconf 71' lang='grc' dir='ltr'>καὶ</span> <span class='ocrx_word' id='word_1_123' title='bbox 1708 1682 1833 1742; x_wconf 78' lang='grc' dir='ltr'>τοὺς</span> <span class='ocrx_word' id='word_1_124' title='bbox 1872 1683 2007 1732; x_wconf 69' lang='grc' dir='ltr'>ἁπο-</span> 
     </span>
    </p>
   </div>
   <div class='ocr_carea' id='block_1_19' title="bbox 444 1775 2005 1848">
    <p class='ocr_par' dir='ltr' id='par_1_19' title="bbox 444 1775 2005 1848">
     <span class='ocr_line' id='line_1_19' title="bbox 444 1775 2005 1848; baseline -0.004 -17"><span class='ocrx_word' id='word_1_125' title='bbox 444 1778 685 1843; x_wconf 82' lang='grc' dir='ltr'>στόλους,</span> <span class='ocrx_word' id='word_1_126' title='bbox 720 1778 811 1830; x_wconf 75' lang='grc' dir='ltr'>τὸν</span> <span class='ocrx_word' id='word_1_127' title='bbox 840 1778 940 1846; x_wconf 77' lang='grc' dir='ltr'>μὲν</span> <span class='ocrx_word' id='word_1_128' title='bbox 963 1778 1059 1848; x_wconf 84' lang='grc' dir='ltr'>τὴν</span> <span class='ocrx_word' id='word_1_129' title='bbox 1090 1778 1274 1830; x_wconf 81' lang='grc' dir='ltr'>πίστιν</span> <span class='ocrx_word' id='word_1_130' title='bbox 1330 1775 1662 1846; x_wconf 87' lang='grc' dir='ltr'>θερμότατον</span> <span class='ocrx_word' id='word_1_131' title='bbox 1695 1775 1922 1842; x_wconf 81' lang='grc' dir='ltr'>Πέτρον.</span> <span class='ocrx_word' id='word_1_132' title='bbox 1950 1775 2005 1824; x_wconf 82' lang='grc' dir='ltr'>ἐν</span> 
     </span>
    </p>
   </div>
   <div class='ocr_carea' id='block_1_20' title="bbox 441 1865 2009 1940">
    <p class='ocr_par' dir='ltr' id='par_1_20' title="bbox 441 1865 2009 1940">
     <span class='ocr_line' id='line_1_20' title="bbox 441 1865 2009 1940; baseline -0.005 -15"><span class='ocrx_word' id='word_1_133' title='bbox 441 1872 627 1933; x_wconf 75' lang='grc' dir='ltr'>αὐτοῖς</span> <span class='ocrx_word' id='word_1_134' title='bbox 654 1869 1025 1940; x_wconf 79' lang='grc' dir='ltr'>καυχώμενον,</span> <span class='ocrx_word' id='word_1_135' title='bbox 1054 1871 1149 1923; x_wconf 73' lang='grc' dir='ltr'>καὶ</span> <span class='ocrx_word' id='word_1_136' title='bbox 1188 1871 1408 1923; x_wconf 73' lang='grc' dir='ltr'>εἰπόντα</span> <span class='ocrx_word' id='word_1_137' title='bbox 1426 1887 1440 1900; x_wconf 75' lang='grc'><strong>’</strong></span> <span class='ocrx_word' id='word_1_138' title='bbox 1495 1871 1596 1933; x_wconf 83' lang='grc' dir='ltr'><strong>Εις</strong></span> <span class='ocrx_word' id='word_1_139' title='bbox 1625 1866 1663 1920; x_wconf 81' lang='lat' dir='ltr'><strong>d</strong></span> <span class='ocrx_word' id='word_1_140' title='bbox 1688 1865 2009 1933; x_wconf 79' lang='grc' dir='ltr'>ἐπιθυμοῦ-</span> 
     </span>
    </p>
   </div>
   <div class='ocr_carea' id='block_1_21' title="bbox 440 1956 2008 2029">
    <p class='ocr_par' dir='ltr' id='par_1_21' title="bbox 440 1956 2008 2029">
     <span class='ocr_line' id='line_1_21' title="bbox 440 1956 2008 2029; baseline -0.007 -12"><span class='ocrx_word' id='word_1_141' title='bbox 440 1979 548 2017; x_wconf 80' lang='grc' dir='ltr'><strong>σικ</strong></span> <span class='ocrx_word' id='word_1_142' title='bbox 598 1961 837 2029; x_wconf 55' lang='grc' dir='ltr'>ἄγγελοι</span> <span class='ocrx_word' id='word_1_143' title='bbox 892 1962 1264 2029; x_wconf 72' lang='grc' dir='ltr'>παρακύψαι.</span> <span class='ocrx_word' id='word_1_144' title='bbox 1321 1960 1478 2016; x_wconf 78' lang='grc' dir='ltr'>ἄτινά</span> <span class='ocrx_word' id='word_1_145' title='bbox 1507 1962 1665 2022; x_wconf 79' lang='grc' dir='ltr'>εἰσιν,</span> <span class='ocrx_word' id='word_1_146' title='bbox 1700 1958 1776 2020; x_wconf 85' lang='grc' dir='ltr'><strong>ὡς</strong></span> <span class='ocrx_word' id='word_1_147' title='bbox 1803 1956 2008 2018; x_wconf 81' lang='grc' dir='ltr'>ἐκεῖνός</span> 
     </span>
    </p>
   </div>
   <div class='ocr_carea' id='block_1_22' title="bbox 443 2048 2007 2123">
    <p class='ocr_par' dir='ltr' id='par_1_22' title="bbox 443 2048 2007 2123">
     <span class='ocr_line' id='line_1_22' title="bbox 443 2048 2007 2123; baseline -0.004 -18"><span class='ocrx_word' id='word_1_148' title='bbox 443 2070 631 2123; x_wconf 77' lang='grc' dir='ltr'>φησιν,</span> <span class='ocrx_word' id='word_1_149' title='bbox 668 2052 703 2106; x_wconf 73' lang='grc' dir='ltr'><strong>δ.</strong></span> <span class='ocrx_word' id='word_1_150' title='bbox 746 2052 839 2104; x_wconf 89' lang='grc' dir='ltr'><strong>νῦν</strong></span> <span class='ocrx_word' id='word_1_151' title='bbox 878 2052 1153 2122; x_wconf 82' lang='grc' dir='ltr'>ἀνηγγέλη</span> <span class='ocrx_word' id='word_1_152' title='bbox 1211 2054 1342 2123; x_wconf 81' lang='grc' dir='ltr'>ἡμῖν</span> <span class='ocrx_word' id='word_1_153' title='bbox 1389 2052 1479 2105; x_wconf 78' lang='grc' dir='ltr'><strong>διὰ</strong></span> <span class='ocrx_word' id='word_1_154' title='bbox 1513 2051 1619 2103; x_wconf 85' lang='grc' dir='ltr'><strong>τῶν</strong></span> <span class='ocrx_word' id='word_1_155' title='bbox 1646 2048 2007 2116; x_wconf 79' lang='grc' dir='ltr'>εὐαγγελισα-</span> 
     </span>
    </p>
   </div>
   <div class='ocr_carea' id='block_1_23' title="bbox 445 2139 2059 2213">
    <p class='ocr_par' dir='ltr' id='par_1_23' title="bbox 445 2139 2059 2213">
     <span class='ocr_line' id='line_1_23' title="bbox 445 2139 2059 2213; baseline -0.005 -17"><span class='ocrx_word' id='word_1_156' title='bbox 445 2142 622 2213; x_wconf 82' lang='grc' dir='ltr'>μένων</span> <span class='ocrx_word' id='word_1_157' title='bbox 652 2144 783 2211; x_wconf 80' lang='grc' dir='ltr'>ήμῖν</span> <span class='ocrx_word' id='word_1_158' title='bbox 810 2144 867 2194; x_wconf 79' lang='grc' dir='ltr'>ἐν</span> <span class='ocrx_word' id='word_1_159' title='bbox 890 2142 1166 2210; x_wconf 83' lang='grc' dir='ltr'>Πνεύματι</span> <span class='ocrx_word' id='word_1_160' title='bbox 1196 2141 1335 2211; x_wconf 82' lang='grc' dir='ltr'>ἁγίῳ</span> <span class='ocrx_word' id='word_1_161' title='bbox 1356 2156 1371 2171; x_wconf 77' lang='grc'><strong><em>⁸</em></strong></span> <span class='ocrx_word' id='word_1_162' title='bbox 1426 2142 1473 2193; x_wconf 88' lang='grc' dir='ltr'><strong>εί</strong></span> <span class='ocrx_word' id='word_1_163' title='bbox 1508 2140 1599 2192; x_wconf 86' lang='grc' dir='ltr'><strong>καί</strong></span> <span class='ocrx_word' id='word_1_164' title='bbox 1627 2155 1771 2199; x_wconf 88' lang='grc' dir='ltr'>τινες</span> <span class='ocrx_word' id='word_1_165' title='bbox 1806 2139 2007 2205; x_wconf 76' lang='grc' dir='ltr'>ἑτέρως</span> <span class='ocrx_word' id='word_1_166' title='bbox 2056 2162 2059 2163; x_wconf 52' lang='grc' dir='ltr'><strong>ν</strong></span> 
     </span>
    </p>
   </div>
   <div class='ocr_carea' id='block_1_24' title="bbox 442 2227 2008 2303">
    <p class='ocr_par' dir='ltr' id='par_1_24' title="bbox 442 2227 2008 2303">
     <span class='ocr_line' id='line_1_24' title="bbox 442 2227 2008 2303; baseline -0.007 -16"><span class='ocrx_word' id='word_1_167' title='bbox 442 2233 765 2303; x_wconf 74' lang='grc' dir='ltr'><strong>ἐξηγοῦνται</strong></span> <span class='ocrx_word' id='word_1_168' title='bbox 796 2232 854 2285; x_wconf 77' lang='grc' dir='ltr'>τὸ</span> <span class='ocrx_word' id='word_1_169' title='bbox 886 2232 1244 2285; x_wconf 73' lang='grc' dir='ltr'>ἁποστολικδν</span> <span class='ocrx_word' id='word_1_170' title='bbox 1286 2231 1442 2285; x_wconf 85' lang='grc' dir='ltr'>τοῦτο</span> <span class='ocrx_word' id='word_1_171' title='bbox 1472 2230 1634 2301; x_wconf 76' lang='grc' dir='ltr'>ῥητόν</span> <span class='ocrx_word' id='word_1_172' title='bbox 1658 2246 1671 2259; x_wconf 76' lang='grc' dir='ltr'><strong>ο</strong></span> <span class='ocrx_word' id='word_1_173' title='bbox 1708 2231 1799 2280; x_wconf 77' lang='grc' dir='ltr'>τὸν</span> <span class='ocrx_word' id='word_1_174' title='bbox 1832 2228 1885 2280; x_wconf 83' lang='grc' dir='ltr'>δὲ</span> <span class='ocrx_word' id='word_1_175' title='bbox 1920 2227 2008 2279; x_wconf 71' lang='grc' dir='ltr'>τὸν</span> 
     </span>
    </p>
   </div>
   <div class='ocr_carea' id='block_1_25' title="bbox 444 2322 2008 2395">
    <p class='ocr_par' dir='ltr' id='par_1_25' title="bbox 444 2322 2008 2395">
     <span class='ocr_line' id='line_1_25' title="bbox 444 2322 2008 2395; baseline -0.004 -19"><span class='ocrx_word' id='word_1_176' title='bbox 444 2326 602 2395; x_wconf 76' lang='grc' dir='ltr'>ζῆλον</span> <span class='ocrx_word' id='word_1_177' title='bbox 637 2326 800 2377; x_wconf 76' lang='grc' dir='ltr'>πολὺν</span> <span class='ocrx_word' id='word_1_178' title='bbox 828 2324 1035 2377; x_wconf 79' lang='grc' dir='ltr'>Παῦλον</span> <span class='ocrx_word' id='word_1_179' title='bbox 1065 2323 1304 2392; x_wconf 79' lang='grc' dir='ltr'>βοῶντα·</span> <span class='ocrx_word' id='word_1_180' title='bbox 1341 2322 1467 2375; x_wconf 78' lang='grc' dir='ltr'><strong>Κᾶν</strong></span> <span class='ocrx_word' id='word_1_181' title='bbox 1490 2322 1743 2390; x_wconf 75' lang='grc' dir='ltr'>ἅγγελος</span> <span class='ocrx_word' id='word_1_182' title='bbox 1766 2323 2008 2388; x_wconf 72' lang='grc' dir='ltr'>εὐαγγε-</span> 
     </span>
    </p>
   </div>
   <div class='ocr_carea' id='block_1_26' title="bbox 440 2411 2007 2485">
    <p class='ocr_par' dir='ltr' id='par_1_26' title="bbox 440 2411 2007 2485">
     <span class='ocr_line' id='line_1_26' title="bbox 440 2411 2007 2485; baseline -0.004 -14"><span class='ocrx_word' id='word_1_183' title='bbox 440 2418 670 2484; x_wconf 71' lang='grc' dir='ltr'>.1ι’ζηται</span> <span class='ocrx_word' id='word_1_184' title='bbox 702 2416 841 2485; x_wconf 80' lang='grc' dir='ltr'><strong>ὑμῖν</strong></span> <span class='ocrx_word' id='word_1_185' title='bbox 869 2419 1004 2483; x_wconf 72' lang='grc' dir='ltr'>παρ’</span> <span class='ocrx_word' id='word_1_186' title='bbox 1029 2417 1059 2470; x_wconf 80' lang='grc' dir='ltr'><em>ὃ</em></span> <span class='ocrx_word' id='word_1_187' title='bbox 1100 2415 1483 2482; x_wconf 72' lang='grc' dir='ltr'>παρελάϐετε,</span> <span class='ocrx_word' id='word_1_188' title='bbox 1537 2412 1801 2479; x_wconf 78' lang='grc' dir='ltr'><strong>ἀνάθεμα</strong></span> <span class='ocrx_word' id='word_1_189' title='bbox 1831 2411 2007 2464; x_wconf 78' lang='grc' dir='ltr'>ἔστω.</span> 
     </span>
    </p>
   </div>
   <div class='ocr_carea' id='block_1_27' title="bbox 446 2501 2008 2573">
    <p class='ocr_par' dir='ltr' id='par_1_27' title="bbox 446 2501 2008 2573">
     <span class='ocr_line' id='line_1_27' title="bbox 446 2501 2008 2573; baseline -0.007 -12"><span class='ocrx_word' id='word_1_190' title='bbox 446 2508 557 2562; x_wconf 74' lang='grc' dir='ltr'><strong>Καὶ</strong></span> <span class='ocrx_word' id='word_1_191' title='bbox 582 2507 675 2559; x_wconf 74' lang='grc' dir='ltr'><strong>ἐπὶ</strong></span> <span class='ocrx_word' id='word_1_192' title='bbox 703 2506 912 2567; x_wconf 82' lang='grc' dir='ltr'>τούτοις</span> <span class='ocrx_word' id='word_1_193' title='bbox 933 2507 1233 2573; x_wconf 72' lang='grc' dir='ltr'><strong>ἐπάγουσιν</strong></span> <span class='ocrx_word' id='word_1_194' title='bbox 1262 2505 1312 2557; x_wconf 80' lang='grc' dir='ltr'>οἱ</span> <span class='ocrx_word' id='word_1_195' title='bbox 1346 2504 1437 2557; x_wconf 84' lang='grc' dir='ltr'>τὸν</span> <span class='ocrx_word' id='word_1_196' title='bbox 1471 2504 1668 2556; x_wconf 82' lang='grc' dir='ltr'>κανόνα</span> <span class='ocrx_word' id='word_1_197' title='bbox 1691 2501 1880 2554; x_wconf 86' lang='grc' dir='ltr'>τοῦτον</span> <span class='ocrx_word' id='word_1_198' title='bbox 1914 2501 2008 2552; x_wconf 83' lang='grc' dir='ltr'><strong>ὲκ-</strong></span> 
     </span>
    </p>
   </div>
   <div class='ocr_carea' id='block_1_28' title="bbox 447 2594 2008 2666">
    <p class='ocr_par' dir='ltr' id='par_1_28' title="bbox 447 2594 2008 2666">
     <span class='ocr_line' id='line_1_28' title="bbox 447 2594 2008 2666; baseline -0.003 -17"><span class='ocrx_word' id='word_1_199' title='bbox 447 2599 662 2666; x_wconf 81' lang='grc' dir='ltr'>θέμενοι</span> <span class='ocrx_word' id='word_1_200' title='bbox 706 2598 806 2660; x_wconf 73' lang='grc' dir='ltr'>ὅτι,</span> <span class='ocrx_word' id='word_1_201' title='bbox 842 2598 1046 2649; x_wconf 89' lang='grc' dir='ltr'>τούτων</span> <span class='ocrx_word' id='word_1_202' title='bbox 1092 2594 1263 2658; x_wconf 78' lang='grc' dir='ltr'>οὕτως</span> <span class='ocrx_word' id='word_1_203' title='bbox 1296 2596 1465 2648; x_wconf 79' lang='grc' dir='ltr'>όντων</span> <span class='ocrx_word' id='word_1_204' title='bbox 1513 2597 1606 2648; x_wconf 78' lang='grc' dir='ltr'>καὶ</span> <span class='ocrx_word' id='word_1_205' title='bbox 1648 2594 2008 2664; x_wconf 82' lang='grc' dir='ltr'>διαμαρτυρο-</span> 
     </span>
    </p>
   </div>
   <div class='ocr_carea' id='block_1_29' title="bbox 451 2683 2008 2759">
    <p class='ocr_par' dir='ltr' id='par_1_29' title="bbox 451 2683 2008 2759">
     <span class='ocr_line' id='line_1_29' title="bbox 451 2683 2008 2759; baseline -0.003 -18"><span class='ocrx_word' id='word_1_206' title='bbox 451 2689 626 2759; x_wconf 75' lang='grc' dir='ltr'>μένων</span> <span class='ocrx_word' id='word_1_207' title='bbox 650 2690 800 2758; x_wconf 73' lang='grc' dir='ltr'>ἡμῖν,</span> <span class='ocrx_word' id='word_1_208' title='bbox 825 2688 1221 2757; x_wconf 77' lang='grc' dir='ltr'>ἀγαλλιώμενοι</span> <span class='ocrx_word' id='word_1_209' title='bbox 1272 2687 1360 2739; x_wconf 76' lang='grc' dir='ltr'><strong>ἐπ’</strong></span> <span class='ocrx_word' id='word_1_210' title='bbox 1394 2687 1596 2750; x_wconf 84' lang='grc' dir='ltr'>αὐτοῖς,</span> <span class='ocrx_word' id='word_1_211' title='bbox 1628 2686 1701 2747; x_wconf 84' lang='grc' dir='ltr'>ὡς</span> <span class='ocrx_word' id='word_1_212' title='bbox 1731 2687 1783 2738; x_wconf 77' lang='grc' dir='ltr'><strong>εἴ</strong></span> <span class='ocrx_word' id='word_1_213' title='bbox 1808 2703 1891 2747; x_wconf 83' lang='grc' dir='ltr'><strong>τις</strong></span> <span class='ocrx_word' id='word_1_214' title='bbox 1914 2683 2008 2737; x_wconf 86' lang='grc' dir='ltr'>εῦ-</span> 
     </span>
    </p>
   </div>
   <div class='ocr_carea' id='block_1_30' title="bbox 450 2777 2008 2852">
    <p class='ocr_par' dir='ltr' id='par_1_30' title="bbox 450 2777 2008 2852">
     <span class='ocr_line' id='line_1_30' title="bbox 450 2777 2008 2852; baseline -0.002 -18"><span class='ocrx_word' id='word_1_215' title='bbox 450 2800 534 2852; x_wconf 83' lang='grc' dir='ltr'><strong>ροι</strong></span> <span class='ocrx_word' id='word_1_216' title='bbox 573 2782 744 2834; x_wconf 83' lang='grc' dir='ltr'>σκῦλα</span> <span class='ocrx_word' id='word_1_217' title='bbox 784 2781 951 2833; x_wconf 73' lang='grc' dir='ltr'>πολλά</span> <span class='ocrx_word' id='word_1_218' title='bbox 976 2779 1268 2847; x_wconf 70' lang='grc' dir='ltr'>(καὶτοῦτο</span> <span class='ocrx_word' id='word_1_219' title='bbox 1290 2780 1351 2833; x_wconf 75' lang='grc' dir='ltr'>τὸ</span> <span class='ocrx_word' id='word_1_220' title='bbox 1383 2778 1706 2847; x_wconf 81' lang='grc' dir='ltr'>Δαυῖδικόν),</span> <span class='ocrx_word' id='word_1_221' title='bbox 1743 2777 1925 2832; x_wconf 85' lang='grc' dir='ltr'>Σκῦλα</span> <span class='ocrx_word' id='word_1_222' title='bbox 1952 2778 2008 2831; x_wconf 76' lang='grc' dir='ltr'>δὲ</span> 
     </span>
    </p>
   </div>
   <div class='ocr_carea' id='block_1_31' title="bbox 449 2870 2009 2942">
    <p class='ocr_par' dir='ltr' id='par_1_31' title="bbox 449 2870 2009 2942">
     <span class='ocr_line' id='line_1_31' title="bbox 449 2870 2009 2942; baseline -0.001 -18"><span class='ocrx_word' id='word_1_223' title='bbox 449 2875 517 2926; x_wconf 72' lang='grc' dir='ltr'>τὰ</span> <span class='ocrx_word' id='word_1_224' title='bbox 544 2875 655 2936; x_wconf 82' lang='grc' dir='ltr'>τοῖς</span> <span class='ocrx_word' id='word_1_225' title='bbox 699 2875 909 2941; x_wconf 84' lang='grc' dir='ltr'>νεκροῖς</span> <span class='ocrx_word' id='word_1_226' title='bbox 937 2874 1048 2933; x_wconf 83' lang='grc' dir='ltr'>τοῖς</span> <span class='ocrx_word' id='word_1_227' title='bbox 1078 2873 1133 2924; x_wconf 81' lang='grc' dir='ltr'>ἐν</span> <span class='ocrx_word' id='word_1_228' title='bbox 1158 2871 1378 2941; x_wconf 83' lang='grc' dir='ltr'>πολέμῳ</span> <span class='ocrx_word' id='word_1_229' title='bbox 1402 2870 1626 2923; x_wconf 82' lang='grc' dir='ltr'>πεσοῦσι</span> <span class='ocrx_word' id='word_1_230' title='bbox 1655 2872 2009 2942; x_wconf 86' lang='grc' dir='ltr'>περικείμενα</span> 
     </span>
    </p>
   </div>
   <div class='ocr_carea' id='block_1_32' title="bbox 450 2961 2010 3033">
    <p class='ocr_par' dir='ltr' id='par_1_32' title="bbox 450 2961 2010 3033">
     <span class='ocr_line' id='line_1_32' title="bbox 450 2961 2010 3033; baseline -0.002 -17"><span class='ocrx_word' id='word_1_231' title='bbox 450 2965 720 3033; x_wconf 83' lang='grc' dir='ltr'>λέγονται,</span> <span class='ocrx_word' id='word_1_232' title='bbox 772 2964 878 3016; x_wconf 78' lang='grc' dir='ltr'>εἴτε</span> <span class='ocrx_word' id='word_1_233' title='bbox 915 2962 1137 3033; x_wconf 83' lang='grc' dir='ltr'>ὲσθῆτές</span> <span class='ocrx_word' id='word_1_234' title='bbox 1188 2963 1347 3027; x_wconf 72' lang='grc' dir='ltr'>εἰσιν,</span> <span class='ocrx_word' id='word_1_235' title='bbox 1398 2963 1509 3015; x_wconf 81' lang='grc' dir='ltr'>εἴτε</span> <span class='ocrx_word' id='word_1_236' title='bbox 1553 2961 1712 3027; x_wconf 84' lang='grc' dir='ltr'>ὅπλα,</span> <span class='ocrx_word' id='word_1_237' title='bbox 1766 2962 1876 3013; x_wconf 84' lang='grc' dir='ltr'>εἴτε</span> <span class='ocrx_word' id='word_1_238' title='bbox 1926 2978 2010 3024; x_wconf 89' lang='grc' dir='ltr'><strong>τις</strong></span> 
     </span>
    </p>
   </div>
   <div class='ocr_carea' id='block_1_33' title="bbox 451 3050 2010 3126">
    <p class='ocr_par' dir='ltr' id='par_1_33' title="bbox 451 3050 2010 3126">
     <span class='ocr_line' id='line_1_33' title="bbox 451 3050 2010 3126; baseline -0.003 -17"><span class='ocrx_word' id='word_1_239' title='bbox 451 3058 672 3126; x_wconf 87' lang='grc' dir='ltr'>κόσμος.</span> <span class='ocrx_word' id='word_1_240' title='bbox 712 3056 785 3108; x_wconf 84' lang='grc' dir='ltr'><strong>Τὸ</strong></span> <span class='ocrx_word' id='word_1_241' title='bbox 816 3054 1152 3125; x_wconf 78' lang='grc' dir='ltr'>ὑπερϐάλλον</span> <span class='ocrx_word' id='word_1_242' title='bbox 1189 3050 1282 3107; x_wconf 86' lang='grc' dir='ltr'><strong>οῦν</strong></span> <span class='ocrx_word' id='word_1_243' title='bbox 1309 3052 1398 3105; x_wconf 76' lang='grc' dir='ltr'><strong>διὰ</strong></span> <span class='ocrx_word' id='word_1_244' title='bbox 1426 3052 1614 3105; x_wconf 76' lang='grc' dir='ltr'>τούτου</span> <span class='ocrx_word' id='word_1_245' title='bbox 1643 3052 1671 3104; x_wconf 85' lang='grc' dir='ltr'><strong>ό</strong></span> <span class='ocrx_word' id='word_1_246' title='bbox 1728 3052 2010 3121; x_wconf 80' lang='grc' dir='ltr'>προφήτης</span> 
     </span>
    </p>
   </div>
   <div class='ocr_carea' id='block_1_34' title="bbox 450 3141 2008 3220">
    <p class='ocr_par' dir='ltr' id='par_1_34' title="bbox 450 3141 2008 3220">
     <span class='ocr_line' id='line_1_34' title="bbox 450 3141 2008 3220; baseline -0.005 -18"><span class='ocrx_word' id='word_1_247' title='bbox 450 3149 687 3220; x_wconf 77' lang='grc' dir='ltr'>ἐδήλωσε</span> <span class='ocrx_word' id='word_1_248' title='bbox 734 3149 831 3216; x_wconf 77' lang='grc' dir='ltr'>τῆς</span> <span class='ocrx_word' id='word_1_249' title='bbox 855 3146 1247 3214; x_wconf 79' lang='grc' dir='ltr'>ἀγαλλιάσεως.</span> <span class='ocrx_word' id='word_1_250' title='bbox 1300 3144 1362 3200; x_wconf 80' lang='lat' dir='ltr'><strong>Ol</strong></span> <span class='ocrx_word' id='word_1_251' title='bbox 1393 3146 1499 3215; x_wconf 73' lang='grc' dir='ltr'>γὰρ</span> <span class='ocrx_word' id='word_1_252' title='bbox 1530 3145 1656 3207; x_wconf 80' lang='grc' dir='ltr'>τοὺς</span> <span class='ocrx_word' id='word_1_253' title='bbox 1685 3145 1743 3197; x_wconf 79' lang='grc' dir='ltr'>ὲν</span> <span class='ocrx_word' id='word_1_254' title='bbox 1789 3141 2008 3212; x_wconf 80' lang='grc' dir='ltr'>πολέμῳ</span> 
     </span>
    </p>
   </div>
   <div class='ocr_carea' id='block_1_35' title="bbox 450 3232 2011 3307">
    <p class='ocr_par' dir='ltr' id='par_1_35' title="bbox 450 3232 2011 3307">
     <span class='ocr_line' id='line_1_35' title="bbox 450 3232 2011 3307; baseline -0.006 -14"><span class='ocrx_word' id='word_1_255' title='bbox 450 3232 715 3302; x_wconf 73' lang='grc' dir='ltr'>πεσόντας</span> <span class='ocrx_word' id='word_1_256' title='bbox 748 3238 1102 3300; x_wconf 80' lang='grc' dir='ltr'>σκυλεύοντες</span> <span class='ocrx_word' id='word_1_257' title='bbox 1153 3238 1512 3307; x_wconf 81' lang='grc' dir='ltr'>νενεμηκότες</span> <span class='ocrx_word' id='word_1_258' title='bbox 1559 3239 1622 3290; x_wconf 83' lang='grc' dir='ltr'>ἂν</span> <span class='ocrx_word' id='word_1_259' title='bbox 1652 3237 1884 3296; x_wconf 80' lang='grc' dir='ltr'>νοοῖντο,</span> <span class='ocrx_word' id='word_1_260' title='bbox 1919 3235 2011 3286; x_wconf 83' lang='grc' dir='ltr'><strong>καὶ</strong></span> 
     </span>
    </p>
   </div>
   <div class='ocr_carea' id='block_1_36' title="bbox 448 3327 2014 3400">
    <p class='ocr_par' dir='ltr' id='par_1_36' title="bbox 448 3327 2014 3400">
     <span class='ocr_line' id='line_1_36' title="bbox 448 3327 2014 3400; baseline -0.006 -14"><span class='ocrx_word' id='word_1_261' title='bbox 448 3334 558 3386; x_wconf 82' lang='grc' dir='ltr'><strong>τῶν</strong></span> <span class='ocrx_word' id='word_1_262' title='bbox 588 3333 843 3385; x_wconf 77' lang='grc' dir='ltr'>ἐναντίων</span> <span class='ocrx_word' id='word_1_263' title='bbox 869 3332 1066 3400; x_wconf 76' lang='grc' dir='ltr'>ὑπερ-τε</span> <span class='ocrx_word' id='word_1_264' title='bbox 1078 3332 1358 3399; x_wconf 69' lang='grc' dir='ltr'>ρήσαντες,</span> <span class='ocrx_word' id='word_1_265' title='bbox 1382 3331 1477 3382; x_wconf 77' lang='grc' dir='ltr'>καὶ</span> <span class='ocrx_word' id='word_1_266' title='bbox 1494 3330 1687 3399; x_wconf 78' lang='grc' dir='ltr'>διπλῆν</span> <span class='ocrx_word' id='word_1_267' title='bbox 1720 3329 1817 3396; x_wconf 77' lang='grc' dir='ltr'>τὴν</span> <span class='ocrx_word' id='word_1_268' title='bbox 1844 3327 2014 3394; x_wconf 86' lang='grc' dir='ltr'>ἀγαλ-</span> 
     </span>
    </p>
   </div>
   <div class='ocr_carea' id='block_1_37' title="bbox 452 3418 2013 3492">
    <p class='ocr_par' dir='ltr' id='par_1_37' title="bbox 452 3418 2013 3492">
     <span class='ocr_line' id='line_1_37' title="bbox 452 3418 2013 3492; baseline -0.002 -19"><span class='ocrx_word' id='word_1_269' title='bbox 452 3422 631 3475; x_wconf 83' lang='grc' dir='ltr'>λίασιν</span> <span class='ocrx_word' id='word_1_270' title='bbox 655 3422 861 3492; x_wconf 81' lang='grc' dir='ltr'>ἔχουσι,</span> <span class='ocrx_word' id='word_1_271' title='bbox 892 3423 990 3490; x_wconf 86' lang='grc' dir='ltr'>τὴν</span> <span class='ocrx_word' id='word_1_272' title='bbox 1019 3420 1116 3489; x_wconf 82' lang='grc' dir='ltr'>μὲν</span> <span class='ocrx_word' id='word_1_273' title='bbox 1140 3420 1227 3473; x_wconf 76' lang='grc' dir='ltr'><strong>διὰ</strong></span> <span class='ocrx_word' id='word_1_274' title='bbox 1251 3422 1350 3489; x_wconf 83' lang='grc' dir='ltr'>τὴν</span> <span class='ocrx_word' id='word_1_275' title='bbox 1383 3420 1561 3489; x_wconf 88' lang='grc' dir='ltr'>νίκην,</span> <span class='ocrx_word' id='word_1_276' title='bbox 1609 3419 1705 3490; x_wconf 81' lang='grc' dir='ltr'>τὴν</span> <span class='ocrx_word' id='word_1_277' title='bbox 1733 3418 1787 3470; x_wconf 81' lang='grc' dir='ltr'>δὲ</span> <span class='ocrx_word' id='word_1_278' title='bbox 1812 3420 1897 3471; x_wconf 70' lang='grc' dir='ltr'>διὰ</span> <span class='ocrx_word' id='word_1_279' title='bbox 1922 3420 2013 3470; x_wconf 72' lang='grc' dir='ltr'><strong>τὸν</strong></span> 
     </span>
    </p>
   </div>
   <div class='ocr_carea' id='block_1_38' title="bbox 456 3507 2014 3578">
    <p class='ocr_par' dir='ltr' id='par_1_38' title="bbox 456 3507 2014 3578">
     <span class='ocr_line' id='line_1_38' title="bbox 456 3507 2014 3578; baseline -0.003 -13"><span class='ocrx_word' id='word_1_280' title='bbox 456 3514 704 3576; x_wconf 82' lang='grc' dir='ltr'>πλοῦτον,</span> <span class='ocrx_word' id='word_1_281' title='bbox 762 3511 821 3564; x_wconf 86' lang='grc' dir='ltr'>ὃν</span> <span class='ocrx_word' id='word_1_282' title='bbox 852 3513 912 3563; x_wconf 78' lang='grc' dir='ltr'>ἐκ</span> <span class='ocrx_word' id='word_1_283' title='bbox 943 3510 1051 3564; x_wconf 89' lang='grc' dir='ltr'><strong>τῶν</strong></span> <span class='ocrx_word' id='word_1_284' title='bbox 1084 3511 1293 3563; x_wconf 77' lang='grc' dir='ltr'>σκύλων</span> <span class='ocrx_word' id='word_1_285' title='bbox 1320 3511 1628 3578; x_wconf 83' lang='grc' dir='ltr'>συνήγαγον</span> <span class='ocrx_word' id='word_1_286' title='bbox 1651 3529 1663 3542; x_wconf 85' lang='grc'>·</span> <span class='ocrx_word' id='word_1_287' title='bbox 1714 3510 1886 3571; x_wconf 79' lang='grc' dir='ltr'>οὕτως</span> <span class='ocrx_word' id='word_1_288' title='bbox 1920 3507 2014 3562; x_wconf 80' lang='grc' dir='ltr'><strong>οῦν</strong></span> 
     </span>
    </p>
   </div>
   <div class='ocr_carea' id='block_1_39' title="bbox 453 3596 2014 3674">
    <p class='ocr_par' dir='ltr' id='par_1_39' title="bbox 453 3596 2014 3674">
     <span class='ocr_line' id='line_1_39' title="bbox 453 3596 2014 3674; baseline -0.004 -15"><span class='ocrx_word' id='word_1_289' title='bbox 453 3606 546 3660; x_wconf 73' lang='grc' dir='ltr'>καὶ</span> <span class='ocrx_word' id='word_1_290' title='bbox 576 3609 756 3674; x_wconf 78' lang='grc' dir='ltr'>ἡμεῖς,</span> <span class='ocrx_word' id='word_1_291' title='bbox 781 3607 827 3657; x_wconf 75' lang='grc' dir='ltr'>οἱ</span> <span class='ocrx_word' id='word_1_292' title='bbox 861 3596 1257 3674; x_wconf 81' lang='grc' dir='ltr'>Πατὲρεςοῦτοί</span> <span class='ocrx_word' id='word_1_293' title='bbox 1280 3620 1466 3671; x_wconf 82' lang='grc' dir='ltr'>φασιν,</span> <span class='ocrx_word' id='word_1_294' title='bbox 1501 3602 1859 3672; x_wconf 79' lang='grc' dir='ltr'>ἀγαλλόμενοι</span> <span class='ocrx_word' id='word_1_295' title='bbox 1887 3604 2014 3666; x_wconf 74' lang='grc' dir='ltr'>τοῦς</span> 
     </span>
    </p>
   </div>
   <div class='ocr_carea' id='block_1_40' title="bbox 451 3694 2017 3765">
    <p class='ocr_par' dir='ltr' id='par_1_40' title="bbox 451 3694 2017 3765">
     <span class='ocr_line' id='line_1_40' title="bbox 451 3694 2017 3765; baseline -0.001 -17"><span class='ocrx_word' id='word_1_296' title='bbox 451 3698 632 3759; x_wconf 84' lang='grc' dir='ltr'>θείους</span> <span class='ocrx_word' id='word_1_297' title='bbox 671 3697 898 3757; x_wconf 80' lang='grc' dir='ltr'>κανόνας</span> <span class='ocrx_word' id='word_1_298' title='bbox 929 3694 1400 3765; x_wconf 78' lang='grc' dir='ltr'>ὲνστερνιζόμεθα,</span> <span class='ocrx_word' id='word_1_299' title='bbox 1446 3697 1564 3746; x_wconf 79' lang='grc' dir='ltr'>ἀντὶ</span> <span class='ocrx_word' id='word_1_300' title='bbox 1597 3697 1711 3756; x_wconf 83' lang='grc' dir='ltr'>τοῦ,</span> <span class='ocrx_word' id='word_1_301' title='bbox 1746 3697 2017 3763; x_wconf 81' lang='grc' dir='ltr'>ἀγαπητι-</span> 
     </span>
    </p>
   </div>
   <div class='ocr_carea' id='block_1_41' title="bbox 452 3786 2015 3860">
    <p class='ocr_par' dir='ltr' id='par_1_41' title="bbox 452 3786 2015 3860">
     <span class='ocr_line' id='line_1_41' title="bbox 452 3786 2015 3860; baseline -0.003 -19"><span class='ocrx_word' id='word_1_302' title='bbox 452 3789 569 3852; x_wconf 85' lang='grc' dir='ltr'><strong>κῶς</strong></span> <span class='ocrx_word' id='word_1_303' title='bbox 617 3789 878 3860; x_wconf 80' lang='grc' dir='ltr'>δεχόμεθα</span> <span class='ocrx_word' id='word_1_304' title='bbox 914 3789 1004 3842; x_wconf 64' lang='lat' dir='ltr'><strong>ml</strong></span> <span class='ocrx_word' id='word_1_305' title='bbox 1058 3786 1541 3857; x_wconf 77' lang='grc' dir='ltr'>κατασπαζόμεθα..</span> <span class='ocrx_word' id='word_1_306' title='bbox 1597 3786 1701 3850; x_wconf 79' lang='grc' dir='ltr'><strong>Οὓς</strong></span> <span class='ocrx_word' id='word_1_307' title='bbox 1741 3788 1849 3857; x_wconf 74' lang='grc' dir='ltr'>γὰρ</span> <span class='ocrx_word' id='word_1_308' title='bbox 1879 3789 2015 3853; x_wconf 85' lang='grc' dir='ltr'>ἀγα-</span> 
     </span>
    </p>
   </div>
   <div class='ocr_carea' id='block_1_42' title="bbox 454 3882 2017 3958">
    <p class='ocr_par' dir='ltr' id='par_1_42' title="bbox 454 3882 2017 3958">
     <span class='ocr_line' id='line_1_42' title="bbox 454 3882 2017 3958; baseline -0.008 -16"><span class='ocrx_word' id='word_1_309' title='bbox 454 3891 670 3958; x_wconf 81' lang='grc' dir='ltr'>πῶμεν,</span> <span class='ocrx_word' id='word_1_310' title='bbox 704 3889 832 3955; x_wconf 74' lang='grc' dir='ltr'>περὶ</span> <span class='ocrx_word' id='word_1_311' title='bbox 864 3890 930 3939; x_wconf 66' lang='grc' dir='ltr'>τὰ</span> <span class='ocrx_word' id='word_1_312' title='bbox 963 3888 1157 3957; x_wconf 77' lang='grc' dir='ltr'>στέρνα</span> <span class='ocrx_word' id='word_1_313' title='bbox 1202 3887 1320 3947; x_wconf 80' lang='grc' dir='ltr'>ταῖς</span> <span class='ocrx_word' id='word_1_314' title='bbox 1369 3884 1723 3954; x_wconf 82' lang='grc' dir='ltr'>περιπλοκαῖς</span> <span class='ocrx_word' id='word_1_315' title='bbox 1775 3882 2017 3943; x_wconf 73' lang='grc' dir='ltr'>τιθέντες</span> 
     </span>
    </p>
   </div>
   <div class='ocr_carea' id='block_1_43' title="bbox 452 3975 2011 4051">
    <p class='ocr_par' dir='ltr' id='par_1_43' title="bbox 452 3975 2011 4051">
     <span class='ocr_line' id='line_1_43' title="bbox 452 3975 2011 4051; baseline -0.006 -15"><span class='ocrx_word' id='word_1_316' title='bbox 452 3983 947 4051; x_wconf 64' lang='grc' dir='ltr'>κατασπαζόμεθα,</span> <span class='ocrx_word' id='word_1_317' title='bbox 979 3982 1010 4050; x_wconf 76' lang='grc' dir='ltr'>ἢ</span> <span class='ocrx_word' id='word_1_318' title='bbox 1041 3982 1160 4033; x_wconf 76' lang='grc' dir='ltr'>ἀντὶ</span> <span class='ocrx_word' id='word_1_319' title='bbox 1188 3979 1304 4041; x_wconf 88' lang='grc' dir='ltr'>τοῦ,</span> <span class='ocrx_word' id='word_1_320' title='bbox 1360 3978 1664 4048; x_wconf 81' lang='grc' dir='ltr'>ὲγκαρδίως</span> <span class='ocrx_word' id='word_1_321' title='bbox 1713 3975 1977 4045; x_wconf 82' lang='grc' dir='ltr'>φιλοῦμεν</span> <span class='ocrx_word' id='word_1_322' title='bbox 1998 3992 2011 4005; x_wconf 88' lang='grc'><strong>·</strong></span> 
     </span>
    </p>
   </div>
   <div class='ocr_carea' id='block_1_44' title="bbox 450 4068 2016 4145">
    <p class='ocr_par' dir='ltr' id='par_1_44' title="bbox 450 4068 2016 4145">
     <span class='ocr_line' id='line_1_44' title="bbox 450 4068 2016 4145; baseline -0.005 -17"><span class='ocrx_word' id='word_1_323' title='bbox 450 4076 584 4145; x_wconf 77' lang='grc' dir='ltr'>περὶ</span> <span class='ocrx_word' id='word_1_324' title='bbox 623 4073 690 4127; x_wconf 80' lang='grc' dir='ltr'><strong>τὰ</strong></span> <span class='ocrx_word' id='word_1_325' title='bbox 736 4074 935 4143; x_wconf 83' lang='grc' dir='ltr'>στέρνα</span> <span class='ocrx_word' id='word_1_326' title='bbox 970 4074 1078 4143; x_wconf 78' lang='grc' dir='ltr'><strong>γὰρ</strong></span> <span class='ocrx_word' id='word_1_327' title='bbox 1114 4073 1148 4141; x_wconf 74' lang='grc' dir='ltr'>ἡ</span> <span class='ocrx_word' id='word_1_328' title='bbox 1211 4070 1405 4139; x_wconf 80' lang='grc' dir='ltr'>καρδία</span> <span class='ocrx_word' id='word_1_329' title='bbox 1440 4069 1618 4139; x_wconf 79' lang='grc' dir='ltr'>ἡμῶν.</span> <span class='ocrx_word' id='word_1_330' title='bbox 1646 4069 1757 4121; x_wconf 77' lang='grc' dir='ltr'><strong>Καὶ</strong></span> <span class='ocrx_word' id='word_1_331' title='bbox 1792 4068 2016 4137; x_wconf 80' lang='grc' dir='ltr'>ὀλόκλη-</span> 
     </span>
    </p>
   </div>
   <div class='ocr_carea' id='block_1_45' title="bbox 454 4159 2015 4240">
    <p class='ocr_par' dir='ltr' id='par_1_45' title="bbox 454 4159 2015 4240">
     <span class='ocr_line' id='line_1_45' title="bbox 454 4159 2015 4240; baseline -0.007 -18"><span class='ocrx_word' id='word_1_332' title='bbox 454 4187 548 4240; x_wconf 91' lang='grc' dir='ltr'><strong>ρον</strong></span> <span class='ocrx_word' id='word_1_333' title='bbox 582 4169 675 4221; x_wconf 80' lang='grc' dir='ltr'>καὶ</span> <span class='ocrx_word' id='word_1_334' title='bbox 704 4167 998 4235; x_wconf 73' lang='grc' dir='ltr'>ἀσάλευτον</span> <span class='ocrx_word' id='word_1_335' title='bbox 1051 4165 1150 4234; x_wconf 81' lang='grc' dir='ltr'>τὴν</span> <span class='ocrx_word' id='word_1_336' title='bbox 1182 4162 1363 4216; x_wconf 75' lang='grc' dir='ltr'>αὐτῶν</span> <span class='ocrx_word' id='word_1_337' title='bbox 1413 4160 1676 4230; x_wconf 81' lang='grc' dir='ltr'>διαταγὴν</span> <span class='ocrx_word' id='word_1_338' title='bbox 1715 4159 2015 4231; x_wconf 81' lang='grc' dir='ltr'>τηροῦμεν,</span> 
     </span>
    </p>
   </div>
   <div class='ocr_carea' id='block_1_46' title="bbox 452 4249 2018 4330">
    <p class='ocr_par' dir='ltr' id='par_1_46' title="bbox 452 4249 2018 4330">
     <span class='ocr_line' id='line_1_46' title="bbox 452 4249 2018 4330; baseline -0.007 -18"><span class='ocrx_word' id='word_1_339' title='bbox 452 4260 607 4327; x_wconf 80' lang='grc' dir='ltr'>φασί.</span> <span class='ocrx_word' id='word_1_340' title='bbox 664 4258 1140 4330; x_wconf 81' lang='grc' dir='ltr'>Κρατυνομένων,</span> <span class='ocrx_word' id='word_1_341' title='bbox 1202 4255 1371 4324; x_wconf 70' lang='grc' dir='ltr'>ἦγουν</span> <span class='ocrx_word' id='word_1_342' title='bbox 1427 4252 1873 4322; x_wconf 82' lang='grc' dir='ltr'>ὲπικυρουμένων</span> <span class='ocrx_word' id='word_1_343' title='bbox 1922 4249 2018 4302; x_wconf 77' lang='grc' dir='ltr'>καὶ</span> 
     </span>
    </p>
   </div>
   <div class='ocr_carea' id='block_1_47' title="bbox 452 4343 2022 4425">
    <p class='ocr_par' dir='ltr' id='par_1_47' title="bbox 452 4343 2022 4425">
     <span class='ocr_line' id='line_1_47' title="bbox 452 4343 2022 4425; baseline -0.008 -18"><span class='ocrx_word' id='word_1_344' title='bbox 452 4353 854 4425; x_wconf 76' lang='grc' dir='ltr'>βεϐαιουμένων</span> <span class='ocrx_word' id='word_1_345' title='bbox 896 4351 1006 4403; x_wconf 88' lang='grc' dir='ltr'><strong>τῶν</strong></span> <span class='ocrx_word' id='word_1_346' title='bbox 1037 4347 1364 4401; x_wconf 75' lang='grc' dir='ltr'>ἐκτεθέντων</span> <span class='ocrx_word' id='word_1_347' title='bbox 1400 4346 1505 4399; x_wconf 77' lang='grc' dir='ltr'><strong>ὑπὸ</strong></span> <span class='ocrx_word' id='word_1_348' title='bbox 1542 4344 1650 4398; x_wconf 89' lang='grc' dir='ltr'><strong>τῶν</strong></span> <span class='ocrx_word' id='word_1_349' title='bbox 1686 4345 1858 4412; x_wconf 85' lang='grc' dir='ltr'>ἁγίων</span> <span class='ocrx_word' id='word_1_350' title='bbox 1884 4343 2022 4395; x_wconf 81' lang='grc' dir='ltr'>ἁπο-</span> 
     </span>
    </p>
   </div>
   <div class='ocr_carea' id='block_1_48' title="bbox 452 4434 2017 4510">
    <p class='ocr_par' dir='ltr' id='par_1_48' title="bbox 452 4434 2017 4510">
     <span class='ocr_line' id='line_1_48' title="bbox 452 4434 2017 4510; baseline -0.011 -8"><span class='ocrx_word' id='word_1_351' title='bbox 452 4448 679 4510; x_wconf 86' lang='grc' dir='ltr'>στόλων,</span> <span class='ocrx_word' id='word_1_352' title='bbox 704 4446 799 4499; x_wconf 77' lang='grc' dir='ltr'>καὶ</span> <span class='ocrx_word' id='word_1_353' title='bbox 826 4444 934 4496; x_wconf 81' lang='grc' dir='ltr'><strong>τῶν</strong></span> <span class='ocrx_word' id='word_1_354' title='bbox 978 4442 1037 4509; x_wconf 72' lang='grc' dir='ltr'><strong>ἒξ</strong></span> <span class='ocrx_word' id='word_1_355' title='bbox 1067 4439 1461 4510; x_wconf 83' lang='grc' dir='ltr'>οἰκουμενικῶν</span> <span class='ocrx_word' id='word_1_356' title='bbox 1496 4438 1748 4501; x_wconf 83' lang='grc' dir='ltr'>συνόδων,</span> <span class='ocrx_word' id='word_1_357' title='bbox 1779 4436 1875 4490; x_wconf 73' lang='grc' dir='ltr'>καὶ</span> <span class='ocrx_word' id='word_1_358' title='bbox 1907 4434 2017 4488; x_wconf 87' lang='grc' dir='ltr'><strong>τῶν</strong></span> 
     </span>
    </p>
   </div>
   <div class='ocr_carea' id='block_1_49' title="bbox 451 4509 2092 4600">
    <p class='ocr_par' dir='ltr' id='par_1_49' title="bbox 451 4509 2092 4600">
     <span class='ocr_line' id='line_1_49' title="bbox 451 4509 2092 4600; baseline -0.01 -6"><span class='ocrx_word' id='word_1_359' title='bbox 451 4541 605 4599; x_wconf 66' lang='grc' dir='ltr'>κατὰ,</span> <span class='ocrx_word' id='word_1_360' title='bbox 622 4540 817 4600; x_wconf 89' lang='grc' dir='ltr'>τόπους</span> <span class='ocrx_word' id='word_1_361' title='bbox 857 4532 1369 4600; x_wconf 81' lang='grc' dir='ltr'>συναθροισθεισῶν,</span> <span class='ocrx_word' id='word_1_362' title='bbox 1427 4532 1521 4586; x_wconf 66' lang='grc' dir='ltr'>καὶ</span> <span class='ocrx_word' id='word_1_363' title='bbox 1550 4529 1658 4584; x_wconf 83' lang='grc' dir='ltr'><strong>τῶν</strong></span> <span class='ocrx_word' id='word_1_364' title='bbox 1702 4528 1874 4599; x_wconf 80' lang='grc' dir='ltr'>ἁγίων</span> <span class='ocrx_word' id='word_1_365' title='bbox 1905 4528 2018 4580; x_wconf 83' lang='grc' dir='ltr'><strong>[Ια-</strong></span> <span class='ocrx_word' id='word_1_366' title='bbox 2050 4509 2092 4566; x_wconf 81' lang='grc' dir='ltr'><strong>Ῑ)</strong></span> 
     </span>
    </p>
   </div>
   <div class='ocr_carea' id='block_1_50' title="bbox 451 4620 2018 4703">
    <p class='ocr_par' dir='ltr' id='par_1_50' title="bbox 451 4620 2018 4703">
     <span class='ocr_line' id='line_1_50' title="bbox 451 4620 2018 4703; baseline -0.008 -18"><span class='ocrx_word' id='word_1_367' title='bbox 451 4636 629 4703; x_wconf 83' lang='grc' dir='ltr'>τέρων</span> <span class='ocrx_word' id='word_1_368' title='bbox 662 4629 845 4701; x_wconf 85' lang='grc' dir='ltr'>ήμῶν,</span> <span class='ocrx_word' id='word_1_369' title='bbox 904 4626 1103 4696; x_wconf 81' lang='grc' dir='ltr'>δηλαδὴ</span> <span class='ocrx_word' id='word_1_370' title='bbox 1160 4625 1269 4677; x_wconf 85' lang='grc' dir='ltr'><strong>τῶν</strong></span> <span class='ocrx_word' id='word_1_371' title='bbox 1314 4623 1468 4685; x_wconf 73' lang='grc' dir='ltr'>ἐκτὸς</span> <span class='ocrx_word' id='word_1_372' title='bbox 1522 4622 1753 4676; x_wconf 86' lang='grc' dir='ltr'>συνόδων</span> <span class='ocrx_word' id='word_1_373' title='bbox 1786 4620 2018 4681; x_wconf 85' lang='grc' dir='ltr'>κανόνας</span> 
     </span>
    </p>
   </div>
   <div class='ocr_carea' id='block_1_51' title="bbox 452 4710 2019 4786">
    <p class='ocr_par' dir='ltr' id='par_1_51' title="bbox 452 4710 2019 4786">
     <span class='ocr_line' id='line_1_51' title="bbox 452 4710 2019 4786; baseline -0.01 -9"><span class='ocrx_word' id='word_1_374' title='bbox 452 4722 872 4777; x_wconf 79' lang='grc' dir='ltr'>ὲκτεθεικότωνο</span> <span class='ocrx_word' id='word_1_375' title='bbox 913 4721 1112 4781; x_wconf 80' lang='grc' dir='ltr'>πάντες</span> <span class='ocrx_word' id='word_1_376' title='bbox 1147 4717 1255 4786; x_wconf 83' lang='grc' dir='ltr'><strong>γὰρ</strong></span> <span class='ocrx_word' id='word_1_377' title='bbox 1284 4718 1350 4769; x_wconf 72' lang='grc' dir='ltr'>ἐκ</span> <span class='ocrx_word' id='word_1_378' title='bbox 1379 4713 1472 4769; x_wconf 89' lang='grc' dir='ltr'><strong>τοῦ</strong></span> <span class='ocrx_word' id='word_1_379' title='bbox 1507 4713 1672 4768; x_wconf 81' lang='grc' dir='ltr'>αὑτοῦ</span> <span class='ocrx_word' id='word_1_380' title='bbox 1705 4710 2019 4781; x_wconf 85' lang='grc' dir='ltr'>Πνεύματος</span> 
     </span>
    </p>
   </div>
   <div class='ocr_carea' id='block_1_52' title="bbox 452 4803 2015 4882">
    <p class='ocr_par' dir='ltr' id='par_1_52' title="bbox 452 4803 2015 4882">
     <span class='ocr_line' id='line_1_52' title="bbox 452 4803 2015 4882; baseline -0.009 -15"><span class='ocrx_word' id='word_1_381' title='bbox 452 4813 611 4882; x_wconf 83' lang='grc' dir='ltr'>ἁγίου</span> <span class='ocrx_word' id='word_1_382' title='bbox 640 4810 998 4879; x_wconf 75' lang='grc' dir='ltr'>φωτισθέντες</span> <span class='ocrx_word' id='word_1_383' title='bbox 1025 4809 1115 4861; x_wconf 86' lang='grc' dir='ltr'>τὸν</span> <span class='ocrx_word' id='word_1_384' title='bbox 1142 4808 1269 4862; x_wconf 83' lang='grc' dir='ltr'>νοῦν</span> <span class='ocrx_word' id='word_1_385' title='bbox 1304 4806 1509 4877; x_wconf 82' lang='grc' dir='ltr'>ὥρισαν</span> <span class='ocrx_word' id='word_1_386' title='bbox 1540 4806 1609 4859; x_wconf 77' lang='grc' dir='ltr'>τὰ</span> <span class='ocrx_word' id='word_1_387' title='bbox 1642 4803 2015 4873; x_wconf 83' lang='grc' dir='ltr'>συμφέροντα,</span> 
     </span>
    </p>
   </div>
   <div class='ocr_carea' id='block_1_53' title="bbox 456 4894 2019 4972">
    <p class='ocr_par' dir='ltr' id='par_1_53' title="bbox 456 4894 2019 4972">
     <span class='ocr_line' id='line_1_53' title="bbox 456 4894 2019 4972; baseline -0.008 -13"><span class='ocrx_word' id='word_1_388' title='bbox 456 4906 549 4959; x_wconf 75' lang='grc' dir='ltr'><strong>καὶ</strong></span> <span class='ocrx_word' id='word_1_389' title='bbox 580 4904 781 4963; x_wconf 82' lang='grc' dir='ltr'>πάντα.</span> <span class='ocrx_word' id='word_1_390' title='bbox 818 4902 971 4972; x_wconf 77' lang='grc' dir='ltr'>φασὶ,</span> <span class='ocrx_word' id='word_1_391' title='bbox 998 4901 1119 4953; x_wconf 85' lang='grc' dir='ltr'>κατ’</span> <span class='ocrx_word' id='word_1_392' title='bbox 1150 4899 1391 4962; x_wconf 78' lang='grc' dir='ltr'>ἐκείνους</span> <span class='ocrx_word' id='word_1_393' title='bbox 1421 4898 1516 4952; x_wconf 79' lang='grc' dir='ltr'>καὶ</span> <span class='ocrx_word' id='word_1_394' title='bbox 1542 4899 1703 4968; x_wconf 77' lang='grc' dir='ltr'>ἡμεῖς</span> <span class='ocrx_word' id='word_1_395' title='bbox 1733 4894 2019 4964; x_wconf 80' lang='grc' dir='ltr'>ποιοῦμεν.</span> 
     </span>
    </p>
   </div>
   <div class='ocr_carea' id='block_1_54' title="bbox 457 4984 2019 5066">
    <p class='ocr_par' dir='ltr' id='par_1_54' title="bbox 457 4984 2019 5066">
     <span class='ocr_line' id='line_1_54' title="bbox 457 4984 2019 5066; baseline -0.008 -16"><span class='ocrx_word' id='word_1_396' title='bbox 457 4996 564 5060; x_wconf 83' lang='grc' dir='ltr'><strong>Οὓς</strong></span> <span class='ocrx_word' id='word_1_397' title='bbox 585 4997 694 5066; x_wconf 76' lang='grc' dir='ltr'>γὰρ</span> <span class='ocrx_word' id='word_1_398' title='bbox 722 4995 918 5047; x_wconf 75' lang='grc' dir='ltr'>ἐκεῖνοι</span> <span class='ocrx_word' id='word_1_399' title='bbox 944 4990 1421 5062; x_wconf 78' lang='grc' dir='ltr'>ἀναθεματίζουσι,</span> <span class='ocrx_word' id='word_1_400' title='bbox 1462 4990 1555 5043; x_wconf 73' lang='grc' dir='ltr'>καὶ</span> <span class='ocrx_word' id='word_1_401' title='bbox 1605 4990 1768 5059; x_wconf 83' lang='grc' dir='ltr'>ἡμεῖς</span> <span class='ocrx_word' id='word_1_402' title='bbox 1790 5001 1806 5020; x_wconf 88' lang='grc'><strong>·</strong></span> <span class='ocrx_word' id='word_1_403' title='bbox 1844 4985 1939 5049; x_wconf 77' lang='grc' dir='ltr'>οὓς</span> <span class='ocrx_word' id='word_1_404' title='bbox 1960 4984 2019 5039; x_wconf 79' lang='grc' dir='ltr'>δὲ</span> 
     </span>
    </p>
   </div>
   <div class='ocr_carea' id='block_1_55' title="bbox 457 5078 2019 5160">
    <p class='ocr_par' dir='ltr' id='par_1_55' title="bbox 457 5078 2019 5160">
     <span class='ocr_line' id='line_1_55' title="bbox 457 5078 2019 5160; baseline -0.008 -17"><span class='ocrx_word' id='word_1_405' title='bbox 457 5088 799 5160; x_wconf 76' lang='grc' dir='ltr'>ἀφορίζουσι,</span> <span class='ocrx_word' id='word_1_406' title='bbox 826 5090 918 5139; x_wconf 82' lang='grc' dir='ltr'>καί</span> <span class='ocrx_word' id='word_1_407' title='bbox 946 5087 1099 5155; x_wconf 78' lang='grc' dir='ltr'>ἡμεῖς</span> <span class='ocrx_word' id='word_1_408' title='bbox 1124 5097 1141 5114; x_wconf 78' lang='grc' dir='ltr'><strong><em>ο</em></strong></span> <span class='ocrx_word' id='word_1_409' title='bbox 1180 5078 1259 5146; x_wconf 76' lang='grc' dir='ltr'><strong>οἷς</strong></span> <span class='ocrx_word' id='word_1_410' title='bbox 1284 5083 1340 5136; x_wconf 84' lang='grc' dir='ltr'>δὲ</span> <span class='ocrx_word' id='word_1_411' title='bbox 1369 5082 1683 5151; x_wconf 73' lang='grc' dir='ltr'>ἐπιτιμῶσι,</span> <span class='ocrx_word' id='word_1_412' title='bbox 1719 5080 1813 5134; x_wconf 76' lang='grc' dir='ltr'>καὶ</span> <span class='ocrx_word' id='word_1_413' title='bbox 1832 5081 2019 5151; x_wconf 75' lang='grc' dir='ltr'>ἡμεῖς’</span> 
     </span>
    </p>
   </div>
   <div class='ocr_carea' id='block_1_56' title="bbox 457 5171 2013 5254">
    <p class='ocr_par' dir='ltr' id='par_1_56' title="bbox 457 5171 2013 5254">
     <span class='ocr_line' id='line_1_56' title="bbox 457 5171 2013 5254; baseline -0.006 -19"><span class='ocrx_word' id='word_1_414' title='bbox 457 5181 830 5254; x_wconf 64' lang='grc' dir='ltr'>ἀφιλάργυρος</span> <span class='ocrx_word' id='word_1_415' title='bbox 860 5177 967 5247; x_wconf 80' lang='grc' dir='ltr'><strong>γὰρ</strong></span> <span class='ocrx_word' id='word_1_416' title='bbox 990 5179 1017 5230; x_wconf 84' lang='grc' dir='ltr'>ὁ</span> <span class='ocrx_word' id='word_1_417' title='bbox 1038 5176 1257 5245; x_wconf 74' lang='grc' dir='ltr'>τρόπος,</span> <span class='ocrx_word' id='word_1_418' title='bbox 1279 5173 1606 5245; x_wconf 70' lang='grc' dir='ltr'>ἀρκούμενοι</span> <span class='ocrx_word' id='word_1_419' title='bbox 1624 5176 1734 5235; x_wconf 74' lang='grc' dir='ltr'>τοῖς</span> <span class='ocrx_word' id='word_1_420' title='bbox 1756 5171 2013 5242; x_wconf 71' lang='grc' dir='ltr'>παροῦσι.</span> 
     </span>
    </p>
   </div>
   <div class='ocr_carea' id='block_1_57' title="bbox 454 5264 2014 5345">
    <p class='ocr_par' dir='ltr' id='par_1_57' title="bbox 454 5264 2014 5345">
     <span class='ocr_line' id='line_1_57' title="bbox 454 5264 2014 5345; baseline -0.007 -17"><span class='ocrx_word' id='word_1_421' title='bbox 454 5277 532 5329; x_wconf 85' lang='grc' dir='ltr'><strong>Τὸ</strong></span> <span class='ocrx_word' id='word_1_422' title='bbox 566 5274 665 5345; x_wconf 78' lang='grc' dir='ltr'>μὲν</span> <span class='ocrx_word' id='word_1_423' title='bbox 697 5273 860 5344; x_wconf 76' lang='grc' dir='ltr'>ῥητὸν</span> <span class='ocrx_word' id='word_1_424' title='bbox 892 5269 1245 5324; x_wconf 84' lang='grc' dir='ltr'>ἀποστολικόν</span> <span class='ocrx_word' id='word_1_425' title='bbox 1277 5284 1291 5298; x_wconf 89' lang='grc'><strong>·</strong></span> <span class='ocrx_word' id='word_1_426' title='bbox 1326 5269 1626 5339; x_wconf 74' lang='grc' dir='ltr'>ἐχρήσαντο</span> <span class='ocrx_word' id='word_1_427' title='bbox 1676 5268 1731 5320; x_wconf 85' lang='grc' dir='ltr'>δὲ</span> <span class='ocrx_word' id='word_1_428' title='bbox 1767 5266 1938 5337; x_wconf 79' lang='grc' dir='ltr'>τούτῳ</span> <span class='ocrx_word' id='word_1_429' title='bbox 1962 5264 2014 5318; x_wconf 81' lang='grc' dir='ltr'>οἱ</span> 
     </span>
    </p>
   </div>
   <div class='ocr_carea' id='block_1_58' title="bbox 453 5356 2014 5437">
    <p class='ocr_par' dir='ltr' id='par_1_58' title="bbox 453 5356 2014 5437">
     <span class='ocr_line' id='line_1_58' title="bbox 453 5356 2014 5437; baseline -0.006 -16"><span class='ocrx_word' id='word_1_430' title='bbox 453 5367 558 5437; x_wconf 77' lang='grc' dir='ltr'>τῆς</span> <span class='ocrx_word' id='word_1_431' title='bbox 582 5364 820 5429; x_wconf 74' lang='grc' dir='ltr'>συνόδου,</span> <span class='ocrx_word' id='word_1_432' title='bbox 842 5362 1149 5434; x_wconf 82' lang='grc' dir='ltr'>δηλοῦντες,</span> <span class='ocrx_word' id='word_1_433' title='bbox 1180 5356 1358 5430; x_wconf 73' lang='grc' dir='ltr'>οἶμαι,</span> <span class='ocrx_word' id='word_1_434' title='bbox 1390 5360 1474 5412; x_wconf 83' lang='grc' dir='ltr'><strong>ότι</strong></span> <span class='ocrx_word' id='word_1_435' title='bbox 1508 5358 1660 5412; x_wconf 86' lang='grc' dir='ltr'>οὐδὲν</span> <span class='ocrx_word' id='word_1_436' title='bbox 1691 5358 1854 5411; x_wconf 79' lang='grc' dir='ltr'>πλέον</span> <span class='ocrx_word' id='word_1_437' title='bbox 1900 5360 2014 5421; x_wconf 84' lang='grc' dir='ltr'>τοῖς</span> 
     </span>
    </p>
   </div>
   <div class='ocr_carea' id='block_1_59' title="bbox 455 5448 2019 5530">
    <p class='ocr_par' dir='ltr' id='par_1_59' title="bbox 455 5448 2019 5530">
     <span class='ocr_line' id='line_1_59' title="bbox 455 5448 2019 5530; baseline -0.008 -16"><span class='ocrx_word' id='word_1_438' title='bbox 455 5457 592 5529; x_wconf 69' lang='grc' dir='ltr'>παρ’</span> <span class='ocrx_word' id='word_1_439' title='bbox 622 5455 842 5509; x_wconf 69' lang='grc' dir='ltr'>ὲκείνων</span> <span class='ocrx_word' id='word_1_440' title='bbox 878 5456 1178 5522; x_wconf 84' lang='grc' dir='ltr'>διαταγεῖσι</span> <span class='ocrx_word' id='word_1_441' title='bbox 1228 5451 1455 5522; x_wconf 82' lang='grc' dir='ltr'>Θέλομεν</span> <span class='ocrx_word' id='word_1_442' title='bbox 1504 5452 1665 5530; x_wconf 68' lang='grc' dir='ltr'>ἡμεῖς</span> <span class='ocrx_word' id='word_1_443' title='bbox 1696 5448 2019 5520; x_wconf 83' lang='grc' dir='ltr'>προσθεῖναι</span> 
     </span>
    </p>
   </div>
   <div class='ocr_carea' id='block_1_60' title="bbox 454 5547 2014 5624">
    <p class='ocr_par' dir='ltr' id='par_1_60' title="bbox 454 5547 2014 5624">
     <span class='ocr_line' id='line_1_60' title="bbox 454 5547 2014 5624; baseline -0.007 -13"><span class='ocrx_word' id='word_1_444' title='bbox 454 5555 545 5611; x_wconf 80' lang='grc' dir='ltr'>διὰ</span> <span class='ocrx_word' id='word_1_445' title='bbox 576 5554 876 5624; x_wconf 75' lang='grc' dir='ltr'>φιλοδοξίαν</span> <span class='ocrx_word' id='word_1_446' title='bbox 923 5552 1410 5623; x_wconf 85' lang='grc' dir='ltr'>ἁπληστευόμενοι,</span> <span class='ocrx_word' id='word_1_447' title='bbox 1464 5548 1539 5611; x_wconf 85' lang='grc' dir='ltr'>ὡς</span> <span class='ocrx_word' id='word_1_448' title='bbox 1569 5549 1620 5600; x_wconf 78' lang='grc' dir='ltr'>οἱ</span> <span class='ocrx_word' id='word_1_449' title='bbox 1683 5547 2014 5618; x_wconf 84' lang='grc' dir='ltr'>φιλάργυροι</span> 
     </span>
    </p>
   </div>
   <div class='ocr_carea' id='block_1_61' title="bbox 453 5640 2016 5719">
    <p class='ocr_par' dir='ltr' id='par_1_61' title="bbox 453 5640 2016 5719">
     <span class='ocr_line' id='line_1_61' title="bbox 453 5640 2016 5719; baseline -0.009 -13"><span class='ocrx_word' id='word_1_450' title='bbox 453 5652 546 5707; x_wconf 75' lang='grc' dir='ltr'><strong>ἀεὶ</strong></span> <span class='ocrx_word' id='word_1_451' title='bbox 574 5648 886 5719; x_wconf 78' lang='grc' dir='ltr'>ζητοῦντες,</span> <span class='ocrx_word' id='word_1_452' title='bbox 924 5641 1003 5709; x_wconf 73' lang='grc' dir='ltr'>οἷς</span> <span class='ocrx_word' id='word_1_453' title='bbox 1037 5647 1236 5716; x_wconf 81' lang='grc' dir='ltr'>ἔχουσι,</span> <span class='ocrx_word' id='word_1_454' title='bbox 1269 5642 1614 5714; x_wconf 82' lang='grc' dir='ltr'>προστιθέναι</span> <span class='ocrx_word' id='word_1_455' title='bbox 1636 5657 1650 5673; x_wconf 80' lang='grc'><em>’</em></span> <span class='ocrx_word' id='word_1_456' title='bbox 1684 5640 2016 5713; x_wconf 83' lang='grc' dir='ltr'>ἀλλ’ἁρκού-</span> 
     </span>
    </p>
   </div>
   <div class='ocr_carea' id='block_1_62' title="bbox 532 5812 2174 5907">
    <p class='ocr_par' dir='ltr' id='par_1_62' title="bbox 532 5812 2174 5907">
     <span class='ocr_line' id='line_1_62' title="bbox 532 5812 2174 5907; baseline -0.01 -24"><span class='ocrx_word' id='word_1_457' title='bbox 532 5826 575 5861; x_wconf 83' lang='grc'><strong>⁸³</strong></span> <span class='ocrx_word' id='word_1_458' title='bbox 597 5825 641 5882; x_wconf 89' lang='lat' dir='ltr'><strong>ll</strong></span> <span class='ocrx_word' id='word_1_459' title='bbox 673 5822 799 5882; x_wconf 86' lang='lat' dir='ltr'><strong>Cor.</strong></span> <span class='ocrx_word' id='word_1_460' title='bbox 831 5836 927 5887; x_wconf 75' lang='lat' dir='ltr'><strong>xu,</strong></span> <span class='ocrx_word' id='word_1_461' title='bbox 950 5823 1002 5877; x_wconf 66' lang='grc'>4.</span> <span class='ocrx_word' id='word_1_462' title='bbox 1073 5820 1279 5875; x_wconf 70' lang='lat' dir='ltr'><strong>“Psal.</strong></span> <span class='ocrx_word' id='word_1_463' title='bbox 1314 5834 1507 5887; x_wconf 74' lang='lat' dir='ltr'><strong>cxvtu,</strong></span> <span class='ocrx_word' id='word_1_464' title='bbox 1545 5816 1662 5871; x_wconf 75' lang='grc'><strong>158.</strong></span> <span class='ocrx_word' id='word_1_465' title='bbox 1742 5818 1787 5849; x_wconf 80' lang='grc'><strong>⁸⁸</strong></span> <span class='ocrx_word' id='word_1_466' title='bbox 1807 5816 1959 5870; x_wconf 91' lang='lat' dir='ltr'><strong>Deut.</strong></span> <span class='ocrx_word' id='word_1_467' title='bbox 1984 5827 2054 5880; x_wconf 84' lang='lat' dir='ltr'><strong>tv,</strong></span> <span class='ocrx_word' id='word_1_468' title='bbox 2170 5884 2174 5889; x_wconf 18' lang='lat'><strong><em>1</em></strong></span> 
     </span>
    </p>
   </div>
   <div class='ocr_carea' id='block_1_63' title="bbox 2102 568 3659 647">
    <p class='ocr_par' dir='ltr' id='par_1_63' title="bbox 2102 568 3659 647">
     <span class='ocr_line' id='line_1_63' title="bbox 2102 568 3659 647; baseline -0.006 -16"><span class='ocrx_word' id='word_1_469' title='bbox 2102 577 2249 631; x_wconf 87' lang='lat' dir='ltr'><strong>omni</strong></span> <span class='ocrx_word' id='word_1_470' title='bbox 2276 579 2431 647; x_wconf 83' lang='lat' dir='ltr'><strong>cepia</strong></span> <span class='ocrx_word' id='word_1_471' title='bbox 2481 576 2844 644; x_wconf 88' lang='lat' dir='ltr'><strong>varietateque</strong></span> <span class='ocrx_word' id='word_1_472' title='bbox 2873 572 3227 633; x_wconf 79' lang='lat' dir='ltr'><strong>alliuerimus,</strong></span> <span class='ocrx_word' id='word_1_473' title='bbox 3261 570 3345 624; x_wconf 89' lang='lat' dir='ltr'><strong>vel</strong></span> <span class='ocrx_word' id='word_1_474' title='bbox 3379 570 3424 624; x_wconf 88' lang='lat' dir='ltr'><strong>si</strong></span> <span class='ocrx_word' id='word_1_475' title='bbox 3450 568 3659 623; x_wconf 82' lang='lat' dir='ltr'><strong>divitiis</strong></span> 
     </span>
    </p>
   </div>
   <div class='ocr_carea' id='block_1_64' title="bbox 2102 661 3673 732">
    <p class='ocr_par' dir='ltr' id='par_1_64' title="bbox 2102 661 3673 732">
     <span class='ocr_line' id='line_1_64' title="bbox 2102 661 3673 732; baseline -0.006 -9"><span class='ocrx_word' id='word_1_476' title='bbox 2102 670 2359 724; x_wconf 90' lang='lat' dir='ltr'><strong>omnibus</strong></span> <span class='ocrx_word' id='word_1_477' title='bbox 2397 671 2450 723; x_wconf 93' lang='lat' dir='ltr'><strong>in</strong></span> <span class='ocrx_word' id='word_1_478' title='bbox 2483 685 2652 723; x_wconf 88' lang='lat' dir='ltr'><strong>unum</strong></span> <span class='ocrx_word' id='word_1_479' title='bbox 2685 667 2886 732; x_wconf 88' lang='lat' dir='ltr'><strong>locum,</strong></span> <span class='ocrx_word' id='word_1_480' title='bbox 2924 665 2969 720; x_wconf 90' lang='lat' dir='ltr'><strong>si</strong></span> <span class='ocrx_word' id='word_1_481' title='bbox 3004 666 3116 719; x_wconf 80' lang='lat' dir='ltr'><strong>fieri</strong></span> <span class='ocrx_word' id='word_1_482' title='bbox 3166 671 3351 732; x_wconf 81' lang='lat' dir='ltr'><strong>posset</strong></span> <span class='ocrx_word' id='word_1_483' title='bbox 3417 661 3673 716; x_wconf 79' lang='lat' dir='ltr'><strong>collectis</strong></span> 
     </span>
    </p>
   </div>
   <div class='ocr_carea' id='block_1_65' title="bbox 2051 752 3667 828">
    <p class='ocr_par' dir='ltr' id='par_1_65' title="bbox 2051 752 3667 828">
     <span class='ocr_line' id='line_1_65' title="bbox 2051 752 3667 828; baseline -0.006 -16"><span class='ocrx_word' id='word_1_484' title='bbox 2051 808 2054 812; x_wconf 88' lang='lat'><strong>.</strong></span> <span class='ocrx_word' id='word_1_485' title='bbox 2104 760 2310 828; x_wconf 87' lang='lat' dir='ltr'><strong>perfrui</strong></span> <span class='ocrx_word' id='word_1_486' title='bbox 2348 761 2532 812; x_wconf 87' lang='lat' dir='ltr'><strong>datum</strong></span> <span class='ocrx_word' id='word_1_487' title='bbox 2565 767 2731 812; x_wconf 83' lang='lat' dir='ltr'><strong>esset.</strong></span> <span class='ocrx_word' id='word_1_488' title='bbox 2764 757 2827 810; x_wconf 88' lang='lat' dir='ltr'><strong>Et</strong></span> <span class='ocrx_word' id='word_1_489' title='bbox 2867 771 3126 809; x_wconf 77' lang='lat' dir='ltr'><strong>rursum:</strong></span> <span class='ocrx_word' id='word_1_490' title='bbox 3187 752 3453 807; x_wconf 77' lang='lat' dir='ltr'><strong>Maudasti</strong></span> <span class='ocrx_word' id='word_1_491' title='bbox 3495 752 3667 818; x_wconf 79' lang='lat' dir='ltr'><strong>justi-</strong></span> 
     </span>
    </p>
   </div>
   <div class='ocr_carea' id='block_1_66' title="bbox 2105 842 3681 911">
    <p class='ocr_par' dir='ltr' id='par_1_66' title="bbox 2105 842 3681 911">
     <span class='ocr_line' id='line_1_66' title="bbox 2105 842 3681 911; baseline -0.005 -6"><span class='ocrx_word' id='word_1_492' title='bbox 2105 854 2236 905; x_wconf 86' lang='lat' dir='ltr'><strong>tiam</strong></span> <span class='ocrx_word' id='word_1_493' title='bbox 2288 853 2591 905; x_wconf 80' lang='lat' dir='ltr'><strong>testimonia</strong></span> <span class='ocrx_word' id='word_1_494' title='bbox 2654 860 2745 903; x_wconf 83' lang='lat' dir='ltr'><strong>tua</strong></span> <span class='ocrx_word' id='word_1_495' title='bbox 2804 851 2857 902; x_wconf 80' lang='lat' dir='ltr'><strong>in</strong></span> <span class='ocrx_word' id='word_1_496' title='bbox 2905 848 3181 911; x_wconf 71' lang='lat' dir='ltr'><strong>sa&#39;rulum,</strong></span> <span class='ocrx_word' id='word_1_497' title='bbox 3245 842 3681 899; x_wconf 71' lang='lat' dir='ltr'><strong>intellectumda&#39;</strong></span> 
     </span>
    </p>
   </div>
   <div class='ocr_carea' id='block_1_67' title="bbox 2103 936 3672 1004">
    <p class='ocr_par' dir='ltr' id='par_1_67' title="bbox 2103 936 3672 1004">
     <span class='ocr_line' id='line_1_67' title="bbox 2103 936 3672 1004; baseline -0.003 -11"><span class='ocrx_word' id='word_1_498' title='bbox 2103 943 2253 1004; x_wconf 82' lang='lat' dir='ltr'><strong>mihi,</strong></span> <span class='ocrx_word' id='word_1_499' title='bbox 2272 952 2322 996; x_wconf 83' lang='lat' dir='ltr'><strong>et</strong></span> <span class='ocrx_word' id='word_1_500' title='bbox 2359 944 2525 995; x_wconf 84' lang='lat' dir='ltr'><strong>vivam</strong></span> <span class='ocrx_word' id='word_1_501' title='bbox 2548 942 2615 994; x_wconf 72' lang='grc'><strong>⁵⁸.</strong></span> <span class='ocrx_word' id='word_1_502' title='bbox 2648 940 2711 993; x_wconf 87' lang='grc' dir='ltr'>Ει</span> <span class='ocrx_word' id='word_1_503' title='bbox 2746 941 2798 993; x_wconf 90' lang='lat' dir='ltr'><strong>in</strong></span> <span class='ocrx_word' id='word_1_504' title='bbox 2825 940 3080 994; x_wconf 65' lang='lat' dir='ltr'><strong>saeculum</strong></span> <span class='ocrx_word' id='word_1_505' title='bbox 3103 939 3411 991; x_wconf 85' lang='lat' dir='ltr'><strong>testimonia</strong></span> <span class='ocrx_word' id='word_1_506' title='bbox 3442 936 3533 989; x_wconf 89' lang='lat' dir='ltr'><strong>Dei</strong></span> <span class='ocrx_word' id='word_1_507' title='bbox 3551 951 3672 989; x_wconf 81' lang='lat' dir='ltr'><strong>ser-</strong></span> 
     </span>
    </p>
   </div>
   <div class='ocr_carea' id='block_1_68' title="bbox 2106 1029 3676 1102">
    <p class='ocr_par' dir='ltr' id='par_1_68' title="bbox 2106 1029 3676 1102">
     <span class='ocr_line' id='line_1_68' title="bbox 2106 1029 3676 1102; baseline -0.003 -17"><span class='ocrx_word' id='word_1_508' title='bbox 2106 1047 2233 1085; x_wconf 88' lang='lat' dir='ltr'><strong>vare</strong></span> <span class='ocrx_word' id='word_1_509' title='bbox 2264 1033 2577 1102; x_wconf 87' lang='lat' dir='ltr'><strong>prophetica</strong></span> <span class='ocrx_word' id='word_1_510' title='bbox 2612 1048 2744 1086; x_wconf 90' lang='lat' dir='ltr'><strong>voce</strong></span> <span class='ocrx_word' id='word_1_511' title='bbox 2774 1032 3055 1099; x_wconf 90' lang='lat' dir='ltr'><strong>jubemur,</strong></span> <span class='ocrx_word' id='word_1_512' title='bbox 3080 1045 3144 1083; x_wconf 90' lang='lat' dir='ltr'><strong>ac</strong></span> <span class='ocrx_word' id='word_1_513' title='bbox 3205 1030 3257 1083; x_wconf 89' lang='lat' dir='ltr'><strong>in</strong></span> <span class='ocrx_word' id='word_1_514' title='bbox 3295 1029 3426 1099; x_wconf 83' lang='lat' dir='ltr'><strong>ipsis</strong></span> <span class='ocrx_word' id='word_1_515' title='bbox 3466 1029 3676 1089; x_wconf 72' lang='lat' dir='ltr'><strong>vivere,</strong></span> 
     </span>
    </p>
   </div>
   <div class='ocr_carea' id='block_1_69' title="bbox 2109 1124 3668 1191">
    <p class='ocr_par' dir='ltr' id='par_1_69' title="bbox 2109 1124 3668 1191">
     <span class='ocr_line' id='line_1_69' title="bbox 2109 1124 3668 1191; baseline -0.003 -14"><span class='ocrx_word' id='word_1_516' title='bbox 2109 1124 2182 1178; x_wconf 89' lang='lat' dir='ltr'><strong>ila</strong></span> <span class='ocrx_word' id='word_1_517' title='bbox 2214 1126 2420 1179; x_wconf 81' lang='lat' dir='ltr'><strong>scilicet</strong></span> <span class='ocrx_word' id='word_1_518' title='bbox 2446 1136 2499 1177; x_wconf 86' lang='lat' dir='ltr'><strong>ut</strong></span> <span class='ocrx_word' id='word_1_519' title='bbox 2530 1125 2679 1178; x_wconf 88' lang='lat' dir='ltr'><strong>firma</strong></span> <span class='ocrx_word' id='word_1_520' title='bbox 2707 1124 2814 1184; x_wconf 86' lang='lat' dir='ltr'><strong>illa,</strong></span> <span class='ocrx_word' id='word_1_521' title='bbox 2837 1125 3269 1191; x_wconf 81' lang='lat' dir='ltr'><strong>inconcussaque</strong></span> <span class='ocrx_word' id='word_1_522' title='bbox 3289 1126 3668 1190; x_wconf 80' lang='lat' dir='ltr'><strong>permaneant.</strong></span> 
     </span>
    </p>
   </div>
   <div class='ocr_carea' id='block_1_70' title="bbox 2109 1214 3669 1276">
    <p class='ocr_par' dir='ltr' id='par_1_70' title="bbox 2109 1214 3669 1276">
     <span class='ocr_line' id='line_1_70' title="bbox 2109 1214 3669 1276; baseline -0.004 -5"><span class='ocrx_word' id='word_1_523' title='bbox 2109 1216 2266 1272; x_wconf 84' lang='lat' dir='ltr'><strong>Tunc</strong></span> <span class='ocrx_word' id='word_1_524' title='bbox 2288 1218 2429 1270; x_wconf 86' lang='lat' dir='ltr'><strong>enim</strong></span> <span class='ocrx_word' id='word_1_525' title='bbox 2473 1219 2541 1270; x_wconf 12' lang='lat' dir='ltr'><strong>int</strong></span> <span class='ocrx_word' id='word_1_526' title='bbox 2586 1217 2675 1270; x_wconf 79' lang='grc' dir='ltr'><strong>Ι)ρί</strong></span> <span class='ocrx_word' id='word_1_527' title='bbox 2734 1216 3061 1272; x_wconf 79' lang='lat' dir='ltr'><strong>testimoniis</strong></span> <span class='ocrx_word' id='word_1_528' title='bbox 3123 1214 3371 1276; x_wconf 79' lang='lat' dir='ltr'><strong>vivimus,</strong></span> <span class='ocrx_word' id='word_1_529' title='bbox 3421 1227 3549 1266; x_wconf 90' lang='lat' dir='ltr'><strong>cum</strong></span> <span class='ocrx_word' id='word_1_530' title='bbox 3608 1226 3669 1265; x_wconf 85' lang='lat' dir='ltr'><strong>ea</strong></span> 
     </span>
    </p>
   </div>
   <div class='ocr_carea' id='block_1_71' title="bbox 2109 1306 3673 1383">
    <p class='ocr_par' dir='ltr' id='par_1_71' title="bbox 2109 1306 3673 1383">
     <span class='ocr_line' id='line_1_71' title="bbox 2109 1306 3673 1383; baseline -0.006 -17"><span class='ocrx_word' id='word_1_531' title='bbox 2109 1312 2333 1366; x_wconf 87' lang='lat' dir='ltr'><strong>imnmta</strong></span> <span class='ocrx_word' id='word_1_532' title='bbox 2368 1315 2551 1368; x_wconf 79' lang='lat' dir='ltr'><strong>stabili</strong></span> <span class='ocrx_word' id='word_1_533' title='bbox 2587 1313 2841 1383; x_wconf 81' lang='lat' dir='ltr'><strong>vestigio.</strong></span> <span class='ocrx_word' id='word_1_534' title='bbox 2881 1313 3031 1365; x_wconf 87' lang='lat' dir='ltr'><strong>nullo</strong></span> <span class='ocrx_word' id='word_1_535' title='bbox 3064 1321 3253 1364; x_wconf 86' lang='lat' dir='ltr'><strong>nostro</strong></span> <span class='ocrx_word' id='word_1_536' title='bbox 3284 1310 3427 1360; x_wconf 81' lang='lat' dir='ltr'><strong>facto</strong></span> <span class='ocrx_word' id='word_1_537' title='bbox 3475 1306 3673 1360; x_wconf 87' lang='lat' dir='ltr'><strong>violata</strong></span> 
     </span>
    </p>
   </div>
   <div class='ocr_carea' id='block_1_72' title="bbox 2107 1399 3678 1474">
    <p class='ocr_par' dir='ltr' id='par_1_72' title="bbox 2107 1399 3678 1474">
     <span class='ocr_line' id='line_1_72' title="bbox 2107 1399 3678 1474; baseline -0.006 -15"><span class='ocrx_word' id='word_1_538' title='bbox 2107 1414 2202 1459; x_wconf 86' lang='lat' dir='ltr'><strong>aut</strong></span> <span class='ocrx_word' id='word_1_539' title='bbox 2225 1414 2555 1474; x_wconf 88' lang='lat' dir='ltr'><strong>contempta,</strong></span> <span class='ocrx_word' id='word_1_540' title='bbox 2581 1405 2855 1470; x_wconf 85' lang='lat' dir='ltr'><strong>nituntur;</strong></span> <span class='ocrx_word' id='word_1_541' title='bbox 2881 1403 3189 1473; x_wconf 78' lang='grc' dir='ltr'>ἁκρὰδάντα</span> <span class='ocrx_word' id='word_1_542' title='bbox 3216 1417 3449 1467; x_wconf 79' lang='lat' dir='ltr'><strong>namque</strong></span> <span class='ocrx_word' id='word_1_543' title='bbox 3478 1399 3678 1453; x_wconf 90' lang='lat' dir='ltr'><strong>dicun-</strong></span> 
     </span>
    </p>
   </div>
   <div class='ocr_carea' id='block_1_73' title="bbox 2109 1492 3674 1568">
    <p class='ocr_par' dir='ltr' id='par_1_73' title="bbox 2109 1492 3674 1568">
     <span class='ocr_line' id='line_1_73' title="bbox 2109 1492 3674 1568; baseline -0.006 -17"><span class='ocrx_word' id='word_1_544' title='bbox 2109 1507 2220 1559; x_wconf 89' lang='lat' dir='ltr'><strong>tur,</strong></span> <span class='ocrx_word' id='word_1_545' title='bbox 2247 1513 2368 1568; x_wconf 61' lang='lat' dir='ltr'><strong>qum</strong></span> <span class='ocrx_word' id='word_1_546' title='bbox 2402 1497 2556 1551; x_wconf 80' lang='lat' dir='ltr'><strong>ﬁrmo</strong></span> <span class='ocrx_word' id='word_1_547' title='bbox 2583 1499 2713 1551; x_wconf 75' lang='lat' dir='ltr'><strong>nixu</strong></span> <span class='ocrx_word' id='word_1_548' title='bbox 2744 1498 2968 1555; x_wconf 75' lang='lat' dir='ltr'><strong>haerent,</strong></span> <span class='ocrx_word' id='word_1_549' title='bbox 3005 1510 3107 1548; x_wconf 89' lang='lat' dir='ltr'><strong>nec</strong></span> <span class='ocrx_word' id='word_1_550' title='bbox 3138 1495 3210 1548; x_wconf 88' lang='lat' dir='ltr'><strong>ita</strong></span> <span class='ocrx_word' id='word_1_551' title='bbox 3244 1492 3400 1545; x_wconf 83' lang='lat' dir='ltr'><strong>facile</strong></span> <span class='ocrx_word' id='word_1_552' title='bbox 3430 1505 3674 1544; x_wconf 83' lang='lat' dir='ltr'><strong>commo-</strong></span> 
     </span>
    </p>
   </div>
   <div class='ocr_carea' id='block_1_74' title="bbox 2108 1585 3678 1657">
    <p class='ocr_par' dir='ltr' id='par_1_74' title="bbox 2108 1585 3678 1657">
     <span class='ocr_line' id='line_1_74' title="bbox 2108 1585 3678 1657; baseline -0.007 -17"><span class='ocrx_word' id='word_1_553' title='bbox 2108 1588 2221 1642; x_wconf 87' lang='lat' dir='ltr'><strong>veri</strong></span> <span class='ocrx_word' id='word_1_554' title='bbox 2257 1597 2510 1657; x_wconf 73' lang='lat' dir='ltr'><strong>possmt.</strong></span> <span class='ocrx_word' id='word_1_555' title='bbox 2542 1589 2638 1641; x_wconf 81' lang='lat' dir='ltr'><strong>Est</strong></span> <span class='ocrx_word' id='word_1_556' title='bbox 2675 1588 2818 1640; x_wconf 91' lang='lat' dir='ltr'><strong>enim</strong></span> <span class='ocrx_word' id='word_1_557' title='bbox 2857 1586 3030 1655; x_wconf 80' lang='grc' dir='ltr'>κραδή</span> <span class='ocrx_word' id='word_1_558' title='bbox 3059 1585 3197 1639; x_wconf 75' lang='lat' dir='ltr'><strong>ficus</strong></span> <span class='ocrx_word' id='word_1_559' title='bbox 3227 1598 3410 1635; x_wconf 89' lang='lat' dir='ltr'><strong>ramus</strong></span> <span class='ocrx_word' id='word_1_560' title='bbox 3445 1589 3601 1635; x_wconf 88' lang='lat' dir='ltr'><strong>tener</strong></span> <span class='ocrx_word' id='word_1_561' title='bbox 3624 1590 3678 1630; x_wconf 85' lang='lat' dir='ltr'><strong>et</strong></span> 
     </span>
    </p>
   </div>
   <div class='ocr_carea' id='block_1_75' title="bbox 2110 1670 3675 1750">
    <p class='ocr_par' dir='ltr' id='par_1_75' title="bbox 2110 1670 3675 1750">
     <span class='ocr_line' id='line_1_75' title="bbox 2110 1670 3675 1750; baseline -0.006 -19"><span class='ocrx_word' id='word_1_562' title='bbox 2110 1677 2343 1750; x_wconf 82' lang='lat' dir='ltr'><strong>fragilis.</strong></span> <span class='ocrx_word' id='word_1_563' title='bbox 2371 1680 2474 1747; x_wconf 85' lang='lat' dir='ltr'><strong>Qui</strong></span> <span class='ocrx_word' id='word_1_564' title='bbox 2504 1680 2671 1749; x_wconf 78' lang='lat' dir='ltr'><strong>igitur</strong></span> <span class='ocrx_word' id='word_1_565' title='bbox 2709 1680 2783 1731; x_wconf 86' lang='lat' dir='ltr'><strong>ita</strong></span> <span class='ocrx_word' id='word_1_566' title='bbox 2821 1678 3097 1732; x_wconf 83' lang='lat' dir='ltr'><strong>stabilitus</strong></span> <span class='ocrx_word' id='word_1_567' title='bbox 3118 1685 3225 1739; x_wconf 89' lang='lat' dir='ltr'><strong>est,</strong></span> <span class='ocrx_word' id='word_1_568' title='bbox 3262 1686 3320 1726; x_wconf 87' lang='lat' dir='ltr'><strong>ut</strong></span> <span class='ocrx_word' id='word_1_569' title='bbox 3356 1671 3501 1727; x_wconf 88' lang='lat' dir='ltr'><strong>haud</strong></span> <span class='ocrx_word' id='word_1_570' title='bbox 3530 1670 3675 1737; x_wconf 72' lang='lat' dir='ltr'><strong>facili</strong></span> 
     </span>
    </p>
   </div>
   <div class='ocr_carea' id='block_1_76' title="bbox 2111 1763 3688 1843">
    <p class='ocr_par' dir='ltr' id='par_1_76' title="bbox 2111 1763 3688 1843">
     <span class='ocr_line' id='line_1_76' title="bbox 2111 1763 3688 1843; baseline -0.005 -17"><span class='ocrx_word' id='word_1_571' title='bbox 2111 1774 2328 1843; x_wconf 80' lang='lat' dir='ltr'><strong>negotio</strong></span> <span class='ocrx_word' id='word_1_572' title='bbox 2358 1773 2560 1828; x_wconf 89' lang='lat' dir='ltr'><strong>moveri</strong></span> <span class='ocrx_word' id='word_1_573' title='bbox 2587 1781 2777 1842; x_wconf 87' lang='lat' dir='ltr'><strong>queat,</strong></span> <span class='ocrx_word' id='word_1_574' title='bbox 2808 1770 3145 1840; x_wconf 81' lang='grc' dir='ltr'>ἁκράδαντος</span> <span class='ocrx_word' id='word_1_575' title='bbox 3194 1768 3526 1821; x_wconf 91' lang='lat' dir='ltr'><strong>nominatur.</strong></span> <span class='ocrx_word' id='word_1_576' title='bbox 3566 1763 3688 1818; x_wconf 76' lang='lat' dir='ltr'><strong>Mo-~</strong></span> 
     </span>
    </p>
   </div>
   <div class='ocr_carea' id='block_1_77' title="bbox 2110 1856 3686 1933">
    <p class='ocr_par' dir='ltr' id='par_1_77' title="bbox 2110 1856 3686 1933">
     <span class='ocr_line' id='line_1_77' title="bbox 2110 1856 3686 1933; baseline -0.007 -15"><span class='ocrx_word' id='word_1_577' title='bbox 2110 1879 2223 1918; x_wconf 90' lang='lat' dir='ltr'><strong>sem</strong></span> <span class='ocrx_word' id='word_1_578' title='bbox 2251 1864 2447 1919; x_wconf 86' lang='lat' dir='ltr'><strong>deinde</strong></span> <span class='ocrx_word' id='word_1_579' title='bbox 2503 1865 2773 1933; x_wconf 90' lang='lat' dir='ltr'><strong>producit,</strong></span> <span class='ocrx_word' id='word_1_580' title='bbox 2815 1864 2907 1932; x_wconf 90' lang='lat' dir='ltr'><strong>qui</strong></span> <span class='ocrx_word' id='word_1_581' title='bbox 2967 1863 3034 1916; x_wconf 90' lang='lat' dir='ltr'><strong>ad</strong></span> <span class='ocrx_word' id='word_1_582' title='bbox 3087 1876 3173 1926; x_wconf 88' lang='lat' dir='ltr'><strong>ca,</strong></span> <span class='ocrx_word' id='word_1_583' title='bbox 3228 1858 3411 1912; x_wconf 79' lang='lat' dir='ltr'><strong>divina</strong></span> <span class='ocrx_word' id='word_1_584' title='bbox 3462 1856 3686 1910; x_wconf 83' lang='lat' dir='ltr'><strong>decreta.</strong></span> 
     </span>
    </p>
   </div>
   <div class='ocr_carea' id='block_1_78' title="bbox 2112 1948 3679 2022">
    <p class='ocr_par' dir='ltr' id='par_1_78' title="bbox 2112 1948 3679 2022">
     <span class='ocr_line' id='line_1_78' title="bbox 2112 1948 3679 2022; baseline -0.005 -14"><span class='ocrx_word' id='word_1_585' title='bbox 2112 1957 2387 2020; x_wconf 87' lang='lat' dir='ltr'><strong>videlicet,</strong></span> <span class='ocrx_word' id='word_1_586' title='bbox 2414 1956 2561 2011; x_wconf 82' lang='lat' dir='ltr'><strong>Nihil</strong></span> <span class='ocrx_word' id='word_1_587' title='bbox 2594 1957 2744 2017; x_wconf 88' lang='lat' dir='ltr'><strong>addi.</strong></span> <span class='ocrx_word' id='word_1_588' title='bbox 2774 1972 2875 2012; x_wconf 86' lang='lat' dir='ltr'><strong>nec</strong></span> <span class='ocrx_word' id='word_1_589' title='bbox 2909 1956 2980 2010; x_wconf 91' lang='lat' dir='ltr'><strong>ab</strong></span> <span class='ocrx_word' id='word_1_590' title='bbox 3036 1956 3105 2009; x_wconf 90' lang='lat' dir='ltr'><strong>iis</strong></span> <span class='ocrx_word' id='word_1_591' title='bbox 3145 1952 3440 2022; x_wconf 80' lang='lat' dir='ltr'><strong>quidquam</strong></span> <span class='ocrx_word' id='word_1_592' title='bbox 3476 1948 3679 2003; x_wconf 82' lang='lat' dir='ltr'><strong>auferri</strong></span> 
     </span>
    </p>
   </div>
   <div class='ocr_carea' id='block_1_79' title="bbox 2113 2044 3682 2115">
    <p class='ocr_par' dir='ltr' id='par_1_79' title="bbox 2113 2044 3682 2115">
     <span class='ocr_line' id='line_1_79' title="bbox 2113 2044 3682 2115; baseline -0.006 -13"><span class='ocrx_word' id='word_1_593' title='bbox 2113 2051 2279 2107; x_wconf 81' lang='lat' dir='ltr'><strong>licere</strong></span> <span class='ocrx_word' id='word_1_594' title='bbox 2328 2051 2556 2105; x_wconf 75' lang='lat' dir='ltr'><strong>afﬁrmat</strong></span> <span class='ocrx_word' id='word_1_595' title='bbox 2596 2051 2663 2104; x_wconf 80' lang='grc'><strong>⁵⁸.</strong></span> <span class='ocrx_word' id='word_1_596' title='bbox 2718 2050 2855 2103; x_wconf 85' lang='grc' dir='ltr'>Τιιιη</span> <span class='ocrx_word' id='word_1_597' title='bbox 2914 2062 2979 2102; x_wconf 80' lang='lat' dir='ltr'><strong>ex</strong></span> <span class='ocrx_word' id='word_1_598' title='bbox 3039 2044 3413 2115; x_wconf 85' lang='lat' dir='ltr'><strong>apostolorum</strong></span> <span class='ocrx_word' id='word_1_599' title='bbox 3462 2054 3682 2110; x_wconf 85' lang='lat' dir='ltr'><strong>quoque</strong></span> 
     </span>
    </p>
   </div>
   <div class='ocr_carea' id='block_1_80' title="bbox 2115 2135 3701 2214">
    <p class='ocr_par' dir='ltr' id='par_1_80' title="bbox 2115 2135 3701 2214">
     <span class='ocr_line' id='line_1_80' title="bbox 2115 2135 3701 2214; baseline -0.007 -19"><span class='ocrx_word' id='word_1_600' title='bbox 2115 2161 2364 2208; x_wconf 87' lang='lat' dir='ltr'><strong>numero,</strong></span> <span class='ocrx_word' id='word_1_601' title='bbox 2420 2146 2655 2214; x_wconf 86' lang='lat' dir='ltr'><strong>primum</strong></span> <span class='ocrx_word' id='word_1_602' title='bbox 2721 2142 2943 2206; x_wconf 87' lang='lat' dir='ltr'><strong>quidam</strong></span> <span class='ocrx_word' id='word_1_603' title='bbox 2991 2140 3261 2192; x_wconf 88' lang='lat' dir='ltr'><strong>immenso</strong></span> <span class='ocrx_word' id='word_1_604' title='bbox 3310 2135 3430 2189; x_wconf 85' lang='lat' dir='ltr'><strong>fidei</strong></span> <span class='ocrx_word' id='word_1_605' title='bbox 3495 2148 3701 2186; x_wconf 88' lang='lat' dir='ltr'><strong>amore-</strong></span> 
     </span>
    </p>
   </div>
   <div class='ocr_carea' id='block_1_81' title="bbox 2112 2227 3701 2309">
    <p class='ocr_par' dir='ltr' id='par_1_81' title="bbox 2112 2227 3701 2309">
     <span class='ocr_line' id='line_1_81' title="bbox 2112 2227 3701 2309; baseline -0.011 -17"><span class='ocrx_word' id='word_1_606' title='bbox 2112 2240 2431 2309; x_wconf 80' lang='lat' dir='ltr'><strong>flagrantem</strong></span> <span class='ocrx_word' id='word_1_607' title='bbox 2484 2237 2703 2291; x_wconf 79' lang='lat' dir='ltr'><strong>Petrum</strong></span> <span class='ocrx_word' id='word_1_608' title='bbox 2760 2236 2933 2298; x_wconf 91' lang='lat' dir='ltr'><strong>illum,</strong></span> <span class='ocrx_word' id='word_1_609' title='bbox 2967 2231 3259 2300; x_wconf 72' lang='lat' dir='ltr'><strong>magnifice</strong></span> <span class='ocrx_word' id='word_1_610' title='bbox 3318 2246 3377 2284; x_wconf 88' lang='lat' dir='ltr'><strong>se</strong></span> <span class='ocrx_word' id='word_1_611' title='bbox 3442 2229 3495 2281; x_wconf 92' lang='lat' dir='ltr'><strong>in</strong></span> <span class='ocrx_word' id='word_1_612' title='bbox 3545 2227 3701 2294; x_wconf 74' lang='lat' dir='ltr'><strong>ipsis.</strong></span> 
     </span>
    </p>
   </div>
   <div class='ocr_carea' id='block_1_82' title="bbox 2078 2320 3685 2398">
    <p class='ocr_par' dir='ltr' id='par_1_82' title="bbox 2078 2320 3685 2398">
     <span class='ocr_line' id='line_1_82' title="bbox 2078 2320 3685 2398; baseline -0.01 -11"><span class='ocrx_word' id='word_1_613' title='bbox 2078 2384 2079 2387; x_wconf 45' lang='grc' dir='ltr'><strong>η</strong></span> <span class='ocrx_word' id='word_1_614' title='bbox 2113 2332 2424 2386; x_wconf 75' lang='lat' dir='ltr'><strong>efferentem</strong></span> <span class='ocrx_word' id='word_1_615' title='bbox 2452 2346 2467 2391; x_wconf 86' lang='lat'><strong>;</strong></span> <span class='ocrx_word' id='word_1_616' title='bbox 2500 2331 2551 2382; x_wconf 86' lang='lat' dir='ltr'><strong>in</strong></span> <span class='ocrx_word' id='word_1_617' title='bbox 2574 2327 3007 2398; x_wconf 60' lang='lat' dir='ltr'><strong>qun&#39;desiderant</strong></span> <span class='ocrx_word' id='word_1_618' title='bbox 3033 2324 3105 2385; x_wconf 78' lang='grc'><strong>⁸⁸,</strong></span> <span class='ocrx_word' id='word_1_619' title='bbox 3138 2321 3334 2390; x_wconf 79' lang='lat' dir='ltr'><strong>inquit,</strong></span> <span class='ocrx_word' id='word_1_620' title='bbox 3362 2320 3535 2391; x_wconf 77' lang='lat' dir='ltr'><strong>angeli</strong></span> <span class='ocrx_word' id='word_1_621' title='bbox 3562 2336 3685 2390; x_wconf 86' lang='lat' dir='ltr'><strong>pro-</strong></span> 
     </span>
    </p>
   </div>
   <div class='ocr_carea' id='block_1_83' title="bbox 2114 2411 3695 2491">
    <p class='ocr_par' dir='ltr' id='par_1_83' title="bbox 2114 2411 3695 2491">
     <span class='ocr_line' id='line_1_83' title="bbox 2114 2411 3695 2491; baseline -0.008 -14"><span class='ocrx_word' id='word_1_622' title='bbox 2114 2425 2310 2489; x_wconf 75' lang='lat' dir='ltr'><strong>spicere</strong></span> <span class='ocrx_word' id='word_1_623' title='bbox 2336 2422 2403 2483; x_wconf 79' lang='lat'><strong>“,</strong></span> <span class='ocrx_word' id='word_1_624' title='bbox 2436 2437 2556 2491; x_wconf 78' lang='lat' dir='ltr'><strong>quae</strong></span> <span class='ocrx_word' id='word_1_625' title='bbox 2583 2430 2733 2484; x_wconf 91' lang='lat' dir='ltr'><strong>sunt,</strong></span> <span class='ocrx_word' id='word_1_626' title='bbox 2777 2427 2835 2471; x_wconf 80' lang='lat' dir='ltr'><strong>ut</strong></span> <span class='ocrx_word' id='word_1_627' title='bbox 2891 2417 2980 2471; x_wconf 88' lang='lat' dir='ltr'><strong>ille</strong></span> <span class='ocrx_word' id='word_1_628' title='bbox 3019 2415 3116 2479; x_wconf 89' lang='lat' dir='ltr'><strong>ait,</strong></span> <span class='ocrx_word' id='word_1_629' title='bbox 3161 2431 3223 2468; x_wconf 88' lang='lat' dir='ltr'><strong>ea</strong></span> <span class='ocrx_word' id='word_1_630' title='bbox 3258 2427 3379 2480; x_wconf 64' lang='lat' dir='ltr'><strong>quas</strong></span> <span class='ocrx_word' id='word_1_631' title='bbox 3430 2411 3695 2466; x_wconf 74' lang='lat' dir='ltr'><strong>nuntiata</strong></span> 
     </span>
    </p>
   </div>
   <div class='ocr_carea' id='block_1_84' title="bbox 2111 2502 3673 2582">
    <p class='ocr_par' dir='ltr' id='par_1_84' title="bbox 2111 2502 3673 2582">
     <span class='ocr_line' id='line_1_84' title="bbox 2111 2502 3673 2582; baseline -0.011 -13"><span class='ocrx_word' id='word_1_632' title='bbox 2111 2525 2242 2569; x_wconf 92' lang='lat' dir='ltr'><strong>sunt</strong></span> <span class='ocrx_word' id='word_1_633' title='bbox 2284 2514 2442 2568; x_wconf 89' lang='lat' dir='ltr'><strong>nobis</strong></span> <span class='ocrx_word' id='word_1_634' title='bbox 2494 2529 2586 2582; x_wconf 72' lang='lat' dir='ltr'><strong>per</strong></span> <span class='ocrx_word' id='word_1_635' title='bbox 2615 2526 2709 2566; x_wconf 86' lang='lat' dir='ltr'><strong>eos</strong></span> <span class='ocrx_word' id='word_1_636' title='bbox 2749 2509 2841 2580; x_wconf 89' lang='lat' dir='ltr'><strong>qui</strong></span> <span class='ocrx_word' id='word_1_637' title='bbox 2880 2504 3398 2577; x_wconf 78' lang='lat' dir='ltr'><strong>evangelizaverunt</strong></span> <span class='ocrx_word' id='word_1_638' title='bbox 3435 2502 3673 2556; x_wconf 79' lang='lat' dir='ltr'><strong>nobisin</strong></span> 
     </span>
    </p>
   </div>
   <div class='ocr_carea' id='block_1_85' title="bbox 2113 2595 3678 2676">
    <p class='ocr_par' dir='ltr' id='par_1_85' title="bbox 2113 2595 3678 2676">
     <span class='ocr_line' id='line_1_85' title="bbox 2113 2595 3678 2676; baseline -0.007 -16"><span class='ocrx_word' id='word_1_639' title='bbox 2113 2605 2321 2676; x_wconf 88' lang='lat' dir='ltr'><strong>Spiritu</strong></span> <span class='ocrx_word' id='word_1_640' title='bbox 2363 2612 2585 2665; x_wconf 81' lang='lat' dir='ltr'><strong>sancto;</strong></span> <span class='ocrx_word' id='word_1_641' title='bbox 2623 2601 2877 2671; x_wconf 85' lang='lat' dir='ltr'><strong>quamvis</strong></span> <span class='ocrx_word' id='word_1_642' title='bbox 2911 2598 3005 2652; x_wconf 89' lang='lat' dir='ltr'><strong>alii</strong></span> <span class='ocrx_word' id='word_1_643' title='bbox 3038 2597 3186 2651; x_wconf 85' lang='lat' dir='ltr'><strong>hunc</strong></span> <span class='ocrx_word' id='word_1_644' title='bbox 3211 2596 3445 2666; x_wconf 87' lang='lat' dir='ltr'><strong>apostoli</strong></span> <span class='ocrx_word' id='word_1_645' title='bbox 3499 2595 3678 2649; x_wconf 82' lang='lat' dir='ltr'><strong>locum</strong></span> 
     </span>
    </p>
   </div>
   <div class='ocr_carea' id='block_1_86' title="bbox 2113 2689 3681 2763">
    <p class='ocr_par' dir='ltr' id='par_1_86' title="bbox 2113 2689 3681 2763">
     <span class='ocr_line' id='line_1_86' title="bbox 2113 2689 3681 2763; baseline -0.006 -12"><span class='ocrx_word' id='word_1_646' title='bbox 2113 2699 2272 2751; x_wconf 84' lang='lat' dir='ltr'><strong>aliter</strong></span> <span class='ocrx_word' id='word_1_647' title='bbox 2329 2695 2624 2763; x_wconf 84' lang='lat' dir='ltr'><strong>explicent.</strong></span> <span class='ocrx_word' id='word_1_648' title='bbox 2671 2693 2875 2748; x_wconf 87' lang='lat' dir='ltr'><strong>Deinde</strong></span> <span class='ocrx_word' id='word_1_649' title='bbox 2935 2690 3161 2746; x_wconf 85' lang='lat' dir='ltr'><strong>Paulum</strong></span> <span class='ocrx_word' id='word_1_650' title='bbox 3204 2690 3379 2744; x_wconf 87' lang='lat' dir='ltr'><strong>multo</strong></span> <span class='ocrx_word' id='word_1_651' title='bbox 3433 2689 3552 2744; x_wconf 84' lang='lat' dir='ltr'><strong>zelo</strong></span> <span class='ocrx_word' id='word_1_652' title='bbox 3595 2689 3681 2742; x_wconf 83' lang='lat' dir='ltr'><strong>in—</strong></span> 
     </span>
    </p>
   </div>
   <div class='ocr_carea' id='block_1_87' title="bbox 2115 2783 3682 2856">
    <p class='ocr_par' dir='ltr' id='par_1_87' title="bbox 2115 2783 3682 2856">
     <span class='ocr_line' id='line_1_87' title="bbox 2115 2783 3682 2856; baseline -0.001 -16"><span class='ocrx_word' id='word_1_653' title='bbox 2115 2804 2359 2852; x_wconf 80' lang='lat' dir='ltr'><strong>censum,</strong></span> <span class='ocrx_word' id='word_1_654' title='bbox 2382 2789 2470 2856; x_wconf 90' lang='lat' dir='ltr'><strong>qui</strong></span> <span class='ocrx_word' id='word_1_655' title='bbox 2506 2788 2585 2841; x_wconf 91' lang='lat' dir='ltr'><strong>sic</strong></span> <span class='ocrx_word' id='word_1_656' title='bbox 2602 2786 3014 2840; x_wconf 75' lang='lat' dir='ltr'><strong>obtestabatur:</strong></span> <span class='ocrx_word' id='word_1_657' title='bbox 3042 2784 3122 2839; x_wconf 87' lang='lat' dir='ltr'><strong>vel</strong></span> <span class='ocrx_word' id='word_1_658' title='bbox 3150 2783 3211 2839; x_wconf 82' lang='lat' dir='ltr'><strong>Si</strong></span> <span class='ocrx_word' id='word_1_659' title='bbox 3229 2783 3447 2853; x_wconf 78' lang='lat' dir='ltr'><strong>angelus</strong></span> <span class='ocrx_word' id='word_1_660' title='bbox 3476 2801 3682 2849; x_wconf 64' lang='lat' dir='ltr'><strong>annuit-</strong></span> 
     </span>
    </p>
   </div>
   <div class='ocr_carea' id='block_1_88' title="bbox 2114 2876 3677 2949">
    <p class='ocr_par' dir='ltr' id='par_1_88' title="bbox 2114 2876 3677 2949">
     <span class='ocr_line' id='line_1_88' title="bbox 2114 2876 3677 2949; baseline -0.003 -17"><span class='ocrx_word' id='word_1_661' title='bbox 2114 2881 2202 2934; x_wconf 85' lang='lat' dir='ltr'><strong>tiet</strong></span> <span class='ocrx_word' id='word_1_662' title='bbox 2240 2880 2406 2942; x_wconf 81' lang='lat' dir='ltr'><strong>vobis,</strong></span> <span class='ocrx_word' id='word_1_663' title='bbox 2437 2888 2625 2946; x_wconf 75' lang='lat' dir='ltr'><strong>prwter</strong></span> <span class='ocrx_word' id='word_1_664' title='bbox 2659 2878 2712 2931; x_wconf 85' lang='lat' dir='ltr'><strong>id</strong></span> <span class='ocrx_word' id='word_1_665' title='bbox 2732 2877 2870 2949; x_wconf 85' lang='lat' dir='ltr'><strong>quod</strong></span> <span class='ocrx_word' id='word_1_666' title='bbox 2896 2877 3187 2945; x_wconf 76' lang='lat' dir='ltr'><strong>accepistis,</strong></span> <span class='ocrx_word' id='word_1_667' title='bbox 3214 2876 3499 2929; x_wconf 76' lang='lat' dir='ltr'><strong>anathema</strong></span> <span class='ocrx_word' id='word_1_668' title='bbox 3515 2876 3582 2929; x_wconf 78' lang='lat' dir='ltr'><strong>sit</strong></span> <span class='ocrx_word' id='word_1_669' title='bbox 3611 2878 3677 2928; x_wconf 76' lang='grc'><strong>⁸⁷.</strong></span> 
     </span>
    </p>
   </div>
   <div class='ocr_carea' id='block_1_89' title="bbox 2114 2970 3677 3040">
    <p class='ocr_par' dir='ltr' id='par_1_89' title="bbox 2114 2970 3677 3040">
     <span class='ocr_line' id='line_1_89' title="bbox 2114 2970 3677 3040; baseline -0.002 -14"><span class='ocrx_word' id='word_1_670' title='bbox 2114 2972 2350 3027; x_wconf 79' lang='lat' dir='ltr'><strong>Proinde</strong></span> <span class='ocrx_word' id='word_1_671' title='bbox 2406 2988 2524 3026; x_wconf 89' lang='lat' dir='ltr'><strong>cum</strong></span> <span class='ocrx_word' id='word_1_672' title='bbox 2589 2972 2744 3036; x_wconf 81' lang='lat' dir='ltr'><strong>haec,</strong></span> <span class='ocrx_word' id='word_1_673' title='bbox 2791 2970 3044 3040; x_wconf 90' lang='lat' dir='ltr'><strong>inquiunt</strong></span> <span class='ocrx_word' id='word_1_674' title='bbox 3090 2970 3320 3023; x_wconf 87' lang='lat' dir='ltr'><strong>canonis</strong></span> <span class='ocrx_word' id='word_1_675' title='bbox 3372 2977 3630 3023; x_wconf 82' lang='lat' dir='ltr'><strong>auctores</strong></span> <span class='ocrx_word' id='word_1_676' title='bbox 3662 3008 3677 3031; x_wconf 91' lang='lat'><strong>,</strong></span> 
     </span>
    </p>
   </div>
   <div class='ocr_carea' id='block_1_90' title="bbox 2113 3062 3669 3137">
    <p class='ocr_par' dir='ltr' id='par_1_90' title="bbox 2113 3062 3669 3137">
     <span class='ocr_line' id='line_1_90' title="bbox 2113 3062 3669 3137; baseline -0.002 -17"><span class='ocrx_word' id='word_1_677' title='bbox 2113 3067 2374 3137; x_wconf 64' lang='lat' dir='ltr'><strong>286m</strong></span> <span class='ocrx_word' id='word_1_678' title='bbox 2402 3067 2701 3119; x_wconf 86' lang='lat' dir='ltr'><strong>constituta</strong></span> <span class='ocrx_word' id='word_1_679' title='bbox 2733 3065 2867 3128; x_wconf 91' lang='lat' dir='ltr'><strong>sint,</strong></span> <span class='ocrx_word' id='word_1_680' title='bbox 2907 3062 3176 3133; x_wconf 88' lang='lat' dir='ltr'><strong>nobisque</strong></span> <span class='ocrx_word' id='word_1_681' title='bbox 3233 3069 3458 3123; x_wconf 79' lang='lat' dir='ltr'><strong>testata,</strong></span> <span class='ocrx_word' id='word_1_682' title='bbox 3505 3062 3560 3115; x_wconf 91' lang='lat' dir='ltr'><strong>in</strong></span> <span class='ocrx_word' id='word_1_683' title='bbox 3601 3062 3669 3117; x_wconf 91' lang='lat' dir='ltr'><strong>iis</strong></span> 
     </span>
    </p>
   </div>
   <div class='ocr_carea' id='block_1_91' title="bbox 2037 3152 3679 3234">
    <p class='ocr_par' dir='ltr' id='par_1_91' title="bbox 2037 3152 3679 3234">
     <span class='ocr_line' id='line_1_91' title="bbox 2037 3152 3679 3234; baseline -0.001 -21"><span class='ocrx_word' id='word_1_684' title='bbox 2037 3171 2082 3234; x_wconf 72' lang='grc' dir='ltr'>ο</span> <span class='ocrx_word' id='word_1_685' title='bbox 2115 3159 2477 3223; x_wconf 79' lang='lat' dir='ltr'><strong>exsultantes,</strong></span> <span class='ocrx_word' id='word_1_686' title='bbox 2513 3157 2653 3214; x_wconf 79' lang='lat' dir='ltr'><strong>sicut</strong></span> <span class='ocrx_word' id='word_1_687' title='bbox 2671 3157 2765 3229; x_wconf 84' lang='lat' dir='ltr'><strong>qui</strong></span> <span class='ocrx_word' id='word_1_688' title='bbox 2810 3156 3016 3212; x_wconf 72' lang='lat' dir='ltr'><strong>invenit</strong></span> <span class='ocrx_word' id='word_1_689' title='bbox 3048 3155 3220 3226; x_wconf 86' lang='lat' dir='ltr'><strong>spolia</strong></span> <span class='ocrx_word' id='word_1_690' title='bbox 3268 3153 3437 3210; x_wconf 83' lang='lat' dir='ltr'><strong>multa</strong></span> <span class='ocrx_word' id='word_1_691' title='bbox 3470 3154 3544 3225; x_wconf 89' lang='lat' dir='ltr'><strong>(et</strong></span> <span class='ocrx_word' id='word_1_692' title='bbox 3572 3152 3679 3211; x_wconf 86' lang='lat' dir='ltr'><strong>hoc</strong></span> 
     </span>
    </p>
   </div>
   <div class='ocr_carea' id='block_1_92' title="bbox 2114 3245 3677 3322">
    <p class='ocr_par' dir='ltr' id='par_1_92' title="bbox 2114 3245 3677 3322">
     <span class='ocr_line' id='line_1_92' title="bbox 2114 3245 3677 3322; baseline -0.002 -18"><span class='ocrx_word' id='word_1_693' title='bbox 2114 3251 2429 3306; x_wconf 87' lang='lat' dir='ltr'><strong>Davidicum</strong></span> <span class='ocrx_word' id='word_1_694' title='bbox 2490 3251 2619 3322; x_wconf 89' lang='lat' dir='ltr'><strong>cst).</strong></span> <span class='ocrx_word' id='word_1_695' title='bbox 2668 3250 2855 3320; x_wconf 86' lang='lat' dir='ltr'><strong>Spolia</strong></span> <span class='ocrx_word' id='word_1_696' title='bbox 2888 3264 3020 3304; x_wconf 86' lang='lat' dir='ltr'><strong>vero</strong></span> <span class='ocrx_word' id='word_1_697' title='bbox 3058 3248 3325 3303; x_wconf 87' lang='lat' dir='ltr'><strong>dicuntur</strong></span> <span class='ocrx_word' id='word_1_698' title='bbox 3351 3262 3437 3311; x_wconf 88' lang='lat' dir='ltr'><strong>ea,</strong></span> <span class='ocrx_word' id='word_1_699' title='bbox 3472 3245 3677 3316; x_wconf 80' lang='lat' dir='ltr'><strong>quibus</strong></span> 
     </span>
    </p>
   </div>
   <div class='ocr_carea' id='block_1_93' title="bbox 2114 3342 3679 3413">
    <p class='ocr_par' dir='ltr' id='par_1_93' title="bbox 2114 3342 3679 3413">
     <span class='ocr_line' id='line_1_93' title="bbox 2114 3342 3679 3413; baseline -0.003 -17"><span class='ocrx_word' id='word_1_700' title='bbox 2114 3344 2204 3413; x_wconf 91' lang='lat' dir='ltr'><strong>qui</strong></span> <span class='ocrx_word' id='word_1_701' title='bbox 2235 3344 2287 3396; x_wconf 87' lang='lat' dir='ltr'><strong>in</strong></span> <span class='ocrx_word' id='word_1_702' title='bbox 2324 3345 2463 3398; x_wconf 87' lang='lat' dir='ltr'><strong>bello</strong></span> <span class='ocrx_word' id='word_1_703' title='bbox 2495 3342 2740 3397; x_wconf 75' lang='lat' dir='ltr'><strong>cecidere</strong></span> <span class='ocrx_word' id='word_1_704' title='bbox 2769 3342 2943 3395; x_wconf 88' lang='lat' dir='ltr'><strong>induti</strong></span> <span class='ocrx_word' id='word_1_705' title='bbox 2983 3353 3129 3404; x_wconf 89' lang='lat' dir='ltr'><strong>sunt,</strong></span> <span class='ocrx_word' id='word_1_706' title='bbox 3182 3349 3295 3393; x_wconf 92' lang='lat' dir='ltr'><strong>tum</strong></span> <span class='ocrx_word' id='word_1_707' title='bbox 3330 3346 3529 3400; x_wconf 87' lang='lat' dir='ltr'><strong>vestes,</strong></span> <span class='ocrx_word' id='word_1_708' title='bbox 3561 3345 3679 3392; x_wconf 77' lang='lat' dir='ltr'><strong>tum</strong></span> 
     </span>
    </p>
   </div>
   <div class='ocr_carea' id='block_1_94' title="bbox 2115 3428 3673 3504">
    <p class='ocr_par' dir='ltr' id='par_1_94' title="bbox 2115 3428 3673 3504">
     <span class='ocr_line' id='line_1_94' title="bbox 2115 3428 3673 3504; baseline -0.004 -14"><span class='ocrx_word' id='word_1_709' title='bbox 2115 3452 2287 3499; x_wconf 84' lang='lat' dir='ltr'><strong>arma,</strong></span> <span class='ocrx_word' id='word_1_710' title='bbox 2315 3446 2425 3488; x_wconf 89' lang='lat' dir='ltr'><strong>tum</strong></span> <span class='ocrx_word' id='word_1_711' title='bbox 2452 3432 2718 3504; x_wconf 83' lang='lat' dir='ltr'><strong>quidquid</strong></span> <span class='ocrx_word' id='word_1_712' title='bbox 2751 3433 2815 3486; x_wconf 86' lang='lat' dir='ltr'><strong>ad</strong></span> <span class='ocrx_word' id='word_1_713' title='bbox 2846 3442 3097 3487; x_wconf 90' lang='lat' dir='ltr'><strong>ornatum</strong></span> <span class='ocrx_word' id='word_1_714' title='bbox 3127 3431 3309 3499; x_wconf 87' lang='lat' dir='ltr'><strong>aliquo</strong></span> <span class='ocrx_word' id='word_1_715' title='bbox 3341 3428 3502 3484; x_wconf 92' lang='lat' dir='ltr'><strong>modo</strong></span> <span class='ocrx_word' id='word_1_716' title='bbox 3545 3444 3673 3499; x_wconf 88' lang='lat' dir='ltr'><strong>per-</strong></span> 
     </span>
    </p>
   </div>
   <div class='ocr_carea' id='block_1_95' title="bbox 2113 3521 3679 3595">
    <p class='ocr_par' dir='ltr' id='par_1_95' title="bbox 2113 3521 3679 3595">
     <span class='ocr_line' id='line_1_95' title="bbox 2113 3521 3679 3595; baseline -0.006 -13"><span class='ocrx_word' id='word_1_717' title='bbox 2113 3532 2282 3585; x_wconf 89' lang='lat' dir='ltr'><strong>tinet:</strong></span> <span class='ocrx_word' id='word_1_718' title='bbox 2331 3529 2420 3583; x_wconf 89' lang='lat' dir='ltr'><strong>hic</strong></span> <span class='ocrx_word' id='word_1_719' title='bbox 2474 3542 2603 3595; x_wconf 83' lang='lat' dir='ltr'><strong>ergo</strong></span> <span class='ocrx_word' id='word_1_720' title='bbox 2662 3526 2860 3580; x_wconf 64' lang='lat' dir='ltr'><strong>laetitia:</strong></span> <span class='ocrx_word' id='word_1_721' title='bbox 2925 3523 3354 3595; x_wconf 80' lang='lat' dir='ltr'><strong>magnitudinem</strong></span> <span class='ocrx_word' id='word_1_722' title='bbox 3406 3521 3679 3591; x_wconf 88' lang='lat' dir='ltr'><strong>Propheta</strong></span> 
     </span>
    </p>
   </div>
   <div class='ocr_carea' id='block_1_96' title="bbox 2116 3612 3680 3689">
    <p class='ocr_par' dir='ltr' id='par_1_96' title="bbox 2116 3612 3680 3689">
     <span class='ocr_line' id='line_1_96' title="bbox 2116 3612 3680 3689; baseline -0.008 -13"><span class='ocrx_word' id='word_1_723' title='bbox 2116 3620 2813 3689; x_wconf 85' lang='lat' dir='ltr'><strong>demonstravit,Namqui</strong></span> <span class='ocrx_word' id='word_1_724' title='bbox 2846 3618 3152 3673; x_wconf 81' lang='lat' dir='ltr'><strong>interfectis</strong></span> <span class='ocrx_word' id='word_1_725' title='bbox 3206 3617 3256 3669; x_wconf 93' lang='lat' dir='ltr'><strong>in</strong></span> <span class='ocrx_word' id='word_1_726' title='bbox 3312 3615 3457 3670; x_wconf 87' lang='lat' dir='ltr'><strong>bello</strong></span> <span class='ocrx_word' id='word_1_727' title='bbox 3505 3612 3680 3682; x_wconf 89' lang='lat' dir='ltr'><strong>spolia</strong></span> 
     </span>
    </p>
   </div>
   <div class='ocr_carea' id='block_1_97' title="bbox 2116 3705 3679 3780">
    <p class='ocr_par' dir='ltr' id='par_1_97' title="bbox 2116 3705 3679 3780">
     <span class='ocr_line' id='line_1_97' title="bbox 2116 3705 3679 3780; baseline -0.008 -12"><span class='ocrx_word' id='word_1_728' title='bbox 2116 3714 2432 3776; x_wconf 88' lang='lat' dir='ltr'><strong>detralumt,</strong></span> <span class='ocrx_word' id='word_1_729' title='bbox 2458 3711 2749 3766; x_wconf 83' lang='lat' dir='ltr'><strong>victoriam</strong></span> <span class='ocrx_word' id='word_1_730' title='bbox 2781 3719 3099 3780; x_wconf 86' lang='lat' dir='ltr'><strong>reportasse</strong></span> <span class='ocrx_word' id='word_1_731' title='bbox 3137 3724 3199 3763; x_wconf 88' lang='lat' dir='ltr'><strong>ac</strong></span> <span class='ocrx_word' id='word_1_732' title='bbox 3230 3708 3542 3778; x_wconf 82' lang='lat' dir='ltr'><strong>superiores</strong></span> <span class='ocrx_word' id='word_1_733' title='bbox 3580 3705 3679 3757; x_wconf 79' lang='lat' dir='ltr'><strong>ad-</strong></span> 
     </span>
    </p>
   </div>
   <div class='ocr_carea' id='block_1_98' title="bbox 2116 3795 3677 3869">
    <p class='ocr_par' dir='ltr' id='par_1_98' title="bbox 2116 3795 3677 3869">
     <span class='ocr_line' id='line_1_98' title="bbox 2116 3795 3677 3869; baseline -0.006 -13"><span class='ocrx_word' id='word_1_734' title='bbox 2116 3803 2373 3856; x_wconf 87' lang='lat' dir='ltr'><strong>versariis</strong></span> <span class='ocrx_word' id='word_1_735' title='bbox 2411 3799 2580 3855; x_wconf 82' lang='lat' dir='ltr'><strong>fuisse</strong></span> <span class='ocrx_word' id='word_1_736' title='bbox 2620 3799 3022 3868; x_wconf 88' lang='lat' dir='ltr'><strong>intelliguntur,</strong></span> <span class='ocrx_word' id='word_1_737' title='bbox 3075 3799 3424 3869; x_wconf 83' lang='lat' dir='ltr'><strong>geminaque,</strong></span> <span class='ocrx_word' id='word_1_738' title='bbox 3480 3795 3677 3865; x_wconf 80' lang='lat' dir='ltr'><strong>partim</strong></span> 
     </span>
    </p>
   </div>
   <div class='ocr_carea' id='block_1_99' title="bbox 2117 3887 3671 3961">
    <p class='ocr_par' dir='ltr' id='par_1_99' title="bbox 2117 3887 3671 3961">
     <span class='ocr_line' id='line_1_99' title="bbox 2117 3887 3671 3961; baseline -0.006 -13"><span class='ocrx_word' id='word_1_739' title='bbox 2117 3894 2188 3948; x_wconf 91' lang='lat' dir='ltr'><strong>ob</strong></span> <span class='ocrx_word' id='word_1_740' title='bbox 2232 3893 2519 3947; x_wconf 86' lang='lat' dir='ltr'><strong>victoriam</strong></span> <span class='ocrx_word' id='word_1_741' title='bbox 2580 3908 2686 3961; x_wconf 88' lang='lat' dir='ltr'><strong>qua</strong></span> <span class='ocrx_word' id='word_1_742' title='bbox 2745 3892 2898 3961; x_wconf 90' lang='lat' dir='ltr'><strong>potiti</strong></span> <span class='ocrx_word' id='word_1_743' title='bbox 2936 3901 3087 3952; x_wconf 89' lang='lat' dir='ltr'><strong>sunt,</strong></span> <span class='ocrx_word' id='word_1_744' title='bbox 3122 3891 3321 3957; x_wconf 90' lang='lat' dir='ltr'><strong>partim</strong></span> <span class='ocrx_word' id='word_1_745' title='bbox 3378 3890 3449 3941; x_wconf 91' lang='lat' dir='ltr'><strong>ob</strong></span> <span class='ocrx_word' id='word_1_746' title='bbox 3492 3887 3671 3955; x_wconf 77' lang='lat' dir='ltr'><strong>spolia</strong></span> 
     </span>
    </p>
   </div>
   <div class='ocr_carea' id='block_1_100' title="bbox 2117 3980 3675 4056">
    <p class='ocr_par' dir='ltr' id='par_1_100' title="bbox 2117 3980 3675 4056">
     <span class='ocr_line' id='line_1_100' title="bbox 2117 3980 3675 4056; baseline -0.005 -17"><span class='ocrx_word' id='word_1_747' title='bbox 2117 3986 2319 4056; x_wconf 83' lang='lat' dir='ltr'><strong>quibus</strong></span> <span class='ocrx_word' id='word_1_748' title='bbox 2362 3994 2487 4039; x_wconf 90' lang='lat' dir='ltr'><strong>sunt</strong></span> <span class='ocrx_word' id='word_1_749' title='bbox 2515 3983 2693 4047; x_wconf 89' lang='lat' dir='ltr'><strong>ditati,</strong></span> <span class='ocrx_word' id='word_1_750' title='bbox 2721 3985 3003 4053; x_wconf 88' lang='lat' dir='ltr'><strong>voluptate</strong></span> <span class='ocrx_word' id='word_1_751' title='bbox 3052 3981 3433 4052; x_wconf 87' lang='lat' dir='ltr'><strong>perfruuntur.</strong></span> <span class='ocrx_word' id='word_1_752' title='bbox 3473 3980 3675 4033; x_wconf 80' lang='lat' dir='ltr'><strong>Eodem</strong></span> 
     </span>
    </p>
   </div>
   <div class='ocr_carea' id='block_1_101' title="bbox 2118 4069 3691 4145">
    <p class='ocr_par' dir='ltr' id='par_1_101' title="bbox 2118 4069 3691 4145">
     <span class='ocr_line' id='line_1_101' title="bbox 2118 4069 3691 4145; baseline -0.003 -13"><span class='ocrx_word' id='word_1_753' title='bbox 2118 4077 2280 4132; x_wconf 89' lang='lat' dir='ltr'><strong>modo</strong></span> <span class='ocrx_word' id='word_1_754' title='bbox 2338 4090 2437 4131; x_wconf 91' lang='lat' dir='ltr'><strong>nos</strong></span> <span class='ocrx_word' id='word_1_755' title='bbox 2492 4090 2744 4145; x_wconf 88' lang='lat' dir='ltr'><strong>quoque,</strong></span> <span class='ocrx_word' id='word_1_756' title='bbox 2802 4074 2957 4127; x_wconf 91' lang='lat' dir='ltr'><strong>aiunt</strong></span> <span class='ocrx_word' id='word_1_757' title='bbox 2995 4072 3209 4135; x_wconf 87' lang='lat' dir='ltr'><strong>Patres,</strong></span> <span class='ocrx_word' id='word_1_758' title='bbox 3268 4069 3691 4136; x_wconf 66' lang='lat' dir='ltr'><strong>exsultabundi,</strong></span> 
     </span>
    </p>
   </div>
   <div class='ocr_carea' id='block_1_102' title="bbox 2120 4162 3678 4237">
    <p class='ocr_par' dir='ltr' id='par_1_102' title="bbox 2120 4162 3678 4237">
     <span class='ocr_line' id='line_1_102' title="bbox 2120 4162 3678 4237; baseline -0.008 -12"><span class='ocrx_word' id='word_1_759' title='bbox 2120 4169 2335 4225; x_wconf 86' lang='lat' dir='ltr'><strong>divinos</strong></span> <span class='ocrx_word' id='word_1_760' title='bbox 2363 4183 2604 4223; x_wconf 90' lang='lat' dir='ltr'><strong>canones</strong></span> <span class='ocrx_word' id='word_1_761' title='bbox 2636 4166 2951 4237; x_wconf 84' lang='lat' dir='ltr'><strong>pectoribus</strong></span> <span class='ocrx_word' id='word_1_762' title='bbox 2989 4165 3369 4225; x_wconf 90' lang='lat' dir='ltr'><strong>admovemus,</strong></span> <span class='ocrx_word' id='word_1_763' title='bbox 3415 4162 3517 4214; x_wconf 90' lang='lat' dir='ltr'><strong>hoc</strong></span> <span class='ocrx_word' id='word_1_764' title='bbox 3576 4166 3678 4223; x_wconf 87' lang='lat' dir='ltr'><strong>est,</strong></span> 
     </span>
    </p>
   </div>
   <div class='ocr_carea' id='block_1_103' title="bbox 2120 4252 3681 4332">
    <p class='ocr_par' dir='ltr' id='par_1_103' title="bbox 2120 4252 3681 4332">
     <span class='ocr_line' id='line_1_103' title="bbox 2120 4252 3681 4332; baseline -0.01 -16"><span class='ocrx_word' id='word_1_765' title='bbox 2120 4261 2408 4332; x_wconf 87' lang='lat' dir='ltr'><strong>perlibenti</strong></span> <span class='ocrx_word' id='word_1_766' title='bbox 2484 4258 2670 4313; x_wconf 88' lang='lat' dir='ltr'><strong>animo</strong></span> <span class='ocrx_word' id='word_1_767' title='bbox 2740 4257 3084 4326; x_wconf 83' lang='lat' dir='ltr'><strong>accipimus,</strong></span> <span class='ocrx_word' id='word_1_768' title='bbox 3144 4264 3199 4309; x_wconf 92' lang='lat' dir='ltr'><strong>et</strong></span> <span class='ocrx_word' id='word_1_769' title='bbox 3259 4252 3681 4321; x_wconf 83' lang='lat' dir='ltr'><strong>amplectimur;</strong></span> 
     </span>
    </p>
   </div>
   <div class='ocr_carea' id='block_1_104' title="bbox 2120 4344 3683 4424">
    <p class='ocr_par' dir='ltr' id='par_1_104' title="bbox 2120 4344 3683 4424">
     <span class='ocr_line' id='line_1_104' title="bbox 2120 4344 3683 4424; baseline -0.006 -21"><span class='ocrx_word' id='word_1_770' title='bbox 2120 4368 2257 4424; x_wconf 89' lang='lat' dir='ltr'><strong>quos</strong></span> <span class='ocrx_word' id='word_1_771' title='bbox 2287 4354 2431 4407; x_wconf 90' lang='lat' dir='ltr'><strong>enim</strong></span> <span class='ocrx_word' id='word_1_772' title='bbox 2464 4351 2765 4420; x_wconf 86' lang='lat' dir='ltr'><strong>diligimus,</strong></span> <span class='ocrx_word' id='word_1_773' title='bbox 2798 4362 3017 4419; x_wconf 81' lang='lat' dir='ltr'><strong>pectora</strong></span> <span class='ocrx_word' id='word_1_774' title='bbox 3048 4347 3287 4402; x_wconf 83' lang='lat' dir='ltr'><strong>brachiis</strong></span> <span class='ocrx_word' id='word_1_775' title='bbox 3327 4344 3559 4413; x_wconf 77' lang='lat' dir='ltr'><strong>amplexi</strong></span> <span class='ocrx_word' id='word_1_776' title='bbox 3592 4358 3683 4396; x_wconf 86' lang='lat' dir='ltr'><strong>sa-</strong></span> 
     </span>
    </p>
   </div>
   <div class='ocr_carea' id='block_1_105' title="bbox 2122 4434 3680 4510">
    <p class='ocr_par' dir='ltr' id='par_1_105' title="bbox 2122 4434 3680 4510">
     <span class='ocr_line' id='line_1_105' title="bbox 2122 4434 3680 4510; baseline -0.008 -12"><span class='ocrx_word' id='word_1_777' title='bbox 2122 4445 2398 4510; x_wconf 88' lang='lat' dir='ltr'><strong>lutamus;</strong></span> <span class='ocrx_word' id='word_1_778' title='bbox 2444 4443 2525 4497; x_wconf 88' lang='lat' dir='ltr'><strong>vel</strong></span> <span class='ocrx_word' id='word_1_779' title='bbox 2559 4443 2752 4497; x_wconf 89' lang='lat' dir='ltr'><strong>intimo</strong></span> <span class='ocrx_word' id='word_1_780' title='bbox 2790 4441 2975 4496; x_wconf 86' lang='lat' dir='ltr'><strong>cordis</strong></span> <span class='ocrx_word' id='word_1_781' title='bbox 3020 4439 3215 4495; x_wconf 70' lang='lat' dir='ltr'><strong>aﬂ‘ectu</strong></span> <span class='ocrx_word' id='word_1_782' title='bbox 3266 4436 3546 4506; x_wconf 87' lang='lat' dir='ltr'><strong>diliginms</strong></span> <span class='ocrx_word' id='word_1_783' title='bbox 3574 4434 3680 4504; x_wconf 83' lang='lat' dir='ltr'><strong>(est</strong></span> 
     </span>
    </p>
   </div>
   <div class='ocr_carea' id='block_1_106' title="bbox 2121 4526 3682 4607">
    <p class='ocr_par' dir='ltr' id='par_1_106' title="bbox 2121 4526 3682 4607">
     <span class='ocr_line' id='line_1_106' title="bbox 2121 4526 3682 4607; baseline -0.008 -14"><span class='ocrx_word' id='word_1_784' title='bbox 2121 4537 2432 4607; x_wconf 80' lang='lat' dir='ltr'><strong>namquein</strong></span> <span class='ocrx_word' id='word_1_785' title='bbox 2463 4526 2682 4605; x_wconf 82' lang='lat' dir='ltr'><strong>pectore</strong></span> <span class='ocrx_word' id='word_1_786' title='bbox 2727 4534 2912 4589; x_wconf 88' lang='lat' dir='ltr'><strong>cordis</strong></span> <span class='ocrx_word' id='word_1_787' title='bbox 2970 4532 3524 4607; x_wconf 75' lang='lat' dir='ltr'><strong>locus),_eorumque</strong></span> <span class='ocrx_word' id='word_1_788' title='bbox 3551 4542 3682 4581; x_wconf 84' lang='lat' dir='ltr'><strong>cun-</strong></span> 
     </span>
    </p>
   </div>
   <div class='ocr_carea' id='block_1_107' title="bbox 2123 4595 3681 4693">
    <p class='ocr_par' dir='ltr' id='par_1_107' title="bbox 2123 4595 3681 4693">
     <span class='ocr_line' id='line_1_107' title="bbox 2123 4595 3681 4693; baseline -0.01 -4"><span class='ocrx_word' id='word_1_789' title='bbox 2123 4631 2427 4689; x_wconf 78' lang='lat' dir='ltr'><strong>Stitutionis</strong></span> <span class='ocrx_word' id='word_1_790' title='bbox 2454 4629 2761 4691; x_wconf 87' lang='lat' dir='ltr'><strong>universas,</strong></span> <span class='ocrx_word' id='word_1_791' title='bbox 2795 4642 2972 4693; x_wconf 86' lang='lat' dir='ltr'><strong>neque</strong></span> <span class='ocrx_word' id='word_1_792' title='bbox 3010 4627 3116 4678; x_wconf 87' lang='lat' dir='ltr'><strong>ulla</strong></span> <span class='ocrx_word' id='word_1_793' title='bbox 3152 4595 3222 4679; x_wconf 64' lang='grc' dir='ltr'>εἷ</span> <span class='ocrx_word' id='word_1_794' title='bbox 3279 4630 3443 4693; x_wconf 83' lang='lat' dir='ltr'><strong>parte</strong></span> <span class='ocrx_word' id='word_1_795' title='bbox 3473 4619 3681 4674; x_wconf 82' lang='lat' dir='ltr'><strong>labefa-</strong></span> 
     </span>
    </p>
   </div>
   <div class='ocr_carea' id='block_1_108' title="bbox 2122 4713 3691 4789">
    <p class='ocr_par' dir='ltr' id='par_1_108' title="bbox 2122 4713 3691 4789">
     <span class='ocr_line' id='line_1_108' title="bbox 2122 4713 3691 4789; baseline -0.008 -10"><span class='ocrx_word' id='word_1_796' title='bbox 2122 4733 2300 4779; x_wconf 87' lang='lat' dir='ltr'><strong>ctatas</strong></span> <span class='ocrx_word' id='word_1_797' title='bbox 2322 4735 2737 4787; x_wconf 83' lang='lat' dir='ltr'><strong>conservamus,</strong></span> <span class='ocrx_word' id='word_1_798' title='bbox 2760 4719 3045 4789; x_wconf 76' lang='lat' dir='ltr'><strong>inquiunt,</strong></span> <span class='ocrx_word' id='word_1_799' title='bbox 3072 4728 3136 4771; x_wconf 84' lang='lat' dir='ltr'><strong>ac</strong></span> <span class='ocrx_word' id='word_1_800' title='bbox 3168 4715 3471 4770; x_wconf 83' lang='lat' dir='ltr'><strong>retinemus</strong></span> <span class='ocrx_word' id='word_1_801' title='bbox 3506 4728 3521 4778; x_wconf 91' lang='lat'><strong>;</strong></span> <span class='ocrx_word' id='word_1_802' title='bbox 3548 4713 3691 4767; x_wconf 76' lang='lat' dir='ltr'><strong>ratis</strong></span> 
     </span>
    </p>
   </div>
   <div class='ocr_carea' id='block_1_109' title="bbox 2124 4792 3681 4871">
    <p class='ocr_par' dir='ltr' id='par_1_109' title="bbox 2124 4792 3681 4871">
     <span class='ocr_line' id='line_1_109' title="bbox 2124 4792 3681 4871; baseline -0.009 0"><span class='ocrx_word' id='word_1_803' title='bbox 2124 4813 2335 4871; x_wconf 87' lang='lat' dir='ltr'><strong>scilicet</strong></span> <span class='ocrx_word' id='word_1_804' title='bbox 2374 4827 2438 4868; x_wconf 90' lang='lat' dir='ltr'><strong>ac</strong></span> <span class='ocrx_word' id='word_1_805' title='bbox 2486 4810 2826 4868; x_wconf 86' lang='lat' dir='ltr'><strong>confirmatis</strong></span> <span class='ocrx_word' id='word_1_806' title='bbox 2880 4808 2951 4863; x_wconf 85' lang='lat' dir='ltr'><strong>iis</strong></span> <span class='ocrx_word' id='word_1_807' title='bbox 3002 4806 3331 4869; x_wconf 87' lang='lat' dir='ltr'><strong>canonibus,</strong></span> <span class='ocrx_word' id='word_1_808' title='bbox 3365 4812 3478 4859; x_wconf 92' lang='lat' dir='ltr'><strong>tum</strong></span> <span class='ocrx_word' id='word_1_809' title='bbox 3542 4792 3681 4871; x_wconf 81' lang='lat' dir='ltr'><strong>quos</strong></span> 
     </span>
    </p>
   </div>
   <div class='ocr_carea' id='block_1_110' title="bbox 2126 4898 3682 4978">
    <p class='ocr_par' dir='ltr' id='par_1_110' title="bbox 2126 4898 3682 4978">
     <span class='ocr_line' id='line_1_110' title="bbox 2126 4898 3682 4978; baseline -0.012 -13"><span class='ocrx_word' id='word_1_810' title='bbox 2126 4911 2301 4965; x_wconf 86' lang='lat' dir='ltr'><strong>sancti</strong></span> <span class='ocrx_word' id='word_1_811' title='bbox 2327 4906 2586 4978; x_wconf 76' lang='lat' dir='ltr'><strong>apostoli,</strong></span> <span class='ocrx_word' id='word_1_812' title='bbox 2630 4912 2744 4959; x_wconf 88' lang='lat' dir='ltr'><strong>tum</strong></span> <span class='ocrx_word' id='word_1_813' title='bbox 2809 4916 2949 4973; x_wconf 87' lang='lat' dir='ltr'><strong>quos</strong></span> <span class='ocrx_word' id='word_1_814' title='bbox 3004 4898 3377 4961; x_wconf 59' lang='lat' dir='ltr'><strong>mcumenicw,</strong></span> <span class='ocrx_word' id='word_1_815' title='bbox 3433 4909 3682 4964; x_wconf 80' lang='lat' dir='ltr'><strong>quosque</strong></span> 
     </span>
    </p>
   </div>
   <div class='ocr_carea' id='block_1_111' title="bbox 2128 4987 3681 5070">
    <p class='ocr_par' dir='ltr' id='par_1_111' title="bbox 2128 4987 3681 5070">
     <span class='ocr_line' id='line_1_111' title="bbox 2128 4987 3681 5070; baseline -0.011 -13"><span class='ocrx_word' id='word_1_816' title='bbox 2128 5002 2255 5057; x_wconf 89' lang='lat' dir='ltr'><strong>item</strong></span> <span class='ocrx_word' id='word_1_817' title='bbox 2290 5001 2491 5055; x_wconf 88' lang='lat' dir='ltr'><strong>locales</strong></span> <span class='ocrx_word' id='word_1_818' title='bbox 2528 4996 2747 5070; x_wconf 78' lang='lat' dir='ltr'><strong>synodi,</strong></span> <span class='ocrx_word' id='word_1_819' title='bbox 2782 5009 2922 5066; x_wconf 87' lang='lat' dir='ltr'><strong>quos</strong></span> <span class='ocrx_word' id='word_1_820' title='bbox 2954 4992 3121 5048; x_wconf 80' lang='lat' dir='ltr'><strong>etiam</strong></span> <span class='ocrx_word' id='word_1_821' title='bbox 3169 4998 3323 5043; x_wconf 78' lang='lat' dir='ltr'><strong>extra</strong></span> <span class='ocrx_word' id='word_1_822' title='bbox 3382 4987 3681 5058; x_wconf 82' lang='lat' dir='ltr'><strong>synodicos</strong></span> 
     </span>
    </p>
   </div>
   <div class='ocr_carea' id='block_1_112' title="bbox 2125 5075 3681 5148">
    <p class='ocr_par' dir='ltr' id='par_1_112' title="bbox 2125 5075 3681 5148">
     <span class='ocr_line' id='line_1_112' title="bbox 2125 5075 3681 5148; baseline -0.012 0"><span class='ocrx_word' id='word_1_823' title='bbox 2125 5102 2429 5148; x_wconf 70' lang='lat' dir='ltr'><strong>conventus</strong></span> <span class='ocrx_word' id='word_1_824' title='bbox 2483 5091 2659 5146; x_wconf 89' lang='lat' dir='ltr'><strong>sancti</strong></span> <span class='ocrx_word' id='word_1_825' title='bbox 2718 5078 2911 5143; x_wconf 80' lang='lat' dir='ltr'><strong>Patres</strong></span> <span class='ocrx_word' id='word_1_826' title='bbox 2964 5083 3139 5140; x_wconf 90' lang='lat' dir='ltr'><strong>nostri</strong></span> <span class='ocrx_word' id='word_1_827' title='bbox 3189 5080 3430 5135; x_wconf 85' lang='lat' dir='ltr'><strong>edidere.</strong></span> <span class='ocrx_word' id='word_1_828' title='bbox 3479 5075 3681 5130; x_wconf 84' lang='lat' dir='ltr'><strong>Omnes</strong></span> 
     </span>
    </p>
   </div>
   <div class='ocr_carea' id='block_1_113' title="bbox 2122 5168 3676 5253">
    <p class='ocr_par' dir='ltr' id='par_1_113' title="bbox 2122 5168 3676 5253">
     <span class='ocr_line' id='line_1_113' title="bbox 2122 5168 3676 5253; baseline -0.013 -13"><span class='ocrx_word' id='word_1_829' title='bbox 2122 5198 2382 5253; x_wconf 85' lang='lat' dir='ltr'><strong>namque,</strong></span> <span class='ocrx_word' id='word_1_830' title='bbox 2407 5183 2650 5251; x_wconf 86' lang='lat' dir='ltr'><strong>ejusdem</strong></span> <span class='ocrx_word' id='word_1_831' title='bbox 2680 5181 2855 5234; x_wconf 84' lang='lat' dir='ltr'><strong>sancti</strong></span> <span class='ocrx_word' id='word_1_832' title='bbox 2881 5175 3119 5246; x_wconf 87' lang='lat' dir='ltr'><strong>Spiritus</strong></span> <span class='ocrx_word' id='word_1_833' title='bbox 3144 5172 3355 5226; x_wconf 86' lang='lat' dir='ltr'><strong>lumine</strong></span> <span class='ocrx_word' id='word_1_834' title='bbox 3386 5168 3676 5232; x_wconf 87' lang='lat' dir='ltr'><strong>illustrati,</strong></span> 
     </span>
    </p>
   </div>
   <div class='ocr_carea' id='block_1_114' title="bbox 2124 5258 3680 5335">
    <p class='ocr_par' dir='ltr' id='par_1_114' title="bbox 2124 5258 3680 5335">
     <span class='ocr_line' id='line_1_114' title="bbox 2124 5258 3680 5335; baseline -0.015 -3"><span class='ocrx_word' id='word_1_835' title='bbox 2124 5276 2276 5331; x_wconf 89' lang='lat' dir='ltr'><strong>utilia</strong></span> <span class='ocrx_word' id='word_1_836' title='bbox 2313 5277 2624 5335; x_wconf 85' lang='lat' dir='ltr'><strong>decrevere,</strong></span> <span class='ocrx_word' id='word_1_837' title='bbox 2654 5285 2719 5326; x_wconf 81' lang='lat' dir='ltr'><strong>ac</strong></span> <span class='ocrx_word' id='word_1_838' title='bbox 2762 5268 2969 5328; x_wconf 88' lang='lat' dir='ltr'><strong>omnia,</strong></span> <span class='ocrx_word' id='word_1_839' title='bbox 3008 5262 3290 5334; x_wconf 90' lang='lat' dir='ltr'><strong>inquiunt,</strong></span> <span class='ocrx_word' id='word_1_840' title='bbox 3339 5275 3403 5314; x_wconf 84' lang='lat' dir='ltr'><strong>ex</strong></span> <span class='ocrx_word' id='word_1_841' title='bbox 3460 5258 3680 5312; x_wconf 87' lang='lat' dir='ltr'><strong>illorum</strong></span> 
     </span>
    </p>
   </div>
   <div class='ocr_carea' id='block_1_115' title="bbox 2130 5350 3682 5436">
    <p class='ocr_par' dir='ltr' id='par_1_115' title="bbox 2130 5350 3682 5436">
     <span class='ocr_line' id='line_1_115' title="bbox 2130 5350 3682 5436; baseline -0.013 -11"><span class='ocrx_word' id='word_1_842' title='bbox 2130 5370 2403 5426; x_wconf 87' lang='lat' dir='ltr'><strong>institutis</strong></span> <span class='ocrx_word' id='word_1_843' title='bbox 2431 5382 2534 5422; x_wconf 83' lang='lat' dir='ltr'><strong>nos</strong></span> <span class='ocrx_word' id='word_1_844' title='bbox 2580 5379 2803 5436; x_wconf 90' lang='lat' dir='ltr'><strong>quoque</strong></span> <span class='ocrx_word' id='word_1_845' title='bbox 2869 5360 3171 5416; x_wconf 88' lang='lat' dir='ltr'><strong>sancimus.</strong></span> <span class='ocrx_word' id='word_1_846' title='bbox 3211 5354 3362 5421; x_wconf 87' lang='lat' dir='ltr'><strong>Quos</strong></span> <span class='ocrx_word' id='word_1_847' title='bbox 3425 5352 3568 5406; x_wconf 90' lang='lat' dir='ltr'><strong>enim</strong></span> <span class='ocrx_word' id='word_1_848' title='bbox 3604 5350 3682 5405; x_wconf 88' lang='lat' dir='ltr'><strong>illi</strong></span> 
     </span>
    </p>
   </div>
   <div class='ocr_carea' id='block_1_116' title="bbox 2128 5444 3678 5524">
    <p class='ocr_par' dir='ltr' id='par_1_116' title="bbox 2128 5444 3678 5524">
     <span class='ocr_line' id='line_1_116' title="bbox 2128 5444 3678 5524; baseline -0.015 -7"><span class='ocrx_word' id='word_1_849' title='bbox 2128 5462 2497 5522; x_wconf 87' lang='lat' dir='ltr'><strong>anathemate,</strong></span> <span class='ocrx_word' id='word_1_850' title='bbox 2554 5466 2647 5511; x_wconf 88' lang='lat' dir='ltr'><strong>aut</strong></span> <span class='ocrx_word' id='word_1_851' title='bbox 2704 5454 3089 5524; x_wconf 85' lang='lat' dir='ltr'><strong>depositione,</strong></span> <span class='ocrx_word' id='word_1_852' title='bbox 3135 5458 3229 5502; x_wconf 89' lang='lat' dir='ltr'><strong>aut</strong></span> <span class='ocrx_word' id='word_1_853' title='bbox 3282 5444 3678 5515; x_wconf 80' lang='lat' dir='ltr'><strong>segregatione,</strong></span> 
     </span>
    </p>
   </div>
   <div class='ocr_carea' id='block_1_117' title="bbox 2127 5532 3682 5615">
    <p class='ocr_par' dir='ltr' id='par_1_117' title="bbox 2127 5532 3682 5615">
     <span class='ocr_line' id='line_1_117' title="bbox 2127 5532 3682 5615; baseline -0.012 -13"><span class='ocrx_word' id='word_1_854' title='bbox 2127 5558 2222 5603; x_wconf 90' lang='lat' dir='ltr'><strong>aut</strong></span> <span class='ocrx_word' id='word_1_855' title='bbox 2245 5546 2365 5600; x_wconf 88' lang='lat' dir='ltr'><strong>aliis</strong></span> <span class='ocrx_word' id='word_1_856' title='bbox 2393 5546 2567 5615; x_wconf 88' lang='lat' dir='ltr'><strong>poenis</strong></span> <span class='ocrx_word' id='word_1_857' title='bbox 2594 5544 2854 5607; x_wconf 75' lang='lat' dir='ltr'><strong>alliciunt,</strong></span> <span class='ocrx_word' id='word_1_858' title='bbox 2884 5542 3006 5597; x_wconf 89' lang='lat' dir='ltr'><strong>illos</strong></span> <span class='ocrx_word' id='word_1_859' title='bbox 3030 5537 3219 5594; x_wconf 87' lang='lat' dir='ltr'><strong>eodem</strong></span> <span class='ocrx_word' id='word_1_860' title='bbox 3251 5549 3478 5606; x_wconf 91' lang='lat' dir='ltr'><strong>prorsus</strong></span> <span class='ocrx_word' id='word_1_861' title='bbox 3501 5532 3682 5586; x_wconf 56' lang='lat' dir='ltr'><strong>multa:</strong></span> 
     </span>
    </p>
   </div>
   <div class='ocr_carea' id='block_1_118' title="bbox 2126 5626 3682 5709">
    <p class='ocr_par' dir='ltr' id='par_1_118' title="bbox 2126 5626 3682 5709">
     <span class='ocr_line' id='line_1_118' title="bbox 2126 5626 3682 5709; baseline -0.009 -16"><span class='ocrx_word' id='word_1_862' title='bbox 2126 5650 2327 5709; x_wconf 78' lang='lat' dir='ltr'><strong>genere</strong></span> <span class='ocrx_word' id='word_1_863' title='bbox 2365 5651 2464 5691; x_wconf 91' lang='lat' dir='ltr'><strong>nos</strong></span> <span class='ocrx_word' id='word_1_864' title='bbox 2500 5651 2716 5706; x_wconf 86' lang='lat' dir='ltr'><strong>quoque</strong></span> <span class='ocrx_word' id='word_1_865' title='bbox 2745 5638 3088 5689; x_wconf 86' lang='lat' dir='ltr'><strong>damnamus.</strong></span> <span class='ocrx_word' id='word_1_866' title='bbox 3114 5628 3237 5686; x_wconf 89' lang='lat' dir='ltr'><strong>Sint</strong></span> <span class='ocrx_word' id='word_1_867' title='bbox 3263 5626 3478 5683; x_wconf 83' lang='lat' dir='ltr'><strong>etenim.</strong></span> <span class='ocrx_word' id='word_1_868' title='bbox 3498 5637 3682 5682; x_wconf 74' lang='lat' dir='ltr'><strong>mores</strong></span> 
     </span>
    </p>
   </div>
   <div class='ocr_carea' id='block_1_119' title="bbox 2220 5807 3154 5874">
    <p class='ocr_par' dir='ltr' id='par_1_119' title="bbox 2220 5807 3154 5874">
     <span class='ocr_line' id='line_1_119' title="bbox 2220 5807 3154 5874; baseline -0.003 -8"><span class='ocrx_word' id='word_1_869' title='bbox 2220 5811 2303 5866; x_wconf 76' lang='lat'><strong>&quot;1</strong></span> <span class='ocrx_word' id='word_1_870' title='bbox 2335 5810 2479 5867; x_wconf 74' lang='lat' dir='ltr'><strong>Petr.</strong></span> <span class='ocrx_word' id='word_1_871' title='bbox 2508 5828 2546 5874; x_wconf 84' lang='grc' dir='ltr'><strong>ι,</strong></span> <span class='ocrx_word' id='word_1_872' title='bbox 2587 5809 2668 5864; x_wconf 80' lang='lat' dir='ltr'><strong>i5.</strong></span> <span class='ocrx_word' id='word_1_873' title='bbox 2746 5810 2789 5843; x_wconf 82' lang='grc'><strong>⁸⁷</strong></span> <span class='ocrx_word' id='word_1_874' title='bbox 2821 5808 2996 5865; x_wconf 83' lang='lat' dir='ltr'><strong>Galat.</strong></span> <span class='ocrx_word' id='word_1_875' title='bbox 3028 5825 3066 5871; x_wconf 89' lang='lat' dir='ltr'><strong>I.</strong></span> <span class='ocrx_word' id='word_1_876' title='bbox 3101 5807 3154 5864; x_wconf 88' lang='lat'><strong>9.</strong></span> 
     </span>
    </p>
   </div>
  </div>
