4092 6214
566 284 673 346 833

1849 299 2102 359 THEUD
2168 305 2560 364 BALSAMUN

3703 315 3793 378 88l

567 393 691 446 sine
722 389 972 455 avaritia,
998 397 1238 450 contenti
1271 400 1656 467 prazscntibus,
1700 400 1874 472 inquit
1902 405 2131 472 Aposto-

2255 410 2375 463 ιεθα
2403 411 2511 473 τοῖς
2541 412 2798 480 παροῦσι,
2860 419 2974 480 τοῖς
3014 419 3163 490 παρὰ
3197 421 3308 473 τῶν
3337 419 3513 490 ἁγίων
3562 421 3796 497 Πατέρων

569 484 680 540 lus.
719 485 849 552 Qum
874 487 1094 556 quidem
1138 491 1300 544 verba
1333 496 1525 564 synodi
1586 503 1843 550 auctores
1899 511 2125 568 usurpa-

2232 501 2476 572 δηλονότι
2506 507 2822 574 ὁρισθεῖσιν.

569 598 721 647 vere,
765 583 918 650 illud,
955 595 1014 638 ut
1077 587 1334 653 arbitror,
1375 591 1704 654 indicantes,
1759 608 1818 648 se
1857 594 1991 649 nihil
2041 596 2249 652 scilicet
2302 600 2367 654 ad
2391 617 2452 655 ea
2507 618 2628 672 quae
2681 604 2792 673 jam
2858 585 2928 663 ab
3004 613 3252 679 antiquis
3306 612 3563 668 Patrihus
3608 613 3797 668 consti-

568 685 852 777 tuta‘sunt
910 679 1197 736 ambitioni
1262 686 1546 742 stmlentes
1575 687 1896 758 adiungere,
1937 703 2226 746 avarorum
2251 710 2421 761 more,
2461 700 2554 767 qui
2585 695 2660 754 ad
2712 713 2773 755 ea
2836 717 2962 772 quae
3007 705 3298 776 possident
3355 708 3559 777 aliquid
3621 707 3802 765 addere

565 769 793 826 assidue
820 776 1204 830 contendunt:

563 877 664 917 (30"
674 872 872 920 1811108.

562 957 794 1014 ARIST.
829 980 846 1012 ι
885 954 1139 1018 Canones
1170 963 1408 1028 divinos,
1435 980 1753 1024 sanctorum
1788 985 1983 1040 nempe
2007 987 2136 1040 apo-

651 1065 669 1098 ο
719 1051 1015 1110 stolorum,
1054 1055 1389 1123 synodorum
1420 1072 1512 1111 sex
1539 1062 2137 1118 mcumenicarununcc

645 1161 664 1190 ‹
709 1155 814 1195 non
854 1145 1186 1212 topicarum,
1225 1147 1414 1216 utique
1463 1160 1517 1202 et
1567 1161 1880 1206 sanctorum
1917 1151 2135 1207 Patrum

1287 779 1382 834 sed
1450 785 1834 851 praesentibus,

649 1251 666 1284 ι
703 1246 1020 1290 nostrorum
1065 1238 1132 1291 ab
1192 1253 1300 1291 uno
1345 1241 1557 1296 scilicet
1600 1251 1653 1296 et
1707 1243 1897 1298 eodem
1929 1245 2137 1313 Spiritu
2216 1238 2224 1250 ’

647 1343 664 1375 ι
706 1333 897 1379 sancto
959 1327 1371 1397 inspiratorum,
1437 1329 1670 1386 libenter
1732 1332 2133 1402 amplectimur.

648 1435 666 1468 ι
705 1415 812 1472 Eos
869 1417 1041 1487 igitur
1071 1433 1210 1488 quos
1266 1421 1301 1475 ii
1341 1423 1900 1490 anathematizarunt,
1954 1434 2008 1478 et
2044 1439 2144 1479 nos

649 1527 667 1560 ι
706 1508 1272 1576 anathematizamus;
1325 1515 1465 1581 quos
1526 1516 1922 1583 deposuerunt,
1975 1513 2143 1584 depo-

649 1614 668 1650 ι
712 1601 931 1663 nimus;
990 1617 1132 1671 quos
1191 1615 1574 1673 segregaruut,
1634 1621 2031 1676 segregamus;
2092 1617 2147 1660 et

655 1712 672 1743 ε
719 1705 856 1763 quos
886 1693 1064 1764 poenis
1099 1694 1476 1761 subiecerunt,
1511 1698 1731 1752 eos-dem
1757 1705 1811 1751 et
1847 1713 1946 1752 nos
1971 1697 2147 1767 ptenis

654 1803 672 1835 ι
706 1782 1051 1854 subiicimus.
1091 1804 1109 1835 ι

647 1877 885 1947 Septima
915 1875 1032 1931 hmc
1068 1878 1315 1947 synodus
1378 1880 1621 1932 secundo
1652 1881 1703 1933 in
1750 1877 1924 1934 Nicaea
1969 1879 2140 1936 lube-

578 1977 762 2041 hatur,
799 1976 901 2030 sub
934 1973 1297 2032 Constantino
1355 1981 1677 2033 exsecraudi
1743 1980 2006 2049 impiique
2036 1976 2145 2033 Co-

576 2073 829 2142 pronymi
869 2079 1084 2141 nepote,
1111 2081 1165 2127 et
1203 2072 1360 2127 lrene
1388 2082 1561 2127 matre
1617 2074 1736 2142 ejus
1786 2089 1850 2126 ex
1911 2069 2145 2127 Athenis

564 2161 856 2224 oriunda,
928 2162 1274 2232 congregatis
1343 2164 1575 2216 censilio
1631 2173 1684 2218 ct
1758 2163 2146 2237 adhortatione

582 2251 798 2306 Tarasii
858 2249 1260 2322 archiepiscOpi
1339 2253 1969 2322 ConStantinnpolitani,
2039 2265 2150 2307 tre-

583 2344 762 2398 remis
793 2347 1072 2414 sexaginta
1145 2353 1351 2414 septem
1406 2343 1662 2401 Patrilnts
1714 2346 1935 2402 divinis.
2003 2347 2150 2400 Con-

579 2445 782 2492 ventns
843 2447 1024 2490 autem
1088 2453 1276 2490 eorum
1334 2449 1450 2492 erat
1514 2439 1780 2493 adversus
1847 2441 2145 2510 imaginum

583 2531 775 2584 hostes
832 2527 946 2583 sive
1003 2528 1450 2583 Christianorum
1510 2543 1884 2594 accusatores,
1947 2542 2001 2584 et
2051 2549 2146 2586 eos

588 2621 1133 2676 anathematizarunt
1163 2641 1176 2677 :
1205 2623 1463 2677 Et'elesite
1494 2632 1673 2678 autem
1706 2627 1990 2692 antiquum
2024 2626 2146 2693 ejus

587 2713 843 2768 Ornatum
887 2715 1268 2772 restituerunt,
1322 2731 1557 2781 eamque
1604 2718 1900 2785 imaginum
1948 2719 2149 2772 habere

594 2804 998 2873 expressiones.
1028 2813 1081 2858 et
1122 2807 1344 2860 relative
1393 2817 1487 2862 eas
1515 2810 1753 2862 Salutate
1810 2821 1956 2863 recte
2011 2809 2143 2861 deﬂ-

591 2897 852 2951 niernnt:
885 2897 1000 2963 pari
1027 2909 1154 2948 vero
1186 2896 1402 2950 ratione
1434 2898 1598 2949 etiam
1667 2900 1852 2953 cruris
1905 2900 2148 2951 honora-

589 2987 720 3044 bilis
774 2986 987 3041 ado‘rari
1048 2979 1273 3056 ﬁguram
1319 3006 1332 3041 :
1401 2991 1794 3058 ainplertentes
1846 3003 1900 3045 et
1949 2992 2152 3045 contir-

591 3081 802 3136 mantes‘
833 3089 944 3132 tum
972 3094 1184 3133 summa
1224 3071 1384 3135 laude
1436 3082 1906 3150 przedirandorum
1937 3093 1989 3139 et
2021 3101 2148 3139 sau-

589 3183 810 3226 ‘ctorum
843 3167 1246 3240 apostolorum,
1298 3181 1409 3226 tum
1464 3189 1556 3227 sex
1615 3183 1928 3228 sanctorum
1967 3177 2153 3230 conci-
2180 3150 2227 3212 (ἶ

590 3267 786 3323 liorum
828 3267 1186 3331 generalium.
1217 3282 1270 3320 et
1323 3266 1483 3319 etiam
1518 3267 1930 3335 provincialium
1990 3284 2155 3322 cano-

591 3375 725 3426 nes;
759 3364 812 3412 et
847 3375 940 3412 eos
976 3358 1067 3427 qui
1107 3360 1174 3413 ab
1225 3359 1336 3412 illis
1390 3359 1836 3413 anathematizati
1899 3360 2153 3426 fuissent,

596 3443 1130 3506 anathematizarunt
1190 3461 1241 3505 et
1283 3450 1408 3520 ipsi.
1478 3458 1531 3504 et
1570 3451 1919 3519 depositione
1947 3453 2015 3506 ob
2056 3444 2153 3505 ali-

585 3546 740 3616 ,quod
777 3547 985 3599 crimen
1016 3545 1325 3609 damnatos,
1360 3541 1613 3598 similiter
1645 3554 1695 3597 et
1739 3543 1840 3612 ipsi
1897 3545 2154 3599 condem-

596 3644 820 3701 narunt,
853 3646 1169 3707 scgregatos
1212 3645 1392 3690 autern
1459 3645 1833 3704 segregarunt,
1865 3644 1918 3688 et
1977 3637 2154 3704 pomis

597 3727 878 3798 subjectos
947 3729 1249 3796 aequalibus
1299 3729 1476 3799 pinnis
1549 3728 1939 3795 subjecerunt;
2025 3728 2156 3782 nihil

594 3823 820 3876 omnino
852 3823 939 3886 iis,
967 3837 1085 3891 quae
1117 3823 1323 3878 Sanctis
1366 3824 1629 3892 apostolis
1663 3832 1711 3877 et
1737 3821 1940 3876 divinis
1978 3821 2158 3876 Patri-

593 3911 700 3967 bus
731 3913 980 3980 exposita
1008 3922 1061 3966 et
1091 3903 1311 3967 decreta
1347 3902 1591 3977 fuerunt,
1629 3911 1707 3965 vel
1760 3910 2026 3966 addentes
2073 3910 2156 3965 vel

595 3997 1001 4061 subtrahentes.

1113 4091 1274 4173 237
1302 4093 1527 4156 canon
1559 4097 1623 4153 ιι.

607 4212 626 4246 ι
669 4193 936 4260 Quoniam
995 4194 1288 4264 psallentes
1325 4187 1439 4248 Deo
1485 4192 1942 4264 repromittimus,
1973 4191 2031 4248 lu
2074 4194 2161 4260 ju-

684 4293 701 4341 ι
745 4287 1175 4342 stiﬁeationihus
1203 4287 1308 4340 tuis
1339 4286 1662 4352 meditabor,
1711 4297 1816 4341 non
1868 4288 2163 4342 obliviscar

685 4400 702 4431 ‹
735 4379 1079 4450 eloquiorum
1110 4387 1330 4432 tuorum
1358 4398 1371 4434 :
1407 4395 1597 4433 omnes
1628 4380 1847 4448 quidem
1903 4381 2165 4437 Christia-

677 4488 696 4519 ι
733 4485 830 4523 nos
863 4469 962 4522 hoc
983 4479 1202 4530 servare
1235 4469 1657 4524 saluberrimum
1686 4478 1795 4536 est;
1857 4487 1953 4526 eos
1983 4479 2161 4527 autem
2199 4504 2243 4562 Β

687 4584 703 4615 ι
734 4565 1008 4634 prrecipue
1037 4565 1129 4634 qui
1175 4564 1570 4619 sacerdOIalem
1638 4563 1959 4635 dignitatem
2018 4567 2161 4620 obti-

681 4675 699 4709 ι
740 4664 888 4710 nent.

677 4770 694 4801 ¢
734 4737 1089 4820 qtridem,qui
1121 4748 1186 4801 ad
1227 4749 1590 4820 cpiScOpalem
1647 4752 1871 4819 gradum
1924 4761 2004 4804 est
2038 4763 2165 4821 pro-

679 4864 696 4894 ι
735 4843 1047 4911 vehendus,
1083 4842 1409 4897 Psalterium
1470 4845 1693 4897 omnino
1756 4859 1940 4911 nosse,
1993 4856 2051 4898 ut
2100 4860 2160 4900 ex

681 4955 698 4989 ι
741 4953 805 4990 eo
833 4952 1049 4992 omnem
1082 4950 1301 5004 quoque
1349 4946 1506 4987 suum
1546 4935 1902 4988 eleri‘cutnita
1943 4936 2162 4989 institui

680 5050 697 5080 ι
733 5041 984 5085 moneat:
1020 5045 1048 5081 a
1086 5027 1513 5097 metropolitano
1543 5033 1726 5079 autem
1763 5027 1898 5080 bene
1957 5028 2162 5082 exami-

678 5141 695 5171 σ
735 5121 875 5182 nari,
913 5136 979 5173 an
1013 5119 1080 5173 ad
1115 5133 1303 5172 sacros
1341 5127 1577 5172 canones
1609 5117 1900 5185 diligenter
1945 5131 2008 5173 ac
2038 5135 2161 5173 cum

678 5232 695 5262 ‹
736 5211 1195 5280 perscrutatione,
1233 5225 1337 5262 non
1392 5221 1572 5267 autem
1624 5209 1797 5262 obiter
1847 5210 2162 5280 cursimque

677 5321 695 5353 ι
731 5303 986 5371 legendos
1045 5307 1298 5370 prompto
1357 5305 1659 5368 paratoque
1719 5301 1789 5354 sit
1846 5304 2054 5368 animo,
2106 5311 2160 5356 et

675 5415 692 5445 ι
737 5411 952 5449 sacrum
1008 5395 1172 5449 etiam
1228 5393 1587 5467 Evangeliuut
1643 5402 1697 5448 et
1733 5395 1929 5448 librum
1989 5396 2156 5450 divini

681 5503 698 5536 ι
731 5478 979 5556 Apostoli
1018 5502 1348 5557 omnemque
1403 5487 1643 5540 divinam
1694 5484 2073 5557 Scrip’turam;
2104 5497 2160 5543 et

674 5597 692 5629 ‹
728 5579 780 5632 in
813 5577 1014 5634 divinis
1047 5581 1330 5651 praeceptis
1373 5582 1604 5647 versari,
1643 5591 1695 5635 et
1741 5584 1999 5652 populum
2051 5583 2156 5636 sibi

674 5688 692 5720 α
733 5672 1089 5725 commissum
1126 5673 1342 5727 docere.
1377 5671 1594 5728 Nostra:
1626 5675 1772 5727 enim
1832 5673 2157 5728 bierarchiaa

671 5779 690 5816 ι
730 5761 1053 5818 substantiae
1121 5769 1244 5817 sunt
1305 5763 1523 5832 eloquia
1587 5765 1851 5820 divinitus
1911 5767 2153 5834 tradita,

976 4655 1338 4722 Quamobrem
1407 4655 1790 4723 decernimus,
1868 4658 2168 4727 quemlibet

1923 786 1990 840 iis
2051 787 2306 843 nimirum
2365 810 2484 861 quae
2536 809 2564 847 a
2629 800 2836 854 sanctis
2891 799 3150 858 Patrihus
3202 803 3430 858 deﬁnita
3488 813 3632 872 sunt,
3694 822 3801 862 esse

2241 973 2463 1027 ΑΡΙΣΓ.
2505 994 2522 1024 ε
2556 973 2691 1038 Τοὺς
2723 968 2901 1040 θείους
2937 976 3170 1040 κανόνας
3209 981 3502 1044 ἀσπασίως
3546 983 3795 1054 ὲνστερνι-

2313 1085 2329 1115 ε
2374 1067 2597 1134 ζόμεθα,
2620 1070 2727 1120 τῶν
2751 1086 2810 1121 τε
2854 1073 3022 1138 ἁγίων
3055 1073 3400 1137 ἀποστόλων,
3422 1075 3532 1126 τῶν
3559 1073 3615 1140 ἒξ
3645 1077 3800 1129 οίκου-

2318 1176 2334 1206 ι
2377 1159 2612 1225 μενικῶν
2669 1159 2938 1226 συνόδων,
2987 1163 3080 1214 καὶ
3128 1163 3240 1217 τῶν
3291 1165 3558 1229 τοπικῶν,
3606 1167 3732 1237 προς
3753 1161 3800 1220 δὲ

2322 1265 2338 1295 ι
2374 1240 2467 1298 καὶ
2496 1247 2604 1300 τῶν
2631 1249 2798 1317 ἁγίων
2857 1252 3115 1320 Πατέρων
3155 1253 3335 1322 ἡμῶν,
3369 1255 3446 1318 ὡς
3493 1256 3552 1320 ἐξ
3585 1257 3695 1320 ἑνὸς
3719 1259 3802 1311 ml

2321 1359 2338 1386 ι
2375 1339 2468 1393 τοῦ
2528 1343 2690 1395 αὐτοῦ
2742 1343 2900 1412 ἁγίου
2965 1345 3284 1416 Πνεύματος
3346 1349 3800 1417 ὲμπνευσθέντων.

2317 1452 2336 1484 ι
2380 1434 2487 1496 Οὓς
2536 1434 2629 1489 οὖν
2681 1437 3122 1509 ἀνεθεμάτισαν,
3179 1435 3682 1510 ἁναθεματίζομεψ
3721 1443 3803 1494 καὶ

2322 1542 2339 1573 (
2375 1522 2470 1587 οὓς
2534 1525 2825 1592 καθεῖλον,
2893 1531 3308 1601 καθαιροῦμεν·
3356 1531 3451 1596 οὓς
3514 1532 3804 1602 ἀφώρισαν.

2325 1636 2342 1666 ε
2386 1617 2760 1687 ἀφορίζομενο
2821 1623 2919 1674 καὶ
2975 1621 3068 1686 οὒς
3114 1623 3500 1694 ἐπετίμησαν,
3558 1624 3804 1692 ἐπιτιμῶ-

2323 1728 2342 1752 ο
2387 1724 2502 1779 μεν.
2547 1729 2566 1760 ι

2317 1892 2437 1944 Ἐπὶ
2474 1893 2892 1946 Κωνσταντίνου
2921 1891 3015 1946 τοῦ
3051 1891 3277 1961 ὲγγόνου
3311 1893 3410 1947 τοῦ
3451 1898 3808 1966 τρισκαταρά-

2245 2003 2337 2037 του
2369 1984 2461 2036 καὶ
2515 1983 2802 2053 θεομισοῦς
2853 1980 3236 2055 Κοπρωνύμου
3296 1989 3391 2040 καὶ
3457 1989 3692 2059 Εἰρήνης
3721 1988 3805 2058 τῆς

2250 2079 2452 2147 μητρός
2507 2077 2676 2130 αὑτοῦ
2729 2077 2826 2147 τῆς
2858 2077 2917 2143 ἐξ
2974 2077 3284 2150 Ἀθηνῶνὴ
3332 2081 3593 2149 παροῦσα
3618 2080 3801 2150 ἑϐδόμη

2247 2172 2436 2238 γέγονε
2458 2171 2677 2232 σύνοδος
2714 2173 2771 2222 ἐν
2809 2173 3011 2237 Nini;
3054 2173 3114 2224 τὸ
3143 2173 3416 2242 δεύτερον,
3459 2173 3806 2227 συνελθόντων

2251 2263 2524 2332 συμϐουλῇ
2581 2266 2675 2315 καὶ
2716 2268 3035 2333 παραινέσει
3081 2263 3358 2334 Ταρασίου
3390 2267 3807 2337 ἀρχιεπισκόπον

2250 2357 2872 2419 Κωνσταντ;νουπόλεως
2896 2359 3224 2426 τριακοσίων
3253 2359 3526 2430 ἐξήκοντα
3547 2362 3682 2413 ἑπτα
3710 2361 3810 2412 θεο-

2253 2451 2433 2520 φῦρων
2478 2452 2756 2522 Πατέρων.
2825 2451 2887 2504 Ἥ
2927 2451 2984 2506 δὲ
3043 2453 3352 2515 συνέλευσις
3401 2454 3611 2508 τούτων
3640 2455 3808 2521 γέγονε

2252 2544 2392 2596 κατά
2421 2544 2530 2595 τῶν
2585 2545 2958 2614 εἰκονομάχων
3014 2543 3132 2613 ἦτοι
3166 2547 3806 2616 Χριστιανοκατηγόρωνο

2251 2638 2346 2688 καὶ
2367 2635 2592 2698 τούτους
2623 2635 3040 2707 ἀνεθεμάτισαν.
3075 2638 3154 2708 Τῇ
3190 2638 3245 2692 δὲ
3277 2638 3584 2710 Ἐκκλησία
3612 2640 3696 2691 τὸν
3727 2642 3810 2707 ἀρ-

2251 2731 2403 2798 χαῖον
2430 2731 2599 2797 αὐτῆς
2625 2733 2826 2798 κόσμον
2861 2731 3255 2791 ἀποδεδώκασι,
3291 2734 3386 2784 καὶ
3424 2733 3523 2793 τὰς
3557 2733 3808 2786 εἱκονικάς

2252 2823 2630 2885 ἀναύπὼσεις
2667 2823 2808 2892 ἔχειν
2841 2822 3029 2891 αὐτὴν.
3067 2823 3158 2874 καὶ
3183 2822 3449 2891 σχετικῶς
3487 2823 3808 2888 ἀσπάζεσθαι

2255 2916 2481 2974 ταύτας,
2513 2913 2691 2978 καλῶς
2719 2914 3038 2984 διωρίσαντο
3065 2931 3078 2944 -
3111 2913 3371 2976 ὡσαύτως
3407 2915 3468 2967 δὲ
3502 2916 3596 2968 καὶ
3625 2917 3709 2967 τδν
3733 2917 3812 2965 τύ-

2256 3024 2357 3060 πον
2384 3007 2479 3060 τοῦ
2512 3007 2694 3077 τιμίου
2731 3008 3154 3078 προσκυνεῖσθαι
3209 3010 3446 3080 σταυροῦ
3467 3028 3480 3041 ·
3515 3011 3810 3077 ἀσπασάμε-

2258 3115 2339 3151 νοι
2385 3101 2477 3151 καὶ
2534 3100 2897 3167 κρατύναντες
2925 3098 3050 3162 τούς
3080 3117 3138 3151 τε
3176 3098 3282 3152 τῶν
3315 3101 3693 3171 πανευφήμων
3735 3099 3813 3150 καὶ

2258 3191 2431 3258 ἁγίων
2461 3191 2774 3244 ἀποστόλων
2814 3192 3066 3256 κανόνας,
3120 3191 3226 3243 τῶν
3279 3209 3338 3243 τε
3371 3191 3553 3258 ἁγίων
3587 3192 3814 3256 οἱκουμε-

2258 3282 2425 3334 νικῶν
2459 3282 2518 3345 ἒξ
2553 3282 2808 3344 συνόδων,
2845 3281 2940 3333 καὶ
2977 3282 3086 3333 τῶν
3135 3281 3376 3344 τοπικῶς
3426 3283 3816 3352 συναθροισθει-

2260 3373 2408 3424 σῶνο
2457 3372 2705 3436 καὶτοὺς
2759 3372 2857 3442 μὲν
2910 3372 3449 3444 ἀναθεματισθέντας
3515 3374 3608 3428 ὑπ’
3654 3373 3815 3426 αὐτῶν

2259 3464 2713 3536 ἀναθεματίζουσι
2741 3465 2834 3518 καὶ
2869 3465 3058 3518 αὐτοί·
3091 3466 3216 3528 τοὺς
3244 3464 3299 3518 δὲ
3323 3466 3645 3536 καθαιρέσει
3664 3465 3742 3518 διὰ
3771 3482 3816 3516 τι

2263 3562 2511 3627 πταῖσμα
2542 3557 2997 3628 κατακριθέντας,
3051 3555 3312 3618 ὡσαύτως
3353 3560 3450 3612 καὶ
3480 3554 3628 3612 οὗτοι
3663 3575 3814 3611 κατα-

2260 3649 2577 3712 δικάζουσι·
2623 3652 2748 3711 τοὺς
2771 3649 2826 3701 δὲ
2867 3647 3284 3718 ἀφωρισμένους
3330 3649 3691 3720 ἀφορίζουσιο
3736 3647 3815 3700 καὶ

2261 3741 2387 3805 τοὺς
2410 3740 2705 3810 ἐπιτιμίοις
2732 3741 3312 3808 καθυποϐαλλομένους
3333 3742 3667 3810 ἐπιτιμῶσιν
3714 3740 3816 3792 ἐπί-

2265 3851 2385 3902 σης,
2420 3834 2583 3904 μηδέν
2605 3851 2657 3886 τι
2687 3832 3067 3902 προστιθέντες
3092 3833 3124 3903 ἢ
3157 3833 3525 3903 ὑφαιροῦντες
3557 3833 3663 3886 τῶν
3690 3831 3818 3898 παρά

2260 3919 2370 3973 τῶν
2401 3922 2570 3990 ἁγίων
2617 3921 2928 3973 ἀποστόλων
2975 3922 3067 3974 καὶ
3103 3922 3210 3974 τῶν
3256 3922 3539 3990 θεοφόρων
3585 3920 3817 3992 Πατέρων

2264 4011 2590 4066 ἐκτεθέντων
2623 4015 2714 4066 καὶ
2736 4014 3084 4084 όρισθέντων.

2864 4107 3103 4160 ΚΛΝΩΝ
3163 4107 3237 4162 Β’.

2275 4216 2293 4249 ι
2337 4197 2668 4270 Ἐπειδήπερ
2723 4199 3018 4270 ψάλλοντες
3078 4199 3494 4270 ωντασσόμεθα
3546 4201 3626 4273 τῷ
3685 4200 3822 4270 Θεῷ,

2345 4311 2364 4343 ι
2407 4289 2496 4343 Ἐν
2531 4293 2640 4353 τοῖς
2694 4292 3028 4359 δικαιώμασί
3074 4311 3166 4347 σου
3213 4294 3526 4366 μελετήσω,
3573 4296 3672 4349 οὐκ
3721 4295 3826 4347 ἔπι-

2347 4400 2366 4432 (
2408 4381 2646 4450 λήσομαι
2686 4384 2796 4435 τῶν
2843 4382 3019 4450 λόγων
3047 4399 3141 4435 σου
3171 4399 3187 4416 ·
3230 4397 3248 4435 ι
3304 4385 3520 4448 πάντας
3557 4385 3657 4455 μὲν
3706 4385 3826 4452 Χρι-

2350 4493 2368 4526 ‹
2413 4475 2664 4536 στιανοὺς
2689 4472 2848 4527 τοῦτο
2880 4473 3172 4543 φυλάττειν
3217 4477 3515 4546 σωτήριον,
3551 4476 3670 4529 κατ’
3696 4475 3827 4539 ἐξαί-

2347 4584 2365 4616 α
2414 4581 2568 4634 ρετον
2628 4564 2685 4618 δὲ
2744 4565 2872 4628 τοὺς
2934 4565 3032 4636 τὴν
3089 4564 3369 4636 ἱερατικὴν
3423 4567 3827 4636 ἀμπεχομένους

2346 4677 2364 4710 σ
2408 4657 2588 4721 ἀξίαν.
2637 4658 2801 4712 Ὅθεν
2841 4656 3096 4728 ὁρίζομεν
3140 4661 3316 4712 πάντα
3364 4659 3458 4710 τὸν
3505 4656 3828 4729 προάγεσθαι

2348 4772 2365 4805 ι
2411 4750 2672 4824 μέλλοντα
2701 4753 2781 4815 είς
2804 4749 2896 4804 τὸν
2921 4751 3018 4822 τῆς
3047 4749 3352 4823 ἐπισκοπῆς
3377 4750 3592 4822 βαθμὸν
3627 4753 3825 4813 πάντως

2350 4866 2368 4898 ι
2409 4843 2501 4898 τὸν
2557 4843 2811 4915 ψαλτῆρα
2855 4842 3168 4911 γινώσκειν,
3196 4843 3280 4896 ἴνα
3311 4844 3384 4905 ὡς
3422 4847 3487 4900 ἐκ
3518 4847 3703 4898 τούτου
3743 4843 3825 4894 καὶ

2345 4958 2362 4991 ι
2406 4938 2586 4991 πάντα
2650 4936 2740 4990 τὸν
2787 4935 2909 4989 κατ’
2956 4936 3118 4988 αὐτὸν
3167 4932 3364 5004 κλῆρον
3419 4935 3566 4988 οὕτω
3615 4934 3822 5001 νουθετῇ

2347 5050 2365 5082 ‹
2412 5028 2663 5100 μυεῖσθαι
2695 5045 2708 5061 ·
2763 5029 3152 5096 ἀνα-κρίνεσθαι
3189 5028 3245 5080 δὲ
3294 5028 3557 5096 ἀσφαλῶς
3597 5027 3698 5080 ὑπὸ
3738 5025 3820 5077 τοῦ

2346 5141 2363 5173 ι
2407 5119 2830 5192 μητροπολίτου,
2867 5119 2916 5171 εί
2962 5120 3258 5190 προθύμως
3288 5117 3400 5187 ἔχει
3436 5119 3821 5186 ἀναγινώσκειν

2341 5233 2359 5266 ι
2403 5211 2769 5284 ἐρευνητικῶς
2831 5211 2925 5266 καί⁵
2992 5212 3054 5264 οὐ
3124 5211 3541 5280 παροδευτικῶς
3588 5211 3704 5270 τούς
3760 5223 3814 5257 τε

2343 5327 2361 5359 ι
2403 5303 2582 5376 ἱεροὺς
2620 5305 2870 5368 κανόνας,
2917 5306 3010 5358 καὶ
3053 5304 3113 5357 τδ
3153 5303 3308 5370 ἅγιον
3344 5305 3688 5372 Εὐαγγέλιον,
3718 5300 3812 5367 τήν

2341 5416 2360 5450 ι
2401 5417 2459 5451 τε
2484 5399 2575 5450 τοῦ
2609 5395 2752 5450 θείου
2793 5397 3115 5450 Ἀποστόλου
3147 5395 3347 5466 βίϐλον,
3385 5401 3477 5449 καὶ
3511 5400 3678 5450 πᾶσαν
3716 5390 3809 5461 τὴν

2339 5507 2357 5541 ι
2399 5489 2552 5542 θείαν
2598 5489 2822 5558 Γραφήν
2853 5505 2866 5519 ο
2915 5488 3009 5541 καὶ
3055 5487 3196 5541 κατὰ
3239 5488 3305 5540 τὰ
3348 5487 3468 5540 θεῖα
3516 5485 3811 5552 ἐντάλματα

2341 5601 2359 5634 t
2401 5581 2858 5651 ἀναστρέφεσθαι,
2909 5582 3004 5635 καὶ
3052 5580 3328 5635 διδάσκειν
3367 5582 3460 5634 τὸν
3497 5579 3612 5633 κατ’
3650 5574 3811 5629 αὑτὸν

2340 5697 2358 5728 σ
2401 5677 2549 5732 λαόν.
2584 5676 2753 5729 Οὐσία
2787 5678 2895 5746 γὰρ
2920 5677 3018 5744 τῆς
3053 5678 3177 5731 καθ’
3205 5677 3354 5746 ἡμᾶς
3391 5673 3660 5746 ίεραρχίσς
3699 5669 3818 5723 ἐστὶ

2343 5791 2363 5826 ι
2404 5769 2468 5824 τὰ
2530 5767 2898 5840 θεοπαράδοτα
2951 5769 3129 5837 λόγια,
3178 5770 3346 5824 ἥνουν
3405 5770 3431 5823 t‘.
3493 5766 3595 5820 τῶν
3657 5761 3816 5816 θείων
