  <div class='ocr_page' id='page_1' title='image "/cluster/home/n/w/nwhite01/storage/ocr_20150623/137/hvd.32044073502536/479.png"; bbox 0 0 4092 6214; ppageno 0'>
   <div class='ocr_carea' id='block_1_1' title="bbox 542 299 684 364">
    <p class='ocr_par' dir='ltr' id='par_1_1' title="bbox 542 299 684 364">
     <span class='ocr_line' id='line_1_1' title="bbox 542 299 684 364; baseline 0.021 -3"><span class='ocrx_word' id='word_1_1' title='bbox 542 299 684 364; x_wconf 62' lang='grc'><strong>887</strong></span> 
     </span>
    </p>
   </div>
   <div class='ocr_carea' id='block_1_2' title="bbox 1839 282 2553 374">
    <p class='ocr_par' dir='ltr' id='par_1_2' title="bbox 1839 282 2553 374">
     <span class='ocr_line' id='line_1_2' title="bbox 1839 282 2553 374; baseline 0.003 -4"><span class='ocrx_word' id='word_1_2' title='bbox 1839 311 2112 371; x_wconf 77' lang='lat' dir='ltr'><strong>THEOD.</strong></span> <span class='ocrx_word' id='word_1_3' title='bbox 2154 282 2553 374; x_wconf 62' lang='lat' dir='ltr'><strong>BALSAMON</strong></span> 
     </span>
    </p>
   </div>
   <div class='ocr_carea' id='block_1_3' title="bbox 3676 308 3779 371">
    <p class='ocr_par' dir='ltr' id='par_1_3' title="bbox 3676 308 3779 371">
     <span class='ocr_line' id='line_1_3' title="bbox 3676 308 3779 371; baseline -0.029 0"><span class='ocrx_word' id='word_1_4' title='bbox 3676 308 3779 371; x_wconf 83' lang='lat'><strong>888</strong></span> 
     </span>
    </p>
   </div>
   <div class='ocr_carea' id='block_1_4' title="bbox 532 406 2121 495">
    <p class='ocr_par' dir='ltr' id='par_1_4' title="bbox 532 406 2121 493">
     <span class='ocr_line' id='line_1_4' title="bbox 532 406 2121 493; baseline 0.009 -28"><span class='ocrx_word' id='word_1_5' title='bbox 532 406 535 411; x_wconf 68' lang='grc'><strong>”</strong></span> <span class='ocrx_word' id='word_1_6' title='bbox 577 425 822 481; x_wconf 69' lang='lat' dir='ltr'><strong>pmsens</strong></span> <span class='ocrx_word' id='word_1_7' title='bbox 844 424 970 469; x_wconf 86' lang='lat' dir='ltr'><strong>can.</strong></span> <span class='ocrx_word' id='word_1_8' title='bbox 1011 414 1064 467; x_wconf 94' lang='lat' dir='ltr'><strong>in</strong></span> <span class='ocrx_word' id='word_1_9' title='bbox 1108 414 1351 484; x_wconf 78' lang='lat' dir='ltr'><strong>psalterii</strong></span> <span class='ocrx_word' id='word_1_10' title='bbox 1386 420 1693 493; x_wconf 83' lang='lat' dir='ltr'><strong>cognitione</strong></span> <span class='ocrx_word' id='word_1_11' title='bbox 1720 433 1990 477; x_wconf 85' lang='lat' dir='ltr'><strong>versatum</strong></span> <span class='ocrx_word' id='word_1_12' title='bbox 2011 440 2121 478; x_wconf 61' lang='lat' dir='ltr'><strong>esst</strong></span> 
     </span>
    </p>
   </div>
   <div class='ocr_carea' id='block_1_5' title="bbox 2225 406 3790 495">
    <p class='ocr_par' dir='ltr' id='par_1_5' title="bbox 2237 419 3790 495">
     <span class='ocr_line' id='line_1_5' title="bbox 2237 419 3790 495; baseline -0.003 -17"><span class='ocrx_word' id='word_1_13' title='bbox 2237 425 2497 495; x_wconf 71' lang='grc' dir='ltr'>μέλλοντα</span> <span class='ocrx_word' id='word_1_14' title='bbox 2526 425 2740 479; x_wconf 69' lang='grc' dir='ltr'>κελεύει</span> <span class='ocrx_word' id='word_1_15' title='bbox 2792 426 2880 479; x_wconf 75' lang='grc' dir='ltr'><strong>τδν</strong></span> <span class='ocrx_word' id='word_1_16' title='bbox 2931 425 3179 495; x_wconf 76' lang='grc' dir='ltr'>ψαλτῆρα</span> <span class='ocrx_word' id='word_1_17' title='bbox 3232 421 3540 491; x_wconf 78' lang='grc' dir='ltr'><strong>γινώσκειν,</strong></span> <span class='ocrx_word' id='word_1_18' title='bbox 3582 419 3672 475; x_wconf 71' lang='grc' dir='ltr'>ἵνα</span> <span class='ocrx_word' id='word_1_19' title='bbox 3699 426 3790 474; x_wconf 69' lang='grc' dir='ltr'>καὶ</span> 
     </span>
    </p>
   </div>
   <div class='ocr_carea' id='block_1_6' title="bbox 569 502 2130 591">
    <p class='ocr_par' dir='ltr' id='par_1_6' title="bbox 569 502 2130 591">
     <span class='ocr_line' id='line_1_6' title="bbox 569 502 2130 591; baseline 0.01 -37"><span class='ocrx_word' id='word_1_20' title='bbox 569 502 747 591; x_wconf 61' lang='lat' dir='ltr'><strong>jubet,</strong></span> <span class='ocrx_word' id='word_1_21' title='bbox 777 514 832 557; x_wconf 88' lang='lat' dir='ltr'><strong>ut</strong></span> <span class='ocrx_word' id='word_1_22' title='bbox 859 506 958 558; x_wconf 76' lang='lat' dir='ltr'><strong>hoc</strong></span> <span class='ocrx_word' id='word_1_23' title='bbox 987 517 1146 575; x_wconf 91' lang='lat' dir='ltr'><strong>pacto</strong></span> <span class='ocrx_word' id='word_1_24' title='bbox 1172 509 1239 562; x_wconf 85' lang='lat' dir='ltr'><strong>ab</strong></span> <span class='ocrx_word' id='word_1_25' title='bbox 1268 510 1359 564; x_wconf 90' lang='lat' dir='ltr'><strong>illo</strong></span> <span class='ocrx_word' id='word_1_26' title='bbox 1389 514 1623 583; x_wconf 89' lang='lat' dir='ltr'><strong>populus</strong></span> <span class='ocrx_word' id='word_1_27' title='bbox 1656 528 1876 585; x_wconf 85' lang='lat' dir='ltr'><strong>quoque</strong></span> <span class='ocrx_word' id='word_1_28' title='bbox 1906 516 2130 577; x_wconf 78' lang='lat' dir='ltr'><strong>initiari.</strong></span> 
     </span>
    </p>
   </div>
   <div class='ocr_carea' id='block_1_7' title="bbox 575 595 2130 671">
    <p class='ocr_par' dir='ltr' id='par_1_7' title="bbox 575 595 2130 671">
     <span class='ocr_line' id='line_1_7' title="bbox 575 595 2130 671; baseline 0.01 -24"><span class='ocrx_word' id='word_1_29' title='bbox 575 595 678 647; x_wconf 86' lang='lat' dir='ltr'><strong>hoc</strong></span> <span class='ocrx_word' id='word_1_30' title='bbox 709 602 794 650; x_wconf 86' lang='lat' dir='ltr'><strong>est</strong></span> <span class='ocrx_word' id='word_1_31' title='bbox 817 597 1005 651; x_wconf 85' lang='lat' dir='ltr'><strong>eadem</strong></span> <span class='ocrx_word' id='word_1_32' title='bbox 1054 601 1363 671; x_wconf 79' lang='lat' dir='ltr'><strong>cognitione</strong></span> <span class='ocrx_word' id='word_1_33' title='bbox 1393 604 1560 659; x_wconf 89' lang='lat' dir='ltr'><strong>imbui</strong></span> <span class='ocrx_word' id='word_1_34' title='bbox 1598 607 1790 662; x_wconf 77' lang='lat' dir='ltr'><strong>discat.</strong></span> <span class='ocrx_word' id='word_1_35' title='bbox 1827 608 2130 662; x_wconf 79' lang='lat' dir='ltr'><strong>Examiuari</strong></span> 
     </span>
    </p>
   </div>
   <div class='ocr_carea' id='block_1_8' title="bbox 575 686 2134 765">
    <p class='ocr_par' dir='ltr' id='par_1_8' title="bbox 575 686 2134 765">
     <span class='ocr_line' id='line_1_8' title="bbox 575 686 2134 765; baseline 0.012 -27"><span class='ocrx_word' id='word_1_36' title='bbox 575 701 740 753; x_wconf 91' lang='lat' dir='ltr'><strong>porro</strong></span> <span class='ocrx_word' id='word_1_37' title='bbox 772 686 920 743; x_wconf 89' lang='lat' dir='ltr'><strong>illum</strong></span> <span class='ocrx_word' id='word_1_38' title='bbox 940 690 1054 743; x_wconf 92' lang='lat' dir='ltr'><strong>vult</strong></span> <span class='ocrx_word' id='word_1_39' title='bbox 1077 693 1144 746; x_wconf 88' lang='lat' dir='ltr'><strong>ab</strong></span> <span class='ocrx_word' id='word_1_40' title='bbox 1170 709 1235 748; x_wconf 87' lang='lat' dir='ltr'><strong>eo</strong></span> <span class='ocrx_word' id='word_1_41' title='bbox 1268 710 1296 747; x_wconf 85' lang='lat' dir='ltr'><strong>a</strong></span> <span class='ocrx_word' id='word_1_42' title='bbox 1330 713 1438 764; x_wconf 83' lang='lat' dir='ltr'><strong>quo</strong></span> <span class='ocrx_word' id='word_1_43' title='bbox 1472 700 1864 754; x_wconf 84' lang='lat' dir='ltr'><strong>rcuuutiandus</strong></span> <span class='ocrx_word' id='word_1_44' title='bbox 1889 710 1996 765; x_wconf 88' lang='lat' dir='ltr'><strong>est,</strong></span> <span class='ocrx_word' id='word_1_45' title='bbox 2023 718 2134 757; x_wconf 86' lang='lat' dir='ltr'><strong>me-</strong></span> 
     </span>
    </p>
   </div>
   <div class='ocr_carea' id='block_1_9' title="bbox 572 774 2130 861">
    <p class='ocr_par' dir='ltr' id='par_1_9' title="bbox 572 774 2130 861">
     <span class='ocr_line' id='line_1_9' title="bbox 572 774 2130 861; baseline 0.012 -34"><span class='ocrx_word' id='word_1_46' title='bbox 572 774 928 845; x_wconf 88' lang='lat' dir='ltr'><strong>tropolitano.</strong></span> <span class='ocrx_word' id='word_1_47' title='bbox 958 781 1125 852; x_wconf 72' lang='lat'><strong>288</strong></span> <span class='ocrx_word' id='word_1_48' title='bbox 1146 798 1213 837; x_wconf 89' lang='lat' dir='ltr'><strong>an</strong></span> <span class='ocrx_word' id='word_1_49' title='bbox 1248 800 1438 841; x_wconf 88' lang='lat' dir='ltr'><strong>sacros</strong></span> <span class='ocrx_word' id='word_1_50' title='bbox 1473 804 1733 851; x_wconf 84' lang='lat' dir='ltr'><strong>canones,</strong></span> <span class='ocrx_word' id='word_1_51' title='bbox 1757 789 2130 861; x_wconf 79' lang='lat' dir='ltr'><strong>Evangelium,</strong></span> 
     </span>
    </p>
   </div>
   <div class='ocr_carea' id='block_1_10' title="bbox 569 868 2131 952">
    <p class='ocr_par' dir='ltr' id='par_1_10' title="bbox 569 868 2131 952">
     <span class='ocr_line' id='line_1_10' title="bbox 569 868 2131 952; baseline 0.012 -31"><span class='ocrx_word' id='word_1_52' title='bbox 569 868 813 937; x_wconf 77' lang='lat' dir='ltr'><strong>Apostoli</strong></span> <span class='ocrx_word' id='word_1_53' title='bbox 850 872 1070 936; x_wconf 84' lang='lat' dir='ltr'><strong>librum,</strong></span> <span class='ocrx_word' id='word_1_54' title='bbox 1101 879 1281 931; x_wconf 80' lang='lat' dir='ltr'><strong>omnia</strong></span> <span class='ocrx_word' id='word_1_55' title='bbox 1317 880 1553 949; x_wconf 81' lang='lat' dir='ltr'><strong>denique</strong></span> <span class='ocrx_word' id='word_1_56' title='bbox 1576 883 1776 937; x_wconf 66' lang='lat' dir='ltr'><strong>divinae</strong></span> <span class='ocrx_word' id='word_1_57' title='bbox 1833 883 2131 952; x_wconf 68' lang='lat' dir='ltr'><strong>Scriptura:</strong></span> 
     </span>
    </p>
   </div>
   <div class='ocr_carea' id='block_1_11' title="bbox 568 967 2131 1045">
    <p class='ocr_par' dir='ltr' id='par_1_11' title="bbox 568 967 2131 1045">
     <span class='ocr_line' id='line_1_11' title="bbox 568 967 2131 1045; baseline 0.011 -32"><span class='ocrx_word' id='word_1_58' title='bbox 568 974 926 1018; x_wconf 83' lang='lat' dir='ltr'><strong>monumenta</strong></span> <span class='ocrx_word' id='word_1_59' title='bbox 953 967 1231 1037; x_wconf 82' lang='lat' dir='ltr'><strong>perlegere</strong></span> <span class='ocrx_word' id='word_1_60' title='bbox 1292 971 1443 1026; x_wconf 90' lang='lat' dir='ltr'><strong>velit.</strong></span> <span class='ocrx_word' id='word_1_61' title='bbox 1480 974 1555 1026; x_wconf 84' lang='lat' dir='ltr'><strong>Ac</strong></span> <span class='ocrx_word' id='word_1_62' title='bbox 1589 973 1661 1028; x_wconf 85' lang='lat' dir='ltr'><strong>ita</strong></span> <span class='ocrx_word' id='word_1_63' title='bbox 1707 974 1926 1045; x_wconf 85' lang='lat' dir='ltr'><strong>quidem</strong></span> <span class='ocrx_word' id='word_1_64' title='bbox 1956 977 2131 1045; x_wconf 88' lang='lat' dir='ltr'><strong>perle-</strong></span> 
     </span>
    </p>
   </div>
   <div class='ocr_carea' id='block_1_12' title="bbox 570 1060 2130 1133">
    <p class='ocr_par' dir='ltr' id='par_1_12' title="bbox 570 1060 2130 1133">
     <span class='ocr_line' id='line_1_12' title="bbox 570 1060 2130 1133; baseline 0.008 -24"><span class='ocrx_word' id='word_1_65' title='bbox 570 1068 719 1127; x_wconf 88' lang='lat' dir='ltr'><strong>gere,</strong></span> <span class='ocrx_word' id='word_1_66' title='bbox 746 1065 806 1110; x_wconf 92' lang='lat' dir='ltr'><strong>ut</strong></span> <span class='ocrx_word' id='word_1_67' title='bbox 841 1060 1152 1117; x_wconf 82' lang='lat' dir='ltr'><strong>reconditas</strong></span> <span class='ocrx_word' id='word_1_68' title='bbox 1186 1063 1510 1133; x_wconf 74' lang='lat' dir='ltr'><strong>abditasque</strong></span> <span class='ocrx_word' id='word_1_69' title='bbox 1541 1065 1769 1121; x_wconf 89' lang='lat' dir='ltr'><strong>illorum</strong></span> <span class='ocrx_word' id='word_1_70' title='bbox 1831 1068 2130 1123; x_wconf 80' lang='lat' dir='ltr'><strong>sententias</strong></span> 
     </span>
    </p>
   </div>
   <div class='ocr_carea' id='block_1_13' title="bbox 568 1153 2129 1231">
    <p class='ocr_par' dir='ltr' id='par_1_13' title="bbox 568 1153 2129 1231">
     <span class='ocr_line' id='line_1_13' title="bbox 568 1153 2129 1231; baseline 0.008 -28"><span class='ocrx_word' id='word_1_71' title='bbox 568 1156 864 1214; x_wconf 85' lang='lat' dir='ltr'><strong>scrutetur,</strong></span> <span class='ocrx_word' id='word_1_72' title='bbox 905 1153 1267 1223; x_wconf 86' lang='lat' dir='ltr'><strong>proindeque,</strong></span> <span class='ocrx_word' id='word_1_73' title='bbox 1320 1165 1374 1211; x_wconf 93' lang='lat' dir='ltr'><strong>et</strong></span> <span class='ocrx_word' id='word_1_74' title='bbox 1415 1158 1853 1231; x_wconf 80' lang='lat' dir='ltr'><strong>uniuscujusque</strong></span> <span class='ocrx_word' id='word_1_75' title='bbox 1908 1161 1982 1215; x_wconf 86' lang='lat' dir='ltr'><strong>rei</strong></span> <span class='ocrx_word' id='word_1_76' title='bbox 2044 1176 2129 1214; x_wconf 79' lang='lat' dir='ltr'><strong>ra—</strong></span> 
     </span>
    </p>
   </div>
   <div class='ocr_carea' id='block_1_14' title="bbox 569 1239 2127 1316">
    <p class='ocr_par' dir='ltr' id='par_1_14' title="bbox 569 1239 2127 1316">
     <span class='ocr_line' id='line_1_14' title="bbox 569 1239 2127 1316; baseline 0.006 -25"><span class='ocrx_word' id='word_1_77' title='bbox 569 1239 773 1293; x_wconf 74' lang='lat' dir='ltr'><strong>tioincm</strong></span> <span class='ocrx_word' id='word_1_78' title='bbox 823 1240 1112 1312; x_wconf 76' lang='lat' dir='ltr'><strong>intelligat,</strong></span> <span class='ocrx_word' id='word_1_79' title='bbox 1170 1256 1223 1299; x_wconf 93' lang='lat' dir='ltr'><strong>et</strong></span> <span class='ocrx_word' id='word_1_80' title='bbox 1257 1246 1456 1316; x_wconf 90' lang='lat' dir='ltr'><strong>populo</strong></span> <span class='ocrx_word' id='word_1_81' title='bbox 1507 1248 1611 1303; x_wconf 90' lang='lat' dir='ltr'><strong>sibi</strong></span> <span class='ocrx_word' id='word_1_82' title='bbox 1670 1249 1969 1304; x_wconf 86' lang='lat' dir='ltr'><strong>commisso</strong></span> <span class='ocrx_word' id='word_1_83' title='bbox 2004 1265 2127 1303; x_wconf 87' lang='lat' dir='ltr'><strong>eru-</strong></span> 
     </span>
    </p>
   </div>
   <div class='ocr_carea' id='block_1_15' title="bbox 568 1330 2127 1410">
    <p class='ocr_par' dir='ltr' id='par_1_15' title="bbox 568 1330 2127 1410">
     <span class='ocr_line' id='line_1_15' title="bbox 568 1330 2127 1410; baseline 0.008 -28"><span class='ocrx_word' id='word_1_84' title='bbox 568 1330 768 1386; x_wconf 85' lang='lat' dir='ltr'><strong>diendo</strong></span> <span class='ocrx_word' id='word_1_85' title='bbox 824 1335 896 1387; x_wconf 88' lang='lat' dir='ltr'><strong>sit</strong></span> <span class='ocrx_word' id='word_1_86' title='bbox 970 1334 1246 1399; x_wconf 89' lang='lat' dir='ltr'><strong>idoneus&#39;,</strong></span> <span class='ocrx_word' id='word_1_87' title='bbox 1299 1338 1587 1410; x_wconf 86' lang='lat' dir='ltr'><strong>ipsumque</strong></span> <span class='ocrx_word' id='word_1_88' title='bbox 1660 1342 2127 1408; x_wconf 82' lang='lat' dir='ltr'><strong>interrogantibus</strong></span> 
     </span>
    </p>
   </div>
   <div class='ocr_carea' id='block_1_16' title="bbox 568 1414 2123 1501">
    <p class='ocr_par' dir='ltr' id='par_1_16' title="bbox 568 1414 2123 1501">
     <span class='ocr_line' id='line_1_16' title="bbox 568 1414 2123 1501; baseline 0.008 -26"><span class='ocrx_word' id='word_1_89' title='bbox 568 1424 905 1492; x_wconf 87' lang='lat' dir='ltr'><strong>respondere</strong></span> <span class='ocrx_word' id='word_1_90' title='bbox 970 1435 1233 1495; x_wconf 83' lang='lat' dir='ltr'><strong>paratus;</strong></span> <span class='ocrx_word' id='word_1_91' title='bbox 1279 1414 1436 1497; x_wconf 78' lang='lat' dir='ltr'><strong>juxta</strong></span> <span class='ocrx_word' id='word_1_92' title='bbox 1483 1432 1728 1487; x_wconf 90' lang='lat' dir='ltr'><strong>divinum</strong></span> <span class='ocrx_word' id='word_1_93' title='bbox 1767 1433 2123 1501; x_wconf 84' lang='lat' dir='ltr'><strong>Apostolum,</strong></span> 
     </span>
    </p>
   </div>
   <div class='ocr_carea' id='block_1_17' title="bbox 566 1515 2126 1596">
    <p class='ocr_par' dir='ltr' id='par_1_17' title="bbox 566 1515 2126 1596">
     <span class='ocr_line' id='line_1_17' title="bbox 566 1515 2126 1596; baseline 0.009 -31"><span class='ocrx_word' id='word_1_94' title='bbox 566 1516 662 1584; x_wconf 77' lang='lat' dir='ltr'><strong>qui</strong></span> <span class='ocrx_word' id='word_1_95' title='bbox 705 1515 859 1584; x_wconf 82' lang='lat' dir='ltr'><strong>jubet</strong></span> <span class='ocrx_word' id='word_1_96' title='bbox 892 1517 1100 1583; x_wconf 83' lang='lat' dir='ltr'><strong>iideles,</strong></span> <span class='ocrx_word' id='word_1_97' title='bbox 1134 1530 1352 1590; x_wconf 87' lang='lat' dir='ltr'><strong>paratos</strong></span> <span class='ocrx_word' id='word_1_98' title='bbox 1379 1538 1502 1579; x_wconf 86' lang='lat' dir='ltr'><strong>esse</strong></span> <span class='ocrx_word' id='word_1_99' title='bbox 1536 1540 1751 1596; x_wconf 83' lang='lat' dir='ltr'><strong>semper</strong></span> <span class='ocrx_word' id='word_1_100' title='bbox 1799 1525 2126 1595; x_wconf 83' lang='lat' dir='ltr'><strong>respondere</strong></span> 
     </span>
    </p>
   </div>
   <div class='ocr_carea' id='block_1_18' title="bbox 565 1606 2122 1687">
    <p class='ocr_par' dir='ltr' id='par_1_18' title="bbox 565 1606 2122 1687">
     <span class='ocr_line' id='line_1_18' title="bbox 565 1606 2122 1687; baseline 0.006 -26"><span class='ocrx_word' id='word_1_101' title='bbox 565 1606 715 1663; x_wconf 86' lang='lat' dir='ltr'><strong>omni</strong></span> <span class='ocrx_word' id='word_1_102' title='bbox 771 1609 975 1678; x_wconf 89' lang='lat' dir='ltr'><strong>petenti</strong></span> <span class='ocrx_word' id='word_1_103' title='bbox 1036 1613 1104 1665; x_wconf 84' lang='lat' dir='ltr'><strong>ab</strong></span> <span class='ocrx_word' id='word_1_104' title='bbox 1166 1612 1300 1683; x_wconf 86' lang='lat' dir='ltr'><strong>ipsis</strong></span> <span class='ocrx_word' id='word_1_105' title='bbox 1344 1617 1608 1671; x_wconf 87' lang='lat' dir='ltr'><strong>rationem</strong></span> <span class='ocrx_word' id='word_1_106' title='bbox 1661 1617 1729 1671; x_wconf 85' lang='lat' dir='ltr'><strong>de</strong></span> <span class='ocrx_word' id='word_1_107' title='bbox 1789 1632 1873 1677; x_wconf 80' lang='lat' dir='ltr'><strong>ea,</strong></span> <span class='ocrx_word' id='word_1_108' title='bbox 1909 1632 2029 1687; x_wconf 69' lang='lat' dir='ltr'><strong>qum</strong></span> <span class='ocrx_word' id='word_1_109' title='bbox 2071 1618 2122 1671; x_wconf 93' lang='lat' dir='ltr'><strong>in</strong></span> 
     </span>
    </p>
   </div>
   <div class='ocr_carea' id='block_1_19' title="bbox 566 1699 2123 1779">
    <p class='ocr_par' dir='ltr' id='par_1_19' title="bbox 566 1699 2123 1779">
     <span class='ocr_line' id='line_1_19' title="bbox 566 1699 2123 1779; baseline 0.006 -26"><span class='ocrx_word' id='word_1_110' title='bbox 566 1699 724 1755; x_wconf 86' lang='lat' dir='ltr'><strong>nobis</strong></span> <span class='ocrx_word' id='word_1_111' title='bbox 746 1710 852 1764; x_wconf 86' lang='lat' dir='ltr'><strong>est.</strong></span> <span class='ocrx_word' id='word_1_112' title='bbox 876 1716 1008 1772; x_wconf 89' lang='lat' dir='ltr'><strong>spe:</strong></span> <span class='ocrx_word' id='word_1_113' title='bbox 1044 1718 1150 1758; x_wconf 93' lang='lat' dir='ltr'><strong>non</strong></span> <span class='ocrx_word' id='word_1_114' title='bbox 1178 1715 1358 1762; x_wconf 88' lang='lat' dir='ltr'><strong>autem</strong></span> <span class='ocrx_word' id='word_1_115' title='bbox 1414 1708 1809 1779; x_wconf 83' lang='lat' dir='ltr'><strong>perfunctorie,</strong></span> <span class='ocrx_word' id='word_1_116' title='bbox 1860 1711 1963 1765; x_wconf 85' lang='lat' dir='ltr'><strong>hoc</strong></span> <span class='ocrx_word' id='word_1_117' title='bbox 2013 1720 2123 1779; x_wconf 87' lang='lat' dir='ltr'><strong>est,</strong></span> 
     </span>
    </p>
   </div>
   <div class='ocr_carea' id='block_1_20' title="bbox 2234 514 3792 588">
    <p class='ocr_par' dir='ltr' id='par_1_20' title="bbox 2234 514 3792 588">
     <span class='ocr_line' id='line_1_20' title="bbox 2234 514 3792 588; baseline -0.003 -19"><span class='ocrx_word' id='word_1_118' title='bbox 2234 515 2327 569; x_wconf 83' lang='grc' dir='ltr'>τὸν</span> <span class='ocrx_word' id='word_1_119' title='bbox 2355 518 2556 571; x_wconf 73' lang='grc' dir='ltr'>οἰκεῖον</span> <span class='ocrx_word' id='word_1_120' title='bbox 2599 517 2774 581; x_wconf 76' lang='grc' dir='ltr'>οὕτως</span> <span class='ocrx_word' id='word_1_121' title='bbox 2819 517 3118 588; x_wconf 78' lang='grc' dir='ltr'>ἑκπαιδεύῃ</span> <span class='ocrx_word' id='word_1_122' title='bbox 3184 517 3435 587; x_wconf 73' lang='grc' dir='ltr'><strong>μυεῖσθαι</strong></span> <span class='ocrx_word' id='word_1_123' title='bbox 3477 514 3626 574; x_wconf 71' lang='grc' dir='ltr'>λαὸν,</span> <span class='ocrx_word' id='word_1_124' title='bbox 3668 516 3792 566; x_wconf 79' lang='grc' dir='ltr'>ἀντὶ</span> 
     </span>
    </p>
   </div>
   <div class='ocr_carea' id='block_1_21' title="bbox 2234 604 3795 678">
    <p class='ocr_par' dir='ltr' id='par_1_21' title="bbox 2234 604 3795 678">
     <span class='ocr_line' id='line_1_21' title="bbox 2234 604 3795 678; baseline -0.005 -16"><span class='ocrx_word' id='word_1_125' title='bbox 2234 608 2327 662; x_wconf 81' lang='grc' dir='ltr'>τοῦ</span> <span class='ocrx_word' id='word_1_126' title='bbox 2375 608 2691 677; x_wconf 81' lang='grc' dir='ltr'>μανθάνειν.</span> <span class='ocrx_word' id='word_1_127' title='bbox 2759 607 3170 678; x_wconf 77' lang='grc' dir='ltr'>Ἀνακρίνεσοαι</span> <span class='ocrx_word' id='word_1_128' title='bbox 3222 607 3281 660; x_wconf 84' lang='grc' dir='ltr'>δὲ</span> <span class='ocrx_word' id='word_1_129' title='bbox 3330 605 3579 675; x_wconf 78' lang='grc' dir='ltr'>βούλεται</span> <span class='ocrx_word' id='word_1_130' title='bbox 3624 604 3795 657; x_wconf 76' lang='grc' dir='ltr'>αὐτὸν</span> 
     </span>
    </p>
   </div>
   <div class='ocr_carea' id='block_1_22' title="bbox 2234 698 3797 771">
    <p class='ocr_par' dir='ltr' id='par_1_22' title="bbox 2234 698 3797 771">
     <span class='ocr_line' id='line_1_22' title="bbox 2234 698 3797 771; baseline -0.006 -17"><span class='ocrx_word' id='word_1_131' title='bbox 2234 701 2385 771; x_wconf 89' lang='grc' dir='ltr'><strong>παρά</strong></span> <span class='ocrx_word' id='word_1_132' title='bbox 2424 698 2519 753; x_wconf 82' lang='grc' dir='ltr'><strong>τοῦ</strong></span> <span class='ocrx_word' id='word_1_133' title='bbox 2566 701 2850 771; x_wconf 81' lang='grc' dir='ltr'>μέλλοντος</span> <span class='ocrx_word' id='word_1_134' title='bbox 2883 698 3259 771; x_wconf 78' lang='grc' dir='ltr'><strong>χειροτονῆσαι</strong></span> <span class='ocrx_word' id='word_1_135' title='bbox 3307 698 3469 750; x_wconf 78' lang='grc' dir='ltr'>αὐτὸν</span> <span class='ocrx_word' id='word_1_136' title='bbox 3514 712 3797 766; x_wconf 79' lang='grc' dir='ltr'>μητροπο-</span> 
     </span>
    </p>
   </div>
   <div class='ocr_carea' id='block_1_23' title="bbox 2231 774 3791 861">
    <p class='ocr_par' dir='ltr' id='par_1_23' title="bbox 2231 774 3791 861">
     <span class='ocr_line' id='line_1_23' title="bbox 2231 774 3791 861; baseline -0.004 -16"><span class='ocrx_word' id='word_1_137' title='bbox 2231 792 2401 854; x_wconf 86' lang='grc' dir='ltr'>λίτου,</span> <span class='ocrx_word' id='word_1_138' title='bbox 2436 793 2482 845; x_wconf 83' lang='grc' dir='ltr'>εί</span> <span class='ocrx_word' id='word_1_139' title='bbox 2513 791 2656 845; x_wconf 80' lang='grc' dir='ltr'><strong>θέλει</strong></span> <span class='ocrx_word' id='word_1_140' title='bbox 2700 774 3095 861; x_wconf 61' lang='grc' dir='ltr'>ἀναγινώσκειν</span> <span class='ocrx_word' id='word_1_141' title='bbox 3145 792 3273 853; x_wconf 72' lang='grc' dir='ltr'>τοὺς</span> <span class='ocrx_word' id='word_1_142' title='bbox 3324 791 3502 860; x_wconf 70' lang='grc' dir='ltr'>ίεροῦς</span> <span class='ocrx_word' id='word_1_143' title='bbox 3534 791 3791 851; x_wconf 77' lang='grc' dir='ltr'><strong>κανόνας,</strong></span> 
     </span>
    </p>
   </div>
   <div class='ocr_carea' id='block_1_24' title="bbox 2231 881 3793 954">
    <p class='ocr_par' dir='ltr' id='par_1_24' title="bbox 2231 881 3793 954">
     <span class='ocr_line' id='line_1_24' title="bbox 2231 881 3793 954; baseline -0.003 -17"><span class='ocrx_word' id='word_1_144' title='bbox 2231 884 2291 937; x_wconf 80' lang='grc' dir='ltr'>τὸ</span> <span class='ocrx_word' id='word_1_145' title='bbox 2346 882 2681 953; x_wconf 84' lang='grc' dir='ltr'>Εὗαγγέλιον</span> <span class='ocrx_word' id='word_1_146' title='bbox 2709 923 2725 947; x_wconf 94' lang='grc'><strong>,</strong></span> <span class='ocrx_word' id='word_1_147' title='bbox 2777 885 2876 954; x_wconf 79' lang='grc' dir='ltr'>τὴν</span> <span class='ocrx_word' id='word_1_148' title='bbox 2917 882 3012 936; x_wconf 84' lang='grc' dir='ltr'>τοῦ</span> <span class='ocrx_word' id='word_1_149' title='bbox 3060 881 3385 936; x_wconf 81' lang='grc' dir='ltr'>’Λποστόλου</span> <span class='ocrx_word' id='word_1_150' title='bbox 3435 881 3642 952; x_wconf 73' lang='grc' dir='ltr'>βίϐλον,</span> <span class='ocrx_word' id='word_1_151' title='bbox 3696 881 3793 935; x_wconf 73' lang='grc' dir='ltr'>καὶ</span> 
     </span>
    </p>
   </div>
   <div class='ocr_carea' id='block_1_25' title="bbox 2231 973 3791 1045">
    <p class='ocr_par' dir='ltr' id='par_1_25' title="bbox 2231 973 3791 1045">
     <span class='ocr_line' id='line_1_25' title="bbox 2231 973 3791 1045; baseline -0.001 -18"><span class='ocrx_word' id='word_1_152' title='bbox 2231 976 2413 1028; x_wconf 85' lang='grc' dir='ltr'>πᾶσαν</span> <span class='ocrx_word' id='word_1_153' title='bbox 2444 975 2542 1044; x_wconf 79' lang='grc' dir='ltr'>τὴν</span> <span class='ocrx_word' id='word_1_154' title='bbox 2570 974 2724 1027; x_wconf 92' lang='grc' dir='ltr'>θείαν</span> <span class='ocrx_word' id='word_1_155' title='bbox 2753 976 2995 1045; x_wconf 75' lang='grc' dir='ltr'>Γραφήν.</span> <span class='ocrx_word' id='word_1_156' title='bbox 3021 973 3441 1042; x_wconf 82' lang='grc' dir='ltr'>Ἀναγινώσκειν</span> <span class='ocrx_word' id='word_1_157' title='bbox 3473 973 3531 1027; x_wconf 83' lang='grc' dir='ltr'>δὲ</span> <span class='ocrx_word' id='word_1_158' title='bbox 3563 973 3791 1043; x_wconf 82' lang='grc' dir='ltr'>ἐρευνη-</span> 
     </span>
    </p>
   </div>
   <div class='ocr_carea' id='block_1_26' title="bbox 2230 1062 3793 1131">
    <p class='ocr_par' dir='ltr' id='par_1_26' title="bbox 2230 1062 3793 1131">
     <span class='ocr_line' id='line_1_26' title="bbox 2230 1062 3793 1131; baseline -0.004 -12"><span class='ocrx_word' id='word_1_159' title='bbox 2230 1067 2416 1131; x_wconf 82' lang='grc' dir='ltr'>τικῶς,</span> <span class='ocrx_word' id='word_1_160' title='bbox 2459 1062 2600 1120; x_wconf 81' lang='grc' dir='ltr'>ὥστε</span> <span class='ocrx_word' id='word_1_161' title='bbox 2645 1065 2842 1121; x_wconf 77' lang='grc' dir='ltr'>εἰδέναι</span> <span class='ocrx_word' id='word_1_162' title='bbox 2883 1067 2973 1120; x_wconf 86' lang='grc' dir='ltr'><strong>τδν</strong></span> <span class='ocrx_word' id='word_1_163' title='bbox 2991 1065 3116 1120; x_wconf 75' lang='grc' dir='ltr'>νοῦν</span> <span class='ocrx_word' id='word_1_164' title='bbox 3163 1066 3417 1129; x_wconf 80' lang='grc' dir='ltr'>ἑκάστου,</span> <span class='ocrx_word' id='word_1_165' title='bbox 3464 1063 3561 1118; x_wconf 79' lang='grc' dir='ltr'>καὶ</span> <span class='ocrx_word' id='word_1_166' title='bbox 3605 1065 3793 1116; x_wconf 70' lang='grc' dir='ltr'>ἱκανὸν</span> 
     </span>
    </p>
   </div>
   <div class='ocr_carea' id='block_1_27' title="bbox 2230 1155 3791 1231">
    <p class='ocr_par' dir='ltr' id='par_1_27' title="bbox 2230 1155 3791 1231">
     <span class='ocr_line' id='line_1_27' title="bbox 2230 1155 3791 1231; baseline -0.004 -17"><span class='ocrx_word' id='word_1_167' title='bbox 2230 1158 2370 1214; x_wconf 70' lang='grc' dir='ltr'>εἶναι</span> <span class='ocrx_word' id='word_1_168' title='bbox 2415 1160 2555 1231; x_wconf 79' lang='grc' dir='ltr'>πρὸς</span> <span class='ocrx_word' id='word_1_169' title='bbox 2600 1159 2947 1215; x_wconf 77' lang='grc' dir='ltr'>διδασκαλίαν</span> <span class='ocrx_word' id='word_1_170' title='bbox 2998 1158 3092 1211; x_wconf 83' lang='grc' dir='ltr'><strong>τοῦ</strong></span> <span class='ocrx_word' id='word_1_171' title='bbox 3140 1156 3231 1210; x_wconf 82' lang='grc' dir='ltr'>ὑπ’</span> <span class='ocrx_word' id='word_1_172' title='bbox 3262 1156 3429 1210; x_wconf 75' lang='grc' dir='ltr'>αὐτὸν</span> <span class='ocrx_word' id='word_1_173' title='bbox 3479 1155 3633 1221; x_wconf 78' lang='grc' dir='ltr'>λαοῦ,</span> <span class='ocrx_word' id='word_1_174' title='bbox 3694 1157 3791 1209; x_wconf 74' lang='grc' dir='ltr'><strong>καὶ</strong></span> 
     </span>
    </p>
   </div>
   <div class='ocr_carea' id='block_1_28' title="bbox 2228 1247 3790 1324">
    <p class='ocr_par' dir='ltr' id='par_1_28' title="bbox 2228 1247 3790 1324">
     <span class='ocr_line' id='line_1_28' title="bbox 2228 1247 3790 1324; baseline -0.003 -17"><span class='ocrx_word' id='word_1_175' title='bbox 2228 1253 2448 1321; x_wconf 71' lang='grc' dir='ltr'>ἕτοιμον</span> <span class='ocrx_word' id='word_1_176' title='bbox 2481 1253 2615 1324; x_wconf 60' lang='grc' dir='ltr'>πρὸς</span> <span class='ocrx_word' id='word_1_177' title='bbox 2656 1251 2949 1322; x_wconf 81' lang='grc' dir='ltr'>ἀπόκρισιν</span> <span class='ocrx_word' id='word_1_178' title='bbox 2975 1251 3086 1313; x_wconf 87' lang='grc' dir='ltr'>τοῖς</span> <span class='ocrx_word' id='word_1_179' title='bbox 3126 1248 3405 1319; x_wconf 69' lang='grc' dir='ltr'>ἐρωτῶσιν</span> <span class='ocrx_word' id='word_1_180' title='bbox 3430 1247 3615 1311; x_wconf 78' lang='grc' dir='ltr'>αὑτὸν,</span> <span class='ocrx_word' id='word_1_181' title='bbox 3649 1251 3790 1302; x_wconf 84' lang='grc' dir='ltr'><strong>κατά</strong></span> 
     </span>
    </p>
   </div>
   <div class='ocr_carea' id='block_1_29' title="bbox 2227 1340 3791 1412">
    <p class='ocr_par' dir='ltr' id='par_1_29' title="bbox 2227 1340 3791 1412">
     <span class='ocr_line' id='line_1_29' title="bbox 2227 1340 3791 1412; baseline -0.003 -14"><span class='ocrx_word' id='word_1_182' title='bbox 2227 1346 2319 1399; x_wconf 77' lang='grc' dir='ltr'>τὸν</span> <span class='ocrx_word' id='word_1_183' title='bbox 2366 1345 2509 1398; x_wconf 84' lang='grc' dir='ltr'>θεῖον</span> <span class='ocrx_word' id='word_1_184' title='bbox 2544 1342 2887 1407; x_wconf 85' lang='grc' dir='ltr'>Ἀπόστολον,</span> <span class='ocrx_word' id='word_1_185' title='bbox 2919 1340 3363 1412; x_wconf 81' lang='grc' dir='ltr'>παραγγέλλοντα</span> <span class='ocrx_word' id='word_1_186' title='bbox 3409 1340 3520 1399; x_wconf 78' lang='grc' dir='ltr'>τοῖς</span> <span class='ocrx_word' id='word_1_187' title='bbox 3556 1343 3791 1404; x_wconf 77' lang='grc' dir='ltr'>πιστοῖς,</span> 
     </span>
    </p>
   </div>
   <div class='ocr_carea' id='block_1_30' title="bbox 2228 1430 3791 1507">
    <p class='ocr_par' dir='ltr' id='par_1_30' title="bbox 2228 1430 3791 1507">
     <span class='ocr_line' id='line_1_30' title="bbox 2228 1430 3791 1507; baseline -0.006 -16"><span class='ocrx_word' id='word_1_188' title='bbox 2228 1439 2315 1491; x_wconf 73' lang='grc' dir='ltr'>ἵνα</span> <span class='ocrx_word' id='word_1_189' title='bbox 2365 1439 2580 1507; x_wconf 71' lang='grc' dir='ltr'>ἕτοιμοι</span> <span class='ocrx_word' id='word_1_190' title='bbox 2637 1430 2769 1490; x_wconf 78' lang='grc' dir='ltr'>ὦσιν</span> <span class='ocrx_word' id='word_1_191' title='bbox 2819 1436 2910 1507; x_wconf 69' lang='grc' dir='ltr'>ἀεὶ</span> <span class='ocrx_word' id='word_1_192' title='bbox 2966 1434 3101 1505; x_wconf 81' lang='grc' dir='ltr'>πρὸς</span> <span class='ocrx_word' id='word_1_193' title='bbox 3143 1431 3437 1500; x_wconf 84' lang='grc' dir='ltr'>ἀπολογίαν</span> <span class='ocrx_word' id='word_1_194' title='bbox 3489 1433 3653 1483; x_wconf 75' lang='grc' dir='ltr'>παντὶ</span> <span class='ocrx_word' id='word_1_195' title='bbox 3714 1431 3791 1501; x_wconf 78' lang='grc' dir='ltr'>τῷ</span> 
     </span>
    </p>
   </div>
   <div class='ocr_carea' id='block_1_31' title="bbox 2228 1503 3787 1596">
    <p class='ocr_par' dir='ltr' id='par_1_31' title="bbox 2228 1503 3787 1596">
     <span class='ocr_line' id='line_1_31' title="bbox 2228 1503 3787 1596; baseline -0.004 -12"><span class='ocrx_word' id='word_1_196' title='bbox 2228 1503 2707 1593; x_wconf 17' lang='grc' dir='ltr'>αίτοῦντιῖαὺτοὺς</span> <span class='ocrx_word' id='word_1_197' title='bbox 2747 1503 2905 1595; x_wconf 39' lang='grc' dir='ltr'>λόγον</span> <span class='ocrx_word' id='word_1_198' title='bbox 2945 1503 3074 1596; x_wconf 72' lang='grc' dir='ltr'>περὶ</span> <span class='ocrx_word' id='word_1_199' title='bbox 3118 1524 3220 1595; x_wconf 82' lang='grc' dir='ltr'>τῆς</span> <span class='ocrx_word' id='word_1_200' title='bbox 3264 1526 3323 1577; x_wconf 78' lang='grc' dir='ltr'>ὲν</span> <span class='ocrx_word' id='word_1_201' title='bbox 3369 1525 3501 1593; x_wconf 76' lang='grc' dir='ltr'>ἡμῖν</span> <span class='ocrx_word' id='word_1_202' title='bbox 3544 1524 3787 1585; x_wconf 73' lang='grc' dir='ltr'>ἐλπίδος,</span> 
     </span>
    </p>
   </div>
   <div class='ocr_carea' id='block_1_32' title="bbox 2226 1615 3793 1692">
    <p class='ocr_par' dir='ltr' id='par_1_32' title="bbox 2226 1615 3793 1692">
     <span class='ocr_line' id='line_1_32' title="bbox 2226 1615 3793 1692; baseline -0.004 -18"><span class='ocrx_word' id='word_1_203' title='bbox 2226 1621 2362 1675; x_wconf 86' lang='grc' dir='ltr'><strong>ἀλλά</strong></span> <span class='ocrx_word' id='word_1_204' title='bbox 2414 1620 2487 1692; x_wconf 78' lang='grc' dir='ltr'>μὴ</span> <span class='ocrx_word' id='word_1_205' title='bbox 2538 1617 2983 1691; x_wconf 84' lang='grc' dir='ltr'>παροδευτικῶς,</span> <span class='ocrx_word' id='word_1_206' title='bbox 3051 1618 3219 1686; x_wconf 72' lang='grc' dir='ltr'>ἤγουν</span> <span class='ocrx_word' id='word_1_207' title='bbox 3267 1615 3640 1686; x_wconf 79' lang='grc' dir='ltr'>ἀπροσέκτως,</span> <span class='ocrx_word' id='word_1_208' title='bbox 3696 1618 3793 1668; x_wconf 79' lang='grc' dir='ltr'>καὶ</span> 
     </span>
    </p>
   </div>
   <div class='ocr_carea' id='block_1_33' title="bbox 2229 1707 3792 1785">
    <p class='ocr_par' dir='ltr' id='par_1_33' title="bbox 2229 1707 3792 1785">
     <span class='ocr_line' id='line_1_33' title="bbox 2229 1707 3792 1785; baseline -0.006 -18"><span class='ocrx_word' id='word_1_209' title='bbox 2229 1713 2366 1785; x_wconf 91' lang='grc' dir='ltr'>μόνα</span> <span class='ocrx_word' id='word_1_210' title='bbox 2410 1712 2477 1766; x_wconf 81' lang='grc' dir='ltr'>τὰ</span> <span class='ocrx_word' id='word_1_211' title='bbox 2526 1713 2745 1782; x_wconf 79' lang='grc' dir='ltr'>ῥήματα</span> <span class='ocrx_word' id='word_1_212' title='bbox 2773 1711 3018 1779; x_wconf 82' lang='grc' dir='ltr'>λέγοντα,</span> <span class='ocrx_word' id='word_1_213' title='bbox 3048 1708 3147 1778; x_wconf 79' lang='grc' dir='ltr'>τῆς</span> <span class='ocrx_word' id='word_1_214' title='bbox 3170 1707 3215 1761; x_wconf 84' lang='grc' dir='ltr'>δ’</span> <span class='ocrx_word' id='word_1_215' title='bbox 3242 1707 3449 1770; x_wconf 74' lang='grc' dir='ltr'>ἑννοίας</span> <span class='ocrx_word' id='word_1_216' title='bbox 3492 1708 3565 1777; x_wconf 82' lang='grc' dir='ltr'>μὴ</span> <span class='ocrx_word' id='word_1_217' title='bbox 3617 1724 3792 1775; x_wconf 79' lang='grc' dir='ltr'>προσ-</span> 
     </span>
    </p>
   </div>
   <div class='ocr_carea' id='block_1_34' title="bbox 564 1778 2121 1875">
    <p class='ocr_par' dir='ltr' id='par_1_34' title="bbox 564 1791 2121 1865">
     <span class='ocr_line' id='line_1_34' title="bbox 564 1791 2121 1865; baseline 0.008 -22"><span class='ocrx_word' id='word_1_218' title='bbox 564 1791 702 1846; x_wconf 84' lang='lat' dir='ltr'><strong>alias</strong></span> <span class='ocrx_word' id='word_1_219' title='bbox 724 1808 812 1848; x_wconf 90' lang='lat' dir='ltr'><strong>res</strong></span> <span class='ocrx_word' id='word_1_220' title='bbox 842 1810 1029 1865; x_wconf 86' lang='lat' dir='ltr'><strong>agens.</strong></span> <span class='ocrx_word' id='word_1_221' title='bbox 1057 1808 1109 1852; x_wconf 91' lang='lat' dir='ltr'><strong>et</strong></span> <span class='ocrx_word' id='word_1_222' title='bbox 1138 1800 1319 1854; x_wconf 86' lang='lat' dir='ltr'><strong>verbis</strong></span> <span class='ocrx_word' id='word_1_223' title='bbox 1369 1803 1545 1856; x_wconf 84' lang='lat' dir='ltr'><strong>solum</strong></span> <span class='ocrx_word' id='word_1_224' title='bbox 1610 1802 1906 1858; x_wconf 88' lang='lat' dir='ltr'><strong>recitandis</strong></span> <span class='ocrx_word' id='word_1_225' title='bbox 1962 1818 2121 1858; x_wconf 79' lang='lat' dir='ltr'><strong>occu-</strong></span> 
     </span>
    </p>
   </div>
   <div class='ocr_carea' id='block_1_35' title="bbox 2225 1778 3790 1875">
    <p class='ocr_par' dir='ltr' id='par_1_35' title="bbox 2228 1798 3790 1875">
     <span class='ocr_line' id='line_1_35' title="bbox 2228 1798 3790 1875; baseline -0.008 -13"><span class='ocrx_word' id='word_1_226' title='bbox 2228 1807 2549 1875; x_wconf 86' lang='grc' dir='ltr'>απτόμενον.</span> <span class='ocrx_word' id='word_1_227' title='bbox 2591 1805 2700 1857; x_wconf 75' lang='grc' dir='ltr'><strong>Καὶ</strong></span> <span class='ocrx_word' id='word_1_228' title='bbox 2748 1804 2811 1857; x_wconf 82' lang='grc' dir='ltr'>οὐ</span> <span class='ocrx_word' id='word_1_229' title='bbox 2858 1803 3018 1873; x_wconf 86' lang='grc' dir='ltr'>μόνον</span> <span class='ocrx_word' id='word_1_230' title='bbox 3059 1800 3231 1864; x_wconf 74' lang='grc' dir='ltr'>οὕτως</span> <span class='ocrx_word' id='word_1_231' title='bbox 3268 1798 3658 1865; x_wconf 70' lang='grc' dir='ltr'><strong>ἀναγινώσκειν</strong></span> <span class='ocrx_word' id='word_1_232' title='bbox 3688 1798 3790 1869; x_wconf 86' lang='grc' dir='ltr'>τὴν</span> 
     </span>
    </p>
   </div>
   <div class='ocr_carea' id='block_1_36' title="bbox 562 1885 2125 1965">
    <p class='ocr_par' dir='ltr' id='par_1_36' title="bbox 562 1885 2125 1965">
     <span class='ocr_line' id='line_1_36' title="bbox 562 1885 2125 1965; baseline 0.01 -31"><span class='ocrx_word' id='word_1_233' title='bbox 562 1891 748 1949; x_wconf 86' lang='lat' dir='ltr'><strong>palus,</strong></span> <span class='ocrx_word' id='word_1_234' title='bbox 781 1885 1057 1950; x_wconf 71' lang='lat' dir='ltr'><strong>subiectas</strong></span> <span class='ocrx_word' id='word_1_235' title='bbox 1082 1904 1212 1943; x_wconf 88' lang='lat' dir='ltr'><strong>vero</strong></span> <span class='ocrx_word' id='word_1_236' title='bbox 1236 1894 1537 1947; x_wconf 82' lang='lat' dir='ltr'><strong>sententias</strong></span> <span class='ocrx_word' id='word_1_237' title='bbox 1563 1890 1875 1964; x_wconf 79' lang='lat' dir='ltr'><strong>cognitione</strong></span> <span class='ocrx_word' id='word_1_238' title='bbox 1915 1911 2125 1965; x_wconf 83' lang='lat' dir='ltr'><strong>nequa—</strong></span> 
     </span>
    </p>
   </div>
   <div class='ocr_carea' id='block_1_37' title="bbox 564 1977 2124 2047">
    <p class='ocr_par' dir='ltr' id='par_1_37' title="bbox 564 1977 2124 2047">
     <span class='ocr_line' id='line_1_37' title="bbox 564 1977 2124 2047; baseline 0.009 -21"><span class='ocrx_word' id='word_1_239' title='bbox 564 1989 731 2040; x_wconf 76' lang='lat' dir='ltr'><strong>quam</strong></span> <span class='ocrx_word' id='word_1_240' title='bbox 765 1977 1065 2047; x_wconf 85' lang='lat' dir='ltr'><strong>attingens.</strong></span> <span class='ocrx_word' id='word_1_241' title='bbox 1094 1979 1206 2036; x_wconf 90' lang='lat' dir='ltr'><strong>Nec</strong></span> <span class='ocrx_word' id='word_1_242' title='bbox 1235 1984 1408 2036; x_wconf 90' lang='lat' dir='ltr'><strong>solum</strong></span> <span class='ocrx_word' id='word_1_243' title='bbox 1451 1984 1519 2037; x_wconf 89' lang='lat' dir='ltr'><strong>ab</strong></span> <span class='ocrx_word' id='word_1_244' title='bbox 1546 2000 1612 2039; x_wconf 91' lang='lat' dir='ltr'><strong>eo</strong></span> <span class='ocrx_word' id='word_1_245' title='bbox 1640 2000 1917 2041; x_wconf 89' lang='lat' dir='ltr'><strong>sacrarum</strong></span> <span class='ocrx_word' id='word_1_246' title='bbox 1949 1985 2124 2040; x_wconf 85' lang='lat' dir='ltr'><strong>Litte-</strong></span> 
     </span>
    </p>
   </div>
   <div class='ocr_carea' id='block_1_38' title="bbox 562 2070 2124 2146">
    <p class='ocr_par' dir='ltr' id='par_1_38' title="bbox 562 2070 2124 2146">
     <span class='ocr_line' id='line_1_38' title="bbox 562 2070 2124 2146; baseline 0.007 -25"><span class='ocrx_word' id='word_1_247' title='bbox 562 2080 749 2123; x_wconf 71' lang='lat' dir='ltr'><strong>rarum</strong></span> <span class='ocrx_word' id='word_1_248' title='bbox 780 2070 1041 2137; x_wconf 86' lang='lat' dir='ltr'><strong>studium,</strong></span> <span class='ocrx_word' id='word_1_249' title='bbox 1065 2074 1205 2141; x_wconf 88' lang='lat' dir='ltr'><strong>quod</strong></span> <span class='ocrx_word' id='word_1_250' title='bbox 1260 2076 1522 2141; x_wconf 86' lang='lat' dir='ltr'><strong>diximus,</strong></span> <span class='ocrx_word' id='word_1_251' title='bbox 1567 2078 1833 2146; x_wconf 85' lang='lat' dir='ltr'><strong>postulari</strong></span> <span class='ocrx_word' id='word_1_252' title='bbox 1864 2095 1879 2144; x_wconf 89' lang='lat'><strong>;</strong></span> <span class='ocrx_word' id='word_1_253' title='bbox 1935 2078 2029 2134; x_wconf 90' lang='lat' dir='ltr'><strong>sed</strong></span> <span class='ocrx_word' id='word_1_254' title='bbox 2065 2088 2124 2132; x_wconf 91' lang='lat' dir='ltr'><strong>ut</strong></span> 
     </span>
    </p>
   </div>
   <div class='ocr_carea' id='block_1_39' title="bbox 563 2161 2123 2239">
    <p class='ocr_par' dir='ltr' id='par_1_39' title="bbox 563 2161 2123 2239">
     <span class='ocr_line' id='line_1_39' title="bbox 563 2161 2123 2239; baseline 0.006 -25"><span class='ocrx_word' id='word_1_255' title='bbox 563 2161 728 2232; x_wconf 59' lang='lat' dir='ltr'><strong>vitang</strong></span> <span class='ocrx_word' id='word_1_256' title='bbox 797 2171 1058 2231; x_wconf 71' lang='lat' dir='ltr'><strong>prazterea</strong></span> <span class='ocrx_word' id='word_1_257' title='bbox 1114 2179 1178 2219; x_wconf 87' lang='lat' dir='ltr'><strong>ac</strong></span> <span class='ocrx_word' id='word_1_258' title='bbox 1214 2181 1394 2221; x_wconf 86' lang='lat' dir='ltr'><strong>mores</strong></span> <span class='ocrx_word' id='word_1_259' title='bbox 1446 2167 1512 2221; x_wconf 91' lang='lat' dir='ltr'><strong>ad</strong></span> <span class='ocrx_word' id='word_1_260' title='bbox 1576 2167 1712 2238; x_wconf 85' lang='lat' dir='ltr'><strong>legis</strong></span> <span class='ocrx_word' id='word_1_261' title='bbox 1751 2168 1951 2223; x_wconf 68' lang='lat' dir='ltr'><strong>divinae</strong></span> <span class='ocrx_word' id='word_1_262' title='bbox 1987 2184 2123 2239; x_wconf 70' lang='lat' dir='ltr'><strong>pra:-</strong></span> 
     </span>
    </p>
   </div>
   <div class='ocr_carea' id='block_1_40' title="bbox 561 2250 2123 2331">
    <p class='ocr_par' dir='ltr' id='par_1_40' title="bbox 561 2250 2123 2331">
     <span class='ocr_line' id='line_1_40' title="bbox 561 2250 2123 2331; baseline 0.007 -27"><span class='ocrx_word' id='word_1_263' title='bbox 561 2250 828 2321; x_wconf 86' lang='lat' dir='ltr'><strong>scriptum</strong></span> <span class='ocrx_word' id='word_1_264' title='bbox 906 2268 1270 2325; x_wconf 85' lang='lat' dir='ltr'><strong>normamque</strong></span> <span class='ocrx_word' id='word_1_265' title='bbox 1344 2268 1679 2328; x_wconf 84' lang='lat' dir='ltr'><strong>componat,</strong></span> <span class='ocrx_word' id='word_1_266' title='bbox 1746 2259 1888 2331; x_wconf 72' lang='lat' dir='ltr'><strong>exigi</strong></span> <span class='ocrx_word' id='word_1_267' title='bbox 1948 2264 2123 2331; x_wconf 84' lang='lat' dir='ltr'><strong>placet</strong></span> 
     </span>
    </p>
   </div>
   <div class='ocr_carea' id='block_1_41' title="bbox 563 2344 2120 2422">
    <p class='ocr_par' dir='ltr' id='par_1_41' title="bbox 563 2344 2120 2422">
     <span class='ocr_line' id='line_1_41' title="bbox 563 2344 2120 2422; baseline 0.004 -22"><span class='ocrx_word' id='word_1_268' title='bbox 563 2359 738 2413; x_wconf 87' lang='lat' dir='ltr'><strong>neque</strong></span> <span class='ocrx_word' id='word_1_269' title='bbox 772 2344 823 2399; x_wconf 89' lang='lat' dir='ltr'><strong>id</strong></span> <span class='ocrx_word' id='word_1_270' title='bbox 864 2353 1101 2412; x_wconf 87' lang='lat' dir='ltr'><strong>tantum,</strong></span> <span class='ocrx_word' id='word_1_271' title='bbox 1145 2349 1239 2404; x_wconf 87' lang='lat' dir='ltr'><strong>sed</strong></span> <span class='ocrx_word' id='word_1_272' title='bbox 1288 2357 1347 2403; x_wconf 91' lang='lat' dir='ltr'><strong>ut</strong></span> <span class='ocrx_word' id='word_1_273' title='bbox 1400 2350 1453 2403; x_wconf 92' lang='lat' dir='ltr'><strong>in</strong></span> <span class='ocrx_word' id='word_1_274' title='bbox 1510 2350 1812 2406; x_wconf 91' lang='lat' dir='ltr'><strong>erudiendo</strong></span> <span class='ocrx_word' id='word_1_275' title='bbox 1864 2361 2120 2422; x_wconf 72' lang='lat' dir='ltr'><strong>pra-terea</strong></span> 
     </span>
    </p>
   </div>
   <div class='ocr_carea' id='block_1_42' title="bbox 456 2435 2117 2512">
    <p class='ocr_par' dir='ltr' id='par_1_42' title="bbox 456 2435 2117 2512">
     <span class='ocr_line' id='line_1_42' title="bbox 456 2435 2117 2512; baseline 0.007 -22"><span class='ocrx_word' id='word_1_276' title='bbox 456 2446 459 2447; x_wconf 71' lang='lat'><strong><em>&#39;</em></strong></span> <span class='ocrx_word' id='word_1_277' title='bbox 562 2435 775 2491; x_wconf 89' lang='lat' dir='ltr'><strong>credito</strong></span> <span class='ocrx_word' id='word_1_278' title='bbox 798 2437 904 2491; x_wconf 88' lang='lat' dir='ltr'><strong>sibi</strong></span> <span class='ocrx_word' id='word_1_279' title='bbox 933 2440 1135 2509; x_wconf 91' lang='lat' dir='ltr'><strong>populo</strong></span> <span class='ocrx_word' id='word_1_280' title='bbox 1187 2441 1457 2497; x_wconf 81' lang='lat' dir='ltr'><strong>elaboret.</strong></span> <span class='ocrx_word' id='word_1_281' title='bbox 1522 2442 1662 2497; x_wconf 90' lang='lat' dir='ltr'><strong>Sunt</strong></span> <span class='ocrx_word' id='word_1_282' title='bbox 1711 2444 1912 2498; x_wconf 83' lang='lat' dir='ltr'><strong>etenim</strong></span> <span class='ocrx_word' id='word_1_283' title='bbox 1975 2446 2117 2512; x_wconf 86' lang='lat' dir='ltr'><strong>ejus.</strong></span> 
     </span>
    </p>
   </div>
   <div class='ocr_carea' id='block_1_43' title="bbox 560 2529 2118 2602">
    <p class='ocr_par' dir='ltr' id='par_1_43' title="bbox 560 2529 2118 2602">
     <span class='ocr_line' id='line_1_43' title="bbox 560 2529 2118 2602; baseline 0.004 -19"><span class='ocrx_word' id='word_1_284' title='bbox 560 2542 682 2600; x_wconf 67' lang='lat' dir='ltr'><strong>quae</strong></span> <span class='ocrx_word' id='word_1_285' title='bbox 743 2529 887 2600; x_wconf 88' lang='lat' dir='ltr'><strong>apud</strong></span> <span class='ocrx_word' id='word_1_286' title='bbox 957 2546 1057 2586; x_wconf 89' lang='lat' dir='ltr'><strong>nos</strong></span> <span class='ocrx_word' id='word_1_287' title='bbox 1118 2542 1223 2596; x_wconf 89' lang='lat' dir='ltr'><strong>est,</strong></span> <span class='ocrx_word' id='word_1_288' title='bbox 1276 2533 1599 2590; x_wconf 70' lang='lat' dir='ltr'><strong>hierarcbiaa</strong></span> <span class='ocrx_word' id='word_1_289' title='bbox 1671 2537 2013 2602; x_wconf 83' lang='lat' dir='ltr'><strong>substantia,</strong></span> <span class='ocrx_word' id='word_1_290' title='bbox 2065 2548 2118 2591; x_wconf 91' lang='lat' dir='ltr'><strong>ut</strong></span> 
     </span>
    </p>
   </div>
   <div class='ocr_carea' id='block_1_44' title="bbox 560 2622 2121 2697">
    <p class='ocr_par' dir='ltr' id='par_1_44' title="bbox 560 2622 2121 2697">
     <span class='ocr_line' id='line_1_44' title="bbox 560 2622 2121 2697; baseline 0.003 -20"><span class='ocrx_word' id='word_1_291' title='bbox 560 2636 792 2692; x_wconf 88' lang='lat' dir='ltr'><strong>magnus</strong></span> <span class='ocrx_word' id='word_1_292' title='bbox 852 2622 1149 2693; x_wconf 85' lang='lat' dir='ltr'><strong>Dionysius</strong></span> <span class='ocrx_word' id='word_1_293' title='bbox 1202 2624 1503 2691; x_wconf 82' lang='lat' dir='ltr'><strong>indicavit,</strong></span> <span class='ocrx_word' id='word_1_294' title='bbox 1582 2626 1797 2697; x_wconf 88' lang='lat' dir='ltr'><strong>eloquia</strong></span> <span class='ocrx_word' id='word_1_295' title='bbox 1850 2627 2121 2682; x_wconf 89' lang='lat' dir='ltr'><strong>divinitus</strong></span> 
     </span>
    </p>
   </div>
   <div class='ocr_carea' id='block_1_45' title="bbox 559 2717 2119 2792">
    <p class='ocr_par' dir='ltr' id='par_1_45' title="bbox 559 2717 2119 2792">
     <span class='ocr_line' id='line_1_45' title="bbox 559 2717 2119 2792; baseline 0.005 -23"><span class='ocrx_word' id='word_1_296' title='bbox 559 2718 782 2782; x_wconf 75' lang='lat' dir='ltr'><strong>tradita,</strong></span> <span class='ocrx_word' id='word_1_297' title='bbox 838 2717 943 2772; x_wconf 81' lang='lat' dir='ltr'><strong>hoc.</strong></span> <span class='ocrx_word' id='word_1_298' title='bbox 1001 2726 1111 2781; x_wconf 84' lang='lat' dir='ltr'><strong>est.</strong></span> <span class='ocrx_word' id='word_1_299' title='bbox 1177 2717 1485 2774; x_wconf 88' lang='lat' dir='ltr'><strong>divinarum</strong></span> <span class='ocrx_word' id='word_1_300' title='bbox 1534 2719 1942 2792; x_wconf 85' lang='lat' dir='ltr'><strong>Scripturarum</strong></span> <span class='ocrx_word' id='word_1_301' title='bbox 1992 2736 2119 2777; x_wconf 86' lang='lat' dir='ltr'><strong>vera</strong></span> 
     </span>
    </p>
   </div>
   <div class='ocr_carea' id='block_1_46' title="bbox 556 2808 2120 2882">
    <p class='ocr_par' dir='ltr' id='par_1_46' title="bbox 556 2808 2120 2882">
     <span class='ocr_line' id='line_1_46' title="bbox 556 2808 2120 2882; baseline -0.001 -15"><span class='ocrx_word' id='word_1_302' title='bbox 556 2810 817 2882; x_wconf 74' lang='lat' dir='ltr'><strong>Cognitio.</strong></span> <span class='ocrx_word' id='word_1_303' title='bbox 854 2808 1168 2866; x_wconf 86' lang='lat' dir='ltr'><strong>Substantia</strong></span> <span class='ocrx_word' id='word_1_304' title='bbox 1202 2825 1331 2867; x_wconf 85' lang='lat' dir='ltr'><strong>vero</strong></span> <span class='ocrx_word' id='word_1_305' title='bbox 1364 2812 1687 2868; x_wconf 67' lang='lat' dir='ltr'><strong>hierarchiaa</strong></span> <span class='ocrx_word' id='word_1_306' title='bbox 1734 2814 1915 2869; x_wconf 87' lang='lat' dir='ltr'><strong>divina</strong></span> <span class='ocrx_word' id='word_1_307' title='bbox 1970 2813 2120 2869; x_wconf 84' lang='lat' dir='ltr'><strong>Scri-</strong></span> 
     </span>
    </p>
   </div>
   <div class='ocr_carea' id='block_1_47' title="bbox 556 2901 2119 2976">
    <p class='ocr_par' dir='ltr' id='par_1_47' title="bbox 556 2901 2119 2976">
     <span class='ocr_line' id='line_1_47' title="bbox 556 2901 2119 2976; baseline 0.004 -21"><span class='ocrx_word' id='word_1_308' title='bbox 556 2908 719 2972; x_wconf 89' lang='lat' dir='ltr'><strong>ptura</strong></span> <span class='ocrx_word' id='word_1_309' title='bbox 749 2912 940 2956; x_wconf 88' lang='lat' dir='ltr'><strong>vocata</strong></span> <span class='ocrx_word' id='word_1_310' title='bbox 964 2912 1069 2966; x_wconf 91' lang='lat' dir='ltr'><strong>est,</strong></span> <span class='ocrx_word' id='word_1_311' title='bbox 1094 2903 1239 2972; x_wconf 86' lang='lat' dir='ltr'><strong>quod</strong></span> <span class='ocrx_word' id='word_1_312' title='bbox 1276 2918 1343 2957; x_wconf 78' lang='lat' dir='ltr'><strong>ex</strong></span> <span class='ocrx_word' id='word_1_313' title='bbox 1392 2901 1485 2957; x_wconf 91' lang='lat' dir='ltr'><strong>illa</strong></span> <span class='ocrx_word' id='word_1_314' title='bbox 1545 2905 1801 2959; x_wconf 88' lang='lat' dir='ltr'><strong>nimirum</strong></span> <span class='ocrx_word' id='word_1_315' title='bbox 1834 2913 1945 2959; x_wconf 88' lang='lat' dir='ltr'><strong>tota</strong></span> <span class='ocrx_word' id='word_1_316' title='bbox 1997 2906 2119 2976; x_wconf 86' lang='lat' dir='ltr'><strong>ejus</strong></span> 
     </span>
    </p>
   </div>
   <div class='ocr_carea' id='block_1_48' title="bbox 557 2993 2115 3066">
    <p class='ocr_par' dir='ltr' id='par_1_48' title="bbox 557 2993 2115 3066">
     <span class='ocr_line' id='line_1_48' title="bbox 557 2993 2115 3066; baseline 0.003 -20"><span class='ocrx_word' id='word_1_317' title='bbox 557 2993 879 3049; x_wconf 87' lang='lat' dir='ltr'><strong>constitutio</strong></span> <span class='ocrx_word' id='word_1_318' title='bbox 903 2995 1156 3065; x_wconf 82' lang='lat' dir='ltr'><strong>pendeat.</strong></span> <span class='ocrx_word' id='word_1_319' title='bbox 1195 2995 1268 3051; x_wconf 91' lang='lat' dir='ltr'><strong>De</strong></span> <span class='ocrx_word' id='word_1_320' title='bbox 1316 2995 1625 3051; x_wconf 83' lang='lat' dir='ltr'><strong>substantia</strong></span> <span class='ocrx_word' id='word_1_321' title='bbox 1683 3012 1865 3065; x_wconf 84' lang='lat' dir='ltr'><strong>porro.</strong></span> <span class='ocrx_word' id='word_1_322' title='bbox 1916 2998 1983 3051; x_wconf 90' lang='lat' dir='ltr'><strong>iis</strong></span> <span class='ocrx_word' id='word_1_323' title='bbox 2021 2996 2115 3066; x_wconf 87' lang='lat' dir='ltr'><strong>qui</strong></span> 
     </span>
    </p>
   </div>
   <div class='ocr_carea' id='block_1_49' title="bbox 555 3086 2112 3158">
    <p class='ocr_par' dir='ltr' id='par_1_49' title="bbox 555 3086 2112 3158">
     <span class='ocr_line' id='line_1_49' title="bbox 555 3086 2112 3158; baseline 0.002 -18"><span class='ocrx_word' id='word_1_324' title='bbox 555 3093 711 3141; x_wconf 71' lang='lat' dir='ltr'><strong>extra</strong></span> <span class='ocrx_word' id='word_1_325' title='bbox 764 3097 916 3150; x_wconf 89' lang='lat' dir='ltr'><strong>sunt,</strong></span> <span class='ocrx_word' id='word_1_326' title='bbox 967 3086 1070 3141; x_wconf 88' lang='lat' dir='ltr'><strong>hoc</strong></span> <span class='ocrx_word' id='word_1_327' title='bbox 1125 3094 1370 3156; x_wconf 89' lang='lat' dir='ltr'><strong>tempore</strong></span> <span class='ocrx_word' id='word_1_328' title='bbox 1423 3089 1577 3158; x_wconf 89' lang='lat' dir='ltr'><strong>plura</strong></span> <span class='ocrx_word' id='word_1_329' title='bbox 1633 3090 1816 3145; x_wconf 73' lang='lat' dir='ltr'><strong>dicure</strong></span> <span class='ocrx_word' id='word_1_330' title='bbox 1873 3089 2112 3144; x_wconf 88' lang='lat' dir='ltr'><strong>alienum</strong></span> 
     </span>
    </p>
   </div>
   <div class='ocr_carea' id='block_1_50' title="bbox 556 3174 2116 3249">
    <p class='ocr_par' dir='ltr' id='par_1_50' title="bbox 556 3174 2116 3249">
     <span class='ocr_line' id='line_1_50' title="bbox 556 3174 2116 3249; baseline 0.001 -18"><span class='ocrx_word' id='word_1_331' title='bbox 556 3174 690 3231; x_wconf 85' lang='lat' dir='ltr'><strong>mihi</strong></span> <span class='ocrx_word' id='word_1_332' title='bbox 713 3175 887 3231; x_wconf 88' lang='lat' dir='ltr'><strong>visum</strong></span> <span class='ocrx_word' id='word_1_333' title='bbox 909 3186 1013 3229; x_wconf 79' lang='lat' dir='ltr'><strong>est.</strong></span> <span class='ocrx_word' id='word_1_334' title='bbox 1043 3175 1137 3229; x_wconf 85' lang='lat' dir='ltr'><strong>Vel</strong></span> <span class='ocrx_word' id='word_1_335' title='bbox 1171 3177 1318 3230; x_wconf 89' lang='lat' dir='ltr'><strong>enim</strong></span> <span class='ocrx_word' id='word_1_336' title='bbox 1350 3178 1442 3243; x_wconf 82' lang='lat' dir='ltr'><strong>qui</strong></span> <span class='ocrx_word' id='word_1_337' title='bbox 1474 3193 1532 3233; x_wconf 88' lang='lat' dir='ltr'><strong>se</strong></span> <span class='ocrx_word' id='word_1_338' title='bbox 1582 3179 1646 3232; x_wconf 91' lang='lat' dir='ltr'><strong>ad</strong></span> <span class='ocrx_word' id='word_1_339' title='bbox 1704 3180 2116 3249; x_wconf 72' lang='lat' dir='ltr'><strong>cognoscendos</strong></span> 
     </span>
    </p>
   </div>
   <div class='ocr_carea' id='block_1_51' title="bbox 555 3268 2115 3342">
    <p class='ocr_par' dir='ltr' id='par_1_51' title="bbox 555 3268 2115 3342">
     <span class='ocr_line' id='line_1_51' title="bbox 555 3268 2115 3342; baseline 0.002 -18"><span class='ocrx_word' id='word_1_340' title='bbox 555 3283 795 3325; x_wconf 85' lang='lat' dir='ltr'><strong>canones</strong></span> <span class='ocrx_word' id='word_1_341' title='bbox 823 3270 1109 3323; x_wconf 86' lang='lat' dir='ltr'><strong>contulere</strong></span> <span class='ocrx_word' id='word_1_342' title='bbox 1140 3268 1351 3323; x_wconf 87' lang='lat' dir='ltr'><strong>liberali</strong></span> <span class='ocrx_word' id='word_1_343' title='bbox 1401 3270 1650 3325; x_wconf 83' lang='lat' dir='ltr'><strong>doctrina</strong></span> <span class='ocrx_word' id='word_1_344' title='bbox 1718 3273 1944 3342; x_wconf 79' lang='lat' dir='ltr'><strong>expoliti</strong></span> <span class='ocrx_word' id='word_1_345' title='bbox 1963 3282 2115 3342; x_wconf 92' lang='lat' dir='ltr'><strong>sunt,</strong></span> 
     </span>
    </p>
   </div>
   <div class='ocr_carea' id='block_1_52' title="bbox 552 3362 2114 3436">
    <p class='ocr_par' dir='ltr' id='par_1_52' title="bbox 552 3362 2114 3436">
     <span class='ocr_line' id='line_1_52' title="bbox 552 3362 2114 3436; baseline 0.002 -18"><span class='ocrx_word' id='word_1_346' title='bbox 552 3363 789 3434; x_wconf 80' lang='lat' dir='ltr'><strong>ejusque</strong></span> <span class='ocrx_word' id='word_1_347' title='bbox 834 3362 1234 3428; x_wconf 84' lang='lat' dir='ltr'><strong>deﬁnitionem,</strong></span> <span class='ocrx_word' id='word_1_348' title='bbox 1275 3372 1331 3416; x_wconf 92' lang='lat' dir='ltr'><strong>et</strong></span> <span class='ocrx_word' id='word_1_349' title='bbox 1381 3379 1720 3436; x_wconf 74' lang='lat' dir='ltr'><strong>quzccunqne</strong></span> <span class='ocrx_word' id='word_1_350' title='bbox 1786 3366 1854 3419; x_wconf 93' lang='lat' dir='ltr'><strong>de</strong></span> <span class='ocrx_word' id='word_1_351' title='bbox 1912 3365 2000 3420; x_wconf 89' lang='lat' dir='ltr'><strong>illa</strong></span> <span class='ocrx_word' id='word_1_352' title='bbox 2060 3366 2114 3421; x_wconf 93' lang='lat' dir='ltr'><strong>in</strong></span> 
     </span>
    </p>
   </div>
   <div class='ocr_carea' id='block_1_53' title="bbox 552 3455 2110 3526">
    <p class='ocr_par' dir='ltr' id='par_1_53' title="bbox 552 3455 2110 3526">
     <span class='ocr_line' id='line_1_53' title="bbox 552 3455 2110 3526; baseline -0.001 -15"><span class='ocrx_word' id='word_1_353' title='bbox 552 3456 991 3526; x_wconf 72' lang='lat' dir='ltr'><strong>przedicamentis</strong></span> <span class='ocrx_word' id='word_1_354' title='bbox 1022 3455 1333 3521; x_wconf 89' lang='lat' dir='ltr'><strong>traduntur,</strong></span> <span class='ocrx_word' id='word_1_355' title='bbox 1361 3470 1598 3521; x_wconf 89' lang='lat' dir='ltr'><strong>novere;</strong></span> <span class='ocrx_word' id='word_1_356' title='bbox 1631 3458 1737 3522; x_wconf 90' lang='lat' dir='ltr'><strong>vel,</strong></span> <span class='ocrx_word' id='word_1_357' title='bbox 1773 3456 1817 3511; x_wconf 90' lang='lat' dir='ltr'><strong>si</strong></span> <span class='ocrx_word' id='word_1_358' title='bbox 1844 3456 2110 3525; x_wconf 87' lang='lat' dir='ltr'><strong>politioris</strong></span> 
     </span>
    </p>
   </div>
   <div class='ocr_carea' id='block_1_54' title="bbox 553 3544 2107 3617">
    <p class='ocr_par' dir='ltr' id='par_1_54' title="bbox 553 3544 2107 3617">
     <span class='ocr_line' id='line_1_54' title="bbox 553 3544 2107 3617; baseline 0.001 -17"><span class='ocrx_word' id='word_1_359' title='bbox 553 3545 874 3600; x_wconf 73' lang='lat' dir='ltr'><strong>litteratura:</strong></span> <span class='ocrx_word' id='word_1_360' title='bbox 901 3547 1071 3615; x_wconf 81' lang='lat' dir='ltr'><strong>ignari</strong></span> <span class='ocrx_word' id='word_1_361' title='bbox 1121 3554 1271 3606; x_wconf 84' lang='lat' dir='ltr'><strong>sunt.</strong></span> <span class='ocrx_word' id='word_1_362' title='bbox 1314 3544 1517 3600; x_wconf 82' lang='lat' dir='ltr'><strong>frustra</strong></span> <span class='ocrx_word' id='word_1_363' title='bbox 1571 3545 1705 3608; x_wconf 86' lang='lat' dir='ltr'><strong>illis,</strong></span> <span class='ocrx_word' id='word_1_364' title='bbox 1766 3562 2107 3617; x_wconf 74' lang='lat' dir='ltr'><strong>qumcunque</strong></span> 
     </span>
    </p>
   </div>
   <div class='ocr_carea' id='block_1_55' title="bbox 554 3635 2115 3709">
    <p class='ocr_par' dir='ltr' id='par_1_55' title="bbox 554 3635 2115 3709">
     <span class='ocr_line' id='line_1_55' title="bbox 554 3635 2115 3709; baseline 0.002 -19"><span class='ocrx_word' id='word_1_365' title='bbox 554 3636 659 3690; x_wconf 80' lang='lat' dir='ltr'><strong>hac</strong></span> <span class='ocrx_word' id='word_1_366' title='bbox 685 3635 751 3691; x_wconf 90' lang='lat' dir='ltr'><strong>de</strong></span> <span class='ocrx_word' id='word_1_367' title='bbox 784 3652 842 3691; x_wconf 83' lang='lat' dir='ltr'><strong>re</strong></span> <span class='ocrx_word' id='word_1_368' title='bbox 892 3639 995 3692; x_wconf 75' lang='lat' dir='ltr'><strong>dici</strong></span> <span class='ocrx_word' id='word_1_369' title='bbox 1042 3646 1295 3707; x_wconf 84' lang='lat' dir='ltr'><strong>possunt.</strong></span> <span class='ocrx_word' id='word_1_370' title='bbox 1354 3637 1740 3694; x_wconf 79' lang='lat' dir='ltr'><strong>inculcaveris.</strong></span> <span class='ocrx_word' id='word_1_371' title='bbox 1774 3637 1899 3695; x_wconf 67' lang='lat' dir='ltr'><strong>Haec</strong></span> <span class='ocrx_word' id='word_1_372' title='bbox 1945 3640 2115 3709; x_wconf 85' lang='lat' dir='ltr'><strong>igitur</strong></span> 
     </span>
    </p>
   </div>
   <div class='ocr_carea' id='block_1_56' title="bbox 2227 1889 3784 1967">
    <p class='ocr_par' dir='ltr' id='par_1_56' title="bbox 2227 1889 3784 1967">
     <span class='ocr_line' id='line_1_56' title="bbox 2227 1889 3784 1967; baseline -0.006 -16"><span class='ocrx_word' id='word_1_373' title='bbox 2227 1898 2378 1952; x_wconf 91' lang='grc' dir='ltr'>θείαν</span> <span class='ocrx_word' id='word_1_374' title='bbox 2426 1895 2645 1967; x_wconf 76' lang='grc' dir='ltr'>Γραφὴν</span> <span class='ocrx_word' id='word_1_375' title='bbox 2676 1894 3026 1950; x_wconf 80' lang='grc' dir='ltr'>ἀπαιτεῖσθαι</span> <span class='ocrx_word' id='word_1_376' title='bbox 3072 1893 3256 1958; x_wconf 78' lang='grc' dir='ltr'>αὐτὸν,</span> <span class='ocrx_word' id='word_1_377' title='bbox 3309 1889 3443 1944; x_wconf 84' lang='grc' dir='ltr'><strong>ἀλλά</strong></span> <span class='ocrx_word' id='word_1_378' title='bbox 3497 1889 3592 1943; x_wconf 70' lang='grc' dir='ltr'>καὶ</span> <span class='ocrx_word' id='word_1_379' title='bbox 3642 1891 3784 1942; x_wconf 78' lang='grc' dir='ltr'><strong>κατά</strong></span> 
     </span>
    </p>
   </div>
   <div class='ocr_carea' id='block_1_57' title="bbox 2227 1983 3788 2058">
    <p class='ocr_par' dir='ltr' id='par_1_57' title="bbox 2227 1983 3788 2058">
     <span class='ocr_line' id='line_1_57' title="bbox 2227 1983 3788 2058; baseline -0.007 -13"><span class='ocrx_word' id='word_1_380' title='bbox 2227 1991 2346 2045; x_wconf 82' lang='grc' dir='ltr'>θεῖα</span> <span class='ocrx_word' id='word_1_381' title='bbox 2407 1989 2721 2058; x_wconf 71' lang='grc' dir='ltr'><strong>ἐντάλματα</strong></span> <span class='ocrx_word' id='word_1_382' title='bbox 2770 1986 3208 2058; x_wconf 80' lang='grc' dir='ltr'>ἀναστρέφεσθαι</span> <span class='ocrx_word' id='word_1_383' title='bbox 3269 1984 3366 2037; x_wconf 67' lang='grc' dir='ltr'>καὶ</span> <span class='ocrx_word' id='word_1_384' title='bbox 3428 1983 3579 2053; x_wconf 83' lang='grc' dir='ltr'>βιοῦν</span> <span class='ocrx_word' id='word_1_385' title='bbox 3610 2001 3624 2014; x_wconf 92' lang='grc'>·</span> <span class='ocrx_word' id='word_1_386' title='bbox 3692 1985 3788 2035; x_wconf 71' lang='grc' dir='ltr'>καὶ</span> 
     </span>
    </p>
   </div>
   <div class='ocr_carea' id='block_1_58' title="bbox 2222 2072 3786 2151">
    <p class='ocr_par' dir='ltr' id='par_1_58' title="bbox 2222 2072 3786 2151">
     <span class='ocr_line' id='line_1_58' title="bbox 2222 2072 3786 2151; baseline -0.009 -13"><span class='ocrx_word' id='word_1_387' title='bbox 2222 2083 2341 2138; x_wconf 81' lang='grc' dir='ltr'>οὐδὲ</span> <span class='ocrx_word' id='word_1_388' title='bbox 2370 2082 2527 2136; x_wconf 83' lang='grc' dir='ltr'>τοῦτο</span> <span class='ocrx_word' id='word_1_389' title='bbox 2556 2083 2736 2151; x_wconf 82' lang='grc' dir='ltr'>μόνον,</span> <span class='ocrx_word' id='word_1_390' title='bbox 2767 2079 2904 2133; x_wconf 84' lang='grc' dir='ltr'>ἀλλὰ</span> <span class='ocrx_word' id='word_1_391' title='bbox 2953 2079 3047 2131; x_wconf 68' lang='grc' dir='ltr'>καὶ</span> <span class='ocrx_word' id='word_1_392' title='bbox 3074 2076 3344 2130; x_wconf 73' lang='grc' dir='ltr'>διδάσκειν</span> <span class='ocrx_word' id='word_1_393' title='bbox 3374 2073 3464 2127; x_wconf 78' lang='grc' dir='ltr'><strong>τὸν</strong></span> <span class='ocrx_word' id='word_1_394' title='bbox 3490 2074 3583 2126; x_wconf 77' lang='grc' dir='ltr'><strong>ὑπ’</strong></span> <span class='ocrx_word' id='word_1_395' title='bbox 3622 2072 3786 2126; x_wconf 73' lang='grc' dir='ltr'>αὐτὸν</span> 
     </span>
    </p>
   </div>
   <div class='ocr_carea' id='block_1_59' title="bbox 2222 2165 3787 2243">
    <p class='ocr_par' dir='ltr' id='par_1_59' title="bbox 2222 2165 3787 2243">
     <span class='ocr_line' id='line_1_59' title="bbox 2222 2165 3787 2243; baseline -0.008 -15"><span class='ocrx_word' id='word_1_396' title='bbox 2222 2176 2372 2229; x_wconf 86' lang='grc' dir='ltr'>λαόν.</span> <span class='ocrx_word' id='word_1_397' title='bbox 2432 2174 2603 2228; x_wconf 80' lang='grc' dir='ltr'>Οὗσία</span> <span class='ocrx_word' id='word_1_398' title='bbox 2656 2173 2764 2243; x_wconf 83' lang='grc' dir='ltr'><strong>γὰρ</strong></span> <span class='ocrx_word' id='word_1_399' title='bbox 2823 2172 2923 2240; x_wconf 77' lang='grc' dir='ltr'>τῆς</span> <span class='ocrx_word' id='word_1_400' title='bbox 2996 2169 3119 2222; x_wconf 83' lang='grc' dir='ltr'>καθ’</span> <span class='ocrx_word' id='word_1_401' title='bbox 3174 2170 3319 2236; x_wconf 78' lang='grc' dir='ltr'>ἡμᾶς</span> <span class='ocrx_word' id='word_1_402' title='bbox 3382 2166 3670 2236; x_wconf 83' lang='grc' dir='ltr'>ίεραρχίας</span> <span class='ocrx_word' id='word_1_403' title='bbox 3719 2165 3787 2217; x_wconf 76' lang='grc' dir='ltr'><strong>τά</strong></span> 
     </span>
    </p>
   </div>
   <div class='ocr_carea' id='block_1_60' title="bbox 2224 2255 3787 2337">
    <p class='ocr_par' dir='ltr' id='par_1_60' title="bbox 2224 2255 3787 2337">
     <span class='ocr_line' id='line_1_60' title="bbox 2224 2255 3787 2337; baseline -0.01 -17"><span class='ocrx_word' id='word_1_404' title='bbox 2224 2264 2600 2337; x_wconf 79' lang='grc' dir='ltr'>θεοπαράδοτά</span> <span class='ocrx_word' id='word_1_405' title='bbox 2628 2264 2734 2316; x_wconf 83' lang='grc' dir='ltr'>είσι</span> <span class='ocrx_word' id='word_1_406' title='bbox 2756 2262 2935 2331; x_wconf 81' lang='grc' dir='ltr'>λόγια,</span> <span class='ocrx_word' id='word_1_407' title='bbox 2964 2261 3130 2331; x_wconf 69' lang='grc' dir='ltr'>ἤγουν</span> <span class='ocrx_word' id='word_1_408' title='bbox 3161 2259 3194 2329; x_wconf 76' lang='grc' dir='ltr'>ἡ</span> <span class='ocrx_word' id='word_1_409' title='bbox 3218 2257 3327 2311; x_wconf 78' lang='grc' dir='ltr'>τῶν</span> <span class='ocrx_word' id='word_1_410' title='bbox 3365 2256 3524 2309; x_wconf 83' lang='grc' dir='ltr'>θείων</span> <span class='ocrx_word' id='word_1_411' title='bbox 3554 2255 3787 2324; x_wconf 67' lang='grc' dir='ltr'>Γραφῶν</span> 
     </span>
    </p>
   </div>
   <div class='ocr_carea' id='block_1_61' title="bbox 2221 2347 3786 2427">
    <p class='ocr_par' dir='ltr' id='par_1_61' title="bbox 2221 2347 3786 2427">
     <span class='ocr_line' id='line_1_61' title="bbox 2221 2347 3786 2427; baseline -0.008 -15"><span class='ocrx_word' id='word_1_412' title='bbox 2221 2356 2453 2427; x_wconf 78' lang='grc' dir='ltr'>ἀληθινὴ</span> <span class='ocrx_word' id='word_1_413' title='bbox 2477 2355 2778 2425; x_wconf 67' lang='grc' dir='ltr'>ἐπιστήμη,</span> <span class='ocrx_word' id='word_1_414' title='bbox 2810 2351 2884 2417; x_wconf 84' lang='grc' dir='ltr'><strong>ὡς</strong></span> <span class='ocrx_word' id='word_1_415' title='bbox 2934 2352 2964 2404; x_wconf 83' lang='grc' dir='ltr'><strong>δ</strong></span> <span class='ocrx_word' id='word_1_416' title='bbox 3014 2349 3188 2420; x_wconf 75' lang='grc' dir='ltr'>μέγας</span> <span class='ocrx_word' id='word_1_417' title='bbox 3233 2349 3550 2417; x_wconf 82' lang='grc' dir='ltr'>ἀπεφήνατο</span> <span class='ocrx_word' id='word_1_418' title='bbox 3598 2347 3786 2399; x_wconf 68' lang='grc' dir='ltr'>Διονιίο</span> 
     </span>
    </p>
   </div>
   <div class='ocr_carea' id='block_1_62' title="bbox 2223 2439 3779 2515">
    <p class='ocr_par' dir='ltr' id='par_1_62' title="bbox 2223 2439 3779 2515">
     <span class='ocr_line' id='line_1_62' title="bbox 2223 2439 3779 2515; baseline -0.002 -10"><span class='ocrx_word' id='word_1_419' title='bbox 2223 2469 2359 2514; x_wconf 78' lang='grc' dir='ltr'>σιος.</span> <span class='ocrx_word' id='word_1_420' title='bbox 2398 2448 2569 2503; x_wconf 79' lang='grc' dir='ltr'>Οὐσία</span> <span class='ocrx_word' id='word_1_421' title='bbox 2593 2447 2649 2501; x_wconf 70' lang='grc' dir='ltr'>δὲ</span> <span class='ocrx_word' id='word_1_422' title='bbox 2671 2447 2774 2515; x_wconf 82' lang='grc' dir='ltr'>τῆς</span> <span class='ocrx_word' id='word_1_423' title='bbox 2806 2443 3090 2515; x_wconf 81' lang='grc' dir='ltr'>ῖεραρχίας</span> <span class='ocrx_word' id='word_1_424' title='bbox 3122 2441 3326 2512; x_wconf 72' lang='grc' dir='ltr'>ἐκλήθη</span> <span class='ocrx_word' id='word_1_425' title='bbox 3352 2442 3385 2511; x_wconf 75' lang='grc' dir='ltr'><strong>ἡ</strong></span> <span class='ocrx_word' id='word_1_426' title='bbox 3414 2439 3535 2493; x_wconf 83' lang='grc' dir='ltr'>θεία</span> <span class='ocrx_word' id='word_1_427' title='bbox 3562 2439 3779 2508; x_wconf 76' lang='grc' dir='ltr'>Γραφὴο</span> 
     </span>
    </p>
   </div>
   <div class='ocr_carea' id='block_1_63' title="bbox 2219 2530 3783 2602">
    <p class='ocr_par' dir='ltr' id='par_1_63' title="bbox 2219 2530 3783 2602">
     <span class='ocr_line' id='line_1_63' title="bbox 2219 2530 3783 2602; baseline -0.008 -10"><span class='ocrx_word' id='word_1_428' title='bbox 2219 2539 2295 2602; x_wconf 86' lang='grc' dir='ltr'><strong>ώς</strong></span> <span class='ocrx_word' id='word_1_429' title='bbox 2355 2537 2613 2597; x_wconf 84' lang='grc' dir='ltr'>σύστασις</span> <span class='ocrx_word' id='word_1_430' title='bbox 2652 2533 2875 2601; x_wconf 81' lang='grc' dir='ltr'>ταύτης.</span> <span class='ocrx_word' id='word_1_431' title='bbox 2928 2534 3188 2601; x_wconf 72' lang='grc' dir='ltr'>Ἄκαιρον</span> <span class='ocrx_word' id='word_1_432' title='bbox 3229 2532 3338 2601; x_wconf 82' lang='grc' dir='ltr'>γάρ</span> <span class='ocrx_word' id='word_1_433' title='bbox 3390 2546 3480 2600; x_wconf 89' lang='grc' dir='ltr'><strong>μοι</strong></span> <span class='ocrx_word' id='word_1_434' title='bbox 3530 2530 3783 2598; x_wconf 78' lang='grc' dir='ltr'>κέκριται</span> 
     </span>
    </p>
   </div>
   <div class='ocr_carea' id='block_1_64' title="bbox 2217 2620 3781 2696">
    <p class='ocr_par' dir='ltr' id='par_1_64' title="bbox 2217 2620 3781 2696">
     <span class='ocr_line' id='line_1_64' title="bbox 2217 2620 3781 2696; baseline -0.008 -11"><span class='ocrx_word' id='word_1_435' title='bbox 2217 2630 2282 2685; x_wconf 78' lang='grc' dir='ltr'><strong>τὸ</strong></span> <span class='ocrx_word' id='word_1_436' title='bbox 2324 2629 2485 2683; x_wconf 78' lang='grc' dir='ltr'>πλέον</span> <span class='ocrx_word' id='word_1_437' title='bbox 2533 2628 2708 2681; x_wconf 86' lang='grc' dir='ltr'>είπεῖν</span> <span class='ocrx_word' id='word_1_438' title='bbox 2751 2643 2803 2679; x_wconf 93' lang='grc' dir='ltr'><strong>τι</strong></span> <span class='ocrx_word' id='word_1_439' title='bbox 2830 2625 2959 2696; x_wconf 71' lang='grc' dir='ltr'>περὶ</span> <span class='ocrx_word' id='word_1_440' title='bbox 2988 2623 3175 2686; x_wconf 79' lang='grc' dir='ltr'>οὐσίας</span> <span class='ocrx_word' id='word_1_441' title='bbox 3204 2622 3347 2675; x_wconf 68' lang='grc' dir='ltr'>κατὰ</span> <span class='ocrx_word' id='word_1_442' title='bbox 3371 2623 3499 2684; x_wconf 77' lang='grc' dir='ltr'>τοὺς</span> <span class='ocrx_word' id='word_1_443' title='bbox 3534 2620 3663 2686; x_wconf 70' lang='grc' dir='ltr'><strong>ἔξω.</strong></span> <span class='ocrx_word' id='word_1_444' title='bbox 3710 2621 3781 2674; x_wconf 83' lang='grc' dir='ltr'><strong><em>Ἦ</em></strong></span> 
     </span>
    </p>
   </div>
   <div class='ocr_carea' id='block_1_65' title="bbox 2220 2715 3782 2793">
    <p class='ocr_par' dir='ltr' id='par_1_65' title="bbox 2220 2715 3782 2793">
     <span class='ocr_line' id='line_1_65' title="bbox 2220 2715 3782 2793; baseline -0.007 -17"><span class='ocrx_word' id='word_1_445' title='bbox 2220 2724 2332 2793; x_wconf 84' lang='grc' dir='ltr'><strong>γὰρ</strong></span> <span class='ocrx_word' id='word_1_446' title='bbox 2377 2721 2492 2774; x_wconf 86' lang='grc' dir='ltr'><strong>τῶν</strong></span> <span class='ocrx_word' id='word_1_447' title='bbox 2538 2719 2917 2792; x_wconf 84' lang='grc' dir='ltr'>μετασχόντων</span> <span class='ocrx_word' id='word_1_448' title='bbox 2972 2717 3221 2779; x_wconf 85' lang='grc' dir='ltr'>παιδείας</span> <span class='ocrx_word' id='word_1_449' title='bbox 3277 2716 3326 2767; x_wconf 79' lang='grc' dir='ltr'><strong>οι</strong></span> <span class='ocrx_word' id='word_1_450' title='bbox 3368 2716 3493 2776; x_wconf 78' lang='grc' dir='ltr'>τοὺς</span> <span class='ocrx_word' id='word_1_451' title='bbox 3551 2715 3782 2774; x_wconf 82' lang='grc' dir='ltr'>κανόνας</span> 
     </span>
    </p>
   </div>
   <div class='ocr_carea' id='block_1_66' title="bbox 2225 2805 3781 2887">
    <p class='ocr_par' dir='ltr' id='par_1_66' title="bbox 2225 2805 3781 2887">
     <span class='ocr_line' id='line_1_66' title="bbox 2225 2805 3781 2887; baseline -0.009 -18"><span class='ocrx_word' id='word_1_452' title='bbox 2225 2815 2504 2887; x_wconf 79' lang='grc' dir='ltr'>μετιόντες</span> <span class='ocrx_word' id='word_1_453' title='bbox 2533 2813 2665 2875; x_wconf 68' lang='lat' dir='ltr'><strong>eici,</strong></span> <span class='ocrx_word' id='word_1_454' title='bbox 2694 2812 2788 2865; x_wconf 74' lang='grc' dir='ltr'>καὶ</span> <span class='ocrx_word' id='word_1_455' title='bbox 2814 2811 2989 2865; x_wconf 82' lang='grc' dir='ltr'>οῖδασι</span> <span class='ocrx_word' id='word_1_456' title='bbox 3024 2809 3114 2863; x_wconf 79' lang='grc' dir='ltr'>τὸν</span> <span class='ocrx_word' id='word_1_457' title='bbox 3143 2809 3269 2880; x_wconf 80' lang='grc' dir='ltr'>ὅρον</span> <span class='ocrx_word' id='word_1_458' title='bbox 3296 2807 3524 2868; x_wconf 79' lang='grc' dir='ltr'>ταύτης,</span> <span class='ocrx_word' id='word_1_459' title='bbox 3560 2806 3655 2859; x_wconf 81' lang='grc' dir='ltr'>καὶ</span> <span class='ocrx_word' id='word_1_460' title='bbox 3684 2805 3781 2857; x_wconf 80' lang='grc' dir='ltr'>ὅσα</span> 
     </span>
    </p>
   </div>
   <div class='ocr_carea' id='block_1_67' title="bbox 2219 2898 3777 2978">
    <p class='ocr_par' dir='ltr' id='par_1_67' title="bbox 2219 2898 3777 2978">
     <span class='ocr_line' id='line_1_67' title="bbox 2219 2898 3777 2978; baseline -0.009 -14"><span class='ocrx_word' id='word_1_461' title='bbox 2219 2914 2278 2965; x_wconf 78' lang='grc' dir='ltr'>ὲν</span> <span class='ocrx_word' id='word_1_462' title='bbox 2307 2912 2428 2972; x_wconf 81' lang='grc' dir='ltr'>ταῖς</span> <span class='ocrx_word' id='word_1_463' title='bbox 2453 2906 2808 2978; x_wconf 78' lang='grc' dir='ltr'>κατηγορίαις</span> <span class='ocrx_word' id='word_1_464' title='bbox 2846 2905 2977 2973; x_wconf 72' lang='grc' dir='ltr'>περὶ</span> <span class='ocrx_word' id='word_1_465' title='bbox 3004 2904 3177 2972; x_wconf 83' lang='grc' dir='ltr'>αὐτῆς</span> <span class='ocrx_word' id='word_1_466' title='bbox 3199 2902 3435 2972; x_wconf 81' lang='grc' dir='ltr'>εἴρηται,</span> <span class='ocrx_word' id='word_1_467' title='bbox 3462 2900 3495 2969; x_wconf 80' lang='grc' dir='ltr'>ἢ</span> <span class='ocrx_word' id='word_1_468' title='bbox 3521 2898 3777 2967; x_wconf 76' lang='grc' dir='ltr'>ἄγευστοι</span> 
     </span>
    </p>
   </div>
   <div class='ocr_carea' id='block_1_68' title="bbox 2219 2988 3779 3063">
    <p class='ocr_par' dir='ltr' id='par_1_68' title="bbox 2219 2988 3779 3063">
     <span class='ocr_line' id='line_1_68' title="bbox 2219 2988 3779 3063; baseline -0.009 -10"><span class='ocrx_word' id='word_1_469' title='bbox 2219 3000 2469 3063; x_wconf 85' lang='grc' dir='ltr'>παιδείας</span> <span class='ocrx_word' id='word_1_470' title='bbox 2522 2999 2651 3061; x_wconf 78' lang='grc' dir='ltr'>είσὶ,</span> <span class='ocrx_word' id='word_1_471' title='bbox 2711 2997 2807 3051; x_wconf 78' lang='grc' dir='ltr'>καὶ</span> <span class='ocrx_word' id='word_1_472' title='bbox 2858 2994 3033 3063; x_wconf 78' lang='grc' dir='ltr'>μάτην</span> <span class='ocrx_word' id='word_1_473' title='bbox 3076 2994 3176 3046; x_wconf 84' lang='grc' dir='ltr'>ὅσα</span> <span class='ocrx_word' id='word_1_474' title='bbox 3222 2990 3289 3045; x_wconf 78' lang='grc' dir='ltr'>ἄν</span> <span class='ocrx_word' id='word_1_475' title='bbox 3332 3007 3415 3052; x_wconf 87' lang='grc' dir='ltr'><strong>τις</strong></span> <span class='ocrx_word' id='word_1_476' title='bbox 3455 2991 3602 3042; x_wconf 83' lang='grc' dir='ltr'>εἴποι</span> <span class='ocrx_word' id='word_1_477' title='bbox 3644 2988 3779 3058; x_wconf 72' lang='grc' dir='ltr'>πρὸς</span> 
     </span>
    </p>
   </div>
   <div class='ocr_carea' id='block_1_69' title="bbox 2221 3080 3779 3159">
    <p class='ocr_par' dir='ltr' id='par_1_69' title="bbox 2221 3080 3779 3159">
     <span class='ocr_line' id='line_1_69' title="bbox 2221 3080 3779 3159; baseline -0.011 -13"><span class='ocrx_word' id='word_1_478' title='bbox 2221 3094 2467 3154; x_wconf 74' lang='grc' dir='ltr'>ἐκείνους</span> <span class='ocrx_word' id='word_1_479' title='bbox 2512 3091 2842 3159; x_wconf 84' lang='grc' dir='ltr'>είρήσονται.</span> <span class='ocrx_word' id='word_1_480' title='bbox 2872 3086 2934 3139; x_wconf 83' lang='grc' dir='ltr'><strong>Εί</strong></span> <span class='ocrx_word' id='word_1_481' title='bbox 2969 3085 3070 3155; x_wconf 72' lang='grc' dir='ltr'>μὲν</span> <span class='ocrx_word' id='word_1_482' title='bbox 3105 3080 3199 3138; x_wconf 82' lang='grc' dir='ltr'>οὖν</span> <span class='ocrx_word' id='word_1_483' title='bbox 3231 3082 3407 3135; x_wconf 77' lang='grc' dir='ltr'>ταῦτα</span> <span class='ocrx_word' id='word_1_484' title='bbox 3440 3080 3779 3149; x_wconf 79' lang='grc' dir='ltr'>ὑπισχνεῖται</span> 
     </span>
    </p>
   </div>
   <div class='ocr_carea' id='block_1_70' title="bbox 2224 3170 3777 3249">
    <p class='ocr_par' dir='ltr' id='par_1_70' title="bbox 2224 3170 3777 3249">
     <span class='ocr_line' id='line_1_70' title="bbox 2224 3170 3777 3249; baseline -0.012 -12"><span class='ocrx_word' id='word_1_485' title='bbox 2224 3181 2543 3249; x_wconf 59' lang='grc' dir='ltr'>ποιεῖν,,καὶ</span> <span class='ocrx_word' id='word_1_486' title='bbox 2586 3179 2727 3233; x_wconf 76' lang='grc' dir='ltr'>οὕτω</span> <span class='ocrx_word' id='word_1_487' title='bbox 2758 3176 2928 3248; x_wconf 83' lang='grc' dir='ltr'>βιοῦν,</span> <span class='ocrx_word' id='word_1_488' title='bbox 2970 3176 3063 3229; x_wconf 57' lang='grc' dir='ltr'><strong>καί⁸</strong></span> <span class='ocrx_word' id='word_1_489' title='bbox 3100 3176 3225 3236; x_wconf 76' lang='grc' dir='ltr'>τοὺς</span> <span class='ocrx_word' id='word_1_490' title='bbox 3249 3172 3445 3233; x_wconf 73' lang='grc' dir='ltr'>ἄλλους</span> <span class='ocrx_word' id='word_1_491' title='bbox 3475 3170 3777 3242; x_wconf 74' lang='grc' dir='ltr'>ῥυθμίζειν,</span> 
     </span>
    </p>
   </div>
   <div class='ocr_carea' id='block_1_71' title="bbox 2227 3258 3779 3345">
    <p class='ocr_par' dir='ltr' id='par_1_71' title="bbox 2227 3258 3779 3345">
     <span class='ocr_line' id='line_1_71' title="bbox 2227 3258 3779 3345; baseline -0.011 -17"><span class='ocrx_word' id='word_1_492' title='bbox 2227 3270 2654 3345; x_wconf 86' lang='grc' dir='ltr'>χειροτονεῖσθαι</span> <span class='ocrx_word' id='word_1_493' title='bbox 2687 3268 2848 3322; x_wconf 70' lang='grc' dir='ltr'>αὐτὸν</span> <span class='ocrx_word' id='word_1_494' title='bbox 2886 3265 3203 3319; x_wconf 80' lang='grc' dir='ltr'>κελεύουσιν</span> <span class='ocrx_word' id='word_1_495' title='bbox 3243 3264 3292 3315; x_wconf 82' lang='grc' dir='ltr'>οἱ</span> <span class='ocrx_word' id='word_1_496' title='bbox 3334 3262 3573 3331; x_wconf 80' lang='grc' dir='ltr'>Πατέρες</span> <span class='ocrx_word' id='word_1_497' title='bbox 3599 3276 3617 3292; x_wconf 74' lang='grc' dir='ltr'>σ</span> <span class='ocrx_word' id='word_1_498' title='bbox 3649 3261 3697 3313; x_wconf 88' lang='grc' dir='ltr'><strong>εί</strong></span> <span class='ocrx_word' id='word_1_499' title='bbox 3726 3258 3779 3312; x_wconf 74' lang='grc' dir='ltr'>δὲ</span> 
     </span>
    </p>
   </div>
   <div class='ocr_carea' id='block_1_72' title="bbox 2223 3349 3778 3437">
    <p class='ocr_par' dir='ltr' id='par_1_72' title="bbox 2223 3349 3778 3437">
     <span class='ocr_line' id='line_1_72' title="bbox 2223 3349 3778 3437; baseline -0.014 -16"><span class='ocrx_word' id='word_1_500' title='bbox 2223 3364 2573 3437; x_wconf 77' lang='grc' dir='ltr'>ἀμφιϐάλλοι,</span> <span class='ocrx_word' id='word_1_501' title='bbox 2623 3362 2717 3415; x_wconf 77' lang='grc' dir='ltr'>καὶ</span> <span class='ocrx_word' id='word_1_502' title='bbox 2773 3358 2848 3431; x_wconf 86' lang='grc' dir='ltr'>μὴ</span> <span class='ocrx_word' id='word_1_503' title='bbox 2896 3356 3203 3426; x_wconf 78' lang='grc' dir='ltr'>ἀσμενίζοι,</span> <span class='ocrx_word' id='word_1_504' title='bbox 3258 3354 3380 3405; x_wconf 69' lang='grc' dir='ltr'>ἀντὶ</span> <span class='ocrx_word' id='word_1_505' title='bbox 3423 3350 3519 3404; x_wconf 81' lang='grc' dir='ltr'><strong>τοῦ</strong></span> <span class='ocrx_word' id='word_1_506' title='bbox 3570 3349 3778 3420; x_wconf 77' lang='grc' dir='ltr'>ἀγαπᾷ,</span> 
     </span>
    </p>
   </div>
   <div class='ocr_carea' id='block_1_73' title="bbox 2224 3441 3781 3529">
    <p class='ocr_par' dir='ltr' id='par_1_73' title="bbox 2224 3441 3781 3529">
     <span class='ocr_line' id='line_1_73' title="bbox 2224 3441 3781 3529; baseline -0.012 -18"><span class='ocrx_word' id='word_1_507' title='bbox 2224 3456 2610 3529; x_wconf 74' lang='grc' dir='ltr'>προθυμεῖται,</span> <span class='ocrx_word' id='word_1_508' title='bbox 2654 3452 2800 3506; x_wconf 80' lang='grc' dir='ltr'>οὕτω</span> <span class='ocrx_word' id='word_1_509' title='bbox 2842 3450 3016 3503; x_wconf 87' lang='grc' dir='ltr'>ποιεῖν</span> <span class='ocrx_word' id='word_1_510' title='bbox 3044 3448 3139 3502; x_wconf 72' lang='grc' dir='ltr'>καὶ</span> <span class='ocrx_word' id='word_1_511' title='bbox 3166 3445 3461 3505; x_wconf 80' lang='grc' dir='ltr'>διδάσκειν,</span> <span class='ocrx_word' id='word_1_512' title='bbox 3493 3441 3569 3513; x_wconf 81' lang='grc' dir='ltr'>μὴ</span> <span class='ocrx_word' id='word_1_513' title='bbox 3599 3457 3781 3511; x_wconf 75' lang='grc' dir='ltr'>χειροο</span> 
     </span>
    </p>
   </div>
   <div class='ocr_carea' id='block_1_74' title="bbox 2222 3532 3781 3609">
    <p class='ocr_par' dir='ltr' id='par_1_74' title="bbox 2222 3532 3781 3609">
     <span class='ocr_line' id='line_1_74' title="bbox 2222 3532 3781 3609; baseline -0.01 -10"><span class='ocrx_word' id='word_1_514' title='bbox 2222 3544 2518 3609; x_wconf 82' lang='grc' dir='ltr'>τονεῖσθαι,</span> <span class='ocrx_word' id='word_1_515' title='bbox 2552 3543 2648 3596; x_wconf 69' lang='grc' dir='ltr'>καὶ</span> <span class='ocrx_word' id='word_1_516' title='bbox 2679 3541 2773 3594; x_wconf 65' lang='grc' dir='ltr'><strong>επὶ</strong></span> <span class='ocrx_word' id='word_1_517' title='bbox 2810 3539 3022 3600; x_wconf 77' lang='grc' dir='ltr'>τούτοις</span> <span class='ocrx_word' id='word_1_518' title='bbox 3070 3537 3341 3605; x_wconf 73' lang='grc' dir='ltr'>ἐπάγουσι</span> <span class='ocrx_word' id='word_1_519' title='bbox 3368 3534 3436 3586; x_wconf 84' lang='grc' dir='ltr'><strong>τά</strong></span> <span class='ocrx_word' id='word_1_520' title='bbox 3465 3532 3781 3601; x_wconf 49' lang='grc' dir='ltr'>προεητικά</span> 
     </span>
    </p>
   </div>
   <div class='ocr_carea' id='block_1_75' title="bbox 2222 3637 2461 3707">
    <p class='ocr_par' dir='ltr' id='par_1_75' title="bbox 2222 3637 2461 3707">
     <span class='ocr_line' id='line_1_75' title="bbox 2222 3637 2461 3707; baseline -0.004 -20"><span class='ocrx_word' id='word_1_521' title='bbox 2222 3637 2461 3707; x_wconf 72' lang='grc' dir='ltr'>ῥήματα.</span> 
     </span>
    </p>
   </div>
   <div class='ocr_carea' id='block_1_76' title="bbox 555 3716 3770 3804">
    <p class='ocr_par' dir='ltr' id='par_1_76' title="bbox 555 3716 3770 3804">
     <span class='ocr_line' id='line_1_76' title="bbox 555 3716 3770 3804; baseline -0.006 -19"><span class='ocrx_word' id='word_1_522' title='bbox 555 3730 823 3798; x_wconf 88' lang='lat' dir='ltr'><strong>siquidem</strong></span> <span class='ocrx_word' id='word_1_523' title='bbox 855 3731 1147 3801; x_wconf 85' lang='lat' dir='ltr'><strong>episcopus</strong></span> <span class='ocrx_word' id='word_1_524' title='bbox 1171 3748 1229 3787; x_wconf 88' lang='lat' dir='ltr'><strong>se</strong></span> <span class='ocrx_word' id='word_1_525' title='bbox 1262 3731 1533 3787; x_wconf 83' lang='lat' dir='ltr'><strong>facturum</strong></span> <span class='ocrx_word' id='word_1_526' title='bbox 1605 3733 1855 3803; x_wconf 86' lang='lat' dir='ltr'><strong>recipiat.</strong></span> <span class='ocrx_word' id='word_1_527' title='bbox 1936 3734 2160 3804; x_wconf 87' lang='lat' dir='ltr'><strong>ipseque</strong></span> <span class='ocrx_word' id='word_1_528' title='bbox 2185 3731 2327 3785; x_wconf 86' lang='lat' dir='ltr'><strong>banc</strong></span> <span class='ocrx_word' id='word_1_529' title='bbox 2384 3729 2509 3783; x_wconf 68' lang='lat' dir='ltr'><strong>vitae</strong></span> <span class='ocrx_word' id='word_1_530' title='bbox 2584 3737 2834 3780; x_wconf 84' lang='lat' dir='ltr'><strong>normam</strong></span> <span class='ocrx_word' id='word_1_531' title='bbox 2907 3720 3185 3792; x_wconf 88' lang='lat' dir='ltr'><strong>amplecti,</strong></span> <span class='ocrx_word' id='word_1_532' title='bbox 3251 3732 3363 3774; x_wconf 89' lang='lat' dir='ltr'><strong>tum</strong></span> <span class='ocrx_word' id='word_1_533' title='bbox 3423 3718 3478 3773; x_wconf 92' lang='lat' dir='ltr'><strong>in</strong></span> <span class='ocrx_word' id='word_1_534' title='bbox 3539 3716 3770 3772; x_wconf 78' lang='lat' dir='ltr'><strong>aliorum</strong></span> 
     </span>
    </p>
   </div>
   <div class='ocr_carea' id='block_1_77' title="bbox 554 3808 3771 3897">
    <p class='ocr_par' dir='ltr' id='par_1_77' title="bbox 554 3808 3771 3897">
     <span class='ocr_line' id='line_1_77' title="bbox 554 3808 3771 3897; baseline -0.004 -17"><span class='ocrx_word' id='word_1_535' title='bbox 554 3838 772 3893; x_wconf 84' lang='lat' dir='ltr'><strong>qnoque</strong></span> <span class='ocrx_word' id='word_1_536' title='bbox 821 3824 1062 3880; x_wconf 87' lang='lat' dir='ltr'><strong>moribus</strong></span> <span class='ocrx_word' id='word_1_537' title='bbox 1134 3826 1531 3896; x_wconf 69' lang='lat' dir='ltr'><strong>componendis</strong></span> <span class='ocrx_word' id='word_1_538' title='bbox 1582 3827 1824 3882; x_wconf 85' lang='lat' dir='ltr'><strong>laborem</strong></span> <span class='ocrx_word' id='word_1_539' title='bbox 1885 3828 2164 3897; x_wconf 83' lang='lat' dir='ltr'><strong>suscipere</strong></span> <span class='ocrx_word' id='word_1_540' title='bbox 2201 3840 2307 3880; x_wconf 85' lang='lat' dir='ltr'><strong>non</strong></span> <span class='ocrx_word' id='word_1_541' title='bbox 2372 3829 2605 3883; x_wconf 84' lang='lat' dir='ltr'><strong>recuset,</strong></span> <span class='ocrx_word' id='word_1_542' title='bbox 2667 3832 2790 3873; x_wconf 85' lang='lat' dir='ltr'><strong>eum</strong></span> <span class='ocrx_word' id='word_1_543' title='bbox 2838 3814 3080 3870; x_wconf 89' lang='lat' dir='ltr'><strong>ordinari</strong></span> <span class='ocrx_word' id='word_1_544' title='bbox 3126 3811 3316 3868; x_wconf 84' lang='lat' dir='ltr'><strong>Patres</strong></span> <span class='ocrx_word' id='word_1_545' title='bbox 3391 3811 3629 3881; x_wconf 79' lang='lat' dir='ltr'><strong>iubent:</strong></span> <span class='ocrx_word' id='word_1_546' title='bbox 3689 3808 3771 3863; x_wconf 79' lang='lat' dir='ltr'><strong>sin</strong></span> 
     </span>
    </p>
   </div>
   <div class='ocr_carea' id='block_1_78' title="bbox 553 3902 3827 3989">
    <p class='ocr_par' dir='ltr' id='par_1_78' title="bbox 553 3902 3827 3989">
     <span class='ocr_line' id='line_1_78' title="bbox 553 3902 3827 3989; baseline -0.004 -23"><span class='ocrx_word' id='word_1_547' title='bbox 553 3912 753 3971; x_wconf 89' lang='lat' dir='ltr'><strong>dubius</strong></span> <span class='ocrx_word' id='word_1_548' title='bbox 801 3914 871 3970; x_wconf 86' lang='lat' dir='ltr'><strong>sit</strong></span> <span class='ocrx_word' id='word_1_549' title='bbox 920 3916 1108 3981; x_wconf 85' lang='lat' dir='ltr'><strong>animi,</strong></span> <span class='ocrx_word' id='word_1_550' title='bbox 1151 3926 1206 3973; x_wconf 92' lang='lat' dir='ltr'><strong>et</strong></span> <span class='ocrx_word' id='word_1_551' title='bbox 1279 3933 1387 3972; x_wconf 92' lang='lat' dir='ltr'><strong>non</strong></span> <span class='ocrx_word' id='word_1_552' title='bbox 1444 3918 1676 3974; x_wconf 87' lang='lat' dir='ltr'><strong>libenter</strong></span> <span class='ocrx_word' id='word_1_553' title='bbox 1731 3920 1987 3989; x_wconf 88' lang='lat' dir='ltr'><strong>accipiat,</strong></span> <span class='ocrx_word' id='word_1_554' title='bbox 2052 3921 2155 3973; x_wconf 88' lang='lat' dir='ltr'><strong>hoc</strong></span> <span class='ocrx_word' id='word_1_555' title='bbox 2214 3928 2322 3982; x_wconf 77' lang='lat' dir='ltr'><strong>est,</strong></span> <span class='ocrx_word' id='word_1_556' title='bbox 2380 3922 2546 3981; x_wconf 87' lang='lat' dir='ltr'><strong>amet,</strong></span> <span class='ocrx_word' id='word_1_557' title='bbox 2585 3920 2639 3966; x_wconf 90' lang='lat' dir='ltr'><strong>et</strong></span> <span class='ocrx_word' id='word_1_558' title='bbox 2688 3916 2941 3979; x_wconf 88' lang='lat' dir='ltr'><strong>prompto</strong></span> <span class='ocrx_word' id='word_1_559' title='bbox 2995 3907 3071 3963; x_wconf 89' lang='lat' dir='ltr'><strong>sit</strong></span> <span class='ocrx_word' id='word_1_560' title='bbox 3113 3905 3297 3961; x_wconf 85' lang='lat' dir='ltr'><strong>animo</strong></span> <span class='ocrx_word' id='word_1_561' title='bbox 3348 3904 3422 3960; x_wconf 79' lang='lat' dir='ltr'><strong>ita</strong></span> <span class='ocrx_word' id='word_1_562' title='bbox 3476 3902 3661 3959; x_wconf 80' lang='lat' dir='ltr'><strong>facere</strong></span> <span class='ocrx_word' id='word_1_563' title='bbox 3720 3909 3774 3955; x_wconf 88' lang='lat' dir='ltr'><strong>et</strong></span> <span class='ocrx_word' id='word_1_564' title='bbox 3818 3968 3827 3978; x_wconf 34' lang='grc' dir='ltr'><strong><em>ο</em></strong></span> 
     </span>
    </p>
   </div>
   <div class='ocr_carea' id='block_1_79' title="bbox 553 4007 2467 4083">
    <p class='ocr_par' dir='ltr' id='par_1_79' title="bbox 553 4007 2467 4083">
     <span class='ocr_line' id='line_1_79' title="bbox 553 4007 2467 4083; baseline 0.002 -25"><span class='ocrx_word' id='word_1_565' title='bbox 553 4008 767 4067; x_wconf 85' lang='lat' dir='ltr'><strong>docere.</strong></span> <span class='ocrx_word' id='word_1_566' title='bbox 800 4022 905 4081; x_wconf 87' lang='lat' dir='ltr'><strong>non</strong></span> <span class='ocrx_word' id='word_1_567' title='bbox 938 4008 1202 4064; x_wconf 86' lang='lat' dir='ltr'><strong>ordinari.</strong></span> <span class='ocrx_word' id='word_1_568' title='bbox 1238 4007 1333 4065; x_wconf 87' lang='lat' dir='ltr'><strong>llis</strong></span> <span class='ocrx_word' id='word_1_569' title='bbox 1360 4020 1618 4080; x_wconf 71' lang='lat' dir='ltr'><strong>pneterea</strong></span> <span class='ocrx_word' id='word_1_570' title='bbox 1648 4010 1924 4083; x_wconf 72' lang='lat' dir='ltr'><strong>prepbetae</strong></span> <span class='ocrx_word' id='word_1_571' title='bbox 1948 4013 2108 4068; x_wconf 72' lang='lat' dir='ltr'><strong>verba</strong></span> <span class='ocrx_word' id='word_1_572' title='bbox 2142 4009 2467 4080; x_wconf 83' lang='lat' dir='ltr'><strong>subjiciunt.</strong></span> 
     </span>
    </p>
   </div>
   <div class='ocr_carea' id='block_1_80' title="bbox 542 4139 2112 4215">
    <p class='ocr_par' dir='ltr' id='par_1_80' title="bbox 542 4139 2112 4215">
     <span class='ocr_line' id='line_1_80' title="bbox 542 4139 2112 4215; baseline 0.003 -22"><span class='ocrx_word' id='word_1_573' title='bbox 542 4139 780 4203; x_wconf 25' lang='lat' dir='ltr'><strong>.ARIS&#39;I‘.</strong></span> <span class='ocrx_word' id='word_1_574' title='bbox 833 4160 852 4193; x_wconf 78' lang='grc' dir='ltr'><strong>ι</strong></span> <span class='ocrx_word' id='word_1_575' title='bbox 890 4141 991 4208; x_wconf 84' lang='lat' dir='ltr'><strong>Qui</strong></span> <span class='ocrx_word' id='word_1_576' title='bbox 1028 4142 1245 4199; x_wconf 79' lang='lat' dir='ltr'><strong>futurus</strong></span> <span class='ocrx_word' id='word_1_577' title='bbox 1295 4152 1381 4199; x_wconf 88' lang='lat' dir='ltr'><strong>est</strong></span> <span class='ocrx_word' id='word_1_578' title='bbox 1433 4142 1743 4215; x_wconf 87' lang='lat' dir='ltr'><strong>episcopus,</strong></span> <span class='ocrx_word' id='word_1_579' title='bbox 1784 4144 2112 4201; x_wconf 84' lang='lat' dir='ltr'><strong>Psalterium</strong></span> 
     </span>
    </p>
   </div>
   <div class='ocr_carea' id='block_1_81' title="bbox 632 4234 2113 4307">
    <p class='ocr_par' dir='ltr' id='par_1_81' title="bbox 632 4234 2113 4307">
     <span class='ocr_line' id='line_1_81' title="bbox 632 4234 2113 4307; baseline 0.001 -20"><span class='ocrx_word' id='word_1_580' title='bbox 632 4254 654 4287; x_wconf 80' lang='grc' dir='ltr'><strong>ι</strong></span> <span class='ocrx_word' id='word_1_581' title='bbox 688 4243 915 4291; x_wconf 86' lang='lat' dir='ltr'><strong>noscat:</strong></span> <span class='ocrx_word' id='word_1_582' title='bbox 961 4245 1276 4305; x_wconf 78' lang='lat' dir='ltr'><strong>pernoscat,</strong></span> <span class='ocrx_word' id='word_1_583' title='bbox 1311 4234 1458 4303; x_wconf 89' lang='lat' dir='ltr'><strong>quod</strong></span> <span class='ocrx_word' id='word_1_584' title='bbox 1516 4235 1668 4307; x_wconf 86' lang='lat' dir='ltr'><strong>legit,</strong></span> <span class='ocrx_word' id='word_1_585' title='bbox 1699 4250 1809 4295; x_wconf 86' lang='lat' dir='ltr'><strong>non</strong></span> <span class='ocrx_word' id='word_1_586' title='bbox 1849 4235 2113 4305; x_wconf 90' lang='lat' dir='ltr'><strong>simplici-</strong></span> 
     </span>
    </p>
   </div>
   <div class='ocr_carea' id='block_1_82' title="bbox 628 4327 2112 4397">
    <p class='ocr_par' dir='ltr' id='par_1_82' title="bbox 628 4327 2112 4397">
     <span class='ocr_line' id='line_1_82' title="bbox 628 4327 2112 4397; baseline 0 -15"><span class='ocrx_word' id='word_1_587' title='bbox 628 4348 648 4382; x_wconf 75' lang='grc' dir='ltr'><strong>ι</strong></span> <span class='ocrx_word' id='word_1_588' title='bbox 686 4337 793 4391; x_wconf 88' lang='lat' dir='ltr'><strong>ter.</strong></span> <span class='ocrx_word' id='word_1_589' title='bbox 816 4328 910 4383; x_wconf 88' lang='lat' dir='ltr'><strong>sed</strong></span> <span class='ocrx_word' id='word_1_590' title='bbox 952 4342 1077 4383; x_wconf 91' lang='lat' dir='ltr'><strong>cum</strong></span> <span class='ocrx_word' id='word_1_591' title='bbox 1109 4327 1563 4397; x_wconf 87' lang='lat' dir='ltr'><strong>perscrutatione,</strong></span> <span class='ocrx_word' id='word_1_592' title='bbox 1611 4342 1802 4384; x_wconf 86' lang='lat' dir='ltr'><strong>sacros</strong></span> <span class='ocrx_word' id='word_1_593' title='bbox 1854 4332 2112 4391; x_wconf 85' lang='lat' dir='ltr'><strong>canones,</strong></span> 
     </span>
    </p>
   </div>
   <div class='ocr_carea' id='block_1_83' title="bbox 628 4416 2114 4491">
    <p class='ocr_par' dir='ltr' id='par_1_83' title="bbox 628 4416 2114 4491">
     <span class='ocr_line' id='line_1_83' title="bbox 628 4416 2114 4491; baseline -0.001 -19"><span class='ocrx_word' id='word_1_594' title='bbox 628 4438 648 4472; x_wconf 76' lang='grc' dir='ltr'><strong>ι</strong></span> <span class='ocrx_word' id='word_1_595' title='bbox 685 4425 936 4473; x_wconf 88' lang='lat' dir='ltr'><strong>sanctum</strong></span> <span class='ocrx_word' id='word_1_596' title='bbox 1000 4416 1351 4491; x_wconf 74' lang='lat' dir='ltr'><strong>Evangelium</strong></span> <span class='ocrx_word' id='word_1_597' title='bbox 1383 4456 1399 4482; x_wconf 93' lang='lat'><strong>,</strong></span> <span class='ocrx_word' id='word_1_598' title='bbox 1452 4416 1700 4486; x_wconf 82' lang='lat' dir='ltr'><strong>Apostoli</strong></span> <span class='ocrx_word' id='word_1_599' title='bbox 1767 4416 2007 4481; x_wconf 89' lang='lat' dir='ltr'><strong>librum,</strong></span> <span class='ocrx_word' id='word_1_600' title='bbox 2058 4427 2114 4471; x_wconf 80' lang='lat' dir='ltr'><strong>et</strong></span> 
     </span>
    </p>
   </div>
   <div class='ocr_carea' id='block_1_84' title="bbox 630 4507 2110 4577">
    <p class='ocr_par' dir='ltr' id='par_1_84' title="bbox 630 4507 2110 4577">
     <span class='ocr_line' id='line_1_84' title="bbox 630 4507 2110 4577; baseline -0.002 -12"><span class='ocrx_word' id='word_1_601' title='bbox 630 4529 650 4565; x_wconf 78' lang='grc' dir='ltr'><strong>ι</strong></span> <span class='ocrx_word' id='word_1_602' title='bbox 681 4507 923 4565; x_wconf 89' lang='lat' dir='ltr'><strong>divinam</strong></span> <span class='ocrx_word' id='word_1_603' title='bbox 976 4507 1316 4577; x_wconf 86' lang='lat' dir='ltr'><strong>Scripturam</strong></span> <span class='ocrx_word' id='word_1_604' title='bbox 1387 4507 1734 4565; x_wconf 84' lang='lat' dir='ltr'><strong>universam:</strong></span> <span class='ocrx_word' id='word_1_605' title='bbox 1768 4507 1854 4563; x_wconf 91' lang='lat' dir='ltr'><strong>sin</strong></span> <span class='ocrx_word' id='word_1_606' title='bbox 1904 4507 2110 4570; x_wconf 87' lang='lat' dir='ltr'><strong>minus.</strong></span> 
     </span>
    </p>
   </div>
   <div class='ocr_carea' id='block_1_85' title="bbox 627 4599 1083 4656">
    <p class='ocr_par' dir='ltr' id='par_1_85' title="bbox 627 4599 1083 4656">
     <span class='ocr_line' id='line_1_85' title="bbox 627 4599 1083 4656; baseline 0.002 -3"><span class='ocrx_word' id='word_1_607' title='bbox 627 4619 646 4653; x_wconf 79' lang='grc' dir='ltr'><strong>ι</strong></span> <span class='ocrx_word' id='word_1_608' title='bbox 686 4616 753 4656; x_wconf 91' lang='lat' dir='ltr'><strong>ne</strong></span> <span class='ocrx_word' id='word_1_609' title='bbox 780 4599 1083 4656; x_wconf 85' lang='lat' dir='ltr'><strong>ordinetur.</strong></span> 
     </span>
    </p>
   </div>
   <div class='ocr_carea' id='block_1_86' title="bbox 2218 4135 3778 4211">
    <p class='ocr_par' dir='ltr' id='par_1_86' title="bbox 2218 4135 3778 4211">
     <span class='ocr_line' id='line_1_86' title="bbox 2218 4135 3778 4211; baseline -0.011 -9"><span class='ocrx_word' id='word_1_610' title='bbox 2218 4145 2439 4202; x_wconf 84' lang='grc' dir='ltr'><strong>ΔΡΙΣΤ.</strong></span> <span class='ocrx_word' id='word_1_611' title='bbox 2506 4163 2525 4196; x_wconf 75' lang='grc' dir='ltr'><strong>ι</strong></span> <span class='ocrx_word' id='word_1_612' title='bbox 2575 4144 2635 4196; x_wconf 81' lang='lat'><strong>&quot;0</strong></span> <span class='ocrx_word' id='word_1_613' title='bbox 2693 4139 3057 4211; x_wconf 83' lang='grc' dir='ltr'>γενησόμενος</span> <span class='ocrx_word' id='word_1_614' title='bbox 3112 4135 3778 4203; x_wconf 83' lang='grc' dir='ltr'>επισκοπος,γινωσκέτω</span> 
     </span>
    </p>
   </div>
   <div class='ocr_carea' id='block_1_87' title="bbox 2296 4226 3778 4308">
    <p class='ocr_par' dir='ltr' id='par_1_87' title="bbox 2296 4226 3778 4308">
     <span class='ocr_line' id='line_1_87' title="bbox 2296 4226 3778 4308; baseline -0.009 -16"><span class='ocrx_word' id='word_1_615' title='bbox 2296 4258 2314 4292; x_wconf 79' lang='grc' dir='ltr'><strong>ι</strong></span> <span class='ocrx_word' id='word_1_616' title='bbox 2357 4238 2417 4295; x_wconf 73' lang='grc' dir='ltr'>τὸ</span> <span class='ocrx_word' id='word_1_617' title='bbox 2445 4235 2757 4308; x_wconf 79' lang='grc' dir='ltr'>Ψαλτήριον</span> <span class='ocrx_word' id='word_1_618' title='bbox 2782 4251 2797 4266; x_wconf 76' lang='grc'><em>”</em></span> <span class='ocrx_word' id='word_1_619' title='bbox 2822 4230 3231 4301; x_wconf 72' lang='grc' dir='ltr'>διαγινωσκέτω</span> <span class='ocrx_word' id='word_1_620' title='bbox 3282 4230 3364 4282; x_wconf 84' lang='grc' dir='ltr'>ὅτι</span> <span class='ocrx_word' id='word_1_621' title='bbox 3417 4226 3778 4295; x_wconf 78' lang='grc' dir='ltr'>ἀναγινώσκει</span> 
     </span>
    </p>
   </div>
   <div class='ocr_carea' id='block_1_88' title="bbox 2294 4320 3774 4402">
    <p class='ocr_par' dir='ltr' id='par_1_88' title="bbox 2294 4320 3774 4402">
     <span class='ocr_line' id='line_1_88' title="bbox 2294 4320 3774 4402; baseline -0.011 -16"><span class='ocrx_word' id='word_1_622' title='bbox 2294 4354 2313 4385; x_wconf 75' lang='grc' dir='ltr'><strong>ι</strong></span> <span class='ocrx_word' id='word_1_623' title='bbox 2354 4332 2453 4402; x_wconf 79' lang='grc' dir='ltr'>οὐχ</span> <span class='ocrx_word' id='word_1_624' title='bbox 2490 4330 2699 4394; x_wconf 79' lang='grc' dir='ltr'>ἁπλῶς,</span> <span class='ocrx_word' id='word_1_625' title='bbox 2737 4326 2854 4380; x_wconf 80' lang='grc' dir='ltr'>ἀλλ’</span> <span class='ocrx_word' id='word_1_626' title='bbox 2879 4322 3266 4396; x_wconf 81' lang='grc' dir='ltr'>ὲρευνητικῶς,</span> <span class='ocrx_word' id='word_1_627' title='bbox 3296 4322 3425 4383; x_wconf 69' lang='grc' dir='ltr'>τοὺς</span> <span class='ocrx_word' id='word_1_628' title='bbox 3463 4320 3643 4389; x_wconf 77' lang='grc' dir='ltr'>ἱεροὺς</span> <span class='ocrx_word' id='word_1_629' title='bbox 3678 4335 3774 4371; x_wconf 84' lang='grc' dir='ltr'>κα-</span> 
     </span>
    </p>
   </div>
   <div class='ocr_carea' id='block_1_89' title="bbox 2297 4409 3777 4488">
    <p class='ocr_par' dir='ltr' id='par_1_89' title="bbox 2297 4409 3777 4488">
     <span class='ocr_line' id='line_1_89' title="bbox 2297 4409 3777 4488; baseline -0.009 -12"><span class='ocrx_word' id='word_1_630' title='bbox 2297 4444 2315 4476; x_wconf 85' lang='grc' dir='ltr'><strong>ι</strong></span> <span class='ocrx_word' id='word_1_631' title='bbox 2356 4423 2534 4486; x_wconf 83' lang='grc' dir='ltr'>νόνας.</span> <span class='ocrx_word' id='word_1_632' title='bbox 2570 4420 2631 4475; x_wconf 77' lang='grc' dir='ltr'>τὸ</span> <span class='ocrx_word' id='word_1_633' title='bbox 2680 4420 2836 4488; x_wconf 75' lang='grc' dir='ltr'>ἅγιον</span> <span class='ocrx_word' id='word_1_634' title='bbox 2871 4415 3225 4483; x_wconf 82' lang='grc' dir='ltr'>Εὐαγγέλιον,</span> <span class='ocrx_word' id='word_1_635' title='bbox 3257 4413 3356 4482; x_wconf 84' lang='grc' dir='ltr'>τὴν</span> <span class='ocrx_word' id='word_1_636' title='bbox 3385 4411 3478 4465; x_wconf 81' lang='grc' dir='ltr'>τοῦ</span> <span class='ocrx_word' id='word_1_637' title='bbox 3520 4409 3777 4466; x_wconf 80' lang='grc' dir='ltr'>Ἀποστό·</span> 
     </span>
    </p>
   </div>
   <div class='ocr_carea' id='block_1_90' title="bbox 2294 4500 3782 4586">
    <p class='ocr_par' dir='ltr' id='par_1_90' title="bbox 2294 4500 3782 4586">
     <span class='ocr_line' id='line_1_90' title="bbox 2294 4500 3782 4586; baseline -0.01 -17"><span class='ocrx_word' id='word_1_638' title='bbox 2294 4536 2313 4569; x_wconf 82' lang='grc' dir='ltr'><strong>ι</strong></span> <span class='ocrx_word' id='word_1_639' title='bbox 2354 4517 2447 4569; x_wconf 85' lang='grc' dir='ltr'><strong>λου</strong></span> <span class='ocrx_word' id='word_1_640' title='bbox 2480 4514 2680 4586; x_wconf 73' lang='grc' dir='ltr'>βίϐλον,</span> <span class='ocrx_word' id='word_1_641' title='bbox 2715 4512 2809 4566; x_wconf 81' lang='grc' dir='ltr'><strong>καὶ</strong></span> <span class='ocrx_word' id='word_1_642' title='bbox 2836 4511 3020 4562; x_wconf 78' lang='grc' dir='ltr'>πᾶσαν</span> <span class='ocrx_word' id='word_1_643' title='bbox 3041 4508 3139 4574; x_wconf 76' lang='grc' dir='ltr'>τὴν</span> <span class='ocrx_word' id='word_1_644' title='bbox 3164 4505 3313 4559; x_wconf 80' lang='grc' dir='ltr'>θείαν</span> <span class='ocrx_word' id='word_1_645' title='bbox 3344 4502 3571 4575; x_wconf 76' lang='grc' dir='ltr'>Γραφήν</span> <span class='ocrx_word' id='word_1_646' title='bbox 3598 4519 3616 4535; x_wconf 91' lang='grc'><strong>·</strong></span> <span class='ocrx_word' id='word_1_647' title='bbox 3648 4502 3696 4555; x_wconf 88' lang='grc' dir='ltr'><strong>εί</strong></span> <span class='ocrx_word' id='word_1_648' title='bbox 3726 4500 3782 4554; x_wconf 76' lang='grc' dir='ltr'>δι</span> 
     </span>
    </p>
   </div>
   <div class='ocr_carea' id='block_1_91' title="bbox 2294 4600 3081 4679">
    <p class='ocr_par' dir='ltr' id='par_1_91' title="bbox 2294 4600 3081 4679">
     <span class='ocr_line' id='line_1_91' title="bbox 2294 4600 3081 4679; baseline -0.014 -16"><span class='ocrx_word' id='word_1_649' title='bbox 2294 4629 2313 4663; x_wconf 81' lang='grc' dir='ltr'><strong>ι</strong></span> <span class='ocrx_word' id='word_1_650' title='bbox 2357 4608 2452 4679; x_wconf 78' lang='grc' dir='ltr'>μὴ,</span> <span class='ocrx_word' id='word_1_651' title='bbox 2488 4606 2563 4676; x_wconf 82' lang='grc' dir='ltr'>μὴ</span> <span class='ocrx_word' id='word_1_652' title='bbox 2588 4600 3017 4676; x_wconf 79' lang='grc' dir='ltr'>χειροτονεῖσθω.</span> <span class='ocrx_word' id='word_1_653' title='bbox 3063 4618 3081 4652; x_wconf 71' lang='grc' dir='ltr'><strong>ι</strong></span> 
     </span>
    </p>
   </div>
   <div class='ocr_carea' id='block_1_92' title="bbox 622 4730 2121 4815">
    <p class='ocr_par' dir='ltr' id='par_1_92' title="bbox 622 4738 2105 4810">
     <span class='ocr_line' id='line_1_92' title="bbox 622 4738 2105 4810; baseline -0.001 -14"><span class='ocrx_word' id='word_1_654' title='bbox 622 4740 784 4800; x_wconf 83' lang='lat' dir='ltr'><strong>Eum.</strong></span> <span class='ocrx_word' id='word_1_655' title='bbox 822 4739 913 4806; x_wconf 86' lang='lat' dir='ltr'><strong>qui</strong></span> <span class='ocrx_word' id='word_1_656' title='bbox 940 4738 1006 4793; x_wconf 89' lang='lat' dir='ltr'><strong>ad</strong></span> <span class='ocrx_word' id='word_1_657' title='bbox 1035 4738 1382 4807; x_wconf 87' lang='lat' dir='ltr'><strong>episcopatus</strong></span> <span class='ocrx_word' id='word_1_658' title='bbox 1429 4741 1654 4806; x_wconf 71' lang='lat' dir='ltr'><strong>gradum</strong></span> <span class='ocrx_word' id='word_1_659' title='bbox 1704 4741 2105 4810; x_wconf 85' lang='lat' dir='ltr'><strong>promovendos</strong></span> 
     </span>
    </p>
   </div>
   <div class='ocr_carea' id='block_1_93' title="bbox 2225 4730 3784 4815">
    <p class='ocr_par' dir='ltr' id='par_1_93' title="bbox 2282 4730 3784 4815">
     <span class='ocr_line' id='line_1_93' title="bbox 2282 4730 3784 4815; baseline -0.013 -14"><span class='ocrx_word' id='word_1_660' title='bbox 2282 4746 2386 4801; x_wconf 77' lang='grc' dir='ltr'>Τὸν</span> <span class='ocrx_word' id='word_1_661' title='bbox 2428 4745 2686 4815; x_wconf 80' lang='grc' dir='ltr'>μέλλοντα</span> <span class='ocrx_word' id='word_1_662' title='bbox 2724 4742 2803 4801; x_wconf 71' lang='grc' dir='ltr'><strong>είς</strong></span> <span class='ocrx_word' id='word_1_663' title='bbox 2846 4740 2936 4792; x_wconf 75' lang='grc' dir='ltr'>τὸν</span> <span class='ocrx_word' id='word_1_664' title='bbox 2965 4736 3064 4806; x_wconf 78' lang='grc' dir='ltr'>τῆς</span> <span class='ocrx_word' id='word_1_665' title='bbox 3095 4734 3399 4802; x_wconf 76' lang='grc' dir='ltr'>ἐπισκοπῆς</span> <span class='ocrx_word' id='word_1_666' title='bbox 3448 4730 3784 4802; x_wconf 78' lang='grc' dir='ltr'>προάγεσθαι</span> 
     </span>
    </p>
   </div>
   <div class='ocr_carea' id='block_1_94' title="bbox 549 4824 2121 4912">
    <p class='ocr_par' dir='ltr' id='par_1_94' title="bbox 549 4833 2113 4904">
     <span class='ocr_line' id='line_1_94' title="bbox 549 4833 2113 4904; baseline -0.001 -14"><span class='ocrx_word' id='word_1_667' title='bbox 549 4844 657 4901; x_wconf 83' lang='lat' dir='ltr'><strong>cst,</strong></span> <span class='ocrx_word' id='word_1_668' title='bbox 690 4842 905 4900; x_wconf 87' lang='lat' dir='ltr'><strong>oportet</strong></span> <span class='ocrx_word' id='word_1_669' title='bbox 952 4833 1270 4904; x_wconf 86' lang='lat' dir='ltr'><strong>psalterium</strong></span> <span class='ocrx_word' id='word_1_670' title='bbox 1335 4834 1565 4888; x_wconf 84' lang='lat' dir='ltr'><strong>omnino</strong></span> <span class='ocrx_word' id='word_1_671' title='bbox 1618 4849 1840 4888; x_wconf 84' lang='lat' dir='ltr'><strong>noscere</strong></span> <span class='ocrx_word' id='word_1_672' title='bbox 1872 4833 2113 4904; x_wconf 83' lang='lat' dir='ltr'><strong>illudque</strong></span> 
     </span>
    </p>
   </div>
   <div class='ocr_carea' id='block_1_95' title="bbox 2225 4824 3783 4912">
    <p class='ocr_par' dir='ltr' id='par_1_95' title="bbox 2225 4824 3783 4911">
     <span class='ocr_line' id='line_1_95' title="bbox 2225 4824 3783 4911; baseline -0.011 -17"><span class='ocrx_word' id='word_1_673' title='bbox 2225 4841 2446 4911; x_wconf 68' lang='grc' dir='ltr'>βαθμὸν,</span> <span class='ocrx_word' id='word_1_674' title='bbox 2500 4839 2579 4890; x_wconf 82' lang='grc' dir='ltr'><strong>δεῖ</strong></span> <span class='ocrx_word' id='word_1_675' title='bbox 2624 4836 2840 4895; x_wconf 81' lang='grc' dir='ltr'>πάντως</span> <span class='ocrx_word' id='word_1_676' title='bbox 2884 4832 2975 4884; x_wconf 73' lang='grc' dir='ltr'><strong>τὸν</strong></span> <span class='ocrx_word' id='word_1_677' title='bbox 3002 4829 3258 4899; x_wconf 81' lang='grc' dir='ltr'>ψαλτῆρα</span> <span class='ocrx_word' id='word_1_678' title='bbox 3309 4824 3626 4911; x_wconf 79' lang='grc' dir='ltr'>γινώσκειν,</span> <span class='ocrx_word' id='word_1_679' title='bbox 3690 4826 3783 4878; x_wconf 73' lang='grc' dir='ltr'>καὶ</span> 
     </span>
    </p>
   </div>
   <div class='ocr_carea' id='block_1_96' title="bbox 548 4918 2121 5003">
    <p class='ocr_par' dir='ltr' id='par_1_96' title="bbox 548 4923 2110 4997">
     <span class='ocr_line' id='line_1_96' title="bbox 548 4923 2110 4997; baseline -0.004 -14"><span class='ocrx_word' id='word_1_680' title='bbox 548 4924 924 4997; x_wconf 86' lang='lat' dir='ltr'><strong>interpretari,</strong></span> <span class='ocrx_word' id='word_1_681' title='bbox 953 4934 1013 4979; x_wconf 90' lang='lat' dir='ltr'><strong>ut</strong></span> <span class='ocrx_word' id='word_1_682' title='bbox 1037 4933 1091 4979; x_wconf 90' lang='lat' dir='ltr'><strong>et</strong></span> <span class='ocrx_word' id='word_1_683' title='bbox 1114 4924 1323 4977; x_wconf 87' lang='lat' dir='ltr'><strong>clerum</strong></span> <span class='ocrx_word' id='word_1_684' title='bbox 1347 4940 1507 4977; x_wconf 87' lang='lat' dir='ltr'><strong>sumn</strong></span> <span class='ocrx_word' id='word_1_685' title='bbox 1537 4925 1617 4978; x_wconf 84' lang='lat' dir='ltr'><strong>sic</strong></span> <span class='ocrx_word' id='word_1_686' title='bbox 1636 4924 1847 4977; x_wconf 88' lang='lat' dir='ltr'><strong>discere</strong></span> <span class='ocrx_word' id='word_1_687' title='bbox 1867 4923 2110 4978; x_wconf 85' lang='lat' dir='ltr'><strong>edoceat.</strong></span> 
     </span>
    </p>
   </div>
   <div class='ocr_carea' id='block_1_97' title="bbox 2225 4918 3785 5003">
    <p class='ocr_par' dir='ltr' id='par_1_97' title="bbox 2225 4918 3785 5003">
     <span class='ocr_line' id='line_1_97' title="bbox 2225 4918 3785 5003; baseline -0.013 -17"><span class='ocrx_word' id='word_1_688' title='bbox 2225 4930 2539 5003; x_wconf 68' lang='grc' dir='ltr'>ἑρμηνεύειν</span> <span class='ocrx_word' id='word_1_689' title='bbox 2587 4926 2769 4985; x_wconf 76' lang='grc' dir='ltr'>αὑτὸν.</span> <span class='ocrx_word' id='word_1_690' title='bbox 2823 4923 2913 4977; x_wconf 87' lang='grc' dir='ltr'><strong>ἴνα</strong></span> <span class='ocrx_word' id='word_1_691' title='bbox 2942 4922 3038 4975; x_wconf 71' lang='grc' dir='ltr'>καὶ</span> <span class='ocrx_word' id='word_1_692' title='bbox 3082 4920 3173 4972; x_wconf 83' lang='grc' dir='ltr'>τὸν</span> <span class='ocrx_word' id='word_1_693' title='bbox 3224 4918 3316 4972; x_wconf 84' lang='grc' dir='ltr'><strong>ὑπ’</strong></span> <span class='ocrx_word' id='word_1_694' title='bbox 3363 4918 3529 4973; x_wconf 79' lang='grc' dir='ltr'>αὐτὸν</span> <span class='ocrx_word' id='word_1_695' title='bbox 3584 4918 3785 4988; x_wconf 82' lang='grc' dir='ltr'>κλῆρον</span> 
     </span>
    </p>
   </div>
   <div class='ocr_carea' id='block_1_98' title="bbox 548 5007 2121 5090">
    <p class='ocr_par' dir='ltr' id='par_1_98' title="bbox 548 5014 2112 5089">
     <span class='ocr_line' id='line_1_98' title="bbox 548 5014 2112 5089; baseline -0.001 -18"><span class='ocrx_word' id='word_1_696' title='bbox 548 5020 725 5086; x_wconf 81' lang='lat' dir='ltr'><strong>Quam</strong></span> <span class='ocrx_word' id='word_1_697' title='bbox 751 5018 1040 5089; x_wconf 77' lang='lat' dir='ltr'><strong>diligenter</strong></span> <span class='ocrx_word' id='word_1_698' title='bbox 1091 5015 1255 5071; x_wconf 91' lang='lat' dir='ltr'><strong>etiam</strong></span> <span class='ocrx_word' id='word_1_699' title='bbox 1288 5030 1316 5068; x_wconf 89' lang='lat' dir='ltr'><strong>a</strong></span> <span class='ocrx_word' id='word_1_700' title='bbox 1359 5016 1781 5084; x_wconf 84' lang='lat' dir='ltr'><strong>metropolitano</strong></span> <span class='ocrx_word' id='word_1_701' title='bbox 1811 5014 2112 5069; x_wconf 78' lang='lat' dir='ltr'><strong>examinari</strong></span> 
     </span>
    </p>
   </div>
   <div class='ocr_carea' id='block_1_99' title="bbox 2225 5007 3786 5090">
    <p class='ocr_par' dir='ltr' id='par_1_99' title="bbox 2225 5007 3786 5090">
     <span class='ocr_line' id='line_1_99' title="bbox 2225 5007 3786 5090; baseline -0.012 -14"><span class='ocrx_word' id='word_1_702' title='bbox 2225 5023 2356 5077; x_wconf 76' lang='grc' dir='ltr'>&gt;ὖτω</span> <span class='ocrx_word' id='word_1_703' title='bbox 2384 5018 2675 5090; x_wconf 79' lang='grc' dir='ltr'>μανθάνειν</span> <span class='ocrx_word' id='word_1_704' title='bbox 2717 5013 2963 5085; x_wconf 78' lang='grc' dir='ltr'>διδάσκῃ.</span> <span class='ocrx_word' id='word_1_705' title='bbox 3011 5008 3394 5074; x_wconf 77' lang='grc' dir='ltr'>Ἐξετάζεσθαι</span> <span class='ocrx_word' id='word_1_706' title='bbox 3426 5009 3485 5060; x_wconf 81' lang='grc' dir='ltr'>δὲ</span> <span class='ocrx_word' id='word_1_707' title='bbox 3525 5007 3786 5076; x_wconf 68' lang='grc' dir='ltr'>ἀσφαλῶς</span> 
     </span>
    </p>
   </div>
   <div class='ocr_carea' id='block_1_100' title="bbox 547 5098 2121 5177">
    <p class='ocr_par' dir='ltr' id='par_1_100' title="bbox 547 5109 2110 5177">
     <span class='ocr_line' id='line_1_100' title="bbox 547 5109 2110 5177; baseline -0.004 -11"><span class='ocrx_word' id='word_1_708' title='bbox 547 5127 617 5166; x_wconf 84' lang='lat' dir='ltr'><strong>an</strong></span> <span class='ocrx_word' id='word_1_709' title='bbox 650 5125 840 5166; x_wconf 88' lang='lat' dir='ltr'><strong>sacros</strong></span> <span class='ocrx_word' id='word_1_710' title='bbox 863 5124 1105 5164; x_wconf 90' lang='lat' dir='ltr'><strong>canones</strong></span> <span class='ocrx_word' id='word_1_711' title='bbox 1129 5117 1389 5162; x_wconf 83' lang='lat' dir='ltr'><strong>accurate</strong></span> <span class='ocrx_word' id='word_1_712' title='bbox 1423 5116 1603 5177; x_wconf 89' lang='lat' dir='ltr'><strong>potest</strong></span> <span class='ocrx_word' id='word_1_713' title='bbox 1661 5109 1860 5177; x_wconf 79' lang='lat' dir='ltr'><strong>legere.</strong></span> <span class='ocrx_word' id='word_1_714' title='bbox 1892 5116 1948 5161; x_wconf 91' lang='lat' dir='ltr'><strong>et</strong></span> <span class='ocrx_word' id='word_1_715' title='bbox 1981 5123 2110 5162; x_wconf 84' lang='lat' dir='ltr'><strong>san-</strong></span> 
     </span>
    </p>
   </div>
   <div class='ocr_carea' id='block_1_101' title="bbox 2225 5098 3786 5177">
    <p class='ocr_par' dir='ltr' id='par_1_101' title="bbox 2225 5098 3786 5175">
     <span class='ocr_line' id='line_1_101' title="bbox 2225 5098 3786 5175; baseline -0.008 -13"><span class='ocrx_word' id='word_1_716' title='bbox 2225 5112 2309 5163; x_wconf 68' lang='grc' dir='ltr'>καὶ</span> <span class='ocrx_word' id='word_1_717' title='bbox 2327 5107 2434 5162; x_wconf 78' lang='grc' dir='ltr'><strong>ὑπὸ</strong></span> <span class='ocrx_word' id='word_1_718' title='bbox 2462 5105 2553 5158; x_wconf 79' lang='grc' dir='ltr'>τοῦ</span> <span class='ocrx_word' id='word_1_719' title='bbox 2586 5102 3005 5175; x_wconf 80' lang='grc' dir='ltr'>μητροπολίτου,</span> <span class='ocrx_word' id='word_1_720' title='bbox 3029 5099 3078 5152; x_wconf 85' lang='grc' dir='ltr'>εί</span> <span class='ocrx_word' id='word_1_721' title='bbox 3110 5098 3386 5167; x_wconf 72' lang='grc' dir='ltr'>ἐπιμελῶς</span> <span class='ocrx_word' id='word_1_722' title='bbox 3409 5098 3637 5151; x_wconf 78' lang='grc' dir='ltr'>δὺναται</span> <span class='ocrx_word' id='word_1_723' title='bbox 3659 5099 3786 5160; x_wconf 76' lang='grc' dir='ltr'>τοὺς</span> 
     </span>
    </p>
   </div>
   <div class='ocr_carea' id='block_1_102' title="bbox 546 5180 2121 5271">
    <p class='ocr_par' dir='ltr' id='par_1_102' title="bbox 546 5198 2106 5271">
     <span class='ocr_line' id='line_1_102' title="bbox 546 5198 2106 5271; baseline -0.001 -15"><span class='ocrx_word' id='word_1_724' title='bbox 546 5212 698 5256; x_wconf 82' lang='lat' dir='ltr'><strong>etum</strong></span> <span class='ocrx_word' id='word_1_725' title='bbox 742 5200 1114 5271; x_wconf 83' lang='lat' dir='ltr'><strong>Evangelium,</strong></span> <span class='ocrx_word' id='word_1_726' title='bbox 1152 5208 1207 5252; x_wconf 88' lang='lat' dir='ltr'><strong>et</strong></span> <span class='ocrx_word' id='word_1_727' title='bbox 1243 5198 1413 5253; x_wconf 91' lang='lat' dir='ltr'><strong>divini</strong></span> <span class='ocrx_word' id='word_1_728' title='bbox 1446 5200 1675 5269; x_wconf 84' lang='lat' dir='ltr'><strong>apostoli</strong></span> <span class='ocrx_word' id='word_1_729' title='bbox 1710 5198 1860 5253; x_wconf 84' lang='lat' dir='ltr'><strong>Pauli</strong></span> <span class='ocrx_word' id='word_1_730' title='bbox 1881 5200 2106 5255; x_wconf 90' lang='lat' dir='ltr'><strong>librum.</strong></span> 
     </span>
    </p>
   </div>
   <div class='ocr_carea' id='block_1_103' title="bbox 2225 5180 3787 5271">
    <p class='ocr_par' dir='ltr' id='par_1_103' title="bbox 2225 5180 3787 5270">
     <span class='ocr_line' id='line_1_103' title="bbox 2225 5180 3787 5270; baseline -0.008 -16"><span class='ocrx_word' id='word_1_731' title='bbox 2225 5201 2401 5270; x_wconf 76' lang='grc' dir='ltr'>ἱεροὺς</span> <span class='ocrx_word' id='word_1_732' title='bbox 2444 5197 2673 5259; x_wconf 68' lang='grc' dir='ltr'>κανόνας</span> <span class='ocrx_word' id='word_1_733' title='bbox 2705 5194 3121 5263; x_wconf 80' lang='grc' dir='ltr'>ἀναγινώσκειν,</span> <span class='ocrx_word' id='word_1_734' title='bbox 3146 5191 3209 5244; x_wconf 76' lang='grc' dir='ltr'><strong>τὸ</strong></span> <span class='ocrx_word' id='word_1_735' title='bbox 3231 5190 3385 5258; x_wconf 72' lang='grc' dir='ltr'>ἅγιον</span> <span class='ocrx_word' id='word_1_736' title='bbox 3428 5180 3787 5258; x_wconf 75' lang='grc' dir='ltr'>Εὗαγγὲλιον,</span> 
     </span>
    </p>
   </div>
   <div class='ocr_carea' id='block_1_104' title="bbox 548 5282 2121 5361">
    <p class='ocr_par' dir='ltr' id='par_1_104' title="bbox 548 5291 2109 5361">
     <span class='ocr_line' id='line_1_104' title="bbox 548 5291 2109 5361; baseline 0.001 -15"><span class='ocrx_word' id='word_1_737' title='bbox 548 5306 601 5346; x_wconf 70' lang='lat' dir='ltr'><strong>et</strong></span> <span class='ocrx_word' id='word_1_738' title='bbox 637 5304 804 5349; x_wconf 86' lang='lat' dir='ltr'><strong>totam</strong></span> <span class='ocrx_word' id='word_1_739' title='bbox 831 5293 1169 5361; x_wconf 88' lang='lat' dir='ltr'><strong>Scripturam</strong></span> <span class='ocrx_word' id='word_1_740' title='bbox 1199 5291 1461 5355; x_wconf 89' lang='lat' dir='ltr'><strong>divinam,</strong></span> <span class='ocrx_word' id='word_1_741' title='bbox 1503 5297 1558 5345; x_wconf 87' lang='lat' dir='ltr'><strong>et</strong></span> <span class='ocrx_word' id='word_1_742' title='bbox 1603 5302 1840 5347; x_wconf 89' lang='lat' dir='ltr'><strong>mentem</strong></span> <span class='ocrx_word' id='word_1_743' title='bbox 1891 5294 2109 5348; x_wconf 88' lang='lat' dir='ltr'><strong>illorqu</strong></span> 
     </span>
    </p>
   </div>
   <div class='ocr_carea' id='block_1_105' title="bbox 2225 5282 3786 5361">
    <p class='ocr_par' dir='ltr' id='par_1_105' title="bbox 2225 5282 3786 5360">
     <span class='ocr_line' id='line_1_105' title="bbox 2225 5282 3786 5360; baseline -0.012 -13"><span class='ocrx_word' id='word_1_744' title='bbox 2225 5294 2319 5360; x_wconf 84' lang='grc' dir='ltr'>τὴν</span> <span class='ocrx_word' id='word_1_745' title='bbox 2344 5291 2440 5344; x_wconf 81' lang='grc' dir='ltr'>τοῦ</span> <span class='ocrx_word' id='word_1_746' title='bbox 2471 5288 2617 5341; x_wconf 86' lang='grc' dir='ltr'>θείου</span> <span class='ocrx_word' id='word_1_747' title='bbox 2644 5285 2942 5341; x_wconf 78' lang='grc' dir='ltr'>ἀποστόλου</span> <span class='ocrx_word' id='word_1_748' title='bbox 2976 5284 3191 5337; x_wconf 78' lang='grc' dir='ltr'>Παύλου</span> <span class='ocrx_word' id='word_1_749' title='bbox 3239 5282 3440 5352; x_wconf 75' lang='grc' dir='ltr'>βίϐλον,</span> <span class='ocrx_word' id='word_1_750' title='bbox 3460 5284 3579 5339; x_wconf 74' lang='grc' dir='ltr'>,καὶ</span> <span class='ocrx_word' id='word_1_751' title='bbox 3608 5285 3786 5336; x_wconf 72' lang='grc' dir='ltr'>πᾶσαν</span> 
     </span>
    </p>
   </div>
   <div class='ocr_carea' id='block_1_106' title="bbox 550 5373 2121 5454">
    <p class='ocr_par' dir='ltr' id='par_1_106' title="bbox 550 5378 2109 5454">
     <span class='ocr_line' id='line_1_106' title="bbox 550 5378 2109 5454; baseline 0.001 -15"><span class='ocrx_word' id='word_1_752' title='bbox 550 5384 901 5454; x_wconf 82' lang='lat' dir='ltr'><strong>investigare,</strong></span> <span class='ocrx_word' id='word_1_753' title='bbox 943 5392 998 5438; x_wconf 90' lang='lat' dir='ltr'><strong>et</strong></span> <span class='ocrx_word' id='word_1_754' title='bbox 1034 5378 1157 5452; x_wconf 50' lang='lat' dir='ltr'><strong>qua</strong></span> <span class='ocrx_word' id='word_1_755' title='bbox 1181 5383 1385 5454; x_wconf 87' lang='lat' dir='ltr'><strong>scripta</strong></span> <span class='ocrx_word' id='word_1_756' title='bbox 1418 5390 1545 5436; x_wconf 88' lang='lat' dir='ltr'><strong>sunt</strong></span> <span class='ocrx_word' id='word_1_757' title='bbox 1572 5383 1895 5453; x_wconf 79' lang='lat' dir='ltr'><strong>intelligere.</strong></span> <span class='ocrx_word' id='word_1_758' title='bbox 1926 5384 2109 5451; x_wconf 83' lang='lat' dir='ltr'><strong>Quan-</strong></span> 
     </span>
    </p>
   </div>
   <div class='ocr_carea' id='block_1_107' title="bbox 2225 5373 3786 5454">
    <p class='ocr_par' dir='ltr' id='par_1_107' title="bbox 2225 5373 3786 5447">
     <span class='ocr_line' id='line_1_107' title="bbox 2225 5373 3786 5447; baseline -0.007 -11"><span class='ocrx_word' id='word_1_759' title='bbox 2225 5386 2318 5444; x_wconf 80' lang='grc' dir='ltr'>τὴν</span> <span class='ocrx_word' id='word_1_760' title='bbox 2352 5382 2501 5434; x_wconf 89' lang='grc' dir='ltr'>θείαν</span> <span class='ocrx_word' id='word_1_761' title='bbox 2520 5378 2761 5447; x_wconf 81' lang='grc' dir='ltr'>Γραφὴν,</span> <span class='ocrx_word' id='word_1_762' title='bbox 2792 5375 2887 5429; x_wconf 73' lang='grc' dir='ltr'>καὶ</span> <span class='ocrx_word' id='word_1_763' title='bbox 2921 5375 3011 5427; x_wconf 67' lang='grc' dir='ltr'>τὸν</span> <span class='ocrx_word' id='word_1_764' title='bbox 3042 5374 3169 5427; x_wconf 74' lang='grc' dir='ltr'>νοῦν</span> <span class='ocrx_word' id='word_1_765' title='bbox 3199 5373 3380 5428; x_wconf 81' lang='grc' dir='ltr'>αὐτῶν</span> <span class='ocrx_word' id='word_1_766' title='bbox 3411 5376 3658 5443; x_wconf 78' lang='grc' dir='ltr'>ἑρευνᾷν,</span> <span class='ocrx_word' id='word_1_767' title='bbox 3690 5374 3786 5426; x_wconf 75' lang='grc' dir='ltr'>καὶ</span> 
     </span>
    </p>
   </div>
   <div class='ocr_carea' id='block_1_108' title="bbox 551 5462 2121 5545">
    <p class='ocr_par' dir='ltr' id='par_1_108' title="bbox 551 5462 2111 5545">
     <span class='ocr_line' id='line_1_108' title="bbox 551 5462 2111 5545; baseline 0.002 -19"><span class='ocrx_word' id='word_1_768' title='bbox 551 5474 845 5542; x_wconf 72' lang='lat' dir='ltr'><strong>doquidem</strong></span> <span class='ocrx_word' id='word_1_769' title='bbox 896 5462 1024 5529; x_wconf 76' lang='lat' dir='ltr'><strong>vera</strong></span> <span class='ocrx_word' id='word_1_770' title='bbox 1060 5475 1367 5530; x_wconf 86' lang='lat' dir='ltr'><strong>divinarum</strong></span> <span class='ocrx_word' id='word_1_771' title='bbox 1406 5473 1818 5545; x_wconf 86' lang='lat' dir='ltr'><strong>Seripturarum</strong></span> <span class='ocrx_word' id='word_1_772' title='bbox 1879 5477 2111 5531; x_wconf 84' lang='lat' dir='ltr'><strong>scientia</strong></span> 
     </span>
    </p>
   </div>
   <div class='ocr_carea' id='block_1_109' title="bbox 2225 5462 3783 5545">
    <p class='ocr_par' dir='ltr' id='par_1_109' title="bbox 2225 5465 3783 5541">
     <span class='ocr_line' id='line_1_109' title="bbox 2225 5465 3783 5541; baseline -0.006 -12"><span class='ocrx_word' id='word_1_773' title='bbox 2225 5476 2459 5530; x_wconf 85' lang='grc' dir='ltr'>συνιέναι</span> <span class='ocrx_word' id='word_1_774' title='bbox 2487 5474 2555 5527; x_wconf 85' lang='grc' dir='ltr'><strong>τά</strong></span> <span class='ocrx_word' id='word_1_775' title='bbox 2576 5472 2941 5541; x_wconf 83' lang='grc' dir='ltr'>γεγραμμένα</span> <span class='ocrx_word' id='word_1_776' title='bbox 2970 5485 2984 5500; x_wconf 81' lang='grc'><em>’</em></span> <span class='ocrx_word' id='word_1_777' title='bbox 3030 5468 3169 5522; x_wconf 86' lang='grc' dir='ltr'>διότι</span> <span class='ocrx_word' id='word_1_778' title='bbox 3200 5467 3462 5530; x_wconf 80' lang='grc' dir='ltr'>σύστασις</span> <span class='ocrx_word' id='word_1_779' title='bbox 3496 5468 3590 5520; x_wconf 77' lang='grc' dir='ltr'>καὶ</span> <span class='ocrx_word' id='word_1_780' title='bbox 3622 5465 3783 5520; x_wconf 74' lang='grc' dir='ltr'>οὐσία</span> 
     </span>
    </p>
   </div>
   <div class='ocr_carea' id='block_1_110' title="bbox 548 5558 2121 5636">
    <p class='ocr_par' dir='ltr' id='par_1_110' title="bbox 548 5566 2108 5636">
     <span class='ocr_line' id='line_1_110' title="bbox 548 5566 2108 5636; baseline 0.002 -18"><span class='ocrx_word' id='word_1_781' title='bbox 548 5572 636 5618; x_wconf 85' lang='lat' dir='ltr'><strong>est</strong></span> <span class='ocrx_word' id='word_1_782' title='bbox 656 5567 979 5620; x_wconf 88' lang='lat' dir='ltr'><strong>constitutio</strong></span> <span class='ocrx_word' id='word_1_783' title='bbox 998 5578 1053 5619; x_wconf 89' lang='lat' dir='ltr'><strong>et</strong></span> <span class='ocrx_word' id='word_1_784' title='bbox 1068 5566 1180 5633; x_wconf 87' lang='lat' dir='ltr'><strong>ipsa</strong></span> <span class='ocrx_word' id='word_1_785' title='bbox 1209 5567 1528 5621; x_wconf 74' lang='lat' dir='ltr'><strong>hierarchize</strong></span> <span class='ocrx_word' id='word_1_786' title='bbox 1547 5570 1780 5622; x_wconf 84' lang='lat' dir='ltr'><strong>essentia</strong></span> <span class='ocrx_word' id='word_1_787' title='bbox 1809 5569 2108 5636; x_wconf 83' lang='lat' dir='ltr'><strong>secundum</strong></span> 
     </span>
    </p>
   </div>
   <div class='ocr_carea' id='block_1_111' title="bbox 2225 5558 3784 5636">
    <p class='ocr_par' dir='ltr' id='par_1_111' title="bbox 2225 5558 3784 5635">
     <span class='ocr_line' id='line_1_111' title="bbox 2225 5558 3784 5635; baseline -0.01 -14"><span class='ocrx_word' id='word_1_788' title='bbox 2225 5568 2321 5635; x_wconf 77' lang='grc' dir='ltr'>τῆς</span> <span class='ocrx_word' id='word_1_789' title='bbox 2354 5563 2763 5635; x_wconf 75' lang='grc' dir='ltr'>ἀρχιερωσύνης</span> <span class='ocrx_word' id='word_1_790' title='bbox 2807 5563 2840 5629; x_wconf 77' lang='grc' dir='ltr'>ἡ</span> <span class='ocrx_word' id='word_1_791' title='bbox 2871 5560 2980 5615; x_wconf 84' lang='grc' dir='ltr'><strong>τῶν</strong></span> <span class='ocrx_word' id='word_1_792' title='bbox 3008 5559 3170 5612; x_wconf 84' lang='grc' dir='ltr'>θείων</span> <span class='ocrx_word' id='word_1_793' title='bbox 3195 5559 3431 5629; x_wconf 67' lang='grc' dir='ltr'>Γραφῶν</span> <span class='ocrx_word' id='word_1_794' title='bbox 3461 5560 3605 5612; x_wconf 76' lang='grc' dir='ltr'>ἐστιν</span> <span class='ocrx_word' id='word_1_795' title='bbox 3643 5558 3784 5627; x_wconf 82' lang='grc' dir='ltr'><strong>ἁλη-</strong></span> 
     </span>
    </p>
   </div>
   <div class='ocr_carea' id='block_1_112' title="bbox 553 5650 2121 5727">
    <p class='ocr_par' dir='ltr' id='par_1_112' title="bbox 553 5654 2109 5727">
     <span class='ocr_line' id='line_1_112' title="bbox 553 5654 2109 5727; baseline 0.003 -18"><span class='ocrx_word' id='word_1_796' title='bbox 553 5669 811 5725; x_wconf 80' lang='lat' dir='ltr'><strong>magnum</strong></span> <span class='ocrx_word' id='word_1_797' title='bbox 843 5654 1199 5727; x_wconf 84' lang='lat' dir='ltr'><strong>Dionysium:</strong></span> <span class='ocrx_word' id='word_1_798' title='bbox 1231 5666 1283 5711; x_wconf 88' lang='lat' dir='ltr'><strong>et</strong></span> <span class='ocrx_word' id='word_1_799' title='bbox 1338 5660 1564 5713; x_wconf 82' lang='lat' dir='ltr'><strong>scientia</strong></span> <span class='ocrx_word' id='word_1_800' title='bbox 1633 5661 1715 5715; x_wconf 88' lang='lat' dir='ltr'><strong>sic</strong></span> <span class='ocrx_word' id='word_1_801' title='bbox 1761 5661 2109 5723; x_wconf 82' lang='lat' dir='ltr'><strong>instructum,</strong></span> 
     </span>
    </p>
   </div>
   <div class='ocr_carea' id='block_1_113' title="bbox 2225 5650 3785 5727">
    <p class='ocr_par' dir='ltr' id='par_1_113' title="bbox 2225 5650 3785 5727">
     <span class='ocr_line' id='line_1_113' title="bbox 2225 5650 3785 5727; baseline -0.006 -16"><span class='ocrx_word' id='word_1_802' title='bbox 2225 5659 2341 5727; x_wconf 86' lang='grc' dir='ltr'>θινὴ</span> <span class='ocrx_word' id='word_1_803' title='bbox 2390 5658 2687 5724; x_wconf 71' lang='grc' dir='ltr'>ἐπιστήμη,</span> <span class='ocrx_word' id='word_1_804' title='bbox 2743 5652 2885 5705; x_wconf 84' lang='grc' dir='ltr'><strong>κατά</strong></span> <span class='ocrx_word' id='word_1_805' title='bbox 2934 5651 3025 5703; x_wconf 73' lang='grc' dir='ltr'><strong>τὸν</strong></span> <span class='ocrx_word' id='word_1_806' title='bbox 3083 5651 3262 5720; x_wconf 85' lang='grc' dir='ltr'>μέγαν</span> <span class='ocrx_word' id='word_1_807' title='bbox 3318 5650 3629 5703; x_wconf 83' lang='grc' dir='ltr'>Διονύσιον’</span> <span class='ocrx_word' id='word_1_808' title='bbox 3684 5652 3785 5701; x_wconf 74' lang='grc' dir='ltr'>καὶ</span> 
     </span>
    </p>
   </div>
   <div class='ocr_carea' id='block_1_114' title="bbox 552 5738 2121 5817">
    <p class='ocr_par' dir='ltr' id='par_1_114' title="bbox 552 5748 2110 5817">
     <span class='ocr_line' id='line_1_114' title="bbox 552 5748 2110 5817; baseline 0.003 -14"><span class='ocrx_word' id='word_1_809' title='bbox 552 5762 680 5805; x_wconf 81' lang='lat' dir='ltr'><strong>cum</strong></span> <span class='ocrx_word' id='word_1_810' title='bbox 717 5748 960 5801; x_wconf 75' lang='lat' dir='ltr'><strong>ordinari</strong></span> <span class='ocrx_word' id='word_1_811' title='bbox 983 5764 997 5800; x_wconf 85' lang='lat'><strong>:</strong></span> <span class='ocrx_word' id='word_1_812' title='bbox 1019 5748 1104 5803; x_wconf 87' lang='lat' dir='ltr'><strong>sin</strong></span> <span class='ocrx_word' id='word_1_813' title='bbox 1129 5750 1334 5817; x_wconf 84' lang='lat' dir='ltr'><strong>minus,</strong></span> <span class='ocrx_word' id='word_1_814' title='bbox 1365 5765 1475 5808; x_wconf 86' lang='lat' dir='ltr'><strong>non</strong></span> <span class='ocrx_word' id='word_1_815' title='bbox 1513 5751 1784 5807; x_wconf 88' lang='lat' dir='ltr'><strong>ordinari.</strong></span> <span class='ocrx_word' id='word_1_816' title='bbox 1804 5751 1947 5809; x_wconf 79' lang='lat' dir='ltr'><strong>Dixit</strong></span> <span class='ocrx_word' id='word_1_817' title='bbox 1968 5754 2110 5809; x_wconf 88' lang='lat' dir='ltr'><strong>enim</strong></span> 
     </span>
    </p>
   </div>
   <div class='ocr_carea' id='block_1_115' title="bbox 2225 5738 3789 5817">
    <p class='ocr_par' dir='ltr' id='par_1_115' title="bbox 2225 5738 3789 5817">
     <span class='ocr_line' id='line_1_115' title="bbox 2225 5738 3789 5817; baseline -0.005 -14"><span class='ocrx_word' id='word_1_818' title='bbox 2225 5749 2390 5813; x_wconf 72' lang='grc' dir='ltr'>οὕτως</span> <span class='ocrx_word' id='word_1_819' title='bbox 2425 5746 2616 5817; x_wconf 73' lang='grc' dir='ltr'>ἔχοντα</span> <span class='ocrx_word' id='word_1_820' title='bbox 2649 5743 2900 5814; x_wconf 82' lang='grc' dir='ltr'>γνώσεως</span> <span class='ocrx_word' id='word_1_821' title='bbox 2929 5740 3351 5815; x_wconf 78' lang='grc' dir='ltr'>χειροτονεῖσθαι</span> <span class='ocrx_word' id='word_1_822' title='bbox 3391 5742 3553 5797; x_wconf 75' lang='grc' dir='ltr'>αὐτόν</span> <span class='ocrx_word' id='word_1_823' title='bbox 3578 5756 3591 5772; x_wconf 88' lang='grc'><strong>·</strong></span> <span class='ocrx_word' id='word_1_824' title='bbox 3637 5741 3687 5791; x_wconf 84' lang='grc' dir='ltr'><strong>εἰ</strong></span> <span class='ocrx_word' id='word_1_825' title='bbox 3725 5738 3789 5795; x_wconf 67' lang='grc' dir='ltr'>δὲ</span> 
     </span>
    </p>
   </div>
  </div>
