4092 6214
515 344 622 409 839

1474 345 1555 407 lN
1580 344 1740 406 CAN.
1777 300 1869 404 ut
1910 320 2177 405 sinent
2219 345 2326 408 v11
2365 345 2717 407 (ECUMEN.

3607 342 3714 409 800

518 453 615 525 μὴ,
663 450 739 523 μὴ
781 453 1218 524 χειροτονεῖσθαι.
1263 454 1393 507 Eine
1427 430 1537 524 γὰρ
1586 454 1615 506 ὁ
1658 452 1787 515 Θεὸς
1834 452 1923 506 διὰ
1970 452 2062 505 τοῦ

2166 452 2308 508 Deus
2339 470 2431 524 per
2458 456 2769 525 prophetam
2800 474 2813 510 τ
2851 454 2929 509 Tu
2958 455 3223 509 scientiam
3256 454 3516 525 repulisti,
3537 465 3586 509 et
3616 473 3709 524 ego

515 547 799 618 προφήτου
821 563 837 578 ·
875 545 956 601 Σὺ
986 547 1314 617 ἐπίγνωσιν
1336 546 1575 611 ἀπώσω,
1621 543 1782 615 κάγὼ
1827 542 2065 600 ἀπώσο-

511 655 618 709 μαι
639 638 734 704 σὲ,
770 638 878 694 τοῦ
898 639 984 709 μὴ
1012 640 1332 708 ἱερατεύειν
1353 656 1473 707 μοι.

1117 730 1354 785 ΚΑΝΩΝ
1384 730 1458 787 Γ.

525 837 543 871 ι
587 820 778 873 Πᾶσαν
807 817 986 891 ψῆφον
1008 824 1301 891 γινομένην
1332 821 1479 888 παρά
1507 819 1803 890 ἀρχόντων,
1838 817 2060 871 ἐπισκό-

593 929 613 964 ι
653 927 760 987 που
797 910 1229 982 ἢπρεσϐυτέρου
1271 912 1301 981 ἦ
1337 911 1606 975 διακόνου,
1649 910 1851 981 ἄκυρον
1880 908 2068 978 μένειν

592 1022 613 1056 ι
652 1004 795 1067 κατὰ
833 1005 925 1057 τὸν
954 1005 1153 1056 κανόνα
1180 1004 1269 1055 τὸν
1294 1003 1522 1071 λέγοντα
1546 1019 1560 1034 ·
1597 1020 1616 1052 ι
1649 1001 1714 1055 El
1732 1016 1816 1063 τις
1842 998 2063 1053 ἐπίσειοὲ

588 1116 608 1150 ι
651 1113 775 1161 πος,
814 1099 1097 1167 κοσμικοίς
1127 1096 1354 1165 ἄρχουσι
1388 1094 1749 1165 χρησάμενος,
1777 1092 1845 1146 δι’
1885 1090 2065 1146 αὐτῶν
2096 1168 2100 1172 ⁵

596 1204 616 1240 ι
656 1187 931 1257 ἐγκρατὴς
964 1187 1260 1256 ἐκκλησίας
1282 1186 1532 1256 γένηται,
1561 1183 1927 1254 καθαιρείσθω
1970 1181 2063 1235 καὶ

592 1298 612 1331 ι
650 1278 1014 1349 ἁφοριζέσθω,
1041 1284 1132 1331 καὶ
1156 1279 1207 1331 ot
1231 1276 1610 1338 κοινωνοῦντες
1636 1275 1785 1346 αὐτῷ
1810 1275 2057 1337 πάντες.»

581 1387 607 1422 ο
651 1371 743 1423 Δεῖ
778 1371 888 1441 γὰρ
926 1369 1018 1424 τὸν
1063 1369 1325 1440 μέλλοντα
1354 1367 1778 1439 προϐιϐἀζεσθαι
1824 1369 1902 1430 είς
1944 1370 2064 1420 ἐπι-

588 1481 607 1514 ι
648 1463 881 1531 σκοπὴν,
939 1462 1043 1514 ὑπὸ
1094 1460 1408 1515 ἐπισκόπων
1456 1460 1830 1532 ψηφίζεσθαι·
1883 1458 2064 1522 καθὼς

590 1572 609 1605 ι
650 1554 803 1623 παρά
833 1552 941 1606 τῶν
965 1552 1136 1619 ἁγίων
1174 1552 1435 1622 Πατέρων
1462 1551 1569 1604 τῶν
1603 1552 1660 1603 ὲν
1696 1550 1898 1621 Νικαίᾳ
1933 1549 2064 1620 ὥρι-

584 1662 605 1696 ι
650 1660 773 1697 σται
839 1647 896 1698 ἐν
945 1643 1025 1714 τῷ
1069 1644 1254 1697 κανόνι
1288 1644 1365 1713 τῷ
1412 1643 1622 1712 λέγοντι
1650 1658 1667 1674 ·
1742 1642 2066 1697 Ἐπίσκοπον

546 1741 607 1786 ἰ
646 1735 915 1803 προσήκει
961 1734 1193 1804 μάλιστα
1230 1734 1329 1804 μὲν
1376 1733 1480 1787 ὑπὸ
1515 1735 1731 1790 πάντων
1771 1734 1879 1788 τῶν
1912 1734 1971 1787 ιν
1996 1736 2061 1803 τῇ

586 1845 606 1880 ι
650 1827 885 1896 ἐπαρχίᾳ
944 1826 1352 1881 καθίστασθαιο
1412 1829 1461 1881 εί
1531 1826 1590 1881 δὲ
1652 1827 1910 1899 δυσχερὲς
1977 1824 2062 1895 εἴη
2097 1807 2139 1863 Β

584 1936 603 1970 ι
642 1918 799 1971 τοῦτο
850 1919 883 1987 ἢ
955 1919 1044 1972 διὰ
1096 1910 1529 1987 κατεπείγουσαν
1579 1919 1827 1988 ἀνάγκην
1887 1919 1925 1989 ἦ
1978 1918 2064 1972 διὰ

590 2029 609 2062 ι
653 2010 824 2079 μῆκος
855 2009 995 2075 ὀδοῦ,
1027 2009 1329 2075 ὲξάπαντος
1353 2015 1501 2083 τρεῖς
1521 2011 1614 2065 ἐπὶ
1642 2010 1704 2064 τὸ
1732 2010 1866 2066 αὐτὸ
1899 2027 2064 2064 συναο

590 2120 610 2156 ι
652 2102 917 2172 γομένους
951 2102 1280 2173 (συμψήφων
1314 2103 1613 2175 γινομένων
1641 2104 1736 2158 καὶ¹
1764 2103 1874 2158 τῶν
1899 2104 2065 2157 ἁπόν-

588 2212 608 2247 ι
649 2210 758 2247 των
806 2195 900 2248 καὶ
942 2195 1335 2266 συντιθεμένων
1379 2195 1471 2252 διὰ
1516 2197 1901 2267 γραμμάτων),
1942 2197 2063 2250 τότε

591 2300 611 2334 ι
651 2280 751 2352 τήν
799 2282 1130 2353 χειροτονίαν
1182 2283 1476 2343 ποιεῖσθαι.
1532 2285 1607 2338 Τὸ
1648 2285 1706 2339 δὲ
1748 2284 1914 2356 κῦρος
1956 2284 2065 2338 τῶν

595 2392 615 2427 ι
653 2376 954 2443 γινομένων
986 2372 1220 2428 δίδοσθαι
1252 2374 1375 2429 καθ’
1416 2375 1657 2448 ικὰστην
1684 2376 1953 2447 ἐπαρχίαν
1985 2374 2065 2443 τῷ

498 2532 501 2533 ν
587 2482 607 2515 ι
652 2464 1041 2535 μητροπολίτῃ.
1083 2484 1101 2515 ι

584 2555 780 2610 ΒΔΛΣ.
825 2556 916 2609 Ἑν
944 2558 1063 2619 ταῖς
1115 2557 1349 2628 ἡμέραις
1396 2558 1493 2628 τῆς
1545 2556 1821 2630 παρούσης
1848 2558 2064 2612 συνόδου

494 2645 846 2717 ηὲψηφίσαντό
899 2664 1064 2711 τινες,
1110 2648 1185 2713 ὡς
1221 2649 1421 2711 ἔοικεν,
1463 2650 1571 2704 ἀπὸ
1613 2650 1858 2716 ἐξουσίας
1899 2650 2063 2704 τινῶν

511 2737 1097 2809 παραδυναστευόντων
1163 2741 1493 2804 ὑπεναντίως
1547 2741 1625 2812 τῷ
1692 2742 1819 2814 περὶ
1871 2742 2063 2796 τούτου

511 2828 858 2899 ἀποστολικῴ
914 2830 1121 2883 κανόνι.
1155 2829 1246 2900 Μὴ
1292 2831 1604 2900 ἀνεχόμενοι
1655 2827 1751 2884 οὖν
1802 2831 1959 2885 τοῦτο
2013 2833 2064 2885 οἱ

512 2919 659 2989 ἇγιοι
691 2920 954 2989 Πατέρες,
985 2917 1193 2989 ὥρισαν
1219 2923 1317 2989 τὴν
1341 2920 1596 2991 τοιαύτην
1640 2921 1820 2993 ψῆφον
1859 2923 2062 2993 ἄκυρον

510 3011 651 3066 εἶναι
678 3011 986 3075 ἀκολούθως
1018 3013 1093 3082 τῷ
1121 3013 1340 3081 ῥηθέντι
1371 3014 1713 3085 ἀποστολικῷ
1744 3016 1948 3080 κανόνι,
1985 3016 2062 3085 τῷ

512 3102 871 3177 διοριζομένῳ
909 3107 1043 3168 τοὺς
1084 3105 1223 3159 οὕτω
1272 3106 1637 3177 ψηφισθέντας
1680 3108 2062 3179 καθαιρεῖσθαι

514 3200 610 3253 καὶ
663 3197 1039 3273 ἀφορίζεσθαι,
1100 3199 1227 3261 τοὺς
1280 3198 1337 3254 δὲ
1394 3202 1828 3272 κοινωνήσαντας
1879 3204 2060 3266 αὐτοῖς

511 3290 908 3361 ἀφορίζεσθαι·
959 3290 1057 3360 τὴν
1105 3291 1286 3360 μέντοι
1332 3291 1514 3362 ψῆφον
1559 3294 1760 3362 ὀφείλει
1816 3296 2061 3365 γίνεσθαι

510 3380 653 3434 κατὰ
707 3380 798 3433 τὸν
848 3377 890 3433 δ’
940 3381 1143 3434 κανόνα
1166 3381 1275 3436 τῶν
1325 3382 1493 3452 ἁγίων
1543 3384 1799 3458 Πατέρων
1839 3388 1949 3441 τῶν
2002 3390 2060 3442 ὲν

508 3470 733 3542 Νικαίᾳ.
772 3472 882 3525 Καὶ
928 3472 1240 3540 ἀνάγνωσον
1268 3473 1361 3528 οὖν
1406 3475 1496 3529 τὸν
1543 3478 1783 3532 τοιοῦτον
1838 3478 2059 3548 κανόνα,

509 3566 605 3617 καὶ
643 3564 735 3617 τὸν
773 3562 818 3618 λ’
853 3566 1054 3620 κανόνα
1093 3566 1205 3619 τῶν
1242 3568 1417 3633 ἁγίων
1458 3570 1786 3636 ἀποστόλων,
1822 3575 1915 3626 καὶ
1963 3573 2062 3637 τὰς

508 3656 805 3728 ἑρμηνείας
845 3657 1048 3713 αὐτῶν.
1091 3660 1157 3713 Τί
1184 3660 1262 3723 δὲ,
1291 3660 1401 3714 τῶν
1429 3663 1668 3715 κανόνων
1711 3656 1787 3735 μὴ
1826 3665 2060 3737 διοριζο-

514 3752 696 3819 μένων
748 3749 836 3803 διὰ
887 3751 1070 3820 ψήφου
1117 3744 1391 3821 γίνεσθαι
1428 3754 1525 3818 τὰς
1578 3757 1912 3827 χειροτονίας
1952 3758 2061 3812 τῶν

510 3844 898 3915 πρεσϐυτέρων
948 3846 1043 3898 καὶ
1088 3845 1199 3899 τῶν
1242 3846 1523 3910 διακόνων,
1570 3847 1705 3900 ἀλλὰ
1741 3847 1903 3916 μόνον
1951 3848 2060 3902 τῶν

490 3936 844 4000 ,ἑπισκόπωψ
897 3938 1010 4001 πῶς
1057 3937 1087 3991 ό
1137 3941 1316 3993 κανών
1367 3955 1530 4008 φησιν
1578 3939 1917 4010 ἁκυροῦσθαι
1963 3941 2062 4007 τὰς

510 4029 658 4099 παρὰ
684 4030 958 4101 ἀρχόντων
998 4031 1286 4100 γινομένας
1314 4032 1525 4103 ψήφους
1560 4036 1895 4099 ἐπισκόπων,
1925 4052 2061 4106 πρε-

509 4123 666 4175 σϐυτέ
675 4138 782 4195 ρων
803 4124 897 4178 καὶ
924 4124 1186 4178 διακόνων
1209 4142 1223 4189 ;
1252 4126 1462 4193 Λύσις.
1493 4126 1646 4190 Τινὲς
1669 4122 1824 4181 εἷπον
1848 4128 2062 4192 καὶτὰς

507 4217 653 4283 τρεῖς
697 4217 1027 4286 χειροτονίας
1079 4218 1171 4268 ἐπὶ
1218 4217 1338 4279 ἑνὸς
1369 4216 1661 4287 προσώπου
1690 4219 1925 4287 ὀφείλειν
1970 4221 2062 4271 ἔκ-

507 4308 901 4377 λαμϐἀνεσθαε,
940 4310 1033 4361 καὶ
1063 4308 1160 4379 τὴν
1196 4307 1337 4362 οὕτω
1370 4310 1669 4381 γενομένην
1699 4310 1878 4380 ψῆφον
1902 4312 2060 4383 χάριν

506 4398 660 4452 τοῦδι
693 4416 859 4463 τινος,
904 4401 988 4465 ἐφ’
1016 4392 1059 4467 ᾧ
1089 4400 1340 4467 γενέσθαι
1370 4402 1634 4466 διάκονον,
1666 4403 2057 4476 πρεσϐύτερον,

2167 558 2215 603 te
2272 548 2537 617 repellam,
2588 566 2649 604 ne
2688 550 2759 603 sis
2794 550 2920 603 mihi
2952 552 3221 603 sacerdos.

2748 721 2974 778 CANON
3022 723 3112 778 Ill.

2169 829 2187 863 ι
2223 812 2447 866 Omnem
2474 812 2796 867 electionem
2857 816 3100 884 episcopi
3137 816 3217 868 vel
3272 814 3569 884 presbyteri
3625 815 3707 868 vel

2244 920 2262 953 ι
2300 902 2540 965 diaconi,
2570 920 2694 974 qua:
2722 905 2780 958 ﬁt
2804 920 2832 958 a
2870 906 3310 975 magistratibus,
3355 906 3559 959 irritam
3592 922 3708 958 ma-

2239 1011 2257 1045 t
2298 1010 2448 1059 nere,
2493 1012 2558 1051 ex
2612 1011 2821 1053 canone
2870 998 3117 1053 dicente:
3150 997 3204 1052 Si
3241 998 3361 1066 quis
3400 999 3713 1068 episcopus,

2240 1103 2258 1137 ι
2300 1087 2648 1143 saecularibus
2726 1089 3132 1160 magistratibus
3231 1104 3396 1153 usus,
3470 1104 3564 1156 per
3622 1104 3718 1143 eos

2241 1196 2259 1230 t
2293 1180 2574 1235 ecclesiam
2598 1182 2923 1244 obtinuerit,
2964 1183 3269 1250 deponatur
3286 1192 3339 1237 et
3377 1190 3713 1253 segregetur,

2240 1291 2259 1324 ι
2291 1282 2347 1329 et
2382 1289 2573 1329 omnes
2617 1276 2709 1341 qtti
2775 1290 2899 1331 cum
2931 1290 2995 1329 eo
3036 1276 3458 1329 communicant.
3492 1274 3717 1343 Oportet.

2237 1383 2256 1415 ι
2291 1365 2436 1419 enim
2462 1381 2608 1428 eum,
2651 1366 2740 1429 qui
2793 1364 2859 1421 ad
2890 1367 3259 1435 episcopatum
3316 1368 3715 1435 prommeudus

2238 1473 2256 1507 ι
2295 1464 2399 1520 est,
2434 1459 2502 1509 ab
2529 1457 2805 1526 episcopis
2828 1457 2950 1521 eligi
2974 1473 2992 1523 ;
3019 1457 3476 1529 quemadmodum
3522 1473 3550 1510 a
3586 1472 3715 1511 san-

2240 1567 2259 1601 ι
2296 1549 2405 1606 etis
2438 1550 2694 1605 Patribus
2727 1550 2917 1605 Nicaeae
2961 1550 3235 1608 decretum
3274 1561 3358 1607 est
3406 1552 3459 1605 in
3488 1566 3715 1614 canone,

2243 1662 2261 1696 ι
2304 1646 2392 1712 qui
2429 1644 2593 1699 dicit:
2624 1642 2950 1715 Episcopum
2979 1654 3196 1715 oportet
3222 1636 3457 1699 maxime
3497 1644 3715 1712 quidem

2242 1755 2262 1789 ι
2295 1737 2363 1791 ab
2394 1737 2666 1802 omnibus,
2692 1739 2781 1807 qui
2823 1746 2953 1793 sunt
3003 1737 3055 1792 itt
3080 1737 3382 1807 provincia,
3411 1737 3668 1791 constitui
3698 1751 3712 1787 :

2243 1850 2263 1884 ι
2300 1830 2344 1888 si
2367 1838 2546 1885 autem
2579 1832 2683 1885 ltoc
2739 1831 2953 1885 dillicile
3005 1830 3193 1894 fuerit,
3249 1830 3329 1884 vel
3367 1837 3593 1900 propter
3626 1845 3719 1883 ur-

2180 1938 2183 1941 ‘
2245 1945 2263 1978 ι
2310 1934 2521 1996 gentem
2587 1928 2990 1989 necessitatem,
3024 1925 3104 1981 vel
3160 1937 3379 1994 propter
3418 1925 3514 1978 via:
3544 1924 3719 1993 longi-

2248 2035 2265 2069 t
2303 2015 2569 2079 tudinem,
2631 2024 2743 2069 tres
2791 2018 3015 2070 omnino
3067 2017 3253 2071 eodem
3312 2018 3718 2079 convenientes,

2243 2127 2259 2159 ι
2297 2107 2387 2175 (iis
2444 2122 2695 2177 quoque,
2755 2106 2846 2176 qui
2905 2108 3137 2172 absunt,
3193 2106 3353 2162 simul
3399 2107 3717 2176 sullragium

2204 2228 2221 2233 -
2243 2212 2262 2245 ι
2300 2194 2599 2250 ferentibus
2627 2203 2681 2249 et
2713 2196 3146 2250 assentientibus
3176 2211 3272 2265 per
3326 2194 3554 2261 litteras)
3588 2203 3719 2250 tunc

2244 2305 2264 2339 ι
2307 2287 2483 2350 [acere
2530 2288 2873 2343 electionem.
2931 2287 3132 2342 Eorum
3201 2300 3406 2350 autent,
3467 2302 3588 2356 qua:
3621 2302 3719 2357 per

2244 2397 2262 2431 ι
2302 2360 2737 2449 unainquamque
2805 2379 3140 2449 provinciam
3200 2380 3373 2445 liunt,
3429 2379 3720 2432 conllrma-

2245 2486 2263 2520 ι
2302 2470 2500 2524 tionem
2534 2471 2699 2524 tribui
2732 2471 3172 2540 metropolitano.
3203 2488 3223 2521 ι

2238 2547 2431 2617 BALS.
2469 2561 2735 2632 Tempore
2768 2563 3056 2632 praesentis
3118 2561 3312 2632 synodi
3376 2562 3721 2633 eligebantur

2168 2652 2408 2720 quidam,
2444 2663 2501 2705 ιιι
2549 2663 2633 2705 est
2655 2653 2970 2716 verisimile,
3024 2655 3380 2723 quorumdam
3434 2670 3716 2723 procerum

2170 2753 2437 2815 potestate
2491 2745 2656 2816 289
2709 2757 2899 2801 contra
2935 2764 3097 2817 quam
3162 2762 3374 2802 canone
3419 2750 3719 2817 apostolico

2171 2837 2425 2891 traditum
2451 2847 2554 2893 est.
2582 2836 2695 2893 Hoc
2725 2855 2854 2910 ergo
2885 2842 3057 2895 sancti
3087 2840 3273 2895 Patres
3299 2856 3407 2895 non
3436 2842 3715 2895 sustinen-

2168 2941 2268 2994 tes,
2307 2939 2637 2995 statuerunt,
2700 2930 2900 2984 dictam
2950 2932 3273 2987 electionem
3332 2948 3454 2986 esse
3506 2932 3717 2986 irritam

2169 3033 2567 3092 consequenter
2598 3022 2744 3077 dicto
2779 3024 3078 3093 apostolico
3110 3026 3328 3090 canonl,
3353 3026 3451 3095 qui
3475 3024 3720 3079 decernit

2168 3128 2264 3168 eos
2299 3115 2506 3183 quisic
2532 3114 2692 3171 electi
2754 3117 2973 3183 fuerint,
3037 3117 3389 3188 deponendos
3433 3126 3488 3172 et
3531 3133 3719 3188 segre-

2162 3202 2389 3273 gandos,
2430 3219 2636 3275 eosque
2688 3207 3245 3264 excommunicandos
3296 3208 3389 3279 qui
3442 3223 3569 3263 cum
3609 3207 3716 3262 illis

2162 3295 2708 3352 communieaveriut:
2750 3309 2964 3366 oportet
3000 3310 3179 3352 autem
3216 3299 3538 3353 electionem
3596 3298 3713 3352 ﬁeri

2162 3395 2321 3453 prout
2371 3387 2485 3442 vult
2536 3404 2710 3443 canon
2755 3390 2790 3444 4
2843 3400 3156 3445 sanctorum
3221 3389 3440 3445 Patrum
3497 3390 3713 3446 concilii
3758 3420 3765 3425 -

2159 3476 2380 3532 Nicaeui.
2408 3476 2471 3532 Et
2518 3478 2666 3534 illum
2695 3480 2880 3551 itaque
2913 3496 3173 3535 canonem
3204 3489 3259 3536 et
3291 3483 3361 3537 50
3390 3491 3709 3536 sanctorum

2161 3571 2532 3639 apostolorum
2613 3586 2910 3642 eorumque
3000 3573 3487 3642 interpretationes
3571 3574 3713 3644 lege.

2160 3662 2319 3731 Atqui
2354 3677 2479 3716 cum
2530 3678 2638 3717 non
2669 3665 2963 3719 decernant
2997 3679 3239 3719 canones
3269 3666 3714 3736 presbyterorum

2159 3763 2214 3809 et
2255 3753 2617 3810 diaeonorum
2681 3752 3058 3811 ordinationes
3109 3758 3376 3812 electione
3424 3760 3564 3820 lteri.
3619 3759 3713 3812 sed

2160 3846 2335 3901 solum
2359 3849 2776 3917 episcoporum;
2808 3850 3084 3919 quomodo
3132 3850 3261 3906 dicit
3297 3866 3476 3905 canon
3532 3852 3718 3905 irritas

2160 3951 2283 3993 esse
2336 3938 2633 3993 electiones
2686 3938 3097 4007 episcoporum,
3149 3939 3601 4009 presbyterorum
3658 3946 3715 3992 et

2154 4028 2679 4097 diaconorum,qua:
2712 4030 2846 4082 liunt
2884 4046 2913 4082 a
2962 4030 3425 4098 titagistratibus?
3480 4029 3710 4084 Salutio.

2161 4118 2422 4174 Dicebant
2444 4120 2686 4189 quidam,
2712 4126 2825 4174 tres
2852 4118 3233 4174 ordinationes
3260 4121 3316 4175 in
3348 4135 3457 4175 una
3481 4136 3712 4189 persona

2161 4213 2388 4281 intelligi
2452 4212 2678 4277 debere,
2722 4221 2777 4267 et
2814 4227 2934 4268 eam
2994 4228 3116 4283 quae
3155 4214 3235 4268 sie
3284 4214 3344 4268 lit
3394 4214 3713 4268 electionem

2162 4305 2426 4372 alicujus,
2451 4320 2511 4356 ea
2538 4304 2604 4357 de
2635 4319 2801 4359 causa
2833 4314 2891 4358 ut
2922 4305 3017 4360 llat
3057 4304 3345 4373 diaconus,
3406 4309 3713 4378 presbyter,

2164 4406 2219 4454 et
2248 4398 2330 4453 sic
2363 4398 2677 4467 episcopus,
2714 4398 2921 4452 nullitts
2942 4413 3064 4455 esse
3094 4399 3376 4455 momenti.
3437 4399 3538 4453 Alii
3569 4400 3714 4453 dice-

506 4494 599 4543 καὶ
642 4488 814 4554 οὕτως
861 4492 1180 4554 ἐπίσκοπον,
1235 4491 1437 4563 ἄκυρον
1476 4490 1613 4547 εἶναι
1640 4511 1652 4524 ·
1690 4494 1866 4566 ἕτεροι
1908 4490 2061 4549 εἷπον

2166 4491 2313 4550 bant,
2354 4489 2497 4559 quod
2520 4489 2825 4559 antiquitus
2854 4489 3149 4546 electiones
3190 4490 3393 4547 ﬂebant
3428 4508 3455 4544 a
3488 4492 3711 4562 populo.

504 4581 586 4634 ὅτι
616 4580 678 4634 τὸ
712 4580 942 4634 παλαιὸν
974 4585 1027 4635 αί
1053 4582 1224 4652 ψῆφοι
1263 4585 1413 4654 παρά
1460 4585 1553 4640 τοῦ
1591 4586 1764 4657 δήμου
1798 4588 2055 4656 ἐγίνοντο,

506 4671 601 4723 καὶ
631 4668 958 4739 ἐψηφίζοντο
986 4672 1046 4725 ού
1076 4673 1236 4740 μόνον
1266 4674 1572 4738 ἐπίσκοποι,
1617 4676 1751 4731 ἀλλὰ
1789 4680 1885 4732 καὶ
1927 4694 2063 4748 πρε-

508 4761 759 4832 σϐύτεροι
781 4766 874 4816 καὶ
903 4763 1141 4816 διάκονοι
1168 4780 1182 4796 ο
1212 4767 1303 4817 καὶ
1331 4765 1417 4819 διὰ
1442 4767 1601 4819 τοῦτο
1628 4764 1781 4822 εἶπεν
1816 4772 1846 4823 ό
1880 4769 2060 4825 κανὼν

505 4854 604 4915 τὰς
628 4855 769 4907 κατά
795 4854 1113 4908 δυναστείαν
1158 4857 1483 4927 ἀρχοντικὴν
1523 4859 1814 4928 γινομένας
1845 4859 2059 4929 ψήφους

505 4944 820 4997 ἐπισκόπων
846 4946 877 5014 ἦ
913 4946 1295 5017 πρεσϐυτέρων
1331 4949 1363 5021 ἢ
1403 4949 1660 5004 διακόνων
1685 4951 2017 5020 ἀκυροῦσθαι
2045 4968 2061 4985 ’

504 5035 654 5089 ἄλλοι
706 5036 762 5088 δὲ
816 5033 989 5100 εἶπον,
1039 5037 1113 5099 ὡς
1162 5038 1255 5091 ἐπὶ
1315 5040 1416 5111 μὲν
1456 5041 1752 5095 ἐπισκόπου
1803 5043 1836 5113 ἡ
1882 5043 2063 5114 ψῆφος

507 5128 646 5180 κατά
680 5130 1055 5198 κυριωνυμίαν
1088 5131 1309 5203 ἐρρέθη,
1348 5132 1440 5186 ἐπὶ
1472 5134 1528 5185 δὲ
1563 5136 1934 5207 πρεσϐυτέρου
1964 5136 2060 5190 καὶ

502 5219 753 5271 διακόνου
812 5222 1259 5292 καταχρηστικῶς
1284 5239 1300 5254 °
1365 5225 1485 5277 ἀντὶ
1553 5226 1660 5295 γὰρ
1729 5228 2059 5298 χειροτονίας

506 5309 778 5381 ἑξελήφθη
810 5326 827 5343 ·
873 5314 1009 5384 ὅπερ
1036 5313 1130 5367 καὶ
1159 5314 1283 5383 ιμοὶ
1322 5314 1571 5385 ἀρέσκει,
1618 5315 1921 5387 εύρίσκοντι
1967 5319 2060 5371 καὶ

503 5402 725 5473 ἑτέρους
755 5404 984 5468 κανόνας
1012 5407 1108 5475 τὴν
1127 5404 1305 5473 ψῆφον
1328 5406 1452 5459 ἀντὶ
1478 5408 1809 5478 χειροτονίας
1847 5408 2056 5476 ἐκλαμ-

501 5492 855 5561 ϐανομὲνους.
902 5496 1023 5549 Τῶν
1050 5496 1107 5550 δὲ
1143 5497 1419 5568 ἀρχόντων
1451 5498 1525 5568 μὴ
1569 5498 1879 5567 δυναμένων
1918 5499 2055 5564 ὅλως

2164 4587 2219 4633 et
2255 4578 2611 4648 eligebantur,
2671 4593 2780 4632 non
2840 4578 3017 4633 solum
3079 4580 3346 4651 episcopi,
3396 4582 3490 4636 sed
3544 4582 3710 4636 etiam

2164 4670 2463 4740 presbyteri
2491 4679 2544 4723 et
2578 4667 2834 4723 diaconi:
2889 4677 2946 4724 et
2988 4681 3279 4740 propterea
3327 4671 3463 4726 dixit
3493 4687 3711 4728 canon:

2162 4758 2294 4826 Quae
2355 4761 2709 4830 magistratus
2786 4760 3117 4818 auctoritate
3177 4762 3353 4827 lluut,
3416 4765 3714 4819 electiones

2163 4852 2542 4921 episcoporum
2576 4839 2661 4905 ιρι
2693 4852 3133 4922 presbyterorum
3188 4855 3271 4907 vel
3331 4853 3712 4923 diaconorum,

2165 4958 2272 4997 non
2295 4942 2494 4997 valere.
2519 4941 2624 4996 Alii
2657 4951 2838 4996 autem
2865 4942 3141 5008 dixerunt,
3174 4943 3317 5013 quod
3364 4945 3417 4997 in
3458 4945 3714 5013 episcopo

2160 5035 2378 5104 quidem
2418 5034 2613 5089 electio
2668 5034 2885 5103 preprie
2928 5034 3071 5088 dicta
3120 5043 3238 5096 est;
3303 5034 3357 5087 in
3395 5034 3712 5104 presbytero

2160 5137 2343 5183 autem
2371 5136 2425 5182 et
2450 5125 2685 5181 diacono
2720 5126 2984 5180 abusive:
3033 5140 3131 5195 pro
3178 5124 3524 5178 ordinatione
3563 5121 3706 5174 enim

2158 5229 2375 5291 accepta
2404 5228 2519 5285 est;
2552 5217 2699 5287 quod
2735 5217 2867 5271 mihi
2897 5230 3115 5287 quoque
3171 5216 3370 5284 placet,
3400 5229 3523 5267 cum
3560 5214 3709 5287 inve—

2161 5316 2305 5370 niam
2360 5312 2497 5366 alios
2558 5310 2721 5364 etiam
2788 5323 3049 5375 canones,
3098 5306 3190 5377 qui
3260 5305 3559 5360 electiones
3614 5318 3711 5372 pro

2158 5402 2501 5457 ordinatione
2549 5399 2848 5470 accipiunt.
2918 5398 3055 5454 Cum
3089 5406 3273 5452 autem
3327 5411 3437 5451 non
3498 5395 3709 5467 possint
3785 5446 3797 5463 ,

2158 5495 2383 5573 omnino
2414 5494 2763 5565 magistratus
2782 5492 3162 5563 episcoporum
3181 5489 3404 5562 eligere,
3434 5488 3708 5562 quomodo

1714 5614 1901 5674 Guill.
1947 5610 2263 5690 Beveregii
2308 5620 2495 5672 noue.

574 5714 872 5786 (18)7T0i)c
897 5716 963 5770 δὲ
1014 5717 1501 5786 κοινωνήσαντας
1539 5717 1740 5783 αὐτοῖς
1776 5718 2039 5786 ἀφορίζε-

500 5788 664 5839 σθαι.
700 5785 825 5841 Haec
852 5790 1012 5855 verba
1045 5790 1097 5844 in
1128 5788 1425 5844 Pat'isicusi
1466 5789 1704 5843 edtttone
1738 5785 2044 5844 deatdet‘ata

2145 5733 2210 5773 ex
2242 5731 2344 5770 ms.
2372 5714 2666 5770 Bodleiano
2697 5714 3095 5782 supplevimus,
3116 5713 3204 5771 cui
3234 5711 3701 5771 Amerbacltianus

2155 5802 2276 5841 cum
2307 5785 2525 5841 Tiliano
2558 5782 2908 5855 suﬂ‘ragatur.
