4092 6214
500 216 605 285 891

1674 219 1953 283 THEOD.
1995 194 2389 284 BALsmofv

3584 196 3686 285 ενι

487 329 737 386 decernit
766 344 943 387 canon
978 340 1037 387 ut
1057 347 1181 402 quae
1205 331 1274 388 ab
1304 331 1374 391 iis
1410 331 1546 388 fiunt
1596 332 1895 387 electiones
1922 332 2037 387 sint

2142 331 2476 403 ψηφίζεσθαι
2526 329 2885 397 ἐπισκόπους,
2935 332 3053 393 πῶς
3106 329 3135 383 6
3178 325 3356 383 κανὼν
3406 324 3688 403 διορίζεται

488 420 694 475 irritae?
717 419 947 476 Salutio.
980 422 1052 477 De
1079 423 1465 489 electionibus,
1489 438 1610 493 qua:
1635 440 1665 477 a
1709 423 2037 491 magistrati—

484 512 589 566 bus
618 514 697 566 vel
724 514 1065 583 principibus
1098 514 1249 579 ﬁunt,
1286 531 1393 569 non
1422 514 1669 570 decernit
1722 516 1809 570 hic
1834 531 2036 580 canon,

486 604 580 659 sed
613 605 680 658 de
709 590 1072 661 electionibus
1127 609 1534 675 episcoporum,
1570 623 1688 676 quae
1740 608 2036 678 principum

486 711 584 750 seu
614 698 1025 765 magistratuum
1053 708 1326 768 potestate
1357 701 1696 769 procedunt;
1727 711 1781 755 et
1830 700 1898 757 de
1931 701 2042 755 ele-

486 788 758 843 ctionibns
805 804 903 844 seu
958 789 1404 847 ordinationibus
1456 792 1902 863 presbyterorum
1957 794 2039 848 vel

486 878 870 943 diaconorum,
927 897 1050 951 qua:
1102 882 1268 936 simili
1325 883 1485 952 jussu
1542 883 1858 955 procedunt.
1904 884 2041 938 Dicit

484 984 631 1037 ergo,
667 972 809 1040 quod
842 974 1051 1028 etiamsi
1079 974 1335 1041 Opinione
1384 992 1447 1030 ac
1496 976 1678 1043 specie
1721 977 1790 1030 ab
1819 977 2038 1031 antisti-

492 1061 665 1127 tilms,
689 1078 855 1131 penes
886 1082 1026 1132 quos
1065 1076 1148 1121 est
1170 1067 1401 1137 eligendi
1438 1078 1695 1136 potestas,
1728 1070 1879 1132 ﬂant,
1903 1087 2044 1139 quo-

486 1156 633 1210 niam
695 1168 875 1213 tamen
941 1164 1180 1227 potentia
1207 1177 1272 1215 ac
1306 1162 1355 1216 vi
1411 1164 1737 1231 procedunt,
1778 1165 2039 1217 inﬁrmari

485 1245 684 1300 debent
712 1256 767 1302 et
794 1250 1011 1304 resolvi.
1082 1319 1093 1330 .

566 1337 814 1395 ZONAR.
870 1340 1033 1399 Vetus
1089 1345 1288 1399 malum
1334 1346 1653 1415 improbitas
1683 1357 1783 1402 est.
1822 1348 1887 1401 Et
1918 1363 2043 1399 vero

488 1427 731 1496 antiquis
774 1431 937 1486 etiam
990 1436 1325 1503 temporibus
1376 1440 1556 1507 aliqua
1613 1449 1799 1493 contra
1864 1438 2040 1507 legum

489 1521 803 1579 sanctiones
830 1525 1285 1591 admittebantur,
1311 1544 1374 1584 ac
1408 1531 1683 1600 principes
1704 1532 1826 1594 viri,
1856 1542 2045 1602 poten-

488 1610 563 1662 tia
585 1611 796 1681 imperii
824 1606 969 1680 freti,
1021 1618 1313 1688 episcopos
1359 1621 1655 1690 eligebant,
1706 1632 1759 1676 et
1809 1623 2037 1691 presby-

2142 423 2483 496 ἀκυροῦσθαι
2534 424 2631 487 τὰς
2663 422 2820 493 παρὰ
2870 422 3078 475 τούτων
3120 421 3410 490 γινομένας
3442 419 3684 487 ψήφουςς

2112 519 2347 582 ,Λύσιςκ
2377 518 2449 570 Οὐ
2475 518 2603 585 περὶ
2631 515 2828 586 ψήφων
2859 514 3015 581 παρὰ
3048 514 3324 585 ἀρχόντων
3348 510 3636 580 γινομένων
3664 514 3690 564 6

2138 606 2319 661 κανὼν
2347 607 2615 671 θεσπίζει,
2646 605 2780 660 ἀλλὰ
2812 608 2940 675 περὶ
2966 605 3160 675 ψήφων
3196 604 3530 663 ἐπισκόπων,
3563 621 3685 672 προ-

2138 699 2435 753 ᾶαινουσῶν
2451 699 2591 759 κατά
2611 698 2854 769 ἐξουσίαν
2872 696 3211 770 ἀρχοντικὴν,
3235 697 3331 749 καλ⁵
3352 696 3481 765 περὶ
3502 694 3689 765 ψήφων

2139 792 2258 862 ἦτοι
2284 791 2628 862 χειροτονιῶν
2657 791 3041 861 πρεσϐυτέριον
3080 789 3114 862 ἢ
3143 788 3427 863 διακόνων,
3468 789 3690 859 προσαι-

2142 885 2347 943 νουσῶν
2390 886 2529 949 κατά
2581 884 2825 943 κέλευσιν
2866 884 3079 954 ὁμοίαν.
3118 884 3259 951 Φησὶ
3297 880 3427 949 γοῦν
3462 881 3557 947 ὡς,
3597 881 3693 945 κᾶν

2140 977 2217 1045 τῷ
2265 977 2442 1030 δοκεῖν
2485 979 2636 1045 παρὰ
2678 977 2786 1029 τῶν
2835 977 3062 1045 ἐχόντων
3105 976 3353 1042 ἐξουσίαν
3407 974 3692 1045 ἀρχιερέων

2140 1069 2419 1133 γίνωνται,
2455 1069 2567 1123 ἀλλ’
2598 1072 2725 1125 ἐπει
2750 1070 2895 1145 κατὰ
2934 1070 3255 1133 δυναστείαν
3295 1070 3391 1123 καὶ
3421 1067 3543 1137 βίαν
3572 1086 3692 1136 προ-

2144 1158 2441 1223 ϐαίνουσιν,
2478 1160 2788 1229 ὀφείλουσιν
2825 1161 3159 1233 άκυροῦσθαι
3216 1159 3311 1213 καὶ
3356 1159 3689 1229 ἀναλύεσθαι.

2209 1346 2453 1401 ΖΩΝΑΡ.
2513 1345 2724 1399 Παλαιὰ
2780 1347 2814 1416 ή
2872 1346 3061 1403 κακία.
3125 1343 3402 1412 Ἐγίνοντο
3448 1346 3557 1415 γάρ
3609 1346 3695 1403 καὶ

2143 1435 2310 1490 πάλαι
2363 1435 2579 1504 ἂθεσμά
2623 1453 2783 1501 τινα,
2840 1438 2933 1493 καὶ
2994 1436 3256 1507 ἄρχοντες
3298 1438 3370 1507 τῇ
3423 1435 3694 1506 δυναστείᾳ

2144 1524 2473 1597 θαρροῦντες
2503 1525 2835 1595 ἐψηφίζοντο
2868 1526 3223 1590 ἐπισκόπους,
3269 1528 3369 1589 καὶ
3406 1526 3693 1594 πρεσόυτὲ-

2148 1632 2272 1686 ρους
2296 1618 2388 1677 καὶ
2401 1618 2679 1681 διακόνους
2701 1616 3073 1685 προσέτασσον
3096 1616 3367 1685 γίνεσθαι.
3394 1616 3576 1671 Ταῦτα
3608 1615 3690 1668 οῦν

489 1708 636 1756 teros
667 1719 755 1775 .nc
808 1704 1070 1761 diaconos
1115 1687 1226 1763 ﬁeri
1275 1726 1375 1778 pro
1428 1687 1696 1779 potestate
1746 1687 2031 1777 iubebant.

2142 1710 2168 1781 ἡ
2191 1708 2401 1775 σύνοδος
2424 1709 2640 1776 κωλύει,
2660 1711 2751 1765 τὸν
2770 1710 3118 1774 ἀποστολικδν
3137 1710 3341 1769 κανόνα
3360 1711 3688 1780 παράγουσαν

488 1790 630 1871 Nihil
662 1794 826 1864 igitur
856 1797 1122 1865 ejusmodi
1156 1802 1400 1871 synodus
1445 1802 1498 1857 in
1534 1814 1811 1871 posterum
1872 1805 2037 1859 licere

487 1883 751 1948 decernit.
800 1889 1118 1959 profertque
1166 1894 1526 1960 apostolicum
1561 1909 1853 1960 eanonem,
1898 1910 2028 1965 quo,

489 1974 533 2030 si
573 1976 695 2044 quis
716 1978 1001 2047 episcopus
1031 1984 1443 2053 magistratuum
1505 1999 1670 2052 opera
1738 1985 2037 2040 Ecclesiam

487 2066 808 2135 obtinuerit,
862 2071 1013 2127 illum
1074 2073 1411 2144 depositione
1445 2076 1608 2133 simul
1664 2092 1727 2132 ac
1767 2092 2023 2146 segrega-

438 2218 445 2225 ³
491 2156 641 2213 tione
690 2157 913 2230 (magno
971 2164 1226 2218 videlicet
1251 2166 1537 2234 supplicio,
1574 2167 1664 2236 qui
1716 2168 1767 2221 id
1827 2169 2035 2235 fecerit,

486 2248 711 2318 dignum
748 2255 1119 2324 existimans),
1149 2272 1253 2312 nec
1312 2258 1462 2311 illum
1498 2268 1728 2323 tantum,
1770 2260 1863 2314 sed
1918 2261 2037 2331 qui-

486 2354 701 2409 cunque
725 2343 791 2396 ab
818 2348 1057 2415 ejusdem
1100 2350 1489 2405 communione
1521 2367 1629 2405 non
1683 2353 2035 2417 abstinuerit,

2137 1799 2196 1861 δς
2223 1801 2313 1851 τὸν
2339 1800 2405 1852 δι’
2450 1802 2728 1871 ἀρχόντων
2776 1802 3022 1871 ἐγκρατῆ
3066 1802 3363 1871 γενόμενον
3419 1801 3690 1870 ἐκκλησίας

2134 1891 2430 1949 ,ἐπίσκοπον
2456 1892 2706 1964 καθαιρεῖ
2724 1894 2837 1963 ἅμα
2868 1895 2963 1955 καὶ
2982 1893 3249 1966 ἀφορίζει,
3276 1892 3522 1963 μεγάλης
3538 1909 3691 1960 τιμω-

2142 1983 2260 2054 ρίας
2282 1984 2447 2049 ἀξιῶν
2468 1984 2555 2037 τὸν
2576 1984 2732 2039 τοῦτο
2755 1984 3031 2050 ποιοῦντα,
3052 1986 3147 2039 καὶ
3173 1986 3272 2038 οὐκ
3293 1987 3503 2038 ἐκεῖνον
3530 1983 3693 2053 μόνον,

2139 2074 2273 2139 ἀλλά
2293 2076 2385 2128 καὶ
2408 2078 2531 2143 τοὺς
2559 2074 2948 2141 κοινωνοῦντας
2966 2076 3133 2145 αὐτῷ.
3150 2074 3357 2145 Ὀρίζει
3382 2074 3437 2127 δὲ
3468 2072 3568 2127 ὑπὸ
3592 2076 3696 2126 ἐπι-

2143 2166 2357 2220 σκόπων
2405 2166 2495 2219 τὸν
2546 2167 2628 2231 είς
2688 2166 2992 2239 ἐπισκοπὴν
3038 2164 3489 2235 προαχθήσεσθαι
3539 2162 3691 2232 ψηφί-

2143 2257 2330 2323 ζεσθαι
2372 2259 2652 2327 μέλλοντα,
2697 2259 2789 2315 καὶ
2825 2258 3094 2329 μέμνηται
3128 2257 3223 2313 τοῦ
3253 2258 3517 2326 τετάρτου
3553 2256 3692 2317 κανό-

2142 2365 2232 2410 νος
2262 2348 2369 2401 τῶν
2400 2349 2457 2401 ἐν
2488 2349 2534 2400 Ν
2543 2350 2691 2420 ικαίᾳ
2714 2351 2884 2416 ἁγίων
2906 2349 3182 2420 Πατέρων,
3211 2349 3269 2413 ὃς
3296 2342 3543 2420 ἐξηγήθη
3572 2351 3690 2403 ἐκεῖ.

486 2436 667 2503 puniri
703 2437 875 2504 jubet.
910 2441 990 2493 Ah
1044 2444 1317 2514 episcopis
1360 2454 1542 2503 autem
1595 2462 1743 2511 eum,
1799 2448 1890 2517 qui
1955 2447 2021 2501 ad
2047 2444 2421 2514 episcOpatum
2482 2446 2797 2503 evehendus
2858 2455 2965 2511 est,
3025 2444 3329 2500 renuntiari
3397 2444 3584 2513 placet,
3637 2459 3692 2496 ac

484 2530 663 2610 quarti
694 2530 963 2588 canonisa
987 2537 1191 2605 sanctis
1224 2536 1478 2592 Patribus
1513 2540 1567 2592 in
1597 2539 1810 2595 Nicaena
1833 2539 2043 2610 synodo
2077 2537 2205 2591 editi
2242 2535 2568 2592 mentionem
2605 2537 2870 2606 adjungit,
2903 2538 2994 2606 qui
3027 2537 3223 2595 ibidem
3281 2536 3607 2602 explicatur.

489 2602 512 2674 ἆ
541 2619 765 2679 ARIST.
799 2602 1003 2681 Omnis
1029 2628 1226 2683 electio
1260 2644 1290 2683 a
1332 2630 1690 2687 saecularibus
1744 2602 2036 2701 magistra-

912 2736 929 2768 ι
959 2718 1105 2772 tibus
1132 2719 1271 2774 fat-tu
1308 2720 1455 2775 irrita
1481 2722 1571 2777 sit.
1592 2742 1613 2779 r

562 2803 619 2857 In
660 2806 848 2862 multis
870 2811 1183 2865 canonibus
1204 2811 1424 2873 dicitur,
1475 2813 1617 2882 quod
1667 2815 1735 2869 ab
1779 2815 2034 2871 omnibus

483 2897 757 2966 cujusque
806 2902 1098 2969 provinciae
1148 2905 1422 2975 episcopis
1460 2907 1529 2977 (si
1565 2907 1782 2976 quidem
1845 2907 1956 2962 ﬂeri
1985 2908 2036 2963 id

2145 2631 2362 2688 ΔΡΙΣΤ.
2427 2650 2446 2687 ι
2489 2632 2642 2684 Πᾶσα
2690 2631 2868 2699 ψῆφος
2936 2628 3043 2682 ὑπὸ
3095 2627 3383 2697 κοσμικῶν
3434 2627 3691 2697 ἀρχόντων

2559 2740 2577 2774 ι
2618 2721 2875 2791 γινομένη
2905 2720 3105 2787 ἄκυρος
3134 2719 3294 2777 ἔστω.
3332 2738 3351 2769 ι

2232 2816 2320 2868 Ἐν
2352 2814 2567 2877 πολλοῖς
2596 2813 2702 2866 τῶν
2739 2813 2980 2867 κανόνων
3012 2813 3227 2881 εἴρηται
3266 2812 3329 2861 τὸ
3365 2807 3467 2863 ὑπὸ
3492 2809 3689 2863 πάντων

2146 2908 2253 2958 τῶν
2284 2906 2599 2961 ἐπισκόπων
2631 2903 2863 2967 ἑκάστης
2904 2902 3171 2975 ἐπαρχίας
3202 2900 3450 2965 ὀφείλειν
3480 2897 3688 2967 ψηφίζε-

486 2991 685 3061 potcst)
729 2991 854 3063 eligi
892 2994 1073 3059 debet,
1122 2999 1212 3067 qui
1244 3000 1310 3052 ad
1359 3000 1730 3071 episcopatum
1789 3009 1873 3057 est
1914 3017 2035 3071 pro-

2148 2996 2268 3049 σθαι
2302 2996 2437 3065 (εἴγε
2461 2993 2617 3046 τοῦτο
2650 2992 2892 3059 δυνατὸν)
2930 2992 3022 3047 τὸν
3082 2989 3348 3061 μέλλοντα
3382 2993 3458 3053 είς
3488 2991 3688 3043 ἐπισκο-

488 3083 833 3141 ninvendus:
888 3087 975 3141 sin
1036 3090 1235 3156 minus,
1268 3106 1296 3143 a
1356 3092 1528 3146 tribus
1578 3092 1789 3148 saltem.
1823 3096 2038 3163 episco-

484 3175 589 3242 pis,
653 3175 969 3233 absentibus
1019 3183 1180 3235 etiam
1236 3198 1331 3251 per
1384 3184 1590 3239 litteras
1639 3186 1893 3253 suil‘ragia
1934 3204 2033 3242 sna

483 3261 806 3323 ferentibus.
886 3267 1250 3328 Saecularibus
1304 3283 1483 3331 autem
1562 3278 1900 3345 principibus
1961 3279 2040 3333 uti

482 3357 799 3425 quemlibet,
827 3370 882 3414 et
929 3377 1024 3429 per
1051 3379 1144 3420 eos
1187 3365 1444 3422 Ecclesiae
1490 3368 1719 3433 alicuius
1751 3386 2038 3439 possesso—

485 3463 596 3502 rem
620 3450 755 3513 ﬁeri,
784 3468 892 3508 non
946 3458 1107 3511 modo
1152 3459 1423 3513 infirmum
1463 3469 1567 3527 est,
1599 3463 1691 3515 sed
1723 3474 1773 3516 et
1818 3463 2034 3531 deposi-

483 3542 683 3597 tionem
720 3555 774 3599 et
826 3551 1251 3618 scgregatiouem
1298 3552 1347 3606 ei
1384 3552 1557 3619 aliert,
1608 3554 1699 3622 qui
1755 3555 1845 3609 tali
1881 3557 2040 3609 modo

485 3634 847 3693 sacerdotium
881 3641 1135 3697 ob'itmit.

786 3804 795 3815 _
972 3736 1135 3806 290
1187 3736 1412 3793 canon
1465 3740 1551 3794 IV.

490 3839 511 3877 ι
551 3821 735 3879 Pmco
763 3827 1011 3882 veritatis
1040 3846 1273 3898 magnus
1300 3832 1502 3887 Paulus
1553 3833 1766 3888 divinus
1806 3843 2033 3902 aposto-

561 3934 581 3969 ι
620 3919 726 3982 lus,
783 3924 1075 3987 quemdam
1123 3924 1285 3977 veluti
1345 3941 1610 3979 canonem
1682 3926 2037 3995 Ephesiorum

560 4028 579 4059 ‹
625 4011 955 4081 presbyteris
978 4014 1287 4081 imponens,
1321 4017 1401 4071 vel
1432 4021 1702 4071 «universae
1748 4018 1925 4086 potius
1949 4034 2037 4071 sa-

562 4120 582 4152 ι
614 4103 878 4160 cei-dotali
918 4108 1275 4169 multitudini,
1312 4109 1395 4163 sic
1463 4109 1632 4163 libere
1664 4110 1804 4163 dixit
1832 4129 1845 4164 :
1895 4129 1913 4159 ι
1939 4111 2044 4163 Ar-

559 4214 579 4246 ι
617 4209 833 4267 genium
872 4199 954 4253 vel
992 4216 1188 4254 aurum
1229 4202 1308 4255 vel
1340 4211 1541 4258 vestem
1580 4203 1781 4256 nullius
1836 4219 2042 4257 concu-

560 4307 580 4341 ι
618 4291 749 4359 pivi,
815 4293 997 4347 omnia
1054 4293 1216 4349 vobis
1267 4296 1503 4357 ostendi,
1542 4296 1684 4363 quod
1724 4305 1935 4365 oportet
1963 4296 2040 4351 sic

2150 3088 2257 3155 πὴν
2285 3086 2713 3158 προϐιϐάζεσθαι
2740 3101 2752 3114 ·
2783 3086 2830 3138 εί
2881 3084 2938 3139 δὲ
2975 3085 3071 3155 μὴ,
3125 3083 3224 3147 κᾶν
3256 3084 3368 3135 ὑπὸ
3392 3084 3553 3154 τριῶν
3585 3083 3690 3134 ἐπι-ο

2148 3182 2384 3243 σκόπων.
2421 3178 2726 3248 συμψὴφων
2752 3178 3051 3247 γινομένων
3082 3180 3177 3229 καὶ
3205 3176 3317 3229 τῶν
3353 3176 3592 3230 ἀπόντων
3614 3173 3689 3225 διά

2148 3272 2511 3342 γραμμάτων.
2559 3271 2631 3322 Τὸ
2685 3269 2740 3321 δὲ
2802 3270 3088 3337 κοσμικοῖς
3141 3269 3373 3336 ἄρχουσι
3406 3262 3690 3337 χρήσασθαί

2148 3383 2290 3429 τινα,
2326 3367 2421 3418 καὶ
2449 3364 2514 3417 δι’
2552 3362 2727 3417 αὐτῶν
2763 3361 3059 3428 ἐκκλησίας
3099 3360 3241 3423 τινος
3281 3360 3526 3430 ἐγκρατῆ
3552 3356 3690 3426 γενέ-

2150 3457 2297 3521 σθαι,
2356 3457 2417 3511 ού
2478 3457 2638 3526 μόνον
2686 3455 2835 3509 ἐστὶν
2894 3453 3210 3523 ἀνίσχυρον,
3269 3452 3409 3505 ἀλλὰ
3456 3451 3693 3519 καθαίρε-

2150 3567 2235 3602 σιν
2280 3551 2375 3603 καὶ
2412 3547 2716 3617 ἀφορισμδν
2761 3545 2956 3614 ἐπάγει
3007 3545 3082 3615 τῷ
3119 3544 3549 3615 τοιουτοτρόπως
3601 3540 3690 3612 τῆς

2108 3654 2113 3659 ‘
2148 3644 2446 3713 ἱερωσύνης
2468 3642 2703 3712 τυχόντι.

2746 3731 2984 3785 ΚΑΝΩΝ
3040 3729 3114 3784 Δ’.

2150 3845 2173 3878 ι
2233 3827 2291 3879 ’U
2324 3826 2495 3896 κήρυξ
2547 3826 2646 3894 τῆς
2672 3822 2927 3894 ἀληθείας
2958 3823 2986 3878 6
3014 3821 3188 3891 μέγας
3242 3820 3453 3884 Παῦλος
3494 3821 3522 3872 6
3566 3818 3691 3880 θεῖος

2215 3939 2244 3970 1
2289 3919 2606 3979 ἀπόστολος,
2652 3917 2812 3968 οἱονεὶ
2844 3914 3046 3967 κανόνα
3088 3913 3258 3978 τιθεὶς
3290 3916 3405 3976 τοῖς
3450 3910 3689 3980 Ἐφεσίων

2222 4032 2241 4063 ι
2287 4011 2698 4081 πρεσΞυτέροις,
2748 4008 2948 4077 μᾶλλον
3001 4006 3057 4059 δέ
3104 4006 3197 4059 καὶ
3216 4008 3409 4059 vitm-ci.
3452 4000 3690 4075 ἱερατικῷ
3739 4045 3742 4049 .

2220 4124 2243 4155 ι
2287 4101 2632 4172 πληρώματι,
2655 4100 2827 4163 οὕτως
2856 4098 3269 4171 ἐπαρῤησιάσθη
3298 4098 3471 4152 εἰπών
3494 4118 3505 4131 ι
3533 4117 3550 4148 ι
3583 4098 3691 4167 ’Δρο

2228 4214 2245 4247 ι
2288 4193 2476 4263 γυρίου
2509 4193 2541 4264 ἢ
2582 4193 2807 4263 χρυσίου
2853 4190 3213 4261 ἢίματισμοῦ
3254 4191 3470 4254 οὐδενὸς
3511 4188 3687 4244 ἐπεθύ-

2230 4304 2249 4337 ι
2294 4302 2467 4355 μησα,
2494 4285 2668 4337 πάντα
2693 4283 2947 4348 ὑπέδειξα
2975 4283 3125 4352 ὑμῖν,
3158 4284 3241 4336 ὅτι
3274 4284 3450 4347 οὕτως
3479 4281 3689 4336 κοπιῶνσ

561 4398 580 4430 ι
616 4382 929 4437 laborantes
990 4384 1243 4437 inﬁrmes
1297 4386 1593 4453 suscipere.
1634 4386 1765 4440 dare
1822 4384 2036 4439 beatius

2214 4396 2235 4430 ι
2278 4395 2375 4441 τας
2420 4377 2501 4432 δεῖ
2554 4375 3055 4444 ἀντιλαμϐάνεσθαι
3113 4376 3222 4429 τῶν
3293 4374 3685 4435 ἀσθενούντων,

560 4485 777 4540 «quam
842 4472 1082 4541 recipere
1136 4473 1511 4528 existimantes
1565 4478 1633 4530 ".
1676 4494 1694 4525 ι
1766 4475 2036 4540 Quocirca

558 4580 579 4612 ι
612 4577 715 4616 nos
744 4565 812 4616 ab
844 4580 915 4617 eo
941 4564 1126 4618 edocti
1160 4566 1482 4629 statuimus,
1522 4582 1590 4619 ne
1655 4568 1832 4636 turpis
1895 4568 2034 4621 lucri

562 4672 583 4705 ι
624 4655 799 4722 gratia
837 4655 1127 4725 episcopus
1154 4659 1543 4712 excusationes
1572 4659 1628 4711 in
1670 4659 1909 4728 peccatis
1939 4674 2041 4715 exp

563 4761 586 4797 ι
618 4746 892 4815 cogitans,
912 4762 1102 4800 aurum
1142 4748 1224 4803 vel
1252 4757 1530 4817 argentum
1560 4749 1642 4802 vel
1678 4750 1841 4804 ullam
1872 4752 2036 4805 aliam

565 4857 585 4889 ι
627 4841 862 4909 speciem
920 4840 988 4895 ab
1035 4841 1122 4906 iis,
1148 4841 1248 4911 qui
1307 4840 1409 4896 sibi
1467 4841 1718 4906 subsunt,
1769 4844 2043 4913 episcopis

563 4948 581 4982 ι
613 4931 698 4986 vel
752 4930 973 4985 clericis
1030 4931 1111 4988 vel
1149 4932 1438 4989 monachis
1486 4932 1860 5001 exigaLDicit
1894 4938 2041 4991 enim

561 5040 582 5072 ι
620 5026 947 5095 Apostolus:
982 5042 1001 5074 ι
1042 5022 1234 5092 lnjusti
1270 5041 1496 5095 regnum
1548 5025 1637 5079 Dei
1698 5040 1807 5078 non
1857 5027 2041 5095 passi-

563 5133 585 5165 ι
620 5116 861 5171 debunt:
892 5131 991 5172 nec
1027 5118 1228 5173 debent
1254 5119 1415 5173 liberi
1475 5120 1794 5188 parentibus
1822 5122 2044 5181 thesau-

568 5224 588 5258 ι
629 5224 747 5262 rum
782 5224 996 5279 parare,
1029 5209 1121 5265 sed
1149 5221 1403 5281 parentes
1449 5212 1634 5267 liberis
1663 5212 1729 5265 °'.
1754 5231 1776 5264 ι
1807 5212 1863 5266 Si
1914 5213 2040 5282 quis

568 5316 589 5350 ι
626 5315 755 5367 ergo
781 5317 882 5371 per
906 5305 1247 5357 exactionem
1270 5304 1416 5369 auri,
1445 5304 1528 5358 vel
1559 5302 1790 5373 alicujus
1810 5305 2044 5361 alterius

568 5405 591 5441 ι
620 5391 846 5459 speciei,
878 5391 962 5447 vel
989 5402 1207 5463 propter
1230 5396 1465 5465 aliquam
1486 5395 1763 5465 propriam
1793 5393 2042 5449 aﬂ'ectio—

568 5496 589 5531 ι
627 5497 744 5535 nem
769 5499 796 5535 a
833 5484 1140 5540 ministerio
1186 5502 1373 5541 arcere
1436 5488 1690 5541 inventus
1728 5485 1920 5550 fuerit,
1951 5485 2039 5541 vel

2219 4487 2238 4521 ι
2285 4468 2552 4536 μακάριον
2570 4469 2911 4537 ἡγουμένους
2934 4469 2993 4518 τὸ
3032 4467 3230 4519 διδόναι
3257 4468 3287 4538 ἢ
3331 4467 3638 4536 λαμϐάνειν.
3665 4481 3681 4515 ι

2224 4581 2242 4613 ι
2284 4562 2372 4619 Διὸ
2403 4562 2496 4614 καὶ
2522 4562 2682 4628 ἡμεῖς
2731 4560 2996 4629 μαθόντες
3037 4559 3167 4629 παρ’
3212 4561 3377 4612 αὐτοῦ
3429 4558 3682 4628 ὁρίζομεν.

2220 4674 2240 4708 ι
2285 4654 2407 4725 μηδ’
2431 4654 2568 4715 ὅλως
2593 4651 2999 4723 αἰσχροκερδῶς
3024 4651 3358 4705 ἐπινοεῖσθαι
3390 4652 3682 4706 ἐπίσκοπον,

2192 4791 2197 4797 .
2226 4765 2245 4798 ι
2284 4745 2754 4818 προφασιζόμενον
2788 4744 3087 4814 προφάσεις
3107 4747 3165 4795 ἐν
3190 4744 3508 4813 ἁμαρτίαις,
3537 4741 3681 4796 ἀπανι-

2223 4858 2243 4891 ι
2286 4843 2396 4897 τεῖν
2430 4838 2629 4910 χρυσὸν
2684 4838 2717 4908 ἢ
2767 4838 3008 4908 ἄργυρον
3060 4836 3095 4906 ἦ
3146 4836 3332 4907 ἕτερον
3382 4831 3513 4896 εἶδος
3568 4831 3678 4889 τοὺς

2224 4949 2244 4982 ι
2288 4932 2379 4989 ὑπ’
2421 4931 2583 4983 αὑτὸν
2624 4928 2911 4991 τελοῦντας
2944 4928 3273 4991 ἐπισκόπους
3319 4928 3351 4997 ἢ
3407 4920 3677 4994 κληρικοὺς

2224 5042 2244 5075 ⁸
2284 5023 2317 5094 ἦ
2352 5022 2647 5091 ημοναχούς.
2693 5023 2829 5090 Φησὶ
2882 5021 2988 5090 γὰρ
3033 5025 3060 5073 ὁ
3094 5019 3419 5080 Ἀπόστολος
3444 5034 3458 5048 ’
3497 5034 3515 5071 ι
3557 5011 3676 5064 Ἀδι-

2224 5135 2244 5169 ι
2286 5133 2370 5169 κοι
2420 5115 2705 5183 βασιλείαν
2746 5116 2887 5167 Θεοῦ
2920 5115 2977 5167 ού
3033 5113 3541 5184 κληρονομήσουσι·
3593 5102 3673 5156 καὶ

2220 5228 2245 5263 ι
2282 5209 2387 5263 ούκ
2414 5209 2619 5277 ὀφείλει
2647 5208 2712 5263 τά
2745 5209 2909 5263 τέκνα
2944 5209 3054 5269 τοῖς
3080 5204 3295 5274 γονεῦσι
3327 5199 3669 5272 θησαυρίζειν.

2222 5319 2247 5356 ι
2288 5300 2406 5355 ἀλλ’
2463 5300 2511 5353 ei
2559 5302 2735 5368 γονεῖς
2770 5303 2879 5362 τοῖς
2926 5299 3153 5356 τέκνοις.
3196 5317 3214 5348 ι
3250 5296 3315 5351 ει
3366 5311 3448 5356 τις
3487 5289 3569 5345 οὖν
3613 5282 3669 5337 δι’

2226 5412 2251 5445 ι
2290 5393 2583 5462 ἀπαίτησιν
2614 5391 2817 5463 χρυσοῦ
2850 5392 2880 5463 ἢ
2927 5392 3117 5461 ἐτέρου
3164 5390 3299 5451 τινος
3346 5387 3536 5445 εἴδους,
3576 5378 3693 5457 είτςι

2226 5504 2249 5540 r
2286 5487 2373 5541 διά
2420 5504 2539 5541 τινα
2598 5484 2926 5539 ίδιοπάθειαν
2982 5483 3231 5554 εὑρεθείη
3281 5480 3547 5548 άπείργων
3586 5467 3663 5536 τῆς

648 5661 694 5695 ⁸⁹
726 5661 913 5718 Actor.
944 5678 1036 5729 xx,
1063 5662 1147 5725 53,
1182 5662 1267 5716 35.
1346 5664 1391 5697 “
1420 5664 1438 5720 1
1470 5664 1592 5721 Cor.
1638 5680 1713 5732 vr,
1756 5665 1821 5732 9;
1852 5662 1895 5719 ii
1936 5661 2063 5725 Cor.
2112 5680 2208 5735 xu,
2241 5664 2327 5721 ιι.
