4092 6214
470 244 580 310 895

1659 198 1934 302 THEOD.
1970 239 2364 303 BALSAMON

3572 237 3676 303 896

472 355 747 424 majorem
785 361 1134 425 potestatem,
1181 363 1236 411 ct
1283 365 1463 427 potest
1516 356 1584 411 de
1640 357 1709 413 lis
1766 358 1931 413 rebus
1968 367 2025 410 ut

2140 357 2245 410 τίαν
2264 358 2359 409 καὶ
2385 354 2663 423 δυναμένῳ
2703 352 2917 424 διαιτᾷν
2946 353 3059 417 τοῖς
3083 350 3365 415 τοιούτοις.
3398 350 3560 422 Ζήτει
3590 356 3681 408 καὶ

472 448 642 519 judex
683 463 1035 514 cognoscere.
1070 447 1264 514 Quaere
1294 460 1349 503 et
1401 464 1524 503 can.
1558 451 1645 515 l7,
1682 451 1766 505 tit.
1827 454 1877 512 1.
1929 451 2021 505 lib.

478 557 565 605 Ill,
594 540 761 595 Basil.
795 555 915 609 qua:
942 541 1161 610 quidem
1200 551 1286 595 est
1333 540 1557 597 Novella
1589 545 1905 607 Justiniani,
1949 548 2029 599 sic

480 635 708 687 dicens:
742 629 1009 686 Omnibus
1040 643 1222 687 autem
1272 635 1542 703 episcopis
1577 636 1657 689 vel
1694 636 2029 705 presbyteris

479 725 884 787 interdicimus,
918 740 986 777 ne
1026 727 1332 794 quempiam
1359 742 1389 779 a
1421 737 1608 781 saneta
1639 730 2029 783 communione

481 825 790 885 Segregent,
808 815 1124 885 priusquam
1154 833 1315 871 causa
1350 829 1564 872 oslensa
1600 820 1782 883 fuerit,
1813 830 2031 889 propter

481 924 644 975 quam
673 909 1034 965 ecclesiastici
1069 926 1309 965 canones
1346 915 1446 966 lioc
1467 912 1659 978 jubcnt
1689 912 1838 967 ﬁeri:
1870 914 2027 983 29],

481 998 525 1053 si
559 999 685 1068 quis
714 1008 892 1055 autem
925 1015 1124 1069 praeter
1156 1002 1275 1056 haec
1318 1018 1347 1056 a
1413 1011 1601 1057 sancta
1648 1005 2033 1060 communione

482 1092 791 1161 quempiam
849 1094 1209 1161 separaverit,
1245 1093 1334 1148 ille
1378 1094 1617 1161 quidem,
1644 1097 1735 1163 qui
1767 1110 1797 1148 a
1844 1104 2031 1151 sancta

483 1183 870 1237 communione
907 1184 1111 1251 injuste
1133 1196 1420 1253 separatus
1448 1194 1551 1248 est.
1584 1188 1761 1241 soluta
1811 1203 2037 1257 separa-

486 1271 689 1326 tiouea
723 1273 914 1340 majori
946 1273 1209 1339 antistite,
1270 1284 1459 1331 sancta
1508 1278 1898 1339 communione
1947 1281 2033 1335 di-

490 1379 631 1432 gnus
684 1366 1049 1419 existimetur.
1104 1365 1206 1431 Qui
1270 1376 1451 1421 autem
1525 1368 1730 1436 injuste
1798 1370 2032 1440 aliquem

488 1463 677 1509 sancta
703 1456 1092 1511 communione
1126 1456 1341 1525 privare
1392 1474 1558 1514 ausus
1616 1468 1720 1524 est,
1779 1462 2036 1518 omnibus

489 1544 665 1599 modis
690 1562 717 1599 a
749 1545 1049 1611 sacerdote,
1081 1548 1169 1603 cui
1216 1556 1298 1603 est
1351 1549 1653 1619 subjectus,
1706 1561 1858 1609 tanto
1897 1564 2034 1608 tem-

488 1649 640 1704 pore,
673 1646 935 1706 quantum
968 1638 1014 1692 is
1044 1639 1181 1693 satis
1216 1655 1338 1695 esse
1393 1641 1612 1705 viderit,
1655 1645 2037 1700 communione

491 1728 829 1791 movebitur;
861 1737 919 1783 ut
951 1732 1094 1799 quod
1146 1732 1354 1799 injuste
1399 1731 1549 1797 fecit,
1580 1734 1727 1803 juste
1774 1738 2034 1806 patiatur.

491 1810 626 1867 Nota
660 1827 979 1883 praesentem
1012 1833 1303 1883 canonem,
1334 1824 1424 1890 qui
1452 1837 1612 1891 pmna
1641 1824 1859 1880 talionis
1886 1827 2039 1893 punit

491 1905 799 1975 episcopos,
823 1909 915 1977 qni
950 1911 1124 1978 turpis
1149 1921 1391 1981 quaestus
1433 1916 1628 1983 gratia,
1677 1916 1762 1970 vel
1822 1929 2041 1989 propter

492 1996 729 2064 privatas
764 1997 1099 2062 all'ectiones.
1128 2017 1193 2056 ex
1224 2003 1340 2057 suis
1374 2005 1585 2074 aliquos
1613 2016 1915 2076 segregant.
1956 2010 2039 2064 vel

497 2088 698 2155 templa
731 2089 1014 2144 claudunt.
1048 2090 1228 2157 Quare
1255 2093 1346 2162 qui
1378 2096 1459 2149 sic
1493 2097 1822 2167 segregavit,
1861 2115 2039 2169 segre-

494 2184 728 2252 gabitur.
753 2184 854 2252 Qui
886 2198 1066 2242 autem
1100 2189 1368 2256 templum
1417 2191 1639 2255 clausit,
1695 2193 1821 2263 plus
1874 2209 2039 2264 quam

496 2278 870 2345 segregatione
892 2280 1168 2348 punietur.
1196 2279 1272 2336 Ne
1323 2283 1526 2338 dixeris
1568 2293 1748 2340 autem
1808 2302 1905 2356 per
1952 2303 2042 2342 ar-

495 2379 812 2436 gumentum
848 2386 876 2423 a
910 2374 1188 2428 contrario
1235 2384 1511 2442 sumptum
1541 2392 1647 2430 non
1701 2379 1881 2445 puniri
1927 2380 2037 2449 epi-

497 2477 745 2531 scopum,
769 2464 857 2531 qni
882 2480 989 2518 non
1016 2476 1230 2533 propter
1256 2474 1410 2535 turpe
1438 2468 1648 2520 lucrum
1672 2469 1756 2521 vel
1776 2470 2041 2538 privatam

496 2552 862 2621 all‘ectionem,
902 2556 995 2611 sed
1021 2556 1146 2625 jure
1175 2563 1426 2626 segregat
1458 2557 1670 2625 aliquos
1702 2561 1786 2613 vel
1841 2561 2042 2629 templa

497 2646 745 2699 claudit:
784 2646 875 2700 sed
901 2656 1277 2715 argumentum
1311 2662 1341 2700 a
1396 2648 1674 2702 contrario
1737 2652 1926 2719 accipe
1977 2651 2046 2707 ad

500 2734 647 2787 solas
689 2736 1112 2804 segregationes.
1151 2736 1458 2805 Episcopus
1491 2738 1659 2801 enim,
1682 2738 1772 2807 qui
1803 2755 1867 2792 cx
1907 2756 2046 2810 qua-

501 2840 722 2892 cunque
779 2826 894 2880 sive
937 2826 1081 2893 justa
1129 2829 1243 2881 sive
1293 2829 1494 2896 injusta
1537 2844 1725 2893 causa,
1789 2834 2046 2902 templum

500 2916 730 2978 claudit,
768 2916 1043 2985 punietur,
1080 2926 1135 2970 ut
1174 2918 1305 2971 mihi
1339 2918 1559 2987 quidem
1614 2920 1849 2989 videtur,
1906 2924 2048 2981 sicut

442 2998 447 3001 ⁷
500 3006 753 3073 superius
779 3008 981 3061 dictum
1014 3018 1117 3063 est.

976 3098 1156 3152 Altera
1191 3100 1580 3167 interpretatio.

571 3188 818 3244 Prmscns
864 3190 1082 3261 quidem
1132 3201 1362 3261 quartus
1413 3208 1585 3247 canon
1641 3196 1709 3249 ab
1760 3199 1909 3253 omni
1954 3215 2049 3255 ex-

499 3285 741 3347 actione,
786 3285 959 3351 turpis
993 3284 1129 3337 lucri
1161 3286 1359 3353 gratia.
1390 3286 1622 3341 clericos
1678 3290 1889 3351 liberat,
1930 3307 2050 3359 qua:

502 3375 571 3429 ab
603 3376 964 3434 antistitibus.
1014 3380 1104 3446 qui
1163 3376 1298 3430 locis
1360 3390 1620 3447 praesunt,
1683 3382 2046 3452 excogitatur.

503 3464 816 3517 Secundum
856 3473 1059 3528 autem,
1102 3467 1341 3528 tertium,
1385 3476 1640 3534 quartum
1686 3482 1739 3525 et
1793 3472 2046 3541 quintum

502 3566 668 3626 caput
699 3557 792 3611 lib.
823 3572 901 3619 Ill,
931 3558 1015 3611 tit.
1046 3559 1099 3616 '5.
1126 3558 1343 3615 Basilio.
1382 3576 1557 3630 neque
1599 3573 1919 3619 metatorum
1948 3567 2049 3622 da-

501 3650 768 3716 tinnibns,
789 3665 961 3720 neque
988 3652 1258 3720 personali
1290 3669 1533 3717 munere,
1568 3657 1647 3711 vel
1681 3658 1806 3713 ullis
1827 3661 2050 3715 omnino

504 3743 733 3813 publicis
759 3744 1017 3797 oneribus
1046 3743 1274 3799 clericos
1300 3747 1557 3803 astrictos
1586 3766 1709 3804 esse
1727 3751 2048 3820 decernunt,

503 3835 598 3889 sed
632 3844 756 3889 nota
794 3834 1005 3904 publica
1040 3836 1237 3890 tributa
1273 3852 1445 3907 eaque
1476 3842 1592 3896 sola
1645 3844 1898 3911 pendere.
1930 3844 2050 3900 Jam

478 3920 632 3980 'vero
676 3926 820 3980 inter
874 3925 1230 3993 imperatores
1262 3928 1622 3987 celebrandus
1648 3934 1900 3989 dominus
1938 3934 2052 3989 Ma-

503 4020 630 4074 nttel
664 4020 998 4083 Comnenus,
1037 4034 1132 4088 per
1160 4018 1362 4073 Bullam
1404 4022 1633 4077 Auream
1698 4041 1885 4080 mense
1912 4027 2046 4082 Feb.

507 4112 811 4168 indictione
843 4130 938 4181 vit,
975 4128 1064 4167 an.
1101 4111 1246 4167 6600
1306 4114 1583 4182 emissam,
1626 4118 1899 4172 concessit
1932 4133 2051 4173 om-

506 4205 668 4261 nibus
696 4204 1091 4268 saeerdotibus,
1127 4211 1217 4277 qui
1271 4205 1449 4261 ubivis
1488 4205 1769 4263 Romaniae
1803 4209 2051 4264 locorum

507 4298 773 4363 assident,
803 4307 857 4353 et
885 4298 1098 4367 publica
1161 4313 1317 4353 sacra
1370 4309 1655 4370 peragunt,
1698 4316 1806 4354 non
1874 4302 2051 4356 solum

506 4393 574 4445 ab
603 4392 749 4445 omni
779 4407 943 4445 onere
975 4393 1192 4462 publico
1243 4398 1659 4450 excusationem
1694 4396 1916 4457 habere.
1954 4398 2049 4451 sed

503 4484 665 4536 etiam
716 4483 1120 4538 immunitatem
1182 4484 1546 4555 jugationum.
1624 4485 1757 4543 Post
1828 4488 2052 4558 aliquod

506 4582 689 4630 autem
736 4583 951 4644 tempus
993 4577 1073 4632 eis
1107 4593 1320 4648 quoque
1374 4579 1606 4649 largitus
1660 4588 1745 4636 est
1797 4581 2058 4636 immuni-

506 4676 673 4723 tatem
708 4669 904 4738 eapitis
966 4672 1167 4741 quarti,
1209 4672 1427 4727 etiamsi
1463 4688 1569 4728 non
1634 4674 1745 4730 sint
1777 4689 1843 4730 ex
1898 4674 2058 4746 juga~

504 4760 654 4815 tione
675 4777 796 4831 qua:
826 4762 894 4816 ab
927 4764 1009 4818 eis
1039 4763 1241 4819 dantur
1293 4764 1517 4819 tributa.
1552 4765 1756 4822 Dictam
1813 4775 1992 4822 autent
2022 4783 2053 4824 a

503 4852 739 4925 publicis
772 4856 1092 4911 muneribus
1127 4855 1539 4912 excusationem
1564 4858 1713 4914 dedit
1769 4859 2048 4924 omnibus,

506 4947 599 5018 qui
632 4948 685 5003 in
718 4949 1095 5019 personalibus
1135 4948 1522 5005 ecclesiasticis
1541 4956 1597 5004 et
1642 4950 2044 5006 monasteriali-

2126 464 2251 514 κεφ.
2303 445 2371 509 ιζ’
2433 445 2527 499 τοῦ
2561 451 2618 498 α’
2652 446 2836 498 τίτλον
2877 444 2971 498 τοῦ
3013 450 3062 515 γ’
3101 444 3305 515 βιβλίου
3334 446 3443 497 τῶν
3472 445 3678 498 Βασιλι-

2126 539 2260 601 κῶν,
2290 541 2425 609 ὅπερ
2446 537 2560 591 ἐστὶ
2586 537 2773 608 Νεαρὰ
2802 537 3261 599 Ἰουστινιάνειος,
3294 537 3452 601 λέγον
3480 537 3677 598 οὕτως’

2129 630 2269 684 Πᾶσι
2299 629 2353 681 δὲ
2394 630 2505 692 τοῖς
2533 628 2855 690 ἐπισκόποις
2886 628 2980 681 καὶ
3012 627 3408 697 πρεσϐυτέροις
3442 628 3678 695 ἀπαγορ-

2130 719 2325 787 εύομεν
2377 720 2449 786 μὴ
2498 720 2779 788 ἀφορίζειν
2830 720 2952 773 τινὰ
3005 722 3103 790 τῆς
3164 721 3325 784 ἁγίας
3379 719 3676 781 κοινωνίας,

2132 810 2261 882 πρὶν
2282 810 2429 864 αἰτία
2471 810 2654 882 δειχθῇ
2678 811 2745 861 δι’
2772 811 2839 881 ἢν
2869 814 2917 864 oi
2950 812 3245 880 ἐκκλησίας
3283 810 3508 870 κανόνες
3531 809 3681 861 τοῦτο

2133 901 2380 969 γίνεσθαι
2429 901 2739 954 κελεύουσιν
2768 917 2783 932 ο
2819 904 2867 953 εί
2917 903 2980 956 δέ
3028 920 3112 965 τις
3174 901 3328 967 παρά
3376 899 3549 953 ταῦτα
3591 902 3681 970 τῆς

2133 994 2294 1061 ἁγίας
2354 993 2632 1057 κοινωνίας
2688 993 2909 1063 χωρὶσςι
2964 995 3126 1056 τινὰ,
3182 995 3390 1054 ἐκεῖνος
3458 993 3573 1058 μὲν,
3627 992 3683 1053 ὃς

2132 1084 2332 1143 ἀδίκως
2374 1085 2471 1153 τῆς
2524 1083 2682 1149 ἁγίας
2731 1085 3014 1147 κοινωνίας
3075 1083 3377 1153 ἐχωρίσθη,
3429 1082 3682 1146 λυομένου

2132 1173 2229 1226 τοῦ
2267 1173 2544 1244 χωρισμοῦ
2577 1174 2683 1226 ὑπὸ
2718 1174 2811 1227 τοῦ
2863 1174 3106 1239 μείζονος
3154 1174 3371 1244 ίερέως,
3402 1173 3502 1243 τῆς
3531 1172 3684 1240 ἁγίας

2135 1264 2404 1330 ἀξιούσθω
2434 1265 2740 1329 κοινωνίας.
2782 1267 2842 1319 '0
2898 1266 2957 1320 δὲ
3008 1266 3210 1330 ἀδίκως
3255 1266 3381 1318 τινὰ
3405 1266 3507 1334 τῆς
3534 1265 3685 1333 ἁγίας

2133 1357 2416 1419 κοινωνίας
2446 1358 2678 1426 χωρίσαι
2705 1357 3005 1427 τολμήσας.
3049 1359 3184 1410 πᾶσι
3210 1357 3441 1427 τρόποις
3462 1357 3566 1409 ὑπὸ
3586 1356 3676 1410 τοῦ

2135 1448 2346 1518 ἱερέως.
2369 1449 2458 1515 ὑφ’
2498 1449 2558 1502 όν
2593 1450 2873 1512 τέτακται,
2912 1448 3307 1520 χωρισθήσεται
3358 1447 3459 1516 τῆς
3505 1437 3686 1501 κοινω-

2135 1537 2271 1602 νίας,
2303 1540 2391 1607 ἐφ’
2416 1539 2538 1591 ὅσον
2570 1539 2761 1608 χρόνον
2814 1526 3018 1601 ἐκεῖνος
3049 1538 3232 1608 συνίδῃ
3253 1554 3271 1570 ο
3302 1539 3393 1590 ἵνα
3418 1538 3552 1608 ὅπερ
3584 1537 3689 1590 ἀδί-

2137 1628 2255 1692 κως
2274 1630 2517 1692 ἐποίησε,
2538 1630 2758 1694 δικαίως
2782 1631 3068 1700 ὑπομείνῃ.
3099 1630 3417 1698 Σημείωσαι
3440 1629 3531 1683 τὸν
3560 1646 3689 1700 παρ-

2138 1724 2263 1776 όντα
2289 1723 2506 1785 κανόνα,
2541 1722 2628 1775 διὰ
2658 1722 3058 1784 ταυτοπαθείας
3079 1720 3379 1784 κολάζοντα
3431 1721 3557 1784 τοὺς
3577 1724 3688 1773 ἐπι-

2139 1815 2391 1876 σκόπους,
2424 1814 2547 1876 τοὺς
2574 1812 2715 1868 κατά
2746 1812 3018 1882 πρόφασιν
3047 1800 3545 1881 αἰσγροκερδείαςῆ
3572 1812 3689 1865 ίδιο-

2139 1904 2361 1968 παθείας
2394 1902 2750 1973 ἁφορίζοντας
2802 1904 2867 1955 ὲκ
2909 1902 3019 1956 τῶν
3065 1903 3155 1954 ὑπ’
3184 1901 3385 1966 αὐτούς
3448 1918 3616 1966 τινας,
3658 1905 3687 1973 ἢ

2139 1997 2353 2057 κλείσας
2381 1994 2543 2059 ναούς
2564 2010 2578 2026 ’
2608 1994 2747 2048 ὥστε
2769 1997 2797 2047 6
2830 1992 3002 2057 οὕτως
3026 1994 3307 2064 ἀφορίσας,
3342 1994 3690 2067 ἀφορισθήσε-

2138 2106 2227 2142 ται
2252 2107 2267 2123 ο
2299 2089 2328 2142 ό
2374 2089 2430 2141 δὲ
2467 2088 2687 2152 κλείσας
2724 2088 2853 2143 ναὸν
2882 2088 2976 2141 καὶ
3027 2087 3205 2139 πλεῖον
3250 2087 3349 2141 τοῦ
3395 2089 3690 2159 ἀφορισμοῦ

2141 2181 2554 2252 κολασθήσεται.
2609 2180 2703 2251 Μὴ
2750 2180 3015 2253 είπῃςμδὲ
3061 2180 3119 2244 ὲξ
3169 2181 3579 2252 ἀντιδιαστολῆς
3623 2181 3691 2250 μὴ

2142 2272 2464 2339 κολάζεσθαι
2507 2272 2597 2326 τὸν
2654 2274 2973 2334 ἐπίσκοπον,
2999 2271 3091 2324 τὸν
3123 2271 3197 2342 μὴ
3247 2272 3337 2325 διὰ
3386 2273 3694 2343 αίσχροκέρο

2140 2367 2289 2419 δειαν
2334 2366 2366 2435 ἢ
2396 2366 2481 2419 διά
2518 2364 2848 2419 ἱδιοπὰθειαν
2871 2404 2885 2427 ,
2939 2363 3052 2416 ἀλλ’
3106 2364 3344 2432 εὐλόγως
3378 2364 3692 2436 ἀφορίζοντά

2142 2474 2315 2521 τινας,
2341 2456 2375 2525 ἢ
2397 2438 2647 2509 κλὲιοντα
2678 2455 2837 2518 ναούς
2867 2454 3009 2526 (ειη-
3039 2455 3173 2509 ἀλλά
3205 2456 3266 2507 τὸ
3290 2456 3353 2521 εξ
3378 2456 3693 2510 amatam-

2143 2549 2239 2617 λῆς
2302 2548 2533 2602 ἐκ).αόοὖ
2589 2549 2673 2609 είς
2706 2548 2897 2617 μόνους
2935 2548 3060 2609 τοὺς
3109 2547 3487 2617 ἀφορισμούς’
3537 2548 3564 2598 6
3594 2548 3692 2615 γὰρ

2145 2640 2340 2694 κλείων
2379 2640 2504 2693 ναὸν
2536 2641 2829 2702 ἐπίσκοπος
2851 2640 2909 2706 ἐξ
2934 2639 3258 2709 οἱουδήτινος
3282 2639 3510 2707 εὐλόγου
3542 2639 3574 2710 ἢ
3597 2656 3689 2690 πα-

2148 2733 2374 2805 ραλόγου
2426 2733 2649 2804 τρόπου,
2676 2733 2751 2795 ὡς
2781 2733 2905 2805 ἐμοὶ
2940 2733 3107 2799 δοκεῖ,
3140 2732 3540 2806 κολασθήσεται
3562 2732 3687 2803 (21).

2147 2825 2221 2888 ὼς
2252 2825 2459 2881 ἀνωθεν
2494 2828 2733 2897 εἴρηται.

2660 3098 2862 3165 Ἑτέρα
2899 3098 3198 3168 ἑρμηνεία.

2229 3193 2289 3249 Ὀ
2318 3194 2416 3265 μὲν
2464 3194 2654 3264 παρὼν
2682 3191 2723 3246 δ’
2767 3194 2947 3246 κανὼν
2990 3193 3321 3247 ἀπαλλάττει
3348 3196 3473 3258 τοὺς
3507 3194 3686 3262 κληρι-

2147 3289 2275 3351 κους
2307 3288 2487 3355 πάσης
2515 3283 2927 3355 αἰσχροκερδοῦς
2949 3285 3281 3350 εἰσπράξεως
3309 3286 3689 3354 ὲπινοουμένης

2149 3382 2297 3451 παρά
2322 3380 2429 3433 τῶν
2458 3370 2595 3432 κατά
2637 3379 2835 3440 τόπους
2876 3363 3211 3447 ἀρχιερέων⁸
3255 3377 3315 3430 τὸ
3356 3379 3413 3432 δὲ
3446 3379 3510 3449 β’.
3544 3384 3606 3446 γ’,
3653 3378 3691 3430 δ’

2151 3490 2275 3540 κεφ.
2306 3470 2400 3525 τοῦ
2427 3471 2475 3539 γ’
2501 3469 2679 3523 τίτλον
2728 3467 2821 3522 τοῦ
2854 3467 2902 3536 γ’
2966 3468 3174 3537 βιϐλίου
3218 3470 3352 3522 τῶν
3403 3471 3688 3524 Βασιλικῶν

2149 3564 2458 3636 διορίζεται,
2495 3564 2629 3631 μήτε
2685 3563 2929 3630 μετάτων
2959 3562 3159 3624 δόσεσι,
3192 3563 3330 3631 μήτε
3383 3567 3687 3635 προτωπικῇ

2150 3654 2455 3723 λειτουργίᾳ
2498 3651 2632 3721 μήτε
2675 3650 2859 3712 ἁπλῶς
2901 3650 3256 3719 οίαισδήτισιν
3298 3651 3583 3720 ἐπηρείαις
3606 3650 3691 3717 δη-

2155 3746 2441 3820 μοσιακαῖς
2497 3742 2622 3805 τοὺς
2669 3740 2959 3809 κληρικοὺς
2990 3739 3330 3803 ὑποκεῖσθαι,
3357 3740 3490 3793 ἀλλὰ
3530 3740 3691 3793 καὶτὰ

2152 3836 2464 3903 ἐγνωσμένα
2527 3831 2832 3901 δημοσιακά
2887 3831 3191 3899 τελέσματα
3249 3834 3346 3883 καὶ
3422 3831 3556 3900 μόνα
3615 3845 3691 3880 τε»

2151 3928 2262 3981 λείν
2308 3927 2454 3997 (22)'
2487 3923 2601 3979 ἀλλ’
2652 3926 2680 3976 6
2735 3923 3064 3991 ἀείμνηστος
3111 3922 3169 3974 ὲν
3204 3922 3483 3992 βασιλεῦσι
3516 3922 3688 3991 κύριος

2151 4019 2406 4087 Μανουὴλ
2443 4020 2471 4071 6
2496 4016 2781 4084 Κομνηνὸς
2811 4016 2897 4069 διὰ
2924 4014 3315 4084 χρυσοϐούλλου
3350 4016 3689 4075 ἀπολυθέντος

2153 4114 2293 4168 κατὰ
2318 4113 2407 4166 τὸν
2450 4111 2810 4180 Φεϐρουάριον
2839 4106 2983 4177 μῆνα
3013 4108 3114 4176 τῆς
3163 4110 3208 4172 ζ’
3252 4109 3577 4169 ίνδικτιῶνος
3605 4106 3690 4160 τοῦ

2157 4215 2244 4279 ςχ”
2302 4207 2455 4269 ετους
2516 4203 2940 4273 ἐφιλοτιμήσατο
3004 4203 3137 4271 πᾶσι
3202 4205 3313 4265 τοίς
3372 4202 3689 4272 ὁπουδήποτε

2155 4305 2263 4357 τῶν
2292 4303 2483 4375 χωρῶν
2505 4302 2602 4371 τῆς
2642 4301 2944 4369 Ῥωμανίκς
2993 4300 3464 4371 προσκαθημένοις
3505 4299 3690 4369 ἱερεῦσι

2156 4399 2249 4450 καὶ
2264 4396 2609 4466 δημοσιακοίς
2639 4394 2907 4448 caleant:
2926 4391 3044 4448 οὖσι
3094 4396 3168 4464 μὴ
3201 4395 3360 4464 μόνον
3391 4392 3689 4459 ὲξκουσείαν

2156 4492 2335 4560 πάσης
2363 4489 2699 4560 δημοσιακῆς
2730 4488 3013 4558 ὶπηρείας,
3043 4488 3179 4542 ἀλλὰ
3214 4489 3309 4542 καὶ
3345 4489 3578 4543 ἀτέλειαν
3605 4482 3687 4538 τοῦ

2156 4583 2518 4651 ζευγολογίου.
2549 4581 2701 4634 Μετὰ
2738 4580 2793 4633 δέ
2826 4597 2947 4633 τινα
2972 4581 3160 4650 καιρὸν
3191 4581 3557 4653 ἀπεχαρίσατο
3574 4577 3689 4631 τού-

2155 4690 2267 4738 τοις
2293 4673 2429 4745 μετά
2458 4673 2619 4743 δοχῆς
2651 4670 2896 4726 ἀτέλειαν
2940 4689 3068 4742 κεφ.
3095 4671 3159 4737 δ’,
3187 4673 3288 4726 κᾶν
3329 4673 3404 4743 μὴ
3454 4673 3555 4735 ἀπὸ
3580 4673 3689 4735 ζευ-

2157 4759 2532 4837 γολογίου-ὧσι
2568 4765 2636 4819 τά
2654 4764 2904 4836 διδόμενα
2940 4766 3089 4835 παρὰ
3122 4766 3683 4835 τούτωντελεσμάτων.

2159 4860 2271 4929 Τὴν
2299 4858 2352 4912 δὲ
2377 4856 2631 4928 ῥηθεῖσαν
2658 4856 2963 4926 φιλοτιμίαν
3007 4859 3105 4924 τῆς
3142 4858 3451 4924 ὲξκουσείας
3481 4855 3579 4908 τῶν
3606 4852 3682 4921 δη-

2152 4952 2425 5025 μοσιακῶν
2450 4949 2720 5020 ὲπηρειῶν
2761 4951 3133 5021 ἀπχαρῖσατο
3163 4955 3257 5005 καὶ
3305 4956 3417 5016 τοῖς
3467 4955 3520 5004 ἐν
3567 4949 3689 5001 πᾶσι

1710 5060 1904 5124 Guill.
1939 5065 2262 5144 Beveregii
2296 5073 2480 5127 noue.

579 5195 690 5263 (‘20)
747 5195 815 5248 Ἢ
866 5197 1183 5260 κλείονται,-
1240 5196 1446 5261 ναούς.
1520 5196 1646 5249 Post
1727 5195 1840 5248 btec
1884 5193 2048 5263 verba

508 5264 832 5320 Parisiensis
865 5266 1036 5319 editio
1064 5267 1237 5331 addit,
1276 5266 1446 5336 ἧγουν
1478 5266 1552 5334 μὴ
1587 5262 2049 5336 παραχωροῦντας

504 5335 899 5401 δοξολογεῖσθαι
924 5336 1140 5398 αὐτούς,
1186 5351 1274 5388 seu
1300 5334 1481 5389 ‘Denm
1506 5337 1558 5388 in
1581 5334 1907 5388 his'landari
1946 5352 2049 5387 non

2157 5200 2534 5280 segregalrilur,
2573 5199 2841 5280 sedatio"!
2873 5199 3040 5269 magis
3061 5200 3322 5280 punietur.
3407 5267 3440 5280 υ
3472 5267 3483 5278 ,
3552 5264 3585 5280 “
3647 5262 3657 5273 ,

2224 5264 2338 5337 (ὶῖ)
2378 5272 2547 5323 Mora
2576 5269 2790 5324 τελεῖν.
2818 5264 3332 5337 ιοιτοέιιψιοιιῑίιιιιι
3358 5267 3520 5322 editio
3544 5264 3678 5337 Pari-

2157 5335 2357 5394 sie‘nsis
2405 5341 2485 5393 sic
2542 5340 2718 5400 habet,
2777 5340 2837 5392 '0
2870 5335 3355 5407 μέντουκραταιὸς
3408 5339 3495 5389 καὶ
3538 5335 3674 5408 ἅγιος

507 5407 724 5478 sinunt;
757 5420 874 5472 qua:
901 5406 1017 5478 istis
1053 5406 1231 5478 verbis
1254 5406 1559 5478 jn_eanone
1592 5405 1941 5478 respondent,
1975 5404 2042 5476 μὴ

2154 5409 2310 5477 ἡμῶν
2372 5408 2619 5476 βασιλεὺς
2671 5408 2758 5463 διὰ
2833 5404 3259 5478 χρυσουσούλλου
3330 5404 3674 5478 προσκυνητξῦ

506 5476 748 5543 γίνεσθαι
782 5479 839 5527 ὲν
868 5475 1016 5541 αὐτῷ
1044 5476 1142 5537 τὰς
1182 5473 1276 5528 τοῦ
1305 5476 1437 5528 Θεοῦ
1478 5475 1839 5545 λειτουργίας.

2155 5470 2524 5542 ἀπολυθέντας
2548 5470 2689 5531 κατὰ
2725 5470 3253 5547 μῆνᾶ’Φε6ρουάριον
3286 5470 3589 5547 ινδικτιῶνος
3609 5470 3662 5532 ζ’.

579 5545 709 5619 (2i)_
734 5545 839 5619 βαι
882 5546 1092 5619 πλεῖον
1136 5545 1620 5619 τοῦ-ἀφορισμοῦ
1640 5543 2042 5619 "stalagmia?-

2153 5550 2437 5619 εφιλοτιμή
2448 5566 2574 5601 cato
2596 5543 2751 5614 πᾶσι,
2781 5543 2888 5604 etc.
2907 5546 2979 5603 Ut
3001 5543 3053 5604 in
3075 5543 3177 5603 ius.
3202 5554 3386 5604 nostro
3405 5545 3668 5602 Bodleiano

510 5633 622 5671 ται.
671 5614 848 5669 Editio
895 5614 1215 5669 Parisiensis
1260 5615 1407 5683 legit,
1438 5684 1443 5685 ί
1473 5617 1572 5669 οὐκ
1627 5613 2051 5685 ἀφορισθήσεται

519 5689 698 5761 μόνον,
748 5685 885 5739 ἀλλὰ
929 5685 1186 5746 πλειόνως
1253 5684 1669 5756 κο.·.ασθήσεται,
1726 5684 1825 5739 non
1870 5685 2041 5739 solum

2160 5618 2248 5673 liic
2274 5618 2559 5689 impresso.
