4092 6214
479 228 583 293 897

1588 232 1665 294 IN
1711 231 1877 293 CAN.
1906 232 1982 294 IV
2014 233 2288 295 SYNODI
2316 236 2423 298 VII
2454 238 2800 303 (ECUMEN.

3581 249 3688 313 898

476 345 845 419 προσωπικοῖς
902 344 1368 415 ἐκκλησιαστικοῖς
1435 345 1529 400 καὶ
1578 346 2013 417 μοναστηριακοῖ‹

2136 347 2238 401 bus
2259 350 2526 415 assident,
2565 353 2975 422 sacerdotibus;
3008 355 3101 412 sed
3162 357 3513 429 publicorum
3567 368 3691 437 qui-

476 439 946 511 προσκαθημένοις
974 438 1173 509 ἱερεῦσι
1198 454 1211 468 ’
1246 437 1385 508 πλὴν
1422 438 1529 491 τῶν
1560 437 1659 508 μὲν
1683 438 2033 511 δημοσιακῶν

477 534 665 605 ἱερέων
697 534 797 602 τὴν
828 533 1096 602 ποσότητα
1117 534 1203 587 διά
1253 534 1581 605 ἀπογραφῆς
1633 533 2031 607 ὲστενοχώρησε

474 628 563 681 διά
587 626 684 697 τὴν
707 625 867 696 δοχὴν
893 626 1004 680 τῶν
1053 626 1520 697 συμπαθηθέντων
1559 626 1903 697 τελεσμάτων
1935 628 2032 682 αὑ-

474 720 603 781 τῶν,
664 718 805 771 ὥστε
843 721 921 782 είς
977 719 1036 772 τό
1087 718 1215 787 ἑξῆς
1263 718 1340 790 μὴ
1395 716 1758 784 αὑξάνεσθαιυ
1817 718 1944 781 τοὺς
1973 717 2030 772 δὲ

475 807 858 878 προσωπικοὺς
903 810 996 863 καὶ
1022 809 1239 873 λοιποὺς
1272 809 1436 880 ἱερεῖς
1461 809 1559 862 οὑκ
1608 809 1864 880 εὑδόκησε
1894 809 2030 863 ἀπο-

472 902 749 971 γραφῆναι
775 902 1006 965 πάντως,
1052 900 1140 954 διὰ
1168 900 1227 954 τὸ
1258 900 1391 973 μηδὲ
1413 900 1645 969 ὀφείλειν
1674 900 1918 968 γίνεσθαι
1943 899 2029 953 δο-

471 995 571 1066 χὴν
600 995 738 1065 ὑπὲρ
766 993 992 1047 τούτων.
1026 994 1133 1047 Καὶ
1189 994 1328 1063 μετά
1359 1011 1510 1057 τινας
1541 993 1786 1064 χρόνους,
1840 992 2029 1063 ἱερέων

469 1086 632 1139 τινῶν
650 1086 996 1156 δημοσιακῶν
1022 1087 1452 1156 ὑπερϐαινόντων
1480 1087 1576 1159 τὴν
1605 1087 1875 1155 ποσότητα
1895 1085 2025 1151 τῶν,

468 1178 543 1243 ὡς
572 1178 811 1249 εἴρηται,
862 1179 1157 1247 γεγονυιῶν
1190 1179 1545 1252 ἀπογραφῶν,
1600 1182 1692 1234 καὶ
1724 1180 2029 1251 ἑλκομένων

470 1275 549 1337 εἱς
587 1272 838 1327 ἀπόδοσιν
867 1273 1129 1341 πλωῖμων
1163 1272 1256 1327 καὶ
1290 1271 1489 1326 λοιπῶν
1518 1272 1867 1342 δημοσιακῶν
1896 1275 2029 1336 ἐπη-

473 1366 651 1435 ρειῶν,
689 1364 1011 1433 ὑπεμνήσθη
1042 1366 1070 1417 6
1115 1365 1371 1434 κραταιὸς
1408 1365 1502 1417 καὶ
1558 1365 1708 1431 ἅγιος
1745 1364 1901 1434 ἡμῶν
1932 1362 2026 1430 βα-

471 1456 646 1519 σιλεὺς
671 1456 819 1525 παρά
850 1455 943 1510 τοῦ
996 1458 1114 1509 τότε
1143 1458 1447 1524 ἀγιωτάτου
1484 1455 1822 1527 πατριάρχου
1857 1455 2023 1526 κυροῠ

469 1551 669 1612 Λουκᾶ,
725 1552 820 1604 καὶ
851 1550 1188 1621 συνεζητήθη
1224 1550 1363 1603 κατά
1408 1550 1705 1619 πρόσταξιν
1738 1549 2024 1620 βασιλικὴν

467 1643 518 1693 εί
547 1640 860 1711 βοηθοῦνται
899 1641 947 1692 οἱ
971 1639 1201 1693 τοιοῦτοι
1242 1640 1563 1710 δημοσιακοὶ
1598 1641 1760 1710 ἱερεῖς
1784 1641 1891 1694 ἀπὸ
1929 1640 2021 1699 τοῦ

2137 439 2257 494 dem
2313 444 2654 498 sacerdotum
2711 447 3071 515 quantitatem
3118 447 3491 521 descriptione
3549 454 3692 513 facta

2135 530 2193 586 in
2256 542 2545 602 angustum
2602 536 2811 608 redegit
2856 546 3078 609 propter
3128 545 3538 613 susceptionem
3607 548 3688 604 eis

2137 635 2520 680 concessarum
2584 628 2954 700 vectigalium,
3002 640 3061 686 ut
3122 632 3378 704 deinceps
3428 652 3534 691 non
3589 654 3688 693 au-

2135 722 2360 785 geatur:
2395 721 2708 786 personales
2733 731 2912 777 autem
2960 732 3014 779 et
3067 724 3309 795 reliquas
3370 730 3689 787 sacerdotes

2134 821 2244 862 non
2273 822 2392 865 esse
2421 810 2814 869 describendas
2842 816 2891 870 ei
2924 816 3101 871 visum
3127 827 3213 874 est
3272 821 3515 883 omnino,
3550 839 3691 893 quo-

2132 898 2277 953 niam
2307 900 2452 956 nttila
2480 918 2577 972 pro
2613 904 2678 958 iis
2703 920 2825 961 esse
2850 908 3076 963 deberet
3108 913 3326 981 penitus
3389 918 3687 983 susceptio.

2131 987 2268 1044 Cum
2309 1000 2487 1047 autem
2539 996 2819 1066 aliquanto
2877 1010 2998 1070 post
3051 1010 3316 1073 tempore,
3375 1007 3690 1065 sacerdotes

2130 1081 2348 1154 quidem
2377 1083 2601 1152 publici,
2632 1088 2721 1157 qui
2758 1093 3117 1159 quantitatem
3165 1094 3459 1165 factarum,
3488 1104 3552 1153 'ut
3610 1100 3691 1153 di-

2130 1185 2277 1229 ctum
2309 1185 2413 1241 est,
2449 1176 2884 1249 descriptionum
2933 1186 3291 1254 excedebant,
3349 1190 3416 1243 ad
3467 1193 3689 1246 nautica

2131 1266 2386 1322 solvenda
2436 1277 2490 1322 et
2547 1271 2755 1341 reliqua
2812 1288 2978 1327 onera
3030 1277 3275 1345 publica
3306 1280 3689 1351 traherentur,

2129 1359 2494 1414 commonitus
2530 1370 2612 1415 est
2649 1372 2842 1431 patens
2886 1376 2939 1419 et
2980 1378 3205 1424 sanctus
3258 1380 3448 1426 noster
3509 1374 3686 1444 impe-

2132 1457 2275 1501 rator
2306 1451 2711 1505 asanctissimo
2738 1462 2869 1509 tunc
2922 1462 3182 1527 temporis
3235 1462 3544 1530 patriarcha
3588 1466 3687 1519 do-

2130 1540 2275 1593 mino
2298 1538 2462 1607 Luca,
2500 1552 2555 1596 et
2585 1546 2877 1613 quaesitum
2910 1558 2993 1603 est
3024 1551 3181 1617 jussu
3209 1554 3557 1623 imperatoris
3605 1573 3675 1613 an

2129 1631 2181 1685 bi
2218 1632 2414 1701 publici
2442 1637 2753 1691 sacerdotes
2791 1653 2819 1690 a
2842 1640 2984 1694 dicta
3012 1642 3190 1697 Aurea
3216 1643 3366 1698 Bulla
3400 1648 3681 1714 juventur,

469 1709 722 1802 ῥηθέντος
774 1730 1187 1801 χρυσοὸούλλου,
1228 1709 1323 1795 είς
1356 1733 1416 1784 τὸ
1441 1731 1854 1796 ὲξκουσεύεσθαι
1881 1734 2013 1795 τέως

2121 1728 2174 1774 et
2216 1722 2446 1791 publicis
2476 1726 2738 1782 oneribus
2776 1728 2992 1783 interim
3024 1744 3387 1789 excusentur:
3422 1739 3682 1808 synodice

465 1824 573 1879 ἀπὸ
599 1823 707 1877 τῶν
743 1822 1090 1894 δημοσιακῶν
1141 1824 1412 1895 ὲπηρειῶν
1434 1840 1448 1855 ·
1479 1822 1774 1892 διεγνώσθη
1817 1824 2021 1875 συνοδι-

465 1914 576 1976 κῶς
607 1914 747 1984 ἔχειν
772 1915 895 1976 τοὺς
922 1913 1196 1977 τοιούτους
1223 1916 1385 1985 ἱερεῖς
1421 1917 1563 1977 τέως
1580 1916 1677 1983 τὴν
1704 1914 2017 1980 ὲξκουσείαν

464 2007 570 2062 ἀπδ
607 2007 715 2061 τῶν
753 2006 1044 2078 ἐπηρειῶν.
1092 2003 1223 2058 Eius
1280 2006 1386 2075 γὰρ
1428 2008 1459 2072 ή
1510 2006 1642 2072 ἁγία
1694 2004 1909 2068 σύνοδος
1936 2005 2017 2057 ὅτι

465 2103 559 2155 καὶ
618 2100 724 2152 ἀπὸ
782 2101 874 2152 τοῦ
932 2098 1239 2169 προοιμίου,
1288 2097 1420 2151 ἀλλά
1454 2097 1559 2167 μὴν
1610 2099 1703 2150 καὶ
1758 2098 1866 2150 ἀπὸ
1921 2098 2014 2151 τοῦ

462 2192 880 2261 ὲξκουσεύεσθαι
937 2194 1141 2255 πάντας
1202 2192 1328 2254 τοὺς
1399 2189 1785 2259 προσωπικοὺς
1847 2190 2014 2261 ἱερεῖς

469 2285 603 2355 μηδὲ⁹
632 2283 1115 2352 ἀπογραφομένους
1153 2283 1477 2351 παρίσταται
1512 2279 1754 2350 ἐναργῶς
1787 2281 1886 2351 τὴν
1917 2281 2014 2352 βα-

465 2376 676 2446 σιλικὴν
702 2376 1020 2445 εὐεργεσίαν
1059 2374 1192 2443 πρὸς
1224 2373 1429 2435 πάντας
1459 2372 1853 2443 ὑφαπλωθῆναι
1881 2375 2011 2435 τοὺς

464 2469 656 2540 ἱερεῖς’
705 2468 888 2522 ἀδικον
911 2467 956 2519 δ’
982 2466 1210 2534 ἔφασαν,
1247 2465 1342 2519 καὶ
1373 2465 1485 2534 τῆς,
1520 2465 1808 2551 βασιλικῆς
1849 2468 2009 2537 εὐερο

462 2560 654 2630 γεσίας
704 2558 1006 2628 ἀλλότριον,
1036 2556 1257 2620 τούτους
1304 2556 1421 2625 μὲν,
1462 2556 1538 2626 τῷ
1571 2556 1813 2627 δημοσίῳ
1844 2558 2012 2627 μηδὲν

463 2650 937 2722 συνεισφέροντας,
968 2647 1384 2715 ὲξκουσεύεσθαι
1432 2647 1517 2701 διά
1573 2650 1673 2717 τὴν
1720 2649 1884 2722 τιμὴν
1912 2650 2013 2722 τῆς

463 2746 762 2815 ἱερωσύνης
783 2760 798 2775 ο
829 2742 1070 2806 ἐκείνους
1091 2740 1170 2804 δὲ,
1200 2741 1457 2805 τελεστάς
1490 2741 1650 2804 ὄντας
1702 2741 1792 2795 τοῦ
1838 2743 2008 2814 δημο-

462 2840 600 2902 σίου,
631 2835 1054 2907 ὲπηρεάζεσθαι,
1085 2835 1180 2888 καὶ
1218 2834 1314 2903 τὴν
1361 2835 1423 2886 ἐκ
1471 2834 1567 2904 τῆς
1604 2835 1900 2905 ἱερωσύνης
1933 2837 2009 2907 μὴ

460 2933 606 3002 ἔχειν
637 2927 982 2999 περίθαλψιν,
1012 2925 1140 2981 ἀλλό
1182 2926 1323 2979 κατά
1370 2926 1495 2988 τοὺς
1544 2925 1761 2990 λαῖκοὺς
1791 2926 2012 2981 εὐθύνε-⁹

462 3024 607 3078 σθαι.
646 3021 756 3075 Καὶ
783 3019 1137 3090 ἀνάγνωθιτὺ
1169 3018 1311 3073 κατὰ
1345 3020 1435 3089 τὸν
1474 3018 1691 3123 Ἰούλιον
1729 3021 2004 3123 μῆναπῆς
2035 3061 2081 3123 C

459 3122 511 3169 α’
534 3113 859 3176 ἱνδικτιῶνος
888 3112 984 3164 τοῦ
1023 3118 1134 3181 ςχ’,
1158 3112 1312 3176 ἔτους
1348 3112 1572 3180 γεγονὸς
1615 3112 1776 3183 χάριν
1817 3112 2006 3186 τούτου

462 3205 732 3259 συνοδικὸν
766 3220 832 3273 ση
840 3204 1074 3273 μείωμα.

533 3299 775 3352 ΖΩΝΑΡ.
816 3296 891 3349 Τδ
918 3296 1166 3348 ἀπαιτεῖν
1193 3294 1283 3347 τὸν
1329 3294 1589 3367 ἀρχιερέα
1634 3295 1758 3357 τοὺς
1788 3294 1880 3348 ὑπ’
1914 3296 2013 3349 αὑ-

460 3393 551 3445 τὸν
573 3390 768 3443 διδόναι
799 3404 850 3440 τι
876 3386 1022 3455 αὑτῷ
1049 3386 1224 3457 πάντη
1253 3385 1449 3439 κωλύει
1489 3387 1517 3439 6
1566 3386 1765 3450 κανὼν,
1802 3388 1895 3441 καὶ
1919 3389 2009 3441 τὸν

466 3483 636 3553 μέγαν
665 3480 874 3533 Παῦλον
924 3478 1129 3544 εἰσάγει
1173 3478 1430 3546 λέγονταυ
1482 3480 1772 3545 Χρυσίου,
1811 3479 1849 3549 ἦ
1905 3480 2012 3548 ἀρ.

460 3573 690 3642 τυρίου,
721 3570 759 3640 ἢ
814 3570 1129 3639 ἱματισμοῦ
1176 3570 1423 3635 οὐδενὸς
1448 3569 1816 3640 ἐπεθύμησα,
1846 3572 2011 3625 τύπον

462 3664 652 3717 ἑαυτὸν
684 3662 777 3716 καὶ
810 3661 1107 3730 ὑπόδειγμα
1151 3660 1284 3712 πᾶσι
1322 3658 1553 3725 διδόντα,
1593 3662 1673 3714 ὅτι
1718 3660 1857 3715 οὑτω
1904 3661 2010 3732 χρὴ

460 3761 587 3819 τοὺς
618 3754 838 3817 πιστοὺς
896 3750 1318 3822 ἀνατρέφεσθαι,
1347 3752 1440 3805 καὶ
1491 3752 1795 3816 κοπιῶντας
1854 3755 2004 3806 ἀντι-

463 3843 831 3913 λαμϐάνεσθαι
881 3842 989 3895 τῶν
1048 3841 1326 3895 ἀσθενῶν·
1387 3843 1628 3908 ἀσθενεῖς
1668 3845 1898 3899 ἐνταῦθα
1946 3846 2007 3899 οὑ

458 3938 584 3999 τοὺς
627 3933 908 3996 νοσοῦντας
951 3932 1145 4003 δηλῶν,
1180 3933 1313 3989 ἀλλά
1372 3934 1573 3999 πάντας
1605 3936 1728 3998 τοὺς
1762 3936 2011 4006 ὁπωσδή-

459 4045 587 4082 ποτε
617 4026 898 4096 δεομένους
932 4008 1211 4089 ὲλέους.Εἱ
1236 4025 1291 4078 δὲ
1316 4027 1449 4080 πᾶσι
1479 4024 1649 4079 ταῦτα
1677 4026 2001 4095 ἐντέλλεται,

460 4117 637 4188 πολλῷ
669 4118 867 4189 μᾶλλον
895 4116 959 4170 ἂν
987 4119 1097 4179 τοῖς
1126 4117 1443 4179 ἐπισκόποις
1473 4118 1823 4189 ἀρμόσουσιν.
1861 4119 2006 4191 Ὀρί-

459 4214 542 4278 ζει
572 4208 663 4266 οὖν
694 4212 768 4282 μὴ
798 4215 1098 4281 προφάσεις
1145 4208 1513 4278 πλαττόμενον
1560 4210 1629 4262 δι’
1684 4212 2008 4283 αἰσχροκερ-

458 4306 605 4358 δειαν
637 4303 728 4355 τὸν
781 4302 1075 4354 ἐπίσκοπον
1126 4302 1373 4353 ἀπαιτεῖν
1423 4300 1529 4354 ἀπὸ
1572 4302 1679 4355 τῶν
1717 4303 1813 4357 ὑπ’
1844 4306 2005 4358 αὑτὸν

2127 1812 2408 1868 delinitum
2435 1827 2539 1881 est,
2597 1818 2729 1873 tales
2789 1822 3106 1879 sacerdotes
3154 1828 3562 1883 excusationem
3613 1832 3683 1885 ab

2126 1906 2382 1958 oneribus
2407 1905 2625 1962 habere.
2656 1906 2801 1963 Dixit
2834 1911 2982 1965 enim
3016 1926 3209 1967 sancta
3235 1917 3498 1985 synodus,
3532 1920 3681 1987 quod

2125 2006 2180 2051 et
2208 2013 2272 2052 ex
2302 2000 2589 2067 procemia.
2622 2012 2755 2057 etex
2789 2018 2853 2057 eo
2901 2004 3087 2071 etiam,
3137 2009 3281 2077 quod
3334 2024 3522 2065 omnes
3583 2027 3679 2067 ac-

2122 2098 2385 2145 cusantur
2475 2094 2790 2163 personales
2874 2099 3189 2152 sacerdotes
3276 2103 3492 2156 etiamsi
3563 2119 3674 2159 non

2124 2183 2544 2251 describantur,
2609 2187 2891 2246 evidenter
2975 2191 3322 2258 ostenditur,
3401 2196 3680 2264 imperiale

2124 2273 2445 2331 beneﬁcium
2477 2279 2540 2331 ad
2571 2293 2761 2335 omnes
2782 2281 3370 2340 extendiosacerdotes.
3408 2290 3677 2358 liijustum

2122 2376 2303 2421 autem
2338 2383 2457 2423 esse
2497 2371 2769 2433 dicebant.
2797 2383 2851 2426 et
2888 2373 2957 2428 ab
3008 2376 3269 2445 imperiali
3320 2380 3678 2435 beneﬁcentia

2121 2459 2378 2526 alienum,
2401 2471 2459 2515 ut
2504 2464 2594 2532 qui
2646 2466 2863 2531 publico
2913 2466 3130 2535 quidem
3175 2470 3323 2527 nihil,
3363 2470 3672 2536 Conferant,

2108 2563 2343 2623 propter
2363 2555 2649 2609 sacerdotii
2682 2557 2936 2611 honorem
2964 2571 3328 2615 excusetttur:
3356 2563 3432 2617 illi
3464 2575 3673 2633 autem,

2117 2647 2211 2717 qui
2270 2646 2488 2715 publica
2511 2646 2847 2712 deserviunt,
2899 2653 3300 2719 opprimantur,
3367 2662 3421 2709 et
3476 2671 3543 2710 ex
3583 2671 3672 2710 sa-

2120 2737 2363 2792 cerd0tio
2390 2753 2496 2792 non
2526 2738 2764 2794 habeant
2803 2743 3081 2808 solatium,
3122 2744 3215 2798 sed
3248 2744 3471 2813 perinde
3510 2760 3575 2800 ac
3625 2746 3673 2802 sl

2119 2839 2302 2885 essent
2337 2830 2481 2897 laici,
2528 2830 2580 2885 in
2615 2831 2826 2902 judicio
2885 2845 3168 2889 vexentur.
3226 2836 3293 2889 Et
3350 2838 3465 2908 lege
3521 2853 3667 2902 eam,

2119 2937 2239 2991 quae
2275 2922 2325 2976 in
2352 2921 2496 2976 Julia
2537 2940 2721 2980 mense
2751 2925 2922 2995 prima
2967 2925 3271 2983 indictione
3326 2942 3472 2984 anno
3520 2929 3663 2986 6600

2118 3014 2256 3071 facta
2285 3027 2387 3079 est,
2414 3018 2480 3071 de
2515 3022 2613 3072 hac
2642 3034 2700 3072 re
2728 3019 3172 3078 declarationem.

2180 3286 2337 3356 292
2353 3287 2484 3342 ZON
2492 3287 2599 3344 AR.
2625 3290 2841 3360 Aliquid
2868 3293 3181 3365 episcopum
3201 3296 3285 3351 sui
3308 3299 3666 3357 emolumenti

2116 3390 2278 3430 Causa
2308 3398 2333 3428 ιι
2364 3378 2466 3432 sibi
2491 3379 2751 3448 subjectis
2792 3382 3010 3453 exigere
3070 3385 3158 3439 hic
3216 3403 3390 3444 canon
3438 3396 3666 3449 omnino

2115 3478 2280 3533 vetat,
2318 3486 2678 3540 magnumque
2699 3472 2925 3529 Paulum
2966 3478 3037 3529 ita
3091 3478 3158 3533 de
3213 3495 3273 3535 sc
3348 3484 3661 3550 loquentem

2116 3557 2350 3615 inducit:
2384 3563 2606 3626 Aurum,
2639 3578 2732 3617 aut
2765 3578 3064 3635 argentum,
3101 3579 3192 3622 aut
3230 3581 3421 3626 vestem
3462 3576 3663 3629 nullius

2115 3653 2413 3720 Concupivi;
2447 3661 2505 3708 ut
2564 3670 2664 3709 suo
2729 3657 2959 3726 ipsemet
2984 3662 3257 3730 exemplo,
3302 3665 3553 3721 omnibus
3595 3667 3662 3720 ad

2115 3740 2435 3796 imitandum
2484 3747 2805 3815 proposito,
2870 3748 3124 3803 eumdem
3178 3751 3303 3807 vitae
3372 3768 3591 3808 cursum
3630 3770 3661 3811 a

2117 3833 2362 3888 Iidelibus
2414 3834 2798 3901 retinendum,
2877 3855 2939 3892 ac
2998 3841 3222 3897 assidue
3273 3843 3662 3903 laborantibus

2114 3921 2448 3977 inﬁrmorum
2490 3938 2676 3979 curam
2728 3928 3129 3995 suscipiendam
3188 3946 3309 3986 esse
3353 3949 3662 3991 commone-

2112 4013 2721 4069 faceret:inﬁrmorum
2777 4021 3171 4087 appellatione,
3204 4025 3304 4077 hac
3358 4023 3498 4090 loco,
3550 4043 3659 4084 nun

2111 4107 2202 4176 qui
2228 4106 2414 4160 morbo
2453 4107 2635 4176 aliqua
2672 4118 2951 4172 tenentur,
2978 4112 3069 4165 sed
3111 4127 3302 4167 omnes
3343 4115 3436 4184 qui
3491 4118 3659 4174 mise-

2112 4197 2340 4252 ricordia
2422 4199 2921 4270 quomodocunque
2977 4201 3263 4271 indigent,
3317 4207 3650 4280 intelligens.

2111 4290 2261 4356 Quod
2293 4289 2337 4346 si
2372 4290 2483 4347 haec
2524 4292 2799 4348 universis
2848 4294 2922 4348 ita
2986 4296 3322 4366 praecipitur,
3378 4315 3440 4354 ea
3486 4304 3659 4359 multo

457 4398 623 4451 ὄντων
663 4394 997 4458 ἐπισκόπων,
1032 4390 1384 4463 κ).ηρικῶν,ἢ
1418 4391 1684 4462 μοναχῶν,
1717 4395 1938 4463 χρυσὸν,
1970 4394 2002 4466 ἢ

2117 4386 2570 4442 accommodatius
2590 4388 2864 4457 episc0pis
2891 4390 3284 4448 arbitrabimur
3342 4397 3655 4454 convenire.

456 4492 713 4559 ἄργυρον,
736 4487 768 4557 ἢ
792 4488 976 4554 ἓτερον
993 4480 1149 4547 εἶδος.
1178 4484 1387 4547 Ἀδικος
1415 4484 1541 4555 γὰρ,
1565 4486 1745 4556 φησὶν,
1770 4488 1803 4557 ἡ
1826 4485 2006 4540 eam}-

455 4600 522 4653 τη
548 4582 840 4649 ἀπαίτησις
864 4594 876 4607 ·
910 4578 1100 4631 ἄδικοι
1127 4576 1195 4630 δὲ
1217 4577 1546 4640 ,βασιλείαν
1578 4578 1724 4633 Θεοῦ
1758 4580 1828 4634 οὐ
1860 4584 2005 4645 κλη-

2111 4477 2313 4532 Statuit
2344 4477 2528 4547 igitur,
2603 4494 2670 4533 ne
2721 4481 2848 4551 quid
2914 4484 3232 4553 episcopus,
3296 4490 3469 4556 turpis
3520 4488 3655 4544 lucri

2106 4570 2274 4640 gratia
2293 4571 2779 4626 cauunentitiarum
2812 4589 3103 4629 causarum
3134 4577 3394 4644 obtentu,
3457 4594 3487 4633 a
3526 4581 3657 4635 sub-

450 4672 885 4741 ρονομήσουσι.
927 4670 1034 4722 Καὶ
1092 4670 1201 4722 οὐκ
1265 4669 1488 4737 ὀφείλει
1532 4670 1601 4723 τὰ
1652 4668 1832 4722 τέκνα
1878 4669 2002 4735 τοῖς

2117 4661 2256 4721 lectis
2279 4660 2383 4714 sibi
2425 4664 2720 4733 episcopis.
2759 4666 2977 4721 clericis
3019 4678 3116 4722 aut
3167 4671 3478 4738 monachis,
3537 4672 3653 4728 sive

456 4765 698 4835 γονεῦσι
726 4761 1116 4831 θησαυρίζειν.
1141 4762 1277 4816 ἀλλ’
1299 4765 1353 4816 οἱ
1380 4762 1572 4831 γονεῖς
1601 4762 1724 4827 τοῖς
1753 4764 2001 4826 τέκνοις.

458 4856 567 4911 Καὶ
600 4854 769 4908 ταῦτα
812 4855 865 4906 δὲ
896 4852 1222 4915 ἀποστολικά
1254 4854 1319 4906 τά
1365 4854 1522 4922 ῥητά.
1552 4854 1611 4905 El
1658 4851 1787 4920 γοῦν
1840 4854 2001 4905 ἀπαι-

456 4947 564 4999 τῶν
592 4962 675 5007 τις
707 4944 998 5004 ἐπίσκοπος
1051 4943 1173 5003 τοὺς
1204 4941 1293 4993 ὑπ’
1322 4940 1480 4993 αὑτὸν
1504 4940 1817 5009 οἱονδήποτε
1853 4939 1998 5009 πρᾶ-

456 5054 596 5108 γμα,
651 5036 745 5089 καὶ
780 5036 852 5104 μὴ
909 5032 1174 5096 εὐπειθεῖς
1208 5032 1474 5101 εὑρίσκων
1499 5033 1712 5094 αὑτοὺς,
1746 5030 2002 5101 ἀφορίσει

456 5129 650 5190 αὐτοὺς
673 5127 706 5196 ἢ
740 5127 805 5178 δι’
838 5124 1135 5195 ἐμπάθειαν
1162 5123 1371 5190 ἑτέραν,
1396 5121 1428 5191 ἢ
1456 5121 1657 5174 κλείσει
1683 5120 1843 5185 ναὸν,·
1862 5118 2002 5173 ὥστε

459 5220 533 5290 μὴ
554 5218 795 5287 γίνεσθαι
819 5220 876 5269 ὲν
904 5216 1048 5285 αὑτῷ
1071 5217 1165 5277 τὰς
1200 5213 1527 5283 ἱερουργίας,
1557 5216 1635 5275 εἰς
1658 5211 2000 5284 ἀναίσθητον,

452 5315 546 5365 τὸν
584 5312 708 5365 ναὸν
741 5310 959 5380 δηλαδὴ,
989 5308 1086 5381 τὴν
1139 5306 1308 5378 ὀργὴν
1340 5306 1528 5368 αὑτοῦ,
1563 5307 1629 5379 ἦν
1662 5305 1864 5375 μανίαν
1909 5305 1997 5360 διά

451 5406 512 5456 τὸ
540 5404 680 5459 πάνυ
710 5402 933 5472 σφοδρὸν
966 5403 1059 5454 καὶ
1086 5398 1393 5469 παράλογον
1435 5397 1736 5468 ὠνόμασεν,
1764 5398 2001 5468 ἐπιπέμ-

455 5512 594 5561 πων,
628 5493 945 5564 ἀναίσθητός
973 5494 1107 5554 ἐστι,
1147 5488 1303 5559 φησι,
1360 5491 1454 5542 καὶ
1510 5491 1577 5560 τῇ
1633 5486 2002 5557 ταυτοπαθείᾳ

452 5574 822 5652 ὑποκείσεται,
849 5586 1014 5655 ἤγουν
1067 5583 1514 5656 ἀφορισθήσεται,
1548 5581 1641 5635 καὶ
1686 5581 1714 5634 6
1768 5582 1993 5651 ἐποίησε

452 5679 600 5747 πάθῃ
631 5681 659 5732 6
717 5677 813 5746 μὲν
847 5677 1137 5740 ἐπίσκοπος
1194 5686 1340 5744 παρα
1371 5672 1761 5744 μητροπολίτου
1800 5672 1991 5739 αὑτοῦ,

2104 4768 2320 4819 aurum,
2373 4754 2489 4810 sive
2543 4764 2824 4825 argentum
2856 4795 2874 4822 ,
2935 4759 3051 4815 sive
3128 4762 3271 4816 aliud
3326 4763 3651 4833 quidpiam,

2103 4846 2300 4916 exigat.
2362 4846 2566 4915 lnjusta
2618 4848 2760 4903 enim
2824 4850 3118 4920 ejusmodi,
3172 4855 3369 4924 inquit,
3439 4856 3655 4910 exactio

2101 4949 2218 4993 eSt:
2285 4937 2473 5007 injuin
2517 4954 2673 5006 porro
2734 4958 2949 5009 regnum
2994 4944 3089 4999 Dei
3140 4962 3241 5001 non
3293 4947 3653 5012 possidebunt.

2100 5029 2284 5102 Neque
2306 5045 2432 5085 vero
2458 5030 2638 5084 debent
2663 5032 2765 5101 ﬁlii
2789 5036 3095 5099 parentibus
3135 5037 3410 5111 thesaurps
3468 5054 3653 5092 recan-

2104 5121 2249 5187 dere,
2278 5122 2365 5175 sed
2390 5132 2626 5191 parentes
2664 5123 2811 5188 ﬁliis,
2836 5124 2972 5179 idem
3003 5126 3078 5180 ait
3100 5127 3414 5196 Apostolus.
3444 5128 3499 5182 Si
3527 5129 3653 5198 quis

2102 5216 2266 5287 igitur
2293 5216 2579 5285 episcopus
2604 5218 2852 5273 subditas
2879 5234 3031 5282 suos,
3058 5221 3199 5289 quod
3228 5220 3275 5275 ei
3341 5236 3452 5275 rem
3509 5236 3648 5290 qua-

2100 5308 2422 5377 lemcunque
2442 5310 2655 5364 demum
2688 5311 2979 5380 postulanti
3003 5326 3110 5365 non
3131 5314 3652 5383 obtemperat/crint,

2101 5399 2183 5454 vel
2209 5398 2312 5453 alia
2373 5399 2624 5468 quapiam
2679 5402 2844 5454 animi
2910 5404 3316 5472 perturbatione
3367 5405 3644 5473 incitatus,

2100 5495 2369 5560 segreget,
2409 5490 2492 5544 vel
2520 5492 2805 5560 templum,
2837 5506 3115 5548 sacrorum
3170 5494 3521 5550 celebrationi
3546 5496 3652 5553 im-

2098 5581 2398 5652 pediendas,
2436 5581 2718 5649 clauserit,
2761 5584 2818 5638 in
2851 5599 2962 5639 rem
2995 5600 3160 5641 sensu
3184 5594 3483 5652 carentem,
3514 5595 3651 5643 tem-

2102 5675 2245 5745 plum
2264 5672 2489 5740 scilicet,
2506 5672 2641 5730 iram
2661 5690 2820 5747 quam
2839 5691 2901 5734 ea
2918 5679 3061 5746 quod
3076 5678 3363 5737 vehemens
3376 5688 3430 5737 et
3442 5681 3649 5751 absque
