4092 6214
460 271 567 331 903
1712 268 1983 331 THEOD

2087 272 2441 338 ALSAMON
3557 283 3665 349 θυι

451 406 573 447 can.
613 401 789 460 apost.
821 388 913 455 29,
948 398 1002 445 et
1035 404 1160 443 can.
1192 388 1247 451 ἓ,
1278 386 1538 444 Cltalced.
1574 403 1698 459 syn.
1750 388 1809 443 Id
1840 398 1982 442 auter

2087 440 2089 450 λ
2119 387 2152 458 ἥ
2186 388 2360 452 ἄλλως
2381 406 2500 452 πως
2530 389 2589 443 ἑν
2626 389 2926 466 Ἐκκλησία
2948 392 3342 464 καταλεγῆναι·
3364 393 3394 449 ό
3422 395 3660 462 τοιοῦτος

452 480 596 547 quod
626 477 861 543 dicitur;
918 478 983 531 In
1011 478 1092 530 his
1114 494 1217 532 non
1242 487 1319 531 est
1350 476 1601 529 Dominus
1642 475 1802 540 Deus,
1850 490 1881 529 a
1911 477 1983 529 Pa

2119 477 2430 542 κολαζέσθω
2463 481 2604 534 κατά
2658 482 2752 536 τὸν
2800 483 2884 537 κθ⁹
2934 484 3287 538 ἁποστολικδν
3335 487 3537 540 κανόνα
3569 489 3662 542 καὶ

448 573 627 627 tribus
660 579 942 642 acceptum
986 579 1071 625 est
1100 586 1167 625 ex
1207 570 1365 625 tertio
1397 570 1487 623 lib.
1531 569 1762 638 Regum,
1795 575 1983 639 propte

2114 569 2204 623 τὸν
2233 568 2278 640 β’
2308 570 2507 626 κανόνα
2537 572 2639 642 τῆς
2665 576 2723 627 ὲν
2752 574 3053 647 Χαλκηδόνι
3097 577 3337 633 συνόδου.
3373 579 3446 631 Τὸ
3478 579 3661 649 μέντοι

398 678 402 683 ’
450 674 791 736 arrogantes,
823 671 877 719 et
899 679 993 718 eos
1014 664 1105 732 qui
1128 678 1489 718 mammonam
1509 662 1821 732 praeferunt.
1877 660 1983 715 Cur

2122 663 2274 734 ῥῆμα
2299 664 2361 716 τὺ
2424 665 2601 735 λέγον,
2653 666 2756 721 Ἐν
2785 669 3011 734 τούτοις
3034 670 3144 723 οὐκ
3197 670 3330 724 ἐστι
3370 672 3584 741 Κύριος
3627 673 3661 726 δ

450 767 630 812 autem
663 756 820 811 audis
868 771 1128 810 canonem
1168 757 1540 815 nominautem
1587 771 1728 821 eam,
1772 769 1890 824 quae
1933 753 1977 808 si

2115 757 2277 824 Θεὸς,
2309 757 2576 831 ὲξελήφθη
2630 760 2781 832 παρὰ
2812 762 2921 815 τῶν
2959 761 3128 830 ἁγίων
3160 764 3415 833 Πατέρων
3445 765 3510 818 ἐκ
3557 764 3661 835 τῆς

451 858 644 919 sponte
669 849 750 913 tit,
793 851 907 903 auri
941 850 1218 903 dationem
1251 848 1516 927 illicitam,
1559 865 1625 904 ne
1655 848 1859 905 dixeris
1889 860 1983 903 ean

2109 848 2298 918 τρίτης
2319 849 2425 901 τῶν
2453 849 2743 905 Βασιλειῶν
2766 851 2852 906 διὰ
2883 852 3008 917 τοὺς
3054 852 3321 917 ἀλαζόνας
3354 857 3450 907 καὶ
3502 872 3652 926 προ-

391 959 409 973 ⁸
447 957 570 997 esse
606 942 956 1012 prohibitam,
992 951 1048 994 et
1080 941 1202 995 ideo
1235 941 1396 995 etiam
1430 941 1691 1007 illicitam,
1733 951 1790 997 ut
1833 959 1895 999 ea
1927 960 1983 1005 es

2109 940 2452 1009 τιμωμένους
2509 942 2576 997 τὰ
2631 942 2725 995 τοῦ
2785 945 3082 1014 μαμμωνᾶ.
3144 943 3381 998 Ἀκούων
3440 944 3498 998 δὲ
3558 943 3653 999 τοῦ

448 1052 569 1107 quae
623 1036 888 1105 processit
932 1034 1293 1090 ordinationis
1344 1035 1424 1089 vel
1480 1035 1768 1091 clericatus
1814 1038 1982 1106 gratia

2109 1030 2326 1094 κανόνος
2349 1032 2701 1103 ὀνομάζοντος
2732 1034 2827 1105 τὴν
2858 1034 3030 1098 οὕτως
3060 1036 3323 1101 ἑκουσίως
3356 1037 3652 1108 γινομένην

450 1131 525 1184 De
550 1145 611 1182 ea
644 1130 788 1182 enim
820 1126 1077 1197 deinceps
1106 1130 1283 1183 decet.
1360 1127 1463 1182 Sed
1494 1145 1611 1183 eam
1652 1127 1840 1184 Patres
1884 1130 1983 1186 idet

2106 1122 2253 1176 δόσιν
2276 1124 2370 1177 τοῦ
2398 1125 2618 1195 χρυσίου
2657 1127 2912 1197 ἄθεσμον,
2946 1129 3021 1198 μὴ
3066 1129 3228 1200 εἴπης
3267 1125 3409 1184 εἶναι
3450 1129 3657 1201 ταύτην

451 1224 693 1279 illicitam
728 1222 1168 1283 nominaverunt,
1213 1220 1356 1289 quod
1386 1221 1450 1281 is.
1504 1221 1594 1290 qui
1643 1236 1760 1275 eam
1795 1220 1979 1274 offerat

2109 1212 2516 1286 κεκωλυμένην,
2556 1217 2843 1271 κάντεῦθεν
2883 1218 2975 1271 κα)⁵
3012 1218 3269 1288 ἄθεσμον,
3316 1219 3398 1281 ὡς
3448 1221 3657 1290 προσᾶ-

452 1324 669 1383 propter
711 1314 849 1366 hanc
898 1311 1229 1366 oblationem
1275 1325 1336 1365 se
1379 1311 1592 1378 jactitet
1637 1318 1689 1365 et
1721 1310 1983 1380 glorietur

2108 1322 2207 1359 σαν
2254 1306 2416 1378 χάριν
2474 1307 2789 1379 ὲξωνήσεως
2828 1310 3154 1381 χειροτονίας
3198 1311 3232 1383 ἢ
3289 1308 3657 1382 κληρώσεως⁸

450 1405 583 1471 Nota
616 1420 744 1473 ergo
775 1407 888 1458 haec
917 1412 1140 1473 propter
1166 1416 1262 1457 eos
1293 1401 1384 1470 qui
1419 1402 1710 1455 tondentur
1738 1402 1790 1454 in
1817 1416 2004 1455 mona-

447 1497 629 1551 steriis
656 1511 778 1550 cum
812 1497 1164 1565 pecuniarum
1201 1493 1506 1563 largitione,
1547 1502 1600 1547 et
1639 1501 1858 1563 propter
1886 1507 2000 1557 eos,

447 1588 609 1660 294
636 1588 732 1657 qui
767 1587 875 1642 Deo
905 1602 1005 1662 sua
1044 1595 1238 1655 sponte
1263 1587 1565 1640 oblationes
1594 1585 1817 1639 faciunt.
1897 1584 2000 1641 Eos

446 1695 647 1747 autem,
698 1680 788 1750 qui
843 1680 1087 1749 pecuniis
1141 1682 1193 1733 in
1245 1682 1483 1733 externis
1530 1679 1869 1733 monasteriis
1910 1676 2000 1746 jus

445 1773 796 1827 fraternitatis
842 1773 1151 1841 acquirunt,
1197 1773 1495 1825 cauonibus
1528 1770 1701 1825 teneri
1748 1785 1853 1824 non
1882 1770 2000 1824 exi-

446 1867 628 1929 stimo,
678 1864 822 1933 quod
880 1864 948 1919 sit
998 1862 1352 1932 vituperanda
1390 1863 1772 1916 alimentorum
1809 1860 1999 1930 acqui-

2105 1399 2231 1469 περὶ
2264 1397 2463 1470 ταύτης
2509 1400 2617 1469 γὰρ
2672 1401 2868 1470 ἐφεξῆς
2924 1402 3160 1456 διδάσκει
3187 1418 3201 1433 ⁸
3255 1401 3371 1457 ἁλλ’
3414 1403 3657 1473 ἄθεσμον

2101 1492 2302 1562 ταύτην
2328 1494 2375 1545 oi
2405 1493 2642 1563 Πατέρες
2671 1493 2959 1564 ὠνόμασαν
2988 1495 3077 1549 διὰ
3097 1495 3187 1548 τόν
3214 1497 3657 1567 προσαγαγόντα,

2101 1586 2194 1638 καὶ
2238 1586 2329 1639 διά
2373 1587 2577 1657 ταύτην
2637 1588 3002 1659 προσαγωγὴν
3054 1588 3499 1659 ἐναϐρυνόμενον.
3554 1589 3659 1660 Ση-

2104 1675 2332 1746 μείωσαι
2359 1674 2531 1729 ταῦτα
2556 1676 2640 1729 διὰ
2682 1677 2806 1738 τοὺς
2857 1676 3317 1747 άποκειρομένους
3355 1675 3435 1738 είς
3487 1691 3654 1746 μονα-

2102 1769 2297 1837 στήρια
2332 1770 2470 1837 μετὰ
2499 1767 2695 1831 δόσεως
2721 1769 3037 1840 χρημάτων,
3071 1769 3164 1821 καὶ
3206 1767 3294 1821 διά
3330 1767 3457 1830 τοὺς
3490 1766 3651 1821 αύτο-

2099 1858 2441 1928 προαιρέτως
2475 1857 2761 1921 ποιοῦντας
2810 1859 3177 1930 προσαγωγὰς
3212 1855 3290 1927 τῷ
3328 1855 3468 1925 Θεῷ.
3509 1854 3653 1919 Τοὺς

446 1960 590 2013 sitio.
674 1956 815 2022 Quid
847 1964 1048 2020 autem,
1081 1956 1173 2026 qui
1212 1964 1405 2025 sponte
1443 1954 1661 2023 quidem
1694 1968 1781 2008 res
1806 1953 1983 2009 obtulil

2102 1952 2285 2021 μέντοι
2368 1951 2772 2019 ὲπικτωμένους
2844 1949 3215 2021 ἐξωμονίτατα
3270 1950 3543 2019 ἁδελφάτα
3588 1948 3650 2001 ἐν

446 2053 525 2107 sic
573 2050 823 2122 punitur;
873 2050 966 2120 qui
1002 2064 1148 2112 vero,
1188 2058 1245 2101 ut
1288 2058 1433 2103 esset
1502 2047 1740 2101 clericus
1787 2046 1868 2101 vel
1941 2061 1975 2099 u

2105 2043 2485 2113 μοναστηρίοις
2531 2043 2619 2097 διὰ
2667 2042 2966 2113 χρημάτων
3020 2043 3081 2096 ού
3131 2043 3340 2113 νομίῖω
3390 2042 3497 2097 ὑπὸ
3539 2042 3653 2098 τῶν

400 2176 412 2189 ς
444 2144 779 2205 tonderetur,
831 2157 918 2196 res
960 2140 1097 2195 ullas
1125 2140 1294 2205 dedit,
1345 2148 1626 2210 postquam
1654 2139 1874 2207 punitus
1916 2136 2000 2191 iu-

444 2234 568 2299 erit,
602 2250 757 2299 eane,
784 2248 903 2302 qua:
941 2232 1173 2297 dederit,
1215 2241 1359 2302 petet
1387 2230 1717 2285 emcaciter?
1768 2228 2000 2285 Salutio.

445 2324 822 2394 Nequaquam.
872 2324 960 2377 Ait
999 2323 1142 2379 enim
1178 2337 1298 2392 cap.
1357 2323 1445 2385 Η,
1490 2321 1577 2375 tit.
1615 2320 1671 2383 2.
1709 2320 1803 2377 lib.
1850 2335 2000 2375 χειν.

445 2416 611 2471 Basil.
668 2416 768 2470 hoc
824 2417 1019 2470 modo:
1089 2415 1239 2481 Quod
1296 2414 1438 2482 turpi
1490 2414 1778 2483 utriusque
1832 2427 1999 2468 causa

443 2509 623 2573 datur,
650 2506 879 2577 ejusque
904 2507 996 2575 qui
1021 2506 1113 2561 dat
1139 2516 1192 2560 et
1212 2506 1331 2575 ejus
1356 2505 1447 2575 qui
1470 2505 1687 2575 accipit,
1713 2519 1817 2559 non
1839 2503 1997 2559 redit.

445 2601 507 2655 Et
529 2604 848 2656 exteriorem
880 2597 1036 2652 aﬁ‘ert
1066 2599 1149 2653 lex
1179 2598 1399 2667 antiqua
1430 2598 1712 2660 rationem,
1741 2594 1997 2666 quoniam

444 2696 497 2750 in
527 2695 639 2765 pari
671 2708 835 2749 causa
872 2692 1048 2763 potior
1077 2701 1160 2747 cst
1188 2692 1278 2762 qui
1327 2689 1586 2760 possidet,
1630 2703 1694 2744 ex
1727 2704 1859 2743 xm.
1897 2687 1992 2742 lib.

444 2789 557 2843 haec
587 2788 812 2855 eligens.

2103 2135 2341 2188 κανόνων
2392 2134 2728 2201 ἁλίσκεσθαι,
2778 2134 2866 2189 διά
2913 2135 2974 2190 τὸ
3026 2135 3102 2208 μὴ
3146 2132 3287 2191 εἶναι
3338 2137 3653 2208 ὲπίμομφον

2098 2228 2197 2299 τὴν
2219 2228 2326 2281 τῶν
2356 2231 2678 2298 σιτηρεσίων
2708 2228 3015 2298 ἐπίκτησιν.
3048 2229 3111 2281 Τί
3143 2229 3223 2295 δὲ,
3251 2233 3279 2284 ό
3332 2232 3432 2301 μὲν
3458 2231 3653 2285 αὐθαι-

2102 2321 2269 2392 ρέτως
2299 2319 2663 2390 προσαγαγὼν
2694 2321 2971 2391 χρήματα,
3000 2322 3142 2376 οὕτω
3184 2324 3492 2388 κολάζεται,
3521 2329 3550 2380 ό
3593 2326 3652 2379 δι

2099 2412 2188 2466 διὰ
2236 2412 2296 2464 τὸ
2344 2410 2690 2481 κληρωθῆναι
2734 2412 2767 2482 ἢ
2807 2413 3152 2484 ἁποκαρῆναι
3201 2416 3324 2480 δοὺς
3373 2417 3655 2488 οίαδήτινα

2102 2506 2401 2577 πράγματα
2427 2505 2741 2575 ὲνδυνάμως
2770 2508 2994 2577 ζητήσει
3046 2510 3187 2578 μετὰ
3220 2510 3280 2563 τὸ
3320 2510 3654 2582 κολασθῆναι

2099 2598 2137 2653 ἃ
2167 2598 2402 2663 δέδωκε;
2434 2598 2643 2665 Λῦσις.
2679 2599 2960 2671 Οὐδαμῶς.
3005 2603 3141 2672 Φησὶ
3189 2604 3296 2672 γάρ
3339 2605 3401 2657 τὸ
3428 2604 3496 2658 ια’
3526 2621 3651 2674 κεφ.

2098 2687 2191 2741 τοῦ
2297 2688 2473 2740 τίτλου
2508 2688 2599 2741 τοῦ
2631 2689 2709 2742 κδ’
2753 2689 2954 2760 βιϐλίου
2988 2692 3096 2745 τῶν
3143 2693 3446 2749 Βασιλικῶν
3485 2694 3649 2749 οὕτω·

2106 2783 2174 2835 Τὸ
2204 2781 2300 2834 ἐπὶ
2330 2780 2550 2850 αἰσχρᾷ
2576 2782 2734 2849 αίτίᾳ
2761 2782 3058 2851 ἑκατέρων
3086 2784 3423 2855 διδόμενον,
3455 2792 3559 2844 τοῦ
3585 2805 3650 2842 τε
3696 2814 3706 2823 ·

440 2847 730 2942 λαϐόντος
751 2878 843 2929 καί
869 2875 973 2929 τοῦ
994 2872 1498 2943 παρέχοντος-,οὑκ
1520 2847 1986 2942 ἁντιστρέφεται.
2019 2874 2127 2928 Καὶ
2161 2847 2745 2945 προστίθησιννέξωθεν
2777 2876 2805 2928 ό
2833 2847 3061 2941 παλαιὸς
3119 2847 3420 2949 λογισμὸν,⁷
3454 2882 3535 2935 ὅτι
3592 2883 3650 2937 ἐν

443 2978 532 3044 ἰσῃ
559 2976 707 3037 αἰτία
737 2973 1001 3039 κρείττων
1048 2972 1195 3023 ἐστὶν
1234 2971 1262 3021 ό
1298 2970 1615 3039 νεμόμενος,
1651 2970 1716 3020 ἐκ
1754 2968 1847 3021 τοῦ
1881 2969 1964 3038 κβ¹
1993 2968 2195 3039 βιϐλίου
2222 2966 2377 3021 τοῦτο
2402 2967 2820 3039 ἀναλεξάμενος.

443 3106 448 3111 .
510 3066 757 3122 ZUNAR.
820 3064 1983 3135 l‘tonnulli,cuminclerumlegendiessentl

2164 3064 2409 3118 ΖΩΝΑΡ.
2443 3064 2596 3128 Τινὲς
2621 3066 2702 3128 είς
2731 3065 2930 3136 κλῆρον
2961 3070 3330 3141 καταταγῆναι
3358 3070 3646 3138 μέλλοντες

439 3161 697 3232 pecunias
762 3159 1014 3213 Ecclesia:
1071 3156 1285 3221 oﬂ'erre,
1345 3157 1559 3228 Deoque
1616 3156 1796 3211 dicare
1844 3157 1989 3211 soliti

440 3262 605 3308 sunt:
659 3252 854 3322 quibus
907 3249 1101 3305 deinde
1154 3248 1511 3317 prmﬁdentes.
1564 3262 1730 3317 seque
1778 3247 1829 3302 in
1859 3262 1991 3303 auro

443 3348 534 3402 illo
566 3346 797 3417 gloriose
827 3345 1118 3414 jactantes,
1156 3356 1466 3413 quicunque
1506 3343 1646 3397 nulla
1679 3344 1800 3410 data
1829 3357 1992 3413 pecu-

439 3440 526 3492 nia
552 3436 621 3491 ob
648 3436 893 3489 virtutem
926 3434 1085 3495 ferte,
1133 3432 1212 3486 vel
1246 3432 1408 3486 etiam
1460 3432 1530 3486 ob
1564 3431 1774 3486 dicendi
1825 3430 1991 3485 facul-

438 3535 627 3589 tatem,
681 3525 827 3580 clero
872 3523 1132 3591 adscripti
1170 3521 1403 3588 fuerant,
1442 3533 1689 3593 proterve
1729 3522 1989 3578 conviciis

439 3615 864 3671 insectabantur.
926 3611 1245 3681 llujusmodi
1292 3612 1453 3683 igitur
1499 3613 1764 3679 homines,
1815 3616 1989 3683 primo

435 3708 654 3778 quidem
684 3708 750 3761 de
778 3706 947 3776 gradu
982 3706 1163 3774 dejici,
1215 3721 1281 3762 ac
1332 3708 1384 3759 in
1428 3714 1729 3759 extreumm
1778 3704 1987 3760 ordinis

436 3803 521 3856 sui
553 3801 727 3855 locum
754 3799 1065 3853 emundari:
1121 3807 1233 3851 tum
1278 3798 1324 3852 si
1370 3796 1548 3851 adhuc
1585 3812 1614 3850 a
1648 3797 1845 3851 malitia
1880 3811 1985 3852 non

435 3891 736 3955 discedant,
785 3890 965 3961 poenis
996 3904 1231 3960 quoque,
1287 3898 1347 3941 ut
1377 3903 1471 3958 per
1497 3904 1590 3944 eas
1619 3889 1984 3959 corrigantur,

434 3985 575 4041 allici
608 3999 784 4039 canon
832 3984 1005 4053 jubet.
1092 3980 1381 4037 Exordium
1436 3994 1561 4035 vero
1611 3980 1680 4035 ab
1716 3990 1891 4049 apost.
1930 3989 1987 4034 et

433 4096 628 4150 evang.
683 4078 890 4133 Joanne
949 4075 1176 4130 canonis
1233 4084 1484 4128 auctores
1543 4072 1772 4126 mutuati
1829 4079 1979 4126 sunt.

435 4169 584 4226 Illius
633 4183 865 4238 namque
910 4170 1071 4221 verba
1115 4166 1205 4219 illa
1236 4174 1381 4229 sunt,
1434 4164 1486 4218 in
1513 4163 1684 4235 prima
1708 4160 1982 4217 Catholica

436 4262 696 4334 Epistola,
748 4260 846 4314 Est
893 4268 1156 4329 peccatum
1197 4258 1267 4311 ad
1309 4267 1559 4312 mortem:
1605 4270 1722 4324 quae
1768 4253 1978 4324 quidem

434 4356 620 4409 Patres
652 4354 717 4407 de
748 4353 835 4416 iis,
885 4352 977 4421 qui
1007 4358 1319 4421 peccarunt,
1371 4358 1424 4404 et
1461 4362 1565 4403 non
1616 4346 1977 4416 resipueruut,

437 4449 879 4517 interpretantur.
934 4445 998 4499 Et
1025 4462 1174 4512 vero,
1201 4445 1490 4515 nequiorcs
1510 4443 1686 4498 adhuc
1716 4442 1836 4497 illos
1858 4456 1979 4497 esse

432 4548 704 4601 asserunt,
739 4546 793 4591 et
823 4551 1009 4593 revera
1056 4544 1206 4602 sunt,
1237 4538 1330 4608 qui
1366 4545 1577 4606 patrato
1606 4534 1813 4591 nefario
1845 4533 1979 4588 faci-

434 4641 567 4681 nore
624 4625 809 4679 tollere
864 4640 1091 4691 cornua,
1148 4626 1252 4680 hoc
1302 4633 1421 4691 est,
1473 4639 1592 4680 sese
1642 4622 1975 4694 impudente,

428 4717 622 4773 etl'erre
651 4716 868 4771 minime
898 4724 1169 4772 verentur.
1254 4716 1333 4770 Ac
1365 4716 1574 4771 facinus
1600 4717 1816 4786 quidem
1844 4714 1976 4770 illud

429 4807 721 4878 appellant,
780 4808 831 4860 in
864 4807 1043 4862 oblata
1080 4808 1334 4863 nimirum
1364 4809 1592 4877 pecunia
1624 4822 1746 4862 sese
1769 4807 1974 4879 glorio-

432 4914 546 4952 stus
569 4897 795 4968 jactare,
829 4897 1102 4967 divinique
1133 4898 1385 4969 pmcepti
1415 4898 1718 4952 auctoritati
1747 4897 1973 4951 canoni-

432 5001 616 5055 ctsque
671 4985 1147 5040 constitutionibus
1214 5000 1613 5049 mammouam,
1687 4986 1969 5055 pecuniam

433 5074 710 5141 videlicet,
780 5074 1067 5129 anteferre.
1162 5074 1507 5145 lmpudentiaa
1567 5090 1696 5131 vero
1754 5077 1971 5131 nomine

422 5164 665 5219 convicia
698 5172 751 5220 et
781 5166 1150 5229 contumelias,
1196 5180 1314 5236 qua:
1342 5164 1417 5219 illi
1450 5166 1502 5219 in
1534 5165 1735 5219 clerum
1766 5164 1969 5235 absque

423 5257 663 5325 pecunia:
693 5259 1006 5328 prwbitione
1039 5259 1306 5329 cooptatis
1337 5258 1608 5328 ingerunt,
1636 5260 1964 5315 intellexere.

423 5348 546 5402 Non
571 5359 647 5404 est
678 5352 729 5404 in
756 5350 856 5416 Itis,
886 5351 1154 5421 inquiunt,
1184 5351 1438 5405 Dominus
1469 5350 1602 5405 Deus
1619 5366 1643 5418 ;
1695 5352 1795 5407 hoc
1825 5368 1964 5424 quo-

419 5458 526 5512 que
549 5458 617 5498 ex
646 5443 943 5515 Scriptura,
974 5446 1177 5516 Regum
1208 5446 1385 5501 tertio.
1452 5443 1558 5502 Eos
1589 5446 1749 5517 igitur
1772 5461 1962 5517 magna

417 5535 748 5592 demissione
780 5539 888 5593 Deo
918 5540 1243 5608 supplicare,
1296 5554 1359 5593 ac
1390 5538 1596 5610 peccati
1624 5540 1835 5595 veniam
1864 5556 1961 5596 ex-

419 5644 661 5701 poscere,
694 5645 801 5684 non
831 5643 1020 5685 contra
1054 5632 1237 5702 iniqua
1265 5631 1549 5701 largitione
1583 5633 1762 5688 efferri
1797 5650 1958 5704 opor-

415 5733 511 5783 tet.
567 5724 809 5793 lniquam
857 5738 982 5778 vero
1011 5725 1233 5791 appellat
1266 5727 1626 5798 largitionem,
1678 5744 1785 5784 non
1814 5728 1955 5799 quod

2093 3158 2366 3227 προσῆγον
2398 3159 2464 3228 τῇ
2504 3156 2806 3231 Ἐκκλησία
2859 3161 3139 3232 χρήματα,
3167 3164 3243 3227 ὡς
3284 3166 3641 3237 ἀφιεροῦντες

2090 3248 2262 3303 ταῦτα
2310 3249 2388 3320 τῷ
2439 3249 2593 3319 Θεῷ⁶
2627 3245 2744 3304 εἶτα
2797 3252 3007 3317 τούτοις
3051 3253 3399 3328 θαρροῦντες,
3445 3262 3538 3313 καὶ
3574 3264 3640 3332 τῇ

2088 3336 2231 3391 δόσει
2256 3337 2349 3392 τοῦ
2374 3339 2595 3408 χρυσίου
2626 3339 2987 3412 καυχώμενοι,
3009 3343 3282 3411 ὠνείδιζον
3309 3347 3482 3412 ἀδεῶς
3514 3352 3643 3415 τοὺς

2087 3428 2284 3490 δόσεως
2335 3429 2557 3499 χρυσίου
2588 3431 2757 3501 χωρὶς
2799 3432 2867 3486 δι’
2897 3434 3096 3507 ἀρετὴν
3127 3437 3256 3502 ῐσως
3293 3438 3325 3510 ἢ
3358 3442 3454 3495 καὶ
3484 3442 3643 3511 λόγον

2087 3520 2493 3588 καταταγέντας
2520 3521 2597 3592 τῷ
2625 3523 2829 3596 κλήρῳ.
2864 3527 3003 3592 Τοὺς
3035 3528 3164 3597 γοῦν
3188 3532 3462 3596 τοιούτους
3492 3535 3641 3606 πρῶ-

2087 3629 2177 3665 τον
2225 3614 2323 3683 μὲν
2374 3613 2797 3678 ὕποόισάζεσθσι
2850 3618 3101 3687 βούλεται
3145 3622 3174 3674 ό
3224 3623 3407 3677 κανὼν
3454 3625 3639 3679 ἑκτοῦ

2042 3704 2281 3758 “οίκείου
2340 3704 2573 3775 βαθμοῦ,
2626 3708 2723 3763 καὶ
2771 3710 2852 3773 είς
2899 3711 2989 3765 τὸν
3046 3710 3272 3784 ἔσχατον
3322 3716 3488 3770 τόπον
3541 3716 3636 3772 τοῦ

2083 3795 2377 3865 τάγματος,
2421 3799 2480 3851 ὲν
2508 3793 2550 3866 ᾧ
2579 3801 2707 3865 εἰσι,
2745 3801 3037 3856 τάττεσθαι
3063 3820 3079 3835 ο
3125 3807 3174 3859 εί
3220 3806 3276 3859 δὲ
3328 3808 3422 3862 καὶ
3459 3808 3542 3862 ἔτι
3570 3809 3639 3863 τά

2083 3887 2224 3942 αὑτά
2273 3890 2536 3956 ποιοῦσιν,
2589 3894 2944 3964 ἐπιτιμᾶσθαι
2998 3896 3217 3962 αὐτοὺς,
3265 3900 3354 3954 ἵνα
3405 3901 3635 3974 διορθω-

2087 3977 2246 4036 ϐὡσι.
2278 3982 2730 4054 Προοιμιάζονται
2760 3986 2816 4039 δὲ
2874 3988 2923 4040 οἱ
2976 3989 3066 4042 τὸν
3091 3991 3292 4044 κανόνα
3343 3994 3630 4065 ὲκθέμενοι

2081 4070 2189 4122 ἀπὸ
2243 4070 2336 4123 τοῦ
2394 4073 2691 4127 ἀποστόλου
2744 4077 2842 4130 καὶ
2914 4078 3300 4147 εὐαγγελιστοῦ
3365 4084 3633 4144 Ὶωὰνιου.

2096 4160 2316 4232 Ἐκείνῳ
2366 4166 2474 4234 γάρ
2515 4168 2729 4236 εἴρηται
2752 4171 2811 4221 ὲν
2837 4171 2904 4240 τῇ
2957 4171 3147 4244 πρώτῃ
3177 4173 3453 4250 Καθολικῇ
3486 4178 3637 4233 Ἐπι-

2081 4252 2237 4324 στολῇ
2291 4253 2371 4320 τὸ,
2426 4256 2639 4309 Ἔστιν
2692 4260 2943 4327 ἁμαρτία
2990 4263 3134 4329 πρὸς
3190 4263 3450 4322 θάνατον
3472 4285 3488 4301 ·
3542 4274 3635 4325 καὶ

2078 4342 2505 4413 ὲκλαμόάνονται
2550 4340 2778 4401 οῦτοιτὸ
2809 4351 2975 4420 ῥητὸν
3019 4350 3243 4406 ἐπὶτῶν
3285 4357 3632 4429 ἁμαρτανόνο

2080 4450 2209 4498 των,
2250 4435 2344 4489 καὶ
2387 4437 2461 4507 μὴ
2495 4439 2916 4508 μετανοούντων.
2954 4438 3084 4495 Εἶτα
3110 4447 3202 4498 καὶ
3235 4451 3415 4519 χεῖρον
3444 4453 3633 4522 λέγου-

2084 4542 2188 4592 σιν,
2216 4526 2402 4599 ὥσπερ
2448 4530 2512 4601 δὴ
2566 4531 2660 4584 καί
2719 4532 2947 4598 ἐστι,τὸ
3007 4536 3144 4605 μετὰ
3197 4540 3295 4610 τὴν
3356 4542 3635 4615 ἁμαρτίαν

2078 4619 2411 4691 τραχηλιᾷν,
2471 4622 2640 4693 ἤγουν
2717 4624 3133 4695 ἀναισχυντεῖν
3196 4631 3475 4703 ἁμαρτίαν
3532 4639 3633 4707 μὲν

2078 4709 2369 4773 καλοῦντες
2415 4711 2477 4764 τὸ
2518 4713 2888 4783 ὲγκαυχᾶσθαι
2929 4719 3020 4769 ἐπὶ
3045 4722 3109 4789 τῇ
3144 4728 3485 4797 προσαγωγῆ
3523 4729 3631 4781 τῶν

2077 4801 2393 4874 χρημάτων.
2451 4804 2545 4857 καὶ
2608 4813 2883 4879 προτιμᾷν
2935 4813 3032 4879 τῆς
3073 4812 3167 4865 τοῦ
3204 4813 3336 4867 Θεοῦ
3380 4817 3627 4892 ὑπακοῆς

2078 4899 2303 4952 καὶτῶν
2348 4900 2647 4954 κανονικῶν
2685 4902 2979 4969 διατάξεων
3023 4911 3354 4976 μαμμωνᾶν,
3390 4913 3458 4965 τὰ
3489 4919 3595 4986 χρή

2076 5006 2219 5059 ματα
2250 4990 2514 5059 δηλονότι.
2551 4992 2957 5063 Ἀναισχυντίαν
2982 4996 3037 5049 δὲ
3064 4997 3153 5049 τὸν
3177 4999 3486 5066 ὀνειδισμὸν
3526 5010 3619 5060 καὶ

2071 5080 2171 5152 τὴν
2208 5082 2452 5151 ἀτιμίαν,
2500 5082 2568 5153 ἢν
2614 5085 2879 5153 ἐπάγουσι
2923 5091 3033 5152 τοῖς
3078 5088 3405 5160 κληρωθετσι
3451 5102 3625 5167 χωρὶς

2071 5175 2319 5245 παροχῆς
2361 5179 2676 5246 χρημάτων.
2716 5178 2810 5231 Ἐν
2859 5181 3089 5246 τούτοις
3131 5185 3241 5236 οὐκ
3269 5184 3425 5249 ἔστι,
3466 5192 3619 5257 φασὶ,

2070 5268 2281 5334 Κύριος
2330 5268 2364 5321 ό
2416 5270 2598 5335 Θεόςο
2647 5270 2927 5323 καὶτοῦτο
2981 5272 3038 5325 δὲ
3092 5279 3382 5345 γραφικὺν,
3427 5285 3492 5334 ὲκ
3525 5284 3620 5353 τῆς

2066 5358 2256 5429 τρίτης
2289 5360 2397 5412 τῶν
2450 5360 2760 5414 Βασιλειῶν.
2796 5362 2913 5432 Χρὴ
2974 5359 3066 5418 οῦν
3112 5366 3311 5432 αὐτοὺς
3341 5387 3610 5427 ταπεινω-

2067 5451 2253 5516 θέντας
2299 5455 2628 5523 προσπεσεῖν
2657 5453 2733 5526 τῷ
2762 5454 2900 5526 Θεῷ,
2947 5460 3040 5512 καὶ
3083 5460 3260 5515 αἰτεῖν
3309 5464 3404 5518 τοῦ
3431 5466 3608 5536 ἁμαρ-

2062 5544 2128 5613 τή
2139 5546 2303 5614 ματος
2330 5544 2545 5615 ἄφεσιν,
2574 5548 2667 5601 καὶ
2689 5548 2811 5619 οὐχὶ
2838 5550 3035 5619 μᾶλλον
3063 5553 3388 5626 ἐπαίρεσθαι
3419 5561 3509 5613 ἐπὶ
3534 5562 3595 5629 τῇ

2062 5635 2204 5689 δόσει
2252 5641 2315 5709 τῇ
2361 5638 2606 5711 ἁθέσμῳ.
2639 5642 2908 5711 Ἀθεσμον
2940 5644 2994 5698 δὲ
3027 5646 3123 5716 τὴν
3170 5648 3315 5703 δόσιν
3345 5654 3501 5707 καλεῖ
3538 5655 3596 5705 οὐ

2065 5729 2185 5782 κατ’
2216 5730 2345 5784 αὐτό
2373 5746 2386 5761 °
2416 5731 2465 5784 εί
2497 5732 2605 5802 γάρ
2652 5732 2887 5805 ἁθεσμος
2937 5732 3023 5809 ἢν,
3054 5738 3197 5793 διατί
3233 5746 3598 5816 προσεδέχθης
