4092 6214
347 325 458 378 W5

1365 313 1446 374 IN
1480 311 1650 376 CAN.
1697 310 1773 371 VI
1813 309 2022 370 CONC.
2062 310 2170 371 Vll
2211 309 2571 370 (ECUMEN.

3485 315 3591 376 906

349 424 445 496 uad
469 423 614 477 διατι
647 422 724 495 μὴ
753 421 854 478 καὶ
887 422 1053 486 αὐτὸς
1093 423 1278 480 τέλεον
1318 422 1603 486 ἐξωθεῖται
1649 420 1743 473 τοῦ
1789 420 1920 487 κλή-

2031 420 2138 489 ipsa
2188 405 2266 474 sit
2319 418 2625 487 ejusmodi:
2690 417 2734 472 si
2792 419 2935 474 enim
2994 421 3177 491 iniqua
3224 422 3436 487 fuerat,
3494 439 3594 477 cur

355 532 470 581 ρου,
501 514 598 568 καὶ
645 519 673 569 ό
719 517 812 568 ἐπὶ
857 517 1005 570 δόσει
1053 517 1246 572 τοῦτον
1275 517 1563 588 κληρώσας
1589 518 1916 581 κολάζεταις

351 607 426 660 06
456 605 578 659 κατ’
608 607 739 659 αὐτὸ
771 607 952 660 τοίνυν
980 607 1219 677 ἄθεσμος
1250 610 1284 679 ἡ
1316 609 1464 671 δόσις
1516 607 1720 680 ἐκλήθη
1740 626 1754 640 ·
1806 610 1921 662 ἀλλ’

352 697 436 749 ὅτι
465 699 672 760 ἐκεῖνος
701 699 909 767 ταύτην
966 702 1115 753 ποιεῖ
1172 700 1493 768 νομίζεσθαι
1545 700 1806 770 ἄθεσμον,
1843 701 1917 765 ὡς

353 790 420 842 δι’
449 788 619 859 αὐτὴν
657 787 1118 860 ἀλαζονευόμενος
1163 791 1262 846 καὶ
1306 792 1775 863 κατεπαιρόμενος
1808 793 1919 844 τῶν

354 881 658 950 ὁμοταγῶν,
692 881 991 937 κάντεῦθεν
1020 883 1291 953 ὑπόληψιν
1323 884 1501 948 διδοὺς
1532 886 1614 937 ὅτι
1670 887 1730 938 οὐ
1777 886 1919 938 κατὰ

355 974 487 1027 Θεὸν
515 976 808 1044 ἐποιήσατο
837 975 936 1046 τὴν
970 982 1362 1050 προσαγωγὴν,
1396 980 1514 1033 ἀλλ’
1545 979 1611 1032 ἵν’
1641 980 1752 1050 ἔχοι
1785 983 1917 1034 ταύ-

355 1085 470 1136 την,
511 1071 590 1130 εἰς
639 1068 900 1139 καύχημα
939 1072 1032 1123 καὶ
1071 1072 1392 1138 ἀλαζονείαν
1446 1073 1723 1128 ὑπόθεσιν.
1752 1074 1924 1127 Τοῦτο

352 1163 409 1213 δέ
443 1160 700 1229 δηλοῦται
731 1162 826 1215 καὶ
853 1161 942 1215 διὰ
987 1163 1097 1216 τῶν
1144 1164 1378 1236 ἐφεξῆςο
1418 1167 1552 1236 φησὶ
1604 1166 1716 1236 γὰρ
1769 1171 1795 1219 ὁ
1825 1185 1926 1219 κα-

353 1251 458 1305 νὼν
491 1267 505 1281 ’
564 1253 625 1304 Et
684 1251 740 1305 δέ
792 1269 875 1317 τις
923 1254 1018 1306 ἐπὶ
1056 1255 1361 1327 χειροτονίᾳ
1392 1259 1534 1327 φανῇ
1590 1274 1718 1310 ποτε
1767 1259 1926 1311 τοῦτο

354 1345 692 1414 πεποιηκὼς,
713 1345 969 1400 τὸδοῦναι
993 1347 1194 1418 δηλαδὴ
1225 1353 1502 1420 χρήματα,
1526 1350 1760 1420 γινέσθω
1787 1353 1926 1405 κατά

354 1436 482 1496 τοὺς
517 1435 766 1500 κανόνας,
810 1437 977 1506 ἤγουν
1009 1439 1102 1492 τὸν
1138 1440 1521 1507 ἀποστολικὸν,
1575 1441 1634 1504 6;
1682 1444 1927 1504 εἰκοστὸς

356 1525 575 1590 ἔννατός
617 1529 752 1592 ἐστι,
795 1531 888 1582 καὶ
930 1532 1072 1584 κατὰ
1121 1532 1211 1585 τὸν
1259 1533 1513 1602 δεύτερον
1537 1534 1632 1604 τῆς
1671 1537 1730 1587 ἐν
1778 1535 1924 1588 Χαλ-

355 1618 541 1685 κηδόνι
600 1619 842 1675 συνόδου.
895 1622 1110 1690 Ὠσπερ
1169 1620 1284 1688 οὖν,
1346 1624 1588 1687 ἀθέσμου
1624 1624 1791 1695 οὔσης
1834 1627 1926 1679 ἐν·

351 1708 528 1761 ταῦθα
581 1712 682 1780 τῆς
740 1711 963 1780 δόσεως,
1022 1716 1118 1767 καὶ
1177 1716 1205 1768 6
1252 1723 1642 1786 χειροτονήσας
1672 1717 1928 1786 ποινηλα-

2023 511 2308 565 admissa?
2351 522 2444 563 aut
2473 526 2572 563 cur
2603 526 2631 564 c
2659 511 2826 574 εις-τυ,
2875 514 2964 581 qui
3009 513 3175 579 dedit,
3232 532 3337 569 non
3368 531 3596 584 Prorsus

2023 607 2260 675 eiicitur,
2318 616 2370 659 et
2419 606 2473 658 in
2531 621 2681 666 eutn,
2731 605 2822 673 qui
2856 607 2981 657 data
3030 607 3256 673 pecunia
3291 608 3343 660 in
3385 609 3595 662 clerum

2025 701 2233 754 electus
2264 707 2369 762 est,
2406 697 2900 751 animadvertitur?
2969 696 3084 763 Non
3125 699 3288 765 igitur
3323 702 3466 768 quod
3503 716 3594 753 se-

2028 793 2142 861 ipsa
2195 793 2266 845 sit
2325 791 2472 852 talis,
2533 790 2737 844 idcirco
2796 791 2908 843 haec
2960 790 3147 860 iniqua
3196 773 3597 845 dictadonatio

2025 895 2140 953 est;
2197 884 2294 941 sed
2325 884 2469 954 quod
2503 885 2622 954 ejus
2649 884 2800 947 vitio,
2853 885 2946 954 qui
2983 900 3039 938 se
3066 886 3136 937 ob
3163 885 3309 938 illam
3343 886 3514 954 jactat
3543 895 3599 940 et

2025 979 2334 1048 aequalibus
2366 977 2670 1046 anteponit,
2707 986 2767 1030 ut
2814 979 3041 1046 proinde
3076 993 3183 1031 non
3225 979 3375 1030 illum
3413 979 3599 1033 deme-

2028 1073 2132 1125 reri
2171 1070 2406 1132 Numen,
2458 1069 2553 1123 sed
2585 1085 2771 1124 auram
2805 1071 3019 1122 inanem
3073 1068 3466 1138 popularesque
3510 1084 3605 1120 ru-

2027 1163 2306 1217 musculos
2337 1171 2559 1230 captare
2593 1178 2656 1215 ea
2689 1161 2981 1215 donatione
3033 1161 3270 1214 voluisse
3327 1144 3605 1228 suspicari

2031 1255 2209 1316 liceat,
2266 1255 2541 1323 speciem,
2590 1253 2870 1307 hominum
2923 1254 3367 1316 existimatione,
3429 1252 3610 1306 induit

2030 1348 2328 1415 pravitatis.
2388 1345 2544 1412 Quod
2579 1347 2743 1400 etiam
2777 1346 2912 1401 satis
2939 1362 3005 1401 ex
3035 1347 3394 1415 sequentibus
3425 1345 3606 1399 decla-

2033 1443 2201 1497 ratur.
2258 1443 2392 1496 Nam
2439 1442 2482 1496 si
2515 1459 2699 1512 quem,
2747 1443 2923 1512 inquit
2953 1458 3150 1506 canon,
3193 1443 3265 1496 ob
3300 1441 3607 1496 ordinatio-

2031 1552 2152 1588 nem
2216 1535 2266 1588 id
2330 1531 2644 1603 aliquando
2686 1536 2925 1600 fecisse,
3003 1535 3290 1604 pecuniam
3357 1531 3607 1587 videlicet

2029 1627 2311 1690 obtulisse,
2362 1636 2702 1694 compertum
2735 1627 2922 1690 fuerit,
2983 1641 3253 1680 canonum
3289 1629 3341 1678 in
3374 1641 3438 1680 eo
3473 1640 3608 1678 con-

2031 1721 2341 1778 stitutiones
2371 1719 2576 1774 servari
2625 1719 2829 1788 placet:
2879 1735 3149 1774 canonum
3203 1720 3432 1784 scilicet,
3482 1734 3612 1787 apo-

354 1803 550 1864 τεῖται,
591 1803 686 1855 καὶ
731 1805 760 1857 6
816 1806 1220 1876 χειροτονηθείς
1248 1826 1260 1838 ·
1315 1808 1458 1861 οὕτω
1503 1810 1664 1862 κάκεῖ
1720 1809 1928 1876 ἐγίνετο

2032 1815 2209 1870 stolici
2270 1813 2724 1879 undetricesimi,
2787 1815 3090 1884 synodique
3146 1813 3611 1893 Chalcedonensis

356 1893 448 1957 ἂν,
477 1896 527 1947 εί
556 1896 692 1964 πρὸς
726 1896 990 1968 ἀλήθειαν
1018 1897 1253 1968 ἄθεσμος
1280 1895 1371 1971 ἦν.
1420 1902 1530 1972 Τὴν
1557 1901 1615 1954 δὲ
1672 1903 1780 1954 τῶν
1830 1919 1924 1956 κα-

353 1987 520 2040 νόνων
577 1988 784 2043 τούτων
827 1991 1092 2062 ἐξήγησιν
1134 1994 1162 2044 ό
1211 1992 1394 2066 ζητῶν
1449 1995 1676 2066 εὑρήσει
1708 1997 1764 2049 ἐν
1818 1998 1932 2059 τοῖς

350 2081 544 2145 τόποις
575 2083 778 2139 αὐτῶν.

2032 1906 2278 1961 secundi.
2371 1906 2839 1973 Quemadmodum
2873 1909 3036 1977 igitur
3082 1912 3182 1961 hoc
3229 1907 3364 1971 loco,
3422 1907 3609 1972 iniqua

2033 1998 2324 2053 donatione
2374 1999 2783 2062 intercedente,
2847 2010 2900 2054 et
2945 2001 3037 2069 qui
3089 1998 3310 2055 ordines
3359 1999 3608 2062 contulit,

2033 2097 2087 2142 et
2141 2089 2234 2158 qui
2280 2090 2560 2160 suscepit,
2633 2098 2860 2159 uterque
2911 2091 3086 2160 pinnis
3141 2090 3407 2145 aﬂicitur:
3469 2089 3608 2144 idem

353 2181 424 2238 de
482 2182 572 2236 illa
623 2198 843 2253 quoque
899 2183 1220 2249 donatione,
1266 2187 1311 2240 si
1365 2201 1430 2240 ea
1495 2203 1684 2242 revera
1762 2187 1972 2254 legibus
2016 2184 2422 2252 adversaretur,
2498 2187 2860 2242 constitutum
2913 2187 3120 2242 fuisset.
3199 2185 3404 2242 Horum
3449 2199 3611 2254 porro

353 2289 627 2334 canonum
674 2275 1115 2345 explicationem,
1169 2278 1261 2347 qui
1313 2282 1577 2344 voluerit,
1637 2281 1753 2334 suis
1803 2279 1938 2332 locis
1972 2277 2234 2343 reperiet.

355 2368 584 2425 APL‘JT.
635 2375 656 2420 ὁ
690 2370 829 2433 Τοὺς
852 2371 1310 2442 ὲγκαυχωμένους
1341 2374 1428 2426 διὰ
1456 2375 1657 2437 δόσεως
1693 2375 1923 2445 χρυσίου

427 2481 448 2514 ε
495 2461 752 2530 τετάχθαι
797 2464 854 2516 ἐν
894 2464 1215 2536 Ἐκκλησίᾳ,
1252 2466 1348 2519 καὶ
1387 2466 1750 2536 ἀτιμάζοντας
1796 2468 1923 2531 τοὺς

438 2572 457 2603 ι
502 2552 571 2606 δι’
607 2554 809 2624 ἀρετὴν
834 2555 1181 2622 ἐκλεγέντας,
1213 2559 1304 2609 καὶ
1335 2558 1501 2626 χωρὶ;
1535 2558 1734 2620 δόσεως
1759 2576 1926 2611 κατα-

436 2662 456 2694 σ
502 2644 824 2714 ταχθέντας,
860 2645 1004 2712 ἔδοξε
1038 2646 1128 2699 τὸν
1153 2646 1380 2716 ἔσχατον
1404 2648 1612 2719 βαθμὸν
1671 2649 1767 2702 τοῦ
1795 2650 1926 2702 ἰδίου

437 2754 458 2786 ι
506 2736 806 2806 λαμϐάνειν
840 2737 1155 2805 τάγματος·
1210 2743 1259 2791 εί
1293 2740 1348 2793 δὲ
1378 2741 1711 2808 ἐπιμένοιεν,
1749 2744 1927 2794 ἐπιτι-

440 2851 459 2882 ι
508 2830 714 2900 μᾶσθαι
734 2847 748 2862 ·
779 2831 903 2894 τοὺς
923 2831 968 2883 δ’
990 2831 1083 2883 ἐπὶ
1118 2832 1422 2904 χειροτονίᾳ
1444 2831 1603 2884 τοῦτο
1639 2832 1936 2901 πεποιηκό-

442 2942 462 2974 ι
511 2941 610 2988 τας
638 2923 1008 2991 ἐκκόπτεσθαι
1032 2925 1133 2995 τῆς
1164 2925 1468 2990 κοινωνίας,
1498 2925 1573 2990 ὠς
1595 2923 1699 2976 ὑπὸ
1728 2925 1936 2996 Πέτρου

437 3033 468 3080 ε,
500 3016 597 3074 τὸν
625 3015 844 3087 Σίμωνα
878 3016 1090 3086 Μάγον.
1122 3035 1142 3068 ι

437 3104 544 3166 Τὸν
577 3105 735 3173 λόγον
769 3107 850 3160 δεῖ
882 3107 980 3160 καὶ
1026 3107 1125 3178 τὴν
1167 3108 1372 3179 ἀρετὴν
1405 3108 1778 3179 προτιμᾶσθαι
1799 3125 1814 3140 ’
1844 3110 1939 3161 καὶ

2029 2370 2254 2426 Αιιιετ.
2297 2391 2315 2423 ι
2347 2371 2462 2437 Isti,
2497 2372 2589 2442 qui
2614 2387 2674 2427 se
2697 2386 2798 2442 per
2823 2371 2941 2426 auri
2975 2370 3316 2440 largitionem
3353 2370 3612 2427 quccleé

2103 2480 2123 2512 ε
2170 2462 2252 2516 sia
2301 2465 2630 2518 constitutos
2687 2464 3014 2532 gloriantur,
3045 2463 3195 2518 {illos
3247 2473 3465 2528 autem,
3517 2464 3610 2530 qui

2105 2575 2122 2606 ι
2167 2565 2401 2626 pr0pter'
2422 2556 2673 2610 virtutem
2702 2555 2997 2626 eliguntur,
3055 2563 3110 2610 et
3159 2555 3280 2610 sine
3327 2556 3610 2624 largitione

2105 2666 2125 2700 ‹
2171 2649 2603 2712 constituuntur,
2631 2649 2995 2718 vilipendunt,
3047 2651 3222 2702 visunt
3257 2658 3358 2712 est,
3397 2657 3454 2702 ut
3486 2650 3608 2704 ulti-

2100 2753 2119 2786 ι
2165 2751 2310 2788 mum
2342 2736 2550 2791 ordinis
2580 2739 2662 2790 sui
2695 2737 2918 2808 gradum
2952 2740 3219 2808 accipiant
3246 2755 3260 2791 :
3315 2740 3398 2793 sin
3427 2754 3611 2808 perse-

2109 2845 2129 2879 ι
2179 2837 2384 2894 vet-cut,
2411 2829 2730 2898 puniantur.
2785 2829 2887 2897 Qui
2916 2846 3042 2884 vero
3061 2831 3421 2885 ordinationis
3438 2831 3610 2901 gratia

2111 2937 2130 2971 ι
2179 2920 2281 2974 hoc
2338 2921 2587 2986 fecerint,
2651 2940 2680 2976 a
2736 2925 3144 2988 communione,
3205 2940 3312 2977 nun
3362 2938 3520 2979 secus
3549 2937 3611 2978 ac

2113 3031 2132 3064 ι
2180 3011 2370 3068 Simon
2399 3013 2586 3083 Magos
2616 3029 2644 3066 a
2669 3014 2846 3078 Petro,
2867 3015 3276 3068 exsciudautur.
3307 3033 3326 3064 ι

2113 3108 2340 3164 Dicendi
2373 3110 2686 3166 facultatem
2718 3121 2772 3164 et
2801 3110 3053 3163 virtutem
3088 3107 3344 3178 praeferre
3374 3115 3614 3178 oportet,

360 3200 532 3271 χωρὶς
567 3198 766 3263 δόσεως
791 3200 1016 3271 χρυσίου
1043 3201 1170 3264 τοὺς
1199 3200 1373 3264 οὕτως
1407 3199 1556 3272 ἔχειν
1601 3203 1929 3273 εὑρισκομέ-

2039 3209 2094 3255 et
2122 3202 2214 3271 qui
2240 3202 2321 3258 sic
2349 3218 2408 3258 se
2436 3202 2638 3257 habere
2667 3201 3022 3259 inveniuntur
3040 3202 3159 3256 sine
3183 3202 3301 3255 auri
3321 3199 3614 3255 donatione

361 3307 488 3353 νους
517 3291 811 3346 τάττεσθαι
850 3295 952 3364 χρὴ
989 3294 1047 3346 ἐν
1080 3293 1160 3362 τῷ
1205 3293 1394 3364 κλήρῳ
1430 3294 1530 3363 τῆς
1563 3293 1927 3362 Ἐκκλησίαςο

361 3383 459 3444 καὶ
495 3383 572 3454 μὴ
597 3383 953 3448 ὀνειδίζεσθαι
995 3385 1193 3448 αὐτοὺς
1227 3386 1334 3439 ὑπὸ
1371 3387 1484 3439 τῶν
1509 3389 1934 3454 καταταγέντων

363 3478 430 3544 τῇ
477 3474 777 3548 Ἐκκλησίᾳ
803 3476 871 3530 δι’
913 3477 1252 3548 οἱασδήτινος
1299 3478 1529 3542 δόσεως’
1559 3479 1696 3531 ἀλλὰ
1734 3477 1936 3546 μᾶλλον

364 3569 461 3620 καὶ
489 3570 852 3636 ἐπαινεῖσθαι,
881 3568 956 3633 ὡς
991 3570 1062 3624 δι’
1111 3571 1313 3642 ἀρετὴν
1356 3570 1472 3640 βίου
1511 3571 1616 3623 ὑπὸ
1647 3572 1743 3623 τοῦ
1777 3572 1935 3638 ἁγίου

364 3661 688 3728 Πνεῦματος
736 3662 1082 3732 ἐκλεγέντας.
1127 3664 1191 3715 Et
1229 3663 1286 3716 δέ
1323 3681 1489 3728 τινες,
1529 3663 1604 3727 ὡς
1652 3663 1940 3732 ἐγκαυχὼ-

367 3771 525 3824 μενοι
549 3758 640 3808 ἐπὶ
670 3757 736 3827 τῇ
773 3756 997 3828 τοιαύτῃ
1026 3756 1252 3827 ἀθέσμῳ
1296 3757 1441 3810 δόσει
1491 3756 1588 3814 καὶ
1613 3760 1679 3827 τῇ
1723 3759 1938 3828 πονηρᾷ

363 3849 540 3919 ταύτῃ
569 3851 827 3921 συνηθείᾳ
854 3854 920 3922 τῇ
945 3851 1303 3924 ἀλλοτριούσεῃ
1331 3851 1440 3906 ἀπὸ
1467 3851 1602 3904 Θεοῦ
1628 3852 1724 3903 καὶ
1756 3850 1938 3920 πάσης

365 3941 691 4012 ἱερωσύνης,
736 3943 1196 3998 κατονειδίσουσιν
1249 3944 1461 3997 ἀναιδεῖ
1509 3941 1807 4014 προσώπῳ,
1845 3942 1938 3994 καὶ

362 4033 797 4104 ἀπερικαλύπτῳ
831 4037 1060 4106 στόματι
1091 4037 1218 4100 τοὺς
1263 4037 1390 4090 ἄνευ
1434 4035 1660 4109 χρυσίου
1701 4051 1938 4088 κατατα-

361 4126 563 4193 γέντας
614 4127 952 4199 κληρικούς⁶
986 4131 1078 4181 τὸν
1097 4127 1330 4198 ἔσχατον
1375 4126 1586 4197 βαθμὸν
1638 4126 1697 4178 ἐν
1744 4125 1823 4195 τῷ
1857 4127 1939 4178 οι-

362 4218 505 4287 κείῳ
553 4218 795 4287 τάγματι
849 4219 1137 4289 λήψονται.
1178 4219 1328 4272 Είδέ
1389 4221 1483 4273 καὶ
1533 4219 1706 4283 οὕτως
1739 4204 1939 4288 ἐπιμέ-

361 4325 510 4362 νοιεν
553 4310 753 4371 αὐτοὺς
797 4308 1169 4378 ὀνειδίζοντες.
1217 4309 1284 4361 δι’
1319 4309 1596 4379 ἐπιτιμίου
1639 4308 1937 4379 διορθωθή-

365 4394 578 4454 σονται.
612 4401 724 4454 Καὶ
749 4399 922 4453 ταῦτα
968 4401 1067 4470 μὲν
1120 4401 1249 4469 περὶ
1278 4400 1387 4453 τῶν
1411 4400 1492 4461 είς
1530 4398 1732 4468 κλῆρον
1763 4415 1937 4451 κατα-

2038 3295 2092 3349 in
2128 3293 2389 3350 Ecclesia:
2415 3294 2563 3349 clero
2587 3294 2843 3347 constitui
2893 3293 3113 3358 debent,
3160 3295 3216 3347 et
3253 3307 3362 3346 non
3399 3291 3614 3362 probris

2037 3385 2255 3441 onerari
2287 3392 2355 3440 ab
2386 3385 2476 3451 iis,
2506 3386 2595 3456 qui
2626 3401 2723 3456 per
2753 3385 3095 3455 largitionem
3130 3399 3511 3455 quamcunque
3557 3383 3611 3448 in

2037 3480 2303 3544 Ecclesia
2363 3480 2738 3535 collocantur:
2793 3480 2885 3534 sed
2940 3478 3117 3548 potius
3169 3477 3418 3532 laudibus
3451 3474 3612 3550 295

2038 3573 2245 3638 ornari,
2311 3582 2372 3627 ut
2417 3574 2508 3643 qui
2561 3584 2780 3643 pr0pter
2839 3573 2962 3627 vita:
3023 3573 3276 3653 pietatem
3329 3586 3360 3626 a
3417 3581 3609 3626 sancto

2041 3665 2247 3734 Spiritu
2282 3665 2443 3719 electi
2483 3677 2632 3722 sunt.
2691 3665 2749 3719 Si
2781 3665 2870 3735 qui
2905 3672 3107 3729 autem,
3164 3675 3216 3718 ut
3253 3665 3306 3718 in
3337 3663 3612 3734 illegidma

2038 3756 2352 3814 istiusmodi
2407 3759 2650 3824 (latione,
2713 3768 2768 3813 et
2823 3757 2986 3826 impia
3029 3758 3130 3811 ista
3186 3758 3611 3819 consuetudine,

2037 3866 2158 3921 qua:
2187 3866 2218 3904 a
2257 3851 2366 3907 Deo
2392 3861 2446 3905 et
2499 3853 2647 3906 omni
2697 3851 3003 3906 sacerdotio
3048 3851 3268 3916 alienat,
3317 3849 3613 3921 gloriantes

2038 3943 2196 3997 vultu
2216 3944 2550 4014 impudente,
2596 3953 2650 3997 et
2689 3960 2784 3998 ore
2817 3955 3006 4014 aperto
3049 3943 3300 4005 clericos,
3352 3946 3443 4014 qui
3495 3946 3614 3999 sine

1975 4101 1982 4108 ἢ
2027 4050 2174 4091 auro
2208 4037 2486 4091 constituti
2523 4039 2740 4101 fuerint,
2772 4037 2987 4105 probris
3019 4036 3337 4102 all‘eceriut;
3363 4039 3608 4091 ultimum

2039 4128 2266 4197 gradum
2309 4129 2362 4181 in
2393 4127 2584 4182 ordine
2617 4143 2718 4183 suo
2750 4129 3047 4198 accipient:
3079 4128 3127 4183 si
3162 4138 3344 4183 autem
3374 4130 3453 4183 sic
3482 4145 3610 4198 pro-

2038 4223 2134 4276 bra
2169 4222 2222 4277 in
2253 4228 2542 4292 eosjacere
2567 4229 2928 4291 perseverent,
2963 4237 3057 4291 per
3084 4236 3299 4291 poenam
3331 4224 3612 4291 corrigen-

2041 4321 2148 4367 tur.
2210 4311 2273 4366 Et
2299 4313 2412 4366 haec
2439 4312 2652 4381 quidem
2681 4312 2745 4365 de
2771 4313 2857 4376 iis,
2888 4313 2980 4380 qui
3009 4313 3061 4364 in
3087 4312 3288 4365 clerum
3311 4311 3610 4378 conscripti

2039 4411 2185 4457 sunt.
2232 4401 2554 4472 Quicunque
2580 4411 2759 4456 autem
2788 4419 2880 4472 per
2898 4404 3182 4471 pecuniam
3210 4403 3606 4457 ordinationem

363 4492 699 4562 λεγομένων.
769 4493 924 4545 Ὅσοι
979 4491 1036 4543 δὲ
1088 4491 1178 4544 διὰ.
1241 4490 1540 4562 χρημᾲτων
1602 4491 1929 4560 χειροτονίας

2045 4495 2280 4563 aliquam
2317 4507 2744 4564 consequuntur,
2801 4497 3162 4566 deponentur,
3197 4508 3251 4550 et
3281 4493 3408 4565 ipsi,
3436 4502 3491 4550 et
3517 4494 3610 4565 qui

363 4583 577 4652 τύχωσί
624 4603 794 4650 τινος,
836 4585 1334 4658 καθαιρεθήσονται
1379 4585 1473 4638 καὶ
1523 4585 1702 4649 αὐτοὶ,
1749 4585 1845 4638 καὶ
1888 4585 1937 4636 οἱ

366 4680 855 4750 χειροτονήσαντες
883 4677 1103 4739 αὐτούς.

973 4768 1210 4824 ΚΑΝΩΝ
1242 4771 1332 4836 εῖν.

372 4874 392 4904 ι
452 4860 786 4932 Ἐπειδήπερ
839 4861 1020 4914 κανών
1075 4862 1274 4914 ἐστινὸ
1304 4861 1479 4930 λέγων
1528 4861 1608 4922 6i;
1653 4859 1745 4914 τοῦ
1789 4858 1944 4922 ἔτους

462 4972 481 5006 ι
524 4957 648 5010 καθ’
696 4957 935 5025 ἑκάστην
979 4955 1248 5025 ἐπαρχίαν
1313 4955 1508 5025 χρῆναι
1569 4955 1815 5022 γίνεσθαι
1857 4952 1944 5005 διὰ

452 5070 473 5103 ε
517 5049 917 5119 συναθροίσεως
937 5047 1361 5108 ἐπισκόπων-τὰς
1379 5045 1668 5108 κανονικὰς
1691 5043 1946 5115 ζητήσεις

451 5162 472 5195 ε
513 5144 602 5196 διὰ
651 5143 751 5210 τὴν
797 5139 1092 5210 συντριϐὴν
1131 5139 1224 5192 καὶ
1273 5137 1334 5191 τὸ
1385 5139 1578 5200 ἐνδεῶς
1616 5139 1762 5206 ἐχειν
1810 5138 1947 5207 πρὸς

452 5258 470 5287 ι
517 5235 832 5304 ὁδοιπορίαν
885 5232 1012 5296 τοὺς
1055 5231 1596 5301 συναθροιζομένους,
1644 5229 1853 5298 ὥρισαν
1897 5229 1946 5281 οξ

447 5355 468 5388 ι
511 5333 614 5403 τῆς
660 5333 827 5404 ἕκτης
873 5329 1096 5383 συνόδου
1149 5329 1286 5382 ὅσιοι
1330 5328 1570 5396 Πατέρες
1607 5326 1667 5390 ἐξ
1710 5325 1946 5387 ἅπαντος

451 5447 473 5480 ί
522 5427 725 5497 τρόπου
747 5425 841 5482 καὶ
869 5423 1194 5496 προφάσεως
1226 5419 1374 5484 ἅπαξ
1400 5419 1494 5472 τοῦ
1528 5419 1776 5472 ἐνιαυτοῦ
1801 5417 1942 5484 γίνε-

455 5538 475 5572 ι
520 5519 668 5582 σθαι,
712 5519 810 5572 καὶ
852 5515 920 5584 τὰ
982 5515 1298 5585 ἐσφαλμένα
1334 5511 1698 5583 διορθοῦσθαι.
1746 5510 1948 5564 Τοῦτον

451 5633 471 5666 ι
512 5611 612 5668 οῦν
656 5612 745 5664 τὸν
793 5609 994 5665 κανόνα
1030 5607 1125 5668 καὶ
1167 5607 1326 5677 ἡμεῖς
1368 5602 1701 5676 ἀνανεοῦμεν
1734 5618 1748 5634 ·
1779 5603 1871 5656 καὶ
1897 5601 1950 5654 εἰ

448 5728 469 5761 ε
513 5723 598 5769 τις
639 5703 836 5774 εὑρεθῇ
869 5704 1054 5773 ἄρχων
1083 5698 1242 5754 τοῦτο
1275 5697 1522 5758 κωλύων,
1547 5695 1892 5766 ἀφοριζέσθω
1925 5709 1944 5726 ο

449 5821 471 5855 ι
518 5801 569 5853 εί
605 5798 665 5852 δέ
695 5814 780 5859 τις
812 5798 876 5848 ἐκ
907 5794 1014 5846 τῶν
1047 5791 1461 5864 μητροπολιτῶν
1487 5791 1754 5862 ἀμελήσοι
1788 5785 1948 5842 τοῦτο

704 5890 975 5952 [Ἀτιιοι.
1022 5887 1140 5951 (in.
1191 5883 1547 5951 CXXXVII.

2044 4600 2137 4640 eos
2164 4585 2504 4642 ordinarunt.

2646 4763 2881 4819 CANON
2925 4761 3009 4816 \‘l.
3095 4803 3106 4812 ,

2059 4875 2077 4906 ι
2108 4856 2378 4921 QttOniam
2414 4872 2590 4910 canon
2625 4865 2732 4918 est,
2774 4857 2866 4925 qui
2921 4856 3077 4920 dicit,
3129 4856 3213 4910 bis
3259 4856 3311 4909 in
3347 4870 3492 4908 anno
3554 4854 3606 4907 in

2124 4966 2141 4998 ι
2183 4963 2512 5017 unaquaque
2553 4948 2832 5017 provincia
2884 4963 2978 5016 per
3017 4948 3464 5014 congregatioues
3495 4947 3612 5012 epi-

2127 5058 2144 5090 ι
2181 5054 2470 5108 scoparum
2511 5039 2629 5093 ﬁeri
2651 5049 2908 5105 oportere
2943 5038 3276 5106 quaestiones
3297 5035 3609 5094 cauonieas,

2128 5152 2145 5184 ι
2185 5143 2407 5204 propter
2444 5134 2809 5197 vexationem,
2844 5141 2898 5186 et
2921 5130 3066 5201 quod
3094 5129 3274 5183 itineri
3303 5126 3610 5196 peragenda

2131 5244 2150 5277 ι
2191 5227 2371 5280 minus
2410 5227 2716 5281 sulliccrent
2746 5224 2839 5294 qui
2875 5222 3368 5292 congregabantur,
3403 5228 3610 5272 statue-

2126 5336 2145 5368 ι
2174 5329 2308 5376 runt
2345 5318 2520 5376 sancti
2557 5326 2724 5372 sexta:
2759 5314 2954 5387 synodi
2980 5313 3194 5374 Patres,
3227 5309 3424 5379 quovis
3449 5309 3610 5362 modo

2125 5429 2142 5460 ι
2175 5419 2229 5464 et
2269 5425 2598 5479 quacunque
2617 5424 2680 5462 ex
2722 5422 2910 5472 causa,
2963 5389 3127 5460 semel
3174 5403 3228 5457 iu
3282 5416 3426 5455 anno
3473 5401 3611 5468 ﬁeri,

2129 5524 2146 5556 ι
2187 5514 2241 5558 et
2278 5505 2473 5558 delicta
2530 5503 2750 5572 corrigi.
2797 5502 2952 5556 lluttc
3017 5513 3148 5570 ergo
3191 5511 3459 5552 canonem
3511 5509 3612 5550 nos

2127 5614 2145 5647 ι
2189 5609 2407 5664 quoque
2429 5609 2759 5648 renovamus
2779 5635 2796 5658 ,
2825 5604 2880 5647 et
2906 5594 2951 5646 si
2974 5593 3099 5662 quis
3122 5591 3478 5660 magistratus
3505 5587 3610 5641 hoe

2127 5707 2145 5739 ι
2181 5685 2470 5758 prohibere
2509 5686 2762 5739 iuventus
2787 5684 2973 5747 fuerit,
3001 5693 3358 5751 segregetur:
3403 5683 3448 5735 si
3485 5680 3611 5750 quis

2131 5801 2151 5835 ι
2189 5791 2370 5838 autem
2412 5778 2863 5855 u-tctropolitamrs
2892 5779 2992 5832 hoc
3028 5777 3143 5830 ﬁeri
3186 5790 3290 5827 non
3318 5771 3612 5840 curaverit,

3183 5872 3262 5930 29
