4092 6214
611 230 717 298 987

697 370 717 404 ι
750 359 1112 420 ριωιρτιιυοω
1147 343 1196 393 vi
1233 341 1316 395 vel
1348 340 1683 394 necessitate
1716 345 1772 391 et
1814 335 1962 404 justa
1990 335 2172 403 aliqua
2205 353 2245 400 Α

689 466 708 496 ι
745 447 812 500 de
842 455 1031 502 causa,
1065 432 1292 488 canonis
1325 433 1499 500 pinnis
1525 429 1874 496 subjiciatur.
1906 425 2053 480 Cum
2083 443 2179 479 au-

689 557 707 588 ι
743 546 848 590 tem
890 533 956 585 de
993 523 1278 581 canonicis
1300 533 1356 576 et
1393 522 1726 591 evangelicis
1761 524 1922 575 rebus
1956 522 2047 574 liat
2088 535 2180 590 sy-

690 649 710 682 ι
747 625 943 685 nodus,
967 635 1104 688 opus
1131 626 1214 669 est
1247 624 1304 668 ut
1329 615 1639 685 congregati
1659 615 1900 682 episc0pi
1930 627 2178 680 magnam

689 740 708 772 ι
747 732 934 773 curam
967 723 1022 766 et
1070 709 1403 775 diligentiam
1443 714 1657 775 gerant,
1694 716 1751 757 ut
1804 708 1983 756 divma
2019 715 2072 756 et
2108 704 2183 754 vi-

689 833 708 864 ι
744 813 900 864 viiica
945 806 1037 858 Dei
1107 801 1367 855 mandata
1415 809 1731 852 serventur.
1791 797 1846 849 ιιι
1899 797 1982 851 eis
2034 797 2181 849 cnim

625 892 634 900 ’
691 924 707 955 ι
744 899 1032 958 servandis
1089 906 1176 951 est
1208 893 1499 948 retributio
1557 894 1754 955 multa,
1801 891 2059 960 quoniam
2100 891 2184 942 lu-

691 1017 706 1048 ι
752 1011 920 1050 cerua
989 999 1073 1044 est
1137 989 1476 1049 mandatum,
1512 985 1595 1038 lex
1650 999 1781 1039 vero
1841 984 1934 1038 lux
1990 993 2044 1036 et
2095 982 2180 1035 via

688 1111 705 1138 ι
739 1090 882 1151 vitae,
930 1083 1180 1156 probatio
1251 1088 1304 1134 et
1362 1078 1692 1146 disciplina;
1750 1085 1805 1130 ct
1865 1077 2182 1128 mandatum

694 1205 710 1234 ι
750 1179 965 1234 Domitii
1007 1175 1276 1236 lucidum,
1304 1172 1624 1226 illuminans
1669 1169 1882 1223 oeulos.
1911 1166 1987 1220 Ne
2024 1167 2186 1220 lieeat

697 1294 714 1322 ι
749 1280 931 1325 autem
972 1266 1410 1334 metmpolitano,
1434 1278 1499 1316 ex
1539 1263 1602 1314 iis
1633 1267 1775 1330 quse'
1808 1274 1993 1313 serum
2026 1259 2187 1311 adfert

702 1383 720 1413 ι
755 1362 1071 1431 episcopus,
1126 1357 1210 1410 vel
1265 1355 1576 1424 jumentum
1642 1354 1726 1405 vel
1782 1351 2018 1420 aliquam
2071 1368 2182 1404 rem

690 1474 708 1506 ι
747 1455 908 1508 aliam
952 1459 1159 1521 petere.
1191 1446 1245 1500 Si
1295 1447 1439 1500 enim
1500 1447 1601 1497 hoc
1651 1443 1846 1496 fecisse
1899 1445 2185 1497 conviczus

694 1568 711 1599 ι
753 1545 939 1611 fuerit,
973 1543 1162 1598 reddet
1190 1540 1612 1612 quadruplum.»

1889 223 2167 283 THEOD.
2200 222 2599 282 BALSAMON

3765 219 3878 282 903

2356 352 2373 384 ι
2418 331 2689 400 γίνεσθαι,
2722 332 2878 394 aut;
2903 331 3149 397 ἀνάγκης
3177 330 3269 383 καὶ
3291 329 3412 400 βίας
3432 347 3521 381 και
3548 345 3695 390 τινος
3723 331 3870 380 εὐλό-

2363 447 2380 477 ι
2425 442 2525 494 γου
2597 428 2964 496 προςάσεως,
3031 428 3144 486 τοῖς
3197 427 3507 484 κανονικοῖς
3569 426 3870 491 ἐπιτιμίοις

2378 538 2394 568 ι
2442 518 2773 568 ὑποκείσθω.
2811 518 2922 584 ἰ’ἣς
2949 517 3005 568 δὲ
3036 517 3255 568 συνόδου
3287 517 3589 585 γενομένης
3618 519 3749 581 περὶ
3782 533 3881 568 κα-

2375 632 2390 660 ι
2436 610 2666 663 νονικῶν
2700 612 2794 662 καὶ
2819 609 3202 676 εὖαγγελικών
3243 609 3610 680 πραγμάτων,
3647 612 3730 662 δεῖ

2365 723 2382 754 ι
2429 701 2903 772 συναθροισθεῖσιν
2932 717 3252 760 επισκοποις
3277 707 3333 754 ὲν
3376 703 3576 773 μελέτῃ
3597 703 3880 772 καὶφρονο

2366 816 2382 846 ι
2424 797 2530 848 τίόι
2579 794 2828 848 τίθεσθαι
2879 795 2974 848 τοῦ
3021 795 3390 864 φυλάττεσθαι
3433 799 3532 858 τὰς
3585 797 3745 860 θείας
3783 798 3874 850 καὶ

2365 906 2383 938 ι
2433 887 2734 950 ζωοποιους
2757 888 2978 950 ἐντολὰς
3001 888 3098 940 τοῦ
3118 888 3276 943 Θεοῦ.
3309 889 3396 941 Ἐν
3419 889 3524 956 γὰρ
3549 889 3629 959 τῷ
3661 891 3876 958 φυλάσ-

2362 996 2379 1028 ι
2428 978 2616 1031 σεσθαι
2667 980 2836 1040 αὑτὰς
2891 981 3257 1043 ἁνταπόδοσις
3301 981 3494 1049 πολλὴ,
3529 983 3607 1034 ὅτι
3655 986 3756 1035 καὶ
3782 983 3877 1036 λί-

3765 614 3881 673 τοῖς

2365 1091 2382 1121 ι
2432 1088 2557 1139 χνος
2587 1073 2799 1140 ἐντολὴ,
2828 1072 2992 1139 νόμος
3023 1073 3080 1124 δὲ
3115 1074 3232 1141 φῶς
3256 1075 3347 1125 καὶ
3371 1075 3487 1136 ὁδός
3521 1075 3691 1143 ζωῆς,
3723 1076 3875 1144 ἔλεγ-

2363 1181 2379 1213 ι
2425 1180 2517 1232 χος
2549 1165 2639 1214 καὶ
2671 1164 2886 1216 παιδεία
2912 1181 2926 1192 ·
2944 1165 3038 1218 καὶ
3066 1167 3098 1235 ή
3123 1165 3310 1237 ἐντολὴ
3337 1168 3544 1236 Κυρίου
3568 1168 3869 1237 τηλαυγὴς,

2365 1274 2382 1306 ι
2432 1257 2746 1323 φωτίζουσα
2794 1257 3127 1325 ὀφθαλμούς.
3162 1261 3254 1328 Μὴ
3292 1261 3439 1329 ἔχειν
3464 1261 3521 1313 δὲ
3569 1262 3758 1314 ἄδειαν
3787 1264 3874 1315 τόν

2367 1369 2383 1400 ί
2434 1349 2864 1418 μητροπολίτην.
2911 1351 2970 1414 ἐξ
3017 1345 3092 1402 ὧν
3141 1352 3466 1419 ἐπιφέρεται
3503 1354 3532 1404 ό
3571 1354 3875 1415 ἐπίσκοπος

2363 1465 2380 1492 ι
2432 1443 2551 1511 μετ’
2573 1443 2816 1512 urceoli;
2847 1443 3098 1514 κτῆνοςῆ
3131 1446 3319 1515 ἕτερον
3340 1441 3478 1508 εἶδος
3499 1449 3760 1500 ἀπαιτεῖν
3796 1462 3808 1472 °
3829 1448 3873 1498 εί

2366 1556 2384 1586 ι
2429 1543 2536 1606 γαρ
2574 1536 2733 1589 τοῦτο
2762 1538 2997 1610 ἐλεγχθῇ
3028 1538 3376 1610 πεποιηκὼς,
3407 1539 3876 1610 ἁποτίσειτετρα-

2366 1645 2384 1678 ι
2429 1628 2674 1682 πλάσιον.
2717 1650 2735 1681 ι

685 1722 879 1780 BALS.
913 1723 1046 1778 Cum
1118 1721 1322 1775 diversi
1367 1735 1608 1774 canones
1647 1729 1924 1780 statuant,
1965 1721 2174 1791 quandc

2361 1717 2558 1770 ΒΑΛΣ.
2626 1721 2891 1773 Κανόνων
2962 1719 3240 1792 διαφόρων
3303 1719 3696 1792 διοριζομένων
3748 1724 3873 1776 πότε

614 1821 728 1874 fieri
757 1819 992 1872 debeant
1025 1814 1245 1886 synodi,
1285 1825 1337 1867 et
1367 1814 1458 1866 alii
1491 1813 1713 1883 quidem
1742 1816 1910 1869 semel
1949 1816 2001 1868 in
2037 1830 2182 1868 anno

609 1911 906 1966 convenire
964 1919 1214 1978 oportere
1273 1906 1638 1975 provincrales
1700 1908 2180 1976 episcopos,.alii

611 2010 739 2059 vero
774 2003 855 2058 bis
879 2003 931 2056 in
965 2016 1108 2055 anno
1124 2002 1358 2054 udicaut:
1390 2001 1475 2052 hic
1501 2015 1698 2063 canon,
1737 2000 1805 2052 0b
1829 1995 2043 2054 itineris
2068 2018 2182 2052 titu-

607 2096 822 2152 lestiam
864 2097 1158 2164 episcopis,
1213 2101 1476 2146 octavum
1499 2108 1762 2145 cauouem
1793 2101 1960 2146 sext-.e
1984 2093 2178 2161 synodi

606 2198 830 2244 secutus
861 2195 967 2252 est,
1015 2185 1108 2254 qui
1141 2171 1394 2238 decernit
1433 2197 1528 2237 eos
1561 2183 1727 2237 semel
1774 2184 1828 2236 in
1857 2198 2002 2235 anno
2042 2197 2180 2237 con-

595 2278 817 2350 gregari
843 2287 1123 2349 oportere,
1171 2289 1222 2330 et
1254 2279 1334 2331 sic
1373 2276 1681 2330 faciendum
1712 2291 1857 2338 esse,
1899 2275 2004 2329 nisi
2029 2292 2178 2345 qua»

603 2373 726 2426 dam
763 2373 843 2425 vis
869 2412 886 2436 ,
932 2373 1013 2425 vel
1046 2371 1366 2435 neressitas,
1422 2371 1504 2423 vel
1542 2384 1706 2423 causa
1740 2369 2034 2437 probabilis
2080 2371 2183 2421 im-

603 2465 915 2536 pedimento
941 2464 1129 2524 fuerit,
1153 2464 1450 2532 quominus
1493 2465 1854 2527 conieniaut;
1905 2463 2180 2515 antistites

597 2567 807 2619 autem,
831 2556 924 2626 qui
957 2571 1064 2610 non
1102 2556 1174 2608 ita
1204 2557 1438 2618 l'aciunt,
1482 2555 1659 2624 pretiis
1710 2555 1995 2609 canonicis
2049 2556 2179 2608 sub-

596 2648 693 2719 jici
721 2665 737 2710 ;
775 2649 869 2702 sed
906 2657 960 2701 et
993 2648 1184 2700 civiles
1233 2648 1608 2717 magistratus,
1633 2646 1728 2715 qui
1761 2646 1864 2700 hoc
1897 2647 2013 2700 ﬁeri
2049 2661 2177 2716 pro-

601 2742 814 2806 hibent,
852 2741 1152 2810 segregari.
1205 2738 1436 2802 Quando
1489 2747 1671 2793 autem
1723 2737 1911 2803 fuerit,
1975 2739 2175 2809 inquit,

601 2831 746 2887 facta
777 2831 1044 2904 synodus,
1072 2830 1274 2884 debent
1325 2829 1567 2900 episcopi
1616 2845 1806 2886 curam
1869 2847 2079 2901 gerere,
2118 2842 2178 2886 ut

600 2923 929 2994 evangelicae
951 2933 1003 2977 et
1029 2922 1310 2977 canonica:
1370 2922 1698 2978 traditiones
1771 2934 2062 2980 serventur
2117 2933 2178 2979 et

599 3016 707 3072 alia
742 3017 835 3072 Dei
869 3016 1148 3070 mandata.
1182 3015 1249 3069 Et
1286 3027 1413 3070 sunt
1462 3017 1740 3072 canonicze
1804 3020 2024 3088 quidem
2063 3029 2174 3073 tra-

599 3106 862 3170 ditiones,
922 3105 1086 3175 justze
1142 3115 1197 3159 et
1259 3105 1477 3175 iniusta:
1538 3108 2170 3173 excommunicatioues,

600 3198 932 3253 clericorum
966 3196 1373 3263 ordinationes,
1399 3196 1796 3268 episcopalium
1837 3214 2022 3253 rerum
2078 3202 2176 3254 ad-

592 3287 1056 3355 ministrationes,
1091 3297 1145 3344 et
1175 3287 1413 3343 similia:
1464 3291 1794 3360 evangelicae
1835 3299 2022 3344 autem
2059 3300 2175 3345 tra-

599 3383 839 3437 ditiones
880 3395 934 3437 et
996 3383 1258 3435 niaudata
1316 3379 1448 3446 Dei,
1508 3381 1773 3451 baptizari
1839 3383 1895 3437 in
1951 3384 2176 3439 nomine

593 3472 804 3539 Patris,
829 3485 882 3529 et
912 3473 1059 3542 Filii,
1091 3473 1402 3546 etSpiritus
1434 3476 1612 3531 sancti
1635 3491 1649 3528 :
1670 3474 1796 3530 Non
1817 3479 2173 3542 maechaberis,

589 3587 704 3624 non
756 3569 1114 3636 scortaberis,
1166 3584 1268 3621 non
1326 3568 1528 3637 falsum
1579 3570 1938 3624 testimonium
1991 3571 2172 3636 dices,

584 3671 655 3718 et
682 3663 904 3718 similia.
962 3660 1234 3728 Quoniam
1291 3671 1473 3716 autem
1517 3661 1906 3741 intellexerunt
1957 3662 2172 3732 Patres,

602 3753 821 3827 quodin
843 3754 1233 3822 episc0porum
1271 3753 1634 3808 concionibus
1674 3755 1900 3824 quidam
1965 3768 2174 3812 metro-

595 3848 825 3919 politani
876 3844 1041 3898 nimis
1093 3860 1190 3897 sua
1249 3849 1520 3912 potestate
1561 3853 1614 3898 et
1667 3844 1900 3915 imperio
1962 3847 2017 3912 in
2078 3862 2173 3902 eos

603 3947 856 4002 utuntur,
879 3944 933 3990 et
966 3949 1142 4005 equos
1179 3933 1247 3990 ab
1276 3936 1380 3998 eis,
1429 3938 1516 3990 vel
1556 3935 1736 4006 aliqua
1768 3937 1874 3992 alia
1918 3938 2170 4008 exigunt,

603 4029 655 4083 id
679 4043 897 4098 quoque
937 4040 1156 4082 cessare
1191 4033 1524 4090 Statuerunt,
1570 4038 1624 4081 et
1655 4029 2168 4098 metropolitanum,

601 4123 695 4193 qui
735 4121 841 4176 tale
873 4120 1003 4190 quid
1044 4119 1197 4182 lccit,
1229 4117 1604 4188 quadruplum
1644 4118 1764 4187 ejus
1786 4121 1932 4188 quod
1983 4121 2172 4176 datum

599 4227 688 4270 est
714 4215 1022 4268 restituere.
1053 4209 1293 4264 Pulchre
1322 4220 1502 4262 autem
1536 4207 1674 4263 dixit
1722 4225 1921 4277 canon,
1963 4227 2072 4266 nou
2107 4213 2174 4268 li-

599 4327 724 4369 cere
764 4309 1184 4378 metropolitano
1216 4307 1514 4378 quidquam
1549 4322 1736 4360 eortnn
1779 4309 2020 4378 exigere,
2051 4327 2173 4378 quae

2283 1809 2562 1879 ὀφείλουσι
2595 1810 2844 1878 γίνεσθαι
2869 1813 2926 1864 αἱ
2954 1813 3182 1875 σύνοδοι,
3208 1814 3301 1866 καὶ
3332 1817 3442 1866 τῶν
3473 1817 3573 1882 μὲν
3601 1815 3873 1884 λεγόντων

2287 1904 2435 1969 ams
2482 1904 2577 1956 τοῦ
2632 1905 2884 1957 ἐνιαυτοῦ
2941 1907 3306 1975 συνέρχεσθαι
3350 1909 3478 1972 τοὺς
3515 1910 3874 1980 ἐπαρχιώτα;

2283 1995 2641 2058 ἐπισκόπους,
2680 1995 2790 2050 τῶν
2825 1997 2880 2048 δὲ
2915 1998 2999 2060 δίς
3028 1998 3120 2050 τοῦ
3152 1999 3335 2064 ἔτους·
3375 2003 3403 2053 ό
3442 2000 3637 2072 παρὼν
3690 2003 3869 2056 κανὼν

2283 2088 2372 2140 διὰ
2400 2087 2499 2158 τὴν
2531 2089 2594 2141 ἐκ
2622 2089 2720 2155 τῆς
2747 2090 3061 2161 ὁδοιπορίας
3090 2092 3386 2164 συντριϐὴν
3412 2095 3522 2146 τῶν
3555 2098 3871 2150 ἐπισκόπων

2298 2181 2741 2252 κατηκολούθησε
2785 2184 2865 2254 τῷ
2919 2181 2968 2252 η’
3007 2185 3194 2238 κανόνι
3252 2186 3354 2256 τῆς
3398 2193 3452 2251 ς’
3491 2189 3742 2250 συνόδου.
3794 2192 3867 2260 τῷ

2281 2273 2641 2344 διοριζομένῳ
2681 2275 2830 2339 ἅπαξ
2882 2277 2977 2329 τοῦ
3013 2277 3268 2330 ἐνιαυτοῦ
3316 2279 3545 2343 τούτους
3583 2283 3869 2354 συναθροί-

2285 2367 2500 2432 ζεσθαι,
2531 2368 2624 2420 καὶ
2647 2368 2940 2438 διωρίσατο
2965 2369 3107 2422 οὕτω
3127 2370 3394 2438 γίνεσθαι,
3416 2375 3464 2425 εί
3492 2375 3566 2444 μή
3596 2391 3681 2435 τις
3703 2377 3870 2445 ἀνάγ-

2282 2478 2352 2530 κη
2388 2463 2484 2514 καὶ
2516 2460 2608 2529 βία
2645 2463 2676 2532 ἢ
2712 2463 2847 2530 ἄλλη
2878 2465 3151 2533 πρόφασις
3182 2463 3405 2533 εὔλογος
3430 2472 3532 2537 τὴν
3555 2469 3867 2524 συνέλευσιν

2283 2554 2703 2624 παρεμποδίσει,
2732 2557 2858 2618 τοὺς
2887 2556 2942 2610 δὲ
2972 2558 3046 2627 μὴ
3075 2556 3217 2610 οὕτω
3246 2560 3540 2623 ποιοῦντας
3577 2563 3857 2633 ἀρχιερεῖς

2279 2648 2394 2705 τοῖς
2427 2649 2734 2709 κανονικοῖς
2756 2648 3055 2717 ἐπιτιμίοις
3077 2651 3424 2717 ὑποκεῖσθαι,
3449 2654 3585 2706 ἀλλά
3619 2658 3717 2708 καὶ
3745 2659 3862 2722 τοὺς

2282 2734 2599 2799 πολιτικοὺς
2622 2736 2911 2807 ἄρχοντας,
2933 2739 3057 2801 τοὺς
3083 2741 3392 2806 κωλύοντας
3421 2744 3579 2798 τοῦτο
3597 2749 3864 2814 γίνεσθαι.

2277 2827 2659 2895 ἀφορίζεσθαι.
2698 2829 2827 2884 Ὅτε
2861 2825 3070 2899 μέντοι,
3097 2834 3285 2903 φησὶν,
3318 2836 3353 2906 η
3383 2836 3600 2900 σύνοδος
3632 2839 3862 2907 γίνεται,

2278 2920 2586 2987 ὀφείλουσιν
2614 2923 2664 2974 οἱ
2699 2921 2990 2976 ἐπίσκοποι
3020 2924 3329 2993 φροντίζειν
3358 2928 3453 2982 τοῦ
3485 2930 3862 2998 φυλάττεσθαι

2278 3013 2379 3074 τὰς
2431 3013 2795 3080 εὐαγγελικὰς
2843 3015 2940 3068 καὶ
2994 3003 3291 3080 κανόνικὰς
3346 3023 3705 3092 παραδόσεις,
3770 3029 3860 3078 καὶ

2276 3105 2375 3167 τὰς
2402 3104 2566 3169 ἄλλας
2596 3105 2816 3168 ἐντολὰς
2847 3107 2938 3160 τοῦ
2969 3107 3127 3161 Θεοῦ.
3161 3111 3272 3163 Καὶ
3306 3115 3597 3168 κανονικαὶ
3638 3115 3742 3185 μὲν
3766 3133 3861 3168 πα·

2280 3197 2529 3268 ραδόσεις
2562 3200 2701 3252 είσὶν
2729 3201 2776 3252 οἱ
2824 3197 3041 3268 εύλογοι
3080 3203 3175 3255 καὶ
3207 3206 3510 3275 παράλογοι
3539 3209 3858 3278 ἀςορισμοί,

2280 3295 2336 3348 ai
2369 3293 2698 3361 καταγωγαὶ
2745 3293 2854 3346 τῶν
2907 3295 3212 3366 κληρικῶν,
3261 3301 3318 3351 αἱ
3369 3300 3702 3370 παραδόσεις
3757 3301 3863 3356 τῶν

2277 3388 2657 3440 ἐπισκοπικῶν
2715 3387 3080 3457 πραγμάτων,
3129 3391 3227 3444 και
3267 3391 3337 3445 τὰ
3395 3393 3622 3449 τοιαῦτα
3651 3411 3664 3422 ’
3704 3395 3862 3463 εὐαγ-

2276 3480 2494 3549 γελικαὶ
2532 3480 2590 3533 δὲ
2623 3481 2958 3552 παραδόσεις
2991 3484 3087 3536 καὶ
3114 3483 3332 3538 ἐντολαὶ
3362 3485 3453 3539 τοῦ
3482 3487 3618 3540 Θεοῦ
3653 3489 3716 3541 τὸ
3764 3488 3859 3558 βα-

2277 3571 2562 3636 πτίζεσθαι
2583 3573 2664 3634 είς
2693 3572 2752 3625 τὸ
2777 3572 2949 3644 ὄνομα
2972 3577 3068 3628 τοῦ
3093 3576 3330 3647 Πατρδς,
3350 3579 3446 3630 καὶ
3470 3578 3562 3631 τοῦ
3591 3579 3748 3643 Υίοῦ,
3767 3582 3860 3633 καὶ

2274 3664 2367 3716 τοῦ
2413 3664 2572 3731 ἁγίου
2607 3666 2951 3735 Πνεύματος,
2983 3668 3044 3720 τὸ
3084 3668 3181 3736 Μὴ
3208 3672 3569 3740 μοιχεύσῃς,
3601 3674 3692 3742 μὴ
3722 3691 3861 3743 πορ-

2274 3760 2540 3826 νεύσῃς,
2590 3759 2676 3828 μὴ
2723 3760 3333 3832 ψευδομαρτυρήσῃς,
3388 3766 3485 3818 καὶ
3553 3767 3624 3821 τὰ
3676 3767 3860 3836 ὃμοια.

2289 3853 2440 3906 Ἐπεὶ
2472 3853 2526 3906 δὲ
2557 3853 2761 3919 ἔμαθον
2800 3855 2850 3906 οί
2883 3856 3127 3926 Πατέρες
3156 3857 3240 3910 δτι
3273 3861 3332 3911 ὲν
3351 3863 3470 3922 ταῖς
3506 3861 3858 3915 συνελεύσεσι

2274 3946 2383 3999 τῶν
2412 3947 2730 4000 ἐπισκόπων
2751 3948 3155 4020 μητροπολίταί
3170 3968 3318 4014 τινες
3339 3953 3859 4019 κατεξουσιάζουσιν

2275 4036 2478 4102 αὐτῶν,
2532 4037 2628 4090 καὶ¹
2672 4037 3004 4114 ἀπαιτοῦσιν
3040 4040 3246 4106 ἵππους
3281 4043 3313 4114 ἢ
3348 4044 3516 4112 ἕτερά
3551 4063 3676 4101 τινα
3719 4048 3855 4119 εἴδη,

2274 4127 2482 4200 ὥρισαν
2511 4129 2606 4182 καὶ
2633 4129 2791 4183 τοῦτο
2819 4131 3102 4201 σχολάσαι,
3138 4136 3232 4187 καὶ
3263 4136 3352 4189 τὸν
3382 4139 3631 4192 τοιοῦτόν
3661 4158 3716 4192 τι
3745 4159 3861 4193 ποι-

2275 4222 2485 4290 ήσαντα
2517 4221 2924 4293 μητροπολίτην
2960 4225 3342 4296 ἀντιστρέφειν
3374 4229 3434 4281 τὸ
3457 4232 3740 4301 διδόμενον
3773 4237 3857 4297 είς

2274 4314 2336 4366 τὸ
2379 4313 2737 4384 τετραπλοῦν.
2774 4316 2971 4380 Καλῶς
2999 4317 3055 4402 δὲ
3099 4314 3252 4372 εἶπεν
3293 4324 3322 4374 ὁ
3366 4325 3548 4377 κανὼν
3593 4328 3669 4396 μὴ
3712 4328 3859 4398 ἔχειν

592 4404 758 4459 aﬂert
785 4401 1100 4471 episcopus.
1140 4399 1198 4452 Si
1229 4398 1375 4452 enim
1407 4413 1506 4452 sua
1544 4411 1740 4467 Sponte
1775 4401 2010 4455 voluerit
2052 4405 2170 4470 epi-

2277 4408 2364 4460 ἐπ’
2419 4409 2605 4472 ἁδείας
2651 4409 2742 4462 τὸν
2791 4398 3198 4484 μητροπολίτην
3247 4416 3501 4468 ἀπαιτεῖν
3536 4436 3589 4471 τι
3633 4420 3692 4485 ἐξ
3729 4415 3804 4473 ὧν
3831 4424 3860 4474 ὁ

598 4509 800 4565 scopus
829 4491 1312 4560 metroiiolitauum
1336 4490 1519 4559 aliquo
1543 4490 1589 4560 ej
1602 4487 1814 4545 usuiodi
1867 4493 2011 4548 dono
2035 4511 2165 4564 pro-

603 4587 782 4658 sequi,
812 4601 924 4640 non
962 4583 1349 4655 prohibebitur
1374 4582 1478 4635 hoc
1516 4582 1718 4638 facere.
1745 4583 1940 4649 Quaere
1963 4603 2085 4657 cap.
2113 4589 2166 4654 8⁹

602 4683 690 4736 tit.
729 4681 761 4736 8
789 4678 1072 4751 praesentis
1104 4679 1310 4745 operis,
1343 4683 1398 4729 et
1432 4690 1558 4730 can.
1593 4677 1626 4728 8
1654 4692 1776 4746 syn.
1816 4680 1868 4731 in
1910 4677 2124 4736 Trullo.

2277 4501 2576 4564 ἐπίσκοπος
2627 4503 2974 4574 ἐπιφέρεται.
3032 4504 3093 4557 Ei
3155 4506 3265 4577 γὰρ
3314 4511 3498 4563 ἑκοντὶ
3555 4516 3858 4576 ἐπίσκοπος

2278 4593 2497 4665 θελήσει
2550 4593 2912 4658 δεξιώσασθαι
2956 4597 3048 4650 τὸν
3105 4604 3515 4672 μητροπολιτην
3553 4608 3734 4659 αὐτοῦ
3770 4608 3858 4660 διὰ

2274 4703 2420 4750 τινος
2489 4687 2857 4757 πράγματος,
2914 4690 2974 4742 οὐ
3024 4692 3401 4763 κωλυθησεται
3452 4698 3612 4751 τοῦτο
3656 4703 3853 4753 ποιεῖν.

597 4775 760 4844 Ζήτει
790 4773 850 4827 τὸ
879 4769 927 4843 η’
962 4787 1088 4839 κεφ.
1146 4769 1242 4822 τοῦ
1276 4772 1327 4838 η’
1371 4767 1555 4822 τίτλον
1618 4768 1712 4821 τοῦ
1773 4773 2042 4840 παρόντος
2100 4780 2506 4850 συντάγματος,
2565 4782 2660 4833 καὶ
2729 4781 2822 4834 τὸν
2867 4781 2916 4851 η’
2959 4784 3162 4838 κανόνα
3209 4787 3306 4858 τῆς
3339 4789 3397 4843 ὲν
3469 4791 3551 4862 τῷ
3598 4795 3854 4865 Τροόλλῳ

597 4893 661 4929 συ
671 4887 816 4924 νοοου
825 4909 838 4922 .

673 4960 1100 5035 296ΖοΝΑΒ,
1117 4959 1190 5016 De
1204 4964 1428 5034 synodis
1452 4966 1504 5019 in
1521 4983 1849 5038 unaquaque
1874 4971 2158 5039 provincia

601 5057 902 5128 quotannis
921 5053 1271 5111 celebrandis
1294 5058 1448 5111 multi
1473 5073 1715 5114 canones
1735 5073 1978 5117 exstant.
2016 5063 2160 5118 Idem

598 5151 689 5206 liic
716 5163 937 5220 quoque
978 5147 1192 5213 statuit,
1251 5151 1598 5220 canonisque
1659 5153 1714 5206 in
1751 5165 1904 5207 sexta
1949 5159 2161 5226 synodo

595 5245 728 5300 editi
777 5245 1045 5308 meminit,
1073 5259 1103 5297 a
1137 5259 1244 5314 qua
1297 5245 1538 5315 quidem,
1575 5256 1633 5300 ut
1679 5250 1951 5320 episcopis
2003 5253 2166 5307 itine-

600 5353 718 5390 rutn
764 5337 1026 5392 molestia:
1060 5337 1491 5406 vexationesque
1549 5338 1952 5408 minuerentur,
1997 5346 2166 5400 semel

597 5431 650 5480 in
708 5443 851 5482 anno
884 5428 1156 5498 synodum
1208 5429 1259 5482 in
1326 5430 1562 5500 singulis
1614 5434 1922 5501 provinciis
1975 5438 2160 5492 baln-ri

597 5521 876 5571 decretum
915 5527 1108 5584 est,ac
1166 5521 1540 5590 antiquiorem
1585 5523 1654 5579 de
1714 5529 1997 5596 synodieis
2028 5544 2159 5582 con-

596 5609 840 5664 remibus
865 5609 1207 5666 celebrandis
1243 5614 1694 5672 constitutionem
1722 5620 1978 5676 restituit.
1997 5620 2154 5687 Quod

2345 4973 2590 5027 ΖΩΝΑΡ.
2622 4974 2757 5039 Περὶ
2807 4975 2898 5026 τοῦ
2928 4975 3174 5041 γίνεσθαι
3213 4979 3466 5044 συνόδους
3506 4982 3564 5034 ὲν
3593 4987 3717 5048 ταῖς
3751 4987 3852 5038 ἐπ-

2272 5066 2490 5135 αρχίαις
2517 5065 2640 5117 καθ’
2669 5067 2899 5120 ἕκαστον
2928 5067 3044 5130 ἔτος
3080 5070 3327 5143 διάφοροι
3362 5075 3583 5139 κανόνες
3615 5077 3845 5149 διαλιμο

2277 5158 2525 5222 ϐάνουσι,
2569 5159 2665 5210 καὶ
2693 5161 2721 5211 ὁ
2753 5161 2944 5230 παρὼν
2987 5162 3044 5214 δὲ
3075 5156 3252 5231 οὗτος,
3297 5165 3390 5219 καὶ
3423 5169 3701 5238 μέμνηται
3754 5173 3846 5223 τοῦ

2271 5248 2495 5312 κανόνος
2519 5252 2616 5320 τῆς
2644 5251 2811 5317 ἕκτης
2841 5255 3086 5322 συνόδου,
3121 5255 3242 5324 ἥτις
3271 5256 3418 5323 ἅπαξ
3456 5255 3552 5312 τοῦ
3591 5263 3843 5316 ἐνιαυτοῦ

2259 5341 2635 5397 διετυπώσατο
2673 5346 2920 5413 γίνεσθαι
2973 5350 3070 5410 τὰς
3121 5350 3371 5416 συνόδους
3413 5354 3472 5404 ἐν
3502 5357 3626 5418 ταῖς
3655 5357 3834 5426 ἐπαρ-

2263 5434 2431 5503 χίαις,
2481 5437 2571 5490 ἵνα
2607 5439 2681 5507 μὴ
2735 5439 2936 5506 πολλὴν
2966 5441 3192 5512 ὄχλησιν
3237 5445 3334 5496 καὶ
3376 5449 3724 5516 καινοτομίαν
3781 5451 3846 5501 ὲν

2259 5529 2378 5589 ταῖς
2409 5528 2741 5599 ὁδοιπορίαις
2771 5534 2819 5584 οί
2848 5534 3138 5588 ἐπίσκοποι
3162 5535 3350 5608 ἔχωσι,
3376 5543 3470 5594 καὶ
3499 5542 3714 5594 ἀνανεοῖ
3731 5540 3844 5614 τὴν

2258 5619 2390 5688 περὶ
2417 5619 2527 5673 τῶν
2558 5624 2795 5676 συνόδων
2829 5626 3192 5698 παλαιοτέραν
3220 5631 3489 5699 διάταξιν.
3531 5634 3632 5686 Καὶ
3659 5637 3708 5685 εί
3732 5636 3843 5704 ἄρα

589 5701 637 5756 si
700 5701 1053 5770 magistratus
1093 5699 1292 5769 aliquis
1351 5704 1562 5773 synodo
1624 5708 1883 5776 cogenda:
1947 5711 2150 5779 obstet,

2276 5729 2365 5782 [ων
2397 5713 2652 5782 κωλύσει,
2667 5719 2819 5788 φησι,
2841 5719 2898 5772 τὸ
2914 5720 3162 5790 γίνεσθαι
3178 5722 3416 5794 σύνοδον,
3442 5725 3790 5796 ἁφοριζὲσθω
3816 5743 3837 5764 ο
