4092 6214
365 465 470 525 91⁸3

1284 472 1368 532 IN
1409 475 1574 536 CAN.
1618 476 1757 533 VIII
1786 474 1993 536 (ΣΟΝο.
2038 476 2145 534 VII
2180 475 2533 534 (ECUMEN.

3455 471 3563 528 911

338 558 719 627 καθαιρέσεως
751 574 766 591 ⁶
799 561 883 614 ὅτι
940 562 1083 617 κατά
1122 564 1257 619 πολὺ
1298 564 1649 637 ἁκατάλληλά
1694 572 1800 620 εἰσι
1841 571 1907 620 τὰ

2013 567 2270 621 nieudum
2302 568 2627 626 antistitem,
2674 572 2834 632 prout
2888 562 3107 617 scilicet-
3145 561 3352 631 synodo
3387 560 3561 613 visum

340 651 709 721 ἐπταισμένα.

423 828 668 883 ΖΩΝΑΡ.
695 827 867 882 Τοῦτο
890 830 951 882 τὸ
975 831 1326 885 ἀποστολικὸν
1350 833 1511 902 ῥητὸν
1535 836 1562 887 ὁ
1599 815 1696 902 μὲν
1733 836 1906 904 μέγας

342 924 617 985 Βασίλειος
648 922 826 985 ἄλλως
860 923 1145 989 ἐξελάὸετο
1175 941 1189 954 ⁸
1217 919 1361 979 οὗτοι
1393 925 1448 979 δὲ
1477 929 1523 980 οί
1557 929 1797 997 Πατέρες
1822 932 1910 982 ὲν-

339 1015 511 1067 ταῦθα
544 1014 945 1085 άπλοῖκὼτερον
980 1016 1223 1080 ἐδέξαντο
1257 1017 1336 1082 τὸ,
1370 1019 1813 1087 ἐπακολουθοῦσι,
1848 1024 1908 1076 τὸ

340 1108 571 1159 ἕπεσθαι
621 1107 863 1177 δηλονότι
906 1112 1025 1171 ταῖς
1061 1110 1461 1179 προλαῦούσαις
1487 1115 1783 1183 ἁμαρτίαις
1812 1117 1908 1170 καὶ

342 1203 561 1272 ἑτέραις
594 1218 608 1232 ·
642 1206 735 1257 καὶ
765 1203 924 1257 τοῦτο
971 1204 1194 1273 ἐκϐῆναί
1229 1224 1394 1273 φασιν
1434 1208 1524 1260 ἐπὶ
1562 1208 1669 1261 τῶν
1699 1211 1905 1263 εἰκονο-

346 1292 881 1361 μάχων.,Ἐκείνους
928 1293 1034 1363 γὰρ
1065 1294 1390 1363 ὀνομάζουσι
1437 1297 1907 1367 Χριστιανοκατη·

350 1385 571 1452 γὸρους,
610 1384 685 1446 ὠς
721 1385 1158 1454 κατηγοροῦντας
1184 1386 1291 1438 τῶν
1323 1388 1665 1457 Χριστιανῶν
1697 1389 1911 1441 εἰδωλο-

346 1475 625 1541 λατρείαν.
662 1474 735 1526 Οὐ
773 1476 933 1544 μόνον
959 1475 1069 1546 γὰρ
1101 1478 1197 1539 τάς
1241 1478 1535 1547 ἐκκλησίας
1573 1478 1667 1531 τοῦ
1703 1480 1909 1549 κόσμου

341 1567 450 1620 τῶν
486 1567 699 1619 σεπτῶν
744 1567 967 1621 εἰκόνων
1014 1571 1334 1640 ἐστέρησαν,
1365 1571 1499 1625 ἀλλὰ
1551 1574 1645 1625 καὶ
1676 1572 1770 1642 ἔθη
1806 1591 1910 1626 πα-

342 1659 467 1710 λαιὰ
515 1659 997 1727 παραλελοίπασιν,
1050 1662 1085 1714 ἂ
1137 1663 1231 1715 καὶ
1271 1663 1587 1717 ἁνανεοῦσιν
1625 1660 1787 1727 οὗτοι,
1821 1666 1906 1718 ἵνα

346 1754 436 1805 καὶ
464 1753 496 1820 ή
527 1754 803 1823 ἔγγραφος
838 1753 1162 1823 θεσμοθεσία
1196 1756 1289 1808 καὶ
1324 1758 1354 1826 ή
1382 1758 1627 1826 ἄγραφος
1655 1760 1908 1830 συνήθεια

342 1843 532 1912 κρατῇ.
561 1843 632 1892 Τὸ
687 1842 743 1895 δὲ
777 1844 1143 1913 παραλειφθὲν
1175 1846 1295 1909 ἔθος
1327 1843 1394 1918 ἦν
1433 1846 1492 1900 τδ
1535 1850 1593 1900 ἐν
1623 1851 1742 1909 ταῖς
1769 1852 1907 1903 καθ·-

342 1936 590 2005 ιερώσεσι
642 1937 750 1989 τῶν
804 1937 963 1990 θείων
1000 1940 1140 1991 ναῶν
1193 1939 1266 2009 μὴ
1306 1939 1550 2007 γίνεσθαι
1582 1943 1907 2007 καταθέσεις

337 2025 608 2092 λειψάνων
638 2026 830 2093 ἁγίων.
864 2028 1018 2081 Ὅσοι
1051 2028 1163 2094 οὖν,
1192 2030 1346 2098 φασὶ,
1365 2033 1534 2101 χωρὶς
1562 2032 1907 2097 καταθέσεως

338 2120 512 2185 ἁγίων
541 2119 808 2188 λειψάνων
840 2119 1255 2189 καθιερώθησαν
1280 2124 1418 2185 ναοὶ,
1444 2122 1783 2188 δεξάσθωσαν
1813 2124 1908 2177 νῦν

339 2209 435 2261 καὶ
490 2209 620 2275 ἅγια
666 2208 895 2278 λείψανα
942 2210 1343 2280 κατατιθέμενα
1390 2213 1448 2264 ὲν
1498 2213 1702 2273 αὐτοῖς.
1747 2212 1805 2278 Ὁ
1850 2213 1906 2266 δὲ

342 2299 619 2369 καθιερῶν
646 2301 771 2353 ναὸν
802 2302 970 2372 χωρὶς
1016 2303 1175 2372 ιερῶν
1218 2302 1482 2372 λειψάνων
1513 2305 1904 2373 καθαιρείσθω,

334 2391 411 2453 ὡς
444 2391 767 2462 παραϐάτης
797 2393 903 2448 τῶν
934 2394 1365 2465 ὲκκλησιατικῶν
1396 2398 1767 2465 παραδόσεων.

2010 660 2195 725 fuerit,
2245 659 2338 713 sed
2367 675 2474 712 non
2519 674 2613 726 per
2638 655 3054 719 depositionem.
3089 650 3293 707 Delicta
3325 653 3468 705 enim
3498 665 3557 704 ea

2010 759 2140 806 sunt
2173 750 2336 816 longe,
2362 752 2578 819 lateque
2611 747 2962 804 dissidentia.

2082 842 2334 897 ZONAB.
2361 842 2584 911 Magnus
2618 841 2834 911 quidem
2869 838 3103 893 [iasilius
3134 836 3292 889 aliter
3312 833 3415 887 hoc
3446 847 3567 899 apo.

2009 936 2135 991 stoli
2196 935 2398 989 dictum
2462 935 2851 999 interpretatus
2910 940 3016 984 est.
3080 928 3142 981 lli
3198 941 3329 987 vero
3379 924 3568 977 Patres

2010 1027 2234 1080 verbum
2269 1025 2421 1088 illud,
2454 1031 2888 1093 consequuntur.
2938 1021 3099 1090 paulo
3128 1016 3432 1085 simplicius
3471 1029 3561 1067 ac-

2010 1133 2229 1185 cepere,
2261 1128 2317 1171 ut
2343 1117 2408 1170 ad
2447 1117 2629 1186 priora
2685 1115 2893 1168 scilicet
2928 1113 3175 1166 facinora
3208 1109 3311 1162 alia
3350 1120 3568 1174 quoque

2010 1211 2186 1264 solere
2216 1209 2366 1279 sequi
2401 1206 2811 1277 intelligendum
2861 1206 2951 1260 sit.
3010 1203 3163 1268 Quod
3199 1200 3414 1270 quidem
3448 1198 3567 1250 loo-

2011 1303 2294 1358 nomachis
2324 1304 2479 1356 aiunt
2507 1302 2822 1371 contigisse.
2872 1298 2996 1351 Illos
3037 1310 3274 1363 namque
3303 1291 3571 1347 Christia-

2010 1410 2204 1449 norum
2244 1401 2598 1448 accusatores
2629 1392 2932 1453 nominant,
2954 1389 3152 1457 quippe
3182 1386 3272 1455 qui
3300 1384 3566 1438 Christia-

2008 1501 2111 1539 nos
2164 1485 2485 1539 idololatria)
2538 1490 2890 1537 accusarent.
2959 1480 3064 1535 Nec
3116 1479 3260 1531 enim
3319 1477 3353 1530 ii
3390 1476 3579 1529 solum.

2008 1576 2273 1631 ecclesias
2317 1590 2598 1630 sacrarum
2639 1575 2939 1644 imaginum
2991 1569 3333 1625 ornamentis
3362 1568 3566 1629 spolia—

2010 1685 2158 1733 vere,
2186 1670 2279 1724 sed
2306 1672 2560 1739 antiquas
2604 1670 2768 1723 etiam
2800 1665 3230 1721 consuetudines
3268 1663 3565 1729 reliquere;

2010 1775 2129 1829 qum
2154 1759 2397 1829 quidem,
2454 1768 2511 1813 ut
2541 1760 2706 1815 simul
2739 1767 2793 1813 et
2829 1758 3050 1827 scriptis
3091 1755 3414 1821 consignata
3462 1759 3567 1812 lex.

2010 1860 2194 1905 etnon
2224 1852 2427 1920 scripta
2462 1866 2680 1921 quoque
2711 1848 3058 1906 consuetudo
3102 1855 3373 1907 servetur,
3410 1843 3569 1909 hujus

2011 1943 2239 1997 canonis
2294 1944 2516 1998 decreto
2574 1953 2923 1998 renovantur.
2988 1936 3340 1994 Consuetudo
3408 1950 3568 2003 porro

2010 2035 2373 2104 praetermissa
2435 2049 2498 2088 ea
2558 2033 2683 2099 fuit,
2744 2033 2889 2103 quod
2943 2046 3067 2086 cum
3128 2030 3310 2084 divina
3368 2026 3567 2095 templa

2012 2136 2484 2191 consecrarentur,
2542 2126 2704 2182 nulla;
2732 2128 2897 2182 simul
2934 2127 2983 2180 in
3017 2124 3097 2177 eis
3136 2134 3448 2177 sanctorum
3485 2135 3569 2171 re-

2012 2220 2194 2287 liquiae
2220 2220 2610 2276 conderentur.
2641 2220 2995 2289 Quaecunque
3041 2233 3171 2287 ergo
3217 2217 3436 2284 templa,
3488 2215 3569 2267 in-

2013 2312 2232 2380 quiunt,
2262 2313 2467 2381 absque
2513 2313 2749 2368 conditis
2774 2322 3089 2368 sanctorum
3149 2309 3400 2377 reliquiis
3434 2316 3570 2362 con-

2013 2412 2225 2458 secrata
2275 2413 2426 2471 sunt,
2479 2406 2533 2460 in
2586 2406 2667 2488 eis
2714 2420 2884 2460 sacrae
2915 2419 3132 2474 quoque
3177 2400 3419 2471 reliquiae
3465 2401 3567 2453 hoc

334 2486 553 2540 demum
608 2493 847 2555 tempore
904 2488 1267 2543 collocentur.
1299 2489 1403 2554 Qui
1438 2505 1567 2544 vero
1631 2494 1919 2560 templum,
1975 2508 2085 2549 non
2157 2495 2414 2550 adhibitis
2465 2486 2777 2551 sanctorum
2828 2495 3075 2562 reliquiis
3123 2492 3560 2548 consecraverit»

332 2596 481 2644 eum,
527 2582 725 2652 quippe
754 2584 1102 2636 traditionum
1153 2598 1290 2652 quas
1333 2599 1362 2636 a
1395 2584 1697 2649 majoribus
1729 2588 2034 2654 accepimus
2070 2596 2547 2660 transgressorem,
2580 2589 2776 2657 deponi
2807 2588 3022 2657 jubent.

335 2675 563 2730 ΛΡίΣΤ.
616 2694 634 2727 ι
684 2676 1075 2729 Κατατιθέσθω
1137 2675 1430 2747 μαρτύρων
1485 2676 1615 2743 ἅγια
1672 2677 1904 2746 λείψανα

412 2790 433 2824 ι
475 2775 537 2826 ἐν
556 2775 667 2835 τοῖς
698 2774 825 2825 ἄνευ
857 2772 1034 2824 αὐτῶν
1062 2771 1442 2839 καθιερωθείσι
1468 2774 1614 2833 ναοῖς
1642 2773 1779 2840 μετὰ
1806 2772 1907 2839 τῆς

420 2882 441 2916 ι
490 2866 751 2934 συνήθους
779 2866 963 2934 εὐχῆς.
1003 2866 1062 2917 Ὀ
1091 2864 1146 2917 δὲ
1182 2866 1310 2918 ἄνευ
1336 2865 1541 2917 τούτων
1565 2864 1906 2933 καθιερώσας

418 2976 437 3008 ι
488 2956 875 3026 καθαιρείσθω,
906 2956 981 3020 ὡς
1028 2956 1281 3025 παραϐάς
1310 2957 1408 3018 τὰς
1448 2955 1908 3027 ὲκκλησιαστικάς

413 3068 431 3095 σ
477 3050 829 3120 παραδόσεις.
870 3068 888 3100 ι

409 3140 570 3193 Ὅσοι
604 3139 705 3207 μὲν
737 3141 853 3192 ναοὶ
895 3139 1003 3211 πρὸ
1034 3140 1133 3210 τῆς
1163 3140 1378 3194 συνόδου
1412 3140 1613 3209 ταύτης
1647 3141 1772 3194 ἄνευ
1805 3141 1905 3207 τῆς

2003 2678 2225 2734 ARIST.
2276 2699 2297 2732 ‹
2345 2680 2559 2735 Sancta:
2594 2690 2892 2752 martyrum
2936 2680 3181 2748 reliquiaz
3236 2679 3290 2733 in
3331 2678 3547 2748 templis

2082 2790 2100 2822 ‹
2145 2788 2267 2841 quae
2335 2774 2544 2842 absque
2590 2774 2658 2827 iis
2703 2783 3017 2827 consecrata
3051 2780 3198 2835 sunt,
3250 2770 3413 2839 idque
3443 2785 3563 2821 cum

2082 2883 2100 2915 ι
2146 2867 2427 2921 consuetis
2476 2867 2751 2935 precibus,
2818 2873 3171 2934 reponantur.
3222 2863 3323 2928 Qui
3381 2871 3563 2915 autem

2081 2976 2100 3009 Ι
2150 2959 2358 3025 absque
2395 2959 2461 3015 iis
2509 2968 2819 3021 consecrat,
2852 2967 2909 3011 ut
2945 2956 3348 3011 ecclesiasticas
3392 2953 3568 3007 tradi-

2083 3073 2111 3100 α
2154 3053 2332 3106 tiones
2363 3061 2760 3120 transgressus,
2786 3053 3117 3120 deponatur.
3149 3069 3166 3100 ι

2078 3144 2424 3213 Qnasrunque
2484 3145 2683 3213 templa
2740 3155 2867 3198 ante
2918 3145 3056 3198 hanc
3107 3141 3398 3214 synodum,
3446 3139 3567 3192 sine

337 3230 609 3299 συνήθους
640 3230 805 3299 εὐχῆς
836 3229 944 3282 τῶν
972 3231 1286 3285 ἐπισκόπων
1319 3232 1413 3284 καὶ
1436 3232 1704 3301 λειψάνων
1735 3232 1905 3300 ἁγίων

2011 3236 2288 3290 consuetis
2320 3236 2700 3306 episcoporum
2728 3236 2980 3306 precibus
3004 3245 3055 3289 rt
3076 3245 3392 3290 sanctorum
3419 3249 3567 3286 mar:-

340 3324 642 3394 μαρτύρων
674 3322 1191 3394 ἀνῳκοδομήθήσαν,
1223 3323 1430 3393 ὡρίσθη
1455 3323 1704 3391 γενέσθαι
1735 3325 1902 3378 κατά-

334 3417 492 3469 θεσιν
545 3418 603 3469 ὲν
658 3416 841 3478 αὐτοῖς
900 3416 1170 3484 λειψάνων
1214 3417 1384 3484 ἁγίων
1416 3402 1513 3471 καὶ
1556 3418 1653 3487 τὴν
1697 3418 1899 3486 συνήθη

332 3510 506 3579 εὐχὴν
529 3508 886 3577 τελεσθῆναι·
918 3509 1032 3561 ὅσοι
1064 3509 1119 3561 δὲ
1164 3508 1302 3576 μετὰ
1330 3509 1428 3580 τὴν
1464 3510 1682 3562 σύνοδον
1702 3508 1903 3578 ταύτην

329 3601 608 3670 εὑρεθῶσι
633 3604 805 3672 χωρὶς
836 3604 1103 3672 λειψάνων
1135 3604 1515 3676 καθιεροῦντες
1544 3606 1686 3669 ναὸν,
1711 3606 1907 3658 καθαι-

333 3695 553 3762 ρεῖσθαι
596 3696 1086 3765 κατεδικάσθησαν,
1117 3698 1190 3761 ὡς
1219 3697 1532 3768 παραῦάται
1569 3697 1677 3751 τῶν
1705 3697 1897 3767 ἐκκλήο

332 3786 638 3838 σιαστικῶν
672 3788 1047 3856 παραδόσεων.

948 3882 1186 3935 ΚΑΝΩΝ
1208 3881 1287 3935 II'.

335 3988 355 4020 σ
422 3970 644 4038 Ἐπειδὴ
691 3971 1030 4040 πλανώμενοί
1076 3990 1221 4035 τινες
1263 3973 1326 4025 ἐκ
1363 3972 1463 4040 τῆς
1491 3974 1597 4025 τῶν
1638 3971 1902 4041 Ἐὔραίων

410 4081 431 4112 ι
482 4062 776 4130 θρησκείας
804 4063 1151 4135 μυκτηρίζειν
1195 4063 1377 4127 ἔδοξαν
1397 4064 1633 4132 Χριστὸν
1657 4064 1748 4115 τὸν
1769 4064 1901 4116 Θεὸν

408 4175 428 4204 ς
482 4153 678 4222 ήμῶν,
759 4155 1215 4223 προσποιούμενοι
1280 4153 1380 4222 μὲν
1448 4154 1849 4224 Χριστιανίξειν
1882 4194 1898 4217 ,

406 4266 429 4297 ε
479 4247 639 4298 αὑτὸν
688 4246 746 4298 δὲ
790 4245 1112 4315 ἀρνούμενοι
1158 4245 1427 4328 κρύϐδην,
1478 4245 1900 4327 καὶβαθραίως

412 4358 431 4386 ε
481 4336 924 4401 σαϐϐατίζοντες,
945 4338 1037 4389 καὶ
1069 4336 1233 4401 ἕτερα
1267 4337 1536 4389 Ἰουδαϊκὰ
1578 4337 1855 4399 ποιοῦντες
1882 4354 1897 4369 ·

410 4432 430 4481 ‘c
478 4430 729 4500 ὁρίζομεν
756 4446 978 4492 τουτους
1016 4430 1154 4499 μήτε
1188 4433 1267 4492 εἷς
1302 4430 1615 4493 κοινωνίαν,
1650 4430 1787 4497 μήτε
1821 4430 1900 4492 είς

409 4542 429 4572 ι
477 4521 663 4591 εὐχὴν,
713 4522 847 4590 μήτε
879 4522 957 4583 εἰς
994 4520 1286 4590 ἐκκλησίαν
1319 4521 1606 4588 δέχεσθαι·
1640 4520 1774 4571 ἀλλά
1802 4537 1900 4585 φα-

407 4633 426 4663 σ
479 4613 653 4683 νερῶς
687 4607 825 4667 εἶναι
877 4613 1018 4665 κατὰ
1045 4613 1142 4682 τὴν
1174 4612 1383 4664 ἑαυτῶν
1427 4612 1722 4681 θρησκείαν
1776 4610 1897 4664 Ἑὸο
1932 4618 1975 4672 D

406 4725 426 4756 ‘
481 4706 705 4775 ἐπίως’
749 4707 887 4775 μήτε
934 4707 1060 4765 τοὺς
1107 4704 1304 4765 παῖδας
1357 4704 1536 4757 αὐτῶν
1592 4702 1897 4773 βαπτίζειν,

413 4820 431 4844 ε
486 4798 621 4866 μήτε
651 4795 832 4849 δοῦλον
868 4795 1126 4847 ὠνεῖσθαι
1163 4796 1194 4865 ἢ
1230 4796 1481 4849 κτᾶσθαι.
1512 4796 1574 4847 Et
1604 4796 1658 4847 δὲ
1688 4795 1742 4859 ἐξ
1770 4795 1901 4846 siit-

410 4910 430 4939 ι
481 4886 703 4957 κρινοῦς
734 4887 970 4949 πίστεως
1015 4886 1330 4955 ἐπιστρέψει
1378 4904 1460 4950 τις
1499 4887 1557 4951 ἐξ
1592 4888 1770 4939 αὐτῶν
1808 4891 1900 4941 καὶ

416 5002 435 5030 ι
485 4980 809 5048 ὁμολογήσει
856 4979 914 5044 ἐξ
967 4979 1093 5048 ὅλης
1138 4979 1383 5047 καρδίας.
1436 4978 1785 5049 θριαμϐεύων
1833 4981 1901 5033 τὰ

408 5096 429 5122 ο
483 5071 605 5125 κατ’
653 5072 830 5125 αὐτῶν
877 5073 971 5142 ἔθη
1016 5074 1108 5125 καὶ
1165 5074 1485 5141 πράγματα,
1528 5072 1666 5142 πρὸς
1707 5073 1766 5130 τὸ
1809 5072 1901 5124 καὶ

406 5186 427 5215 ι
476 5166 669 5229 ἄλλους
721 5164 1042 5236 ἐλεγχθῆναι
1091 5166 1185 5218 καὶ
1228 5164 1653 5234 διορθώσασθαι,
1713 5165 1900 5217 τοῦτον

413 5280 432 5309 ι
485 5257 898 5326 προσδέγεσθαι,
948 5258 1042 5311 καὶ
1089 5256 1373 5326 βαπτίζειν
1421 5256 1547 5315 τοὺς
1582 5255 1776 5316 παῖδας
1806 5255 1902 5307 a6-

409 5373 429 5401 ι
476 5349 597 5414 τοῦ,
645 5352 736 5403 καὶ
782 5350 1174 5417 ἀσφαλίζεσθαι
1223 5351 1418 5411 αὐτοὺς
1464 5349 1767 5416 ἀποστῆναι
1792 5348 1900 5401 τῶν

414 5465 431 5493 ι
488 5442 796 5509 Ἑϐραϊκῶν
854 5442 1298 5512 ἐπιτηδευμάτων
1328 5458 1343 5473 ⁸
1396 5443 1445 5495 εί
1492 5441 1548 5494 δὲ
1607 5441 1681 5510 μὴ
1730 5440 1901 5503 οὕτως

411 5557 429 5585 ‹
479 5538 675 5608 ἔχοιεν,
715 5534 973 5603 μηδαμῶς
1008 5535 1203 5595 αὐτοὺς
1244 5534 1652 5604 προσδέχεσθαι.
1701 5552 1719 5583 ι

410 5627 608 5679 ΙίΑΛΣ.
682 5625 924 5679 Ἰουδαῖοί
966 5641 1131 5691 τινες,
1182 5624 1357 5695 ἔνοχοι
1395 5624 1761 5686 καταστάντες
1810 5623 1900 5675 ἐπί

330 5735 475 5773 τισιν
535 5717 880 5777 ὑποθέσεσιν,
937 5719 1029 5771 καί
1078 5718 1322 5781 θέλοντες
1370 5716 1571 5779 ταύτας
1617 5718 1898 5785 ἐκφυγεῖν,

329 5811 715 5881 προσήρχοντο
736 5810 802 5877 τῇ
838 5807 1102 5879 ὀρθοδόξῳ
1127 5810 1331 5881 πίστει,
1357 5810 1448 5861 καὶ
1478 5806 1901 5877 προσεποιοῦντο

338 5906 441 5956 μὲν
478 5903 547 5953 τά
578 5901 689 5953 τῶν
722 5900 1062 5961 Χριστιανῶν
1096 5904 1336 5967 φρονεῖν,
1384 5904 1446 5967 τῇ
1493 5899 1720 5970 ἀληθεία
1747 5898 1802 5951 δὲ
1832 5900 1900 5952 τὰ

2011 3339 2186 3397 tyrnm
2220 3330 2491 3395 reliquiis,
2552 3330 2778 3385 fundata
2809 3331 3049 3393 luerunt,
3101 3329 3156 3382 in
3218 3329 3298 3383 eis
3349 3338 3568 3382 sani-tas

2007 3423 2269 3492 reliquias
2322 3424 2543 3492 deponi,
2595 3432 2651 3477 et
2717 3434 3009 3479 consuetas
3058 3438 3245 3491 preces
3300 3420 3575 3475 celebrari.

2008 3516 2285 3571 deﬁnitum
2311 3525 2413 3571 est.
2441 3516 2762 3586 Quicunque
2786 3527 2965 3569 autem
2998 3526 3114 3583 post
3136 3516 3273 3569 hanc
3302 3513 3564 3585 synodum

2008 3609 2126 3663 sine
2156 3608 2402 3676 reliquiis
2444 3609 2702 3677 templum
2750 3623 3109 3662 consecrasse
3149 3605 3564 3675 deprehendan-

2008 3708 2116 3760 tur,
2152 3700 2492 3767 depositione
2517 3700 2868 3760 damnantnr,
2925 3711 2982 3753 ut
3010 3701 3361 3754 traditionum
3394 3698 3567 3753 eccle-

2008 3792 2351 3845 siasticarum
2388 3786 2844 3859 transgressores.

2488 3881 2654 3951 293
2690 3880 2914 3935 CANON
2956 3874 3092 3934 vui.

2014 3991 2031 4023 ι
2077 3972 2346 4038 Quoniam
2367 3973 2716 4028 liehraaorum
2746 3974 3028 4041 religionis
3052 3976 3270 4041 quidam
3320 3983 3568 4026 errantes

2083 4083 2101 4116 ι
2149 4064 2425 4119 Christum
2447 4066 2614 4121 Deum
2650 4077 2894 4120 nostrum
2920 4066 3262 4118 sulisannarc
3293 4066 3389 4117 visi
3416 4074 3563 4129 sunt,

2085 4175 2103 4207 ι
2150 4172 2271 4211 sese
2298 4157 2515 4226 quidem
2543 4156 2885 4211 Christianos
2914 4171 3034 4209 esse
3063 4157 3347 4224 tingentes,
3386 4156 3560 4223 ipsum

2079 4267 2121 4300 Γ
2146 4259 2326 4303 autem
2354 4249 2569 4304 occulte
2600 4257 2822 4317 negant,
2866 4256 2920 4300 et
2961 4246 3273 4299 clanculum
3326 4246 3563 4301 Sahhata

2082 4358 2101 4390 ι
2144 4341 2473 4405 observant,
2535 4349 2589 4394 rt
2640 4340 2807 4393 multa
2878 4339 2979 4393 alia
3034 4338 3255 4393 Judaica
3314 4339 3561 4394 faciunt:

2080 4451 2099 4483 ι
2148 4433 2465 4491 statuimus.
2530 4441 2587 4485 ιιι
2644 4431 2733 4486 isti
2785 4446 2961 4501 neque
3005 4430 3067 4483 ad
3100 4430 3561 4490 communionem.

2083 4543 2101 4575 ι
2152 4539 2328 4591 neque
2361 4523 2428 4576 ad
2456 4522 2787 4588 orationem,
2834 4538 3009 4590 neque
3048 4522 3114 4576 ad
3150 4523 3440 4576 ecclesiam
3473 4523 3573 4576 ad-

2080 4633 2098 4665 ‹
2148 4617 2467 4679 mittantur;
2530 4615 2625 4668 sed
2660 4622 2846 4681 aperte
2900 4615 3010 4666 sint
3076 4614 3376 4667 secundum
3410 4627 3573 4667 suam

2083 4725 2101 4757 ι
2150 4705 2465 4777 religionem
2505 4704 2739 4770 Hebraei,
2764 4716 2817 4759 et
2859 4720 3037 4774 neque
3070 4705 3208 4759 ﬁlios
3230 4720 3358 4760 suos
3388 4705 3564 4773 bapti-

2083 4815 2099 4847 ι
2148 4807 2295 4859 zent,
2333 4812 2510 4866 neque
2542 4812 2758 4851 servum
2802 4807 2983 4849 emant
3007 4797 3085 4847 vel
3117 4796 3443 4863 possideant.
3504 4795 3561 4848 Si

2080 4906 2098 4937 ι
2147 4897 2327 4941 autem
2391 4903 2455 4942 ex
2489 4903 2624 4958 pura
2656 4898 2710 4942 et
2758 4889 2969 4942 sincera
3036 4890 3141 4942 (itte
3204 4888 3326 4956 quis
3372 4902 3574 4941 eorum.

2079 5002 2094 5031 ι
2143 4997 2461 5043 conversus,
2490 4989 2543 5034 et
2592 4995 2655 5033 ex
2690 4986 2803 5034 toto
2858 4979 3025 5031 corde
3055 4977 3339 5033 confessus
3373 4978 3557 5038 fuerit,

2080 5094 2098 5124 ‹
2147 5089 2335 5127 eorum
2402 5073 2644 5126 moribus
2673 5080 2727 5124 et
2756 5071 2917 5125 rebus
2969 5070 3238 5123 insultans
3286 5084 3349 5122 ac
3395 5067 3556 5121 veluti

2078 5185 2094 5216 ι
2145 5165 2479 5234 triumphum
2533 5178 2699 5233 agens
2728 5195 2757 5225 ,-
2797 5171 2857 5216 ut
2902 5170 2956 5215 et
3002 5162 3090 5215 alii
3153 5160 3473 5215 refellantur
3505 5167 3559 5211 et
3634 5175 3655 5207 τ

2076 5278 2093 5308 ‹
2142 5260 2527 5328 corrigantur;
2558 5270 2681 5309 eum
2719 5254 3022 5322 recipiant,
3056 5263 3108 5307 et
3144 5253 3417 5320 baptizent
3440 5249 3561 5319 ejus

2079 5370 2096 5401 ι
2147 5350 2387 5412 liberos;
2436 5356 2490 5401 et
2541 5354 2768 5400 caveant
2816 5345 2917 5414 ipsi
2981 5361 3039 5398 se
3088 5345 3153 5397 ah
3208 5344 3559 5396 Hebraeorum

2079 5460 2096 5492 ι
2118 5508 2121 5511 _
2146 5439 2344 5492 studiis
2371 5448 2423 5492 et
2457 5436 2720 5490 institutis
2747 5435 3055 5488 descituros
3082 5451 3094 5486 :
3129 5435 3211 5487 sin
3241 5441 3419 5485 autem
3452 5444 3561 5484 non

2077 5550 2093 5581 ι
2144 5532 2214 5583 ita
2251 5546 2306 5582 se
2342 5536 2555 5597 gerant.
2584 5541 2679 5579 eos
2705 5527 2854 5580 nullo
2885 5526 3042 5579 modo
3067 5524 3372 5578 admittant.
3424 5545 3439 5574 ι

2073 5620 2267 5685 BALS.
2306 5617 2476 5672 Judaei
2503 5612 2749 5686 quidam,
2786 5632 2911 5670 cum
2963 5617 3322 5685 quorumdam
3375 5618 3561 5669 erimi-

2003 5730 2128 5767 ntnn
2170 5713 2243 5766 rei
2305 5717 2622 5778 agerentur,
2678 5709 2880 5761 vellent
2915 5716 3095 5761 autem
3153 5707 3559 5761 damnationem

2000 5804 2258 5873 ell'ugcre,
2317 5800 2381 5852 ad
2439 5799 2595 5851 [idem
2620 5796 2985 5851 Christianam
3018 5796 3370 5856 accedebant,
3410 5805 3461 5850 et
3501 5811 3561 5849 se

2002 5897 2311 5951 Christiana
2372 5890 2591 5960 quidem
2625 5889 2828 5943 sentire
2873 5905 2981 5960 pra:
3030 5904 3087 5943 se
3143 5887 3413 5953 terebant,
3463 5886 3558 5941 sed
