4092 6214
302 400 404 467 917

1311 409 1392 470 IN
1446 410 1611 471 CAN.
1655 413 1738 471 1X
1777 414 1985 475 CONC.
2009 417 2122 477 ΥΠ
2153 417 2511 477 (ECUMEN.

3423 424 3529 487 918

304 515 556 583 καθαρᾶς
577 515 834 584 πίστεως,
850 516 973 574 ἀντὶ
993 517 1111 584 τοῦ,
1125 518 1381 594 καθαρῶς
1396 522 1489 574 καὶ
1503 525 1600 576 ἁνυ
1610 525 1865 594 ποκρίτως

1981 529 2128 591 dere,
2178 531 2471 586 donatione
2506 530 2785 595 nimirum,
2841 542 2933 585 aut
2961 532 3398 602 permutatione,
3440 542 3533 586 aut.

308 610 632 675 πιστεύσας,
660 612 976 682 ἐπιστρέψει
1007 631 1090 677 τις
1119 615 1300 668 αὐτῶν
1329 615 1426 668 καὶ
1456 616 1779 686 ὁμολογήσει
1814 619 1873 682 ἐξ

303 702 432 769 ὅλης
464 702 714 772 καρδίας,
758 705 878 757 ἀντὶ
911 704 1032 770 τοῦ,
1055 707 1122 760 τὰ
1151 707 1289 760 αὐτὰ
1319 709 1449 777 ἡμῖν
1484 709 1651 774 λέγει,
1681 711 1774 762 καὶ
1805 713 1874 764 τὰ

310 793 406 864 ἔθη
434 795 500 846 τὰ
529 796 708 847 οίκεῖα
739 796 832 849 καὶ
876 797 974 849 ὅσα
1004 799 1304 868 πράττουσι
1335 800 1679 868 θριαμϐεύει,
1707 803 1873 870 ἧγούν

303 890 385 948 εἰς
408 886 468 938 τὸ
497 887 731 954 φανερὸν
765 890 1082 956 προτίθησι,
1116 891 1208 942 καὶ
1236 892 1541 945 συντίθεται
1576 893 1649 960 μὴ
1678 895 1868 955 ποιεῖν,

309 979 449 1031 ὥστε
481 979 577 1031 καὶ
605 979 781 1042 ἄλλως
805 981 1131 1050 ἐλεγχθῆναι
1179 984 1510 1051 ὁμοπῐστους
1549 983 1718 1051 αὐτῷ,
1775 987 1870 1037 καὶ

300 1069 661 1138 διορθωθῆναι
711 1072 802 1124 τὸν
824 1072 1063 1126 τοιοῦτον
1102 1072 1495 1144 προσδέχεσθαι
1537 1077 1630 1130 καὶ
1668 1076 1865 1145 ﬂami-

306 1162 444 1227 ζειν,
479 1164 573 1214 καὶ
605 1165 802 1227 παῖδας
832 1166 1018 1225 αὑτοῦ,
1071 1168 1163 1218 καὶ
1195 1168 1440 1238 ἀκριϐῶς
1470 1169 1757 1239 προσέχειν
1777 1171 1871 1221 αύ-

303 1255 438 1316 τοίς,
491 1252 630 1305 ὥστε
677 1254 979 1321 ἀποστῆναι
1017 1257 1124 1331 τῷν
1159 1258 1466 1327 Ἑϐραϊκῶν
1503 1261 1870 1330 ἐπιτηδευμά-

304 1361 453 1397 των·
485 1345 661 1405 ἄλλως
717 1347 774 1398 δὲ
823 1348 1021 1411 αὐτοὺς
1077 1348 1151 1420 μὴ
1200 1351 1616 1420 προσδέχεσθαι.
1683 1353 1791 1404 Καὶ
1840 1354 1867 1405 ὁ

303 1441 478 1506 μέγας
511 1437 565 1490 δὲ
605 1439 882 1503 Βασίλειος
899 1443 956 1492 ἐν
981 1443 1218 1513 πέμπτῳ
1248 1444 1453 1510 κανόνι,
1487 1444 1625 1506 Τοὺς
1652 1461 1872 1512 μετανο·

301 1529 496 1592 οὖντας
530 1531 626 1592 δεῖ,
673 1532 835 1598 φησὶ,
877 1532 1128 1602 δέχεσθαι
1159 1549 1174 1564 ·
1209 1535 1308 1588 οὐκ
1351 1536 1588 1604 ἀκρίτως
1617 1536 1694 1597 δὲ,
1733 1537 1868 1589 ἀλλὰ

305 1622 628 1690 δοκιμάζειν
680 1624 728 1674 εί
808 1623 1022 1694 ἀληθῶς
1079 1628 1169 1678 καὶ
1223 1627 1458 1697 γνησίως
1523 1629 1864 1697 μετανοοῦσι.

309 1713 418 1765 Καὶ
451 1713 478 1764 ὁ
512 1714 791 1777 πολιτικὸς
835 1718 998 1784 νόμος
1055 1718 1256 1786 πολλὴν
1294 1721 1568 1773 ποιεῖσθαι
1621 1721 1866 1786 θεσπίζει

310 1805 437 1871 περὶ
489 1805 597 1858 τῶν
650 1811 1112 1880 προσερχομένων
1172 1811 1444 1864 Ἰουδαίων
1490 1812 1588 1883 τὴν
1643 1814 1870 1883 ἀκριϐο-

297 1895 508 1959 λογίαν.

1975 622 2078 674 alia
2110 637 2433 690 quacunque
2484 625 2700 679 ratione
2739 625 3050 694 quaesitum,
3111 627 3334 681 minime
3366 627 3531 681 licere

1977 713 2242 766 decernit.
2279 713 2434 779 Quod
2466 716 2508 769 si
2539 730 2727 769 eorum
2758 717 3030 785 quispiam
3066 731 3131 771 ex
3161 733 3295 786 pura
3325 728 3376 770 et
3413 718 3530 772 sin-

1974 817 2096 854 cera
2127 804 2248 868 fide,
2281 805 2383 857 hoc
2410 815 2512 868 est,
2542 821 2678 874 puro
2711 806 2894 860 animo
2925 816 3084 873 atque
3121 807 3266 860 onmi
3302 806 3534 860 simula-4

1974 894 2120 946 tione
2149 894 2388 957 sublata,
2407 894 2530 948 ﬁdei
2565 898 2836 966 mysteriis
2869 912 3131 952 assensus
3157 907 3530 960 convertatur,

1972 992 2138 1051 atque
2161 1000 2226 1038 ex
2261 995 2374 1039 toto
2401 988 2568 1041 corde
2598 989 2941 1050 conﬁteatur,
2973 989 3077 1043 hoc
3107 998 3210 1054 est,
3247 989 3528 1043 nobiscum

1974 1075 2026 1127 in
2050 1077 2308 1132 omnibus
2331 1076 2489 1146 pla‘ne
2516 1083 2846 1143 consentiat,
2869 1093 2920 1136 et
2947 1084 3011 1138 de
3039 1099 3261 1137 suorum
3287 1084 3532 1135 moribus

1974 1181 2042 1248 ac.
2074 1168 2338 1223 institutis
2370 1171 2677 1240 quibusque
2716 1174 3047 1242 triumphum
3081 1184 3232 1242 agat,
3287 1174 3390 1227 hoc
3426 1183 3532 1234 est,

1973 1266 2030 1311 se
2065 1258 2196 1312 nihil
2223 1261 2400 1314 simile
2430 1261 2696 1316 facturum
2724 1275 2905 1331 aperte
2933 1264 3248 1332 profiteatur
3283 1279 3345 1327 ac
3372 1279 3534 1331 spon-

1971 1352 2118 1413 deat,
2158 1362 2215 1406 ut
2243 1370 2308 1408 ex
2337 1371 2402 1409 eo
2433 1355 2521 1409 alii
2558 1373 2774 1426 quoque
2825 1360 3027 1410 erroris
3065 1358 3197 1411 socii
3231 1357 3534 1411 refuteutur

1972 1458 2036 1496 ac
2075 1445 2399 1514 resipisrant
2419 1466 2432 1501 :
2454 1451 2659 1502 admitti
2682 1450 2979 1514 hominem,
3007 1450 3294 1519 ipsumque
3318 1458 3368 1503 et
3395 1449 3533 1503 ﬁlios

1977 1535 2262 1606 baptizari,
2316 1540 2669 1609 studioseque
2710 1541 2877 1609 ipsos,
2927 1549 2984 1593 ut
3033 1541 3100 1593 ab
3155 1538 3434 1594 Hebraicis
3474 1555 3532 1594 se

1971 1627 2236 1683 institutis
2284 1630 2609 1699 abjuugant,
2657 1631 2968 1696 observari;
3004 1647 3161 1686 secus
3196 1634 3419 1684 omuin
3451 1648 3545 1683 re--

1971 1720 2095 1788 pelli
2141 1721 2340 1789 placet.
2396 1721 2622 1792 Magnus
2657 1739 2784 1777 vero
2814 1725 2976 1776 etiam
3017 1723 3314 1800 Basilius,
3341 1718 3558 1794 quinto"

1972 1829 2216 1869 canone:
2244 1815 2414 1882 Quos,
2447 1818 2660 1885 inquit,
2694 1817 2873 1896 errati
2909 1797 3165 1886 poenitet:
3216 1797 3532 1867 admittenili

1969 1917 2136 1961 sunt:
2177 1923 2281 1962 non
2315 1918 2496 1964 tamen
2534 1911 2601 1966 iis
2635 1918 2839 1964 temere
2883 1909 3126 1964 habenda
3155 1907 3307 1969 ﬁdes,
3341 1906 3432 1960 sed
3465 1919 3533 1958 an

296 2005 426 2042 vere
453 2004 546 2045 eos
579 2001 632 2045 et
665 1995 939 2068 exanimo
984 1995 1245 2064 pmniteat
1325 1999 1512 2053 sedulo
1567 1997 2030 2069 cognoscendum.
2099 1999 2171 2053 De
2228 1999 2435 2058 ludatis
2492 2002 2698 2066 itidem,
2766 2011 2826 2055 ut
2884 2015 2992 2055 non
3077 2000 3183 2055 nisi
3247 1999 3537 2070 diligenter

295 2087 593 2141 examinati
631 2089 951 2159 probatique
1001 2092 1358 2162 recipiantur,
1411 2094 1587 2149 civilia
1635 2110 1851 2164 quoque
1880 2094 1999 2163 jura
2045 2096 2371 2151 decernunt.

293 2178 516 2231 ΑΡΙΣΤ.
581 2197 601 2230 ι
655 2179 940 2250 Ἐϐραίους
1008 2184 1082 2252 μὴ
1150 2186 1348 2253 χρῆναι
1437 2185 1854 2254 προσδέχεσθαι.

376 2290 394 2322 ι
442 2271 490 2323 εί
534 2271 606 2342 μὴ
663 2273 937 2341 φαίνοιντο
988 2273 1047 2339 ἐξ
1093 2275 1422 2346 εἰλικρινοῦς
1469 2275 1692 2346 καρδίας
1739 2277 1857 2328 ἐπι-

375 2379 394 2412 ι
440 2363 778 2430 στρέψαντες.
827 2383 846 2415 ι
894 2365 1122 2433 Σαφής.

894 2457 1132 2509 ΚΑΝΩΝ

302 2567 318 2596 ι
372 2546 553 2599 Πάντα
615 2546 682 2599 τὰ
731 2547 1070 2618 μειρακιώδη
1116 2549 1408 2618 ἀθύρματα
1464 2553 1558 2602 κατ⁹
1613 2549 1854 2620 μανιώδη

374 2657 393 2687 σ
440 2635 816 2707 βακχεύματα,
855 2637 922 2691 τὰ
964 2637 1574 2710 ψευδοσυγγράμματα,
1602 2640 1668 2694 τὰ
1721 2639 1858 2693 κατᾶ

374 2747 393 2778 ι
435 2729 544 2780 τῶν
567 2728 782 2781 σεπτῶν
811 2729 1035 2782 είκόνων
1061 2731 1343 2799 γινόμενα,
1373 2732 1491 2784 δέον
1525 2732 1746 2800 δοθῆναι
1779 2731 1856 2800 τῷ

377 2839 396 2871 ι
437 2821 775 2891 ὲπισκοπείῳ
832 2823 1471 2888 Κωνσταντινουπόλεως,
1520 2825 1603 2877 ἵνα
1663 2825 1861 2876 ἀποτε-

376 2933 393 2963 ι
439 2913 570 2968 θῶσι
610 2915 751 2982 μετὰ
791 2913 897 2966 τῶν
939 2914 1144 2967 λοιπῶν
1176 2916 1466 2986 αἱρετικῶν
1499 2916 1721 2986 βιϐλίων
1749 2933 1764 2945 '
1811 2919 1861 2970 εἰ

376 3025 394 3057 ι
441 3006 498 3060 δέ
526 3023 606 3068 τις
634 3005 877 3076 εὑρεθείη
908 3007 1076 3059 ταῦτα
1106 3007 1380 3077 κρύπτων,
1413 3010 1461 3060 εί
1503 3009 1603 3075 μὲν
1638 3010 1862 3062 ἐπίσκο-

373 3119 391 3150 ι
438 3116 540 3162 πος
597 3101 629 3170 ἢ
687 3099 1062 3170 πρεσϐύτερος
1119 3100 1150 3169 ἢ
1201 3099 1452 3162 διάκονος
1504 3102 1615 3170 εἴη,
1670 3101 1863 3155 καθαι-

371 3211 390 3242 ι
441 3191 677 3258 ρείσθω·
736 3193 783 3242 εί
851 3191 907 3244 δὲ
984 3182 1167 3254 λαῖκὺς
1225 3193 1257 3261 ἢ
1329 3195 1606 3265 μοναχὸς,
1660 3198 1859 3267 ἀφοριο

369 3303 388 3333 ι
437 3285 627 3348 ζέσθω.
671 3304 690 3334 ι

365 3378 559 3430 ΒΑΛΣ.
601 3378 713 3447 Τῆς
757 3378 864 3430 τῶν
908 3380 1531 3450 Χριστιανοκατηγόρων
1583 3380 1702 3448 ἦτοι
1749 3379 1856 3432 τῶν

290 3470 691 3523 εἰκονοκαυτῶν
743 3471 1004 3540 αἱρέσεως
1054 3473 1409 3541 κρατησάσης
1463 3472 1556 3526 ἐπὶ
1609 3472 1768 3538 πολὺ,
1814 3474 1862 3524 oi

288 3562 472 3633 ταύτῃ
520 3563 938 3631 προσκείμενοι,
987 3563 1076 3615 διὰ
1129 3564 1358 3631 γραφῶν
1409 3565 1509 3626 τὰς
1555 3565 1699 3617 κατὰ
1752 3565 1862 3616 τῶν

291 3656 472 3723 ἁγίων
492 3656 716 3707 εἰκόνων
743 3655 875 3724 βλασ
890 3653 1090 3722 εημίας
1111 3654 1287 3707 αὐτῶν
1316 3655 1676 3726 ὲστηλίτευον.
1695 3658 1862 3709 Φασὶν

289 3742 391 3800 οὖν
416 3747 464 3797 οἰ
499 3745 992 3816 Πατέρεςόφείλειν
1026 3745 1229 3808 ταύτας
1275 3747 1492 3815 δοθῆναι
1540 3746 1626 3815 ἐφ’
1654 3742 1699 3815 ᾧ
1729 3750 1864 3800 ἀπσ-

289 3837 534 3890 τεθεῖναι
591 3839 648 3890 ἐν
695 3837 773 3906 τῷ
825 3837 1165 3907 ὲπισκοπείῳ
1210 3837 1308 3907 τῆς
1351 3839 1863 3892 Κωνσταντινουπόφ

291 3933 457 3992 λεως,
505 3930 632 3984 ἔνθα
685 3932 1010 3984 ἀπόκεινται
1057 3932 1151 3984 καὶ
1205 3931 1274 3984 τὰ
1311 3931 1471 3985 λοιπὰ
1525 3932 1704 4002 βιϐλία
1755 3933 1863 3986 τῶν

292 4023 616 4092 αἱρετικῶν.
650 4022 789 4084 Τοὺς
829 4022 886 4076 δὲ
931 4021 1270 4092 κρύπτοντας
1303 4023 1494 4082 ταῦτα,
1532 4025 1863 4093 ίερωμένους

298 4116 406 4183 μὲν
432 4114 612 4176 ὄντας,
646 4115 1046 4184 καθαιρεῖσθαι,
1078 4116 1299 4178 λαῖκοὺς
1334 4115 1390 4168 δὲ
1444 4116 1537 4169 καὶ
1574 4117 1864 4186 μοναχοὺς,

295 4207 678 4274 ἀφορίζεσθαι.
718 4207 913 4270 Καλῶς
959 4207 1014 4259 δὲ
1063 4208 1356 4275 ὠνόμασαν
1402 4210 1453 4260 oi
1508 4210 1753 4278 Πατέρες
1798 4209 1867 4260 τὰ

291 4297 525 4349 τοιαῦτα
560 4297 967 4367 συγγράμματα
996 4299 1330 4368 μειρακιώδη
1356 4299 1672 4370 ἀθύρματα,
1701 4302 1865 4370 ἤγουν

293 4387 544 4458 ιιηπιώδη
597 4391 825 4455 παίγνια
879 4390 970 4442 καὶ
1027 4390 1269 4460 μανιώδη
1321 4391 1698 4462 βακχεύματα,
1747 4393 1865 4463 ἦτοι

297 4481 645 4549 μαινομένων
697 4481 914 4551 βακχῶν
973 4481 1343 4553 φλυαρήματα
1373 4501 1384 4513 '
1442 4485 1526 4536 ὅτι
1575 4484 1864 4536 εὐδιάλυτα

294 4575 396 4626 καὶ
433 4553 830 4627 εὐκατάέειστά
859 4575 995 4628 εἰσιν
1027 4575 1101 4637 ὡς
1148 4576 1218 4627 τὰ
1248 4575 1360 4628 τῶν
1392 4576 1694 4646 μειρακίων
1729 4578 1862 4628 παὶ·

1966 2185 2193 2239 AlilSCl‘.
2238 2207 2258 2239 ι
2294 2188 2547 2242 Hebraeos
2605 2189 2888 2244 admittere
2950 2205 3056 2243 non
3108 2195 3359 2254 oportet,
3427 2187 3531 2244 nisi

2036 2294 2054 2325 ι
2102 2293 2194 2330 eos
2229 2279 2444 2334 sincero
2466 2283 2628 2335 corde
2654 2295 2950 2335 conversos
2984 2297 3103 2335 esse
3141 2280 3468 2338 constiterit.
3505 2298 3536 2332 ι.

2038 2369 2386 2437 Perspicuus.
2967 2400 2988 2430 ο

2549 2464 2777 2522 CANON
2839 2465 2934 2520 lx.

1969 2576 1987 2608 ι
2020 2557 2252 2611 Puerilia
2277 2560 2456 2611 omnia
2481 2559 2711 2612 ludibria
2738 2560 3047 2629 furiosaque
3069 2560 3209 2614 dicta
3232 2574 3292 2613 ac
3313 2559 3536 2628 scripta,

2047 2667 2064 2699 ι
2111 2665 2232 2715 quae
2320 2651 2584 2704 adversus
2646 2649 2981 2704 venerabiles
3056 2649 3322 2718 imagines
3391 2650 3535 2704 edita

2039 2760 2056 2792 ι
2099 2749 2248 2806 sunt,
2284 2740 3333 2810 episcopioConstantinopolitanotradi
3365 2755 3531 2807 opor-

2037 2852 2056 2884 ι
2105 2842 2201 2898 tet,
2253 2843 2310 2885 ιιι
2339 2849 2464 2887 cum
2498 2835 2721 2904 reliquis
2755 2834 3025 2888 haereticis
3059 2833 3216 2888 libris
3254 2833 3536 2903 deponan-

2037 2940 2056 2972 ι
2103 2931 2210 2974 tur.
2280 2921 2336 2974 Si
2365 2921 2489 2990 quis
2514 2930 2694 2975 autent
2720 2922 2834 2976 luec
2861 2924 3037 2975 celare
3063 2923 3316 2976 inventus
3351 2921 3536 2982 fuerit.

2046 3031 2066 3065 ι
2111 3015 2154 3068 si
2189 3013 2403 3084 quidem
2437 3013 2725 3084 episcopus
2748 3015 2828 3068 vel
2855 3015 3136 3084 presbyter
3162 3016 3244 3069 vel
3274 3014 3536 3068 diaconus

2044 3123 2064 3155 ι
2107 3106 2197 3169 sit,
2230 3104 2568 3173 deponatur:
2615 3107 2698 3160 sin
2727 3120 2852 3159 vero
2888 3106 3057 3160 laicus
3094 3108 3173 3160 vel
3215 3105 3537 3170 monachus,

2043 3213 2061 3246 ι
2106 3205 2436 3266 segregetur.
2464 3217 2481 3247 ι

2038 3375 2234 3430 ΒΑις.
2285 3376 2419 3430 Cum
2459 3376 2898 3430 Christianorum
2963 3376 3201 3431 hostium
3260 3393 3356 3432 seu
3401 3376 3535 3430 ima-

1967 3469 2152 3537 ginum
2191 3479 2507 3522 eXttlel‘tIm
2559 3468 2649 3521 diu
2695 3469 3015 3521 invaluissvt
3051 3468 3294 3532 hreresis,
3346 3471 3438 3538 qui
3488 3467 3539 3521 ei

1967 3560 2341 3621 adlmrehant,
2395 3576 2523 3614 suas
2566 3560 2830 3615 adversus
2860 3576 3050 3614 sacras
3086 3561 3348 3632 imagines
3391 3561 3538 3615 blas-

1967 3652 2216 3721 phemias
2242 3653 2434 3706 litteris
2475 3653 2832 3707 mandabant.
2908 3652 3106 3708 Dicunt
3152 3670 3280 3724 ergo
3323 3653 3536 3718 Patres,

1969 3759 2059 3798 eas
2084 3745 2279 3799 deluere
2325 3745 2486 3802 tradi.
2538 3754 2595 3799 ut
2636 3745 2688 3799 in
2724 3745 3003 3815 episcOpio
3035 3745 3540 3815 Constantinopoli-

1969 3842 2098 3889 tano
2150 3844 2507 3905 reponantur,
2568 3837 2658 3891 ubi
2704 3848 3046 3906 reponuntur
3078 3837 3272 3906 reliqui
3323 3852 3542 3906 quoque

1970 3927 2092 3981 libri
2127 3927 2542 3982 haereticorum:
2589 3943 2683 3982 eos
2711 3938 2910 3993 autem,
2948 3929 3042 3996 qui
3083 3928 3195 3981 haec
3223 3928 3542 3992 celaverint,

1971 4021 2014 4074 si
2053 4021 2268 4088 quidem
2321 4021 2494 4074 sacris
2543 4020 2830 4076 ordinibus
2870 4020 3066 4074 initiati
3113 4020 3244 4081 sint,
3303 4019 3540 4088 deponi;

1972 4113 2056 4166 sin
2085 4126 2211 4165 vero
2241 4111 2363 4166 laici
2394 4113 2477 4166 vel
2505 4112 2778 4177 monachi,
2814 4111 3114 4182 segregari.
3159 4111 3323 4165 Recte
3358 4123 3539 4164 autem

1969 4203 2161 4258 Patres
2215 4205 2484 4273 ejusmodi
2539 4205 2740 4271 scripta
2797 4204 3147 4259 nominarunt
3195 4204 3423 4273 puerilia
3462 4206 3543 4257 lu-

1969 4295 2169 4359 dibria,
2218 4297 2322 4350 hoc
2359 4307 2463 4362 est,
2493 4296 2700 4351 ludicra
2735 4311 3028 4367 puerorum
3065 4296 3459 4350 oblectamenta
3491 4305 3546 4352 et

1970 4390 2159 4443 insana
2191 4405 2252 4444 ac
2285 4390 2542 4444 harehica
2594 4404 2875 4458 respousa,
2909 4389 3298 4442 insanientium
3329 4389 3542 4444 scilicet

1970 4481 2302 4534 baccharum
2334 4497 2541 4549 nugas;
2575 4480 2698 4548 quia
2728 4491 2854 4534 sunt
2883 4480 3062 4533 solutu
3097 4478 3276 4532 facilia
3307 4488 3362 4533 et
3392 4479 3543 4534 nullo

1972 4574 2190 4641 negotio
2241 4572 2662 4636 labefactahilia,
2727 4580 2812 4625 ut
2843 4585 3132 4640 puerorum
3182 4570 3439 4637 ludibria,
3490 4581 3543 4626 et

295 4683 446 4730 γνια,
485 4665 577 4717 καὶ
606 4665 961 4732 ἀξιογέλαστα
991 4667 1065 4729 ὡς
1098 4667 1165 4720 τὰ
1208 4667 1316 4719 τῶν
1350 4669 1694 4736 μαινομένων
1729 4669 1864 4738 ἔργα

1973 4666 2199 4729 ridicula
2235 4674 2292 4718 ut
2327 4664 2656 4720 furiosorum
2681 4675 2733 4720 et
2755 4664 3032 4719 ebriorum
3068 4681 3254 4735 opera.
3320 4663 3544 4719 Baccha:

292 4760 395 4812 καὶ
433 4759 763 4827 μεθυόντων.
795 4759 860 4810 Αἱ
896 4757 1097 4826 βάκχαι
1131 4759 1239 4828 γὰρ
1290 4761 1442 4830 χοροὶ
1485 4755 1627 4828 ἦσαν
1675 4775 1864 4828 μαινοσ

293 4856 477 4918 μένων
522 4851 779 4917 ἑπόμενοι
826 4850 903 4919 τῷ
938 4851 1120 4921 ὲψὸρῳ
1162 4853 1260 4920 τῆς
1313 4850 1483 4921 μέθης
1533 4851 1868 4922 ψευδωνύμῳ

291 4942 406 5010 θεῷ
434 4941 511 5012 τῷ
541 4943 798 5011 Διονύσῳ.
830 4943 891 4994 Oi
930 4941 1114 5010 μέντοι
1145 4942 1298 5012 νόμοι
1323 4942 1392 4995 τὰ
1431 4943 1540 4995 τῶν
1566 4944 1864 5012 αίρετικῶν

292 5037 479 5105 βιϐλία
507 5035 826 5105 διορὶζονται
854 5031 1124 5087 καίεσθαι.
1161 5036 1266 5086 Καὶ
1305 5036 1457 5106 ζήτει
1486 5053 1610 5105 κεφ.
1653 5044 1700 5102 γ’
1760 5038 1855 5089 τοῦ

294 5125 366 5196 ιβ’
397 5125 573 5178 τίτλον
627 5123 720 5176 τοῦ
754 5125 1019 5195 παρόντος
1051 5126 1448 5193 συντάγματος,
1477 5127 1565 5178 καὶ
1611 5128 1863 5197 εὑρήσεις

291 5221 354 5270 ὲν
410 5216 562 5286 αὐτῷ
609 5218 1034 5288 κατεστρωμὲνα
1076 5235 1204 5282 κεφ.
1246 5218 1479 5288 διάφορα
1531 5218 1688 5271 τοῦτο
1733 5220 1866 5271 αὐτὸ

293 5307 809 5378 παρακελευόμενα.
851 5307 1007 5360 Εἴποι
1035 5307 1099 5360 δέ
1145 5325 1247 5371 τις,
1282 5308 1360 5359 Δι’
1392 5310 1456 5379 ἢν
1503 5309 1684 5360 αἰτίαν
1712 5310 1738 5361 ὁ
1767 5309 1865 5377 μὲν

296 5400 488 5455 κινῶν
535 5400 602 5453 τά
631 5400 740 5451 τῶν
792 5400 1412 5468 Χριστιανοκατηγόρων
1460 5399 1640 5470 βιϐλία
1678 5400 1868 5452 ἀποτί-

295 5494 491 5546 θεσθαι
541 5493 598 5545 ἐν
646 5491 720 5560 τῷ
771 5491 1102 5556 ὲπισκοπείιει
1145 5491 1460 5557 διορίζεται,
1506 5493 1553 5543 οἱ
1605 5491 1756 5560 νόμοι
1811 5490 1869 5541 δὲ

299 5586 557 5639 καίεσθαι
593 5584 764 5637 ταῦτα
801 5585 1125 5654 διορίζονται
1148 5583 1382 5649 ςΛύσις.
1416 5585 1626 5640 Ταυτόν
1657 5586 1774 5634 ἐστι
1807 5587 1868 5635 τὸ

300 5679 570 5747 καυθῆναι
603 5677 671 5729 τὰ
716 5676 918 5746 βέϐηλοι
967 5676 1376 5747 συγγράμματα
1418 5675 1526 5726 τῶν
1572 5674 1866 5743 αἱρετικῶν

295 5773 392 5827 καὶ
422 5772 485 5824 τὺ
513 5754 845 5838 ἀποτεθῆναι
876 5769 931 5822 ἐν
958 5769 1036 5841 τῷ
1071 5767 1409 5836 ἐπισκοπείῳ
1438 5766 1538 5836 τῆς
1570 5767 1861 5826 Κωνσταν-

287 5863 693 5923 ιτινουπόλεως.
749 5860 885 5914 Οὔτε
939 5863 1048 5928 γὰρ
1113 5862 1374 5928 καιόμενα
1426 5861 1502 5927 είς
1561 5859 1863 5926 ἀνάγνωσιν

1969 4760 2112 4812 enim
2142 4767 2296 4813 erant
2324 4759 2475 4813 chori
2510 4758 2923 4820 insanientium,
2962 4758 3238 4812 ebrietatis
3257 4759 3542 4828 praesidem

1968 4861 2263 4919 sequentes
2300 4851 2597 4916 Bacchum,
2632 4850 2722 4919 qui
2759 4849 2897 4903 falso
2940 4850 3074 4904 deus
3103 4850 3540 4918 cognominatur.

1969 4938 2088 4992 Jam
2119 4957 2246 4993 vero
2292 4943 2432 5010 leges
2487 4941 2861 4994 haereticorum
2908 4939 3079 4994 libros
3126 4941 3278 4992 exuri
3325 4954 3544 5007 qucque

1971 5033 2285 5086 decernunt.
2359 5029 2549 5094 Quaere
2596 5041 2775 5084 autem
2842 5031 3055 5085 tertium
3123 5038 3285 5097 caput
3343 5031 3424 5084 tit.
3477 5031 3545 5082 l2

1971 5123 2252 5194 prmsentis
2291 5124 2492 5191 operis,
2539 5133 2593 5178 et
2634 5124 2876 5179 invenies
2925 5124 3139 5178 diversa
3169 5123 3347 5191 capita
3382 5123 3433 5174 in
3477 5136 3544 5175 eo

1971 5219 2171 5287 posita,
2235 5230 2356 5285 quae
2416 5214 2519 5268 hoc
2571 5215 2744 5281 ipsmn
2798 5215 3012 5283 jubent.
3109 5213 3317 5267 Dixerit
3361 5221 3540 5266 autem

1971 5307 2275 5375 quispiam:
2306 5303 2602 5370 Quamnam
2623 5303 2691 5356 (ιι)
2711 5319 2928 5359 causam
2949 5318 3122 5357 canon
3146 5303 3362 5373 quidem
3385 5304 3543 5357 Chri-

1973 5400 2286 5452 stianorum
2331 5397 2566 5450 hostium
2631 5411 2724 5449 seu
2784 5397 3081 5464 imaginum
3132 5396 3538 5448 combustorum

1973 5492 2147 5544 libros
2182 5491 2233 5542 in
2266 5489 2549 5557 episcopio
2584 5488 2772 5556 reponi
2803 5488 2976 5557 jubet,
3034 5488 3179 5556 leges
3209 5496 3389 5540 autem
3444 5502 3540 5540 eos

1973 5581 2220 5637 cmuhuri
2252 5580 2612 5651 permittunt?
2685 5579 2916 5634 Solutio.
3001 5578 3142 5634 ldem
3179 5589 3263 5634 est
3289 5580 3536 5634 comburi

1975 5675 2197 5744 profana
2228 5683 2282 5726 et
2314 5673 2474 5742 impia
2513 5673 2888 5725 haereticorum
2925 5672 3149 5741 scripta.
3203 5682 3255 5726 et
3299 5671 3352 5724 in
3391 5670 3539 5725 Con-

1973 5766 2461 5834 stautinopolitauo
2510 5764 2787 5831 cpiscopto
2845 5763 3058 5833 reponi.
3131 5761 3315 5830 Neque
3367 5763 3534 5824 enim,

1975 5860 2030 5913 εἰ·
2063 5857 2347 5911 canibusta
2383 5855 2604 5917 iuerint,
2655 5855 2914 5922 legentur,
2977 5868 3076 5908 nec
3105 5853 3148 5908 si
3184 5854 3235 5906 iu
3267 5851 3539 5921 ejusmodi,
