4092 6214
992 515 1232 570 ΚΑΝΩΝ
1279 516 1335 570 ι’.

457 606 678 676 Ἐπειδὴ
708 623 855 671 τινες
888 607 994 662 τῶν
1022 609 1299 682 κληρικῶν
1321 612 1812 680 παραλογιζόμενοι
1839 614 1941 683 τὴν

459 718 478 750 ι
520 700 812 769 κανονικὴν
870 701 1130 766 διάταξιν,
1180 701 1536 767 ἀπολιπόντες
1591 705 1692 772 τὴν
1731 705 1939 757 ἐαυτῶν

459 807 478 840 ι
520 791 814 857 παροικίαν
865 793 944 855 είς
1004 795 1195 864 ἑτέρας
1248 797 1541 864 παροικίας
1602 798 1940 869 ἐκτρέχουσι,

462 905 481 933 ι
526 883 664 936 κατᾶ
697 883 944 938 πλεῖστον
971 885 1026 939 δὲ
1061 890 1119 941 ἐν
1147 889 1315 960 ταύτῃ
1359 892 1424 960 τῇ
1461 889 1808 960 θεοφυλάκτιμ
1849 893 1944 944 καὶ

459 992 480 1024 ι
526 973 757 1043 βασιλίδι
788 978 964 1040 πόλει,
997 979 1092 1032 καὶ
1112 981 1193 1044 είς
1223 980 1493 1050 ἄρχοντας
1535 982 1940 1052 προσεδρεύου-

462 1085 479 1120 ι
525 1085 631 1129 σιν,
665 1069 724 1121 ἐν
753 1071 866 1132 τοῖς
902 1071 1083 1123 αὐτῶν
1112 1073 1425 1144 εὐκτηρίοις
1469 1073 1568 1138 τὰς
1600 1074 1941 1144 λειτουργίας

457 1181 475 1208 ι
519 1160 830 1224 ποιοῦντεςο
867 1164 1091 1227 τούτους
1119 1166 1287 1235 χωρὶς
1329 1167 1424 1219 τοῦ
1471 1167 1600 1220 ἰδίου
1635 1169 1938 1222 ἐπισκόπου

453 1274 471 1304 ι
515 1254 722 1307 καὶτοῦ
756 1257 1370 1320 Κωνσταντινουπόλεως
1408 1263 1508 1314 οὐκ
1540 1261 1718 1327 ἔξεστι
1749 1263 1943 1333 δεχθῆ-

460 1365 476 1395 ι
525 1364 611 1399 ναι
641 1348 702 1398 ἐν
725 1349 1020 1418 οῐῳδήποτε
1058 1352 1192 1421 οἴκῳ
1238 1353 1270 1423 ἢ
1317 1354 1623 1425 ἐκκλησία·
1654 1357 1702 1407 εἰ
1753 1359 1810 1408 δέ
1857 1374 1943 1415 τις

463 1456 478 1485 ι
522 1436 676 1489 τοῦτο
704 1440 918 1506 ποιήσει
950 1441 1245 1508 ἐπιμένων,
1278 1441 1667 1512 καθαιρείσθω.
1705 1443 1854 1496 Ὅσοι
1885 1442 1943 1495 δὲ

464 1545 484 1577 α
531 1529 648 1596 μετ’
676 1529 930 1596 εἰδήσεως
979 1532 1088 1581 τῶν
1127 1529 1530 1600 προλεχθέντων
1575 1531 1762 1600 ἱερέων
1789 1532 1945 1584 τοῦτο

470 1639 488 1668 ι
535 1620 818 1685 ποιοῦσιν,
869 1621 970 1674 οὐκ
1022 1620 1234 1686 ἔξεστιν
1296 1623 1481 1684 αὐτοῖς
1530 1622 1802 1690 κοσμικὰς
1851 1622 1946 1674 καὶ

463 1732 482 1764 ‹
529 1713 788 1782 βιωτικάς
817 1715 1100 1783 φροντίδας
1129 1715 1624 1781 ἀναλαμϐάνεσθαι,
1654 1714 1730 1777 ὡς
1763 1731 1948 1767 κεκω-

462 1825 480 1854 ‹
521 1805 582 1855 λυ
593 1805 784 1872 μένους
813 1805 970 1858 τοῦτο
1000 1809 1173 1858 ποιεῖν
1200 1807 1349 1875 παρά
1371 1805 1479 1858 τῶν
1495 1805 1653 1859 θείων
1681 1806 1943 1858 κανόνων.

460 1915 480 1946 ε
528 1898 585 1948 Ei
625 1898 681 1951 δέ
714 1914 794 1958 τις
823 1899 1100 1968 φωραθείη
1129 1899 1240 1978 τῶν
1265 1898 1579 1966 λεγομένων
1614 1897 1949 1966 μειζοτέρων
1983 1894 2018 1945 Β

460 2007 480 2040 ι
521 1991 620 2058 τὴν
663 1991 916 2059 φροντίδα
952 1991 1185 2060 ἐπέχων,
1231 1990 1265 2060 ἢ
1315 1989 1694 2059 παυσάσθω,ἢ
1745 1994 1942 2042 καθαι-

465 2098 485 2131 c
529 2080 723 2147 ρείσθω
746 2096 760 2111 ·
779 2081 996 2148 μᾶλλον
1021 2083 1117 2150 μὲν
1142 2076 1236 2135 οὖν
1265 2082 1379 2152 ἦτω
1418 2081 1552 2150 πρὸς
1598 2080 1951 2133 διδασκαλίαν

467 2191 485 2220 ε
524 2171 633 2222 τῶν
661 2188 719 2223 τε
745 2170 948 2222 παίδων
967 2172 1060 2223 καὶ
1081 2170 1189 2223 τῶν
1210 2168 1456 2232 οἰκετῶν,
1483 2166 1948 2233 ἐπαναγινώσκων

467 2282 486 2314 r
531 2263 628 2324 τὰς
667 2264 817 2326 Otia;
849 2263 1101 2332 Γραφάς·
1147 2262 1227 2325 εἰς
1268 2248 1429 2314 τοῦτο
1460 2259 1570 2330 γὰρ
1610 2259 1704 2312 καὶ
1736 2259 1836 2328 τὴν
1871 2259 1948 2310 Ξε-

462 2375 480 2405 r
531 2355 775 2425 ρωσύνην
804 2355 1157 2426 ἐκληρώσατο
1190 2353 1323 2422 (27).
1362 2371 1382 2403 ι

458 2448 653 2501 ΒᾹΛΣ.
675 2447 928 2518 Διάφοροι
959 2447 1179 2508 κανόνες
1209 2445 1474 2499 κωλύουσι
1501 2445 1624 2506 τοὺς
1657 2443 1948 2513 κληρικοὺς

386 2540 823 2610 καταλιμπάνειν
850 2538 949 2601 τὰς
979 2537 1274 2608 παροικίας
1315 2538 1374 2589 ἐν
1405 2531 1490 2598 αἷς
1531 2534 1946 2604 ἐκληρώθησαν,

388 2637 482 2688 καὶ
515 2633 858 2703 μεταϐαίνειν
888 2632 969 2692 εἰς
995 2630 1207 2699 ἐτέρας.
1246 2627 1581 2688 Ἀκολούοως
1619 2628 1712 2682 οὖν
1737 2627 1949 2689 τούτοις

389 2729 482 2780 καὶ
527 2728 556 2778 ό
611 2723 802 2795 παρὼν
851 2721 1032 2777 κανὼν
1068 2720 1363 2792 διορίζεται
1417 2720 1626 2790 μηδένα
1685 2720 1947 2789 κληρικὸν

386 2821 554 2889 χωρὶς
583 2818 674 2872 τοῦ
730 2816 862 2870 ἰδίου
907 2815 1226 2877 ἐπισκόπου,
1281 2815 1402 2884 ἦτοι
1456 2814 1576 2884 δίχα
1617 2812 1949 2879 συπατικῆς

385 2915 484 2968 καὶ
532 2913 865 2981 ἀπολυτικῆς
921 2911 1139 2982 γραφῆς
1185 2909 1351 2963 αὑτοῦ
1387 2910 1418 2981 ἢ
1448 2911 1679 2978 ὁρισμοῦ
1713 2910 1806 2962 τοῦ
1844 2925 1948 2962 πα-

385 3010 643 3078 τριάρχου
717 3004 1377 3067 Κωνσταντινουπόλεως,
1419 3002 1751 3072 ὁπουδήποτε
1801 3001 1949 3070 δέκεο

387 3104 534 3160 σθαι,
564 3101 681 3169 ἦτοι
708 3102 1043 3169 λειτουργεῖν
1076 3101 1158 3159 εἰς
1199 3098 1506 3165 οἱανδήτινα
1561 3095 1856 3166 ἐκκλησίαν
1909 3095 1942 3166 ἦ

1333 403 1413 464 IN
1453 405 1625 469 CAN.
1649 367 1704 465 tt
1738 359 1954 467 horto.
1981 404 2092 467 vn
2122 399 2486 466 (ECUMEN.

2647 511 2874 571 canon
2942 512 3011 568 χ.
3270 577 3274 581 _

2046 612 2310 680 Quoniam
2345 609 2590 667 nonnulli
2621 609 2800 664 clerici
2826 606 3143 663 canonicam
3165 603 3614 660 constitutionem

2126 725 2146 756 ο
2189 703 2741 764 cireumscribcntes,
2790 716 2885 755 sua
2949 699 3132 753 relicta
3188 694 3476 766 parochia,
3543 693 3616 762 in

2129 819 2148 851 ‹
2193 800 2326 851 abas
2356 795 2643 867 parochias
2670 801 2993 854 excurrunt,
3027 804 3080 846 ut
3111 791 3403 861 plurimum
3435 797 3613 841 autem

2121 909 2140 942 ι
2187 891 2241 944 in
2293 891 2392 943 bac
2426 897 2454 942 a
2520 888 2628 942 Deo
2692 885 2962 941 custodita
3014 894 3068 936 et
3121 881 3384 950 imperiali
3440 879 3569 932 urbe
3601 915 3618 940 ,

2125 1003 2144 1034 ι
2188 992 2242 1036 et
2293 997 2413 1037 sese
2464 979 2605 1050 apud
2640 979 2910 1050 principes
2963 978 3167 1038 locant,
3225 973 3371 1028 etin
3423 987 3613 1025 eorum

2128 1094 2146 1128 r
2193 1074 2451 1128 oratoriis
2483 1081 2638 1127 Sacra
2677 1071 2924 1129 faciunt;
2976 1083 3070 1124 eos
3103 1068 3222 1121 sine
3256 1063 3476 1134 proprio
3503 1061 3617 1130 epi-
3700 1101 3707 1122 ,

2124 1185 2144 1219 r
2186 1182 2353 1235 scopo
2381 1173 2432 1220 et
2456 1163 3064 1231 Constantinopolitano
3096 1175 3206 1214 non
3241 1157 3365 1212 licet
3401 1157 3454 1208 in
3485 1169 3622 1222 qua-

2127 1275 2147 1308 ‹
2193 1255 2271 1311 vis
2296 1256 2408 1309 aede
2440 1253 2520 1310 vel
2553 1253 2780 1308 ecclesia
2815 1252 3018 1321 recipi:
3064 1251 3107 1304 si
3142 1248 3272 1318 quis
3306 1255 3485 1299 autem
3520 1244 3626 1298 hoc

2127 1367 2146 1398 ι
2196 1348 2401 1409 fecerit,
2431 1347 2476 1402 si
2514 1353 2845 1416 perseveret,
2883 1344 3190 1412 deponatur
3295 1339 3624 1404 Quicunque

2125 1461 2144 1492 ‹
2192 1455 2318 1495 vero
2345 1456 2468 1492 cum
2493 1439 2875 1509 praedictorum
2903 1435 3244 1491 sacerdotum
3275 1441 3542 1485 consensu
3569 1427 3623 1482 id

2128 1553 2148 1586 ε
2196 1535 2422 1596 faciunt,
2472 1547 2579 1586 non
2629 1531 2754 1584 licet
2811 1530 2890 1584 eis
2937 1543 3098 1582 curas
3133 1525 3426 1581 sa-culares
3457 1512 3523 1577 et
3555 1522 3622 1574 ad

2130 1644 2148 1677 ι
2195 1627 2395 1678 victum
2429 1625 2764 1692 pertinentes
2792 1621 3094 1688 suscipere,
3147 1629 3204 1670 ut
3238 1617 3329 1684 qui
3363 1630 3390 1666 a
3423 1612 3626 1692 divinis

2131 1737 2149 1769 ι
2197 1717 2500 1771 canonibus
2532 1716 2638 1768 'boc
2671 1715 2849 1768 facere
2877 1713 2987 1767 sint
3026 1709 3306 1780 prohibiti.
3398 1685 3461 1760 Si.
3499 1705 3626 1775 quis

2126 1829 2146 1862 ι
2192 1818 2407 1872 autem,
2461 1822 2648 1860 eorum
2699 1805 2790 1875 qui
2846 1804 3104 1858 dicuntur
3154 1801 3412 1868 majores,
3460 1812 3626 1852 cura-

2121 1921 2140 1954 ι
2191 1904 2389 1971 tionem
2422 1901 2664 1952 obtinere
2697 1899 3070 1964 deprehensus
3123 1893 3304 1954 fuerit,
3363 1893 3445 1944 vel
3499 1904 3625 1944 ces-

2125 2013 2143 2045 ι
2191 2003 2296 2058 sel,
2353 1993 2438 2047 vel
2485 1991 2822 2061 deponatur:
2865 1988 3048 2054 potius
3081 1999 3208 2034 vero
3247 1983 3312 2034 atl
3350 1980 3629 2034 docendos

2131 2109 2148 2142 ι
2195 2103 2394 2158 pueros
2439 2094 2496 2142 et
2544 2099 2734 2143 servos
2763 2082 3006 2146 accedat,
3057 2081 3235 2150 legens
3281 2079 3361 2132 eis
3411 2077 3626 2131 divinas

2127 2203 2146 2235 ι
2195 2182 2534 2252 Scripturas.
2624 2177 2707 2235 Ad
2751 2179 2854 2232 hoc
2880 2174 3024 2231 enim
3060 2173 3225 2230 etiam
3255 2167 3624 2228 sacerdotium

2129 2297 2148 2329 ι
2195 2275 2420 2332 sortitus
2449 2281 2558 2330 est.
2599 2291 2620 2326 ι

2122 2459 2314 2514 BALS.
2373 2456 2581 2512 Diversi
2611 2466 2848 2511 canones
2871 2448 3165 2521 prohibent
3196 2444 3429 2501 clericos
3458 2451 3624 2512 paro-

2049 2554 2221 2612 chias,
2268 2553 2322 2604 in
2354 2549 2552 2616 quibus
2584 2549 2636 2602 in
2667 2547 2873 2602 clerum
2913 2540 3071 2596 relati
3108 2545 3256 2605 sunt,
3291 2537 3626 2604 relinquere,

2049 2651 2102 2697 et
2138 2642 2204 2696 ad
2252 2643 2388 2696 alias
2435 2641 2689 2694 transire.
2763 2633 2860 2690 llis
2899 2649 3028 2705 ergo
3057 2637 3457 2700 consequenter
3482 2640 3623 2696 prae-

2050 2751 2176 2792 sens
2227 2750 2444 2805 quoque
2495 2746 2686 2787 canon'
2730 2727 3011 2792 decernit,
3063 2739 3134 2779 ne
3187 2723 3335 2777 ullus
3391 2718 3626 2775 clericus

2049 2828 2256 2896 absque
2301 2818 2524 2896 proprio
2564 2822 2845 2892 episcopo,
2891 2819 2974 2874 vel
3009 2817 3130 2872 sine
3180 2813 3300 2882 ejus
3343 2824 3631 2865 commen-

2047 2919 2260 2973 datoria
2293 2925 2350 2974 et
2393 2913 2700 2972 dimissoria
2728 2910 2958 2982 epistola
2997 2906 3082 2964 vel
3115 2899 3626 2971 Constantinopoli-

2049 3011 2158 3064 tani
2194 3007 2518 3078 patriarcha:
2547 3006 2788 3070 decreto,
2847 3015 3076 3072 usquam
3128 2994 3484 3065 suscipiatur,
3539 2989 3624 3043 vel

2045 3102 2322 3157 ministret
2375 3099 2431 3154 in
2484 3100 2678 3169 quavis
2727 3096 2956 3153 ecclesia
3004 3092 3088 3147 vel
3120 3090 3174 3144 in
3204 3086 3622 3156 magistratuum

387 3196 470 3256 εἰς
531 3194 850 3261 ἀρχοντικὸν
897 3193 1224 3260 εὐκτήριον’
1279 3189 1370 3242 τὸν
1443 3189 1498 3241 δὲ
1557 3188 1709 3257 παρὰ
1771 3188 1947 3240 ταῦτα

2054 3209 2145 3251 seu
2177 3193 2474 3248 ofﬁciorum
2531 3191 2812 3246 oratorio:
2865 3189 2912 3243 is
2948 3195 3128 3241 autem
3162 3179 3253 3252 qui
3291 3187 3487 3248 praeter
3515 3174 3631 3227 hac

387 3289 714 3357 ποιήσαντα,
765 3285 859 3338 καὶ
916 3286 990 3354 μὴ
1025 3285 1434 3353 ὑποστρέφοντα
1482 3283 1564 3357 εἰς
1606 3281 1697 3334 τὸν
1749 3283 1946 3336 οίκείον

387 3354 589 3448 κλῆρον
646 3377 760 3448 μετ’
800 3379 1162 3444 ἐπιφώνησιν,
1192 3354 1597 3444 καθαιρεῖσθαι.
1639 3373 1809 3428 Τοῦτο
1840 3376 1950 3444 γάρ

387 3476 504 3526 ἐστι
533 3474 595 3524 τὸ
627 3470 922 3524 παυσάσθω
955 3469 1064 3535 (28)
1103 3469 1135 3538 ἢ
1170 3467 1655 3538 καθαιρείσθωηΕἰ
1697 3467 1754 3519 δέ
1801 3482 1948 3528 τινες

389 3565 796 3635 ἐκχωρηθέντες
829 3563 982 3633 παρὰ
1017 3563 1126 3616 τῶν
1173 3561 1570 3631 κληρωσάντων
1623 3560 1844 3623 αὐτοὺς,
1877 3559 1948 3612 δι’

388 3655 467 3712 ὧν
495 3658 724 3726 εἴπομεν
771 3655 998 3727 γραφῶν
1027 3655 1059 3726 ἥ
1089 3653 1238 3722 παρὰ
1280 3653 1374 3706 τοῦ
1411 3652 1753 3722 πατριάρχου
1791 3652 1948 3703 Κωνο

393 3749 885 3810 σταντινουπόλεως
930 3747 1008 3808 είς
1066 3745 1256 3813 ἐτέρας
1306 3743 1600 3812 ἐκκλησίας
1646 3742 1950 3811 ἱερουργεῖν

391 3841 663 3908 κοσμικὰς
696 3837 984 3907 φροντίδας
1049 3835 1412 3898 ἀναδέξωνται
1473 3833 1623 3903 παρά
1679 3833 1782 3907 τὴν.
1837 3832 1948 3885 τῶν

392 3903 635 3984 κανόνων
683 3903 1066 3996 περίληψιν,ἥ
1113 3925 1382 3992 γένωνται
1437 3903 1950 3993 μειζότεροι,”όφεί-

389 4025 563 4087 λουσι,
601 4021 742 4090 μετά
786 4022 846 4073 τὸ
879 4018 1212 4088 κωλυθῆναι,
1263 4017 1533 4070 παύεσθαι
1582 4017 1614 4086 ἦ
1674 4015 1954 4085 καθαιρεί-

393 4117 537 4169 σθαι.
568 4115 674 4166 Καὶ
713 4111 782 4164 τά
837 4110 936 4179 μὲν
963 4109 1097 4162 ἄλλα
1140 4110 1208 4161 τὰ
1241 4109 1320 4180 τῷ
1350 4107 1536 4161 κανόνι
1584 4107 1950 4176 περιεχόμενα

393 4212 452 4261 ἐν
491 4206 769 4275 διαφόροις
802 4203 1025 4256 κανόσιν
1061 4200 1428 4269 ἐξηγήθησαν,
1459 4200 1624 4268 ἤγουν
1663 4201 1721 4251 ἐν
1749 4197 1828 4267 τῷ
1880 4199 1947 4263 ιζ’

395 4302 486 4354 καὶ
518 4300 586 4369 ιη’
617 4299 800 4350 κανόνι
843 4297 942 4364 τῆς
976 4296 1032 4346 ἐν
1061 4293 1138 4362 τῷ
1182 4295 1224 4346 Τ
1233 4291 1435 4364 ρούλλῳ
1473 4292 1710 4355 συνόδου,
1765 4289 1842 4360 τῷ
1883 4293 1956 4357 ιγ’

395 4395 490 4447 καὶ
542 4388 624 4458 κγ’
663 4391 762 4458 τῆς
816 4390 874 4442 ὲν
917 4386 1222 4456 Χαλκηδόνι
1272 4385 1514 4448 συνόδου,
1574 4383 1670 4436 καὶ
1721 4383 1952 4455 ἑτέροις.

405 4485 540 4539 ’Ᾱπδ
582 4483 639 4536 δὲ
661 4482 757 4535 τοῦ
789 4480 1054 4550 παρόντος
1086 4480 1307 4541 κανόνος
1339 4477 1646 4547 σημείωσαι
1689 4478 1747 4529 ἐν
1781 4474 1952 4547 ῥητῷ,

2051 3287 2265 3348 fecerit,
2317 3292 2373 3340 et
2421 3283 2477 3338 in
2527 3279 2810 3352 proprium
2864 3279 3067 3334 clerum
3117 3287 3224 3328 non
3259 3266 3482 3324 redierit
3507 3271 3628 3333 post

2054 3373 2554 3437 denuntiationem,
2609 3371 2934 3440 deponatur.
3023 3363 3137 3419 Hoc
3165 3361 3309 3416 enim
3355 3355 3629 3427 signiﬁcat

2055 3467 2208 3528 illud,
2244 3464 2340 3520 Vel
2396 3472 2573 3519 cesset
2621 3463 2705 3518 vel
2762 3461 3088 3530 deponatur.
3168 3453 3224 3508 Si
3276 3450 3370 3520 qui
3421 3455 3627 3508 autem.

2056 3560 2272 3628 quibus,
2328 3558 2394 3612 ab
2447 3556 2513 3611 iis
2559 3555 2648 3626 qui
2701 3555 2753 3607 iu
2787 3555 2988 3607 clerum
3022 3550 3142 3604 illos
3171 3545 3449 3599 retulerun
3480 3579 3495 3603 ,
3531 3553 3630 3622 per

2055 3666 2148 3704 cas
2180 3665 2316 3718 quas
2345 3648 2583 3703 diximus
2636 3647 2869 3708 litteras,
2923 3643 3004 3694 vel
3056 3657 3081 3692 a
3141 3636 3449 3708 patriarcha
3485 3633 3631 3685 Con.

2056 3741 2569 3810 stantinopolitano,
2622 3740 2675 3793 in
2725 3739 2829 3791 alia
2883 3735 3110 3791 ecclesia
3159 3747 3315 3785 sacra
3345 3728 3628 3784 celebrare

2011 3851 2022 3867 '
2061 3835 2388 3906 permissum
2422 3841 2528 3894 est,
2573 3831 2868 3884 saeculares
2906 3827 3215 3881 curationes
3264 3816 3630 3889 susceperint,

2056 3935 2247 3983 contra
2274 3942 2338 3981 ac
2364 3925 2664 3979 canouibus
2714 3922 3046 3983 continetur,
3105 3917 3187 3970 vel
3234 3914 3465 3980 majores
3499 3908 3629 3961 lacti

2056 4021 2292 4084 iuerint,
2345 4025 2636 4088 postquam
2686 4013 2943 4085 prohibiti
2990 4019 3140 4073 sunt,
3192 4019 3404 4061 cessare
3429 4001 3630 4057 debent

2058 4116 2140 4168 vel
2197 4110 2414 4182 deponi.
2481 4109 2659 4178 Atque
2707 4107 2810 4162 alia
2859 4104 3100 4175 quidem,
3151 4113 3270 4168 qua:
3319 4097 3374 4150 in
3421 4106 3630 4148 canone

2059 4203 2618 4274 comprehenduntur,
2681 4200 2738 4253 in
2787 4196 3018 4253 diversis
3053 4191 3351 4248 canonibus
3379 4187 3627 4256 exposita

2059 4306 2210 4360 sunt,
2267 4297 2476 4353 scilicet
2505 4295 2559 4348 in
2594 4308 2718 4348 can.
2751 4293 2815 4346 l7
2856 4297 2910 4343 et
2940 4288 3027 4350 18,
3059 4300 3189 4356 syn:
3219 4283 3271 4336 in
3303 4279 3509 4342 Trullo,
3561 4275 3628 4329 15

2059 4403 2114 4448 et
2157 4391 2228 4446 25
2269 4387 2524 4443 Chalced.
2579 4401 2700 4457 syn.
2748 4394 2803 4438 et
2853 4384 2907 4438 in
2956 4381 3098 4435 aliis.
3183 4377 3258 4430 Ex
3314 4375 3414 4428 hoc
3445 4380 3626 4426 autem

2031 4475 2347 4556 praesentis
2394 4480 2623 4536 canonis
2676 4484 2932 4531 contextu
2986 4481 3136 4535 nota,
3193 4468 3338 4538 quod
3377 4466 3478 4521 soli
3536 4479 3629 4531 pa-

390 4579 472 4629 ὅτι
501 4574 650 4645 μόνῳ
677 4573 752 4642 τῷ
783 4569 1096 4640 πατριάρχῃ
1144 4567 1770 4629 Κωνσταντινουπόλεως
1802 4569 1950 4634 ἐφεῖ-

2061 4555 2311 4632 ινίοιςιιω
2328 4566 2931 4645 Constantinopolitano
2950 4563 3274 4633 permissum
3297 4566 3379 4612 est
3402 4555 3630 4609 clericos

394 4685 486 4720 ται
515 4663 812 4736 κληρικοὺς
851 4661 1172 4732 ἀλλοτρίους
1200 4659 1470 4730 δέχεσθαι,
1518 4660 1615 4713 καὶ
1656 4660 1781 4730 δίχα
1813 4661 1952 4712 ἀπο-

399 4758 620 4828 λυτικῆς
677 4756 895 4828 γραφῆς
939 4753 1033 4807 τοῦ
1074 4753 1546 4823 χειροτονήσαντος
1597 4752 1815 4814 αὐτοὺς,
1860 4750 1954 4803 ἐὰν

392 4854 531 4914 τέως
576 4844 720 4904 οὗτοι
754 4848 972 4920 γραφὰς
1025 4847 1425 4918 ἐπιφέρωνται,
1481 4844 1819 4908 συνιστὼσας
1871 4845 1952 4897 ὅτι

393 4943 880 5014 ἐχειροτονήθησαν
930 4942 964 5011 ἢ
1017 4939 1434 5010 ἐκληρώθησαν.
1464 4938 1624 4992 ’Ὅθεν
1670 4938 1763 4990 καὶ
1804 4936 1951 4989 ἐνδυνα

392 5041 602 5108 νάμως,
633 5039 708 5103 ὡς
761 5038 883 5106 ἐμοὶ
931 5037 1098 5097 δοκεῖ,
1130 5034 1438 5103 ἐκχωρήσει
1470 5033 1496 5084 ὁ
1531 5031 1671 5084 κατὰ
1720 5029 1948 5100 καιροὺς

389 5132 696 5199 ἁγιώτατος
751 5130 1118 5200 πατριάρχης,
1150 5128 1244 5180 καὶ
1292 5128 1320 5179 ὁ
1355 5123 1698 5195 χαρτοφύλαξ
1757 5123 1946 5188 αὐτοῦ,

2062 4671 2268 4723 alienos
2317 4662 2474 4734 301
2539 4646 2854 4728 suscipere,
2905 4657 3072 4710 etiam
3133 4653 3252 4708 sine
3305 4646 3630 4704 ditnissoriis

2063 4759 2253 4813 litteris
2296 4755 2414 4823 ejus
2469 4749 2562 4821 qui
2615 4748 2764 4817 ipsos
2809 4744 3102 4805 ordinavit,
3154 4743 3198 4796 si
3231 4738 3391 4793 modo
3423 4737 3629 4790 litteras

2059 4843 2530 4904 commendatitias
2574 4837 2874 4902 attulerint,
2931 4837 3128 4904 quibus
3168 4851 3231 4889 se
3260 4832 3544 4887 ordinatos
3578 4837 3625 4880 et

2058 4941 2292 4995 clericos
2337 4952 2458 4990 esse
2496 4935 2744 5004 probent.
2797 4931 3160 4998 Quamobrem
3215 4928 3338 4990 rite,
3386 4934 3445 4978 ut
3495 4923 3626 4976 mihi

2059 5033 2293 5095 videtur,
2352 5028 2613 5083 concedet
2660 5025 3040 5080 sanctissimus
3082 5035 3180 5091 pro
3233 5029 3479 5085 tempore
3534 5031 3625 5085 pa-

2053 5122 2320 5187 triarcha,
2376 5130 2430 5176 et
2479 5123 2594 5192 ejus
2642 5115 3051 5186 chartophylax,
3106 5113 3286 5166 alieno
3331 5108 3531 5164 clerico
3574 5107 3627 5159 in

1605 5239 1795 5302 Guill.
1829 5238 2150 5319 Bcveregii
2188 5244 2374 5299 nota).

463 5369 598 5436 (‘27),
634 5369 752 5436 Τὴν
812 5370 1148 5434 ἱερωσύνην
1205 5363 1710 5433 ὲκληρώσατο..1η
1768 5363 1956 5436 codice

395 5434 711 5497 Bodleiano.
767 5440 906 5492 inter
971 5442 1084 5492 hwc
1141 5437 1328 5489 ultima
1397 5437 1630 5490 canonis
1685 5434 1843 5488 verba
1900 5442 1952 5485 et

395 5509 735 5562 Balsamonis
768 5510 1292 5576 interpretationem,
1333 5507 1445 5560 haec
1496 5515 1772 5572 ponuntur
1804 5521 1818 5557 :
1847 5504 1949 5570 Ση-

394 5582 631 5651 μείωσαι
654 5581 710 5632 ἐν
737 5579 885 5648 ῥητῷ
933 5578 1110 5651 ὁτιτῷ
1155 5577 1466 5651 πατριάρχης]
1511 5577 1950 5651 Ιςωνσταντινου-

393 5645 604 5711 πόλεως
628 5645 837 5718 ἐφεῖται
858 5645 1112 5718 δέχεσθαι
1142 5645 1463 5716 κληρικοὺς
1486 5645 1784 5718 ἀλλοτρίων
1829 5645 1944 5718 ἐνο-

394 5722 530 5790 ριεῖδν
564 5713 710 5788 παρά
766 5713 988 5790 γνώμην
1028 5713 1696 5790 Δτῶνχειροτονησάντων
1747 5713 1940 5772 αὐτοὺς

395 5783 730 5842 ἐπισκόπων.
775 5783 1065 5854 Ἃνάγνωθι
1110 5783 1330 5839 καὶητδν
1379 5783 1444 5838 νε⁹
1478 5783 1482 5784 ν
1525 5785 1723 5836 κανόνα
1752 5783 1850 5849 τῆς
1878 5785 1936 5831 ἐν

397 5859 728 5930 Καρῧαγένῃ
789 5853 1004 5912 συκόδου
1065 5855 1510 5926 φιλοτιμούμενον
1584 5856 1645 5906 τὸ
1697 5853 1934 5909 τοιοῦτον

2063 5360 2358 5431 προνόμιον
2428 5357 2522 5410 καὶ
2578 5353 3166 5431 ἄλλαις-ἐκκλησίαις.
3229 5347 3378 5428 Hanc
3418 5349 3622 5431 autem

2063 5419 2420 5498 tn'argi'nalem
2499 5436 2707 5479 tantum
2778 5419 3225 5498 fuisse'uotam,
3285 5419 3337 5498 in
3418 5422 3624 5498 textum

2060 5491 2422 5568 (lescriptiiris
2465 5497 2674 5549 incuria
2712 5494 2986 5568 tralatam,
3037 5494 3214 5546 cuivis
3245 5497 3429 5557 patet;
3464 5495 3524 5536 ut
3570 5491 3626 5536 et

2055 5586 2176 5625 eam
2215 5566 2279 5624 ei
2312 5569 2650 5620 Balsamonis
2684 5566 2909 5618 scholiis
2935 5566 3276 5627 desumptani
3309 5571 3453 5610 esse.

2126 5623 2236 5711 (98)
2274 5638 2458 5711 Τοῦτο
2627 5636 2758 5688 ἐστι
2794 5635 2858 5711 τό
2894 5623 3266 5711 narratio-00)..
3303 5627 3520 5711 llertius
3563 5623 3621 5711 in

2052 5691 2241 5765 codice
2273 5691 2707 5762 Atnerba'cliiann
2762 5707 2973 5769 legitur,
3001 5705 3033 5774 ἢ
3091 5699 3391 5774 παυσάσθω
3418 5691 3625 5774 ἤικαο-

2045 5780 2324 5849 αιρεῑσθω.
2366 5776 2575 5844 Quippe
2603 5791 2722 5843 qua:
2782 5766 2904 5828 sunt
2939 5766 3051 5844 ipsa
3094 5772 3321 5827 canonis
3368 5766 3534 5823 verba
3583 5776 3618 5824 ἃ

2047 5851 2363 5906 Balsautone
2393 5856 2479 5901 hic
2511 5861 2787 5914 exposita.
