4074 6214
380 331 481 387 9'2"

384 530 537 596 prius
565 538 617 582 et
644 529 797 581 iidem
828 542 980 580 suam
1005 536 1061 579 et
1085 526 1189 579 alia
1217 528 1485 595 qumdam,
1512 547 1571 580 ac
1601 529 1652 581 in
1689 530 1755 583 iis
1781 530 1945 583 etiam

385 637 575 676 sacros
614 636 641 673 a
684 635 743 673 se
773 634 1016 674 canones
1048 621 1345 673 servandos
1379 623 1502 674 data
1540 622 1662 685 ﬁde,
1704 622 1948 691 proﬁteri

386 714 582 767 solent.
634 710 769 763 Hine
810 711 973 777 igitur
1004 720 1107 774 est,
1142 714 1284 779 quod
1326 713 1425 765 hoc
1462 714 1580 767 loco
1614 714 1800 768 Patres
1831 732 1951 769 om-

388 805 537 856 nium
590 816 649 855 se
688 800 999 853 divinorum
1058 816 1324 854 canonum
1370 802 1630 873 obannio
1684 806 1952 874 obligatos

386 910 509 948 esse
543 894 919 960 pronuntiant.
950 890 1084 943 Cum
1124 908 1252 960 ergo
1286 893 1545 962 vigesimo
1577 908 1725 948 sexm
1756 898 1950 965 synodi

387 986 850 1039 Chalcedonensis
882 998 1091 1037 canone
1119 985 1473 1037 constitutum
1511 986 1603 1045 sit,
1640 995 1695 1037 ut
1721 988 1772 1039 in
1812 1003 1951 1055 qua-

388 1092 601 1145 cunque
627 1074 854 1128 ecclesia
884 1075 952 1126 sit
990 1074 1305 1141 episcopus,
1338 1091 1397 1128 ea
1435 1090 1777 1129 mconomum
1817 1096 1958 1149 quo-

388 1185 491 1237 que
531 1184 595 1221 ex
642 1168 886 1235 ejusdem
929 1167 1171 1220 ecclesiae
1219 1168 1363 1221 clero
1412 1168 1682 1220 delectum
1739 1170 1957 1237 habeat,

390 1276 548 1329 aquo
580 1276 643 1314 ex
670 1259 913 1327 episcopi
952 1258 1031 1312 sui
1066 1262 1334 1312 sententia
1363 1260 1751 1313 ecclesiastica:
1780 1260 1955 1315 facul-

394 1364 530 1407 tates
584 1352 1071 1413 administrentur;
1127 1352 1268 1403 hunc
1302 1367 1516 1419 quoque
1568 1367 1834 1405 canouem
1892 1352 1961 1407 de

390 1456 682 1496 mronomo
751 1443 803 1494 in
867 1455 1192 1509 unaquaque
1270 1443 1500 1497 ecclesia
1575 1444 1963 1497 constituendo

394 1534 587 1603 synodi
657 1533 821 1601 hujus
874 1532 1061 1586 Patres
1108 1535 1431 1587 servandum
1485 1549 1607 1588 esse
1661 1535 1961 1589 declarant.

393 1630 470 1679 Ac
500 1625 544 1679 si
579 1624 797 1694 quidem
822 1664 837 1687 ,
872 1624 1147 1693 inquiunt,
1205 1639 1549 1677 teconomum
1579 1625 1825 1679 ecclesiae
1855 1641 1967 1680 suae

394 1718 626 1783 quisque
672 1715 960 1784 episc0pus
998 1716 1386 1784 designaverit,
1418 1715 1556 1770 bene
1584 1726 1666 1769 est
1715 1733 1730 1769 :
1764 1732 1953 1783 verum

397 1808 440 1859 si
504 1807 557 1860 id
610 1823 718 1860 non
776 1806 1007 1869 fecerit,
1064 1806 1677 1878 Constantinopolitano
1738 1809 1955 1878 prmsuli

399 1899 736 1963 auctoritate
757 1898 994 1967 propria,
1030 1898 1131 1951 hoc
1179 1907 1285 1962 est,
1318 1914 1413 1967 pro
1445 1900 1672 1953 arbitrio
1700 1909 1753 1953 et
1804 1911 1959 1968 pote-

397 1999 557 2055 state,
588 2006 931 2046 mconomum
971 1991 1021 2043 in
1053 1990 1312 2058 subjectis
1362 1991 1464 2045 sibi
1510 1992 1768 2045 videlicet
1796 1992 1963 2047 eccle-

399 2084 497 2140 siis
532 2084 898 2137 constituendi
927 2080 1016 2151 jus
1047 2097 1179 2141 esse.
1202 2082 1521 2136 decernunt.
1552 2083 1689 2137 Tum
1716 2084 1961 2138 eamdem

401 2176 833 2245 metropolitauis
881 2189 1100 2244 Quoque
1150 2174 1203 2226 in
1262 2174 1689 2242 episcoporum,
1749 2176 1840 2243 qui
1896 2176 1964 2229 ab

399 2267 531 2333 ipsis
562 2278 837 2327 creantur,
866 2267 1119 2335 parmciis
1157 2268 1403 2321 tribuunt
1438 2268 1774 2321 facultatem.
1807 2267 1956 2322 idem

399 2358 558 2410 etiam
602 2358 654 2411 in
694 2357 1042 2412 monasteriis
1088 2358 1295 2411 servari
1341 2358 1558 2425 jubent.
1610 2357 1808 2411 Verum
1849 2360 1962 2412 haec

406 2453 457 2502 in
494 2449 645 2503 libris
676 2460 892 2503 exstare
925 2449 993 2502 sit
1024 2449 1158 2502 satis
1182 2487 1197 2511 ,
1232 2450 1377 2516 quod
1412 2452 1477 2501 ad
1544 2452 1839 2512 nonnullos
1900 2450 2120 2521 quidem
2190 2452 2440 2509 homines
2521 2458 2735 2513 attinet.

405 2541 584 2605 sandi,
616 2556 791 2609 neque
820 2540 869 2593 id
903 2548 1049 2594 certe
1080 2538 1191 2591 licri
1226 2541 1375 2594 salva
1412 2542 1671 2611 aequitate
1700 2549 1895 2611 potest.

474 2632 703 2689 ARlST.
743 2636 860 2689 t'Si
898 2638 1351 2707 mctmpolitanus
1402 2636 1718 2704 metrOpolis
1747 2651 1972 2690 oecono-

415 2748 432 2779 ι
479 2746 624 2781 mutu
660 2745 767 2781 non
816 2728 1206 2798 designaverit,
1238 2729 1485 2796 designet
1538 2720 1885 2801 patriarcha;
1930 2728 1974 2782 si

412 2838 431 2870 σ
475 2819 767 2888 episcopus
798 2818 899 2872 hoc
930 2834 1034 2872 non
1065 2818 1271 2882 fecerit,
1305 2818 1471 2871 faciat
1500 2818 1971 2886 mctropolitauus:

414 2929 433 2961 ι
475 2920 532 2965 ιιι
560 2911 733 2965 visum
783 2918 863 2964 cst
920 2912 1168 2966 Pattibus
1215 2912 1560 2966 Chalcedone
1613 2911 1979 2981 congregatis.

416 3023 434 3054 ι
476 3002 619 3057 Idem
655 3012 707 3056 et
737 3005 790 3056 in
826 3004 1171 3056 monasteriis
1207 3013 1473 3057 servetur.
1513 3021 1531 3054 ι

486 3097 539 3151 In
571 3082 894 3167 unaquaque
912 3096 1144 3151 ρετιτιεείο
1169 3112 1509 3151 oeconomum
1537 3113 1567 3149 e
1596 3099 1816 3166 proprio
1838 3097 1984 3151 clero

414 3206 535 3245 csse
565 3198 817 3260 oportet,
863 3189 952 3258 qui
986 3189 1141 3256 juxta
1176 3188 1415 3258 episcopi
1461 3189 1779 3243 sententiam
1813 3189 1985 3242 eccle-

418 3285 635 3340 siastica
668 3286 881 3354 negotia
914 3284 1297 3337 administrare
1319 3268 1497 3337 debet.
1524 3282 1988 3349 Quemadmodum

417 3374 713 3433 vicesimus
738 3385 925 3430 sextus
958 3375 1150 3447 syntuii
1185 3374 1642 3429 Chalcedonensis
1664 3390 1839 3428 canon
1876 3383 1991 3438 sta-

421 3471 545 3524 tuit.
588 3471 642 3525 Si
670 3470 760 3539 qui
789 3480 966 3523 autem
992 3468 1370 3537 episcoporum
1400 3483 1493 3535 per
1528 3483 1585 3521 se
1619 3467 1765 3535 ipsos
1788 3483 1847 3519 ea
1882 3465 2001 3519 ad-'

423 3563 735 3617 ministrare
766 3561 930 3615 velint
958 3579 972 3614 :
1004 3562 1056 3613 in
1097 3560 1485 3628 metropolibus
1510 3558 1728 3626 quidem
1757 3558 1986 3627 patriar-

425 3656 523 3706 cha
560 3667 902 3707 (economum
936 3650 1216 3721 prmfcret;
1257 3651 1307 3703 in
1359 3650 1764 3719 episcopalibus
1810 3658 1987 3703 autem

427 3746 542 3799 suis
575 3744 1043 3814 metropolitanus.
1074 3744 1135 3798 At
1172 3744 1273 3815 hoc
1308 3744 1446 3799 idem
1487 3744 1611 3810 erit,
1668 3753 1719 3797 et
1774 3743 1825 3797 in
1878 3759 1995 3795 mo-

428 3838 683 3893 nasteriis
707 3854 828 3908 qum
858 3854 966 3892 non
1010 3837 1213 3891 habent
1252 3851 1591 3902 oeconomos,
1626 3836 1993 3892 observatum.

916 4018 1075 4090 303
1120 4015 1349 4071 CANON
1387 4017 1502 4071 xu.

434 4133 453 4161 ο
496 4114 550 4168 Si
588 4113 710 4181 quis
749 4114 1064 4184 episcopus,
1104 4114 1185 4168 vel
1226 4114 1543 4167 monasterii
1597 4113 1889 4184 prmfectus
1931 4128 1997 4166 ex

506 4227 523 4256 ι
566 4208 830 4275 episcopii
894 4207 977 4260 vel
1032 4207 1354 4261 monasterii
1407 4207 1549 4273 agris
1630 4206 1681 4259 in
1736 4206 1999 4275 principis

506 4320 522 4349 ι
569 4298 801 4365 alicujus
851 4312 1048 4355 manus
1100 4299 1362 4361 alienare,
1413 4300 1496 4352 vel
1549 4298 1704 4351 alteri
1756 4313 2000 4367 persona:

507 4409 525 4440 ι
573 4391 787 4442 tradere
824 4390 1204 4459 deprehensus
1238 4389 1425 4454 fuerit,
1461 4389 1611 4441 irrita
1645 4389 1716 4443 sit
1757 4389 1997 4453 traditio,

508 4499 525 4530 ι
570 4490 627 4533 ut
684 4490 997 4534 sanctorum
1052 4492 1229 4551 apost.
1269 4481 1383 4534 vult
1426 4496 1623 4544 canon,
1670 4482 1759 4550 qui
1818 4482 1950 4535 dicit
1982 4502 1994 4536 :
2022 4507 2071 4566 ι)

506 4592 523 4623 ι
564 4572 813 4627 Omnium
849 4589 1024 4628 rerum
1074 4574 1557 4628 ecclesiasticarum
1608 4577 1876 4644 episcopus
1909 4593 2000 4628 cu-

502 4680 530 4713 ‘c
575 4679 693 4716 ram
728 4673 900 4731 gerat,
930 4672 977 4717 et
1000 4681 1061 4718 ea
1094 4664 1431 4716 administret
1488 4671 1739 4733 tanquam
1770 4663 1877 4717 Deo
1920 4666 2000 4717 in-

517 4776 531 4806 1
576 4764 769 4809 tuente.
805 4753 883 4809 Ne
914 4754 1075 4809 liceat
1124 4762 1304 4809 autem
1359 4754 1653 4824 quidquam
1694 4770 1755 4809 ex
1788 4756 1868 4811 eis
1897 4757 1999 4811 sibi

516 4874 532 4899 ο
578 4846 885 4911 vendicare,
924 4847 1010 4899 vel
1045 4846 1282 4915 propriis
1309 4846 1575 4914 cognatis,
1608 4862 1727 4914 qua:
1761 4844 1849 4900 Dei
1877 4854 2001 4901 sunt

510 4963 529 4995 ι
572 4941 792 5011 elargiri
837 4958 852 4996 :
889 4941 933 4996 si
968 4942 1076 4994 sint
1128 4951 1306 4993 autem
1358 4954 1641 5009 pauperes,
1699 4947 1754 4992 ut
1801 4954 2002 5008 paupe-

511 5057 528 5084 ι
575 5036 727 5089 ribus
781 5032 1127 5103 suppeditet;
1184 5033 1278 5085 sed
1330 5046 1437 5085 non
1498 5046 1684 5085 eorum
1737 5038 2001 5101 praetextu

516 5152 532 5179 α
574 5146 660 5184 res
684 5129 778 5183 Dei
810 5128 1105 5184 venundet.
1133 5126 1189 5180 Si
1236 5142 1363 5181 vero
1387 5126 1770 5180 detrimentum
1806 5124 2005 5180 aﬂ‘erre

516 5242 532 5271 ε
573 5232 888 5285 causentur,
931 5234 1033 5274 nec
1058 5219 1355 5289 quidquam
1387 5233 1451 5271 ex
1490 5232 1622 5286 agro
1654 5216 2007 5270 emolumenti

518 5332 532 5362 ι
577 5312 781 5381 percipi
835 5330 848 5365 :
903 5327 972 5367 ne
1025 5312 1105 5365 sic
1160 5310 1378 5381 quidem
1440 5308 1847 5378 magistratibus
1915 5317 2009 5361 aut

519 5425 536 5453 ι
578 5403 938 5474 principibus,
964 5404 1055 5474 qui
1085 5413 1215 5459 sunt
1253 5403 1305 5457 in
1339 5418 1404 5458 eo
1430 5402 1570 5467 loco,
1600 5401 1689 5455 det
1720 5399 2002 5470 prtedium,

522 5516 537 5543 σ
584 5496 675 5548 sed
728 5494 946 5549 clericis
1006 5496 1088 5547 vel
1142 5494 1416 5565 agricolis.
1465 5492 1559 5547 Siti
1597 5503 1775 5547 autem
1828 5491 2004 5560 aliqua

523 5605 538 5635 ι
584 5587 827 5654 improba
859 5587 1157 5640 calliditate
1185 5596 1429 5650 utantur,
1460 5596 1511 5641 et
1548 5587 1615 5638 ab
1658 5585 1891 5655 agricola
1922 5584 2007 5637 vel

527 5700 544 5733 ι
588 5678 788 5731 clerico
816 5694 1003 5746 agrum
1031 5694 1234 5746 praeses
1272 5680 1351 5733 vel
1402 5679 1755 5748 magistratus
1787 5677 2005 5739 eruerit,

530 5794 546 5825 ι
592 5773 669 5826 sic
702 5786 917 5839 quoque
951 5770 1099 5823 irrita
1127 5771 1195 5823 sit
1226 5770 1481 5835 venditio,
1524 5779 1579 5826 ct
1622 5769 1897 5839 cpiscopio
1927 5770 2007 5825 vel

938 340 957 379 ᾧ
1626 326 1906 386 TilEOD.
1958 325 2356 385 BALSAMUN

456 435 704 491 ZONAR.
739 434 1018 489 Antistites
1039 434 1473 505 quandocunque
1520 439 1739 491 creandi
1790 447 1941 499 sunt,

2118 434 2359 489 ΖΩΝΑΡ.
2403 436 2466 487 Oi
2524 434 2806 503 ἀρχιερεῖς
2855 449 2960 503 προ
3005 432 3099 486 τοῦ
3163 432 3622 504 χειροτονηθῆναι

1997 1778 2045 1834 Β

3512 321 3617 383 923

2058 528 2443 597 ἁσφαλὶζονται
2463 528 2559 579 καὶ
2589 527 2832 596 περὶτῆς
2862 527 3098 588 πίστεως
3125 527 3220 579 καὶ
3271 527 3401 595 περὶ
3424 526 3625 580 ἄλλων·

2053 621 2191 689 μετὰ
2252 621 2358 672 τῶν
2393 619 2569 672 ἄλλων
2610 619 2665 671 δὲ
2708 622 2801 671 καὶ
2840 619 2919 671 ὅτι
2962 618 3257 686 φυλάξουσι
3285 620 3413 681 τοὺς
3442 620 3625 686 ἱεροὺς

2053 711 2306 774 κανόνας.
2337 712 2433 763 Διὰ
2483 710 2639 763 τοῦτο
2671 708 2761 765 οὖν
2814 711 3069 778 λέγουσιν
3102 711 3153 762 oi.
3198 709 3440 778 Πατέρες
3480 704 3632 763 οὗτοι

2054 805 2134 855 ὅτι
2167 802 2417 873 ὑπόχρεῴ
2444 804 2613 875 ἐσμεν
2647 804 2854 865 πάντας
2876 802 3003 863 τοὺς
3045 802 3225 863 θείους
3264 804 3496 860 κανόνας
3523 818 3627 867 φυ-

2054 896 2286 951 λάττειν.
2330 896 2485 948 Ἐπεὶ
2530 896 2709 947 τοίνυν
2748 897 2843 947 καὶ
2870 898 2896 949 ὀ
2947 902 3041 960 κς¹
3080 896 3181 963 τῆς
3221 897 3281 947 ἐν
3320 896 3633 963 Χαλκηδόνι

2060 988 2241 1040 κανὼν
2282 988 2450 1057 ὥρισε
2485 988 2665 1039 πᾶσαν
2710 986 3009 1055 ἐκκλησίαν
3052 986 3353 1039 ἐπίσκοπον
3398 986 3635 1054 ἔχουσαν

2059 1079 2153 1131 καὶ
2182 1080 2464 1147 οἰκονόμον
2488 1078 2628 1147 ἔχειν
2652 1080 2713 1131 ἐκ
2736 1078 2828 1131 τοῦ
2852 1078 2981 1131 ἰδίου
3004 1079 3209 1147 κλήρου
3242 1078 3637 1147 οἰκονομοῦντα

2059 1170 2125 1222 τὰ
2150 1170 2579 1237 ἐκκλησιαστικὰ
2610 1171 2753 1223 κατὰ
2776 1170 3004 1239 γνώμην
3028 1170 3123 1222 τοῦ
3147 1170 3277 1223 ἰδίου
3307 1173 3633 1222 ἐπισκόπου·

2063 1263 2223 1327 φασιν
2246 1264 2291 1312 οἱ
2312 1263 2412 1328 τῆς
2439 1262 2655 1313 συνόδου
2682 1262 2890 1331 ταύτης
2918 1248 3315 1330 ὄτίφυλὰττειν
3350 1261 3639 1330 ὀφείλομεν

2064 1353 2159 1403 καὶ
2188 1353 2281 1403 τὸν
2310 1353 2512 1403 κανόνα
2536 1352 2626 1403 τὸν
2659 1353 2888 1420 λέγοντα
2930 1354 3213 1421 οἰκονόμον
3243 1352 3386 1405 εἶναι
3423 1356 3480 1405 ἐν
3505 1355 3640 1405 ἑκὰ-

2067 1458 2168 1514 στῃ
2204 1444 2493 1514 ἐκκλησίᾳ.
2531 1444 2642 1497 Καὶ
2680 1447 2727 1497 εἰ
2774 1446 2871 1512 μὲν
2902 1447 3132 1507 ἕκαστος
3166 1447 3469 1506 ἐπίσκοπος
3505 1464 3645 1513 προ-

2072 1537 2330 1591 ὁὰλλεται
2371 1538 2657 1606 οἰκονόμον
2691 1538 2788 1603 τῆς
2833 1537 2969 1599 ἰδίας
3000 1537 3320 1606 ἐκκλησίας,
3370 1538 3558 1590 ἔσται’
3596 1541 3645 1591 εἰ

2067 1628 2123 1681 δέ
2167 1629 2241 1700 μὴ
2278 1632 2423 1681 ποιεῖ
2452 1628 2626 1690 τοῦτο,
2657 1628 2734 1696 τῷ
2758 1630 3396 1691 Κωνσταντινουπόλεως
3438 1630 3646 1683 διδόασι

2074 1719 2368 1790 προνόμιον
2425 1720 2869 1793 προχειρίζεσθαι
2915 1720 3205 1787 οἰκονόμον
3254 1722 3311 1785 ἐξ
3352 1721 3647 1785 αὑθεντίας

2076 1813 2235 1876 ἰδίας,
2284 1812 2452 1881 ἦγουν
2483 1812 2598 1880 μετ’
2653 1810 2924 1875 ἐξουσίας,
2966 1814 3024 1865 ἐν
3075 1814 3199 1875 ταῖς
3245 1813 3648 1882 ὑποκειμέναις

2068 1904 2217 1973 αὑτῷ
2241 1903 2444 1974 δηλαδὴ
2479 1903 2817 1972 ἐκκλησίαις.
2869 1904 3114 1974 Ὀμοίως
3161 1906 3217 1958 δὲ
3250 1907 3347 1957 καὶ
3381 1910 3497 1969 τοῖς
3540 1925 3647 1977 μη-

2072 1996 2421 2066 τροπολίταις
2471 1997 2528 2048 ἐν
2584 1999 2703 2059 ταῖς
2758 1997 3054 2065 ἐπαρχίαις
3120 1997 3228 2050 τῶν
3282 1998 3414 2067 παρ’
3468 2001 3653 2052 αὐτῶν

2073 2085 2566 2155 χειροτονουμένων
2598 2086 2923 2156 ἀρχιερέων.
2954 2084 3101 2139 Αὑτδ
3128 2086 3414 2141 κελεύουσι
3448 2091 3623 2155 φυλάτ

2070 2174 2258 2227 τεσθαι
2293 2175 2387 2227 καὶ
2417 2176 2511 2227 ἐπὶ
2554 2176 2665 2244 τῷν
2699 2177 3101 2245 μοναστηρίων.
3162 2177 3322 2230 Ἀλλὰ
3356 2179 3529 2233 ταῦτα
3597 2184 3656 2234 ἐν

2072 2266 2408 2336 γράμμασιν
2438 2268 2561 2321 ὅσον
2593 2269 2730 2330 τέως
2764 2268 2911 2337 παρά
2940 2285 3105 2323 τισιν.
3136 2270 3271 2323 om
3298 2271 3406 2342 γὰρ
3435 2275 3658 2326 πάντων

2078 2360 2485 2430 κατηγορητέον
2511 2375 2525 2389 ⁸
2563 2360 2684 2413 οὑδέ
2717 2360 2823 2430 γὰρ
2854 2359 3087 2413 δίκαιον.

2811 2453 2999 2522 Neque
3068 2456 3211 2509 enim
3260 2472 3453 2514 omnes
3497 2474 3659 2515 accu-

2076 2632 2301 2687 ΔΡΙΣΤ.
2387 2652 2405 2684 ι
2437 2633 2543 2686 Τοῦ
2583 2634 2982 2705 μητροπολίτου
3024 2638 3097 2706 μὴ
3137 2638 3416 2701 ποιοῦντος
3452 2642 3657 2694 οἰκονό-

2162 2744 2182 2776 ‹
2228 2743 2327 2795 μον
2354 2726 2455 2792 τῆς
2493 2727 2901 2795 μητροπόλεως,
2951 2731 3180 2783 ποιείτω
3211 2730 3238 2781 ὁ
3260 2733 3611 2803 πατριάρχης
3639 2752 3655 2765 ·

2164 2836 2181 2867 ι
2231 2818 2325 2869 καὶ
2352 2816 2446 2870 τοῦ
2472 2818 2795 2881 ἐπισκόπου,
2846 2822 2873 2872 ὀ
2927 2821 3367 2890 μητροπολίτης’
3404 2825 3549 2878 κατὰ
3596 2826 3656 2879 τὸ

2157 2928 2175 2961 ι
2226 2909 2381 2973 δόξαν
2416 2912 2524 2973 τοῖς
2558 2911 2615 2961 ἐν
2648 2910 2973 2983 Χαλκηδόνι.
3007 2914 3080 2965 Τὸ
3109 2914 3244 2968 αὐτὸ
3273 2916 3367 2968 καὶ
3422 2918 3515 2969 ἐπὶ
3544 2919 3655 2972 τῶν

2171 3020 2190 3050 ι
2240 3018 2478 3069 μοναστη
2490 3002 2637 3071 ρίων.
2678 3020 2696 3054 ι

2177 3092 2266 3143 Ἐν
2290 3092 2555 3163 ἐκκλησίᾳ
2585 3094 2788 3165 ἐκὰστῃ
2828 3095 2911 3148 δεῖ
2971 3096 3257 3167 οἰκονόμον
3309 3095 3448 3153 εἶναι
3482 3102 3545 3155 ἐκ
3567 3102 3660 3155 τοῦ

2099 3185 2233 3237 ἰδίου
2271 3185 2497 3256 κλήρου.
2540 3188 2684 3240 κατὰ
2717 3187 2946 3258 γνώμην
2969 3188 3062 3241 τοὺ
3116 3191 3421 3246 ἐπισκόπου
3452 3196 3520 3247 τὰ
3567 3197 3659 3249 ἐκ-

2095 3277 2457 3345 κλησιαστικὰ
2497 3280 2801 3348 πράγματα
2848 3281 3069 3334 διοικεῖν
3109 3283 3429 3351 ὀφείλοντα·
3481 3288 3663 3353 καθὼς

2092 3371 2120 3421 ό
2154 3369 2400 3432 εἰκοστὸς
2466 3371 2626 3431 ἕκτος
2657 3371 2838 3424 κανὼν
2868 3373 2967 3435 τῆς
2998 3375 3055 3427 ἐν
3087 3375 3391 3445 Χαλκηδόνι
3438 3380 3659 3432 συνόδου

2090 3461 2463 3532 διαλαμϐάνει.
2502 3464 2561 3516 Et
2588 3464 2641 3515 δέ
2682 3481 2824 3525 τινες
2853 3464 2963 3517 τῶν
3008 3466 3319 3520 ἐπισκόπων
3340 3468 3407 3521 δι’
3453 3472 3662 3523 ἑαυτῶν

2095 3556 2406 3624 οἰκονομεῖν
2440 3555 2617 3609 ταῦτα
2658 3556 2960 3626 βούλονται,
2988 3560 3080 3611 ἐπὶ
3115 3559 3213 3628 μὲν
3252 3560 3360 3612 τῶν
3388 3566 3664 3633 μητροπό-

2097 3647 2233 3698 λεων
2271 3650 2297 3699 ὁ
2330 3648 2675 3719 πατριάρχης
2714 3650 3069 3721 προϐαλεῖται
3108 3652 3413 3722 οἰκονόμον,
3461 3656 3555 3708 ἐπὶ
3607 3655 3661 3709 δὲ

2101 3738 2208 3789 τῶν
2232 3739 2548 3793 ἐπισκοπῶν
2578 3740 2762 3793 αὑτῶν
2799 3742 2827 3792 ὁ
2860 3742 3288 3811 μητροπολξτης.
3316 3743 3389 3796 Τὸ
3427 3745 3483 3797 δέ
3529 3748 3661 3798 αὐτὸ

2098 3829 2250 3881 ἔσται
2303 3830 2395 3882 καὶ
2441 3832 2533 3883 ἐπὶ
2589 3830 2698 3883 τῶν
2742 3832 3126 3901 μοναστηρίων
3174 3833 3283 3884 τῶν
3328 3835 3404 3904 μὴ
3430 3835 3666 3904 ἐχόντων

2100 3921 2445 3991 οἰκονόμους.
2972 3906 2979 3919 Χ

2680 4015 2917 4068 ΚᾹΝΩΝ
2978 4014 3079 4071 lB'.

2106 4123 2124 4157 ι
2172 4105 2238 4158 Εἰ
2263 4124 2343 4170 τις
2384 4108 2681 4173 ἐπίσκοπος
2736 4110 2989 4181 εὑρεθείη
3038 4112 3069 4182 ἢ
3118 4113 3432 4184 ἡγούμενος
3457 4121 3525 4171 ἐκ
3555 4119 3668 4172 τῶν

2178 4216 2215 4249 (η
2243 4200 2581 4270 αὑτουργίων
2607 4201 2699 4254 τοῦ
2726 4203 3079 4257 ἐπισκοπείου
3107 4205 3141 4275 ἢ
3173 4206 3263 4258 τοῦ
3300 4212 3667 4279 μοναστηρίου

2179 4310 2197 4343 ι
2246 4293 2638 4362 ὲκποιοὺμενος
2674 4296 2755 4358 εἰς
2812 4297 3140 4367 ἀρχοντικὴν
3195 4302 3375 4369 χεῖρα,
3432 4303 3671 4375 ἢέτέρῳ

2181 4402 2198 4434 ι
2246 4384 2524 4455 προσώπῳ
2559 4387 2818 4454 ἐκδιδοὺς,
2866 4388 3067 4460 ἄκυρον
3115 4385 3254 4444 εἶναι
3289 4392 3389 4461 τὴν
3430 4393 3667 4457 ἔκδοσιν,

2178 4495 2197 4528 ι
2243 4477 2381 4529 κατὰ
2412 4496 2503 4529 τον
2556 4480 2759 4533 κανόνα
2818 4480 2927 4549 τῶν
2985 4482 3158 4548 ἁγίων
3206 4484 3543 4549 ἀποστόλων,
3578 4489 3672 4540 τὸν

2175 4588 2193 4620 ‹
2239 4567 2481 4635 λέγοντα·
2509 4586 2527 4619 ι
2566 4570 2813 4623 Πάντων
2836 4569 2955 4623 τῶν
2974 4572 3501 4638 ἐκκλησιαστικῶν
3524 4593 3672 4641 πραο

2176 4680 2195 4714 ι
2237 4660 2474 4729 τμάτων
2526 4664 2558 4714 ό
2605 4663 2942 4728 ἐπίσκοπος
2992 4663 3178 4731 ἐχέτω
3228 4665 3344 4731 τὴν
3380 4669 3673 4735 φροντίδα

2178 4771 2195 4803 ι
2241 4751 2338 4805 καὶ
2370 4751 2668 4805 διοικείτω
2724 4755 2876 4808 αὐτὰ
2907 4755 2989 4819 ὡς
3030 4756 3180 4810 Θεοῦ
3235 4757 3599 4827 ἐφορῶντος.
3645 4781 3664 4812 ι

2180 4864 2197 4896 ι
2246 4844 2336 4914 Μὴ
2371 4842 2569 4907 ἐξεῖναι
2597 4844 2652 4896 δέ
2677 4844 2824 4915 αὑτῴ
2857 4848 3271 4918 σφετερίζεσθαί
3302 4867 3353 4902 τι
3379 4851 3436 4916 ἐξ
3463 4853 3667 4911 αὐτῶν.

2180 4955 2197 4987 ι
2244 4936 2620 5003 ἢσυγγενέσιν
2672 4937 2820 5000 ἰδῖοις
2881 4938 2951 4990 τὰ
2978 4939 3073 4991 τοῦ
3129 4940 3263 4993 Θεοῦ
3312 4943 3658 5013 χαρίζεσθαι.

2178 5048 2195 5080 ι
2245 5030 2304 5081 Εἰ
2338 5029 2394 5082 δέ
2432 5030 2662 5099 πένητες
2692 5025 2824 5095 εἶεν,
2852 5031 3262 5103 Ιὲπιχορηγείτω
3294 5035 3369 5098 ὡς
3417 5038 3666 5106 πένησιν⁹

2182 5142 2198 5172 ι
2249 5122 2384 5175 ἀλλὰ
2417 5122 2492 5192 μὴ
2528 5122 2799 5192 προφάσει
2829 5122 3034 5177 τούτων
3062 5124 3132 5177 τὰ
3166 5125 3262 5178 τοῦ
3316 5125 3452 5178 Θεοῦ
3486 5127 3671 5197 ἀπεμ-

2183 5236 2199 5268 ι
2251 5217 2512 5269 πολείτω.
2570 5217 2631 5269 Εἰ
2698 5215 2755 5269 δέ
2817 5218 3237 5287 προφασίζοιντο
3301 5219 3506 5289 ζημίαν
3566 5220 3670 5288 ἐμ-

2180 5329 2197 5359 ι
2249 5314 2442 5371 ποιεῖν,
2473 5310 2567 5363 καὶ
2618 5310 2783 5381 μηδὲν
2812 5310 2948 5381 πρὸς
2993 5310 3180 5379 ὀνησιν
3230 5311 3526 5379 τυγχάνειν
3581 5312 3671 5364 τὸν

2182 5424 2199 5455 ι
2253 5404 2443 5472 ἀγρὸν,
2496 5404 2630 5473 μηδέ
2662 5404 2806 5457 οὓτω
2862 5406 2977 5466 τοῖς
3010 5404 3149 5457 κατὰ
3202 5405 3365 5457 τόπον
3414 5405 3667 5473 ἄρχουσιν

2186 5514 2202 5545 ι
2252 5494 2519 5549 ἐκδιδόναι
2549 5494 2639 5548 τὸν
2689 5496 2872 5559 τόπον,
2908 5494 3044 5547 ἀλλὰ
3087 5495 3365 5565 κληρικοῖς
3411 5496 3443 5564 ἢ
3494 5510 3662 5562 γεωρ·

2185 5604 2204 5638 ι
2251 5588 2387 5653 γοῖς.
2430 5586 2492 5637 Et
2534 5586 2591 5638 δὲ
2636 5585 2945 5655 πανουργίᾳ
2977 5586 3192 5655 πονηρᾷ
3218 5588 3526 5655 χρήσοιντο,
3578 5584 3665 5637 xa‘t

2186 5700 2203 5731 ι
2251 5681 2314 5731 ἐκ
2345 5675 2437 5731 τοῦ
2478 5677 2745 5747 κληρικοῦ
2781 5678 2813 5747 ἢ
2847 5677 2942 5731 τοῦ
2972 5676 3218 5745 γεωργοῦ
3253 5677 3533 5746 ὼνήσηται
3570 5676 3667 5745 ἆρ-

2189 5792 2205 5825 ι
2253 5790 2361 5842 χων
2399 5772 2491 5825 τὸν
2538 5770 2727 5842 ἀγρὸν,
2773 5770 2942 5834 οὑτως
2978 5770 3185 5842 ἄκυρος
3225 5770 3418 5839 ἐστωὴ
3442 5770 3666 5839 πρᾶσις,
