  <div class='ocr_page' id='page_1' title='image "/cluster/home/n/w/nwhite01/storage/ocr_20150623/137/hvd.32044073502536/500.png"; bbox 0 0 4074 6214; ppageno 0'>
   <div class='ocr_carea' id='block_1_1' title="bbox 398 235 501 298">
    <p class='ocr_par' dir='ltr' id='par_1_1' title="bbox 398 235 501 298">
     <span class='ocr_line' id='line_1_1' title="bbox 398 235 501 298; baseline -0.019 0"><span class='ocrx_word' id='word_1_1' title='bbox 398 235 501 298; x_wconf 70' lang='lat'><strong>329</strong></span> 
     </span>
    </p>
   </div>
   <div class='ocr_carea' id='block_1_2' title="bbox 470 340 2026 422">
    <p class='ocr_par' dir='ltr' id='par_1_2' title="bbox 470 340 2026 422">
     <span class='ocr_line' id='line_1_2' title="bbox 470 340 2026 422; baseline -0.006 -21"><span class='ocrx_word' id='word_1_2' title='bbox 470 368 488 401; x_wconf 72' lang='grc' dir='ltr'><strong>ι</strong></span> <span class='ocrx_word' id='word_1_3' title='bbox 536 351 630 401; x_wconf 76' lang='grc' dir='ltr'>καὶ</span> <span class='ocrx_word' id='word_1_4' title='bbox 654 345 1111 401; x_wconf 78' lang='grc' dir='ltr'>ἀποκαθιστάσθω</span> <span class='ocrx_word' id='word_1_5' title='bbox 1136 343 1225 422; x_wconf 10' lang='grc' dir='ltr'>,τῷ</span> <span class='ocrx_word' id='word_1_6' title='bbox 1256 343 1592 413; x_wconf 85' lang='grc' dir='ltr'>ἐπισκοπείῳ</span> <span class='ocrx_word' id='word_1_7' title='bbox 1621 342 1655 411; x_wconf 74' lang='grc' dir='ltr'>ἣ</span> <span class='ocrx_word' id='word_1_8' title='bbox 1683 340 1761 409; x_wconf 82' lang='grc' dir='ltr'>τῷ</span> <span class='ocrx_word' id='word_1_9' title='bbox 1788 357 1953 411; x_wconf 72' lang='grc' dir='ltr'>μοναο</span> <span class='ocrx_word' id='word_1_10' title='bbox 1987 346 2026 399; x_wconf 78' lang='grc' dir='ltr'>Α</span> 
     </span>
    </p>
   </div>
   <div class='ocr_carea' id='block_1_3' title="bbox 470 433 1957 507">
    <p class='ocr_par' dir='ltr' id='par_1_3' title="bbox 470 433 1957 507">
     <span class='ocr_line' id='line_1_3' title="bbox 470 433 1957 507; baseline -0.003 -17"><span class='ocrx_word' id='word_1_11' title='bbox 470 456 488 490; x_wconf 80' lang='grc' dir='ltr'><strong>ι</strong></span> <span class='ocrx_word' id='word_1_12' title='bbox 538 436 763 507; x_wconf 79' lang='grc' dir='ltr'>στηρίῳ.</span> <span class='ocrx_word' id='word_1_13' title='bbox 822 438 933 491; x_wconf 76' lang='grc' dir='ltr'>Καὶ</span> <span class='ocrx_word' id='word_1_14' title='bbox 977 438 1005 489; x_wconf 93' lang='lat'><strong>6</strong></span> <span class='ocrx_word' id='word_1_15' title='bbox 1052 435 1413 504; x_wconf 77' lang='grc' dir='ltr'>ἐπίσκοποςῆ</span> <span class='ocrx_word' id='word_1_16' title='bbox 1467 433 1769 505; x_wconf 79' lang='grc' dir='ltr'>ἡγούμενος</span> <span class='ocrx_word' id='word_1_17' title='bbox 1800 433 1957 486; x_wconf 80' lang='grc' dir='ltr'>τοῦτο</span> 
     </span>
    </p>
   </div>
   <div class='ocr_carea' id='block_1_4' title="bbox 471 522 1957 598">
    <p class='ocr_par' dir='ltr' id='par_1_4' title="bbox 471 522 1957 598">
     <span class='ocr_line' id='line_1_4' title="bbox 471 522 1957 598; baseline -0.005 -16"><span class='ocrx_word' id='word_1_18' title='bbox 471 548 489 582; x_wconf 77' lang='grc' dir='ltr'><strong>ι</strong></span> <span class='ocrx_word' id='word_1_19' title='bbox 536 529 705 583; x_wconf 84' lang='grc' dir='ltr'>ποιῶν</span> <span class='ocrx_word' id='word_1_20' title='bbox 726 526 1071 598; x_wconf 76' lang='grc' dir='ltr'>ἐκδιωχθήτω</span> <span class='ocrx_word' id='word_1_21' title='bbox 1092 540 1107 554; x_wconf 85' lang='grc'><em>’</em></span> <span class='ocrx_word' id='word_1_22' title='bbox 1130 527 1157 578; x_wconf 91' lang='lat'><strong>6</strong></span> <span class='ocrx_word' id='word_1_23' title='bbox 1182 526 1278 596; x_wconf 81' lang='grc' dir='ltr'><strong>μὲν</strong></span> <span class='ocrx_word' id='word_1_24' title='bbox 1296 525 1595 587; x_wconf 72' lang='grc' dir='ltr'>ἐπίσκοπος</span> <span class='ocrx_word' id='word_1_25' title='bbox 1620 522 1713 576; x_wconf 77' lang='grc' dir='ltr'>τοῦ</span> <span class='ocrx_word' id='word_1_26' title='bbox 1736 525 1957 575; x_wconf 85' lang='grc' dir='ltr'>ἐπισκο-</span> 
     </span>
    </p>
   </div>
   <div class='ocr_carea' id='block_1_5' title="bbox 472 616 1959 691">
    <p class='ocr_par' dir='ltr' id='par_1_5' title="bbox 472 616 1959 691">
     <span class='ocr_line' id='line_1_5' title="bbox 472 616 1959 691; baseline -0.003 -18"><span class='ocrx_word' id='word_1_27' title='bbox 472 640 492 673; x_wconf 73' lang='grc' dir='ltr'><strong>ι</strong></span> <span class='ocrx_word' id='word_1_28' title='bbox 538 621 749 685; x_wconf 84' lang='grc' dir='ltr'>πείου,δ</span> <span class='ocrx_word' id='word_1_29' title='bbox 777 621 830 673; x_wconf 85' lang='grc' dir='ltr'>δὲ</span> <span class='ocrx_word' id='word_1_30' title='bbox 855 619 1155 691; x_wconf 71' lang='grc' dir='ltr'>ἡγούμενος</span> <span class='ocrx_word' id='word_1_31' title='bbox 1177 617 1270 673; x_wconf 84' lang='grc' dir='ltr'>τοῦ</span> <span class='ocrx_word' id='word_1_32' title='bbox 1307 616 1665 687; x_wconf 87' lang='grc' dir='ltr'>μοναστηρίου</span> <span class='ocrx_word' id='word_1_33' title='bbox 1686 655 1700 679; x_wconf 95' lang='grc'><strong>,</strong></span> <span class='ocrx_word' id='word_1_34' title='bbox 1748 616 1822 679; x_wconf 79' lang='grc' dir='ltr'>ὡς</span> <span class='ocrx_word' id='word_1_35' title='bbox 1842 616 1959 668; x_wconf 69' lang='lat' dir='ltr'><strong>6n.-</strong></span> 
     </span>
    </p>
   </div>
   <div class='ocr_carea' id='block_1_6' title="bbox 469 710 1745 784">
    <p class='ocr_par' dir='ltr' id='par_1_6' title="bbox 469 710 1745 784">
     <span class='ocr_line' id='line_1_6' title="bbox 469 710 1745 784; baseline -0.005 -18"><span class='ocrx_word' id='word_1_36' title='bbox 469 732 488 766; x_wconf 79' lang='grc' dir='ltr'><strong>ι</strong></span> <span class='ocrx_word' id='word_1_37' title='bbox 534 711 919 784; x_wconf 76' lang='grc' dir='ltr'>σκορπίζοντες</span> <span class='ocrx_word' id='word_1_38' title='bbox 951 712 1135 775; x_wconf 85' lang='grc' dir='ltr'>κακῶς</span> <span class='ocrx_word' id='word_1_39' title='bbox 1170 710 1206 765; x_wconf 77' lang='grc' dir='ltr'><strong>ἃ.</strong></span> <span class='ocrx_word' id='word_1_40' title='bbox 1258 711 1316 763; x_wconf 85' lang='grc' dir='ltr'>οὐ</span> <span class='ocrx_word' id='word_1_41' title='bbox 1353 711 1659 781; x_wconf 82' lang='grc' dir='ltr'>συνήγαγον</span> <span class='ocrx_word' id='word_1_42' title='bbox 1726 728 1745 760; x_wconf 77' lang='grc' dir='ltr'><strong>ι</strong></span> 
     </span>
    </p>
   </div>
   <div class='ocr_carea' id='block_1_7' title="bbox 473 794 1959 872">
    <p class='ocr_par' dir='ltr' id='par_1_7' title="bbox 473 794 1959 872">
     <span class='ocr_line' id='line_1_7' title="bbox 473 794 1959 872; baseline -0.007 -16"><span class='ocrx_word' id='word_1_43' title='bbox 473 804 672 857; x_wconf 84' lang='grc' dir='ltr'><strong>ΒΔΛΣ.</strong></span> <span class='ocrx_word' id='word_1_44' title='bbox 730 804 937 872; x_wconf 76' lang='grc' dir='ltr'>Ἔφησε</span> <span class='ocrx_word' id='word_1_45' title='bbox 974 803 1059 854; x_wconf 86' lang='grc' dir='ltr'><strong>διὰ</strong></span> <span class='ocrx_word' id='word_1_46' title='bbox 1089 800 1366 861; x_wconf 77' lang='grc' dir='ltr'>Μωῦσέως</span> <span class='ocrx_word' id='word_1_47' title='bbox 1409 800 1437 851; x_wconf 98' lang='lat'><strong>6</strong></span> <span class='ocrx_word' id='word_1_48' title='bbox 1462 797 1595 860; x_wconf 77' lang='grc' dir='ltr'>Θεὸς</span> <span class='ocrx_word' id='word_1_49' title='bbox 1645 796 1717 850; x_wconf 76' lang='grc' dir='ltr'>τὰ</span> <span class='ocrx_word' id='word_1_50' title='bbox 1736 795 1814 867; x_wconf 85' lang='grc' dir='ltr'>τῷ</span> <span class='ocrx_word' id='word_1_51' title='bbox 1840 794 1959 865; x_wconf 88' lang='grc' dir='ltr'><strong>Θεῷ</strong></span> 
     </span>
    </p>
   </div>
   <div class='ocr_carea' id='block_1_8' title="bbox 402 890 1957 968">
    <p class='ocr_par' dir='ltr' id='par_1_8' title="bbox 402 890 1957 968">
     <span class='ocr_line' id='line_1_8' title="bbox 402 890 1957 968; baseline -0.007 -18"><span class='ocrx_word' id='word_1_52' title='bbox 402 896 821 968; x_wconf 79' lang='grc' dir='ltr'><strong>προσφερόμενα</strong></span> <span class='ocrx_word' id='word_1_53' title='bbox 860 895 934 964; x_wconf 81' lang='grc' dir='ltr'>μὴ</span> <span class='ocrx_word' id='word_1_54' title='bbox 968 891 1450 949; x_wconf 77' lang='grc' dir='ltr'>ἀνταλλάττεσθαιο</span> <span class='ocrx_word' id='word_1_55' title='bbox 1478 890 1591 944; x_wconf 85' lang='grc' dir='ltr'>ἀλλ’</span> <span class='ocrx_word' id='word_1_56' title='bbox 1625 890 1957 959; x_wconf 81' lang='grc' dir='ltr'>ἀνεκποίητα</span> 
     </span>
    </p>
   </div>
   <div class='ocr_carea' id='block_1_9' title="bbox 402 978 1957 1059">
    <p class='ocr_par' dir='ltr' id='par_1_9' title="bbox 402 978 1957 1059">
     <span class='ocr_line' id='line_1_9' title="bbox 402 978 1957 1059; baseline -0.006 -20"><span class='ocrx_word' id='word_1_57' title='bbox 402 989 604 1059; x_wconf 85' lang='grc' dir='ltr'>μένειν,</span> <span class='ocrx_word' id='word_1_58' title='bbox 652 988 757 1039; x_wconf 74' lang='grc' dir='ltr'><strong>κᾶν</strong></span> <span class='ocrx_word' id='word_1_59' title='bbox 794 988 1013 1055; x_wconf 75' lang='grc' dir='ltr'><strong>χείρονα</strong></span> <span class='ocrx_word' id='word_1_60' title='bbox 1047 978 1148 1037; x_wconf 83' lang='grc' dir='ltr'>ὦσι</span> <span class='ocrx_word' id='word_1_61' title='bbox 1198 983 1305 1035; x_wconf 84' lang='grc' dir='ltr'><strong>τῶν</strong></span> <span class='ocrx_word' id='word_1_62' title='bbox 1353 981 1786 1051; x_wconf 85' lang='grc' dir='ltr'>ἁντιδιδομένων.</span> <span class='ocrx_word' id='word_1_63' title='bbox 1834 981 1957 1032; x_wconf 80' lang='grc' dir='ltr'><strong>Ἐὰν</strong></span> 
     </span>
    </p>
   </div>
   <div class='ocr_carea' id='block_1_10' title="bbox 395 1073 1958 1147">
    <p class='ocr_par' dir='ltr' id='par_1_10' title="bbox 395 1073 1958 1147">
     <span class='ocr_line' id='line_1_10' title="bbox 395 1073 1958 1147; baseline -0.006 -14"><span class='ocrx_word' id='word_1_64' title='bbox 395 1082 450 1133; x_wconf 83' lang='grc' dir='ltr'><strong>δέ</strong></span> <span class='ocrx_word' id='word_1_65' title='bbox 504 1080 805 1143; x_wconf 81' lang='grc' dir='ltr'>ἀλλάσσων,</span> <span class='ocrx_word' id='word_1_66' title='bbox 836 1078 1021 1145; x_wconf 66' lang='grc' dir='ltr'>φησιν,</span> <span class='ocrx_word' id='word_1_67' title='bbox 1049 1076 1281 1147; x_wconf 48' lang='lat' dir='ltr'><strong>anes“;</strong></span> <span class='ocrx_word' id='word_1_68' title='bbox 1331 1075 1480 1135; x_wconf 66' lang='grc' dir='ltr'>αὐτὸ,</span> <span class='ocrx_word' id='word_1_69' title='bbox 1515 1074 1665 1126; x_wconf 79' lang='grc' dir='ltr'>ἔσται</span> <span class='ocrx_word' id='word_1_70' title='bbox 1706 1074 1801 1125; x_wconf 72' lang='grc' dir='ltr'><strong>καὶ</strong></span> <span class='ocrx_word' id='word_1_71' title='bbox 1832 1073 1958 1125; x_wconf 78' lang='grc' dir='ltr'>αὐτὸ</span> 
     </span>
    </p>
   </div>
   <div class='ocr_carea' id='block_1_11' title="bbox 395 1164 1958 1238">
    <p class='ocr_par' dir='ltr' id='par_1_11' title="bbox 395 1164 1958 1238">
     <span class='ocr_line' id='line_1_11' title="bbox 395 1164 1958 1238; baseline -0.004 -14"><span class='ocrx_word' id='word_1_72' title='bbox 395 1172 456 1224; x_wconf 84' lang='grc' dir='ltr'><strong>τὸ</strong></span> <span class='ocrx_word' id='word_1_73' title='bbox 493 1170 847 1238; x_wconf 80' lang='grc' dir='ltr'>ἀντάλλαγμα</span> <span class='ocrx_word' id='word_1_74' title='bbox 876 1168 1043 1220; x_wconf 79' lang='grc' dir='ltr'>αὑτοῦ</span> <span class='ocrx_word' id='word_1_75' title='bbox 1068 1167 1243 1233; x_wconf 82' lang='grc' dir='ltr'>ἆγιον.</span> <span class='ocrx_word' id='word_1_76' title='bbox 1276 1167 1413 1236; x_wconf 79' lang='grc' dir='ltr'>Φησὶ</span> <span class='ocrx_word' id='word_1_77' title='bbox 1444 1164 1574 1232; x_wconf 77' lang='grc' dir='ltr'>γοῦν</span> <span class='ocrx_word' id='word_1_78' title='bbox 1604 1168 1696 1217; x_wconf 71' lang='grc' dir='ltr'><strong>καὶ</strong></span> <span class='ocrx_word' id='word_1_79' title='bbox 1722 1167 1749 1216; x_wconf 88' lang='grc' dir='ltr'>ὁ</span> <span class='ocrx_word' id='word_1_80' title='bbox 1777 1166 1958 1218; x_wconf 81' lang='grc' dir='ltr'>κανὼν</span> 
     </span>
    </p>
   </div>
   <div class='ocr_carea' id='block_1_12' title="bbox 402 1255 1955 1329">
    <p class='ocr_par' dir='ltr' id='par_1_12' title="bbox 402 1255 1955 1329">
     <span class='ocr_line' id='line_1_12' title="bbox 402 1255 1955 1329; baseline -0.003 -18"><span class='ocrx_word' id='word_1_81' title='bbox 402 1260 477 1329; x_wconf 83' lang='grc' dir='ltr'>μὴ</span> <span class='ocrx_word' id='word_1_82' title='bbox 524 1258 859 1312; x_wconf 85' lang='grc' dir='ltr'>ἐκποιείσθαι</span> <span class='ocrx_word' id='word_1_83' title='bbox 919 1258 951 1326; x_wconf 82' lang='grc' dir='ltr'>ἢ</span> <span class='ocrx_word' id='word_1_84' title='bbox 1001 1257 1301 1309; x_wconf 79' lang='grc' dir='ltr'>ἐκδίδοσθαι</span> <span class='ocrx_word' id='word_1_85' title='bbox 1362 1256 1512 1324; x_wconf 83' lang='grc' dir='ltr'><strong>παρὰ</strong></span> <span class='ocrx_word' id='word_1_86' title='bbox 1565 1256 1866 1307; x_wconf 79' lang='grc' dir='ltr'>ἐπισκόπου</span> <span class='ocrx_word' id='word_1_87' title='bbox 1924 1255 1955 1324; x_wconf 84' lang='grc' dir='ltr'>ἢ</span> 
     </span>
    </p>
   </div>
   <div class='ocr_carea' id='block_1_13' title="bbox 402 1346 1959 1421">
    <p class='ocr_par' dir='ltr' id='par_1_13' title="bbox 402 1346 1959 1421">
     <span class='ocr_line' id='line_1_13' title="bbox 402 1346 1959 1421; baseline -0.001 -20"><span class='ocrx_word' id='word_1_88' title='bbox 402 1352 709 1421; x_wconf 73' lang='grc' dir='ltr'><strong>ἡγουμένου</strong></span> <span class='ocrx_word' id='word_1_89' title='bbox 755 1350 888 1419; x_wconf 81' lang='grc' dir='ltr'>πρὸς</span> <span class='ocrx_word' id='word_1_90' title='bbox 912 1347 1286 1419; x_wconf 73' lang='grc' dir='ltr'>οίονδηποτοῦν</span> <span class='ocrx_word' id='word_1_91' title='bbox 1322 1348 1610 1416; x_wconf 87' lang='grc' dir='ltr'>πρόσωπον</span> <span class='ocrx_word' id='word_1_92' title='bbox 1641 1346 1959 1416; x_wconf 75' lang='grc' dir='ltr'>αὑτούργιον</span> 
     </span>
    </p>
   </div>
   <div class='ocr_carea' id='block_1_14' title="bbox 397 1436 1955 1512">
    <p class='ocr_par' dir='ltr' id='par_1_14' title="bbox 397 1436 1955 1512">
     <span class='ocr_line' id='line_1_14' title="bbox 397 1436 1955 1512; baseline -0.008 -11"><span class='ocrx_word' id='word_1_93' title='bbox 397 1446 494 1512; x_wconf 76' lang='grc' dir='ltr'>τῆς</span> <span class='ocrx_word' id='word_1_94' title='bbox 524 1443 833 1510; x_wconf 76' lang='grc' dir='ltr'>ἐπισκοπῆς</span> <span class='ocrx_word' id='word_1_95' title='bbox 863 1442 895 1511; x_wconf 85' lang='grc' dir='ltr'>ἢ</span> <span class='ocrx_word' id='word_1_96' title='bbox 926 1442 1017 1494; x_wconf 72' lang='grc' dir='ltr'>τοῦ</span> <span class='ocrx_word' id='word_1_97' title='bbox 1064 1440 1457 1509; x_wconf 84' lang='grc' dir='ltr'>μοναστηρίου,</span> <span class='ocrx_word' id='word_1_98' title='bbox 1494 1438 1527 1508; x_wconf 82' lang='grc' dir='ltr'>ἢ</span> <span class='ocrx_word' id='word_1_99' title='bbox 1578 1440 1684 1507; x_wconf 80' lang='grc' dir='ltr'><strong>μὴν</strong></span> <span class='ocrx_word' id='word_1_100' title='bbox 1714 1436 1955 1508; x_wconf 76' lang='grc' dir='ltr'>ἀκυροῦ-</span> 
     </span>
    </p>
   </div>
   <div class='ocr_carea' id='block_1_15' title="bbox 400 1527 1957 1606">
    <p class='ocr_par' dir='ltr' id='par_1_15' title="bbox 400 1527 1957 1606">
     <span class='ocr_line' id='line_1_15' title="bbox 400 1527 1957 1606; baseline -0.004 -18"><span class='ocrx_word' id='word_1_101' title='bbox 400 1539 522 1589; x_wconf 83' lang='grc' dir='ltr'>σθαι</span> <span class='ocrx_word' id='word_1_102' title='bbox 579 1535 674 1606; x_wconf 78' lang='grc' dir='ltr'>τὴν</span> <span class='ocrx_word' id='word_1_103' title='bbox 729 1535 1013 1598; x_wconf 85' lang='grc' dir='ltr'>ἐκποίησιν</span> <span class='ocrx_word' id='word_1_104' title='bbox 1054 1536 1086 1604; x_wconf 79' lang='grc' dir='ltr'>ἦ</span> <span class='ocrx_word' id='word_1_105' title='bbox 1128 1535 1225 1604; x_wconf 86' lang='grc' dir='ltr'>τὴν</span> <span class='ocrx_word' id='word_1_106' title='bbox 1276 1533 1486 1585; x_wconf 76' lang='grc' dir='ltr'>ἔκδοσιν</span> <span class='ocrx_word' id='word_1_107' title='bbox 1540 1532 1677 1583; x_wconf 80' lang='grc' dir='ltr'>κατὰ</span> <span class='ocrx_word' id='word_1_108' title='bbox 1726 1530 1817 1583; x_wconf 83' lang='grc' dir='ltr'><strong>τὸν</strong></span> <span class='ocrx_word' id='word_1_109' title='bbox 1876 1527 1957 1598; x_wconf 85' lang='grc' dir='ltr'>λη’</span> 
     </span>
    </p>
   </div>
   <div class='ocr_carea' id='block_1_16' title="bbox 400 1623 1959 1695">
    <p class='ocr_par' dir='ltr' id='par_1_16' title="bbox 400 1623 1959 1695">
     <span class='ocr_line' id='line_1_16' title="bbox 400 1623 1959 1695; baseline -0.002 -17"><span class='ocrx_word' id='word_1_110' title='bbox 400 1627 760 1679; x_wconf 86' lang='grc' dir='ltr'>ἁποστολικὸν</span> <span class='ocrx_word' id='word_1_111' title='bbox 812 1628 1032 1679; x_wconf 88' lang='grc' dir='ltr'>κανόνα.</span> <span class='ocrx_word' id='word_1_112' title='bbox 1069 1624 1397 1695; x_wconf 88' lang='grc' dir='ltr'>Προστίθησι</span> <span class='ocrx_word' id='word_1_113' title='bbox 1429 1624 1485 1676; x_wconf 84' lang='grc' dir='ltr'><strong>δέ</strong></span> <span class='ocrx_word' id='word_1_114' title='bbox 1507 1623 1603 1688; x_wconf 83' lang='grc' dir='ltr'><strong>ὡς,</strong></span> <span class='ocrx_word' id='word_1_115' title='bbox 1644 1624 1799 1692; x_wconf 79' lang='grc' dir='ltr'>εἴπερ</span> <span class='ocrx_word' id='word_1_116' title='bbox 1828 1641 1959 1692; x_wconf 84' lang='grc' dir='ltr'>προ-</span> 
     </span>
    </p>
   </div>
   <div class='ocr_carea' id='block_1_17' title="bbox 1431 222 2655 285">
    <p class='ocr_par' dir='ltr' id='par_1_17' title="bbox 1431 222 2655 285">
     <span class='ocr_line' id='line_1_17' title="bbox 1431 222 2655 285; baseline -0.005 -1"><span class='ocrx_word' id='word_1_117' title='bbox 1431 225 1516 285; x_wconf 74' lang='grc' dir='ltr'><strong>ἸΝ</strong></span> <span class='ocrx_word' id='word_1_118' title='bbox 1558 223 1722 285; x_wconf 81' lang='lat' dir='ltr'><strong>CAN.</strong></span> <span class='ocrx_word' id='word_1_119' title='bbox 1766 223 1881 282; x_wconf 83' lang='lat' dir='ltr'><strong>XII</strong></span> <span class='ocrx_word' id='word_1_120' title='bbox 1912 222 2124 284; x_wconf 79' lang='lat' dir='ltr'><strong>CONC.</strong></span> <span class='ocrx_word' id='word_1_121' title='bbox 2159 223 2264 283; x_wconf 84' lang='lat' dir='ltr'><strong>VIl</strong></span> <span class='ocrx_word' id='word_1_122' title='bbox 2301 222 2655 282; x_wconf 76' lang='lat' dir='ltr'><strong>(ECUMEN.</strong></span> 
     </span>
    </p>
   </div>
   <div class='ocr_carea' id='block_1_18' title="bbox 3506 226 3613 289">
    <p class='ocr_par' dir='ltr' id='par_1_18' title="bbox 3506 226 3613 289">
     <span class='ocr_line' id='line_1_18' title="bbox 3506 226 3613 289; baseline -0.019 0"><span class='ocrx_word' id='word_1_123' title='bbox 3506 226 3613 289; x_wconf 81' lang='lat'><strong>930</strong></span> 
     </span>
    </p>
   </div>
   <div class='ocr_carea' id='block_1_19' title="bbox 2130 337 3615 408">
    <p class='ocr_par' dir='ltr' id='par_1_19' title="bbox 2130 337 3615 408">
     <span class='ocr_line' id='line_1_19' title="bbox 2130 337 3615 408; baseline 0.002 -16"><span class='ocrx_word' id='word_1_124' title='bbox 2130 358 2149 391; x_wconf 79' lang='grc' dir='ltr'><strong>ι</strong></span> <span class='ocrx_word' id='word_1_125' title='bbox 2191 340 2523 394; x_wconf 85' lang='lat' dir='ltr'><strong>monasterio</strong></span> <span class='ocrx_word' id='word_1_126' title='bbox 2577 338 2914 394; x_wconf 75' lang='lat' dir='ltr'><strong>restituetur.</strong></span> <span class='ocrx_word' id='word_1_127' title='bbox 2967 337 3141 393; x_wconf 81' lang='lat' dir='ltr'><strong>Porro</strong></span> <span class='ocrx_word' id='word_1_128' title='bbox 3191 337 3483 408; x_wconf 81' lang='lat' dir='ltr'><strong>episcopus</strong></span> <span class='ocrx_word' id='word_1_129' title='bbox 3528 346 3615 395; x_wconf 62' lang='lat' dir='ltr'><strong>uel</strong></span> 
     </span>
    </p>
   </div>
   <div class='ocr_carea' id='block_1_20' title="bbox 2138 430 3619 501">
    <p class='ocr_par' dir='ltr' id='par_1_20' title="bbox 2138 430 3619 501">
     <span class='ocr_line' id='line_1_20' title="bbox 2138 430 3619 501; baseline 0.002 -18"><span class='ocrx_word' id='word_1_130' title='bbox 2138 449 2158 483; x_wconf 78' lang='grc' dir='ltr'><strong>ι</strong></span> <span class='ocrx_word' id='word_1_131' title='bbox 2200 433 2520 485; x_wconf 76' lang='lat' dir='ltr'><strong>monasterii</strong></span> <span class='ocrx_word' id='word_1_132' title='bbox 2558 431 2867 501; x_wconf 71' lang='lat' dir='ltr'><strong>praefectus,</strong></span> <span class='ocrx_word' id='word_1_133' title='bbox 2899 432 2989 501; x_wconf 87' lang='lat' dir='ltr'><strong>qui</strong></span> <span class='ocrx_word' id='word_1_134' title='bbox 3046 432 3148 485; x_wconf 81' lang='lat' dir='ltr'><strong>hoc</strong></span> <span class='ocrx_word' id='word_1_135' title='bbox 3192 430 3403 494; x_wconf 74' lang='lat' dir='ltr'><strong>fecerit,</strong></span> <span class='ocrx_word' id='word_1_136' title='bbox 3429 440 3619 486; x_wconf 70' lang='lat' dir='ltr'><strong>extur-</strong></span> 
     </span>
    </p>
   </div>
   <div class='ocr_carea' id='block_1_21' title="bbox 2137 522 3621 593">
    <p class='ocr_par' dir='ltr' id='par_1_21' title="bbox 2137 522 3621 593">
     <span class='ocr_line' id='line_1_21' title="bbox 2137 522 3621 593; baseline 0.003 -19"><span class='ocrx_word' id='word_1_137' title='bbox 2137 540 2157 574; x_wconf 78' lang='grc' dir='ltr'><strong>ι</strong></span> <span class='ocrx_word' id='word_1_138' title='bbox 2206 522 2392 588; x_wconf 87' lang='lat' dir='ltr'><strong>betur;</strong></span> <span class='ocrx_word' id='word_1_139' title='bbox 2420 525 2715 593; x_wconf 85' lang='lat' dir='ltr'><strong>episcopus</strong></span> <span class='ocrx_word' id='word_1_140' title='bbox 2748 523 2969 591; x_wconf 85' lang='lat' dir='ltr'><strong>quidem</strong></span> <span class='ocrx_word' id='word_1_141' title='bbox 3004 524 3071 579; x_wconf 83' lang='lat' dir='ltr'><strong>ab</strong></span> <span class='ocrx_word' id='word_1_142' title='bbox 3115 524 3467 593; x_wconf 79' lang='lat' dir='ltr'><strong>episcopatu;</strong></span> <span class='ocrx_word' id='word_1_143' title='bbox 3502 540 3621 578; x_wconf 89' lang='lat' dir='ltr'><strong>mo-</strong></span> 
     </span>
    </p>
   </div>
   <div class='ocr_carea' id='block_1_22' title="bbox 2104 611 3617 685">
    <p class='ocr_par' dir='ltr' id='par_1_22' title="bbox 2104 611 3617 685">
     <span class='ocr_line' id='line_1_22' title="bbox 2104 611 3617 685; baseline 0.001 -20"><span class='ocrx_word' id='word_1_144' title='bbox 2104 682 2109 685; x_wconf 3' lang='grc' dir='ltr'><strong>ρ</strong></span> <span class='ocrx_word' id='word_1_145' title='bbox 2139 632 2158 665; x_wconf 76' lang='grc' dir='ltr'><strong>ι</strong></span> <span class='ocrx_word' id='word_1_146' title='bbox 2201 615 2427 669; x_wconf 87' lang='lat' dir='ltr'><strong>nasterii</strong></span> <span class='ocrx_word' id='word_1_147' title='bbox 2475 611 2605 669; x_wconf 84' lang='lat' dir='ltr'><strong>v&#39;ero</strong></span> <span class='ocrx_word' id='word_1_148' title='bbox 2634 614 2922 684; x_wconf 72' lang='lat' dir='ltr'><strong>praefectus</strong></span> <span class='ocrx_word' id='word_1_149' title='bbox 2974 630 3001 666; x_wconf 92' lang='lat' dir='ltr'><strong>a</strong></span> <span class='ocrx_word' id='word_1_150' title='bbox 3032 614 3363 668; x_wconf 78' lang='lat' dir='ltr'><strong>monasterio</strong></span> <span class='ocrx_word' id='word_1_151' title='bbox 3394 623 3495 667; x_wconf 18' lang='lat' dir='ltr'><strong>:rut</strong></span> <span class='ocrx_word' id='word_1_152' title='bbox 3523 615 3617 684; x_wconf 88' lang='lat' dir='ltr'><strong>qui</strong></span> 
     </span>
    </p>
   </div>
   <div class='ocr_carea' id='block_1_23' title="bbox 2137 705 3363 776">
    <p class='ocr_par' dir='ltr' id='par_1_23' title="bbox 2137 705 3363 776">
     <span class='ocr_line' id='line_1_23' title="bbox 2137 705 3363 776; baseline 0.002 -20"><span class='ocrx_word' id='word_1_153' title='bbox 2137 724 2156 756; x_wconf 77' lang='grc' dir='ltr'><strong>ι</strong></span> <span class='ocrx_word' id='word_1_154' title='bbox 2202 705 2470 774; x_wconf 80' lang='lat' dir='ltr'><strong>dissipent</strong></span> <span class='ocrx_word' id='word_1_155' title='bbox 2507 722 2625 775; x_wconf 71' lang='lat' dir='ltr'><strong>qua:</strong></span> <span class='ocrx_word' id='word_1_156' title='bbox 2657 722 2760 759; x_wconf 89' lang='lat' dir='ltr'><strong>nou</strong></span> <span class='ocrx_word' id='word_1_157' title='bbox 2802 722 3221 776; x_wconf 75' lang='lat' dir='ltr'><strong>congregavet&#39;e.</strong></span> <span class='ocrx_word' id='word_1_158' title='bbox 3248 726 3266 758; x_wconf 77' lang='grc' dir='ltr'><strong>ι</strong></span> <span class='ocrx_word' id='word_1_159' title='bbox 3355 725 3363 732; x_wconf 92' lang='grc'><strong>·</strong></span> 
     </span>
    </p>
   </div>
   <div class='ocr_carea' id='block_1_24' title="bbox 2134 798 3624 869">
    <p class='ocr_par' dir='ltr' id='par_1_24' title="bbox 2134 798 3624 869">
     <span class='ocr_line' id='line_1_24' title="bbox 2134 798 3624 869; baseline 0.001 -18"><span class='ocrx_word' id='word_1_160' title='bbox 2134 798 2327 852; x_wconf 73' lang='lat' dir='ltr'><strong>BALS.</strong></span> <span class='ocrx_word' id='word_1_161' title='bbox 2359 800 2503 854; x_wconf 80' lang='lat' dir='ltr'><strong>Dixit</strong></span> <span class='ocrx_word' id='word_1_162' title='bbox 2534 799 2675 854; x_wconf 86' lang='lat' dir='ltr'><strong>Deus</strong></span> <span class='ocrx_word' id='word_1_163' title='bbox 2709 817 2803 869; x_wconf 80' lang='lat' dir='ltr'><strong>per</strong></span> <span class='ocrx_word' id='word_1_164' title='bbox 2833 800 3045 859; x_wconf 67' lang='lat' dir='ltr'><strong>Mosen,</strong></span> <span class='ocrx_word' id='word_1_165' title='bbox 3083 816 3143 854; x_wconf 85' lang='lat' dir='ltr'><strong>ea</strong></span> <span class='ocrx_word' id='word_1_166' title='bbox 3186 816 3293 854; x_wconf 92' lang='lat' dir='ltr'><strong>non</strong></span> <span class='ocrx_word' id='word_1_167' title='bbox 3319 816 3438 855; x_wconf 90' lang='lat' dir='ltr'><strong>esse</strong></span> <span class='ocrx_word' id='word_1_168' title='bbox 3469 816 3624 855; x_wconf 88' lang='lat' dir='ltr'><strong>com-</strong></span> 
     </span>
    </p>
   </div>
   <div class='ocr_carea' id='block_1_25' title="bbox 2065 890 3669 960">
    <p class='ocr_par' dir='ltr' id='par_1_25' title="bbox 2065 890 3669 960">
     <span class='ocr_line' id='line_1_25' title="bbox 2065 890 3669 960; baseline 0.001 -16"><span class='ocrx_word' id='word_1_169' title='bbox 2065 890 2324 944; x_wconf 85' lang='lat' dir='ltr'><strong>mutanda</strong></span> <span class='ocrx_word' id='word_1_170' title='bbox 2361 908 2482 960; x_wconf 66' lang='lat' dir='ltr'><strong>qua:</strong></span> <span class='ocrx_word' id='word_1_171' title='bbox 2507 890 2614 946; x_wconf 91' lang='lat' dir='ltr'><strong>Deo</strong></span> <span class='ocrx_word' id='word_1_172' title='bbox 2637 892 2815 946; x_wconf 76' lang='lat' dir='ltr'><strong>oblata</strong></span> <span class='ocrx_word' id='word_1_173' title='bbox 2852 904 3017 951; x_wconf 86' lang='lat' dir='ltr'><strong>sunt;</strong></span> <span class='ocrx_word' id='word_1_174' title='bbox 3050 892 3141 946; x_wconf 89' lang='lat' dir='ltr'><strong>sed</strong></span> <span class='ocrx_word' id='word_1_175' title='bbox 3178 907 3283 945; x_wconf 92' lang='lat' dir='ltr'><strong>non</strong></span> <span class='ocrx_word' id='word_1_176' title='bbox 3319 893 3623 946; x_wconf 83' lang='lat' dir='ltr'><strong>alienabilia</strong></span> <span class='ocrx_word' id='word_1_177' title='bbox 3662 926 3669 931; x_wconf 70' lang='grc' dir='ltr'><strong>ι</strong></span> 
     </span>
    </p>
   </div>
   <div class='ocr_carea' id='block_1_26' title="bbox 2066 980 3619 1054">
    <p class='ocr_par' dir='ltr' id='par_1_26' title="bbox 2066 980 3619 1054">
     <span class='ocr_line' id='line_1_26' title="bbox 2066 980 3619 1054; baseline 0.001 -18"><span class='ocrx_word' id='word_1_178' title='bbox 2066 999 2282 1037; x_wconf 86' lang='lat' dir='ltr'><strong>manere</strong></span> <span class='ocrx_word' id='word_1_179' title='bbox 2318 992 2589 1053; x_wconf 82' lang='lat' dir='ltr'><strong>oportere,</strong></span> <span class='ocrx_word' id='word_1_180' title='bbox 2625 985 2839 1040; x_wconf 86' lang='lat' dir='ltr'><strong>etiamsi</strong></span> <span class='ocrx_word' id='word_1_181' title='bbox 2891 986 3001 1040; x_wconf 89' lang='lat' dir='ltr'><strong>sint</strong></span> <span class='ocrx_word' id='word_1_182' title='bbox 3054 985 3122 1039; x_wconf 91' lang='lat' dir='ltr'><strong>iis</strong></span> <span class='ocrx_word' id='word_1_183' title='bbox 3178 1000 3299 1054; x_wconf 66' lang='lat' dir='ltr'><strong>quae</strong></span> <span class='ocrx_word' id='word_1_184' title='bbox 3330 980 3532 1038; x_wconf 80' lang='lat' dir='ltr'><strong>dantur</strong></span> <span class='ocrx_word' id='word_1_185' title='bbox 3566 985 3619 1037; x_wconf 91' lang='lat' dir='ltr'><strong>in</strong></span> 
     </span>
    </p>
   </div>
   <div class='ocr_carea' id='block_1_27' title="bbox 2065 1078 3624 1147">
    <p class='ocr_par' dir='ltr' id='par_1_27' title="bbox 2065 1078 3624 1147">
     <span class='ocr_line' id='line_1_27' title="bbox 2065 1078 3624 1147; baseline 0.003 -19"><span class='ocrx_word' id='word_1_186' title='bbox 2065 1078 2462 1147; x_wconf 81' lang='lat' dir='ltr'><strong>permutatione</strong></span> <span class='ocrx_word' id='word_1_187' title='bbox 2508 1079 2664 1147; x_wconf 80' lang='lat' dir='ltr'><strong>longe</strong></span> <span class='ocrx_word' id='word_1_188' title='bbox 2707 1078 2975 1132; x_wconf 84' lang='lat' dir='ltr'><strong>deteriora</strong></span> <span class='ocrx_word' id='word_1_189' title='bbox 3013 1094 3028 1132; x_wconf 87' lang='lat'><strong>:</strong></span> <span class='ocrx_word' id='word_1_190' title='bbox 3064 1079 3157 1133; x_wconf 88' lang='lat' dir='ltr'><strong>sed</strong></span> <span class='ocrx_word' id='word_1_191' title='bbox 3193 1079 3238 1133; x_wconf 88' lang='lat' dir='ltr'><strong>si</strong></span> <span class='ocrx_word' id='word_1_192' title='bbox 3280 1088 3624 1147; x_wconf 81' lang='lat' dir='ltr'><strong>permutans.</strong></span> 
     </span>
    </p>
   </div>
   <div class='ocr_carea' id='block_1_28' title="bbox 2066 1169 3630 1240">
    <p class='ocr_par' dir='ltr' id='par_1_28' title="bbox 2066 1169 3630 1240">
     <span class='ocr_line' id='line_1_28' title="bbox 2066 1169 3630 1240; baseline 0.002 -18"><span class='ocrx_word' id='word_1_193' title='bbox 2066 1169 2259 1238; x_wconf 85' lang='lat' dir='ltr'><strong>inquit,</strong></span> <span class='ocrx_word' id='word_1_194' title='bbox 2315 1169 2492 1239; x_wconf 86' lang='lat' dir='ltr'><strong>ipsum</strong></span> <span class='ocrx_word' id='word_1_195' title='bbox 2527 1172 2949 1237; x_wconf 74' lang='lat' dir='ltr'><strong>permntaveris,</strong></span> <span class='ocrx_word' id='word_1_196' title='bbox 2997 1171 3102 1225; x_wconf 88' lang='lat' dir='ltr'><strong>erit</strong></span> <span class='ocrx_word' id='word_1_197' title='bbox 3157 1180 3210 1224; x_wconf 87' lang='lat' dir='ltr'><strong>et</strong></span> <span class='ocrx_word' id='word_1_198' title='bbox 3251 1186 3314 1224; x_wconf 83' lang='lat' dir='ltr'><strong>ea</strong></span> <span class='ocrx_word' id='word_1_199' title='bbox 3362 1172 3478 1238; x_wconf 84' lang='lat' dir='ltr'><strong>ipsa</strong></span> <span class='ocrx_word' id='word_1_200' title='bbox 3510 1171 3630 1240; x_wconf 86' lang='lat' dir='ltr'><strong>ejus</strong></span> 
     </span>
    </p>
   </div>
   <div class='ocr_carea' id='block_1_29' title="bbox 2067 1259 3630 1330">
    <p class='ocr_par' dir='ltr' id='par_1_29' title="bbox 2067 1259 3630 1330">
     <span class='ocr_line' id='line_1_29' title="bbox 2067 1259 3630 1330; baseline 0.004 -20"><span class='ocrx_word' id='word_1_201' title='bbox 2067 1259 2400 1325; x_wconf 84' lang='lat' dir='ltr'><strong>permutatio</strong></span> <span class='ocrx_word' id='word_1_202' title='bbox 2454 1270 2664 1313; x_wconf 84' lang='lat' dir='ltr'><strong>sancta.</strong></span> <span class='ocrx_word' id='word_1_203' title='bbox 2718 1260 2858 1313; x_wconf 89' lang='lat' dir='ltr'><strong>Dicit</strong></span> <span class='ocrx_word' id='word_1_204' title='bbox 2912 1276 3043 1330; x_wconf 76' lang='lat' dir='ltr'><strong>ergo</strong></span> <span class='ocrx_word' id='word_1_205' title='bbox 3096 1276 3293 1326; x_wconf 86' lang='lat' dir='ltr'><strong>canon,</strong></span> <span class='ocrx_word' id='word_1_206' title='bbox 3349 1277 3457 1315; x_wconf 90' lang='lat' dir='ltr'><strong>non</strong></span> <span class='ocrx_word' id='word_1_207' title='bbox 3505 1277 3630 1317; x_wconf 86' lang='lat' dir='ltr'><strong>esse</strong></span> 
     </span>
    </p>
   </div>
   <div class='ocr_carea' id='block_1_30' title="bbox 2068 1350 3629 1423">
    <p class='ocr_par' dir='ltr' id='par_1_30' title="bbox 2068 1350 3629 1423">
     <span class='ocr_line' id='line_1_30' title="bbox 2068 1350 3629 1423; baseline 0.003 -21"><span class='ocrx_word' id='word_1_208' title='bbox 2068 1350 2413 1403; x_wconf 88' lang='lat' dir='ltr'><strong>alienandum</strong></span> <span class='ocrx_word' id='word_1_209' title='bbox 2439 1352 2518 1405; x_wconf 87' lang='lat' dir='ltr'><strong>vel</strong></span> <span class='ocrx_word' id='word_1_210' title='bbox 2557 1352 2879 1405; x_wconf 85' lang='lat' dir='ltr'><strong>tradendum</strong></span> <span class='ocrx_word' id='word_1_211' title='bbox 2906 1352 2977 1405; x_wconf 89' lang='lat' dir='ltr'><strong>ab</strong></span> <span class='ocrx_word' id='word_1_212' title='bbox 3004 1355 3287 1423; x_wconf 88' lang='lat' dir='ltr'><strong>episeopo,</strong></span> <span class='ocrx_word' id='word_1_213' title='bbox 3318 1354 3404 1406; x_wconf 87' lang='lat' dir='ltr'><strong>vel</strong></span> <span class='ocrx_word' id='word_1_214' title='bbox 3448 1368 3511 1407; x_wconf 91' lang='lat' dir='ltr'><strong>eo</strong></span> <span class='ocrx_word' id='word_1_215' title='bbox 3536 1356 3629 1423; x_wconf 91' lang='lat' dir='ltr'><strong>qui</strong></span> 
     </span>
    </p>
   </div>
   <div class='ocr_carea' id='block_1_31' title="bbox 2066 1444 3630 1514">
    <p class='ocr_par' dir='ltr' id='par_1_31' title="bbox 2066 1444 3630 1514">
     <span class='ocr_line' id='line_1_31' title="bbox 2066 1444 3630 1514; baseline 0.004 -21"><span class='ocrx_word' id='word_1_216' title='bbox 2066 1450 2260 1508; x_wconf 67' lang='lat' dir='ltr'><strong>prmest</strong></span> <span class='ocrx_word' id='word_1_217' title='bbox 2304 1444 2659 1508; x_wconf 85' lang='lat' dir='ltr'><strong>monasterio,</strong></span> <span class='ocrx_word' id='word_1_218' title='bbox 2696 1460 2882 1512; x_wconf 85' lang='lat' dir='ltr'><strong>agrum</strong></span> <span class='ocrx_word' id='word_1_219' title='bbox 2922 1444 3268 1514; x_wconf 82' lang='lat' dir='ltr'><strong>episcopatus</strong></span> <span class='ocrx_word' id='word_1_220' title='bbox 3303 1444 3389 1498; x_wconf 89' lang='lat' dir='ltr'><strong>vel</strong></span> <span class='ocrx_word' id='word_1_221' title='bbox 3438 1460 3630 1499; x_wconf 83' lang='lat' dir='ltr'><strong>mona-</strong></span> 
     </span>
    </p>
   </div>
   <div class='ocr_carea' id='block_1_32' title="bbox 2068 1534 3631 1597">
    <p class='ocr_par' dir='ltr' id='par_1_32' title="bbox 2068 1534 3631 1597">
     <span class='ocr_line' id='line_1_32' title="bbox 2068 1534 3631 1597; baseline 0.002 -11"><span class='ocrx_word' id='word_1_222' title='bbox 2068 1534 2246 1597; x_wconf 89' lang='lat' dir='ltr'><strong>sterii,</strong></span> <span class='ocrx_word' id='word_1_223' title='bbox 2277 1534 2358 1587; x_wconf 90' lang='lat' dir='ltr'><strong>vel</strong></span> <span class='ocrx_word' id='word_1_224' title='bbox 2394 1549 2514 1587; x_wconf 81' lang='lat' dir='ltr'><strong>esse</strong></span> <span class='ocrx_word' id='word_1_225' title='bbox 2546 1535 2757 1588; x_wconf 84' lang='lat' dir='ltr'><strong>irritum</strong></span> <span class='ocrx_word' id='word_1_226' title='bbox 2815 1536 3227 1597; x_wconf 81' lang='lat' dir='ltr'><strong>alienationem,</strong></span> <span class='ocrx_word' id='word_1_227' title='bbox 3260 1536 3341 1589; x_wconf 91' lang='lat' dir='ltr'><strong>vel</strong></span> <span class='ocrx_word' id='word_1_228' title='bbox 3382 1536 3631 1590; x_wconf 80' lang='lat' dir='ltr'><strong>traditio-</strong></span> 
     </span>
    </p>
   </div>
   <div class='ocr_carea' id='block_1_33' title="bbox 2067 1628 3629 1698">
    <p class='ocr_par' dir='ltr' id='par_1_33' title="bbox 2067 1628 3629 1698">
     <span class='ocr_line' id='line_1_33' title="bbox 2067 1628 3629 1698; baseline 0.003 -19"><span class='ocrx_word' id='word_1_229' title='bbox 2067 1642 2212 1688; x_wconf 90' lang='lat' dir='ltr'><strong>nem,</strong></span> <span class='ocrx_word' id='word_1_230' title='bbox 2245 1638 2302 1681; x_wconf 89' lang='lat' dir='ltr'><strong>ut</strong></span> <span class='ocrx_word' id='word_1_231' title='bbox 2323 1629 2435 1681; x_wconf 90' lang='lat' dir='ltr'><strong>vult</strong></span> <span class='ocrx_word' id='word_1_232' title='bbox 2456 1644 2632 1683; x_wconf 88' lang='lat' dir='ltr'><strong>canon</strong></span> <span class='ocrx_word' id='word_1_233' title='bbox 2667 1628 2734 1683; x_wconf 77' lang='lat'><strong>58</strong></span> <span class='ocrx_word' id='word_1_234' title='bbox 2762 1629 3370 1698; x_wconf 85' lang='lat' dir='ltr'><strong>apostolorum.Adjicit</strong></span> <span class='ocrx_word' id='word_1_235' title='bbox 3403 1639 3581 1683; x_wconf 85' lang='lat' dir='ltr'><strong>autem</strong></span> <span class='ocrx_word' id='word_1_236' title='bbox 3613 1646 3629 1683; x_wconf 88' lang='lat'><strong>:</strong></span> 
     </span>
    </p>
   </div>
   <div class='ocr_carea' id='block_1_34' title="bbox 404 1702 1966 1789">
    <p class='ocr_par' dir='ltr' id='par_1_34' title="bbox 404 1714 1961 1785">
     <span class='ocr_line' id='line_1_34' title="bbox 404 1714 1961 1785; baseline -0.001 -18"><span class='ocrx_word' id='word_1_237' title='bbox 404 1717 694 1785; x_wconf 72' lang='grc' dir='ltr'>φασίζεται</span> <span class='ocrx_word' id='word_1_238' title='bbox 741 1717 768 1768; x_wconf 90' lang='lat'><strong>6</strong></span> <span class='ocrx_word' id='word_1_239' title='bbox 825 1716 1124 1778; x_wconf 78' lang='grc' dir='ltr'>ἐπίσκοπος</span> <span class='ocrx_word' id='word_1_240' title='bbox 1176 1715 1207 1784; x_wconf 82' lang='grc' dir='ltr'>ἢ</span> <span class='ocrx_word' id='word_1_241' title='bbox 1248 1718 1275 1767; x_wconf 91' lang='lat'><strong>6</strong></span> <span class='ocrx_word' id='word_1_242' title='bbox 1323 1714 1621 1783; x_wconf 74' lang='grc' dir='ltr'>ἡγούμενος</span> <span class='ocrx_word' id='word_1_243' title='bbox 1669 1714 1961 1785; x_wconf 79' lang='grc' dir='ltr'>ἀπρόσοδον</span> 
     </span>
    </p>
   </div>
   <div class='ocr_carea' id='block_1_35' title="bbox 2069 1702 3635 1789">
    <p class='ocr_par' dir='ltr' id='par_1_35' title="bbox 2069 1719 3635 1789">
     <span class='ocr_line' id='line_1_35' title="bbox 2069 1719 3635 1789; baseline 0.002 -19"><span class='ocrx_word' id='word_1_244' title='bbox 2069 1719 2218 1783; x_wconf 78' lang='lat' dir='ltr'><strong>Quod</strong></span> <span class='ocrx_word' id='word_1_245' title='bbox 2266 1719 2311 1772; x_wconf 88' lang='lat' dir='ltr'><strong>si</strong></span> <span class='ocrx_word' id='word_1_246' title='bbox 2355 1730 2614 1774; x_wconf 86' lang='lat' dir='ltr'><strong>causetur</strong></span> <span class='ocrx_word' id='word_1_247' title='bbox 2662 1720 2879 1788; x_wconf 85' lang='lat' dir='ltr'><strong>quidem</strong></span> <span class='ocrx_word' id='word_1_248' title='bbox 2938 1721 3251 1789; x_wconf 83' lang='lat' dir='ltr'><strong>episcopus,</strong></span> <span class='ocrx_word' id='word_1_249' title='bbox 3309 1723 3393 1776; x_wconf 89' lang='lat' dir='ltr'><strong>vel</strong></span> <span class='ocrx_word' id='word_1_250' title='bbox 3446 1737 3635 1775; x_wconf 86' lang='lat' dir='ltr'><strong>mona-</strong></span> 
     </span>
    </p>
   </div>
   <div class='ocr_carea' id='block_1_36' title="bbox 400 1805 1959 1877">
    <p class='ocr_par' dir='ltr' id='par_1_36' title="bbox 400 1805 1959 1877">
     <span class='ocr_line' id='line_1_36' title="bbox 400 1805 1959 1877; baseline -0.003 -17"><span class='ocrx_word' id='word_1_251' title='bbox 400 1805 537 1860; x_wconf 84' lang='grc' dir='ltr'>εἶναι</span> <span class='ocrx_word' id='word_1_252' title='bbox 589 1807 680 1858; x_wconf 83' lang='grc' dir='ltr'><strong>τὸν</strong></span> <span class='ocrx_word' id='word_1_253' title='bbox 725 1805 913 1877; x_wconf 81' lang='grc' dir='ltr'>ἀγρὸν,</span> <span class='ocrx_word' id='word_1_254' title='bbox 952 1808 1045 1857; x_wconf 74' lang='grc' dir='ltr'><strong>καὶ</strong></span> <span class='ocrx_word' id='word_1_255' title='bbox 1099 1807 1217 1867; x_wconf 88' lang='grc' dir='ltr'>ταῖς</span> <span class='ocrx_word' id='word_1_256' title='bbox 1275 1805 1592 1872; x_wconf 75' lang='grc' dir='ltr'><strong>ἐκκλησίαις</strong></span> <span class='ocrx_word' id='word_1_257' title='bbox 1647 1806 1959 1873; x_wconf 74' lang='grc' dir='ltr'>ἐπιζήμιον,</span> 
     </span>
    </p>
   </div>
   <div class='ocr_carea' id='block_1_37' title="bbox 400 1886 1964 1969">
    <p class='ocr_par' dir='ltr' id='par_1_37' title="bbox 400 1886 1964 1969">
     <span class='ocr_line' id='line_1_37' title="bbox 400 1886 1964 1969; baseline -0.012 -15"><span class='ocrx_word' id='word_1_258' title='bbox 400 1901 433 1969; x_wconf 85' lang='grc' dir='ltr'><strong>ἡ</strong></span> <span class='ocrx_word' id='word_1_259' title='bbox 469 1900 569 1967; x_wconf 81' lang='grc' dir='ltr'><strong>μὲν</strong></span> <span class='ocrx_word' id='word_1_260' title='bbox 616 1899 836 1961; x_wconf 83' lang='grc' dir='ltr'>ἐκδοσις</span> <span class='ocrx_word' id='word_1_261' title='bbox 868 1886 1060 1949; x_wconf 76' lang='grc' dir='ltr'>τούτου</span> <span class='ocrx_word' id='word_1_262' title='bbox 1099 1896 1355 1964; x_wconf 76' lang='grc' dir='ltr'><strong>γινέσθω,</strong></span> <span class='ocrx_word' id='word_1_263' title='bbox 1395 1896 1532 1964; x_wconf 78' lang='grc' dir='ltr'>πλὴν</span> <span class='ocrx_word' id='word_1_264' title='bbox 1564 1896 1637 1966; x_wconf 79' lang='grc' dir='ltr'>μὴ</span> <span class='ocrx_word' id='word_1_265' title='bbox 1694 1896 1830 1965; x_wconf 77' lang='grc' dir='ltr'>πρὸς</span> <span class='ocrx_word' id='word_1_266' title='bbox 1866 1896 1964 1965; x_wconf 80' lang='grc' dir='ltr'>ἀρ..</span> 
     </span>
    </p>
   </div>
   <div class='ocr_carea' id='block_1_38' title="bbox 399 1985 1964 2059">
    <p class='ocr_par' dir='ltr' id='par_1_38' title="bbox 399 1985 1964 2059">
     <span class='ocr_line' id='line_1_38' title="bbox 399 1985 1964 2059; baseline -0.003 -18"><span class='ocrx_word' id='word_1_267' title='bbox 399 1988 623 2059; x_wconf 82' lang='grc' dir='ltr'>χοντικὰ</span> <span class='ocrx_word' id='word_1_268' title='bbox 645 1990 936 2058; x_wconf 76' lang='grc' dir='ltr'>πρόσωπα,</span> <span class='ocrx_word' id='word_1_269' title='bbox 971 1985 1106 2039; x_wconf 78' lang='grc' dir='ltr'>ἀλλὰ</span> <span class='ocrx_word' id='word_1_270' title='bbox 1133 1987 1265 2055; x_wconf 79' lang='grc' dir='ltr'>πρὸς</span> <span class='ocrx_word' id='word_1_271' title='bbox 1297 1986 1562 2055; x_wconf 73' lang='grc' dir='ltr'>χωριτικὰ</span> <span class='ocrx_word' id='word_1_272' title='bbox 1597 1986 1629 2059; x_wconf 75' lang='grc' dir='ltr'><strong>ἢ</strong></span> <span class='ocrx_word' id='word_1_273' title='bbox 1671 1986 1804 2056; x_wconf 76' lang='grc' dir='ltr'>πρὸς</span> <span class='ocrx_word' id='word_1_274' title='bbox 1836 1986 1964 2055; x_wconf 86' lang='grc' dir='ltr'>κλη-</span> 
     </span>
    </p>
   </div>
   <div class='ocr_carea' id='block_1_39' title="bbox 406 2072 1960 2151">
    <p class='ocr_par' dir='ltr' id='par_1_39' title="bbox 406 2072 1960 2151">
     <span class='ocr_line' id='line_1_39' title="bbox 406 2072 1960 2151; baseline -0.002 -19"><span class='ocrx_word' id='word_1_275' title='bbox 406 2079 614 2151; x_wconf 81' lang='grc' dir='ltr'>ρικούς.</span> <span class='ocrx_word' id='word_1_276' title='bbox 661 2079 813 2131; x_wconf 75' lang='grc' dir='ltr'>Ἐπεὶ</span> <span class='ocrx_word' id='word_1_277' title='bbox 837 2077 894 2129; x_wconf 84' lang='grc' dir='ltr'>δὲ</span> <span class='ocrx_word' id='word_1_278' title='bbox 928 2077 1038 2129; x_wconf 82' lang='grc' dir='ltr'>τῶν</span> <span class='ocrx_word' id='word_1_279' title='bbox 1074 2077 1300 2129; x_wconf 79' lang='grc' dir='ltr'><strong>εἰκότων</strong></span> <span class='ocrx_word' id='word_1_280' title='bbox 1333 2072 1397 2147; x_wconf 79' lang='grc' dir='ltr'>ἦν</span> <span class='ocrx_word' id='word_1_281' title='bbox 1430 2079 1839 2148; x_wconf 63' lang='grc' dir='ltr'>περιγραφῆναι</span> <span class='ocrx_word' id='word_1_282' title='bbox 1870 2080 1960 2130; x_wconf 79' lang='grc' dir='ltr'><strong>τὸν</strong></span> 
     </span>
    </p>
   </div>
   <div class='ocr_carea' id='block_1_40' title="bbox 403 2171 1961 2242">
    <p class='ocr_par' dir='ltr' id='par_1_40' title="bbox 403 2171 1961 2242">
     <span class='ocr_line' id='line_1_40' title="bbox 403 2171 1961 2242; baseline -0.002 -16"><span class='ocrx_word' id='word_1_283' title='bbox 403 2174 608 2226; x_wconf 83' lang='grc' dir='ltr'>κανόνα</span> <span class='ocrx_word' id='word_1_284' title='bbox 645 2173 795 2242; x_wconf 76' lang='grc' dir='ltr'>παρά</span> <span class='ocrx_word' id='word_1_285' title='bbox 828 2188 1008 2234; x_wconf 89' lang='grc' dir='ltr'>τινων,</span> <span class='ocrx_word' id='word_1_286' title='bbox 1040 2171 1246 2239; x_wconf 83' lang='grc' dir='ltr'>ὥρισαν</span> <span class='ocrx_word' id='word_1_287' title='bbox 1275 2172 1324 2222; x_wconf 78' lang='lat' dir='ltr'><strong>oi</strong></span> <span class='ocrx_word' id='word_1_288' title='bbox 1352 2172 1589 2238; x_wconf 84' lang='grc' dir='ltr'>Πατέρες</span> <span class='ocrx_word' id='word_1_289' title='bbox 1620 2171 1715 2233; x_wconf 84' lang='grc' dir='ltr'>ὡς,</span> <span class='ocrx_word' id='word_1_290' title='bbox 1749 2174 1800 2226; x_wconf 83' lang='grc' dir='ltr'><strong>εί</strong></span> <span class='ocrx_word' id='word_1_291' title='bbox 1830 2189 1961 2223; x_wconf 83' lang='grc' dir='ltr'>ποτε</span> 
     </span>
    </p>
   </div>
   <div class='ocr_carea' id='block_1_41' title="bbox 408 2260 1962 2331">
    <p class='ocr_par' dir='ltr' id='par_1_41' title="bbox 408 2260 1962 2331">
     <span class='ocr_line' id='line_1_41' title="bbox 408 2260 1962 2331; baseline 0.002 -20"><span class='ocrx_word' id='word_1_292' title='bbox 408 2262 548 2331; x_wconf 74' lang='grc' dir='ltr'>μετὰ</span> <span class='ocrx_word' id='word_1_293' title='bbox 591 2260 924 2329; x_wconf 80' lang='grc' dir='ltr'>πανουργίας</span> <span class='ocrx_word' id='word_1_294' title='bbox 982 2260 1240 2330; x_wconf 79' lang='grc' dir='ltr'><strong>περιέλθῃ</strong></span> <span class='ocrx_word' id='word_1_295' title='bbox 1292 2266 1368 2324; x_wconf 77' lang='grc' dir='ltr'>εἰς</span> <span class='ocrx_word' id='word_1_296' title='bbox 1414 2262 1636 2313; x_wconf 80' lang='grc' dir='ltr'>δυνατὸν</span> <span class='ocrx_word' id='word_1_297' title='bbox 1675 2264 1962 2330; x_wconf 78' lang='grc' dir='ltr'>πρόσωπον</span> 
     </span>
    </p>
   </div>
   <div class='ocr_carea' id='block_1_42' title="bbox 407 2352 1960 2424">
    <p class='ocr_par' dir='ltr' id='par_1_42' title="bbox 407 2352 1960 2424">
     <span class='ocr_line' id='line_1_42' title="bbox 407 2352 1960 2424; baseline -0.001 -19"><span class='ocrx_word' id='word_1_298' title='bbox 407 2353 639 2424; x_wconf 77' lang='grc' dir='ltr'>πρᾶγμα</span> <span class='ocrx_word' id='word_1_299' title='bbox 670 2352 1119 2422; x_wconf 72' lang='grc' dir='ltr'>ἐκκλησιαστικὸν</span> <span class='ocrx_word' id='word_1_300' title='bbox 1151 2353 1240 2405; x_wconf 83' lang='grc' dir='ltr'><strong>διὰ</strong></span> <span class='ocrx_word' id='word_1_301' title='bbox 1269 2355 1435 2423; x_wconf 80' lang='grc' dir='ltr'>μέσου</span> <span class='ocrx_word' id='word_1_302' title='bbox 1467 2354 1725 2408; x_wconf 76' lang='grc' dir='ltr'>ταπεινοῦ</span> <span class='ocrx_word' id='word_1_303' title='bbox 1761 2354 1791 2422; x_wconf 84' lang='grc' dir='ltr'>ἦ</span> <span class='ocrx_word' id='word_1_304' title='bbox 1830 2354 1960 2423; x_wconf 78' lang='grc' dir='ltr'>κλη-</span> 
     </span>
    </p>
   </div>
   <div class='ocr_carea' id='block_1_43' title="bbox 403 2427 1962 2516">
    <p class='ocr_par' dir='ltr' id='par_1_43' title="bbox 403 2443 1962 2516">
     <span class='ocr_line' id='line_1_43' title="bbox 403 2443 1962 2516; baseline 0.001 -20"><span class='ocrx_word' id='word_1_305' title='bbox 403 2444 561 2516; x_wconf 81' lang='grc' dir='ltr'><strong>ρικοῦ</strong></span> <span class='ocrx_word' id='word_1_306' title='bbox 599 2443 888 2513; x_wconf 83' lang='grc' dir='ltr'>προσώπου</span> <span class='ocrx_word' id='word_1_307' title='bbox 941 2446 1454 2515; x_wconf 68' lang='grc' dir='ltr'>προσποιησαμένου</span> <span class='ocrx_word' id='word_1_308' title='bbox 1516 2445 1962 2513; x_wconf 75' lang='grc' dir='ltr'>ἐκλαμϐάνεσθαι</span> 
     </span>
    </p>
   </div>
   <div class='ocr_carea' id='block_1_44' title="bbox 403 2531 1962 2610">
    <p class='ocr_par' dir='ltr' id='par_1_44' title="bbox 403 2531 1962 2610">
     <span class='ocr_line' id='line_1_44' title="bbox 403 2531 1962 2610; baseline -0.001 -21"><span class='ocrx_word' id='word_1_309' title='bbox 403 2538 464 2589; x_wconf 87' lang='grc' dir='ltr'><strong>τὸ</strong></span> <span class='ocrx_word' id='word_1_310' title='bbox 500 2537 790 2605; x_wconf 81' lang='grc' dir='ltr'>ἀκίνητον·</span> <span class='ocrx_word' id='word_1_311' title='bbox 829 2531 969 2589; x_wconf 82' lang='grc' dir='ltr'>εἶναι</span> <span class='ocrx_word' id='word_1_312' title='bbox 1026 2536 1125 2605; x_wconf 85' lang='grc' dir='ltr'><strong>μὲν</strong></span> <span class='ocrx_word' id='word_1_313' title='bbox 1154 2538 1247 2588; x_wconf 77' lang='grc' dir='ltr'><strong>καὶ</strong></span> <span class='ocrx_word' id='word_1_314' title='bbox 1291 2537 1430 2589; x_wconf 82' lang='grc' dir='ltr'>οὕτω</span> <span class='ocrx_word' id='word_1_315' title='bbox 1476 2541 1543 2591; x_wconf 78' lang='grc' dir='ltr'>τὰ</span> <span class='ocrx_word' id='word_1_316' title='bbox 1593 2538 1962 2610; x_wconf 82' lang='grc' dir='ltr'>προγεγονότα</span> 
     </span>
    </p>
   </div>
   <div class='ocr_carea' id='block_1_45' title="bbox 405 2629 1963 2699">
    <p class='ocr_par' dir='ltr' id='par_1_45' title="bbox 405 2629 1963 2699">
     <span class='ocr_line' id='line_1_45' title="bbox 405 2629 1963 2699; baseline -0.001 -16"><span class='ocrx_word' id='word_1_317' title='bbox 405 2630 605 2698; x_wconf 77' lang='grc' dir='ltr'>ἄκυρα,</span> <span class='ocrx_word' id='word_1_318' title='bbox 644 2630 739 2681; x_wconf 73' lang='grc' dir='ltr'><strong>καὶ</strong></span> <span class='ocrx_word' id='word_1_319' title='bbox 769 2629 1232 2681; x_wconf 73' lang='grc' dir='ltr'>ἀποκαθίστασθαι</span> <span class='ocrx_word' id='word_1_320' title='bbox 1265 2632 1329 2698; x_wconf 79' lang='grc' dir='ltr'>τῇ</span> <span class='ocrx_word' id='word_1_321' title='bbox 1362 2629 1624 2699; x_wconf 73' lang='grc' dir='ltr'>ἐκκλησίᾳ</span> <span class='ocrx_word' id='word_1_322' title='bbox 1654 2632 1715 2681; x_wconf 84' lang='grc' dir='ltr'><strong>τὸ</strong></span> <span class='ocrx_word' id='word_1_323' title='bbox 1772 2630 1963 2697; x_wconf 81' lang='grc' dir='ltr'>ἀκίνη-</span> 
     </span>
    </p>
   </div>
   <div class='ocr_carea' id='block_1_46' title="bbox 406 2720 1962 2790">
    <p class='ocr_par' dir='ltr' id='par_1_46' title="bbox 406 2720 1962 2790">
     <span class='ocr_line' id='line_1_46' title="bbox 406 2720 1962 2790; baseline -0.001 -18"><span class='ocrx_word' id='word_1_324' title='bbox 406 2736 499 2775; x_wconf 89' lang='grc' dir='ltr'><strong>τον</strong></span> <span class='ocrx_word' id='word_1_325' title='bbox 523 2740 535 2751; x_wconf 89' lang='grc'>·</span> <span class='ocrx_word' id='word_1_326' title='bbox 570 2720 935 2773; x_wconf 75' lang='grc' dir='ltr'>ἐκϐάλλεσθαι</span> <span class='ocrx_word' id='word_1_327' title='bbox 971 2722 1027 2773; x_wconf 86' lang='grc' dir='ltr'>δὲ</span> <span class='ocrx_word' id='word_1_328' title='bbox 1054 2722 1145 2772; x_wconf 75' lang='grc' dir='ltr'><strong>καὶ</strong></span> <span class='ocrx_word' id='word_1_329' title='bbox 1176 2720 1266 2772; x_wconf 71' lang='grc' dir='ltr'><strong>τὸν</strong></span> <span class='ocrx_word' id='word_1_330' title='bbox 1293 2720 1448 2773; x_wconf 77' lang='grc' dir='ltr'>τοῦτο</span> <span class='ocrx_word' id='word_1_331' title='bbox 1483 2722 1788 2790; x_wconf 83' lang='grc' dir='ltr'>ποιήσαντα</span> <span class='ocrx_word' id='word_1_332' title='bbox 1841 2722 1962 2773; x_wconf 83' lang='grc' dir='ltr'>ἐπί-</span> 
     </span>
    </p>
   </div>
   <div class='ocr_carea' id='block_1_47' title="bbox 407 2811 1955 2883">
    <p class='ocr_par' dir='ltr' id='par_1_47' title="bbox 407 2811 1955 2883">
     <span class='ocr_line' id='line_1_47' title="bbox 407 2811 1955 2883; baseline -0.001 -18"><span class='ocrx_word' id='word_1_333' title='bbox 407 2829 609 2865; x_wconf 87' lang='grc' dir='ltr'>σκοπον</span> <span class='ocrx_word' id='word_1_334' title='bbox 632 2812 668 2883; x_wconf 79' lang='grc' dir='ltr'>ἢ</span> <span class='ocrx_word' id='word_1_335' title='bbox 705 2813 1007 2882; x_wconf 66' lang='grc' dir='ltr'>ἡγούμενον</span> <span class='ocrx_word' id='word_1_336' title='bbox 1034 2813 1140 2864; x_wconf 72' lang='grc' dir='ltr'><strong>ἀπὸ</strong></span> <span class='ocrx_word' id='word_1_337' title='bbox 1175 2812 1269 2865; x_wconf 81' lang='grc' dir='ltr'>τοῦ</span> <span class='ocrx_word' id='word_1_338' title='bbox 1299 2812 1650 2877; x_wconf 73' lang='grc' dir='ltr'>ἐτι-,ισκοπείου</span> <span class='ocrx_word' id='word_1_339' title='bbox 1681 2811 1713 2881; x_wconf 86' lang='grc' dir='ltr'>ἢ</span> <span class='ocrx_word' id='word_1_340' title='bbox 1750 2814 1813 2864; x_wconf 88' lang='grc' dir='ltr'><strong>ἐκ</strong></span> <span class='ocrx_word' id='word_1_341' title='bbox 1861 2812 1955 2864; x_wconf 84' lang='grc' dir='ltr'>τοῦ</span> 
     </span>
    </p>
   </div>
   <div class='ocr_carea' id='block_1_48' title="bbox 406 2905 1964 2978">
    <p class='ocr_par' dir='ltr' id='par_1_48' title="bbox 406 2905 1964 2978">
     <span class='ocr_line' id='line_1_48' title="bbox 406 2905 1964 2978; baseline -0.001 -20"><span class='ocrx_word' id='word_1_342' title='bbox 406 2908 781 2978; x_wconf 80' lang='grc' dir='ltr'>ήγουμενείου.</span> <span class='ocrx_word' id='word_1_343' title='bbox 835 2908 943 2959; x_wconf 70' lang='grc' dir='ltr'>Καὶ</span> <span class='ocrx_word' id='word_1_344' title='bbox 1010 2907 1038 2958; x_wconf 91' lang='lat'><strong>6</strong></span> <span class='ocrx_word' id='word_1_345' title='bbox 1084 2907 1180 2976; x_wconf 88' lang='grc' dir='ltr'><strong>μέν</strong></span> <span class='ocrx_word' id='word_1_346' title='bbox 1232 2909 1410 2959; x_wconf 85' lang='grc' dir='ltr'>κανὼν</span> <span class='ocrx_word' id='word_1_347' title='bbox 1466 2908 1659 2959; x_wconf 84' lang='grc' dir='ltr'>ταῦτα.</span> <span class='ocrx_word' id='word_1_348' title='bbox 1697 2906 1850 2959; x_wconf 77' lang='grc' dir='ltr'>Ἐπεὶ</span> <span class='ocrx_word' id='word_1_349' title='bbox 1908 2905 1964 2958; x_wconf 84' lang='grc' dir='ltr'>δὲ</span> 
     </span>
    </p>
   </div>
   <div class='ocr_carea' id='block_1_49' title="bbox 405 2991 1966 3068">
    <p class='ocr_par' dir='ltr' id='par_1_49' title="bbox 405 2991 1966 3068">
     <span class='ocr_line' id='line_1_49' title="bbox 405 2991 1966 3068; baseline -0.002 -17"><span class='ocrx_word' id='word_1_350' title='bbox 405 2998 707 3067; x_wconf 73' lang='grc' dir='ltr'>αὑτούργιά</span> <span class='ocrx_word' id='word_1_351' title='bbox 730 3000 837 3050; x_wconf 88' lang='grc' dir='ltr'>είσι</span> <span class='ocrx_word' id='word_1_352' title='bbox 863 2997 931 3049; x_wconf 84' lang='grc' dir='ltr'><strong>τὰ</strong></span> <span class='ocrx_word' id='word_1_353' title='bbox 955 2998 1014 3063; x_wconf 85' lang='grc' dir='ltr'><strong>ἐξ</strong></span> <span class='ocrx_word' id='word_1_354' title='bbox 1039 2996 1218 3051; x_wconf 75' lang='grc' dir='ltr'>αὐτῶν</span> <span class='ocrx_word' id='word_1_355' title='bbox 1243 2998 1349 3050; x_wconf 78' lang='grc' dir='ltr'><strong>τῶν</strong></span> <span class='ocrx_word' id='word_1_356' title='bbox 1376 2996 1713 3068; x_wconf 83' lang='grc' dir='ltr'>πραγμάτων</span> <span class='ocrx_word' id='word_1_357' title='bbox 1735 3000 1829 3049; x_wconf 81' lang='grc' dir='ltr'>καὶ</span> <span class='ocrx_word' id='word_1_358' title='bbox 1856 2991 1966 3049; x_wconf 75' lang='grc' dir='ltr'>οἷον</span> 
     </span>
    </p>
   </div>
   <div class='ocr_carea' id='block_1_50' title="bbox 404 3087 1962 3158">
    <p class='ocr_par' dir='ltr' id='par_1_50' title="bbox 404 3087 1962 3158">
     <span class='ocr_line' id='line_1_50' title="bbox 404 3087 1962 3158; baseline -0.001 -17"><span class='ocrx_word' id='word_1_359' title='bbox 404 3087 618 3142; x_wconf 76' lang='grc' dir='ltr'>οἴκοθεν</span> <span class='ocrx_word' id='word_1_360' title='bbox 674 3088 883 3141; x_wconf 74' lang='grc' dir='ltr'>διδόντα</span> <span class='ocrx_word' id='word_1_361' title='bbox 938 3090 1063 3150; x_wconf 88' lang='grc' dir='ltr'>τοὺς</span> <span class='ocrx_word' id='word_1_362' title='bbox 1121 3089 1391 3158; x_wconf 82' lang='grc' dir='ltr'>καρποὺς,</span> <span class='ocrx_word' id='word_1_363' title='bbox 1440 3088 1515 3150; x_wconf 82' lang='grc' dir='ltr'>ὡς</span> <span class='ocrx_word' id='word_1_364' title='bbox 1549 3089 1608 3141; x_wconf 76' lang='lat' dir='ltr'><strong>al.</strong></span> <span class='ocrx_word' id='word_1_365' title='bbox 1665 3088 1872 3155; x_wconf 72' lang='grc' dir='ltr'>ἁλικαὶ,</span> <span class='ocrx_word' id='word_1_366' title='bbox 1912 3088 1962 3139; x_wconf 78' lang='lat' dir='ltr'><strong>oi</strong></span> 
     </span>
    </p>
   </div>
   <div class='ocr_carea' id='block_1_51' title="bbox 404 3180 1966 3251">
    <p class='ocr_par' dir='ltr' id='par_1_51' title="bbox 404 3180 1966 3251">
     <span class='ocr_line' id='line_1_51' title="bbox 404 3180 1966 3251; baseline -0.002 -16"><span class='ocrx_word' id='word_1_367' title='bbox 404 3182 686 3244; x_wconf 83' lang='grc' dir='ltr'>ἐλαιῶνες,</span> <span class='ocrx_word' id='word_1_368' title='bbox 722 3183 771 3234; x_wconf 88' lang='grc' dir='ltr'>οἱ</span> <span class='ocrx_word' id='word_1_369' title='bbox 832 3181 1173 3251; x_wconf 81' lang='grc' dir='ltr'>ἀμπελῶνες,</span> <span class='ocrx_word' id='word_1_370' title='bbox 1236 3183 1286 3233; x_wconf 76' lang='lat' dir='ltr'><strong>oi</strong></span> <span class='ocrx_word' id='word_1_371' title='bbox 1345 3180 1631 3234; x_wconf 79' lang='grc' dir='ltr'>λιὸαδιαῖοι</span> <span class='ocrx_word' id='word_1_372' title='bbox 1687 3180 1868 3243; x_wconf 85' lang='grc' dir='ltr'>τόποι,</span> <span class='ocrx_word' id='word_1_373' title='bbox 1917 3180 1966 3232; x_wconf 84' lang='grc' dir='ltr'>οἱ</span> 
     </span>
    </p>
   </div>
   <div class='ocr_carea' id='block_1_52' title="bbox 406 3276 1963 3347">
    <p class='ocr_par' dir='ltr' id='par_1_52' title="bbox 406 3276 1963 3347">
     <span class='ocr_line' id='line_1_52' title="bbox 406 3276 1963 3347; baseline -0.001 -17"><span class='ocrx_word' id='word_1_374' title='bbox 406 3276 718 3347; x_wconf 84' lang='grc' dir='ltr'>ὑδρόμυλοι,</span> <span class='ocrx_word' id='word_1_375' title='bbox 748 3276 817 3329; x_wconf 84' lang='grc' dir='ltr'>τὰ</span> <span class='ocrx_word' id='word_1_376' title='bbox 843 3278 1131 3346; x_wconf 82' lang='grc' dir='ltr'>κεραμεῖα,</span> <span class='ocrx_word' id='word_1_377' title='bbox 1162 3277 1236 3340; x_wconf 79' lang='grc' dir='ltr'>ὡς</span> <span class='ocrx_word' id='word_1_378' title='bbox 1267 3278 1361 3330; x_wconf 74' lang='grc' dir='ltr'><strong>καὶ</strong></span> <span class='ocrx_word' id='word_1_379' title='bbox 1409 3277 1474 3329; x_wconf 81' lang='grc' dir='ltr'>τὰ</span> <span class='ocrx_word' id='word_1_380' title='bbox 1506 3276 1666 3328; x_wconf 81' lang='grc' dir='ltr'>λοιπὰ</span> <span class='ocrx_word' id='word_1_381' title='bbox 1700 3276 1925 3329; x_wconf 83' lang='grc' dir='ltr'>τοιαῦτα</span> <span class='ocrx_word' id='word_1_382' title='bbox 1947 3291 1963 3307; x_wconf 77' lang='grc'><strong><em>⁸</em></strong></span> 
     </span>
    </p>
   </div>
   <div class='ocr_carea' id='block_1_53' title="bbox 406 3368 1964 3443">
    <p class='ocr_par' dir='ltr' id='par_1_53' title="bbox 406 3368 1964 3443">
     <span class='ocr_line' id='line_1_53' title="bbox 406 3368 1964 3443; baseline -0.003 -21"><span class='ocrx_word' id='word_1_383' title='bbox 406 3370 681 3440; x_wconf 76' lang='grc' dir='ltr'>ἐρωτήσει</span> <span class='ocrx_word' id='word_1_384' title='bbox 710 3385 812 3433; x_wconf 89' lang='grc' dir='ltr'>τις,</span> <span class='ocrx_word' id='word_1_385' title='bbox 847 3369 979 3437; x_wconf 81' lang='grc' dir='ltr'>Περὶ</span> <span class='ocrx_word' id='word_1_386' title='bbox 1004 3370 1257 3421; x_wconf 78' lang='grc' dir='ltr'>τοιούτων</span> <span class='ocrx_word' id='word_1_387' title='bbox 1292 3368 1636 3443; x_wconf 80' lang='grc' dir='ltr'>αὐτουργίων</span> <span class='ocrx_word' id='word_1_388' title='bbox 1668 3368 1964 3438; x_wconf 72' lang='grc' dir='ltr'>διορίζεται</span> 
     </span>
    </p>
   </div>
   <div class='ocr_carea' id='block_1_54' title="bbox 406 3462 1975 3535">
    <p class='ocr_par' dir='ltr' id='par_1_54' title="bbox 406 3462 1975 3535">
     <span class='ocr_line' id='line_1_54' title="bbox 406 3462 1975 3535; baseline -0.001 -20"><span class='ocrx_word' id='word_1_389' title='bbox 406 3462 702 3532; x_wconf 81' lang='grc' dir='ltr'>ὁκανὼνῆ</span> <span class='ocrx_word' id='word_1_390' title='bbox 754 3462 879 3531; x_wconf 78' lang='grc' dir='ltr'>περὶ</span> <span class='ocrx_word' id='word_1_391' title='bbox 932 3462 1131 3523; x_wconf 82' lang='grc' dir='ltr'>παντὸς</span> <span class='ocrx_word' id='word_1_392' title='bbox 1186 3462 1512 3532; x_wconf 74' lang='grc' dir='ltr'>εὐπροσόδου</span> <span class='ocrx_word' id='word_1_393' title='bbox 1549 3462 1829 3531; x_wconf 84' lang='grc' dir='ltr'>ἀκινήτου,</span> <span class='ocrx_word' id='word_1_394' title='bbox 1872 3462 1975 3535; x_wconf 62' lang='grc' dir='ltr'><strong>καὶ</strong></span> 
     </span>
    </p>
   </div>
   <div class='ocr_carea' id='block_1_55' title="bbox 412 3554 1971 3628">
    <p class='ocr_par' dir='ltr' id='par_1_55' title="bbox 412 3554 1971 3628">
     <span class='ocr_line' id='line_1_55' title="bbox 412 3554 1971 3628; baseline -0.002 -18"><span class='ocrx_word' id='word_1_395' title='bbox 412 3557 615 3628; x_wconf 78' lang='grc' dir='ltr'>μᾶλλον</span> <span class='ocrx_word' id='word_1_396' title='bbox 672 3557 753 3609; x_wconf 83' lang='grc' dir='ltr'>ὅτι</span> <span class='ocrx_word' id='word_1_397' title='bbox 789 3558 913 3626; x_wconf 73' lang='grc' dir='ltr'>περὶ</span> <span class='ocrx_word' id='word_1_398' title='bbox 938 3554 1003 3607; x_wconf 82' lang='grc' dir='ltr'>τὸ</span> <span class='ocrx_word' id='word_1_399' title='bbox 1026 3554 1175 3617; x_wconf 87' lang='grc' dir='ltr'>τέλος</span> <span class='ocrx_word' id='word_1_400' title='bbox 1204 3554 1510 3623; x_wconf 80' lang='grc' dir='ltr'>ἐπιζημίων</span> <span class='ocrx_word' id='word_1_401' title='bbox 1540 3555 1727 3625; x_wconf 80' lang='grc' dir='ltr'>ἀγρῶν</span> <span class='ocrx_word' id='word_1_402' title='bbox 1762 3556 1971 3626; x_wconf 82' lang='grc' dir='ltr'>μέμνη-</span> 
     </span>
    </p>
   </div>
   <div class='ocr_carea' id='block_1_56' title="bbox 408 3646 1967 3717">
    <p class='ocr_par' dir='ltr' id='par_1_56' title="bbox 408 3646 1967 3717">
     <span class='ocr_line' id='line_1_56' title="bbox 408 3646 1967 3717; baseline -0.002 -14"><span class='ocrx_word' id='word_1_403' title='bbox 408 3667 536 3715; x_wconf 82' lang='grc' dir='ltr'>ται;</span> <span class='ocrx_word' id='word_1_404' title='bbox 584 3648 772 3710; x_wconf 81' lang='grc' dir='ltr'>Λύσις.</span> <span class='ocrx_word' id='word_1_405' title='bbox 806 3648 939 3717; x_wconf 77' lang='grc' dir='ltr'>Περὶ</span> <span class='ocrx_word' id='word_1_406' title='bbox 987 3646 1309 3716; x_wconf 76' lang='grc' dir='ltr'>ἀμφοτέρων</span> <span class='ocrx_word' id='word_1_407' title='bbox 1370 3647 1633 3712; x_wconf 74' lang='grc' dir='ltr'>θεσπίζει,</span> <span class='ocrx_word' id='word_1_408' title='bbox 1688 3649 1780 3700; x_wconf 89' lang='grc' dir='ltr'><strong>καί</strong></span> <span class='ocrx_word' id='word_1_409' title='bbox 1834 3665 1967 3717; x_wconf 82' lang='grc' dir='ltr'>φησι</span> 
     </span>
    </p>
   </div>
   <div class='ocr_carea' id='block_1_57' title="bbox 408 3739 1970 3812">
    <p class='ocr_par' dir='ltr' id='par_1_57' title="bbox 408 3739 1970 3812">
     <span class='ocr_line' id='line_1_57' title="bbox 408 3739 1970 3812; baseline -0.003 -16"><span class='ocrx_word' id='word_1_410' title='bbox 408 3743 480 3797; x_wconf 76' lang='grc' dir='ltr'>τὰ</span> <span class='ocrx_word' id='word_1_411' title='bbox 509 3742 606 3812; x_wconf 85' lang='grc' dir='ltr'><strong>μὲν</strong></span> <span class='ocrx_word' id='word_1_412' title='bbox 630 3740 930 3810; x_wconf 78' lang='grc' dir='ltr'>εὐπρόσοδα</span> <span class='ocrx_word' id='word_1_413' title='bbox 954 3740 1025 3800; x_wconf 78' lang='grc' dir='ltr'><strong>ὡς</strong></span> <span class='ocrx_word' id='word_1_414' title='bbox 1052 3739 1347 3809; x_wconf 79' lang='grc' dir='ltr'>αὑτούργια</span> <span class='ocrx_word' id='word_1_415' title='bbox 1378 3739 1453 3810; x_wconf 85' lang='grc' dir='ltr'>μὴ</span> <span class='ocrx_word' id='word_1_416' title='bbox 1475 3741 1806 3792; x_wconf 80' lang='grc' dir='ltr'>ἐκποιείσθαι</span> <span class='ocrx_word' id='word_1_417' title='bbox 1836 3741 1970 3810; x_wconf 87' lang='grc' dir='ltr'><strong>μηδέ</strong></span> 
     </span>
    </p>
   </div>
   <div class='ocr_carea' id='block_1_58' title="bbox 408 3830 1967 3903">
    <p class='ocr_par' dir='ltr' id='par_1_58' title="bbox 408 3830 1967 3903">
     <span class='ocr_line' id='line_1_58' title="bbox 408 3830 1967 3903; baseline -0.001 -14"><span class='ocrx_word' id='word_1_418' title='bbox 408 3835 747 3889; x_wconf 82' lang='grc' dir='ltr'>ἐκδίδοσθαι·</span> <span class='ocrx_word' id='word_1_419' title='bbox 784 3833 877 3886; x_wconf 80' lang='grc' dir='ltr'><strong>τὸν</strong></span> <span class='ocrx_word' id='word_1_420' title='bbox 910 3832 966 3885; x_wconf 84' lang='grc' dir='ltr'>δὲ</span> <span class='ocrx_word' id='word_1_421' title='bbox 1016 3835 1081 3901; x_wconf 80' lang='grc' dir='ltr'>τῇ</span> <span class='ocrx_word' id='word_1_422' title='bbox 1115 3830 1338 3901; x_wconf 60' lang='grc' dir='ltr'>ἀληθείᾳ</span> <span class='ocrx_word' id='word_1_423' title='bbox 1370 3836 1465 3884; x_wconf 77' lang='grc' dir='ltr'>καὶ</span> <span class='ocrx_word' id='word_1_424' title='bbox 1495 3833 1568 3902; x_wconf 84' lang='grc' dir='ltr'>μὴ</span> <span class='ocrx_word' id='word_1_425' title='bbox 1595 3836 1734 3886; x_wconf 83' lang='grc' dir='ltr'><strong>κατά</strong></span> <span class='ocrx_word' id='word_1_426' title='bbox 1766 3834 1967 3903; x_wconf 70' lang='grc' dir='ltr'>σκῆψιν</span> 
     </span>
    </p>
   </div>
   <div class='ocr_carea' id='block_1_59' title="bbox 404 3922 1970 3993">
    <p class='ocr_par' dir='ltr' id='par_1_59' title="bbox 404 3922 1970 3993">
     <span class='ocr_line' id='line_1_59' title="bbox 404 3922 1970 3993; baseline -0.001 -16"><span class='ocrx_word' id='word_1_427' title='bbox 404 3927 538 3978; x_wconf 79' lang='grc' dir='ltr'>ὄντα</span> <span class='ocrx_word' id='word_1_428' title='bbox 561 3923 863 3993; x_wconf 80' lang='grc' dir='ltr'>ἀπροσοδον</span> <span class='ocrx_word' id='word_1_429' title='bbox 909 3922 1080 3989; x_wconf 66' lang='grc' dir='ltr'>ἁγρόν</span> <span class='ocrx_word' id='word_1_430' title='bbox 1136 3922 1460 3976; x_wconf 65' lang='grc' dir='ltr'>ἐκδίδοσθαι.</span> <span class='ocrx_word' id='word_1_431' title='bbox 1507 3923 1690 3987; x_wconf 78' lang='grc' dir='ltr'>Ὥστε,</span> <span class='ocrx_word' id='word_1_432' title='bbox 1718 3924 1811 3977; x_wconf 78' lang='grc' dir='ltr'>ἐὰν</span> <span class='ocrx_word' id='word_1_433' title='bbox 1871 3926 1970 3993; x_wconf 81' lang='grc' dir='ltr'><strong>μὲν</strong></span> 
     </span>
    </p>
   </div>
   <div class='ocr_carea' id='block_1_60' title="bbox 406 4014 1969 4087">
    <p class='ocr_par' dir='ltr' id='par_1_60' title="bbox 406 4014 1969 4087">
     <span class='ocr_line' id='line_1_60' title="bbox 406 4014 1969 4087; baseline -0.001 -17"><span class='ocrx_word' id='word_1_434' title='bbox 406 4021 470 4071; x_wconf 74' lang='grc' dir='ltr'>τὸ</span> <span class='ocrx_word' id='word_1_435' title='bbox 500 4017 818 4085; x_wconf 68' lang='grc' dir='ltr'>αὑτούργιον</span> <span class='ocrx_word' id='word_1_436' title='bbox 846 4014 1065 4082; x_wconf 80' lang='grc' dir='ltr'>γένηται</span> <span class='ocrx_word' id='word_1_437' title='bbox 1099 4015 1275 4084; x_wconf 76' lang='grc' dir='ltr'>πάντη</span> <span class='ocrx_word' id='word_1_438' title='bbox 1301 4014 1597 4081; x_wconf 65' lang='grc' dir='ltr'>ἁπρύσοδον</span> <span class='ocrx_word' id='word_1_439' title='bbox 1627 4018 1811 4085; x_wconf 77' lang='grc' dir='ltr'>(τυχὸν</span> <span class='ocrx_word' id='word_1_440' title='bbox 1863 4020 1969 4087; x_wconf 78' lang='grc' dir='ltr'><strong>γὰρ</strong></span> 
     </span>
    </p>
   </div>
   <div class='ocr_carea' id='block_1_61' title="bbox 408 4104 1972 4177">
    <p class='ocr_par' dir='ltr' id='par_1_61' title="bbox 408 4104 1972 4177">
     <span class='ocr_line' id='line_1_61' title="bbox 408 4104 1972 4177; baseline -0.003 -15"><span class='ocrx_word' id='word_1_441' title='bbox 408 4112 438 4163; x_wconf 89' lang='grc' dir='ltr'>ὁ</span> <span class='ocrx_word' id='word_1_442' title='bbox 461 4109 752 4169; x_wconf 72' lang='grc' dir='ltr'>λιδαδιαῖος</span> <span class='ocrx_word' id='word_1_443' title='bbox 775 4107 933 4167; x_wconf 81' lang='grc' dir='ltr'>τόπος</span> <span class='ocrx_word' id='word_1_444' title='bbox 968 4104 1307 4173; x_wconf 79' lang='grc' dir='ltr'>κατεκλύσθη</span> <span class='ocrx_word' id='word_1_445' title='bbox 1333 4105 1435 4156; x_wconf 83' lang='grc' dir='ltr'>ὑπὸ</span> <span class='ocrx_word' id='word_1_446' title='bbox 1470 4106 1736 4175; x_wconf 76' lang='grc' dir='ltr'>ποταμίου</span> <span class='ocrx_word' id='word_1_447' title='bbox 1770 4108 1972 4177; x_wconf 76' lang='grc' dir='ltr'>ῥεύμα-</span> 
     </span>
    </p>
   </div>
   <div class='ocr_carea' id='block_1_62' title="bbox 412 4197 1971 4271">
    <p class='ocr_par' dir='ltr' id='par_1_62' title="bbox 412 4197 1971 4271">
     <span class='ocr_line' id='line_1_62' title="bbox 412 4197 1971 4271; baseline -0.003 -17"><span class='ocrx_word' id='word_1_448' title='bbox 412 4200 525 4269; x_wconf 66' lang='grc' dir='ltr'>τος)</span> <span class='ocrx_word' id='word_1_449' title='bbox 559 4200 593 4271; x_wconf 78' lang='grc' dir='ltr'><strong>ἢ</strong></span> <span class='ocrx_word' id='word_1_450' title='bbox 628 4198 803 4252; x_wconf 77' lang='grc' dir='ltr'>καὶτὸ</span> <span class='ocrx_word' id='word_1_451' title='bbox 830 4197 1112 4267; x_wconf 78' lang='grc' dir='ltr'>ἐξώχωρον</span> <span class='ocrx_word' id='word_1_452' title='bbox 1153 4197 1463 4267; x_wconf 83' lang='grc' dir='ltr'>προάστιον,</span> <span class='ocrx_word' id='word_1_453' title='bbox 1513 4197 1606 4249; x_wconf 86' lang='grc' dir='ltr'>ἐὰν</span> <span class='ocrx_word' id='word_1_454' title='bbox 1647 4198 1971 4267; x_wconf 81' lang='grc' dir='ltr'>εὐπρόσοδον</span> 
     </span>
    </p>
   </div>
   <div class='ocr_carea' id='block_1_63' title="bbox 410 4288 1970 4363">
    <p class='ocr_par' dir='ltr' id='par_1_63' title="bbox 410 4288 1970 4363">
     <span class='ocr_line' id='line_1_63' title="bbox 410 4288 1970 4363; baseline -0.004 -15"><span class='ocrx_word' id='word_1_455' title='bbox 410 4296 678 4363; x_wconf 79' lang='grc' dir='ltr'>καταστῇ,</span> <span class='ocrx_word' id='word_1_456' title='bbox 707 4292 781 4354; x_wconf 81' lang='grc' dir='ltr'>ὡς</span> <span class='ocrx_word' id='word_1_457' title='bbox 820 4290 1216 4359; x_wconf 83' lang='grc' dir='ltr'>διὰπαροίκων</span> <span class='ocrx_word' id='word_1_458' title='bbox 1245 4289 1482 4342; x_wconf 76' lang='grc' dir='ltr'>οἰκισθὲν</span> <span class='ocrx_word' id='word_1_459' title='bbox 1520 4290 1585 4341; x_wconf 85' lang='grc' dir='ltr'><strong>ἐκ</strong></span> <span class='ocrx_word' id='word_1_460' title='bbox 1628 4290 1772 4349; x_wconf 85' lang='grc' dir='ltr'>νέου,</span> <span class='ocrx_word' id='word_1_461' title='bbox 1811 4288 1970 4342; x_wconf 84' lang='grc' dir='ltr'>τοῦτο</span> 
     </span>
    </p>
   </div>
   <div class='ocr_carea' id='block_1_64' title="bbox 2064 1813 3634 1881">
    <p class='ocr_par' dir='ltr' id='par_1_64' title="bbox 2064 1813 3634 1881">
     <span class='ocr_line' id='line_1_64' title="bbox 2064 1813 3634 1881; baseline 0 -15"><span class='ocrx_word' id='word_1_462' title='bbox 2064 1813 2214 1866; x_wconf 86' lang='lat' dir='ltr'><strong>sterii</strong></span> <span class='ocrx_word' id='word_1_463' title='bbox 2266 1814 2581 1881; x_wconf 67' lang='lat' dir='ltr'><strong>praefectus,</strong></span> <span class='ocrx_word' id='word_1_464' title='bbox 2637 1827 2826 1879; x_wconf 81' lang='lat' dir='ltr'><strong>agrum</strong></span> <span class='ocrx_word' id='word_1_465' title='bbox 2882 1813 3085 1866; x_wconf 85' lang='lat' dir='ltr'><strong>nullius</strong></span> <span class='ocrx_word' id='word_1_466' title='bbox 3134 1829 3259 1867; x_wconf 84' lang='lat' dir='ltr'><strong>esse</strong></span> <span class='ocrx_word' id='word_1_467' title='bbox 3303 1814 3529 1876; x_wconf 86' lang='lat' dir='ltr'><strong>reditus,</strong></span> <span class='ocrx_word' id='word_1_468' title='bbox 3578 1827 3634 1867; x_wconf 88' lang='lat' dir='ltr'><strong>et</strong></span> 
     </span>
    </p>
   </div>
   <div class='ocr_carea' id='block_1_65' title="bbox 2063 1901 3636 1979">
    <p class='ocr_par' dir='ltr' id='par_1_65' title="bbox 2063 1901 3636 1979">
     <span class='ocr_line' id='line_1_65' title="bbox 2063 1901 3636 1979; baseline 0.001 -24"><span class='ocrx_word' id='word_1_469' title='bbox 2063 1901 2318 1956; x_wconf 87' lang='lat' dir='ltr'><strong>damnum</strong></span> <span class='ocrx_word' id='word_1_470' title='bbox 2350 1903 2597 1957; x_wconf 89' lang='lat' dir='ltr'><strong>ecclesiis</strong></span> <span class='ocrx_word' id='word_1_471' title='bbox 2628 1902 2856 1969; x_wconf 80' lang='lat' dir='ltr'><strong>ail‘erre;</strong></span> <span class='ocrx_word' id='word_1_472' title='bbox 2890 1904 2982 1955; x_wconf 84' lang='lat' dir='ltr'><strong>iiat</strong></span> <span class='ocrx_word' id='word_1_473' title='bbox 3011 1905 3231 1973; x_wconf 90' lang='lat' dir='ltr'><strong>quidem</strong></span> <span class='ocrx_word' id='word_1_474' title='bbox 3276 1905 3395 1979; x_wconf 77' lang='lat' dir='ltr'><strong>ejus</strong></span> <span class='ocrx_word' id='word_1_475' title='bbox 3427 1905 3636 1957; x_wconf 80' lang='lat' dir='ltr'><strong>aliena-</strong></span> 
     </span>
    </p>
   </div>
   <div class='ocr_carea' id='block_1_66' title="bbox 2064 1995 3629 2066">
    <p class='ocr_par' dir='ltr' id='par_1_66' title="bbox 2064 1995 3629 2066">
     <span class='ocr_line' id='line_1_66' title="bbox 2064 1995 3629 2066; baseline -0.001 -17"><span class='ocrx_word' id='word_1_476' title='bbox 2064 1996 2165 2061; x_wconf 88' lang='lat' dir='ltr'><strong>tio,</strong></span> <span class='ocrx_word' id='word_1_477' title='bbox 2231 1998 2325 2051; x_wconf 89' lang='lat' dir='ltr'><strong>sed</strong></span> <span class='ocrx_word' id='word_1_478' title='bbox 2386 2012 2493 2050; x_wconf 92' lang='lat' dir='ltr'><strong>non</strong></span> <span class='ocrx_word' id='word_1_479' title='bbox 2554 1995 2715 2050; x_wconf 83' lang='lat' dir='ltr'><strong>alicui</strong></span> <span class='ocrx_word' id='word_1_480' title='bbox 2778 2010 3024 2065; x_wconf 67' lang='lat' dir='ltr'><strong>personae</strong></span> <span class='ocrx_word' id='word_1_481' title='bbox 3078 1997 3389 2066; x_wconf 83' lang='lat' dir='ltr'><strong>principali,</strong></span> <span class='ocrx_word' id='word_1_482' title='bbox 3443 2013 3629 2051; x_wconf 90' lang='lat' dir='ltr'><strong>verum</strong></span> 
     </span>
    </p>
   </div>
   <div class='ocr_carea' id='block_1_67' title="bbox 2063 2088 3631 2157">
    <p class='ocr_par' dir='ltr' id='par_1_67' title="bbox 2063 2088 3631 2157">
     <span class='ocr_line' id='line_1_67' title="bbox 2063 2088 3631 2157; baseline -0.002 -15"><span class='ocrx_word' id='word_1_483' title='bbox 2063 2091 2273 2151; x_wconf 87' lang='lat' dir='ltr'><strong>vicanis</strong></span> <span class='ocrx_word' id='word_1_484' title='bbox 2304 2088 2638 2143; x_wconf 88' lang='lat' dir='ltr'><strong>autclericis</strong></span> <span class='ocrx_word' id='word_1_485' title='bbox 2674 2105 2688 2141; x_wconf 88' lang='lat'><strong>:</strong></span> <span class='ocrx_word' id='word_1_486' title='bbox 2734 2088 2826 2142; x_wconf 88' lang='lat' dir='ltr'><strong>sed</strong></span> <span class='ocrx_word' id='word_1_487' title='bbox 2876 2088 3132 2157; x_wconf 86' lang='lat' dir='ltr'><strong>quoniam</strong></span> <span class='ocrx_word' id='word_1_488' title='bbox 3183 2088 3460 2142; x_wconf 84' lang='lat' dir='ltr'><strong>versimile</strong></span> <span class='ocrx_word' id='word_1_489' title='bbox 3495 2099 3631 2147; x_wconf 68' lang='lat' dir='ltr'><strong>erat,</strong></span> 
     </span>
    </p>
   </div>
   <div class='ocr_carea' id='block_1_68' title="bbox 2064 2179 3628 2250">
    <p class='ocr_par' dir='ltr' id='par_1_68' title="bbox 2064 2179 3628 2250">
     <span class='ocr_line' id='line_1_68' title="bbox 2064 2179 3628 2250; baseline -0.003 -17"><span class='ocrx_word' id='word_1_490' title='bbox 2064 2195 2323 2233; x_wconf 88' lang='lat' dir='ltr'><strong>cauonem</strong></span> <span class='ocrx_word' id='word_1_491' title='bbox 2355 2182 2422 2233; x_wconf 84' lang='lat' dir='ltr'><strong>ab</strong></span> <span class='ocrx_word' id='word_1_492' title='bbox 2462 2181 2738 2248; x_wconf 82' lang='lat' dir='ltr'><strong>aliquibus</strong></span> <span class='ocrx_word' id='word_1_493' title='bbox 2766 2180 3150 2234; x_wconf 76' lang='lat' dir='ltr'><strong>circumscribi</strong></span> <span class='ocrx_word' id='word_1_494' title='bbox 3188 2181 3348 2250; x_wconf 88' lang='lat' dir='ltr'><strong>eique</strong></span> <span class='ocrx_word' id='word_1_495' title='bbox 3387 2179 3628 2233; x_wconf 78' lang='lat' dir='ltr'><strong>fraudem</strong></span> 
     </span>
    </p>
   </div>
   <div class='ocr_carea' id='block_1_69' title="bbox 2063 2270 3627 2341">
    <p class='ocr_par' dir='ltr' id='par_1_69' title="bbox 2063 2270 3627 2341">
     <span class='ocr_line' id='line_1_69' title="bbox 2063 2270 3627 2341; baseline -0.001 -16"><span class='ocrx_word' id='word_1_496' title='bbox 2063 2270 2201 2331; x_wconf 84' lang='lat' dir='ltr'><strong>ﬁeri,</strong></span> <span class='ocrx_word' id='word_1_497' title='bbox 2236 2281 2544 2325; x_wconf 85' lang='lat' dir='ltr'><strong>statuerunt</strong></span> <span class='ocrx_word' id='word_1_498' title='bbox 2575 2270 2789 2335; x_wconf 85' lang='lat' dir='ltr'><strong>Patres,</strong></span> <span class='ocrx_word' id='word_1_499' title='bbox 2819 2281 2877 2325; x_wconf 78' lang='lat' dir='ltr'><strong>ut</strong></span> <span class='ocrx_word' id='word_1_500' title='bbox 2906 2272 2953 2326; x_wconf 88' lang='lat' dir='ltr'><strong>si</strong></span> <span class='ocrx_word' id='word_1_501' title='bbox 2987 2272 3360 2340; x_wconf 82' lang='lat' dir='ltr'><strong>quandocqu</strong></span> <span class='ocrx_word' id='word_1_502' title='bbox 3386 2271 3627 2341; x_wconf 83' lang='lat' dir='ltr'><strong>improba</strong></span> 
     </span>
    </p>
   </div>
   <div class='ocr_carea' id='block_1_70' title="bbox 2064 2360 3627 2429">
    <p class='ocr_par' dir='ltr' id='par_1_70' title="bbox 2064 2360 3627 2429">
     <span class='ocr_line' id='line_1_70' title="bbox 2064 2360 3627 2429; baseline -0.001 -16"><span class='ocrx_word' id='word_1_503' title='bbox 2064 2360 2360 2416; x_wconf 80' lang='lat' dir='ltr'><strong>calliditate</strong></span> <span class='ocrx_word' id='word_1_504' title='bbox 2392 2378 2479 2415; x_wconf 91' lang='lat' dir='ltr'><strong>res</strong></span> <span class='ocrx_word' id='word_1_505' title='bbox 2500 2363 2881 2417; x_wconf 87' lang='lat' dir='ltr'><strong>ecclesiastica</strong></span> <span class='ocrx_word' id='word_1_506' title='bbox 2908 2361 2975 2415; x_wconf 84' lang='lat' dir='ltr'><strong>ad</strong></span> <span class='ocrx_word' id='word_1_507' title='bbox 3018 2369 3292 2429; x_wconf 78' lang='lat' dir='ltr'><strong>potentem</strong></span> <span class='ocrx_word' id='word_1_508' title='bbox 3338 2376 3627 2429; x_wconf 84' lang='lat' dir='ltr'><strong>personam</strong></span> 
     </span>
    </p>
   </div>
   <div class='ocr_carea' id='block_1_71' title="bbox 2068 2452 3631 2521">
    <p class='ocr_par' dir='ltr' id='par_1_71' title="bbox 2068 2452 3631 2521">
     <span class='ocr_line' id='line_1_71' title="bbox 2068 2452 3631 2521; baseline -0.001 -15"><span class='ocrx_word' id='word_1_509' title='bbox 2068 2456 2397 2521; x_wconf 87' lang='lat' dir='ltr'><strong>pervenerit,</strong></span> <span class='ocrx_word' id='word_1_510' title='bbox 2459 2454 2831 2508; x_wconf 86' lang='lat' dir='ltr'><strong>intercedente</strong></span> <span class='ocrx_word' id='word_1_511' title='bbox 2872 2454 2959 2509; x_wconf 75' lang='lat' dir='ltr'><strong>vili</strong></span> <span class='ocrx_word' id='word_1_512' title='bbox 3007 2469 3238 2521; x_wconf 87' lang='lat' dir='ltr'><strong>persona</strong></span> <span class='ocrx_word' id='word_1_513' title='bbox 3292 2454 3370 2507; x_wconf 87' lang='lat' dir='ltr'><strong>vel</strong></span> <span class='ocrx_word' id='word_1_514' title='bbox 3408 2452 3631 2514; x_wconf 89' lang='lat' dir='ltr'><strong>clerico,</strong></span> 
     </span>
    </p>
   </div>
   <div class='ocr_carea' id='block_1_72' title="bbox 2065 2547 3636 2615">
    <p class='ocr_par' dir='ltr' id='par_1_72' title="bbox 2065 2547 3636 2615">
     <span class='ocr_line' id='line_1_72' title="bbox 2065 2547 3636 2615; baseline 0.001 -16"><span class='ocrx_word' id='word_1_515' title='bbox 2065 2547 2155 2615; x_wconf 91' lang='lat' dir='ltr'><strong>qui</strong></span> <span class='ocrx_word' id='word_1_516' title='bbox 2191 2547 2425 2615; x_wconf 80' lang='lat' dir='ltr'><strong>ﬁngebat</strong></span> <span class='ocrx_word' id='word_1_517' title='bbox 2477 2562 2536 2601; x_wconf 89' lang='lat' dir='ltr'><strong>se</strong></span> <span class='ocrx_word' id='word_1_518' title='bbox 2586 2564 2696 2601; x_wconf 90' lang='lat' dir='ltr'><strong>rem</strong></span> <span class='ocrx_word' id='word_1_519' title='bbox 2752 2547 3087 2600; x_wconf 75' lang='lat' dir='ltr'><strong>immobilem</strong></span> <span class='ocrx_word' id='word_1_520' title='bbox 3127 2547 3373 2614; x_wconf 75' lang='lat' dir='ltr'><strong>accipere</strong></span> <span class='ocrx_word' id='word_1_521' title='bbox 3406 2564 3419 2600; x_wconf 91' lang='lat'><strong>:</strong></span> <span class='ocrx_word' id='word_1_522' title='bbox 3462 2555 3515 2600; x_wconf 86' lang='lat' dir='ltr'><strong>et</strong></span> <span class='ocrx_word' id='word_1_523' title='bbox 3554 2547 3636 2601; x_wconf 89' lang='lat' dir='ltr'><strong>sic</strong></span> 
     </span>
    </p>
   </div>
   <div class='ocr_carea' id='block_1_73' title="bbox 2064 2639 3636 2707">
    <p class='ocr_par' dir='ltr' id='par_1_73' title="bbox 2064 2639 3636 2707">
     <span class='ocr_line' id='line_1_73' title="bbox 2064 2639 3636 2707; baseline 0.002 -17"><span class='ocrx_word' id='word_1_524' title='bbox 2064 2654 2286 2707; x_wconf 88' lang='lat' dir='ltr'><strong>quoque</strong></span> <span class='ocrx_word' id='word_1_525' title='bbox 2319 2640 2469 2707; x_wconf 82' lang='lat' dir='ltr'><strong>prius</strong></span> <span class='ocrx_word' id='word_1_526' title='bbox 2505 2640 2642 2692; x_wconf 83' lang='lat' dir='ltr'><strong>facta</strong></span> <span class='ocrx_word' id='word_1_527' title='bbox 2672 2639 2826 2691; x_wconf 87' lang='lat' dir='ltr'><strong>irrita</strong></span> <span class='ocrx_word' id='word_1_528' title='bbox 2860 2642 3038 2692; x_wconf 85' lang='lat' dir='ltr'><strong>I&#39;orent</strong></span> <span class='ocrx_word' id='word_1_529' title='bbox 3084 2648 3139 2693; x_wconf 91' lang='lat' dir='ltr'><strong>ct</strong></span> <span class='ocrx_word' id='word_1_530' title='bbox 3190 2655 3278 2692; x_wconf 89' lang='lat' dir='ltr'><strong>res</strong></span> <span class='ocrx_word' id='word_1_531' title='bbox 3335 2640 3636 2693; x_wconf 83' lang='lat' dir='ltr'><strong>immobilis</strong></span> 
     </span>
    </p>
   </div>
   <div class='ocr_carea' id='block_1_74' title="bbox 2065 2719 3634 2797">
    <p class='ocr_par' dir='ltr' id='par_1_74' title="bbox 2065 2719 3634 2797">
     <span class='ocr_line' id='line_1_74' title="bbox 2065 2719 3634 2797; baseline -0.001 -14"><span class='ocrx_word' id='word_1_532' title='bbox 2065 2730 2308 2784; x_wconf 70' lang='lat' dir='ltr'><strong>ecclesia:</strong></span> <span class='ocrx_word' id='word_1_533' title='bbox 2360 2732 2771 2794; x_wconf 82' lang='lat' dir='ltr'><strong>restitueretur;</strong></span> <span class='ocrx_word' id='word_1_534' title='bbox 2824 2719 2885 2780; x_wconf 76' lang='grc' dir='ltr'><strong>ἐι</strong></span> <span class='ocrx_word' id='word_1_535' title='bbox 2937 2726 3030 2796; x_wconf 90' lang='lat' dir='ltr'><strong>qui</strong></span> <span class='ocrx_word' id='word_1_536' title='bbox 3104 2728 3207 2782; x_wconf 90' lang='lat' dir='ltr'><strong>hoc</strong></span> <span class='ocrx_word' id='word_1_537' title='bbox 3238 2727 3463 2792; x_wconf 21' lang='lat' dir='ltr'><strong>,fecerit,</strong></span> <span class='ocrx_word' id='word_1_538' title='bbox 3517 2730 3634 2797; x_wconf 83' lang='lat' dir='ltr'><strong>epi-</strong></span> 
     </span>
    </p>
   </div>
   <div class='ocr_carea' id='block_1_75' title="bbox 2066 2819 3631 2890">
    <p class='ocr_par' dir='ltr' id='par_1_75' title="bbox 2066 2819 3631 2890">
     <span class='ocr_line' id='line_1_75' title="bbox 2066 2819 3631 2890; baseline -0.001 -15"><span class='ocrx_word' id='word_1_539' title='bbox 2066 2835 2265 2890; x_wconf 84' lang='lat' dir='ltr'><strong>sc0pus</strong></span> <span class='ocrx_word' id='word_1_540' title='bbox 2310 2822 2391 2874; x_wconf 91' lang='lat' dir='ltr'><strong>vel</strong></span> <span class='ocrx_word' id='word_1_541' title='bbox 2455 2821 2770 2874; x_wconf 87' lang='lat' dir='ltr'><strong>monasterii</strong></span> <span class='ocrx_word' id='word_1_542' title='bbox 2831 2819 3143 2888; x_wconf 62' lang='lat' dir='ltr'><strong>preefectus,</strong></span> <span class='ocrx_word' id='word_1_543' title='bbox 3193 2822 3261 2873; x_wconf 86' lang='lat' dir='ltr'><strong>ab</strong></span> <span class='ocrx_word' id='word_1_544' title='bbox 3311 2821 3631 2889; x_wconf 86' lang='lat' dir='ltr'><strong>episcopatu</strong></span> 
     </span>
    </p>
   </div>
   <div class='ocr_carea' id='block_1_76' title="bbox 2067 2912 3632 2984">
    <p class='ocr_par' dir='ltr' id='par_1_76' title="bbox 2067 2912 3632 2984">
     <span class='ocr_line' id='line_1_76' title="bbox 2067 2912 3632 2984; baseline -0.001 -17"><span class='ocrx_word' id='word_1_545' title='bbox 2067 2916 2151 2969; x_wconf 86' lang='lat' dir='ltr'><strong>vel</strong></span> <span class='ocrx_word' id='word_1_546' title='bbox 2185 2914 2501 2984; x_wconf 69' lang='lat' dir='ltr'><strong>prtefectttra</strong></span> <span class='ocrx_word' id='word_1_547' title='bbox 2531 2914 2915 2983; x_wconf 63' lang='lat' dir='ltr'><strong>expelleretur.</strong></span> <span class='ocrx_word' id='word_1_548' title='bbox 2945 2913 3008 2967; x_wconf 81' lang='lat' dir='ltr'><strong>Et</strong></span> <span class='ocrx_word' id='word_1_549' title='bbox 3039 2914 3152 2967; x_wconf 71' lang='lat' dir='ltr'><strong>haec</strong></span> <span class='ocrx_word' id='word_1_550' title='bbox 3180 2912 3397 2982; x_wconf 82' lang='lat' dir='ltr'><strong>quidem</strong></span> <span class='ocrx_word' id='word_1_551' title='bbox 3429 2928 3632 2968; x_wconf 89' lang='lat' dir='ltr'><strong>canon.</strong></span> 
     </span>
    </p>
   </div>
   <div class='ocr_carea' id='block_1_77' title="bbox 2071 3005 3632 3076">
    <p class='ocr_par' dir='ltr' id='par_1_77' title="bbox 2071 3005 3632 3076">
     <span class='ocr_line' id='line_1_77' title="bbox 2071 3005 3632 3076; baseline 0.001 -17"><span class='ocrx_word' id='word_1_552' title='bbox 2071 3008 2336 3074; x_wconf 80' lang='lat' dir='ltr'><strong>Quoniam</strong></span> <span class='ocrx_word' id='word_1_553' title='bbox 2394 3015 2572 3062; x_wconf 87' lang='lat' dir='ltr'><strong>autem</strong></span> <span class='ocrx_word' id='word_1_554' title='bbox 2631 3005 2931 3076; x_wconf 81' lang='grc' dir='ltr'>αὑτούργια</span> <span class='ocrx_word' id='word_1_555' title='bbox 2986 3005 3172 3075; x_wconf 88' lang='lat' dir='ltr'><strong>(quod</strong></span> <span class='ocrx_word' id='word_1_556' title='bbox 3232 3020 3393 3076; x_wconf 80' lang='lat' dir='ltr'><strong>agros</strong></span> <span class='ocrx_word' id='word_1_557' title='bbox 3440 3005 3632 3061; x_wconf 80' lang='lat' dir='ltr'><strong>Latine</strong></span> 
     </span>
    </p>
   </div>
   <div class='ocr_carea' id='block_1_78' title="bbox 2071 3085 3632 3169">
    <p class='ocr_par' dir='ltr' id='par_1_78' title="bbox 2071 3085 3632 3169">
     <span class='ocr_line' id='line_1_78' title="bbox 2071 3085 3632 3169; baseline -0.003 -12"><span class='ocrx_word' id='word_1_558' title='bbox 2071 3101 2347 3167; x_wconf 82' lang='lat' dir='ltr'><strong>diximus)</strong></span> <span class='ocrx_word' id='word_1_559' title='bbox 2382 3106 2510 3155; x_wconf 88' lang='lat' dir='ltr'><strong>sunt</strong></span> <span class='ocrx_word' id='word_1_560' title='bbox 2544 3115 2666 3169; x_wconf 68' lang='lat' dir='ltr'><strong>quas</strong></span> <span class='ocrx_word' id='word_1_561' title='bbox 2694 3115 2762 3155; x_wconf 75' lang='lat' dir='ltr'><strong>ex</strong></span> <span class='ocrx_word' id='word_1_562' title='bbox 2795 3100 2957 3155; x_wconf 83' lang='lat' dir='ltr'><strong>rebus</strong></span> <span class='ocrx_word' id='word_1_563' title='bbox 2998 3085 3134 3168; x_wconf 81' lang='lat' dir='ltr'><strong>ipsis</strong></span> <span class='ocrx_word' id='word_1_564' title='bbox 3168 3107 3221 3152; x_wconf 84' lang='lat' dir='ltr'><strong>et</strong></span> <span class='ocrx_word' id='word_1_565' title='bbox 3251 3108 3507 3168; x_wconf 85' lang='lat' dir='ltr'><strong>tanquam</strong></span> <span class='ocrx_word' id='word_1_566' title='bbox 3532 3113 3632 3154; x_wconf 83' lang='lat' dir='ltr'><strong>sua</strong></span> 
     </span>
    </p>
   </div>
   <div class='ocr_carea' id='block_1_79' title="bbox 2071 3191 3630 3264">
    <p class='ocr_par' dir='ltr' id='par_1_79' title="bbox 2071 3191 3630 3264">
     <span class='ocr_line' id='line_1_79' title="bbox 2071 3191 3630 3264; baseline -0.003 -16"><span class='ocrx_word' id='word_1_567' title='bbox 2071 3206 2259 3264; x_wconf 84' lang='lat' dir='ltr'><strong>sponte</strong></span> <span class='ocrx_word' id='word_1_568' title='bbox 2310 3193 2522 3249; x_wconf 83' lang='lat' dir='ltr'><strong>fructus</strong></span> <span class='ocrx_word' id='word_1_569' title='bbox 2566 3193 2838 3262; x_wconf 64' lang='lat' dir='ltr'><strong>praebent,</strong></span> <span class='ocrx_word' id='word_1_570' title='bbox 2899 3203 2957 3247; x_wconf 89' lang='lat' dir='ltr'><strong>ut</strong></span> <span class='ocrx_word' id='word_1_571' title='bbox 3002 3201 3130 3246; x_wconf 77' lang='lat' dir='ltr'><strong>sunt</strong></span> <span class='ocrx_word' id='word_1_572' title='bbox 3174 3192 3381 3255; x_wconf 71' lang='lat' dir='ltr'><strong>salinae,</strong></span> <span class='ocrx_word' id='word_1_573' title='bbox 3413 3191 3630 3252; x_wconf 82' lang='lat' dir='ltr'><strong>oliveta,</strong></span> 
     </span>
    </p>
   </div>
   <div class='ocr_carea' id='block_1_80' title="bbox 2069 3283 3630 3355">
    <p class='ocr_par' dir='ltr' id='par_1_80' title="bbox 2069 3283 3630 3355">
     <span class='ocr_line' id='line_1_80' title="bbox 2069 3283 3630 3355; baseline -0.003 -14"><span class='ocrx_word' id='word_1_574' title='bbox 2069 3287 2271 3348; x_wconf 80' lang='lat' dir='ltr'><strong>vineta,</strong></span> <span class='ocrx_word' id='word_1_575' title='bbox 2306 3296 2482 3355; x_wconf 88' lang='lat' dir='ltr'><strong>prata,</strong></span> <span class='ocrx_word' id='word_1_576' title='bbox 2516 3285 2830 3339; x_wconf 88' lang='lat' dir='ltr'><strong>molendina</strong></span> <span class='ocrx_word' id='word_1_577' title='bbox 2882 3284 2934 3338; x_wconf 94' lang='lat' dir='ltr'><strong>in</strong></span> <span class='ocrx_word' id='word_1_578' title='bbox 2979 3283 3133 3353; x_wconf 89' lang='lat' dir='ltr'><strong>aquis</strong></span> <span class='ocrx_word' id='word_1_579' title='bbox 3185 3286 3311 3345; x_wconf 87' lang='lat' dir='ltr'><strong>sita,</strong></span> <span class='ocrx_word' id='word_1_580' title='bbox 3379 3283 3630 3352; x_wconf 73' lang='lat' dir='ltr'><strong>ﬁgulinm.</strong></span> 
     </span>
    </p>
   </div>
   <div class='ocr_carea' id='block_1_81' title="bbox 2072 3375 3628 3446">
    <p class='ocr_par' dir='ltr' id='par_1_81' title="bbox 2072 3375 3628 3446">
     <span class='ocr_line' id='line_1_81' title="bbox 2072 3375 3628 3446; baseline -0.003 -13"><span class='ocrx_word' id='word_1_581' title='bbox 2072 3388 2131 3433; x_wconf 89' lang='lat' dir='ltr'><strong>ut</strong></span> <span class='ocrx_word' id='word_1_582' title='bbox 2163 3388 2213 3433; x_wconf 89' lang='lat' dir='ltr'><strong>et</strong></span> <span class='ocrx_word' id='word_1_583' title='bbox 2244 3377 2515 3446; x_wconf 88' lang='lat' dir='ltr'><strong>ejusmodi</strong></span> <span class='ocrx_word' id='word_1_584' title='bbox 2562 3377 2667 3429; x_wconf 85' lang='lat' dir='ltr'><strong>alia</strong></span> <span class='ocrx_word' id='word_1_585' title='bbox 2706 3394 2720 3429; x_wconf 85' lang='lat'><strong>:</strong></span> <span class='ocrx_word' id='word_1_586' title='bbox 2758 3375 3174 3443; x_wconf 86' lang='lat' dir='ltr'><strong>interrogaverit</strong></span> <span class='ocrx_word' id='word_1_587' title='bbox 3198 3375 3503 3443; x_wconf 82' lang='lat' dir='ltr'><strong>quispiam:</strong></span> <span class='ocrx_word' id='word_1_588' title='bbox 3546 3376 3628 3429; x_wconf 77' lang='lat' dir='ltr'><strong>An</strong></span> 
     </span>
    </p>
   </div>
   <div class='ocr_carea' id='block_1_82' title="bbox 2050 3452 3638 3539">
    <p class='ocr_par' dir='ltr' id='par_1_82' title="bbox 2050 3452 3638 3539">
     <span class='ocr_line' id='line_1_82' title="bbox 2050 3452 3638 3539; baseline -0.006 -13"><span class='ocrx_word' id='word_1_589' title='bbox 2050 3452 2137 3526; x_wconf 33' lang='lat' dir='ltr'><strong>Ide</strong></span> <span class='ocrx_word' id='word_1_590' title='bbox 2162 3466 2429 3539; x_wconf 83' lang='lat' dir='ltr'><strong>ejusmodi</strong></span> <span class='ocrx_word' id='word_1_591' title='bbox 2464 3466 2682 3537; x_wconf 65' lang='lat' dir='ltr'><strong>praediis</strong></span> <span class='ocrx_word' id='word_1_592' title='bbox 2722 3481 2899 3519; x_wconf 85' lang='lat' dir='ltr'><strong>canon</strong></span> <span class='ocrx_word' id='word_1_593' title='bbox 2933 3463 3206 3527; x_wconf 85' lang='lat' dir='ltr'><strong>decernit,</strong></span> <span class='ocrx_word' id='word_1_594' title='bbox 3248 3479 3314 3517; x_wconf 87' lang='lat' dir='ltr'><strong>an</strong></span> <span class='ocrx_word' id='word_1_595' title='bbox 3357 3464 3539 3532; x_wconf 86' lang='lat' dir='ltr'><strong>potius</strong></span> <span class='ocrx_word' id='word_1_596' title='bbox 3567 3465 3638 3516; x_wconf 81' lang='lat' dir='ltr'><strong>de</strong></span> 
     </span>
    </p>
   </div>
   <div class='ocr_carea' id='block_1_83' title="bbox 2069 3556 3639 3632">
    <p class='ocr_par' dir='ltr' id='par_1_83' title="bbox 2069 3556 3639 3632">
     <span class='ocr_line' id='line_1_83' title="bbox 2069 3556 3639 3632; baseline -0.006 -16"><span class='ocrx_word' id='word_1_597' title='bbox 2069 3563 2261 3632; x_wconf 91' lang='lat' dir='ltr'><strong>quovis</strong></span> <span class='ocrx_word' id='word_1_598' title='bbox 2304 3558 2593 3623; x_wconf 87' lang='lat' dir='ltr'><strong>immobili,</strong></span> <span class='ocrx_word' id='word_1_599' title='bbox 2642 3558 2800 3625; x_wconf 87' lang='lat' dir='ltr'><strong>cujus</strong></span> <span class='ocrx_word' id='word_1_600' title='bbox 2847 3566 2929 3612; x_wconf 84' lang='lat' dir='ltr'><strong>est</strong></span> <span class='ocrx_word' id='word_1_601' title='bbox 2976 3557 3151 3611; x_wconf 90' lang='lat' dir='ltr'><strong>bonus</strong></span> <span class='ocrx_word' id='word_1_602' title='bbox 3202 3556 3433 3619; x_wconf 85' lang='lat' dir='ltr'><strong>reditus,</strong></span> <span class='ocrx_word' id='word_1_603' title='bbox 3487 3564 3540 3608; x_wconf 88' lang='lat' dir='ltr'><strong>et</strong></span> <span class='ocrx_word' id='word_1_604' title='bbox 3568 3570 3639 3608; x_wconf 89' lang='lat' dir='ltr'><strong>eo</strong></span> 
     </span>
    </p>
   </div>
   <div class='ocr_carea' id='block_1_84' title="bbox 2070 3646 3639 3725">
    <p class='ocr_par' dir='ltr' id='par_1_84' title="bbox 2070 3646 3639 3725">
     <span class='ocr_line' id='line_1_84' title="bbox 2070 3646 3639 3725; baseline -0.007 -16"><span class='ocrx_word' id='word_1_605' title='bbox 2070 3655 2263 3725; x_wconf 86' lang='lat' dir='ltr'><strong>magis,</strong></span> <span class='ocrx_word' id='word_1_606' title='bbox 2293 3652 2436 3722; x_wconf 87' lang='lat' dir='ltr'><strong>quod</strong></span> <span class='ocrx_word' id='word_1_607' title='bbox 2469 3651 2719 3707; x_wconf 88' lang='lat' dir='ltr'><strong>meminit</strong></span> <span class='ocrx_word' id='word_1_608' title='bbox 2746 3651 2799 3705; x_wconf 89' lang='lat' dir='ltr'><strong>in</strong></span> <span class='ocrx_word' id='word_1_609' title='bbox 2833 3651 2937 3704; x_wconf 81' lang='lat' dir='ltr'><strong>line</strong></span> <span class='ocrx_word' id='word_1_610' title='bbox 3003 3650 3086 3704; x_wconf 75' lang='lat' dir='ltr'><strong>de.</strong></span> <span class='ocrx_word' id='word_1_611' title='bbox 3129 3648 3409 3707; x_wconf 87' lang='lat' dir='ltr'><strong>damnosis</strong></span> <span class='ocrx_word' id='word_1_612' title='bbox 3449 3646 3639 3717; x_wconf 80' lang='lat' dir='ltr'><strong>agris?</strong></span> 
     </span>
    </p>
   </div>
   <div class='ocr_carea' id='block_1_85' title="bbox 2072 3738 3631 3809">
    <p class='ocr_par' dir='ltr' id='par_1_85' title="bbox 2072 3738 3631 3809">
     <span class='ocr_line' id='line_1_85' title="bbox 2072 3738 3631 3809; baseline -0.007 -11"><span class='ocrx_word' id='word_1_613' title='bbox 2072 3744 2304 3798; x_wconf 85' lang='lat' dir='ltr'><strong>Solutio.</strong></span> <span class='ocrx_word' id='word_1_614' title='bbox 2343 3742 2416 3796; x_wconf 92' lang='lat' dir='ltr'><strong>De</strong></span> <span class='ocrx_word' id='word_1_615' title='bbox 2445 3743 2693 3809; x_wconf 90' lang='lat' dir='ltr'><strong>utrisque</strong></span> <span class='ocrx_word' id='word_1_616' title='bbox 2734 3742 3004 3805; x_wconf 87' lang='lat' dir='ltr'><strong>decernit,</strong></span> <span class='ocrx_word' id='word_1_617' title='bbox 3051 3748 3103 3793; x_wconf 91' lang='lat' dir='ltr'><strong>et</strong></span> <span class='ocrx_word' id='word_1_618' title='bbox 3135 3740 3289 3802; x_wconf 86' lang='lat' dir='ltr'><strong>dicit,</strong></span> <span class='ocrx_word' id='word_1_619' title='bbox 3319 3753 3383 3792; x_wconf 85' lang='lat' dir='ltr'><strong>ea</strong></span> <span class='ocrx_word' id='word_1_620' title='bbox 3410 3738 3631 3806; x_wconf 87' lang='lat' dir='ltr'><strong>quidem</strong></span> 
     </span>
    </p>
   </div>
   <div class='ocr_carea' id='block_1_86' title="bbox 2072 3832 3634 3907">
    <p class='ocr_par' dir='ltr' id='par_1_86' title="bbox 2072 3832 3634 3907">
     <span class='ocr_line' id='line_1_86' title="bbox 2072 3832 3634 3907; baseline -0.003 -18"><span class='ocrx_word' id='word_1_621' title='bbox 2072 3836 2298 3907; x_wconf 62' lang='lat' dir='ltr'><strong>praedia,</strong></span> <span class='ocrx_word' id='word_1_622' title='bbox 2329 3850 2451 3904; x_wconf 71' lang='lat' dir='ltr'><strong>quae</strong></span> <span class='ocrx_word' id='word_1_623' title='bbox 2486 3844 2616 3889; x_wconf 86' lang='lat' dir='ltr'><strong>sunt</strong></span> <span class='ocrx_word' id='word_1_624' title='bbox 2652 3835 2777 3888; x_wconf 91' lang='lat' dir='ltr'><strong>boni</strong></span> <span class='ocrx_word' id='word_1_625' title='bbox 2827 3833 3061 3896; x_wconf 85' lang='lat' dir='ltr'><strong>reditus,</strong></span> <span class='ocrx_word' id='word_1_626' title='bbox 3114 3848 3222 3886; x_wconf 91' lang='lat' dir='ltr'><strong>non</strong></span> <span class='ocrx_word' id='word_1_627' title='bbox 3275 3832 3502 3886; x_wconf 82' lang='lat' dir='ltr'><strong>alienari</strong></span> <span class='ocrx_word' id='word_1_628' title='bbox 3536 3846 3634 3884; x_wconf 82' lang='lat' dir='ltr'><strong>nec</strong></span> 
     </span>
    </p>
   </div>
   <div class='ocr_carea' id='block_1_87' title="bbox 2068 3922 3633 3996">
    <p class='ocr_par' dir='ltr' id='par_1_87' title="bbox 2068 3922 3633 3996">
     <span class='ocr_line' id='line_1_87' title="bbox 2068 3922 3633 3996; baseline -0.004 -14"><span class='ocrx_word' id='word_1_629' title='bbox 2068 3929 2267 3983; x_wconf 87' lang='lat' dir='ltr'><strong>elocari</strong></span> <span class='ocrx_word' id='word_1_630' title='bbox 2300 3945 2314 3980; x_wconf 93' lang='lat'><strong>:</strong></span> <span class='ocrx_word' id='word_1_631' title='bbox 2347 3942 2533 3996; x_wconf 80' lang='lat' dir='ltr'><strong>agrum</strong></span> <span class='ocrx_word' id='word_1_632' title='bbox 2566 3941 2714 3987; x_wconf 88' lang='lat' dir='ltr'><strong>vero,</strong></span> <span class='ocrx_word' id='word_1_633' title='bbox 2742 3927 2831 3994; x_wconf 91' lang='lat' dir='ltr'><strong>qui</strong></span> <span class='ocrx_word' id='word_1_634' title='bbox 2864 3934 2944 3978; x_wconf 91' lang='lat' dir='ltr'><strong>est</strong></span> <span class='ocrx_word' id='word_1_635' title='bbox 2995 3940 3205 3987; x_wconf 85' lang='lat' dir='ltr'><strong>revera,</strong></span> <span class='ocrx_word' id='word_1_636' title='bbox 3241 3932 3296 3978; x_wconf 91' lang='lat' dir='ltr'><strong>et</strong></span> <span class='ocrx_word' id='word_1_637' title='bbox 3354 3938 3461 3975; x_wconf 94' lang='lat' dir='ltr'><strong>non</strong></span> <span class='ocrx_word' id='word_1_638' title='bbox 3514 3922 3633 3976; x_wconf 82' lang='lat' dir='ltr'><strong>sola</strong></span> 
     </span>
    </p>
   </div>
   <div class='ocr_carea' id='block_1_88' title="bbox 2069 4015 3636 4090">
    <p class='ocr_par' dir='ltr' id='par_1_88' title="bbox 2069 4015 3636 4090">
     <span class='ocr_line' id='line_1_88' title="bbox 2069 4015 3636 4090; baseline -0.006 -15"><span class='ocrx_word' id='word_1_639' title='bbox 2069 4021 2249 4090; x_wconf 85' lang='lat' dir='ltr'><strong>specie</strong></span> <span class='ocrx_word' id='word_1_640' title='bbox 2284 4018 2486 4073; x_wconf 90' lang='lat' dir='ltr'><strong>nullius</strong></span> <span class='ocrx_word' id='word_1_641' title='bbox 2521 4017 2747 4081; x_wconf 88' lang='lat' dir='ltr'><strong>reditus,</strong></span> <span class='ocrx_word' id='word_1_642' title='bbox 2781 4017 3033 4071; x_wconf 86' lang='lat' dir='ltr'><strong>alienari.</strong></span> <span class='ocrx_word' id='word_1_643' title='bbox 3066 4015 3248 4081; x_wconf 82' lang='lat' dir='ltr'><strong>Quare</strong></span> <span class='ocrx_word' id='word_1_644' title='bbox 3290 4016 3335 4068; x_wconf 91' lang='lat' dir='ltr'><strong>si</strong></span> <span class='ocrx_word' id='word_1_645' title='bbox 3398 4016 3468 4069; x_wconf 88' lang='lat' dir='ltr'><strong>sit</strong></span> <span class='ocrx_word' id='word_1_646' title='bbox 3516 4016 3636 4082; x_wconf 89' lang='lat' dir='ltr'><strong>qui-</strong></span> 
     </span>
    </p>
   </div>
   <div class='ocr_carea' id='block_1_89' title="bbox 2070 4106 3629 4179">
    <p class='ocr_par' dir='ltr' id='par_1_89' title="bbox 2070 4106 3629 4179">
     <span class='ocr_line' id='line_1_89' title="bbox 2070 4106 3629 4179; baseline -0.006 -11"><span class='ocrx_word' id='word_1_647' title='bbox 2070 4115 2190 4168; x_wconf 85' lang='lat' dir='ltr'><strong>dem</strong></span> <span class='ocrx_word' id='word_1_648' title='bbox 2226 4111 2484 4179; x_wconf 57' lang='lat' dir='ltr'><strong>pradium</strong></span> <span class='ocrx_word' id='word_1_649' title='bbox 2521 4111 2742 4164; x_wconf 87' lang='lat' dir='ltr'><strong>omnino</strong></span> <span class='ocrx_word' id='word_1_650' title='bbox 2778 4109 2966 4163; x_wconf 85' lang='lat' dir='ltr'><strong>inutile</strong></span> <span class='ocrx_word' id='word_1_651' title='bbox 3006 4107 3167 4175; x_wconf 81' lang='lat' dir='ltr'><strong>(forte</strong></span> <span class='ocrx_word' id='word_1_652' title='bbox 3226 4106 3370 4159; x_wconf 88' lang='lat' dir='ltr'><strong>enim</strong></span> <span class='ocrx_word' id='word_1_653' title='bbox 3417 4115 3629 4175; x_wconf 72' lang='lat' dir='ltr'><strong>pratum</strong></span> 
     </span>
    </p>
   </div>
   <div class='ocr_carea' id='block_1_90' title="bbox 2073 4199 3635 4268">
    <p class='ocr_par' dir='ltr' id='par_1_90' title="bbox 2073 4199 3635 4268">
     <span class='ocr_line' id='line_1_90' title="bbox 2073 4199 3635 4268; baseline -0.006 -8"><span class='ocrx_word' id='word_1_654' title='bbox 2073 4206 2216 4260; x_wconf 84' lang='lat' dir='ltr'><strong>ﬂuvii</strong></span> <span class='ocrx_word' id='word_1_655' title='bbox 2248 4203 2601 4259; x_wconf 86' lang='lat' dir='ltr'><strong>inundatione</strong></span> <span class='ocrx_word' id='word_1_656' title='bbox 2631 4206 2892 4256; x_wconf 88' lang='lat' dir='ltr'><strong>obrutum</strong></span> <span class='ocrx_word' id='word_1_657' title='bbox 2929 4206 3060 4268; x_wconf 82' lang='lat' dir='ltr'><strong>est),</strong></span> <span class='ocrx_word' id='word_1_658' title='bbox 3091 4200 3172 4254; x_wconf 87' lang='lat' dir='ltr'><strong>vel</strong></span> <span class='ocrx_word' id='word_1_659' title='bbox 3213 4200 3261 4254; x_wconf 91' lang='lat' dir='ltr'><strong>si</strong></span> <span class='ocrx_word' id='word_1_660' title='bbox 3292 4199 3459 4255; x_wconf 86' lang='lat' dir='ltr'><strong>etiam</strong></span> <span class='ocrx_word' id='word_1_661' title='bbox 3489 4216 3516 4251; x_wconf 90' lang='lat' dir='ltr'><strong>a</strong></span> <span class='ocrx_word' id='word_1_662' title='bbox 3542 4216 3635 4253; x_wconf 84' lang='lat' dir='ltr'><strong>re-</strong></span> 
     </span>
    </p>
   </div>
   <div class='ocr_carea' id='block_1_91' title="bbox 2072 4291 3631 4367">
    <p class='ocr_par' dir='ltr' id='par_1_91' title="bbox 2072 4291 3631 4367">
     <span class='ocr_line' id='line_1_91' title="bbox 2072 4291 3631 4367; baseline -0.004 -16"><span class='ocrx_word' id='word_1_663' title='bbox 2072 4300 2231 4367; x_wconf 86' lang='lat' dir='ltr'><strong>gione</strong></span> <span class='ocrx_word' id='word_1_664' title='bbox 2260 4304 2529 4350; x_wconf 89' lang='lat' dir='ltr'><strong>remotum</strong></span> <span class='ocrx_word' id='word_1_665' title='bbox 2572 4293 2702 4348; x_wconf 87' lang='lat' dir='ltr'><strong>boni</strong></span> <span class='ocrx_word' id='word_1_666' title='bbox 2736 4292 2944 4348; x_wconf 89' lang='lat' dir='ltr'><strong>reditus</strong></span> <span class='ocrx_word' id='word_1_667' title='bbox 2980 4304 3053 4346; x_wconf 83' lang='lat' dir='ltr'><strong>sit</strong></span> <span class='ocrx_word' id='word_1_668' title='bbox 3090 4291 3369 4355; x_wconf 73' lang='lat' dir='ltr'><strong>effectum,</strong></span> <span class='ocrx_word' id='word_1_669' title='bbox 3403 4302 3460 4344; x_wconf 92' lang='lat' dir='ltr'><strong>ut</strong></span> <span class='ocrx_word' id='word_1_670' title='bbox 3486 4292 3631 4358; x_wconf 86' lang='lat' dir='ltr'><strong>quod</strong></span> 
     </span>
    </p>
   </div>
   <div class='ocr_carea' id='block_1_92' title="bbox 415 4380 1966 4456">
    <p class='ocr_par' dir='ltr' id='par_1_92' title="bbox 415 4380 1959 4456">
     <span class='ocr_line' id='line_1_92' title="bbox 415 4380 1959 4456; baseline -0.005 -18"><span class='ocrx_word' id='word_1_671' title='bbox 415 4388 516 4456; x_wconf 84' lang='grc' dir='ltr'><strong>μὲν</strong></span> <span class='ocrx_word' id='word_1_672' title='bbox 541 4386 601 4436; x_wconf 86' lang='grc' dir='ltr'><strong>τὸ</strong></span> <span class='ocrx_word' id='word_1_673' title='bbox 633 4382 915 4452; x_wconf 80' lang='grc' dir='ltr'>ἐξώχωρον</span> <span class='ocrx_word' id='word_1_674' title='bbox 949 4381 1037 4433; x_wconf 65' lang='grc' dir='ltr'><strong>διὰ</strong></span> <span class='ocrx_word' id='word_1_675' title='bbox 1062 4380 1123 4433; x_wconf 80' lang='grc' dir='ltr'><strong>τὸ</strong></span> <span class='ocrx_word' id='word_1_676' title='bbox 1154 4380 1478 4450; x_wconf 82' lang='grc' dir='ltr'>εὐπρόσοδον</span> <span class='ocrx_word' id='word_1_677' title='bbox 1512 4381 1611 4432; x_wconf 83' lang='grc' dir='ltr'>οὐκ</span> <span class='ocrx_word' id='word_1_678' title='bbox 1663 4380 1959 4450; x_wconf 80' lang='grc' dir='ltr'>ἐκποιηθή-</span> 
     </span>
    </p>
   </div>
   <div class='ocr_carea' id='block_1_93' title="bbox 2069 4380 3633 4456">
    <p class='ocr_par' dir='ltr' id='par_1_93' title="bbox 2070 4382 3633 4440">
     <span class='ocr_line' id='line_1_93' title="bbox 2070 4382 3633 4440; baseline -0.004 0"><span class='ocrx_word' id='word_1_679' title='bbox 2070 4386 2142 4440; x_wconf 89' lang='lat' dir='ltr'><strong>sit</strong></span> <span class='ocrx_word' id='word_1_680' title='bbox 2196 4400 2226 4438; x_wconf 87' lang='lat' dir='ltr'><strong>a</strong></span> <span class='ocrx_word' id='word_1_681' title='bbox 2273 4383 2487 4439; x_wconf 88' lang='lat' dir='ltr'><strong>colonis</strong></span> <span class='ocrx_word' id='word_1_682' title='bbox 2547 4397 2740 4436; x_wconf 85' lang='lat' dir='ltr'><strong>recens</strong></span> <span class='ocrx_word' id='word_1_683' title='bbox 2786 4382 3089 4435; x_wconf 84' lang='lat' dir='ltr'><strong>habitatum</strong></span> <span class='ocrx_word' id='word_1_684' title='bbox 3144 4390 3198 4436; x_wconf 90' lang='lat' dir='ltr'><strong>et</strong></span> <span class='ocrx_word' id='word_1_685' title='bbox 3243 4391 3579 4436; x_wconf 81' lang='lat' dir='ltr'><strong>exstructum</strong></span> <span class='ocrx_word' id='word_1_686' title='bbox 3617 4398 3633 4434; x_wconf 86' lang='lat'><strong>:</strong></span> 
     </span>
    </p>
   </div>
   <div class='ocr_carea' id='block_1_94' title="bbox 416 4475 1970 4545">
    <p class='ocr_par' dir='ltr' id='par_1_94' title="bbox 416 4475 1970 4545">
     <span class='ocr_line' id='line_1_94' title="bbox 416 4475 1970 4545; baseline -0.006 -10"><span class='ocrx_word' id='word_1_687' title='bbox 416 4497 609 4535; x_wconf 71' lang='grc' dir='ltr'>σεται*</span> <span class='ocrx_word' id='word_1_688' title='bbox 645 4483 824 4531; x_wconf 84' lang='grc' dir='ltr'>ἐκεῖνο</span> <span class='ocrx_word' id='word_1_689' title='bbox 854 4479 929 4538; x_wconf 82' lang='grc' dir='ltr'><strong>δὲ,</strong></span> <span class='ocrx_word' id='word_1_690' title='bbox 962 4478 1069 4529; x_wconf 80' lang='grc' dir='ltr'><strong>κᾶν</strong></span> <span class='ocrx_word' id='word_1_691' title='bbox 1121 4476 1440 4545; x_wconf 80' lang='grc' dir='ltr'>αὐτούργιον</span> <span class='ocrx_word' id='word_1_692' title='bbox 1484 4475 1717 4543; x_wconf 80' lang='grc' dir='ltr'>ἐλέγετο,</span> <span class='ocrx_word' id='word_1_693' title='bbox 1768 4475 1856 4528; x_wconf 85' lang='grc' dir='ltr'>διὰ</span> <span class='ocrx_word' id='word_1_694' title='bbox 1910 4476 1970 4527; x_wconf 84' lang='grc' dir='ltr'>τὸ</span> 
     </span>
    </p>
   </div>
   <div class='ocr_carea' id='block_1_95' title="bbox 414 4566 1970 4645">
    <p class='ocr_par' dir='ltr' id='par_1_95' title="bbox 414 4566 1970 4645">
     <span class='ocr_line' id='line_1_95' title="bbox 414 4566 1970 4645; baseline -0.007 -16"><span class='ocrx_word' id='word_1_695' title='bbox 414 4574 713 4645; x_wconf 83' lang='grc' dir='ltr'>ἁπρόσοδον</span> <span class='ocrx_word' id='word_1_696' title='bbox 748 4572 841 4623; x_wconf 72' lang='grc' dir='ltr'><strong>καὶ</strong></span> <span class='ocrx_word' id='word_1_697' title='bbox 890 4570 950 4622; x_wconf 77' lang='grc' dir='ltr'>τὸ</span> <span class='ocrx_word' id='word_1_698' title='bbox 999 4567 1273 4637; x_wconf 81' lang='grc' dir='ltr'>ἀνωφελὲς</span> <span class='ocrx_word' id='word_1_699' title='bbox 1320 4566 1688 4637; x_wconf 77' lang='grc' dir='ltr'>ἐκδοθήσεται.</span> <span class='ocrx_word' id='word_1_700' title='bbox 1737 4568 1808 4619; x_wconf 83' lang='grc' dir='ltr'><strong>Οὐ</strong></span> <span class='ocrx_word' id='word_1_701' title='bbox 1860 4568 1970 4638; x_wconf 79' lang='grc' dir='ltr'>γὰρ</span> 
     </span>
    </p>
   </div>
   <div class='ocr_carea' id='block_1_96' title="bbox 412 4657 1969 4730">
    <p class='ocr_par' dir='ltr' id='par_1_96' title="bbox 412 4657 1969 4730">
     <span class='ocr_line' id='line_1_96' title="bbox 412 4657 1969 4730; baseline -0.004 -14"><span class='ocrx_word' id='word_1_702' title='bbox 412 4666 503 4717; x_wconf 77' lang='grc' dir='ltr'><strong>διὰ</strong></span> <span class='ocrx_word' id='word_1_703' title='bbox 534 4665 603 4713; x_wconf 79' lang='grc' dir='ltr'><strong>τὰ</strong></span> <span class='ocrx_word' id='word_1_704' title='bbox 635 4662 891 4730; x_wconf 84' lang='grc' dir='ltr'>ὀνόματα,</span> <span class='ocrx_word' id='word_1_705' title='bbox 945 4657 1078 4710; x_wconf 76' lang='grc' dir='ltr'>ἀλλὰ</span> <span class='ocrx_word' id='word_1_706' title='bbox 1108 4657 1196 4709; x_wconf 78' lang='grc' dir='ltr'>διὰ</span> <span class='ocrx_word' id='word_1_707' title='bbox 1220 4658 1317 4727; x_wconf 80' lang='grc' dir='ltr'><strong>τὴν</strong></span> <span class='ocrx_word' id='word_1_708' title='bbox 1350 4658 1612 4726; x_wconf 87' lang='grc' dir='ltr'>πρόσοδον</span> <span class='ocrx_word' id='word_1_709' title='bbox 1661 4659 1969 4726; x_wconf 84' lang='grc' dir='ltr'>ὀφείλουσιν</span> 
     </span>
    </p>
   </div>
   <div class='ocr_carea' id='block_1_97' title="bbox 415 4749 1971 4820">
    <p class='ocr_par' dir='ltr' id='par_1_97' title="bbox 415 4749 1971 4820">
     <span class='ocr_line' id='line_1_97' title="bbox 415 4749 1971 4820; baseline -0.003 -13"><span class='ocrx_word' id='word_1_710' title='bbox 415 4753 776 4817; x_wconf 84' lang='grc' dir='ltr'>ἐκποιείσθαι,</span> <span class='ocrx_word' id='word_1_711' title='bbox 814 4753 923 4804; x_wconf 84' lang='grc' dir='ltr'>εῐτε</span> <span class='ocrx_word' id='word_1_712' title='bbox 946 4751 1045 4811; x_wconf 38' lang='grc' dir='ltr'>,καὶ</span> <span class='ocrx_word' id='word_1_713' title='bbox 1092 4750 1191 4820; x_wconf 87' lang='grc' dir='ltr'><strong>μή.</strong></span> <span class='ocrx_word' id='word_1_714' title='bbox 1246 4750 1482 4801; x_wconf 89' lang='grc' dir='ltr'>Γίνωσκε</span> <span class='ocrx_word' id='word_1_715' title='bbox 1518 4749 1572 4801; x_wconf 81' lang='grc' dir='ltr'>δὲ</span> <span class='ocrx_word' id='word_1_716' title='bbox 1606 4751 1686 4801; x_wconf 81' lang='grc' dir='ltr'><strong>ὅτι</strong></span> <span class='ocrx_word' id='word_1_717' title='bbox 1732 4750 1840 4803; x_wconf 76' lang='grc' dir='ltr'>ἀπὸ</span> <span class='ocrx_word' id='word_1_718' title='bbox 1865 4750 1971 4803; x_wconf 82' lang='grc' dir='ltr'>τῶν</span> 
     </span>
    </p>
   </div>
   <div class='ocr_carea' id='block_1_98' title="bbox 412 4843 1973 4929">
    <p class='ocr_par' dir='ltr' id='par_1_98' title="bbox 412 4843 1973 4929">
     <span class='ocr_line' id='line_1_98' title="bbox 412 4843 1973 4929; baseline -0.01 -19"><span class='ocrx_word' id='word_1_719' title='bbox 412 4853 601 4929; x_wconf 81' lang='grc' dir='ltr'>νόμων</span> <span class='ocrx_word' id='word_1_720' title='bbox 631 4849 834 4920; x_wconf 85' lang='grc' dir='ltr'>κυρίως</span> <span class='ocrx_word' id='word_1_721' title='bbox 877 4846 1160 4912; x_wconf 84' lang='grc' dir='ltr'>ἐκποίησις</span> <span class='ocrx_word' id='word_1_722' title='bbox 1197 4844 1295 4913; x_wconf 85' lang='grc' dir='ltr'><strong>μὲν</strong></span> <span class='ocrx_word' id='word_1_723' title='bbox 1327 4844 1542 4911; x_wconf 81' lang='grc' dir='ltr'>λέγεται</span> <span class='ocrx_word' id='word_1_724' title='bbox 1591 4845 1625 4913; x_wconf 80' lang='grc' dir='ltr'>ἡ</span> <span class='ocrx_word' id='word_1_725' title='bbox 1684 4843 1973 4913; x_wconf 84' lang='grc' dir='ltr'>μετάθεσις</span> 
     </span>
    </p>
   </div>
   <div class='ocr_carea' id='block_1_99' title="bbox 416 4936 1973 5020">
    <p class='ocr_par' dir='ltr' id='par_1_99' title="bbox 416 4936 1973 5020">
     <span class='ocr_line' id='line_1_99' title="bbox 416 4936 1973 5020; baseline -0.022 -15"><span class='ocrx_word' id='word_1_726' title='bbox 416 4952 517 5020; x_wconf 79' lang='grc' dir='ltr'>τῆς</span> <span class='ocrx_word' id='word_1_727' title='bbox 548 4941 888 5008; x_wconf 75' lang='grc' dir='ltr'>δεσποτείας,</span> <span class='ocrx_word' id='word_1_728' title='bbox 918 4940 1086 5009; x_wconf 74' lang='grc' dir='ltr'>ἤγουν</span> <span class='ocrx_word' id='word_1_729' title='bbox 1120 4938 1152 5006; x_wconf 79' lang='grc' dir='ltr'>ἡ</span> <span class='ocrx_word' id='word_1_730' title='bbox 1190 4936 1387 5005; x_wconf 74' lang='grc' dir='ltr'>δωρεὰ,</span> <span class='ocrx_word' id='word_1_731' title='bbox 1441 4937 1473 5004; x_wconf 81' lang='grc' dir='ltr'>ἡ</span> <span class='ocrx_word' id='word_1_732' title='bbox 1526 4938 1746 5006; x_wconf 66' lang='grc' dir='ltr'>πρᾶσις,</span> <span class='ocrx_word' id='word_1_733' title='bbox 1810 4938 1840 5004; x_wconf 73' lang='grc' dir='ltr'><strong>ὴ</strong></span> <span class='ocrx_word' id='word_1_734' title='bbox 1872 4938 1973 5005; x_wconf 67' lang='grc' dir='ltr'><strong>ἐμ-</strong></span> 
     </span>
    </p>
   </div>
   <div class='ocr_carea' id='block_1_100' title="bbox 419 5026 1972 5112">
    <p class='ocr_par' dir='ltr' id='par_1_100' title="bbox 419 5026 1972 5112">
     <span class='ocr_line' id='line_1_100' title="bbox 419 5026 1972 5112; baseline -0.01 -19"><span class='ocrx_word' id='word_1_735' title='bbox 419 5043 694 5112; x_wconf 68' lang='grc' dir='ltr'>φύτευσις,</span> <span class='ocrx_word' id='word_1_736' title='bbox 728 5030 1120 5105; x_wconf 68' lang='grc' dir='ltr'>ή,ανταλλα.γὴ,</span> <span class='ocrx_word' id='word_1_737' title='bbox 1156 5028 1251 5080; x_wconf 73' lang='grc' dir='ltr'>καὶ</span> <span class='ocrx_word' id='word_1_738' title='bbox 1281 5028 1349 5079; x_wconf 77' lang='grc' dir='ltr'><strong>τὰ</strong></span> <span class='ocrx_word' id='word_1_739' title='bbox 1371 5028 1550 5096; x_wconf 83' lang='grc' dir='ltr'>ὃμοια·</span> <span class='ocrx_word' id='word_1_740' title='bbox 1600 5026 1805 5087; x_wconf 80' lang='grc' dir='ltr'>ἕκδοσις</span> <span class='ocrx_word' id='word_1_741' title='bbox 1836 5027 1892 5078; x_wconf 86' lang='grc' dir='ltr'><strong>δέ</strong></span> <span class='ocrx_word' id='word_1_742' title='bbox 1940 5027 1972 5089; x_wconf 82' lang='grc' dir='ltr'><strong>ἡ</strong></span> 
     </span>
    </p>
   </div>
   <div class='ocr_carea' id='block_1_101' title="bbox 416 5119 1971 5201">
    <p class='ocr_par' dir='ltr' id='par_1_101' title="bbox 416 5119 1971 5201">
     <span class='ocr_line' id='line_1_101' title="bbox 416 5119 1971 5201; baseline -0.006 -21"><span class='ocrx_word' id='word_1_743' title='bbox 416 5136 512 5188; x_wconf 62' lang='grc' dir='ltr'><strong>ἐπὶ</strong></span> <span class='ocrx_word' id='word_1_744' title='bbox 562 5129 867 5201; x_wconf 84' lang='grc' dir='ltr'>προσώποις</span> <span class='ocrx_word' id='word_1_745' title='bbox 909 5126 944 5195; x_wconf 79' lang='grc' dir='ltr'><strong>ἦ</strong></span> <span class='ocrx_word' id='word_1_746' title='bbox 980 5124 1196 5195; x_wconf 74' lang='grc' dir='ltr'>χρόνοις</span> <span class='ocrx_word' id='word_1_747' title='bbox 1236 5119 1560 5189; x_wconf 84' lang='grc' dir='ltr'>ὡρισμένοις</span> <span class='ocrx_word' id='word_1_748' title='bbox 1611 5122 1971 5190; x_wconf 70' lang='grc' dir='ltr'>παραπομπῇ.</span> 
     </span>
    </p>
   </div>
   <div class='ocr_carea' id='block_1_102' title="bbox 416 5205 1972 5292">
    <p class='ocr_par' dir='ltr' id='par_1_102' title="bbox 416 5205 1972 5292">
     <span class='ocr_line' id='line_1_102' title="bbox 416 5205 1972 5292; baseline -0.011 -13"><span class='ocrx_word' id='word_1_749' title='bbox 416 5220 884 5292; x_wconf 78' lang='grc' dir='ltr'>Καταχρηστικῶς</span> <span class='ocrx_word' id='word_1_750' title='bbox 910 5218 966 5268; x_wconf 86' lang='grc' dir='ltr'><strong>δέ</strong></span> <span class='ocrx_word' id='word_1_751' title='bbox 998 5215 1093 5269; x_wconf 74' lang='grc' dir='ltr'><strong>καὶ</strong></span> <span class='ocrx_word' id='word_1_752' title='bbox 1122 5216 1155 5284; x_wconf 80' lang='grc' dir='ltr'>ἡ</span> <span class='ocrx_word' id='word_1_753' title='bbox 1182 5212 1392 5273; x_wconf 77' lang='grc' dir='ltr'>ἔκδοσις</span> <span class='ocrx_word' id='word_1_754' title='bbox 1427 5205 1709 5281; x_wconf 73' lang='grc' dir='ltr'>ἐκποίὴσις</span> <span class='ocrx_word' id='word_1_755' title='bbox 1734 5211 1972 5279; x_wconf 75' lang='grc' dir='ltr'>λέγεται,</span> 
     </span>
    </p>
   </div>
   <div class='ocr_carea' id='block_1_103' title="bbox 418 5302 1974 5386">
    <p class='ocr_par' dir='ltr' id='par_1_103' title="bbox 418 5302 1974 5386">
     <span class='ocr_line' id='line_1_103' title="bbox 418 5302 1974 5386; baseline -0.01 -15"><span class='ocrx_word' id='word_1_756' title='bbox 418 5321 512 5371; x_wconf 73' lang='grc' dir='ltr'><strong>καὶ</strong></span> <span class='ocrx_word' id='word_1_757' title='bbox 537 5318 572 5386; x_wconf 79' lang='grc' dir='ltr'>ἠ</span> <span class='ocrx_word' id='word_1_758' title='bbox 602 5312 884 5381; x_wconf 77' lang='grc' dir='ltr'>ἐκποίησις</span> <span class='ocrx_word' id='word_1_759' title='bbox 911 5308 1139 5370; x_wconf 77' lang='grc' dir='ltr'>ἐκδοσις.</span> <span class='ocrx_word' id='word_1_760' title='bbox 1172 5304 1373 5359; x_wconf 85' lang='grc' dir='ltr'>’Ὀτιδέ</span> <span class='ocrx_word' id='word_1_761' title='bbox 1400 5302 1471 5356; x_wconf 76' lang='grc' dir='ltr'>τὰ</span> <span class='ocrx_word' id='word_1_762' title='bbox 1494 5302 1756 5373; x_wconf 87' lang='grc' dir='ltr'>πρόσοδον</span> <span class='ocrx_word' id='word_1_763' title='bbox 1783 5302 1974 5372; x_wconf 76' lang='grc' dir='ltr'>ἔχοντα</span> 
     </span>
    </p>
   </div>
   <div class='ocr_carea' id='block_1_104' title="bbox 418 5394 1973 5467">
    <p class='ocr_par' dir='ltr' id='par_1_104' title="bbox 418 5394 1973 5467">
     <span class='ocr_line' id='line_1_104' title="bbox 418 5394 1973 5467; baseline -0.01 -4"><span class='ocrx_word' id='word_1_764' title='bbox 418 5412 519 5462; x_wconf 79' lang='grc' dir='ltr'><strong>οὐκ</strong></span> <span class='ocrx_word' id='word_1_765' title='bbox 550 5402 920 5465; x_wconf 80' lang='grc' dir='ltr'>ἐκποιοῦνται,</span> <span class='ocrx_word' id='word_1_766' title='bbox 953 5400 1018 5451; x_wconf 85' lang='grc' dir='ltr'><strong>τὰ</strong></span> <span class='ocrx_word' id='word_1_767' title='bbox 1041 5398 1097 5451; x_wconf 89' lang='grc' dir='ltr'><strong>δέ</strong></span> <span class='ocrx_word' id='word_1_768' title='bbox 1127 5396 1401 5467; x_wconf 82' lang='grc' dir='ltr'>ἁπρόσοδα</span> <span class='ocrx_word' id='word_1_769' title='bbox 1424 5394 1514 5448; x_wconf 82' lang='grc' dir='ltr'><strong>διὰ</strong></span> <span class='ocrx_word' id='word_1_770' title='bbox 1543 5394 1973 5463; x_wconf 83' lang='grc' dir='ltr'>κατεπείγουσαν</span> 
     </span>
    </p>
   </div>
   <div class='ocr_carea' id='block_1_105' title="bbox 424 5486 1974 5566">
    <p class='ocr_par' dir='ltr' id='par_1_105' title="bbox 424 5486 1974 5566">
     <span class='ocr_line' id='line_1_105' title="bbox 424 5486 1974 5566; baseline -0.003 -21"><span class='ocrx_word' id='word_1_771' title='bbox 424 5502 675 5566; x_wconf 73' lang='grc' dir='ltr'>ἀνάγκην</span> <span class='ocrx_word' id='word_1_772' title='bbox 728 5496 847 5556; x_wconf 86' lang='grc' dir='ltr'>ταῖς</span> <span class='ocrx_word' id='word_1_773' title='bbox 891 5489 1209 5560; x_wconf 86' lang='grc' dir='ltr'>ἐκκλησίαις</span> <span class='ocrx_word' id='word_1_774' title='bbox 1236 5486 1603 5551; x_wconf 82' lang='grc' dir='ltr'>ἐκποιοῧνται,</span> <span class='ocrx_word' id='word_1_775' title='bbox 1643 5486 1974 5555; x_wconf 87' lang='grc' dir='ltr'>παρίσταται</span> 
     </span>
    </p>
   </div>
   <div class='ocr_carea' id='block_1_106' title="bbox 422 5576 1975 5650">
    <p class='ocr_par' dir='ltr' id='par_1_106' title="bbox 422 5576 1975 5650">
     <span class='ocr_line' id='line_1_106' title="bbox 422 5576 1975 5650; baseline -0.01 -4"><span class='ocrx_word' id='word_1_776' title='bbox 422 5594 532 5647; x_wconf 59' lang='grc' dir='ltr'>ἀπ’)</span> <span class='ocrx_word' id='word_1_777' title='bbox 571 5589 666 5642; x_wconf 83' lang='grc' dir='ltr'>τοῦ</span> <span class='ocrx_word' id='word_1_778' title='bbox 707 5584 787 5641; x_wconf 83' lang='grc' dir='ltr'>κθ’</span> <span class='ocrx_word' id='word_1_779' title='bbox 841 5583 1060 5645; x_wconf 81' lang='grc' dir='ltr'>κανόνος</span> <span class='ocrx_word' id='word_1_780' title='bbox 1122 5580 1222 5650; x_wconf 82' lang='grc' dir='ltr'><strong>τῆς</strong></span> <span class='ocrx_word' id='word_1_781' title='bbox 1266 5581 1324 5632; x_wconf 88' lang='grc' dir='ltr'><strong>ἐν</strong></span> <span class='ocrx_word' id='word_1_782' title='bbox 1375 5576 1708 5649; x_wconf 81' lang='grc' dir='ltr'>Καρθαγένῃ</span> <span class='ocrx_word' id='word_1_783' title='bbox 1758 5578 1975 5632; x_wconf 86' lang='grc' dir='ltr'>συνόδου</span> 
     </span>
    </p>
   </div>
   <div class='ocr_carea' id='block_1_107' title="bbox 420 5666 1975 5739">
    <p class='ocr_par' dir='ltr' id='par_1_107' title="bbox 420 5666 1975 5739">
     <span class='ocr_line' id='line_1_107' title="bbox 420 5666 1975 5739; baseline -0.015 -7"><span class='ocrx_word' id='word_1_784' title='bbox 420 5677 810 5738; x_wconf 73' lang='grc' dir='ltr'>ἐπιτρέποντος</span> <span class='ocrx_word' id='word_1_785' title='bbox 841 5670 997 5725; x_wconf 79' lang='grc' dir='ltr'>τοῦτο</span> <span class='ocrx_word' id='word_1_786' title='bbox 1037 5669 1174 5739; x_wconf 80' lang='grc' dir='ltr'>μετὰ</span> <span class='ocrx_word' id='word_1_787' title='bbox 1217 5666 1563 5730; x_wconf 83' lang='grc' dir='ltr'>διαστίξεως·</span> <span class='ocrx_word' id='word_1_788' title='bbox 1612 5667 1671 5721; x_wconf 81' lang='grc' dir='ltr'>ὃν</span> <span class='ocrx_word' id='word_1_789' title='bbox 1723 5666 1818 5725; x_wconf 65' lang='grc' dir='ltr'>καὶ</span> <span class='ocrx_word' id='word_1_790' title='bbox 1848 5667 1975 5721; x_wconf 73' lang='grc' dir='ltr'><strong>ἀνά-</strong></span> 
     </span>
    </p>
   </div>
   <div class='ocr_carea' id='block_1_108' title="bbox 2072 4473 3629 4545">
    <p class='ocr_par' dir='ltr' id='par_1_108' title="bbox 2072 4473 3629 4545">
     <span class='ocr_line' id='line_1_108' title="bbox 2072 4473 3629 4545; baseline -0.005 -14"><span class='ocrx_word' id='word_1_791' title='bbox 2072 4477 2175 4531; x_wconf 86' lang='lat' dir='ltr'><strong>hoc</strong></span> <span class='ocrx_word' id='word_1_792' title='bbox 2239 4476 2457 4545; x_wconf 89' lang='lat' dir='ltr'><strong>quidem</strong></span> <span class='ocrx_word' id='word_1_793' title='bbox 2510 4474 2815 4543; x_wconf 90' lang='lat' dir='ltr'><strong>sejunctum</strong></span> <span class='ocrx_word' id='word_1_794' title='bbox 2876 4473 3163 4542; x_wconf 67' lang='lat' dir='ltr'><strong>praedium,</strong></span> <span class='ocrx_word' id='word_1_795' title='bbox 3233 4473 3325 4543; x_wconf 88' lang='lat' dir='ltr'><strong>qui</strong></span> <span class='ocrx_word' id='word_1_796' title='bbox 3375 4481 3457 4527; x_wconf 74' lang='lat' dir='ltr'><strong>est</strong></span> <span class='ocrx_word' id='word_1_797' title='bbox 3505 4473 3629 4526; x_wconf 87' lang='lat' dir='ltr'><strong>boni</strong></span> 
     </span>
    </p>
   </div>
   <div class='ocr_carea' id='block_1_109' title="bbox 2072 4563 3633 4629">
    <p class='ocr_par' dir='ltr' id='par_1_109' title="bbox 2072 4563 3633 4629">
     <span class='ocr_line' id='line_1_109' title="bbox 2072 4563 3633 4629; baseline -0.005 -7"><span class='ocrx_word' id='word_1_798' title='bbox 2072 4569 2316 4629; x_wconf 88' lang='lat' dir='ltr'><strong>reditus,</strong></span> <span class='ocrx_word' id='word_1_799' title='bbox 2372 4582 2477 4621; x_wconf 89' lang='lat' dir='ltr'><strong>non</strong></span> <span class='ocrx_word' id='word_1_800' title='bbox 2516 4565 2881 4628; x_wconf 39' lang='lat' dir='ltr'><strong>*alienabitur;</strong></span> <span class='ocrx_word' id='word_1_801' title='bbox 2944 4563 3075 4619; x_wconf 78' lang='lat' dir='ltr'><strong>illud</strong></span> <span class='ocrx_word' id='word_1_802' title='bbox 3130 4572 3355 4627; x_wconf 86' lang='lat' dir='ltr'><strong>autem,</strong></span> <span class='ocrx_word' id='word_1_803' title='bbox 3417 4563 3633 4617; x_wconf 84' lang='lat' dir='ltr'><strong>etiamsi</strong></span> 
     </span>
    </p>
   </div>
   <div class='ocr_carea' id='block_1_110' title="bbox 2074 4657 3630 4727">
    <p class='ocr_par' dir='ltr' id='par_1_110' title="bbox 2074 4657 3630 4727">
     <span class='ocr_line' id='line_1_110' title="bbox 2074 4657 3630 4727; baseline -0.006 -13"><span class='ocrx_word' id='word_1_804' title='bbox 2074 4660 2406 4726; x_wconf 78' lang='grc' dir='ltr'>αὐτηύργιον</span> <span class='ocrx_word' id='word_1_805' title='bbox 2443 4658 2618 4727; x_wconf 88' lang='lat' dir='ltr'><strong>(quasi</strong></span> <span class='ocrx_word' id='word_1_806' title='bbox 2656 4672 2750 4725; x_wconf 91' lang='lat' dir='ltr'><strong>per</strong></span> <span class='ocrx_word' id='word_1_807' title='bbox 2782 4671 2842 4710; x_wconf 90' lang='lat' dir='ltr'><strong>se</strong></span> <span class='ocrx_word' id='word_1_808' title='bbox 2881 4670 3047 4726; x_wconf 80' lang='lat' dir='ltr'><strong>agens</strong></span> <span class='ocrx_word' id='word_1_809' title='bbox 3089 4670 3152 4709; x_wconf 86' lang='lat' dir='ltr'><strong>ac</strong></span> <span class='ocrx_word' id='word_1_810' title='bbox 3196 4657 3504 4725; x_wconf 86' lang='lat' dir='ltr'><strong>produceus</strong></span> <span class='ocrx_word' id='word_1_811' title='bbox 3547 4658 3630 4709; x_wconf 65' lang='lat' dir='ltr'><strong>di-</strong></span> 
     </span>
    </p>
   </div>
   <div class='ocr_carea' id='block_1_111' title="bbox 2074 4747 3631 4818">
    <p class='ocr_par' dir='ltr' id='par_1_111' title="bbox 2074 4747 3631 4818">
     <span class='ocr_line' id='line_1_111' title="bbox 2074 4747 3631 4818; baseline -0.004 -11"><span class='ocrx_word' id='word_1_812' title='bbox 2074 4756 2273 4818; x_wconf 85' lang='lat' dir='ltr'><strong>catur).</strong></span> <span class='ocrx_word' id='word_1_813' title='bbox 2306 4765 2371 4804; x_wconf 90' lang='lat' dir='ltr'><strong>eo</strong></span> <span class='ocrx_word' id='word_1_814' title='bbox 2402 4750 2544 4818; x_wconf 89' lang='lat' dir='ltr'><strong>quod</strong></span> <span class='ocrx_word' id='word_1_815' title='bbox 2578 4756 2661 4802; x_wconf 87' lang='lat' dir='ltr'><strong>est</strong></span> <span class='ocrx_word' id='word_1_816' title='bbox 2690 4747 2877 4802; x_wconf 79' lang='lat' dir='ltr'><strong>inutile</strong></span> <span class='ocrx_word' id='word_1_817' title='bbox 2907 4757 2960 4802; x_wconf 91' lang='lat' dir='ltr'><strong>et</strong></span> <span class='ocrx_word' id='word_1_818' title='bbox 2983 4748 3190 4802; x_wconf 87' lang='lat' dir='ltr'><strong>nullius</strong></span> <span class='ocrx_word' id='word_1_819' title='bbox 3234 4748 3464 4814; x_wconf 86' lang='lat' dir='ltr'><strong>reditus,</strong></span> <span class='ocrx_word' id='word_1_820' title='bbox 3503 4748 3631 4801; x_wconf 86' lang='lat' dir='ltr'><strong>alie-</strong></span> 
     </span>
    </p>
   </div>
   <div class='ocr_carea' id='block_1_112' title="bbox 2074 4836 3632 4906">
    <p class='ocr_par' dir='ltr' id='par_1_112' title="bbox 2074 4836 3632 4906">
     <span class='ocr_line' id='line_1_112' title="bbox 2074 4836 3632 4906; baseline -0.007 -9"><span class='ocrx_word' id='word_1_821' title='bbox 2074 4843 2311 4897; x_wconf 87' lang='lat' dir='ltr'><strong>nabitur.</strong></span> <span class='ocrx_word' id='word_1_822' title='bbox 2348 4838 2467 4893; x_wconf 85' lang='lat' dir='ltr'><strong>Non</strong></span> <span class='ocrx_word' id='word_1_823' title='bbox 2516 4839 2658 4892; x_wconf 88' lang='lat' dir='ltr'><strong>enim</strong></span> <span class='ocrx_word' id='word_1_824' title='bbox 2708 4846 2931 4906; x_wconf 86' lang='lat' dir='ltr'><strong>propter</strong></span> <span class='ocrx_word' id='word_1_825' title='bbox 2977 4838 3216 4901; x_wconf 88' lang='lat' dir='ltr'><strong>nomina,</strong></span> <span class='ocrx_word' id='word_1_826' title='bbox 3271 4836 3364 4891; x_wconf 83' lang='lat' dir='ltr'><strong>sed</strong></span> <span class='ocrx_word' id='word_1_827' title='bbox 3411 4844 3632 4904; x_wconf 78' lang='lat' dir='ltr'><strong>propter</strong></span> 
     </span>
    </p>
   </div>
   <div class='ocr_carea' id='block_1_113' title="bbox 2075 4922 3630 4985">
    <p class='ocr_par' dir='ltr' id='par_1_113' title="bbox 2075 4922 3630 4985">
     <span class='ocr_line' id='line_1_113' title="bbox 2075 4922 3630 4985; baseline -0.006 0"><span class='ocrx_word' id='word_1_828' title='bbox 2075 4932 2281 4985; x_wconf 83' lang='lat' dir='ltr'><strong>reditus</strong></span> <span class='ocrx_word' id='word_1_829' title='bbox 2337 4929 2562 4982; x_wconf 80' lang='lat' dir='ltr'><strong>alienari</strong></span> <span class='ocrx_word' id='word_1_830' title='bbox 2617 4928 2697 4981; x_wconf 81' lang='lat' dir='ltr'><strong>vel</strong></span> <span class='ocrx_word' id='word_1_831' title='bbox 2752 4944 2858 4980; x_wconf 86' lang='lat' dir='ltr'><strong>non</strong></span> <span class='ocrx_word' id='word_1_832' title='bbox 2920 4926 3145 4981; x_wconf 82' lang='lat' dir='ltr'><strong>alienari</strong></span> <span class='ocrx_word' id='word_1_833' title='bbox 3191 4925 3410 4979; x_wconf 86' lang='lat' dir='ltr'><strong>debent.</strong></span> <span class='ocrx_word' id='word_1_834' title='bbox 3477 4922 3630 4976; x_wconf 83' lang='lat' dir='ltr'><strong>Scias</strong></span> 
     </span>
    </p>
   </div>
   <div class='ocr_carea' id='block_1_114' title="bbox 2077 5012 3624 5090">
    <p class='ocr_par' dir='ltr' id='par_1_114' title="bbox 2077 5012 3624 5090">
     <span class='ocr_line' id='line_1_114' title="bbox 2077 5012 3624 5090; baseline -0.006 -16"><span class='ocrx_word' id='word_1_835' title='bbox 2077 5031 2277 5083; x_wconf 88' lang='lat' dir='ltr'><strong>autem,</strong></span> <span class='ocrx_word' id='word_1_836' title='bbox 2316 5019 2460 5090; x_wconf 92' lang='lat' dir='ltr'><strong>quod</strong></span> <span class='ocrx_word' id='word_1_837' title='bbox 2497 5034 2526 5070; x_wconf 83' lang='lat' dir='ltr'><strong>a</strong></span> <span class='ocrx_word' id='word_1_838' title='bbox 2559 5018 2767 5085; x_wconf 81' lang='lat' dir='ltr'><strong>legibus</strong></span> <span class='ocrx_word' id='word_1_839' title='bbox 2801 5019 3019 5086; x_wconf 86' lang='lat' dir='ltr'><strong>proprie</strong></span> <span class='ocrx_word' id='word_1_840' title='bbox 3066 5017 3357 5083; x_wconf 86' lang='grc' dir='ltr'>ἐκποίησις</span> <span class='ocrx_word' id='word_1_841' title='bbox 3407 5012 3624 5082; x_wconf 87' lang='lat' dir='ltr'><strong>quidem</strong></span> 
     </span>
    </p>
   </div>
   <div class='ocr_carea' id='block_1_115' title="bbox 2079 5102 3633 5183">
    <p class='ocr_par' dir='ltr' id='par_1_115' title="bbox 2079 5102 3633 5183">
     <span class='ocr_line' id='line_1_115' title="bbox 2079 5102 3633 5183; baseline -0.006 -18"><span class='ocrx_word' id='word_1_842' title='bbox 2079 5112 2151 5183; x_wconf 91' lang='lat' dir='ltr'><strong>(id</strong></span> <span class='ocrx_word' id='word_1_843' title='bbox 2177 5122 2277 5176; x_wconf 88' lang='lat' dir='ltr'><strong>est,</strong></span> <span class='ocrx_word' id='word_1_844' title='bbox 2312 5109 2591 5175; x_wconf 85' lang='lat' dir='ltr'><strong>alienatio)</strong></span> <span class='ocrx_word' id='word_1_845' title='bbox 2633 5108 2833 5165; x_wconf 84' lang='lat' dir='ltr'><strong>dicitur</strong></span> <span class='ocrx_word' id='word_1_846' title='bbox 2863 5108 3087 5163; x_wconf 89' lang='lat' dir='ltr'><strong>dominii</strong></span> <span class='ocrx_word' id='word_1_847' title='bbox 3120 5105 3425 5167; x_wconf 79' lang='lat' dir='ltr'><strong>translatio,</strong></span> <span class='ocrx_word' id='word_1_848' title='bbox 3486 5102 3633 5156; x_wconf 81' lang='lat' dir='ltr'><strong>scili-</strong></span> 
     </span>
    </p>
   </div>
   <div class='ocr_carea' id='block_1_116' title="bbox 2078 5193 3629 5267">
    <p class='ocr_par' dir='ltr' id='par_1_116' title="bbox 2078 5193 3629 5267">
     <span class='ocr_line' id='line_1_116' title="bbox 2078 5193 3629 5267; baseline -0.007 -12"><span class='ocrx_word' id='word_1_849' title='bbox 2078 5210 2164 5255; x_wconf 89' lang='lat' dir='ltr'><strong>cet</strong></span> <span class='ocrx_word' id='word_1_850' title='bbox 2196 5200 2436 5264; x_wconf 80' lang='lat' dir='ltr'><strong>dunatio,</strong></span> <span class='ocrx_word' id='word_1_851' title='bbox 2468 5201 2729 5263; x_wconf 85' lang='lat' dir='ltr'><strong>venditio,</strong></span> <span class='ocrx_word' id='word_1_852' title='bbox 2758 5197 3147 5267; x_wconf 87' lang='lat' dir='ltr'><strong>empbyteusis,</strong></span> <span class='ocrx_word' id='word_1_853' title='bbox 3190 5193 3551 5263; x_wconf 79' lang='lat' dir='ltr'><strong>permutatio,</strong></span> <span class='ocrx_word' id='word_1_854' title='bbox 3577 5201 3629 5245; x_wconf 84' lang='lat' dir='ltr'><strong>et</strong></span> 
     </span>
    </p>
   </div>
   <div class='ocr_carea' id='block_1_117' title="bbox 2078 5285 3628 5360">
    <p class='ocr_par' dir='ltr' id='par_1_117' title="bbox 2078 5285 3628 5360">
     <span class='ocr_line' id='line_1_117' title="bbox 2078 5285 3628 5360; baseline -0.007 -13"><span class='ocrx_word' id='word_1_855' title='bbox 2078 5294 2310 5360; x_wconf 84' lang='lat' dir='ltr'><strong>similia;</strong></span> <span class='ocrx_word' id='word_1_856' title='bbox 2339 5292 2548 5356; x_wconf 84' lang='grc' dir='ltr'>ἐκδοσις</span> <span class='ocrx_word' id='word_1_857' title='bbox 2577 5301 2754 5345; x_wconf 84' lang='lat' dir='ltr'><strong>autem</strong></span> <span class='ocrx_word' id='word_1_858' title='bbox 2776 5290 2854 5360; x_wconf 88' lang='lat' dir='ltr'><strong>(id</strong></span> <span class='ocrx_word' id='word_1_859' title='bbox 2878 5301 2981 5352; x_wconf 87' lang='lat' dir='ltr'><strong>est,</strong></span> <span class='ocrx_word' id='word_1_860' title='bbox 3004 5287 3253 5353; x_wconf 81' lang='lat' dir='ltr'><strong>elocatio)</strong></span> <span class='ocrx_word' id='word_1_861' title='bbox 3285 5298 3368 5340; x_wconf 80' lang='lat' dir='ltr'><strong>est</strong></span> <span class='ocrx_word' id='word_1_862' title='bbox 3411 5285 3477 5338; x_wconf 82' lang='lat' dir='ltr'><strong>ad</strong></span> <span class='ocrx_word' id='word_1_863' title='bbox 3514 5300 3628 5354; x_wconf 74' lang='lat' dir='ltr'><strong>per-</strong></span> 
     </span>
    </p>
   </div>
   <div class='ocr_carea' id='block_1_118' title="bbox 2078 5376 3632 5453">
    <p class='ocr_par' dir='ltr' id='par_1_118' title="bbox 2078 5376 3632 5453">
     <span class='ocr_line' id='line_1_118' title="bbox 2078 5376 3632 5453; baseline -0.01 -11"><span class='ocrx_word' id='word_1_864' title='bbox 2078 5400 2243 5442; x_wconf 87' lang='lat' dir='ltr'><strong>sonas</strong></span> <span class='ocrx_word' id='word_1_865' title='bbox 2272 5393 2325 5439; x_wconf 89' lang='lat' dir='ltr'><strong>et</strong></span> <span class='ocrx_word' id='word_1_866' title='bbox 2374 5393 2634 5453; x_wconf 87' lang='lat' dir='ltr'><strong>tempora.</strong></span> <span class='ocrx_word' id='word_1_867' title='bbox 2670 5380 2934 5451; x_wconf 74' lang='lat' dir='ltr'><strong>praeﬁnita</strong></span> <span class='ocrx_word' id='word_1_868' title='bbox 2970 5376 3335 5432; x_wconf 85' lang='lat' dir='ltr'><strong>transmissio.</strong></span> <span class='ocrx_word' id='word_1_869' title='bbox 3392 5376 3632 5432; x_wconf 81' lang='lat' dir='ltr'><strong>Abusive</strong></span> 
     </span>
    </p>
   </div>
   <div class='ocr_carea' id='block_1_119' title="bbox 2079 5470 3630 5542">
    <p class='ocr_par' dir='ltr' id='par_1_119' title="bbox 2079 5470 3630 5542">
     <span class='ocr_line' id='line_1_119' title="bbox 2079 5470 3630 5542; baseline -0.009 -10"><span class='ocrx_word' id='word_1_870' title='bbox 2079 5489 2256 5533; x_wconf 83' lang='lat' dir='ltr'><strong>autem</strong></span> <span class='ocrx_word' id='word_1_871' title='bbox 2307 5487 2358 5529; x_wconf 86' lang='lat' dir='ltr'><strong>et</strong></span> <span class='ocrx_word' id='word_1_872' title='bbox 2406 5475 2690 5542; x_wconf 84' lang='grc' dir='ltr'>ἐκποίησις</span> <span class='ocrx_word' id='word_1_873' title='bbox 2740 5472 2968 5535; x_wconf 77' lang='grc' dir='ltr'>ἐκδοσις,</span> <span class='ocrx_word' id='word_1_874' title='bbox 2996 5479 3047 5523; x_wconf 82' lang='lat' dir='ltr'><strong>et</strong></span> <span class='ocrx_word' id='word_1_875' title='bbox 3080 5470 3288 5532; x_wconf 79' lang='grc' dir='ltr'>ἐκδοσις</span> <span class='ocrx_word' id='word_1_876' title='bbox 3341 5470 3630 5537; x_wconf 76' lang='grc' dir='ltr'>ἐκποίησις</span> 
     </span>
    </p>
   </div>
   <div class='ocr_carea' id='block_1_120' title="bbox 2079 5562 3627 5633">
    <p class='ocr_par' dir='ltr' id='par_1_120' title="bbox 2079 5562 3627 5633">
     <span class='ocr_line' id='line_1_120' title="bbox 2079 5562 3627 5633; baseline -0.005 -8"><span class='ocrx_word' id='word_1_877' title='bbox 2079 5571 2302 5625; x_wconf 87' lang='lat' dir='ltr'><strong>dicitur.</strong></span> <span class='ocrx_word' id='word_1_878' title='bbox 2336 5566 2493 5633; x_wconf 85' lang='lat' dir='ltr'><strong>Quod</strong></span> <span class='ocrx_word' id='word_1_879' title='bbox 2543 5579 2722 5619; x_wconf 86' lang='lat' dir='ltr'><strong>autem</strong></span> <span class='ocrx_word' id='word_1_880' title='bbox 2770 5580 2889 5633; x_wconf 71' lang='lat' dir='ltr'><strong>qua:</strong></span> <span class='ocrx_word' id='word_1_881' title='bbox 2946 5563 3177 5617; x_wconf 86' lang='lat' dir='ltr'><strong>reditum</strong></span> <span class='ocrx_word' id='word_1_882' title='bbox 3233 5562 3465 5614; x_wconf 76' lang='lat' dir='ltr'><strong>all&#39;erunt</strong></span> <span class='ocrx_word' id='word_1_883' title='bbox 3518 5576 3627 5617; x_wconf 75' lang='lat' dir='ltr'><strong>nun</strong></span> 
     </span>
    </p>
   </div>
   <div class='ocr_carea' id='block_1_121' title="bbox 2081 5656 3629 5735">
    <p class='ocr_par' dir='ltr' id='par_1_121' title="bbox 2081 5656 3629 5735">
     <span class='ocr_line' id='line_1_121' title="bbox 2081 5656 3629 5735; baseline -0.005 -19"><span class='ocrx_word' id='word_1_884' title='bbox 2081 5664 2409 5728; x_wconf 80' lang='lat' dir='ltr'><strong>alienantur,</strong></span> <span class='ocrx_word' id='word_1_885' title='bbox 2472 5672 2591 5730; x_wconf 81' lang='lat' dir='ltr'><strong>quae</strong></span> <span class='ocrx_word' id='word_1_886' title='bbox 2649 5668 2829 5713; x_wconf 79' lang='lat' dir='ltr'><strong>autem</strong></span> <span class='ocrx_word' id='word_1_887' title='bbox 2881 5657 3115 5714; x_wconf 84' lang='lat' dir='ltr'><strong>reditum</strong></span> <span class='ocrx_word' id='word_1_888' title='bbox 3194 5672 3303 5711; x_wconf 87' lang='lat' dir='ltr'><strong>nou</strong></span> <span class='ocrx_word' id='word_1_889' title='bbox 3370 5656 3629 5735; x_wconf 18' lang='lat' dir='ltr'><strong>“siler-unt,</strong></span> 
     </span>
    </p>
   </div>
  </div>
