4074 6214
454 245 555 308 931

1738 240 2015 301 THEOD.
2062 236 2461 299 BALSAMUN
2532 208 2537 213 ’

3598 238 3709 296 932

456 371 685 434 propter
746 370 1029 433 urgentem
1101 356 1348 413 ecclesiis
1410 358 1840 416 necessitatem,
1900 355 2030 405 alie-

2145 348 2322 417 γνωθι.
2362 346 2520 397 Ἀλλά
2551 347 2693 398 καὶὸ
2729 347 2899 415 μέγας
2953 347 3214 416 Κύριλλος
3267 351 3324 398 ἐν
3386 348 3460 414 τῷ
3504 345 3546 414 β’
3580 366 3708 416 κειρ,

461 469 703 520 nantur;
774 470 842 510 ex
904 469 1116 508 canone
1185 451 1253 506 29
1312 450 1768 520 Carthaginensis
1837 446 2034 516 synodi

460 555 715 620 apparet,
750 546 916 617 305
950 548 1041 615 qui
1075 545 1181 599 hoc
1204 561 1325 599 eum
1351 543 1701 596 distinctione
1730 540 2031 612 permittit;

456 659 621 713 quem
656 643 794 711 lege.
830 639 937 694 Sed
970 655 1204 709 magnus
1234 640 1396 692 etiam
1420 636 1678 705 Cyl-illus.
1705 635 1758 687 in
1792 631 2035 687 secundo

457 734 637 804 capite
663 747 776 787 suae
806 731 874 785 ad
905 730 1175 784 Domuum
1208 728 1472 798 epistolae,
1505 723 1877 779 inalienabilia
1909 737 2033 776 esse

458 825 593 879 dicit
634 839 760 877 vasa
793 820 1057 893 pretiosa,
1110 833 1266 873 sacra
1323 817 1559 879 scilicet,
1621 826 1674 866 et
1724 810 2032 866 immobiles

458 914 819 971 ecclesiarum
878 912 1281 981 possessiones.
1331 907 1602 962 Cancrum
1658 904 1761 958 hoe
1816 917 2035 972 quoque

463 1009 828 1077 interpretare
873 1020 940 1057 ex
997 1003 1270 1057 sententia
1324 1000 1553 1054 canonis
1604 998 1867 1067 Carthag.
1910 1011 2032 1066 syn.

459 1102 596 1155 Cum
638 1099 857 1169 quidam
906 1106 1089 1150 autem
1127 1098 1421 1165 episcopus
1470 1093 1732 1163 prmdium
1770 1092 2033 1144 ecclesia-

460 1194 661 1249 sticum
719 1189 1009 1259 principali
1049 1189 1266 1243 cuidam
1314 1202 1563 1256 personae
1617 1186 1930 1247 alienasset,
1984 1193 2034 1235 et

461 1287 722 1342 alienatio
756 1302 851 1355 per
879 1285 1024 1338 hunc
1057 1296 1323 1336 eanonem
1370 1281 1646 1333 inﬁrmata
1677 1285 1845 1339 esset,
1888 1276 2035 1329 dice-

464 1384 593 1436 bant
628 1380 853 1449 quidam
888 1378 1089 1431 debere
1124 1377 1440 1444 episcopum
1492 1389 1557 1427 ex
1592 1373 1907 1441 episc0palu
1939 1382 2033 1422 ex-

459 1476 608 1545 pelli,
651 1483 709 1528 ut
759 1475 859 1526 hoc
893 1487 1103 1525 canone
1138 1469 1473 1522 continetur.
1531 1466 1657 1517 Mihi
1709 1474 2031 1517 autemnon

460 1574 531 1623 ita
563 1569 795 1621 videtur.
833 1564 1019 1633 Neque
1062 1564 1205 1616 enim
1266 1562 1421 1629 jubet
1478 1574 1653 1611 canon
1711 1556 2030 1625 episcopum

458 1679 526 1718 ex
557 1661 875 1730 episcopatu
912 1656 1096 1725 dejici,
1126 1655 1347 1724 quando
1382 1651 1575 1706 fecerit
1601 1649 1789 1719 praedii
1819 1647 2031 1699 aliena—

2136 443 2234 508 τῆς
2267 439 2401 509 πρὸς
2424 440 2626 507 Δόμνον
2652 439 2944 508 ἐπιστολῆς
2978 440 3143 491 αὐτοῦ
3197 440 3536 509 άνεκποίητα
3562 439 3705 495 εἶναι

2137 531 2429 600 διορίζεται
2483 532 2552 581 τὰ
2598 530 2881 600 κειμήλια,
2930 532 3096 599 ἤγουν
3148 532 3389 599 τὰὶερὰ,
3450 531 3547 582 καὶ
3607 534 3708 594 τὰς

2138 626 2432 695 ἀκινήτους
2462 625 2687 693 κτήσεις
2718 624 2830 676 τῶν
2862 625 3189 694 ἐκκλησιῶν.
3232 624 3379 694 Πλὴν
3428 626 3523 677 καὶ
3550 624 3713 676 τοῦτο

2143 714 2283 768 κατὰ
2313 715 2402 767 τὸν
2438 714 2642 767 κανόνα
2670 715 2765 783 τῆς
2791 718 2849 766 ἐν
2879 716 3208 786 Καρθαγὲνῃ
3258 715 3478 768 συνόδου
3534 718 3716 785 €99.51—

2143 825 2351 862 νευσον.
2392 808 2724 861 Ἐπισκόπου
2755 810 2812 862 δέ
2864 827 3009 873 τινος
3052 810 3378 880 αὐτουργιον
3412 810 3714 877 ἐκκλησιαο

2145 900 2328 954 στικὸν
2371 900 2730 964 ἐκδεδωκότος
2805 902 2941 970 πρὸς
3012 903 3337 971 άρχοντικὸν
3390 904 3714 973 πρόσωπον,

2140 994 2355 1063 καὶτῆς
2388 993 2651 1067 ἐκδόσεως
2676 994 2763 1046 διὰ
2809 995 2897 1048 τὸν
2940 997 3141 1047 κανόνα
3175 996 3367 1048 τοῦτον
3402 998 3717 1067 ἁκυρωθεί-

2144 1103 2264 1156 σης,
2291 1082 2442 1138 εἶπόν
2480 1104 2624 1148 τινες
2654 1088 2886 1155 ὀφείλειν
2916 1088 3248 1157 ἐκϐληθῆναι
3294 1088 3386 1140 τὸν
3411 1089 3718 1141 ἐπίσκοπον

2138 1182 2202 1232 ἐκ
2237 1180 2333 1248 τῆς
2364 1182 2671 1249 ἐπισκοπῆς
2720 1186 2863 1233 κατέι
2891 1181 2987 1250 τὴν
3008 1182 3101 1232 τοῦ
3131 1181 3352 1241 κανόνος
3389 1182 3711 1250 περίληψιν.

2149 1275 2305 1341 Ἐμοὶ
2335 1274 2391 1326 δὲ
2419 1274 2478 1324 οὐ
2502 1275 2667 1328 δοκεῖ.
2714 1274 2771 1326 ’0
2795 1277 2903 1343 γὰρ
2932 1273 3109 1327 κανὼν
3162 1274 3221 1327 οὐ
3272 1274 3718 1341 παρακελεύεται

2140 1366 2501 1420 ἐκϐάλλεσθαι
2531 1367 2621 1419 τὸν
2656 1368 2960 1420 ἐπίσκοπον
2996 1370 3059 1419 ἐκ
3084 1366 3176 1419 τοῦ
3209 1367 3587 1430 ἐπισκοπείου,
3622 1369 3716 1421 ὅτε

2136 1463 2339 1531 ἄκυρον
2374 1461 2658 1530 ἐκποίησιν
2703 1460 3026 1531 αὐτουργίου
3060 1458 3410 1531 διἀπράξοιτο
3432 1474 3446 1487 ⁸
3479 1461 3595 1513 ἀλλ’
3624 1463 3717 1513 ὅτε

2140 1557 2278 1623 μετὰ
2304 1553 2457 1606 δόλου
2488 1553 2698 1607 ἔκδοσιν
2736 1556 2992 1623 ἀκινήτου
3040 1553 3507 1623 ἐκκλησιαστικοῦ
3543 1556 3711 1624 ποιή-

2141 1665 2245 1711 σει,
2274 1650 2368 1700 καὶ
2394 1652 2456 1718 τῇ
2497 1647 2596 1716 μὲν
2624 1648 2853 1718 ἀληθείᾳ
2882 1648 3026 1700 θέλει
3073 1647 3413 1746 περιελθεῖν.
3429 1647 3594 1700 τοῦτο
3629 1650 3717 1709 εἰς

462 1756 689 1816 tionem,
721 1765 841 1819 quae
870 1759 983 1801 rata
1018 1762 1080 1799 ac
1108 1746 1258 1797 ﬁrma
1288 1759 1392 1795 non
1438 1740 1630 1804 fuerit;
1666 1736 1761 1792 sed
1809 1734 2031 1804 quando

2145 1742 2369 1794 δυνατὸν
2402 1744 2717 1811 πρόσωπον,
2751 1744 2888 1795 κατὰ
2940 1742 2995 1794 δὲ
3030 1720 3718 1813 ῥᾳδιουργίας”παραπέμ-

459 1844 755 1899 immobilis
778 1842 854 1894 rei
886 1837 1276 1895 ecclesiastica:
1316 1836 1698 1887 alienationem
1746 1845 1865 1883 cum
1902 1826 2027 1879 dolo

462 1939 651 1993 fecerit
685 1955 698 1989 :
739 1944 791 1989 et
828 1934 881 1987 id
917 1932 1132 2001 quidem
1163 1945 1351 1983 revera
1399 1928 1465 1981 ad
1518 1932 1792 1995 potentem
1838 1935 2029 1990 perso-

464 2046 585 2085 nam
628 2029 912 2096 pervenire
962 2027 1116 2085 velit,
1162 2022 1353 2075 fraude
1400 2029 1581 2072 autetn
1638 2032 1702 2069 ac
1759 2013 2029 2066 malitiosa

462 2124 761 2179 calliditate
814 2121 1015 2173 clerico
1062 2118 1144 2170 vel
1188 2115 1441 2183 agricola:
1482 2110 1788 2173 tradiderit,
1834 2109 1887 2160 id
1921 2120 2031 2160 non

462 2233 585 2273 esse
617 2214 798 2284 magni
826 2211 1032 2266 reditus
1061 2224 1317 2269 causans,
1356 2214 1413 2259 ut
1437 2205 1507 2258 ab
1538 2204 1628 2256 illo
1659 2202 1726 2254 ad
1755 2207 2030 2271 potentem

467 2310 766 2380 perveniat.
827 2308 945 2358 Non
1000 2304 1144 2357 enim
1195 2309 1420 2371 propter
1478 2297 1886 2357 alienationem,
1938 2292 2032 2345 sed

465 2413 687 2471 propter
715 2398 1129 2454 fraudulentum
1171 2392 1489 2451 consilium,
1521 2398 1577 2440 ut
1604 2400 1668 2440 ex
1707 2387 2031 2454 episcopatu

460 2495 848 2549 deturbaretur
873 2491 1226 2545 constitutum
1252 2492 1355 2539 est.
1384 2482 1561 2551 Atque
1581 2480 1685 2533 hoc
1717 2477 1932 2547 quidem
1964 2490 2031 2528 ex

463 2604 675 2644 canone
703 2587 772 2641 ‘58
797 2583 1098 2653 apostolico
1130 2581 1185 2633 in
1221 2577 1477 2648 praesenti
1508 2587 1721 2629 canone
1774 2571 1880 2625 sito
1934 2568 2030 2623 de-

462 2685 726 2737 claratum
762 2687 866 2739 est,
900 2675 991 2744 qui
1040 2689 1147 2727 non
1178 2672 1335 2740 punit
1378 2668 1723 2747 episcopum,
1756 2663 1847 2733 qui
1911 2661 2032 2715 sine

463 2774 589 2829 dolo
623 2783 677 2828 et
702 2771 905 2824 malitia
930 2767 1096 2821 rebus
1128 2762 1520 2818 ecclesiasticis
1550 2759 1753 2821 utitur;
1780 2755 2033 2810 similiter

462 2876 519 2922 et
559 2882 622 2920 ex
645 2863 788 2919 Just.
821 2878 948 2917 nov.
982 2860 1084 2914 120
1118 2874 1213 2913 seu
1266 2856 1357 2911 lib.
1384 2856 1477 2918 2⁸5,
1505 2854 1588 2907 ιὶι.
1624 2869 1683 2913 v,
1714 2865 1765 2904 c.
1792 2849 1828 2902 2
1866 2848 2030 2901 Basil.

466 2959 615 3029 quod
650 2955 895 3013 decernit
925 2952 1197 3023 ejusmodi
1228 2958 1547 3003 contractus
1588 2960 1695 2999 non
1727 2943 1940 3005 valere;
1966 2940 2035 2994 de

2138 1834 2227 1904 ψει
2262 1835 2391 1886 αὐτὸ
2433 1836 2571 1904 πρὸς
2619 1835 2880 1904 κληρικδν
2919 1835 2950 1904 ἦ
2986 1835 3247 1903 γεωργὸν,
3287 1835 3714 1903 προφασισάμε-

2140 1945 2227 1989 νος
2260 1925 2396 1979 εἶναι
2424 1926 2748 1997 ὰπρόσοδον,
2786 1928 2859 1989 ὡς
2891 1927 2956 1979 ἂν
2984 1928 3043 1991 ἐξ
3076 1928 3288 1979 ἐκείνου
3322 1927 3587 1997 περιέλθῃ
3634 1926 3715 1985 είς

2142 2020 2231 2070 τὸν
2264 2019 2522 2071 δυνατόν’
2561 2020 2621 2071 οὐ
2654 2020 2761 2088 γάρ
2792 2020 2878 2071 διὰ
2919 2017 3018 2087 τὴν
3069 2018 3377 2087 ἐκποίησιν,
3436 2016 3574 2069 ἀλλὰ
3623 2016 3715 2067 διὰ
3772 2002 3791 2016 ’

2142 2114 2240 2182 τὴν
2274 2112 2611 2181 πανουργίαν
2659 2111 3013 2181 ἐπεψηφίσθη
3066 2111 3241 2181 τούτῳ
3276 2112 3309 2180 ἡ
3344 2114 3407 2162 ἐκ
3462 2109 3559 2161 τοῦ
3588 2110 3715 2160 ἐπι-

2143 2207 2404 2259 σκοπείου
2436 2204 2656 2275 ἐκϐολή.
2691 2205 2799 2257 Καὶ
2822 2202 3078 2273 δηλοῦται
3109 2203 3267 2255 τοῦτο
3316 2201 3426 2254 ἀπὸ
3455 2200 3551 2253 τοῦ
3585 2200 3719 2252 ἀπο·

2144 2298 2393 2353 στολικοῦ
2422 2295 2503 2366 λη’
2535 2298 2780 2361 κανόνος,
2840 2296 2934 2350 τοῦ
2974 2297 3462 2366 καταστρωθέντος
3508 2295 3589 2357 εἰς
3621 2295 3717 2346 τὸν

2144 2393 2388 2463 παρόντα
2426 2392 2649 2453 κανόνα,
2690 2392 2882 2461 καὶμὴ
2916 2390 3234 2453 κολάζοντος
3268 2389 3361 2441 τὸν
3414 2387 3717 2442 ἐπίσκοπον

2143 2486 2234 2538 τὸν
2267 2485 2389 2554 δίχα
2411 2484 2566 2537 δόλου
2599 2484 2883 2554 χρώμενον
2927 2484 3112 2547 κακῶς
3147 2485 3260 2544 τοῖς
3307 2481 3718 2551 ἐκκλησιαστι-

2145 2580 2261 2642 κοῖς
2289 2577 2611 2647 πράγμασιν
2636 2592 2650 2606 ·
2709 2577 2970 2639 ὡσαύτως
3016 2576 3108 2628 καὶ
3146 2574 3253 2628 ἀπὸ
3308 2577 3405 2645 τῆς
3459 2580 3541 2643 ρκ’
3578 2574 3715 2625 Ἰουο

2147 2672 2471 2725 στινιανείου
2505 2670 2742 2742 Νεαρᾶς,
2778 2672 2894 2741 ἤτοι
2919 2669 3012 2723 τοῦ
3048 2669 3131 2739 κγ’
3164 2687 3291 2737 κεφ.
3324 2668 3417 2721 τοῦ
3467 2670 3510 2738 β’
3536 2667 3717 2721 τίτλου

2142 2766 2239 2820 τοῦ
2300 2763 2340 2818 ε’
2401 2764 2606 2834 βιϐλίου
2656 2764 2764 2816 τῶν
2812 2764 3143 2828 Βασιλικῶν,
3196 2764 3291 2816 τοῦ
3339 2761 3716 2833 διοριζομένου

2146 2860 2215 2913 τὰ
2248 2858 2483 2911 τοιαῦτα
2513 2857 2943 2927 συναλκάγματα
2972 2856 3312 2926 ἁκυροῠσθαι
3339 2872 3352 2885 ’
3390 2856 3521 2926 περὶ
3544 2856 3601 2907 δὲ
3622 2854 3718 2907 τοῦ

2146 2951 2509 3024 τιμωρεῖσθαι
2536 2952 2628 3005 τὸν
2658 2951 2962 3003 ἐπίσκοπον
3004 2950 3037 3021 ἢ
3074 2951 3163 3003 τὸν
3194 2948 3500 3020 ἡγούμενον
3548 2948 3716 3019 μηδὲν

465 3052 713 3124 episcopi
739 3060 919 3104 autem
950 3046 1034 3101 vel
1068 3042 1389 3099 monasterii
1420 3040 1652 3094 rectoris
1690 3051 1851 3107 poma
1898 3033 2037 3088 nihil

2145 3064 2195 3099 τι
2227 3045 2715 3115 διαλαμϐάνοντος,
2771 3044 2909 3097 ἀλλὰ
2946 3043 3037 3096 τὸν
3074 3041 3590 3112 συμϐολαιογράφον
3616 3043 3717 3110 μόο

462 3146 683 3215 penitus
737 3149 971 3205 tractat;
1030 3137 1129 3193 sed
1177 3136 1387 3190 tantum
1442 3131 1792 3187 tabcllionem
1840 3129 2037 3182 multat

465 3238 677 3293 exsilio.
726 3235 833 3289 Sed
885 3231 1148 3303 quoniam
1203 3228 1350 3282 dicta
1416 3223 1635 3279 novella
1694 3222 1834 3291 (sive
1884 3229 2033 3273 totus

467 3332 648 3404 potius
679 3326 956 3383 secundus
986 3324 1162 3394 quinti
1211 3320 1333 3375 libri
1375 3317 1591 3387 titulus)
1653 3315 1847 3369 statuit
1897 3328 2031 3367 non-

468 3439 743 3494 nunquam
774 3437 883 3475 non
910 3419 1088 3474 solum
1142 3416 1484 3470 inlruetuosa
1542 3421 1595 3466 ct
1635 3410 1769 3464 nihil
1826 3408 2036 3461 reditus

467 3516 749 3572 aﬂ‘erentia
806 3510 1105 3567 immobilia
1157 3508 1517 3563 ecclesiarum
1572 3511 1629 3558 et
1668 3499 2035 3556 monasterio-

468 3616 693 3674 rum,et
721 3605 895 3675 ipsius
950 3603 1112 3657 etiam
1158 3599 1366 3668 Magna:
1412 3596 1661 3651 ecclesia:
1701 3604 1756 3649 et
1804 3592 2036 3646 aliarum

466 3714 748 3757 sacrarum
783 3697 1009 3759 aedium,
1044 3709 1233 3748 verum
1263 3706 1326 3747 ea
1376 3691 1541 3745 etiam
1572 3704 1637 3743 ex
1670 3686 1873 3757 quibus
1923 3686 2039 3738 [ιιι-

468 3803 592 3849 ctus
636 3802 689 3846 et
732 3789 941 3843 reditus
989 3786 1309 3856 percipitur,
1378 3782 1536 3837 veudi
1566 3790 1620 3835 et
1654 3780 1903 3845 alienari,
1944 3794 2041 3849 per

468 3883 853 3942 distinctiones
897 3896 1019 3951 qua:
1075 3879 1128 3932 in
1188 3893 1252 3933 ea
1327 3875 1706 3942 declarantur,
1772 3884 2037 3943 praeterea

468 3990 652 4037 autem
692 3962 747 4033 et
785 3975 1032 4045 quaedam
1064 3974 1327 4028 suadente
1355 3984 1599 4041 tempore
1636 3972 1863 4025 alienari
1911 3987 2033 4040 pcr-

470 4073 639 4128 mittit
675 4090 690 4125 :
726 4070 840 4138 lege
873 4083 1017 4132 eam,
1051 4080 1174 4136 qua:
1203 4074 1259 4119 et
1301 4081 1491 4134 magna
1525 4073 1609 4119 est
1642 4073 1695 4117 et
1733 4064 2036 4132 multiplex,

472 4168 842 4237 plurimasque
892 4160 1280 4215 distinctiones
1327 4158 1569 4227 recipit:
1610 4164 1663 4212 et
1703 4171 1935 4227 procura
1982 4165 2041 4209 ut

470 4258 603 4313 ﬁant
650 4257 735 4311 vel
794 4270 902 4309 non
948 4256 1099 4316 liaut,
1155 4252 1224 4304 ab
1273 4250 1521 4305 ccclesiis
1574 4257 1628 4305 et
1690 4248 2039 4303 monasteriis

471 4347 831 4404 alienationes
886 4352 940 4398 et
978 4341 1320 4395 venditiones
1370 4353 1651 4393 sacrorum
1704 4345 1759 4391 et
1798 4338 2039 4406 ipsorum

2145 3157 2235 3193 vov
2260 3140 2339 3201 είς
2370 3136 2587 3208 ἐξορίαν
2622 3136 3102 3201 καταδικάζοντος.
3145 3136 3298 3187 Ἐπεὶ
3327 3134 3385 3187 δὲ
3419 3135 3452 3205 ἡ
3484 3133 3714 3205 ρηθεῖσα

2141 3236 2349 3306 Νεαρὰ,
2377 3236 2497 3305 ἦτοι
2525 3236 2553 3287 ὁ
2576 3234 2694 3296 ὅλος
2724 3233 2903 3296 τίτλος
2953 3233 3052 3286 τοῦ
3097 3232 3137 3286 ε’
3187 3232 3417 3304 βιϐλίου,
3467 3232 3712 3296 θεσπίζει

2143 3327 2290 3381 ἔστιν
2313 3329 2403 3381 ὅτε
2431 3330 2507 3399 μὴ
2550 3328 2711 3397 μόνον
2759 3326 3060 3397 ἀπρόοοδα,
3098 3327 3236 3380 ἀλλὰ
3263 3328 3356 3380 καὶ
3385 3325 3712 3397 εὐπρόσοδα,

2146 3420 2390 3490 ἀκίνητα
2461 3420 2767 3491 ἐκκλησιῶν
2811 3420 2906 3474 καὶ
2961 3420 3365 3490 μοναστηρίων,
3406 3422 3501 3471 καὶ
3550 3419 3713 3485 αὐτῆς

2142 3517 2241 3583 τῆς
2287 3513 2545 3585 Μεγάλης
2594 3512 2891 3584 ἐκκλησίας
2947 3513 3042 3565 καὶ
3111 3512 3219 3564 τῶν
3275 3512 3453 3565 ἄλλων
3499 3511 3713 3578 εὐαγῶν

2144 3609 2329 3674 οἴκων,
2371 3607 2709 3662 ἐκποιεῖσθαι
2740 3608 2836 3660 καί⁹
2891 3606 3192 3659 ἐκδίδοσθαι
3238 3605 3375 3676 μετὰ
3397 3605 3713 3669 διαστίξεων

2116 3701 2487 3772 οδηλουμένων
2554 3702 2611 3753 ἐν
2652 3701 2828 3771 αὐτῇ·
2886 3700 3111 3770 προσέτι
3151 3718 3214 3768 γε
3264 3700 3368 3771 μὴν
3429 3700 3526 3755 καὶ
3594 3700 3716 3770 ἱερά

2144 3811 2267 3848 τινα
2297 3795 2579 3873 ἐπιτρέπει
2613 3792 2804 3865 καιροῦ
2844 3792 3133 3858 καλοῦντος
3173 3793 3546 3847 ἐκποιεῖσθαι*
3586 3794 3716 3847 ἀνά-

2144 3889 2313 3958 γνωθι
2366 3888 2571 3959 ταύτην
2633 3887 2876 3957 μεγάλην
2916 3886 3082 3941 οὖσαν
3134 3887 3229 3941 καὶ
3285 3888 3581 3959 πολυσχιδῆ
3624 3887 3713 3939 καὶ

2146 3979 2589 4033 πολυδιάστικτον
2626 3996 2642 4011 ο
2699 3981 2793 4031 καὶ
2854 3980 3127 4047 οἱκονόμει
3189 3978 3459 4043 γίνεσθαι,
3542 3978 3574 4046 ἦ
3642 3977 3714 4047 μὴ

2150 4073 2418 4141 γίνεσθαι,
2475 4070 2626 4140 παρά
2680 4088 2740 4124 τε
2792 4070 2901 4125 τῶν
2960 4071 3261 4141 ἐκκλησιῶν
3313 4070 3409 4123 καὶ
3447 4071 3558 4122 τῶν
3618 4088 3713 4138 μο-

2146 4166 2451 4236 ναστηρίων
2524 4163 2623 4226 τὰς
2717 4164 3037 4233 ἐκποιήσεις
3109 4166 3202 4216 καὶ
3292 4164 3536 4226 ἐκδόσεις

2150 4258 2333 4327 ἱερῶν,
2365 4257 2459 4310 καὶ
2498 4256 2608 4310 τῶν
2659 4256 2930 4327 ἀκινήτων
2961 4257 3159 4320 αὐτῶν,
3194 4256 3334 4309 κατὰ
3367 4256 3467 4326 τὴν
3515 4254 3715 4324 ταύτης

2151 4348 2464 4419 περίληψιν,
2503 4350 2596 4402 καὶ
2635 4348 2954 4420 φυλαχθήσῃ
2986 4350 3396 4413 ἁκαταιτίατος.
3433 4350 3567 4403 Οὐδέ
3606 4355 3714 4419 γὰρ

3609 4163 3715 4215 τῶν

473 4440 854 4501 'mnuobilium,
898 4444 955 4488 ut
986 4452 1047 4487 ea
1082 4433 1417 4493 continetur,
1460 4426 1516 4483 ct
1569 4430 1638 4482 ab
1673 4430 1821 4481 omni
1854 4444 2037 4495 repre-

2150 4442 2442 4513 ὲναντιωθῇ
2478 4459 2559 4493 σοι
2590 4444 2616 4495 ὁ
2640 4442 2830 4511 παρὼν
2859 4442 3060 4506 κανὼν,
3092 4444 3176 4496 ὅτι
3207 4444 3298 4496 καὶ
3335 4446 3367 4512 ἠ
3396 4444 3584 4513 Νεαρὰ
3615 4445 3713 4512 τὴν

476 4533 741 4586 hensione
767 4528 975 4581 alienus
1008 4525 1340 4579 servaberis.
1370 4521 1556 4590 Neque
1587 4521 1731 4575 enim
1775 4520 1871 4573 tibi
1920 4535 2043 4575 esse

474 4623 790 4677 (outrarius
832 4621 1082 4674 videatur
1120 4620 1207 4672 hic
1242 4632 1489 4685 praasens
1538 4632 1751 4679 canon;
1786 4616 2042 4686 quoniam

478 4716 693 4769 novella
748 4726 966 4781 quoque
1031 4724 1213 4764 rerum
1278 4708 1636 4762 immobilium
1690 4708 2044 4762 ecclesiarum

480 4812 562 4866 vel
593 4808 1051 4863 monasteriorum
1097 4805 1478 4859 alienationem
1518 4811 1613 4857 aut
1654 4803 2043 4869 venditionem,

477 4921 597 4974 quae
630 4900 926 4969 sinejusta
971 4907 1022 4951 et
1067 4905 1295 4966 urgente
1346 4910 1509 4950 causa
1575 4896 1650 4958 iit,
1682 4896 1936 4950 similiter
1981 4910 2046 4963 ac

482 5010 725 5067 praasens
756 5007 931 5047 canon
966 4991 1236 5059 prohibet.
1265 4987 1407 5054 Quid
1431 5004 1582 5051 vero,
1612 5004 1734 5043 cum
1766 4989 2045 5053 alienatio,

485 5102 542 5145 ut
575 5092 781 5145 dictum
816 5096 924 5153 est,
959 5085 1286 5145 infirmetur,
1337 5091 1391 5133 ct
1442 5098 1528 5135 res
1573 5082 1938 5136 ecclesiastica
1981 5080 2048 5134 ad

486 5183 774 5237 ecclesiam
812 5179 895 5232 vel
934 5178 1321 5231 monasterium
1369 5176 1706 5234 revertatur,
1754 5183 2049 5242 eogeturne

486 5273 589 5343 ipsi
622 5270 865 5353 vicissim
898 5285 1033 5339 quos
1058 5284 1121 5322 ca
1145 5268 1213 5322 de
1250 5284 1413 5321 causa
1444 5252 1769 5335 acceperunt
1798 5281 2051 5321 nummos

488 5364 570 5416 vel
626 5377 713 5417 res
763 5361 931 5415 dare?
986 5358 1219 5412 Solutio.
1285 5356 1659 5425 Nequaquam.
1697 5356 1834 5410 ltieit
1902 5356 2047 5409 enim

486 5453 629 5507 dicta
657 5454 864 5508 novella
899 5456 1008 5506 haec
1036 5467 1311 5519 expresse.
1362 5450 1418 5503 Si
1454 5466 1581 5504 vero
1616 5457 1807 5519 praeter
1849 5467 1909 5504 ea
1933 5467 2053 5520 qua:

491 5559 524 5598 ι
558 5545 716 5600 nobis
756 5546 857 5599 hac
886 5546 1000 5615 lege
1032 5546 1241 5599 saneita
1278 5554 1423 5607 sunt,
1454 5544 1553 5598 fuit
1593 5545 1793 5614 aliquis
1824 5556 2054 5599 contra-

496 5645 619 5691 ctus
656 5637 709 5689 in
741 5636 974 5693 diversis
1000 5638 1166 5689 rebus
1195 5638 1490 5692 mobilibus
1526 5639 1608 5691 vel
1664 5638 2052 5701 immobilibus,

494 5727 595 5785 uni
637 5734 952 5782 sanctarum
1015 5726 1324 5791 domorum,
1374 5726 1643 5803 reddatur
1697 5729 1914 5797 quidem
1952 5728 2053 5799 ipsi

2149 4535 2319 4605 χωρὶς
2349 4534 2572 4602 εὐλόγου
2621 4534 2714 4586 καὶ
2764 4534 3173 4605 ἁναγκαστικῆς
3203 4536 3383 4597 αἰτίας
3434 4537 3716 4606 ἐκποίησιν

2148 4626 2180 4696 ἢ
2214 4625 2423 4677 ἔκδοσιν
2449 4626 2555 4677 τῶν
2587 4626 3053 4694 ἐκκλησιαστικών
3087 4626 3119 4697 ἦ
3152 4627 3496 4694 μοναστικῶν
3530 4630 3721 4699 ἀκνή-

2148 4736 2255 4771 των
2311 4716 2623 4787 παρομοίως
2678 4717 2755 4786 τῷ
2802 4717 3029 4787 παρόντι
3071 4720 3257 4770 κανόνι
3290 4718 3513 4774 κωλύει.
3546 4722 3609 4772 Τί
3640 4722 3713 4779 δὲ.

2148 4811 2251 4879 τῆς
2285 4812 2623 4880 ἐκποιὴσεως
2650 4810 3052 4879 ἀκυρουμένης,
3089 4810 3165 4873 ὡς
3217 4812 3453 4881 εἴρηται.
3504 4818 3598 4865 καὶ
3625 4812 3714 4864 τοῦ

2149 4902 2601 4973 ἐκκλησιαστικοῦ
2657 4904 2982 4973 πράγματος
3032 4904 3532 4973 ἀναστρεφομένου
3575 4907 3713 4974 πρὸς

2149 4998 2246 5067 τὴν
2274 4996 2636 5066 ἐκκλησίανῆ
2676 4995 2735 5047 τὸ
2799 4995 3183 5063 μοναστήριον,
3236 4996 3717 5063 ἀναγκασθήσεται

2152 5090 2211 5137 τὸ
2240 5086 2434 5155 ,μέρος
2460 5084 2665 5148 αὐτῶν,
2695 5083 2730 5137 ἂ
2762 5085 2923 5153 χάριν
2954 5084 3145 5137 τούτου
3181 5084 3363 5147 ἔλαϐε,
3405 5086 3721 5153 νομίσματα

2152 5178 2185 5248 ἢ
2245 5177 2547 5245 πράγματα
2592 5176 2809 5242 δοῦναι;
2852 5176 3042 5237 Λύσις,
3090 5176 3375 5246 Οὐδαμῶς.
3427 5178 3567 5246 Φησὶ
3612 5180 3717 5245 γὰρ

2154 5269 2187 5338 ἡ
2216 5268 2437 5336 ρηθεῖσα
2461 5264 2648 5337 Γὲεαρὰ
2679 5270 2855 5338 ῥητῶς
2882 5268 3055 5321 ταῦτα
3080 5285 3095 5298 ·
3134 5271 3195 5322 Et
3245 5269 3301 5322 δὲ
3334 5272 3487 5340 παρὰ
3516 5270 3583 5323 τὰ
3609 5271 3710 5339 διη-

2155 5360 2461 5428 γορευμένα
2491 5362 2619 5429 ἡμῖν
2664 5360 2739 5429 τῷ
2784 5360 3011 5430 παρόντι
3078 5362 3224 5429 νόμῳ
3273 5362 3624 5431 συνάλλαγμα
3670 5380 3720 5413 τι

2158 5454 2385 5521 γένηται
2419 5453 2514 5504 ἐπὶ
2540 5454 2649 5515 τοῖς
2681 5453 2993 5522 διαξὲρουσι
3032 5454 3341 5524 πράγμασι,
3378 5460 3616 5523 κινητοῖς
3662 5472 3716 5507 τε

2159 5548 2251 5597 κοιλ¹
2284 5548 2589 5614 ἀκινήτοις,
2618 5546 2697 5597 ἐνὶ
2731 5544 2836 5596 τῶν
2888 5546 3099 5613 εὐαγῶν
3132 5547 3314 5609 οἴκων,
3374 5548 3710 5600 ἀναδίδοσθαι

2161 5637 2258 5705 μὲν
2276 5639 2337 5705 τῇ
2367 5639 2500 5707 αὐτῇ
2529 5638 2803 5707 ἁγιωτάτῃ
2849 5636 3133 5707 ἐκκλησίᾳ,
3152 5638 3267 5706 ῆτοι
3287 5638 3362 5705 τῷ
3389 5640 3712 5707 εὐαγείοῐγῳ

2157 5728 2218 5781 τδ
2249 5729 2497 5798 πρᾶγμα,
2529 5727 2613 5797 ἐφ’
2645 5722 2687 5796 ᾧ
2716 5727 2951 5783 τοιοῦτόν
2976 5745 3028 5780 τι
3064 5730 3537 5800 παρηκολούθησε,
3584 5727 3722 5799 μετὰ
