4074 6214
394 230 497 291 933

1402 225 1480 284 IN
1513 226 1673 285 CAN.
1711 223 1824 283 Xll
1867 223 2074 282 COXC.
2118 223 2225 281 νη
2256 221 2612 283 (ΕΟΗΜΕΝ.

3508 223 3612 285 938

393 344 492 394 τῶν
542 343 636 395 τοῦ
673 342 836 414 μέσου
869 341 1060 412 χρόνου
1119 341 1384 412 καρπῶνο
1443 341 1650 410 μενέτω
1700 340 1758 392 δὲ
1810 338 1938 408 παρ’

2045 339 2398 393 sanctissima:
2425 339 2670 392 ecclesiae
2702 337 2783 391 vel
2835 347 3198 391 sacrosancta:
3259 337 3449 396 domui
3495 354 3607 394 res;

397 436 521 505 ιῦτῇ
569 435 663 488 καὶ
705 436 766 487 τὸ
813 434 1094 504 τίμημαῆ
1145 434 1205 486 τὸ
1258 433 1575 504 ἀντίδωρον,
1613 434 1644 503 ἢ
1685 433 1745 484 τὸ
1802 432 1942 499 ὑπὲρ

393 526 661 597 ἅμείψεως
690 525 722 596 ἢ
755 525 919 595 ἄλλης
965 525 1183 577 οἱασοῦν
1226 527 1406 588 αἰτίας
1451 525 1587 594 αὐτῇ
1637 524 1942 592 δεδομένον.

392 618 444 669 Ei
479 617 534 668 δὲ
565 616 895 683 ὲμιρύτευσις
929 616 1201 685 πραχθείη
1231 617 1379 685 παρὰ
1427 615 1494 668 τὰ
1542 614 1943 683 διηγορευμένα

392 710 540 778 ἡμῖν,
584 708 926 760 ἀναδίδοσθαι
973 711 1037 777 τῇ
1105 708 1386 778 ἁγιωτάτῃ
1432 705 1694 774 ἐκκλησίᾳ
1738 706 1770 776 ἢ
1831 708 1944 768 τοῖς

391 800 608 866 εὐαγέσι
642 801 828 860 τόποις
859 800 917 850 τὸ
957 799 1087 851 αὐτὸ
1115 800 1348 867 πρᾶγμα
1379 797 1694 866 κελεύομεν,
1733 798 1942 849 καὶτὸν

391 890 727 959 ἑμφυτευτὴν
754 891 814 942 τὸ
850 890 1054 942 πάκτον
1080 890 1253 941 τελεῖν
1289 891 1426 943 κατὰ
1460 891 1557 957 τὴν
1583 889 1811 958 δύναμιν
1841 890 1945 942 τῶν

388 981 800 1050 ἑμφυτευτικῶν
835 981 1195 1051 συμϐολαίων.
1229 983 1290 1033 ΕΞ
1327 981 1382 1032 δὲ
1416 982 1681 1051 δωρηθείη
1714 985 1944 1051 πρᾶγμα

388 1073 834 1142 ἐκκλησιαστικὸν
870 1075 898 1144 ἢ
938 1076 1125 1142 ἐτέρου
1178 1074 1406 1141 εύαγοῦς
1454 1073 1627 1134 οἴκου,
1673 1075 1768 1126 καὶ⁵
1815 1074 1946 1126 αὐτὸ

387 1167 722 1218 ἄναδέδοσθαι
775 1169 839 1236 τῇ
893 1167 1176 1236 ἁγιωτάτῃ
1239 1166 1504 1234 ἐκκλησίᾳ.
1556 1168 1731 1235 ἤτοῖς
1765 1166 1944 1228 ἄλλοις

345 1327 358 1339 1
386 1260 635 1324 εύαγέσιν
670 1260 846 1321 οἴκοις
886 1262 1021 1328 μετὰ
1075 1261 1182 1312 τῶν
1213 1260 1305 1310 τοῦ
1358 1261 1524 1327 μέσου
1577 1261 1770 1328 χρόνου
1806 1275 1941 1328 καρ-

356 1354 522 1432 ξπῶν,
557 1355 652 1406 καὶ
682 1355 936 1404 τοσοῦτον
969 1354 1152 1423 ἕτερον
1187 1355 1308 1404 ὅσου
1341 1353 1492 1418 ἄξιόν
1544 1356 1658 1404 ἐστι
1706 1353 1766 1403 τὸ
1803 1354 1944 1420 πρᾶ-

354 1435 518 1514 inter.
549 1443 607 1494 Ei
655 1443 712 1495 δὲ
750 1443 1001 1513 ὑποθήκη
1059 1445 1208 1512 παρὰ
1260 1444 1436 1495 ταῦτα
1471 1444 1674 1511 δοθείη,
1712 1446 1739 1494 ὁ
1767 1443 1943 1494 δανει-

386 1538 510 1604 ,τὴς
543 1537 603 1588 τὸ
637 1535 1056 1603 ὲποιρειλὸμενο·-ι
1088 1535 1394 1597 ἀπολλύτω,
1430 1537 1525 1586 καὶ
1553 1538 1613 1588 τὸ
1639 1536 1769 1586 αὐτὸ
1805 1537 1944 1604 πρᾶ-

385 1646 497 1697 γμα
525 1626 604 1695 τῷ
656 1628 846 1693 εὐαγεῖ
898 1627 1047 1695 τόπῳ
1100 1626 1419 1691 ἀποδιδότω,
1456 1627 1561 1678 τῶν
1588 1626 1941 1694 ’συμδολαιο-

2044 449 2207 503 super
2241 450 2347 503 qua
2389 437 2494 487 tale
2528 435 2655 503 quid
2709 442 3064 486 consecutum
3095 443 3199 494 est.
3252 447 3375 486 cum
3437 435 3608 487 inter‘

2045 525 2204 580 medii
2260 526 2517 594 temporis
2575 524 2878 589 fructibus;
2950 531 3167 577 maneat
3227 532 3408 577 autem
3468 524 3605 591 apud

2044 621 2214 688 ipsam
2246 623 2478 689 pretium
2507 619 2589 673 vel
2620 618 2954 681 antidorum,
3005 626 3101 672 aut
3150 617 3296 688 quod
3355 633 3454 686 pro
3492 633 3612 684 per-

2045 713 2346 766 mutatione
2412 712 2492 765 vel
2557 725 2887 780 quaeunque
2941 710 3043 763 alia
3083 724 3248 763 causa
3283 710 3468 762 datum
3501 716 3606 761 est.

2046 805 2140 859 Sin
2198 815 2378 858 autem
2418 803 2813 873 emphytcusrs,
2870 813 3064 873 praeter
3093 817 3154 854 ea
3185 817 3304 870 qua:
3357 817 3386 853 a
3450 802 3609 854 nobis

2044 907 2192 962 sunt,
2230 896 2368 951 facta
2401 895 2591 959 fuerit;
2628 905 2830 950 sanctae
2859 895 3103 949 ecclesiae
3127 895 3207 949 vel
3239 894 3611 947 sacrosanctis

2043 990 2295 1044 domibus
2364 989 2607 1042 eamdem
2687 1003 2799 1040 rem
2858 987 3007 1040 reddi
3058 986 3612 1055 juhemnszemphy-

2044 1090 2246 1134 tentant
2279 1088 2457 1132 autem
2491 1079 2542 1131 id
2570 1076 2713 1146 quod
2748 1084 3075 1131 conventum
3127 1083 3212 1128 est
3264 1076 3524 1143 pendere,
3558 1085 3612 1126 ut

2044 1172 2569 1240 ctrqiltyteutieorum
2601 1179 2973 1223 contractuum
2998 1168 3164 1221 robur
3187 1168 3374 1235 evigil.
3402 1169 3456 1221 Si
3488 1183 3612 1221 vero

2044 1263 2275 1315 donetur
2311 1276 2396 1314 res
2429 1261 2805 1314 ecclesiastica
2847 1260 2929 1311 vel
2964 1260 3196 1327 alicujus
3245 1271 3612 1314 sacrosancta:

2043 1355 2277 1415 domus;
2318 1369 2378 1406 ea
2407 1368 2621 1421 quoque
2652 1352 3012 1406 sanctissima:
3063 1352 3307 1406 ecclesia:
3356 1351 3438 1405 vel
3492 1352 3611 1404 aliis

2044 1447 2408 1501 sacrosanctis
2467 1447 2744 1509 domibus,
2800 1461 2920 1500 cum
2977 1445 3244 1499 fructibus
3301 1443 3609 1499 intermedii

2046 1540 2327 1609 temporis,
2360 1540 2637 1600 reddatur,
2677 1550 2729 1590 et
2761 1547 2970 1591 tantum
3007 1545 3266 1604 praeterea
3300 1535 3486 1604 quanti
3519 1550 3610 1587 res

2046 1633 2162 1699 ipsa
2196 1633 2380 1685 valet:
2433 1633 2514 1686 sin
2558 1641 2765 1693 autem,
2820 1637 3014 1698 prtrter
3061 1630 3194 1689 haec,
3229 1627 3437 1696 pignori
3485 1627 3608 1679 data

388 1723 626 1792 γράφων,
657 1721 769 1772 τῶν
799 1720 1147 1789 θαρρούντων
1176 1722 1324 1787 παρὰ
1357 1719 1448 1770 τὸν
1481 1719 1614 1790 ᾑμῖν
1645 1720 1733 1770 τὶν
1777 1720 1941 1787 νόμον

2049 1724 2227 1788 fuerit,
2275 1725 2514 1778 debitum
2559 1723 2747 1792 perdat
2776 1722 3046 1775 fenerator
3103 1729 3154 1773 et
3199 1720 3441 1773 eamdem
3499 1734 3608 1772 rem

386 1815 644 1876 τοιούτοις
698 1814 994 1882 ὑπουργεῖν
1039 1811 1408 1881 συμϐολαίοις,
1460 1812 1697 1882 διηνεκεῖ
1747 1812 1934 1882 ἐξορία

385 1906 923 1975 καταδικαζομένων.

467 2167 746 2238 Ἦρώτησε
776 2169 834 2222 δέ
864 2187 948 2232 τις
977 2171 1074 2222 καὶ
1126 2169 1282 2224 τοῦτο
1305 2187 1320 2202 ο
1355 2169 1460 2222 Τοῦ
1498 2170 1719 2232 κανόνος
1757 2170 1942 2236 λέγον-

382 2275 471 2324 τος
507 2263 865 2316 ὲκὸἀλλεσθαι
915 2263 1004 2314 τὸν
1057 2263 1353 2315 ἐπίσκοπον
1405 2262 1511 2314 ἀπὸ
1563 2262 1942 2325 ἐπισκοπείου,

383 2352 478 2404 καὶ¹
517 2352 606 2403 τὸν
643 2351 946 2422 ἡγούμενον
979 2355 1042 2404 ἐκ
1085 2351 1174 2405 τοῦ
1208 2353 1593 2422 μοναστηρίου,
1627 2353 1701 2414 ὡς
1732 2352 1945 2421 λυμεῶ-

385 2461 481 2507 νας
526 2447 619 2496 καὶ
666 2443 941 2514 δολεροὺς,
992 2443 1422 2514 ἐπακολουθήσει
1452 2445 1516 2513 τῇ
1549 2444 1815 2513 ἐξωθήσει
1847 2445 1944 2495 καὶ

384 2537 705 2606 καθαίρεσις
760 2535 790 2605 ἢ
844 2535 1000 2604 οὑχί;
1041 2536 1147 2588 Καί
1182 2553 1324 2597 τινες
1362 2536 1458 2605 μὲν
1521 2532 1670 2588 εἷπον
1734 2537 1806 2595 ὡς
1835 2537 1942 2588 τῶν

384 2628 558 2696 ἁγίων
610 2627 870 2696 Πατέρων
927 2625 1094 2695 μηδέν
1137 2643 1187 2678 τι
1239 2625 1477 2678 τοιοῦτον
1531 2625 1941 2694 διοριζομένων,

385 2720 721 2788 προϐήσεται
756 2718 918 2786 μόνον
964 2717 1256 2785 essenon:
1297 2716 1423 2785 ἐμοὶ
1455 2715 1510 2767 δὲ
1543 2715 1692 2769 δοκεῖ
1719 2716 1813 2783 ὡς,
1843 2718 1944 2787 τῆς

384 2811 708 2882 ὲξώθησεως
739 2810 1038 2879 γενομένης
1061 2809 1146 2862 διὰ
1177 2808 1349 2871 δόλον,
1396 2808 1452 2874 ἐξ
1497 2809 1743 2880 ἀνάγκης
1803 2829 1945 2880 παρ-

387 2907 580 2958 έπεται
608 2907 701 2957 καὶ
741 2903 1079 2973 καθαίρεσις.
1139 2901 1324 2961 Οὐδεὶς
1356 2902 1483 2972 γὰρ,
1519 2901 1576 2968 ἐξ
1626 2903 1942 2973 ἀτιμοποιοῦ

2043 1826 2398 1873 sacrosancto
2435 1818 2556 1870 loco
2596 1815 2806 1877 reddat,
2844 1813 3252 1874 tabcllionibus,
3289 1812 3379 1879 qui
3419 1821 3612 1878 praeter

2047 1911 2185 1962 hanc
2245 1921 2488 1962 nostram
2547 1908 2717 1977 legem
2780 1907 2832 1958 in
2903 1903 3169 1974 ejusmodi
3238 1902 3612 1956 contractibus

2045 2017 2265 2070 operam
2326 2016 2479 2053 suam
2543 1999 2781 2068 praebere
2840 1999 3061 2059 audent,
3112 2004 3377 2064 perpetuo
3422 1995 3613 2047 exsilio

2043 2093 2335 2147 damnatis.

2120 2185 2229 2238 lloc
2260 2195 2442 2237 autem
2474 2184 2644 2236 etiam
2670 2180 3090 2249 interrogaverit
3144 2177 3450 2247 quispiam:
3479 2176 3610 2230 Cum

2048 2292 2224 2329 canon
2259 2276 2425 2339 ditat,
2455 2275 2772 2343 episcopum
2818 2289 2880 2326 et
2933 2273 3274 2339 episcopatu,
3320 2278 3373 2324 et
3423 2283 3615 2321 mona-

2047 2367 2199 2422 sterii
2229 2367 2542 2436 praefectum
2591 2382 2654 2418 ex
2687 2363 3045 2428 monasterio,
3097 2373 3155 2416 ut
3192 2362 3532 2432 perniciosos
3561 2373 3614 2414 et

2046 2459 2420 2514 fraudulentos
2469 2458 2688 2524 expelli,
2743 2457 3116 2510 detrusionem
3167 2463 3615 2522 consequeturne

2045 2552 2336 2621 depositio,
2374 2550 2599 2604 annon?
2631 2548 2696 2602 Et
2728 2550 2974 2601 nonnulli
3006 2549 3224 2616 quidem
3268 2547 3426 2616 305
3459 2546 3614 2600 dixe-

2048 2652 2195 2703 runt,
2229 2635 2371 2710 quod
2407 2656 2526 2692 cum
2564 2637 2754 2691 Patres
2791 2638 2924 2690 nihil
2959 2638 3066 2690 tale
3116 2637 3440 2698 decernant,
3498 2634 3613 2687 sola

2048 2735 2305 2804 procedet
2336 2732 2598 2786 extrusio.
2625 2730 2751 2783 Mihi
2792 2739 2972 2783 autem
2995 2729 3225 2792 videtur,
3268 2729 3440 2798 quod,
3485 2743 3610 2780 cum

2047 2834 2270 2896 propter
2294 2824 2478 2878 dolum
2509 2823 2600 2876 liat
2633 2822 2851 2889 ejectio,
2882 2821 3194 2874 necessario
3221 2821 3385 2873 etiam
3431 2819 3615 2888 sequi-

2051 2925 2137 2970 tur
2165 2913 2450 2984 depositio.
2475 2909 2645 2964 Nemo
2673 2913 2840 2971 enim,
2875 2925 2939 2963 ex
2970 2924 3134 2963 causa
3169 2908 3394 2962 laedeute
3417 2908 3613 2961 famam

386 2999 568 3062 αἰτίας
597 2997 1110 3066 καταδικαζόμενος,
1150 2993 1366 3064 ἔντιμος
1401 2995 1572 3047 ἐστιν.
1607 2994 1941 3065 Εύχαριστη-

2048 2995 2479 3066 condemnatus,
2531 3003 2686 3057 bona:
2750 3010 2835 3056 est
2895 3001 3338 3056 existimationis.
3393 2999 3612 3054 Potenti

383 3092 509 3142 τέον
541 3085 634 3142 οὖν
669 3088 744 3158 τῷ
771 3087 1014 3157 κραταιῷ
1065 3086 1157 3138 καὶ
1208 3085 1348 3154 ἁγίῳ
1397 3086 1556 3155 ήμῶν
1609 3086 1838 3156 βασιλεῖ,
1868 3086 1944 3157 τῷ

390 3182 798 3252 συντηρήσαντι
826 3177 1137 3240 ἀκολούθως
1172 3176 1249 3246 τῷ
1273 3176 1615 3246 ἀποστολικῷ
1637 3179 1821 3230 κανόνι
1851 3180 1944 3231 καὶ

383 3274 461 3345 τῷ
495 3275 726 3344 παρόντι
778 3270 1042 3343 διορισμῷ
1071 3272 1139 3324 τα
1169 3271 1278 3324 τῶν
1331 3271 1639 3341 ἐκκλησιῶν
1690 3275 1784 3325 καὶ⁴
1835 3272 1942 3325 τῶν

381 3368 525 3421 κατὰ
560 3367 715 3420 πόλιν
762 3367 900 3427 τέως
953 3363 1334 3434 μοναστηρίων
1396 3364 1630 3434 ἀκίνητα
1685 3365 1970 3432 ἀνέπαφα,

381 3463 447 3513 ἐκ
475 3460 570 3528 τῆς
618 3459 799 3530 χειρὸς
838 3457 932 3510 τοῦ
965 3457 1225 3528 δημοσίου
1263 3456 1350 3509 διὰ
1397 3457 1562 3526 τριῶν
1609 3456 1942 3526 χρυσοόούλ-

380 3556 491 3606 λων
518 3554 616 3623 τῆς
647 3553 806 3618 ἁγίας
834 3550 1108 3620 βασιλείας
1139 3549 1325 3604 αὐτοῦ.
1355 3551 1444 3617 ἀφ’
1476 3545 1550 3602 ὧν
1581 3549 1640 3602 τὸ
1673 3551 1769 3618 μὲν
1801 3552 1942 3605 κατὰ

383 3648 476 3700 τδν
543 3645 759 3698 Ἰούλιον
811 3643 957 3714 μῆνα
1013 3641 1111 3712 τῆς
1167 3638 1212 3692 α’
1262 3641 1585 3704 ἰνδικτιῶνος
1637 3641 1731 3695 τοῦ
1780 3644 1944 3715 ,ςχνθ

383 3739 538 3800 ἔτους
563 3737 808 3805 γεγονὸς,
844 3738 938 3789 καὶ
979 3735 1348 3805 διοριζόμενον
1383 3734 1458 3804 μὴ
1492 3734 1825 3802 βλάπτεσθαι
1873 3733 1942 3788 τὰ

384 3832 724 3902 μοναστήρια
751 3830 814 3881 ἐκ
834 3827 928 3880 τοῦ
955 3827 1083 3890 ἴσως
1114 3826 1373 3896 χωλεύειν
1403 3825 1545 3878 κατά
1582 3843 1631 3878 τι
1669 3828 1734 3879 τὰ
1765 3843 1932 3896 προσ-

379 3926 512 3978 όντα
573 3924 786 3985 τούτοις
831 3921 1177 3988 δικαιώματα
1203 3935 1217 3948 ·
1251 3917 1423 3971 καὶτὸ
1453 3918 1593 3970 κατὰ
1624 3917 1714 3969 τὸν
1738 3914 1941 3969 Ὀκτὼ-

386 4018 544 4088 εριον
608 4017 749 4085 μῆνα
802 4016 900 4084 τῆς
949 4012 991 4078 ζ’
1053 4011 1378 4073 ινδικτιῶνος
1430 4009 1523 4062 τοῦ
1565 4009 1733 4082 ,ςχξέ
1786 4009 1940 4084 ἔτους

381 4110 673 4174 ἀπολυθεν,
708 4108 801 4161 καὶ
832 4105 1340 4177 παρακελευόμενον
1372 4102 1516 4172 ἔχειν
1542 4105 1608 4156 τὰ
1666 4103 1938 4172 μοναστή·

387 4224 482 4279 ρια
539 4205 680 4257 κατὰ
715 4201 777 4255 τὸ
833 4200 1255 4254 ἀναπόσπαστον
1309 4196 1376 4249 τὰ
1430 4197 1662 4267 ἀκίνητα
1714 4194 1938 4257 τούτων,

349 4313 365 4355 l
394 4299 501 4352 κᾶν
527 4294 850 4363 διαγνώσεις
876 4293 1139 4360 ἐδόθησαν
1165 4290 1347 4352 αὐτοῖς
1378 4291 1528 4360 παρὰ
1558 4287 1665 4340 τῶν
1697 4291 1936 4355 ἀναγρα-

386 4391 536 4460 φέων
566 4386 877 4442 δικαιοῦσαι
907 4385 997 4438 τὸν
1030 4384 1311 4453 δημόσιον,
1344 4382 1502 4435 ἅτινα
1524 4382 1583 4434 ού
1627 4379 1937 4450 κατεστρώ-

381 4485 558 4554 θησαν
608 4480 844 4535 ὲνταῦθα
895 4477 985 4530 διὰ
1036 4477 1096 4529 τὸ
1151 4475 1513 4540 αἱωνίζουσαν
1567 4474 1831 4542 ὠφέλειαν
1877 4475 1942 4526 ὲκ

379 4577 584 4630 τούτων
616 4574 690 4644 μὴ
726 4568 1172 4641 ἐπιχορηγεῖσθαι
1223 4571 1347 4630 ταῖς
1399 4569 1606 4635 μοναίς,
1650 4566 1785 4618 ἀλλὰ
1818 4579 1943 4619 και»

383 4668 545 4738 ρικήν
565 4672 579 4693 ‘
609 4665 669 4719 τὸ
697 4663 752 4716 δὲ
787 4664 926 4715 κατὰ
953 4661 1045 4713 τὸν
1074 4660 1317 4729 Μάρτιον
1373 4659 1516 4727 μῆνα
1567 4658 1665 4726 τῆς
1709 4655 1762 4720 ς’
1816 4657 1941 4708 ινδι-

349 4725 612 4822 Ξιτιῶνος
639 4757 733 4810 τοῦ
772 4756 953 4828 ,ςχξςν
1010 4725 1466 4822 ἔτους-ἐξενεχθὲν
1497 4753 1590 4804 καὶ
1621 4767 1941 4821 καταστρω-

387 4853 478 4906 θὲν
514 4853 571 4903 ὲν
603 4851 735 4902 πᾶσι
761 4851 875 4910 τοῖς
909 4845 1186 4916 σεκρέτοις
1220 4843 1659 4914 παρακελεύεται
1689 4844 1823 4912 μετὰ
1873 4845 1937 4896 τὸ

389 4944 672 5016 προοίμιον
706 4942 878 4995 ταῦτα
913 4941 1088 5009 ῥητῶς
1114 4954 1127 4969 ο

461 5037 702 5105 Ἕφθασε
737 5034 833 5103 μὲν
855 5028 947 5085 οὖν
980 5029 1081 5100 πρὸ
1108 5028 1316 5100 χρόνων
1344 5026 1505 5080 τινῶν
1553 5025 1940 5095 χρυσόὸουλλον

383 5129 544 5194 λόγον
566 5123 963 5194 ὲπιὸραδεῦσαι
995 5122 1108 5183 τοῖς
1134 5137 1190 5172 τε
1219 5119 1341 5171 κατ’
1370 5116 1536 5184 αὐτὴν
1565 5119 1662 5185 τὴν
1696 5115 1939 5183 βασιλίδα

382 5214 495 5275 τῶν
523 5219 727 5271 πόλεων
743 5214 1104 5284 διακειμένοις
1126 5212 1508 5280 εύαγεστάτοις
1537 5211 1936 5280 μοναστηρίοις,

386 5311 485 5367 καὶ
516 5312 629 5372 τοῖς
667 5309 728 5360 τὸ
760 5307 973 5360 δυτικὸν
1012 5305 1175 5374 μέρος
1197 5301 1292 5356 τοῦ
1329 5301 1535 5366 στενοῦ,
1566 5301 1688 5353 ὅσον
1723 5318 1779 5352 τε
1808 5303 1930 5354 κατ’

386 5403 649 5473 αἰγιαλὸν,
682 5402 774 5454 καὶ
803 5401 928 5452 ὅσον
983 5395 1301 5468 πόρρωθεν
1361 5394 1617 5455 ὡσαύτως
1676 5395 1767 5445 καὶ
1822 5396 1934 5456 τοῖς

384 5495 518 5567 περὶ
555 5493 646 5546 τον
685 5491 884 5545 κόλπον
918 5490 1014 5561 τῆς
1071 5486 1427 5556 Νικομηδίας,
1483 5486 1575 5537 καὶ
1633 5485 1794 5554 μέχρι
1842 5486 1936 5538 καὶ

387 5587 554 5655 αὐτῆς
580 5585 678 5655 τῆς
715 5579 1070 5650 Νικομηδίας,
1129 5580 1221 5630 καὶ
1255 5579 1368 5639 τοῖς
1398 5577 1456 5628 ἐν
1479 5577 1597 5636 ταῖς
1638 5578 1838 5643 νήσοις,
1871 5579 1935 5646 τῇ

393 5675 599 5747 Ὀξείᾳ,
635 5677 698 5744 τῇ
733 5670 949 5743 Πρώτη,
974 5673 1041 5740 τῇ
1078 5669 1288 5738 Χὰλκῃ,
1321 5670 1383 5738 τῇ
1418 5665 1622 5736 nam,
1664 5669 1728 5736 τῇ
1771 5665 1931 5736 ’Δγίᾳ

1966 4353 2014 4413 D

2052 3115 2182 3168 ergo
2215 3108 2268 3152 et
2303 3106 2494 3152 sancto
2549 3106 2744 3149 nostro
2800 3094 3111 3163 imperatori
3161 3094 3346 3165 gratiae
3395 3093 3614 3163 agenda:

2051 3201 2198 3250 sunt,
2235 3189 2352 3260 qui,
2382 3197 2438 3242 ut
2468 3188 2582 3241 vult
2612 3187 2943 3256 apostolicus
2971 3201 3144 3241 canon
3174 3193 3229 3238 et
3263 3187 3372 3240 haec
3408 3185 3612 3240 consti-

2052 3283 2212 3346 tutio,
2238 3280 2591 3337 ecclesiarum
2615 3280 2966 3349 civitatisque
3015 3279 3477 3333 monasteriorum
3513 3278 3614 3331 im-

2053 3376 2270 3431 mobilia
2305 3394 2334 3428 a
2390 3389 2552 3426 manu
2609 3374 2718 3427 lisci
2765 3389 2859 3426 seu
2916 3372 3138 3440 publici,
3171 3385 3265 3438 per
3301 3381 3408 3425 tres
3442 3385 3612 3423 sacrae

2051 3485 2164 3524 sua:
2213 3467 2516 3536 maiestatis
2550 3481 2744 3520 aureas
2797 3466 3000 3528 bullas,
3066 3466 3264 3519 intacta
3301 3474 3354 3518 et
3402 3465 3611 3533 integra

2008 3577 2014 3586 ·
2051 3561 2394 3615 conservavit
2427 3576 2440 3612 :
2479 3575 2710 3628 quarum
2755 3561 2925 3613 altera
2960 3559 3178 3629 quidem
3227 3555 3370 3611 Julio
3405 3572 3608 3619 mense,

2053 3652 2349 3706 indictione
2381 3651 2431 3715 l,
2490 3667 2634 3704 anno
2661 3651 2799 3706 6654
2851 3649 2991 3704 facta
3054 3659 3159 3713 est,
3202 3658 3257 3704 et
3311 3649 3610 3714 constituit,

2048 3759 2157 3796 non
2184 3742 2300 3796 ltedi
2335 3743 2688 3806 monasteria,
2745 3758 2810 3796 eo
2860 3741 3002 3812 quod
3051 3741 3196 3810 jura,
3227 3756 3348 3810 quae
3378 3742 3481 3794 illis
3515 3745 3609 3795 ad-

2048 3845 2194 3898 sunt,
2232 3835 2285 3887 in
2317 3834 2504 3902 aliquo
2531 3835 2675 3889 forte
2704 3835 2892 3887 mutila
2923 3835 3034 3888 siut
3064 3843 3120 3889 et
3157 3835 3472 3904 imperfecta
3509 3851 3522 3887 :
3557 3847 3608 3889 et

2045 3924 2283 3978 secunda
2318 3940 2500 3978 mense
2525 3923 2766 3988 Octobri,
2829 3925 3125 3978 indictione
3158 3924 3212 3985 7,
3271 3939 3414 3977 anno
3447 3924 3608 3988 6665,

2048 4018 2246 4074 emissa
2274 4027 2378 4083 est,
2414 4025 2463 4071 et
2492 4017 2648 4087 jubet
2679 4016 3007 4070 nionasteria
3055 4014 3322 4068 iudivulse
3358 4026 3411 4068 et
3461 4017 3607 4070 iuse-

2048 4110 2364 4180 parabiliter
2393 4125 2492 4163 sua
2525 4109 2723 4180 habere
2753 4107 3088 4166 immobilia:
3134 4107 3347 4160 etiamsi
3382 4108 3605 4172 notitire,

2047 4217 2167 4272 qua;
2195 4216 2292 4270 pro
2317 4201 2440 4268 jure
2468 4201 2585 4254 ﬁsci
2611 4177 2840 4261 iaciunt,
2873 4214 2900 4251 a
2934 4213 3132 4251 census
3173 4198 3606 4262 descriptoribus

2046 4298 2127 4350 eis
2157 4294 2292 4348 data:
2322 4297 2454 4358 sint,
2500 4308 2618 4362 quae
2679 4293 2769 4345 hic
2801 4292 2920 4346 sita:
2969 4306 3076 4344 non
3118 4299 3266 4353 sunt,
3321 4291 3462 4359 quod
3499 4307 3605 4346 non

2045 4378 2305 4460 perpetua
2345 4391 2528 4441 cautio
2553 4394 2606 4440 et
2632 4385 2836 4439 utilitas
2877 4384 3232 4439 monasteriis
3263 4400 3328 4438 ex
3375 4385 3442 4438 iis
3474 4400 3604 4452 sup-

2041 4483 2328 4552 peditetur,
2357 4481 2451 4535 sed
2485 4480 2793 4548 temporalis
2823 4496 2836 4532 :
2873 4480 2977 4532 alia
3010 4494 3138 4531 vero
3175 4493 3359 4531 tneuse
3390 4477 3603 4538 Martio,

2043 4574 2339 4628 indictione
2367 4575 2420 4637 6,
2448 4589 2591 4626 anno
2619 4571 2757 4624 6666
2791 4571 2935 4625 edita
2987 4578 3091 4631 est,
3141 4579 3194 4621 et
3248 4570 3298 4621 in
3353 4571 3602 4623 omnibus

2043 4667 2269 4722 secretis
2303 4665 2499 4736 posita,
2537 4681 2656 4735 qua:
2685 4674 2808 4734 post
2853 4663 3176 4734 prommium
3206 4661 3307 4716 hoc
3351 4677 3602 4730 expresse

2042 4760 2206 4815 edicit
2234 4776 2246 4810 :

2111 5023 2327 5091 Aliquot
2361 5021 2560 5076 abhinc
2601 5035 2761 5073 anuis
2833 5020 3197 5075 deﬁnitionem
3248 5033 3408 5072 aurea
3459 5019 3598 5072 nulla

2044 5118 2309 5169 munitam
2361 5116 2610 5169 emittere
2675 5114 3099 5181 rliSpensareque
3153 5113 3411 5179 praevenit
3484 5113 3627 5164 mea'

2042 5209 2321 5276 majestas,
2352 5207 2547 5276 iisque,
2576 5221 2694 5274 qua:
2733 5205 2786 5258 iu
2844 5206 2941 5258 hac
2996 5203 3210 5256 urbium
3263 5204 3446 5272 regina
3497 5204 3597 5256 sita

2042 5311 2191 5361 sunt,
2223 5297 2584 5352 sanctissimis
2616 5297 2988 5357 monasteriis,
3021 5307 3074 5348 et
3119 5297 3183 5349 iis
3213 5311 3334 5365 qua:
3376 5306 3502 5348 sunt
3547 5297 3596 5349 in

2040 5391 2364 5444 occidentali
2413 5402 2567 5460 parte
2617 5389 2760 5455 freti,
2813 5399 3078 5458 quantum
3119 5399 3205 5442 est
3243 5390 3296 5442 in
3338 5389 3519 5444 littore
3549 5399 3596 5443 et

2041 5484 2281 5553 longius;
2305 5483 2556 5537 similiter
2586 5491 2639 5536 et
2671 5484 2737 5537 iis
2756 5498 2873 5552 quae
2890 5492 3016 5536 sunt
3033 5482 3085 5535 in
3115 5484 3236 5536 sino
3257 5480 3595 5536 Nicomediae.

2041 5589 2093 5631 et
2131 5592 2301 5645 usque
2335 5575 2404 5629 ad
2440 5576 2611 5644 ipsam
2642 5574 3036 5634 Nicomediam,
3063 5583 3116 5628 et
3147 5575 3211 5628 iis
3233 5590 3353 5641 qua:
3386 5583 3516 5628 sunt
3545 5573 3593 5626 in

2044 5668 2258 5736 insulis,
2283 5667 2450 5732 Oxea,
2486 5663 2688 5732 Prima,
2727 5664 2948 5732 Chalee,
2983 5663 3155 5732 Plate,
3189 5673 3378 5721 sancta
3405 5661 3591 5733 ϐινου-
