4074 6214
500 264 605 331 935

1748 243 2030 307 THEOD.
2073 239 2474 303 BALSAMON

3643 232 3747 296 $336

436 390 460 419 κ
494 382 601 440 ria,
633 375 889 446 Principo
936 368 1217 440 Antigoni,
1270 362 1660 434 Brachyncsio,
1704 356 2060 416 Terebintho,

2172 350 2469 422 Γλυκερία,
2497 350 2565 418 τῇ
2593 348 2888 417 Πριγκίπῳ
2905 349 2974 417 τῇ
3002 348 3098 400 τοῦ
3138 349 3469 413 Ἀντιγόνου,
3499 344 3577 416 τῷ
3608 346 3748 416 Βρι-

492 467 695 525 Saneto
735 465 974 524 Andrea,
1020 461 1222 513 Sancto
1296 453 1609 525 Tryphone,
1656 450 1857 503 Sancto
1910 447 2067 500 Eleu-

492 562 674 622 thero,
701 557 955 615 Codonm,
985 552 1202 619 Pelago,
1226 547 1486 617 Deipara’,
1509 543 1763 608 Mesonar,
1789 540 1991 594 Medica
2013 547 2067 592 et

493 651 698 707 Sancto
730 643 1024 706 Demetrio,
1056 648 1110 695 et
1138 640 1203 693 iis
1231 653 1350 708 quae
1381 647 1508 690 sunt
1538 635 1591 688 in
1625 630 2066 702 possessimiihus

494 745 853 812 portuum,et
883 749 1058 804 usque
1110 733 1177 784 ad
1223 730 1565 798 complexum
1603 728 1859 795 Athyr-ae;
1891 735 1966 786 et,
2011 733 2068 778 ut

491 834 659 889 semel
688 830 889 894 dicam,
923 827 991 880 iis
1017 825 1109 895 qui
1128 822 1486 878 circumcirca
1520 819 1765 888 reginam
1791 818 2065 871 civitatem

490 932 815 979 exercentur
877 917 1198 979 monachis,
1272 913 1407 968 viris
1468 921 1522 966 et
1572 911 1925 969 mulieribus.
1983 912 2068 964 his

493 1018 662 1071 multa
689 1016 812 1084 jura
845 1010 1036 1081 largita
1067 1020 1173 1073 est,
1201 1017 1256 1061 et
1278 1008 1332 1062 in
1362 1005 1724 1060 immobilium
1753 1004 2069 1059 deten‘tione

488 1126 554 1164 ae
604 1105 1003 1165 dominatione,
1054 1117 1177 1172 quae
1227 1100 1554 1170 quibusdam
1596 1098 1812 1166 juribus
1867 1099 1933 1151 ad
1970 1112 2068 1152 eos

494 1207 794 1276 pertinent,
827 1202 1038 1254 ﬁrmam
1074 1207 1127 1253 et
1155 1194 1635 1251 illabefactabilem
1661 1191 2065 1262 possessionem

486 1298 765 1357 concessit
812 1292 1322 1364 :quemadmodum
1379 1290 1523 1343 dicta
1597 1288 1845 1342 deﬁnitio
1902 1300 2067 1340 aurea

488 1393 637 1447 bulla
662 1388 870 1444 ntunita
907 1388 1021 1440 haec
1056 1385 1231 1439 fusius
1263 1384 1628 1454 persequitur.
1671 1379 1779 1435 Sed
1810 1382 2067 1448 quoniam

490 1497 777 1539 venatores
822 1482 1109 1552 quiescere
1158 1494 1265 1532 non
1310 1483 1625 1547 potuerttnt,
1673 1474 1765 1528 sed
1817 1474 1931 1528 ﬁsci
1970 1488 2065 1525 seu

490 1577 698 1647 publici
762 1582 1026 1645 praetextu
1078 1571 1158 1626 eis
1202 1585 1423 1641 gravem
1481 1565 1827 1622 aﬂlictionem
1870 1565 2067 1618 intule-

491 1682 653 1737 runt;
690 1670 951 1739 maiestas
998 1682 1117 1721 mea
1175 1665 1343 1719 Deum
1398 1664 1615 1733 placare
1663 1670 1717 1716 ct
1770 1661 2065 1730 prOpitium

490 1764 704 1820 edicere
730 1763 944 1825 volens,
978 1760 1048 1815 ob
1085 1774 1146 1813 ea
1183 1772 1279 1829 per
1308 1771 1426 1826 quae
1453 1756 1632 1826 ipsum
1666 1762 1725 1808 ut
1766 1754 1929 1807 homo
1982 1751 2067 1805 ofa

489 1855 687 1920 (endit,
716 1853 987 1923 simulque
1019 1853 1197 1921 magni
1241 1849 1614 1920 imperatoris,
1656 1845 1861 1901 Christi
1918 1844 2069 1899 scili-

490 1958 600 2012 cet,
636 1947 862 2009 milites,
895 1946 985 2015 qui
1019 1945 1181 1997 vitam
1212 1940 1572 1996 monasticam
1620 1946 1841 2008 propter
1891 1935 2069 2005 ipsum

490 2044 797 2110 elegerunt,
828 2047 881 2090 et
905 2036 1134 2105 spiritus
1159 2042 1498 2088 armaturam
1534 2031 1856 2092 induerunt,
1889 2028 2071 2083 socios

492 2134 693 2187 habere
744 2140 800 2184 et
853 2140 1111 2187 strenuus
1162 2125 1482 2181 defensores
1536 2125 1800 2179 adversus
1859 2122 2068 2185 hostes,

489 2228 599 2273 tam
642 2218 734 2288 qu‘i
766 2216 1017 2283 videntur
1046 2230 1207 2285 quam
1241 2216 1329 2283 qui
1362 2230 1469 2268 non
1504 2213 1781 2277 videntur,
1816 2212 1963 2266 bono
1991 2210 2071 2263 illi

403 2310 407 2313 “
493 2310 845 2365 fundamento
890 2319 1093 2362 tectum
1163 2321 1381 2376 quoque
1445 2306 1797 2376 proportione
1872 2317 2071 2357 conve-

490 2404 651 2458 niens
712 2404 993 2471 imponere
1059 2397 1250 2464 voluit,
1309 2408 1365 2451 et
1446 2410 1773 2468 praesentem
1847 2410 2067 2449 auream

490 2497 694 2551 bullam
722 2496 925 2563 optima
956 2509 1083 2548 cum
1129 2492 1341 2546 ratione
1371 2488 1579 2555 edidit;
1636 2504 1734 2560 per
1767 2504 1928 2557 quam
1960 2499 2073 2541 sta-

491 2589 600 2642 tuit
642 2594 699 2641 et
746 2584 957 2647 deﬁnit,
1016 2583 1203 2637 omnia
1259 2579 1583 2643 immonilia,
1634 2593 1757 2648 qua:
1808 2577 1968 2631 hodie
2001 2578 2070 2631 ab

490 2678 829 2736 enumeratis
881 2675 1229 2731 monasteriis
1299 2671 1690 2743 possidentur,
1758 2671 1843 2724 vel
1903 2670 2072 2724 etiam

489 2771 949 2825 anachoretarum
999 2765 1265 2830 :ediculis,
1325 2764 1586 2827 cellulis,
1638 2762 1829 2828 lauris,
1886 2771 1959 2825 et,
2010 2771 2069 2815 ut

490 2862 805 2919 summatim
836 2860 1038 2924 dicam,
1074 2872 1403 2927 quocunque
1452 2856 1676 2909 nomine
1716 2863 2066 2918 censeantur,

493 2954 890 3010 monachorum
948 2951 1316 3016 habitaculis;
1362 2949 1612 3015 colonos,
1658 2946 1883 3018 praedia,
1936 2962 2068 3001 con-

2171 442 2433 515 κυνησίῳ,
2488 442 2554 512 τῇ
2610 440 2946 511 Τερεϐίνθῳ,
2996 440 3073 509 τῷ
3145 440 3316 510 ’Ᾱγίῳ
3403 439 3757 512 Ἀνδρέᾳντῷ

2179 534 2351 603 Ἀγίῳ
2378 532 2658 604 Τρύφωνι,
2697 530 2773 599 τῷ
2801 530 2974 600 Ἀγίῳ
3014 530 3317 600 Ἐλευθέρῳ
3363 530 3441 599 τῷ
3461 530 3756 598 Κωδώνης,

2170 627 2264 679 καὶ
2290 624 2550 692 Πελάγει,
2583 626 2649 693 τῇ
2686 623 2960 693 Θεοτόκῳ,
2991 624 3072 691 τῷ
3106 624 3383 692 Μεσόνης,
3441 624 3509 693 τῇ
3558 621 3757 692 ’ἰατρῷ

2171 724 2265 775 καὶ
2298 720 2375 791 τῷ
2417 720 2591 790 Ἀγίῳ
2643 722 2963 789 Δημητρίῳ,
3012 721 3107 772 καὶ
3142 720 3256 781 τοῖς
3279 720 3336 770 ὲν
3371 720 3492 780 ταῖς
3525 718 3761 789 κτήσεσι

2169 818 2278 870 τῶν
2308 817 2523 887 πορτῶν
2550 817 2646 867 καὶ
2674 816 2801 885 ἄχρι
2853 815 2952 883 τῆς
3006 814 3273 883 περιοχῆς
3304 812 3406 882 τῆς
3476 812 3715 881 Ἀθύρας
3739 827 3754 843 ο

2171 911 2266 963 καὶ
2289 910 2478 971 ἁπλῶς
2512 911 2628 971 τοῖς
2682 907 2845 977 περὶξ
2899 907 3001 977 τῆς
3054 906 3324 976 βασιλίδος
3382 906 3492 958 τῶν
3541 907 3761 959 πόλεων

2175 1001 2540 1072 ἀσκουμένοις
2606 1002 2882 1070 μοναχοῖς,
2941 1000 3169 1069 ἄνδρασι
3226 1015 3287 1052 τε
3357 999 3456 1051 καὶ
3508 997 3753 1067 γυναιξὶ,

2175 1093 2351 1146 πολλὰ
2380 1093 2594 1155 τούτοις
2618 1094 3096 1162 φιλοτιμησαμένη
3130 1090 3340 1153 δίκαια,
3371 1092 3466 1142 καὶ
3499 1095 3559 1142 τὸ
3588 1091 3752 1141 ἀδιά-

2180 1201 2392 1237 σειστον
2422 1185 2609 1245 αὐτοῖς
2637 1183 3008 1253 δωρησαμένη
3044 1182 3139 1235 ἐπὶ
3170 1185 3237 1253 τῇ
3273 1184 3479 1251 κατοχῇ
3521 1181 3615 1233 καὶ
3665 1182 3775 1247 δε-,

2178 1276 2403 1346 σποτεία
2433 1275 2542 1328 τῶν
2579 1276 2857 1345 ἀκινήτων
2884 1274 2992 1326 τῶν
3023 1275 3131 1327 ἀπό
3158 1290 3323 1326 τινων
3351 1272 3754 1343 δικαιωμάτων

2172 1368 2545 1439 διαφερόντων
2574 1368 2810 1433 τούτοις,
2847 1367 3029 1430 καθὼς
3074 1368 3102 1419 ό
3136 1366 3378 1430 τοιοῦτος
3418 1368 3757 1438 χρυσόϐωλ-

2176 1459 2266 1522 λος
2328 1461 2486 1527 λόγος
2554 1460 2894 1529 πλατύτερον
2952 1460 3128 1513 ταῦτα
3182 1458 3462 1523 διέξεισιν.
3510 1460 3668 1512 Ἐπεὶ
3699 1461 3757 1512 δὲ

2172 1553 2296 1616 τοὺς
2347 1551 2685 1622 θηρολέκτας
2719 1552 2818 1603 οὐκ
2845 1547 2913 1622 ἦν
2943 1554 3192 1622 ἠρεμεῖν,
3238 1553 3375 1605 ἀλλὰ
3409 1553 3488 1623 τῷ
3525 1554 3619 1605 τοῦ
3657 1554 3757 1621 δη-

2194 1646 2382 1716 μοσίου
2414 1648 2765 1716 προσχήματι
2817 1645 3044 1715 βαρεῖαν
3094 1646 3301 1709 τούτοις
3357 1647 3566 1716 ἐπῆγον
3597 1639 3752 1698 οὗτοι

2100 1711 2145 1771 Β
2316 1711 2660 1807 κάκωσιν,
2692 1711 2949 1807 βασι-λεία
3002 1755 3108 1806 μου
3168 1736 3289 1808 ἅμα
3320 1738 3421 1807 μὲν
3453 1711 3539 1790 ⁷τὸ
3594 1738 3758 1790 Θεῖον

2182 1829 2533 1900 ὲξευμενίσαι
2570 1832 2665 1882 καὶ
2706 1829 3125 1895 ὲξιλεώσασθαι,
3181 1831 3269 1899 ἐφ’
3301 1827 3381 1895 οἷς
3414 1832 3489 1895 ὼς
3539 1831 3756 1901 ἄνθρωο

2176 1941 2276 1987 πος
2311 1924 2498 1977 τοῦτον
2533 1929 3000 1996 προσκέκρουκεν,
3052 1925 3170 1993 ἅμα
3196 1926 3252 1978 δὲ
3280 1924 3588 1997 βουλομένη
3630 1906 3751 1979 Κκαὶ

2171 2019 2300 2080 τοὺς
2334 2016 2675 2088 στρατιώτας
2724 2017 2817 2070 τοῦ
2873 2018 3112 2089 μεγάλου
3164 2018 3454 2090 βασιλέως,
3509 2021 3755 2092 Χριστοῦ

2172 2111 2439 2181 δηλονότι,
2488 2111 2611 2173 τοὺς
2651 2110 2717 2164 δι’
2771 2111 2933 2166 αὑτὸν
2986 2113 3077 2166 τὸν
3119 2114 3334 2184 μονήρη
3366 2113 3481 2183 βίον
3526 2115 3757 2185 προελο·

2181 2202 2401 2273 μένους,
2428 2203 2524 2255 καὶ
2556 2202 2654 2275 τὴν
2688 2204 2995 2258 πανοπλίαν
3026 2207 3427 2275 ὲνδυσαμένους
3462 2205 3557 2259 τοῦ
3578 2207 3752 2259 Πνεύο

2179 2312 2375 2365 ματος,
2421 2297 2748 2367 συμμάχους
2774 2296 2921 2367 ἔχειν
2951 2299 3044 2351 καὶ
3074 2297 3456 2362 συνασπιστὰς
3487 2301 3750 2371 ἰσχυροὺς

2174 2390 2318 2443 κατὰ
2348 2389 2460 2441 τῶν
2485 2390 2779 2459 ὁρωμένων
2802 2392 2896 2443 καὶ
2922 2392 3171 2461 ἀοράτων
3201 2392 3414 2463 ἐχθρῶν
3445 2392 3522 2463 τῷ
3558 2395 3755 2464 ἁγαθῴ

2173 2480 2368 2551 ἐκείνῳ
2401 2481 2656 2555 θεμελίῳ,
2693 2483 2787 2535 καὶ
2815 2484 3012 2555 δροφον
3036 2484 3304 2540 ἐπιθεῖναι
3334 2486 3600 2555 ἀνάλογον
3627 2487 3757 2559 ⁴ᾑρε-

2171 2572 2384 2637 τίσατο,
2417 2575 2513 2626 καὶ
2548 2574 2641 2626 τὸν
2668 2576 2909 2644 παρόντα
2955 2578 3352 2646 χρυσόὸουλλον
3408 2580 3752 2636 ἀπολέλυκεν

2176 2664 2439 2730 εὐλόγως,
2471 2664 2538 2717 δι’
2569 2662 2628 2718 οὗ
2662 2666 2907 2732 θεσπίζει
2958 2669 3054 2720 καὶ
3099 2668 3402 2739 διορίζεται
3456 2672 3641 2727 πάντα
3684 2676 3755 2726 τὰ

2173 2758 2417 2829 σήμερον
2459 2760 2733 2828 νεμόμενα
2764 2759 2997 2829 ἀκίνητα
3025 2760 3175 2829 παρὰ
3202 2762 3311 2814 τῶν
3337 2763 3546 2816 ἄνωθεν
3594 2767 3759 2835 ἀριθο

2173 2850 2458 2921 μηθέντων
2490 2852 2898 2922 μοναστηρίων,
2935 2852 2968 2922 ἢ
3013 2856 3108 2906 καὶ
3156 2857 3605 2928 ήσυχαστηρίων,
3655 2862 3752 2912 καὶ

2170 2942 2599 3013 ἁναχωρητικῶν
2621 2944 2846 2998 κελλίων
2873 2946 2967 2998 καὶ
2993 2945 3236 3018 λαυρῶν,
3264 2949 3362 3002 κα)ι
3394 2950 3583 3013 ἁπλῶς
3614 2966 3756 3004 κατα

491 3058 709 3111 ventus,
750 3034 980 3113 tributa,
1018 3044 1326 3113 vectigalia,
1365 3052 1578 3112 portus,
1635 3040 1881 3103 ﬁumina,
1939 3039 2064 3108 jura

2173 3036 2515 3106 οικητηρίων
2591 3038 2930 3108 μοναχικῶν,
2980 3040 3083 3092 κὰν
3135 3033 3179 3108 ᾧ
3229 3041 3295 3094 ἂν
3348 3043 3597 3098 καλοῖντο
3628 3044 3753 3099 6V6-

495 3141 794 3204 maritima,
828 3147 903 3200 et,
938 3146 995 3190 ut
1032 3136 1197 3189 semel
1227 3135 1433 3199 dicam,
1473 3133 1841 3203 quodcunque
1881 3130 1973 3201 jus
2014 3132 2071 3186 in

493 3234 845 3304 possessione
889 3230 1158 3285 immobili
1193 3230 1597 3291 consideratur,
1636 3234 1690 3281 et
1730 3227 1783 3281 in
1821 3241 2071 3296 quocun-

490 3344 597 3399 que
627 3326 748 3380 loco
793 3325 956 3379 situm
1012 3323 1102 3387 sit,
1161 3322 1229 3375 ab
1278 3322 1455 3389 iisque
1511 3335 1657 3374 nunc
1708 3331 2069 3389 occupatum;

491 3420 703 3475 scilicet
723 3433 790 3473 eo
825 3414 968 3486 quod
996 3414 1095 3478 illi,
1134 3414 1227 3483 qui
1258 3412 1488 3483 singulis
1517 3410 1814 3481 provinciis
1842 3424 2069 3465 censum

489 3513 746 3583 agebant,
783 3509 1059 3571 notitiam,
1090 3516 1273 3576 partes
1301 3506 1357 3559 in
1394 3506 1479 3562 his
1519 3506 1653 3561 ﬁsco
1703 3506 1916 3560 debitas
1944 3522 2073 3559 ven-

491 3606 790 3669 dicautem,
850 3603 958 3657 illis
986 3600 1232 3655 nondum
1287 3599 1580 3665 dederunt,
1639 3599 1842 3655 habere
1891 3600 2070 3655 dictas

494 3697 807 3753 mansiones
860 3705 1125 3765 perpetuo
1173 3693 1437 3757 dominio,
1491 3700 1550 3746 ut
1593 3690 1817 3745 domum
1869 3701 1924 3745 et
1960 3706 2073 3744 ina-

491 3791 712 3862 jestatis
738 3803 871 3842 meae
908 3787 1399 3858 magniﬁcentiam,
1434 3791 1488 3838 et
1535 3784 1617 3839 eis
1647 3783 1904 3853 deinceps
1932 3798 2076 3837 sem-

495 3896 592 3949 per
623 3880 676 3931 in
709 3885 994 3946 posterum
1045 3873 1338 3939 dominari,
1388 3874 1605 3928 etiamsi
1660 3874 1929 3944 probabili
1990 3877 2071 3929 vel

496 3986 605 4026 non
639 3968 906 4040 probabili
971 3967 1037 4021 de
1093 3980 1260 4020 causa
1314 3965 1495 4035 aliqua
1540 3980 1729 4021 eorum
1780 3968 1863 4021 vel
1909 3968 2070 4021 etiam

496 4066 735 4118 fortasse
767 4062 950 4116 omnia
1002 4060 1290 4128 hucusque
1335 4058 1715 4125 detinuerunt,
1772 4060 1856 4114 vel
1908 4061 2069 4114 etiam

494 4158 616 4212 sine
645 4155 758 4209 ullo
785 4152 961 4218 titulo,
998 4154 1077 4205 vel
1123 4168 1190 4207 ex
1219 4154 1377 4208 titulo
1400 4153 1621 4223 quidem
1675 4153 1769 4224 qui
1814 4154 1954 4209 male
2013 4170 2072 4207 se

498 4251 700 4314 habet,
762 4248 846 4304 vel
899 4248 1134 4302 fortasse
1192 4245 1336 4301 falso
1390 4247 1664 4301 conﬁctus
1726 4253 1832 4300 est.
1874 4244 2071 4301 Omnia

494 4342 665 4405 enim,
696 4355 816 4409 qua:
841 4339 911 4393 ab
937 4339 1070 4407 ipsis
1122 4339 1176 4391 in
1234 4352 1560 4407 quacunque
1614 4336 1899 4408 provincia
1950 4352 2076 4407 pos-

2176 3146 2326 3199 ματι,
2358 3131 2488 3192 τούς
2521 3148 2579 3183 τε
2615 3132 2939 3202 παροίκους,
2968 3134 3040 3186 τὰ
3067 3133 3395 3206 αύτούργια,
3441 3135 3539 3200 τὰς
3570 3156 3752 3209 πανη-

2173 3222 2385 3298 γύρεισς,
2407 3224 2534 3285 τοὺς
2568 3224 2791 3294 φόρους,
2822 3225 2947 3289 τοὺς
2982 3227 3206 3296 πόρους,
3239 3230 3339 3293 τὰς
3369 3230 3587 3301 λίμνας,
3618 3236 3747 3298 τοὺς

2173 3319 2474 3386 ποταμοὺς,
2507 3319 2573 3369 τὰ
2623 3319 2893 3372 θαλάσσια
2939 3320 3146 3387 δίκαια,
3174 3324 3267 3375 καὶ
3298 3324 3578 3397 καθολικῴ
3603 3327 3749 3398 λόγῳ

2128 3476 2135 3483 Ι
2174 3409 2558 3479 οἱονδηποτούν
2590 3410 2800 3464 δίκαιον
2831 3415 2888 3465 ἐν
2911 3414 3194 3483 ἀκινήτοις
3224 3416 3469 3486 κτήμασι
3502 3420 3746 3491 θεωρού-

2180 3521 2366 3574 μενον,
2409 3505 2505 3557 καὶ
2536 3504 2807 3575 οίῳδήτινι
2836 3506 2988 3576 τόπῳ
3010 3507 3357 3576 διακείμενον
3398 3514 3531 3579 παρ’
3565 3514 3750 3567 αὐτῶν

2174 3598 2536 3667 κατεχόμενον
2559 3597 2672 3664 νῦν,
2701 3598 2785 3667 ἐφ’
2813 3590 2859 3666 ᾧ
2883 3599 3125 3668 δηλονότι
3157 3604 3319 3673 μέχρι
3352 3603 3448 3656 τοῦ
3473 3606 3567 3658 νῦν
3588 3606 3749 3675 ἐδόθη

2174 3687 2386 3753 τούτοις
2417 3688 2706 3758 διάγνωσις
2740 3690 2890 3762 παρὰ
2918 3693 3028 3745 τῶν
3082 3695 3226 3749 κατὰ
3257 3698 3445 3769 χώραν
3499 3704 3753 3771 ἀναγρα-

2174 3782 2341 3851 φέων,
2380 3781 2440 3834 τὸ
2487 3780 2582 3835 τοῦ
2637 3783 2893 3854 δημοσίου
2932 3787 3099 3858 μέρος
3156 3790 3248 3842 ἐπὶ
3302 3790 3477 3863 τούτῳ
3529 3795 3751 3865 προσδι-

2175 3874 2430 3938 καιοῦσα,
2464 3874 2610 3944 ἔχειν
2640 3877 2735 3939 τὰς
2772 3877 3035 3947 ῥηθείσας
3087 3880 3259 3949 μονὰς
3314 3884 3459 3937 κατὰ
3515 3885 3743 3958 διηνεκῆ
3824 3874 3829 3879 ’

2173 3963 2496 4017 δεσποτείαν
2526 3964 2600 4027 ὠς
2628 3964 2802 4037 δῶρον
2831 3968 2926 4020 καὶ
2958 3968 3301 4040 φιλοτίμημα
3330 3975 3429 4041 τῆς
3461 3973 3747 4047 βασιλείας

2176 4074 2306 4127 μου,
2343 4057 2440 4113 καὶ
2468 4057 2757 4123 δεσπόζειν
2788 4061 2970 4115 αὐτῶν
3020 4065 3103 4127 είς
3152 4068 3283 4128 τοὺς
3317 4066 3444 4137 ὲξής
3494 4071 3747 4135 ἅπαντας

2180 4152 2281 4204 καὶ
2314 4152 2584 4221 διηνεκεῖς
2611 4154 2858 4225 χρόνους,
2891 4156 2995 4212 κᾶν
3029 4158 3265 4226 εὐλόγως
3288 4163 3389 4215 κᾶν
3420 4167 3749 4236 παραλόγως

2174 4244 2379 4299 τούτων
2406 4246 2528 4300 τινὰ
2550 4246 2669 4316 ἦτὰ
2689 4249 2785 4303 ὅλα
2812 4252 2938 4315 ἴσως
2964 4251 3068 4316 ἕως
3098 4253 3191 4306 τοῦ
3218 4255 3312 4310 νῦν
3341 4264 3614 4330 κατεῖχον,
3646 4266 3750 4318 κᾶν

2177 4337 2301 4408 δίχα
2339 4339 2481 4403 τινὸς
2533 4341 2925 4413 δικαιώματος,
2978 4345 3153 4416 ῆάπὺ
3205 4350 3592 4423 δικαιωμάτων
3621 4360 3744 4427 μὲν,

496 4430 749 4486 sidentur
797 4432 852 4485 in
910 4428 1204 4484 Occidente
1252 4439 1307 4484 et
1360 4430 1415 4482 in
1455 4428 1699 4494 Oriente,
1756 4431 1871 4483 sive
1910 4445 1974 4484 ex
2006 4429 2070 4484 iis

2178 4434 2363 4496 κακῶς
2406 4432 2464 4485 δὲ
2494 4434 2751 4503 ἑχόντων,
2807 4436 2839 4505 ἢ
2872 4413 3085 4507 ψευδῶς
3117 4413 3504 4505 συντεθέντων.
3555 4413 3747 4508 Diana:

499 4524 738 4593 hospitio
776 4521 1130 4590 imperatoris
1161 4519 1405 4588 quotidie
1437 4520 1669 4590 praeberi
1720 4520 1920 4585 solitis,
1955 4522 2071 4575 sive

499 4618 613 4672 sint
639 4616 802 4686 306
833 4630 900 4668 ex
932 4613 1278 4684 fragmentis,
1306 4613 1421 4668 sive
1467 4629 1533 4668 ex
1580 4613 2075 4669 commiserationi-

499 4711 626 4774 bus,
662 4709 776 4763 sive
814 4707 932 4760 loco
965 4706 1150 4769 motis,
1181 4706 1266 4759 vel
1315 4705 1563 4771 caducis,
1613 4705 1703 4760 vel
1754 4721 1822 4761 ex
1874 4706 2072 4762 vilibus

500 4817 624 4872 qua:
654 4798 971 4870 penduntur
1020 4798 1232 4863 diariis,
1281 4798 1367 4852 vel
1414 4813 1481 4853 ex
1530 4797 1730 4853 vilibus
1770 4800 2075 4857 calamitate

502 4895 737 4960 vexatis,
774 4892 858 4948 vel
888 4892 957 4947 iis
992 4907 1114 4961 qua:
1145 4908 1173 4944 a
1202 4891 1513 4961 potentibus
1551 4892 1767 4946 vendita
1812 4901 1961 4959 sunt,
1993 4895 2074 4949 vel

500 4996 718 5053 contra,
756 4985 837 5039 vel
870 4984 1212 5039 correctione
1236 4983 1648 5039 ttialefactarum
1678 4984 2072 5051 venditionem,

503 5084 604 5138 etsi
635 5083 690 5135 in
731 5079 853 5134 aliis
884 5078 1017 5132 locis
1050 5076 1203 5144 jussa
1241 5077 1383 5138 dari,
1426 5076 1481 5130 in
1510 5076 1635 5130 aliis
1680 5077 1878 5131 tradita
1906 5089 2070 5145 sunt;

504 5173 592 5227 vel
639 5173 860 5234 donata,
916 5184 1025 5221 non
1077 5167 1272 5220 tradita
1333 5176 1498 5231 sunt;
1550 5167 1632 5220 vel
1690 5167 1906 5232 tradita,
1968 5185 2073 5223 non

508 5266 705 5315 donata
736 5268 899 5328 sunt;
933 5258 1017 5313 vel
1040 5258 1238 5328 quovis
1265 5256 1370 5311 alio
1412 5255 1573 5311 modo
1634 5258 1776 5312 male
1827 5258 1894 5313 ab
1941 5260 2075 5329 ipsis

508 5351 840 5414 detinentur,
867 5348 1226 5411 inconcusse,
1268 5357 1323 5400 et
1351 5345 1501 5400 nullo
1547 5346 1766 5417 negotio
1792 5347 1869 5401 eis
1920 5348 2073 5401 exhi-

510 5441 648 5507 bito,
691 5441 906 5496 adictis
944 5442 1201 5495 omnibus
1243 5438 1591 5494 monasteriis
1638 5439 1750 5491 vult
1789 5455 1911 5496 mea
1959 5457 2071 5495 ma-

511 5533 684 5602 jestas
713 5537 767 5589 in
819 5542 1083 5588 arternum
1135 5534 1426 5604 possideri,
1472 5544 1531 5589 ut
1588 5535 1894 5605 majestatis
1942 5552 2073 5592 mea:

514 5624 719 5680 donum
760 5638 792 5677 a
832 5624 1159 5679 liberalitate
1206 5635 1260 5679 et
1302 5627 1672 5682 muniﬁcentia
1726 5642 1847 5682 mea
1894 5628 2073 5698 profe-

512 5729 688 5775 ctum.
720 5714 858 5772 Cum
880 5718 1028 5772 enim
1064 5716 1202 5785 sola,
1235 5733 1356 5787 quae
1387 5720 1529 5790 apud
1560 5720 1711 5791 ipsos
1746 5736 1909 5791 nunc
1945 5721 2070 5780 inve

2178 4526 2288 4596 γὰρ
2320 4527 2389 4579 τὰ
2419 4527 2552 4599 παρ’
2577 4529 2757 4582 αὐτῶν
2804 4533 3154 4604 κατεχόμενα
3209 4538 3267 4591 ἐν
3310 4540 3491 4613 οίῳηδή
3528 4562 3634 4600 τινι
3662 4548 3750 4603 θέ-

2176 4636 2308 4689 ματι
2340 4620 2482 4674 κατά
2510 4638 2568 4674 τε
2590 4621 2745 4676 δύσιν
2776 4631 2870 4677 καὶ
2900 4627 3184 4700 ἀνατολήν,
3218 4632 3399 4701 κᾶνέξ
3420 4638 3609 4699 αὐτῶν
3637 4642 3749 4695 τῶν

2174 4711 2253 4773 είς
2300 4711 2623 4784 ἐνδιαίτημα
2670 4715 2779 4769 τῶν
2829 4717 2968 4772 κατὰ
3027 4719 3126 4791 τήν
3172 4723 3392 4797 ,ἡμέραν
3449 4729 3746 4800 βασιλέων,

2173 4801 2277 4899 κᾶν
2305 4804 2414 4859 ἀπὸ
2459 4805 2792 4875 κλασμάτων
2839 4803 2962 4877 ὦσι,
3012 4813 3114 4866 κᾶν
3156 4815 3266 4870 ἀπὸ
3296 4823 3679 4892 συμπαθειῶν,
3710 4830 3745 4899 ἧ

2171 4895 2685 4968 ἁποκεκινημὲνων,
2743 4902 2776 4972 ἥ
2834 4903 3248 4981 ὁλοπτώτων,ῆ
3294 4912 3404 4968 ἀπὸ
3460 4895 3745 4978 ταπεινῶν

2173 4986 2515 5058 τελουμένων
2545 4990 2793 5062 διαρίων,
2828 4994 2861 5066 ἢ
2888 4996 3005 5049 ὰπὸ
3033 5002 3308 5056 ταπεινῶν
3342 5004 3737 5076 κλαματισθένε

2175 5093 2308 5140 των,
2347 5078 2503 5149 ἧκα).
2526 5080 2777 5146 δυνατοῖς
2829 5084 3262 5157 διαπραθέντων,
3310 5093 3344 5164 ἢ
3399 5099 3740 5170 τούναντίον,

2263 5170 2555 5241 ὲξορθώσει
2592 5176 2777 5239 κακῶς
2849 5182 3147 5246 γεγονυιῶν
3204 5184 3577 5260 διαπράσεων,
3636 5200 3743 5255 κᾶν

2176 5268 2234 5318 ἐν
2270 5264 2454 5330 ἄλλοις
2493 5269 2679 5333 τόποις
2724 5272 3050 5341 όρισθέντων
3095 5276 3429 5351 δωρηθῆναι,
3466 5288 3525 5341 ἐν
3558 5289 3745 5359 ἄλλοις

2176 5359 2572 5453 παρεδόθησαν,
2659 5364 2970 5435 δωρηθέντα
2993 5368 3055 5421 οὐ
3075 5372 3474 5445 παρεδόθησαν,
3502 5381 3535 5451 ἢ
3560 5401 3741 5453 παρα-

2174 5446 2397 5502 δοθέντα
2425 5450 2525 5503 οὐκ
2557 5451 2941 5526 ὲδωρήθησαν,
2972 5457 3005 5528 ἦ
3040 5460 3164 5513 καθ’
3213 5463 3400 5535 ἕτερόν
3427 5446 3549 5528 τινὰ
3579 5446 3745 5542 λόγον

2176 5541 2365 5606 κακῶς
2414 5545 2546 5616 παρ’
2599 5547 2779 5602 αὐτῶν
2834 5551 3183 5621 κατέχονται,
3236 5558 3592 5630 ἀδιασείστως
3634 5541 3737 5622 καὶ

2177 5634 2755 5727 ἀπολυπραγμονήτως
2779 5643 3108 5714 κατέχεσθαι
3144 5650 3294 5715 παρὰ
3326 5652 3437 5705 τῶν
3471 5656 3739 5727 ῥηθεισών

2182 5726 2367 5783 πασῶν
2394 5730 2572 5800 μονῶν
2597 5733 2632 5801 ή
2660 5730 2911 5801 βασιλεία
2941 5752 3045 5805 μου
3070 5738 3318 5809 βούλεται
3343 5746 3427 5808 εἰς
3452 5726 3542 5803 τὸν
3564 5751 3748 5807 αἰῶνα
