4074 6214
287 312 389 378 937

1261 312 1343 372 IN
1383 311 1550 372 CAN.
1583 306 1698 368 ΧΙΙ
1745 303 1956 363 CONC.
1999 301 2106 362 VII
2149 299 2503 361 (ECUMEN.

3419 294 3526 356 938

295 429 386 484 τὸν
421 427 660 494 ἅπαντα,
695 430 772 494 ὡς
802 427 972 502 δῶρον
1004 429 1102 500 τῆς
1135 429 1415 500 βασιλείας
1446 444 1570 497 μου,
1607 425 1704 478 καὶ
1750 441 1860 475 κα-

1971 419 2142 481 nitur,
2186 416 2544 470 immobilium
2573 412 2809 468 detentio
2857 428 2953 484 pro
3004 413 3151 467 omni
3187 411 3345 466 titulo
3371 413 3532 467 debet

297 521 462 593 θαρδν
515 522 878 593 φιλοτίμημα.
932 522 1115 594 Μάνης
1179 521 1288 592 γὰρ
1339 519 1437 588 τῆς
1492 517 1624 588 παρ’
1675 515 1859 576 αὐτοῖς

287 616 687 687 εὑρισκσμένης
713 615 808 666 νῦν
838 616 1075 685 κατοχῆς
1099 614 1207 667 τῶν
1231 612 1500 682 ἀκινῆτων
1533 608 1860 678 ὀφειλούσης

287 711 482 779 ἀρκεῖν
513 707 697 769 αὐτοῖς
744 708 865 760 ἀντὶ
923 707 1121 768 παντὸς
1175 704 1562 774 δικαιώματος,
1613 701 1864 771 περιττόν

285 801 400 851 ἔστι
457 797 517 851 τὸ
581 797 1061 868 πολυπραγμονεῖν
1095 797 1222 865 περὶ
1283 796 1512 862 ἑτέροις.
1574 793 1695 844 Ἐπὶ
1733 793 1865 844 πᾶσι

286 891 394 962 γὰρ
423 885 503 952 οἷς
531 891 820 959 κατέχουσι
870 889 1138 960 σήμερον,
1168 889 1294 941 ἄνευ
1323 888 1502 957 μέντοι
1534 886 1641 937 τῶν
1674 885 1758 952 ἐφ’
1787 877 1866 944 οἷς

287 981 550 1049 ἐδόθησαν
578 982 761 1043 αὐτοῖς
793 979 1112 1048 διαγνώσεις
1144 979 1296 1048 παρὰ
1350 976 1458 1030 τῶν
1510 975 1652 1029 κατὰ
1680 975 1866 1044 χώραν

287 1073 653 1141 ἁναγραςέων
701 1071 793 1123 τὸν
839 1070 1098 1140 δημόσιον
1129 1067 1475 1139 ξδικαιοῢσαι,
1523 1069 1596 1129 du;
1629 1068 1863 1136 εἴρηται,

285 1164 491 1232 ὀφείλει
524 1165 714 1232 ἀρκεῖν
746 1164 777 1229 ή
810 1163 1059 1234 παροῦσα
1109 1161 1500 1232 χρυσόϐουλλος
1547 1161 1730 1230 γραφὴ
1767 1159 1866 1226 τῆς

292 1255 576 1324 βασιλείας
612 1273 735 1324 μου,
770 1259 864 1309 καὶ
897 1258 1018 1310 ἀντὶ
1047 1259 1278 1328 δωρεᾶς,
1315 1256 1409 1308 καὶ
1438 1255 1559 1308 ἀντὶ
1587 1251 1863 1322 πράσεωτ,

289 1348 385 1400 καὶ
415 1346 536 1399 ἀντὶ
563 1347 751 1417 ἑτέρου
790 1348 990 1427 παντὸς
1017 1349 1404 1417 δικαιώματος,
1435 1347 1538 1400 κᾶν
1560 1345 1868 1413 οἱονδηποτ-

285 1439 382 1490 οὖν
410 1439 665 1508 σεκρὲτον
689 1438 773 1492 ἐπ’
794 1440 942 1511 αὑτῷ
963 1442 1243 1495 δικαιοῖτο.
1270 1441 1400 1494 Οὐδὲ
1429 1438 1870 1507 ἀναγκασθήσον-

289 1547 378 1582 ται
402 1531 456 1582 αί
489 1532 648 1600 μοναὶ
680 1531 764 1600 ἐφ’
796 1527 875 1595 οἷς
899 1534 1188 1603 κατέχουσι
1209 1533 1484 1602 ἀκινήτοις
1511 1529 1869 1600 προκομίζειν

289 1623 453 1684 ἔτερα
483 1623 792 1692 παλαιγενῆ
819 1625 1311 1692 προσόνταάὑταίς
1338 1623 1706 1691 δικαιώματα·
1734 1621 1870 1674 ἀλλα

290 1719 356 1785 τῇ
396 1716 649 1788 παρούσῃ
684 1717 1066 1788 χρυσοόούλλῳ
1089 1707 1283 1786 γραφῇ
1320 1717 1419 1785 τῆς
1452 1715 1729 1786 βασιλείας
1758 1733 1862 1785 μου

1963 509 2045 564 eis
2080 509 2352 571 sullicere,
2382 517 2466 562 est
2496 522 2961 577 supervacaneum
3003 507 3071 559 de
3100 507 3226 559 ullis
3275 505 3398 559 aliis
3433 521 3534 558 cu-s

1968 603 2112 658 riose
2145 602 2447 671 inquirere.
2481 600 2537 654 1ιι
2571 601 2826 654 omnibus
2861 599 3006 653 enim
3041 615 3162 667 qua:
3196 600 3362 653 hodie
3410 613 3535 668 posc

1967 695 2168 759 sident,
2232 705 2592 764 prreterquani
2657 695 2710 748 in
2775 693 2842 747 iis
2902 695 2952 746 in
3006 693 3208 762 quibus
3259 708 3285 744 a
3337 693 3536 766 publici

1969 805 2171 844 census
2209 791 2260 841 in
2296 804 2357 842 ea
2391 791 2607 858 regione
2647 787 3078 855 descriptoribus
3127 787 3330 838 notitiae
3376 788 3536 848 datte,

1967 901 2087 954 qua:
2113 885 2203 953 jus
2231 886 2344 938 lisei
2383 902 2478 937 seu
2515 884 2740 953 publici,
2770 893 2828 936 ut
2857 883 3062 936 dictum
3115 891 3220 942 est.
3284 883 3536 951 probant,

1968 979 2130 1032 debet
2183 993 2424 1048 praesens
2474 976 2775 1042 majestatis
2847 991 2978 1028 mea:
3043 975 3301 1043 scriptum
3360 975 3538 1027 Aurea

1971 1070 2121 1123 Bulla
2161 1069 2430 1122 munittun
2469 1068 2717 1123 sulIieere
2751 1085 2765 1120 :
2794 1077 2846 1120 et
2877 1083 2973 1136 pro
3013 1066 3306 1122 donatione
3340 1077 3393 1121 et.
3429 1083 3539 1120 Cm-
3597 1064 3600 1072 '

1971 1163 2155 1230 ptione
2203 1168 2258 1214 et
2314 1159 2509 1229 quovis
2560 1159 2666 1211 alio
2719 1158 2875 1212 titulo
2931 1157 3064 1211 satis
3120 1173 3261 1222 esse,
3325 1157 3539 1210 etiamsi

1969 1258 2338 1327 quodcunque
2370 1256 2517 1309 aliud
2571 1259 2843 1309 secretum
2895 1253 2948 1305 iu
3003 1251 3083 1306 eis
3115 1252 3395 1319 probetur.
3434 1249 3541 1304 Nec

1969 1359 2236 1421 cogentur
2285 1348 2641 1407 monasteria,
2698 1346 2768 1399 ob
2796 1361 2857 1399 ea
2913 1360 3035 1412 quae
3085 1357 3226 1397 nunc
3261 1343 3540 1412 possident

1973 1443 2300 1507 immobilia,
2335 1442 2557 1510 antiqua
2600 1440 2704 1492 alia
2732 1456 2851 1508 qtue
2888 1440 2970 1494 eis
3016 1438 3358 1504 adsuntjnra
3417 1453 3540 1505 pro-

1973 1537 2113 1590 ferre
2162 1556 2174 1590 :
2219 1535 2314 1589 sed
2377 1535 2478 1588 hae
2508 1534 2762 1604 presenti
2819 1531 3125 1601 majestatis
3181 1546 3311 1583 inea:
3361 1529 3539 1583 Aurea

1973 1628 2123 1681 Bulla
2188 1642 2286 1697 pro
2342 1627 2487 1679 omni
2526 1627 2650 1694 jure
2711 1624 2946 1687 utentia,
3006 1639 3068 1676 ea
3118 1633 3374 1675 contenta
3420 1637 3542 1675 esse

1971 1719 2192 1782 debent,
2255 1726 2312 1770 ut
2357 1734 2475 1786 quin
2514 1717 2612 1780 eis,
2650 1726 2705 1769 ιιι
2757 1717 2908 1786 prius
2948 1717 3207 1784 scriptum
3259 1725 3361 1776 est,
3397 1713 3541 1768 suﬂi-

292 1811 415 1860 ἁντὶ
454 1810 657 1872 παντὸς
694 1808 1067 1879 δικαιώματος
1103 1808 1382 1879 χρώμεναι
1431 1808 1862 1878 ἀρκεσθήσονται

1971 1823 2092 1860 cere
2119 1806 2319 1861 debeat
2347 1851 2361 1871 ,
2399 1817 2451 1861 et
2483 1823 2579 1875 pro
2607 1807 2902 1860 donatione
2924 1817 2978 1860 et
3020 1823 3116 1875 pro
3146 1804 3458 1868 traditione,
3488 1817 3543 1858 et

287 1901 465 1973 ταύτῃ
491 1903 587 1954 καὶ
643 1902 781 1974 μόνῃ
805 1901 1098 1972 ὀφειλούσῃ
1131 1903 1322 1971 ἀρκεῖν
1355 1901 1560 1963 αὐτοῖς,
1601 1901 1674 1962 ώς
1702 1917 1866 1970 προε-

287 1993 499 2062 γράφη,
526 1994 620 2047 καὶ
647 1996 769 2049 ἀντὶ
796 1995 1030 2064 δωρεᾶς,
1079 1995 1174 2047 καὶ
1201 1995 1320 2046 ἀντὶ
1349 1993 1724 2062 παραδόσεως,
1771 1993 1864 2044 καὶ

289 2089 412 2139 ἀντὶ
442 2087 644 2149 παντὸς
670 2089 863 2159 ἑτέρου
894 2087 1288 2157 δικαιώματος.
1327 2088 1386 2139 Εἰ
1417 2087 1459 2138 δ’
1501 2088 1630 2148 ἴσως
1667 2076 1863 2155 καιροῦ

294 2177 586 2242 καλοῦντος
621 2179 839 2250 θελήσει
886 2180 1268 2250 οἱονδηποτοῦν
1325 2180 1696 2248 μοναστήριον
1728 2178 1863 2246 χρή-

291 2271 490 2323 σασθαι
521 2275 615 2324 καὶ
641 2273 752 2333 τοῖς
780 2273 1073 2341 προσοῦσιν
1128 2271 1278 2342 αὑτῷ
1309 2272 1675 2336 δικαιώμασιν
1722 2271 1865 2341 ὑπὲρ

290 2363 488 2416 ἑαυτοῦ
518 2363 689 2417 ταῦτα
745 2362 1101 2436 προκομίζον,
1170 2364 1300 2436 παρ’
1347 2364 1670 2428 οίουδήτινος
1730 2363 1866 2433 πρὸς

292 2457 452 2509 τοῦτο
483 2457 543 2508 οὐ
589 2457 993 2524 κωλυθήσεται.
1040 2458 1490 2524 Ἀναγκαστικὼς
1549 2460 1652 2526 γὰρ
1704 2455 1862 2508 τοῦτο

290 2550 352 2602 οὐ
386 2551 642 2617 ποιήσει’
680 2551 729 2601 εἰ
777 2549 834 2602 δὲ
879 2552 1066 2619 οἰκείῳ
1118 2552 1382 2620 θελήματι
1414 2551 1546 2604 αὐτὸ
1578 2549 1868 2620 αἱρεθήσε·

290 2661 404 2705 ται,
430 2643 604 2707 οὐδεῖς
630 2645 657 2695 ὁ
677 2642 981 2712 ἐμποδίζων
1008 2645 1234 2695 ἐσεῖται.
1264 2644 1336 2695 0-3
1382 2644 1542 2712 μόνον
1568 2643 1624 2696 δὲ
1673 2645 1765 2695 ἐπὶ
1800 2647 1863 2713 τῇ

292 2733 576 2788 δικαιώτει
605 2737 703 2803 τῆς
745 2736 846 2803 γῆς
878 2735 1232 2804 συμϐαλεῖται
1267 2739 1377 2797 τοῖς
1420 2736 1804 2805 μοναστηρίοις
1834 2738 1867 2805 ἡ

299 2825 556 2893 παροῦσα
583 2817 977 2895 χρυσόὸουλλος
1001 2824 1206 2895 γραξεὴ,
1233 2825 1366 2878 ἀλλὰ
1383 2829 1474 2877 καὶ
1490 2825 1584 2878 ἐπὶ
1604 2828 1714 2886 τοῖς
1733 2843 1872 2895 παρ-

289 2919 459 2979 οίκοις
493 2919 601 2980 τοῖς
637 2916 730 2970 νῦν
793 2916 924 2986 παρ’
961 2917 1138 2969 αὐτῶν
1181 2918 1600 2986 κατεχομένοις,
1640 2921 1870 2981 καὶτοῖς

291 3008 661 3076 αὑτουργίοις,
685 3006 895 3078 φόροις,
926 3008 1288 3077 πανηγύρεσι,
1316 3008 1610 3072 διαϐατοῖς,
1634 3009 1869 3076 λίμναις,

1966 1901 2159 1967 quovis
2223 1902 2330 1954 alio
2391 1900 2537 1969 jure.
2607 1900 2701 1953 Sin
2749 1909 2933 1953 autem
2991 1901 3253 1973 invitante
3307 1899 3542 1951 fortasse

1967 2001 2211 2060 tempore
2266 1991 2501 2046 voluerit
2557 1993 2732 2046 ullum
2795 1989 3187 2045 ruouasterium
3243 1991 3312 2044 iis
3375 1990 3539 2042 etiam

1966 2100 2087 2153 qua:
2126 2087 2291 2140 habet
2328 2085 2548 2154 juribus
2575 2095 2628 2140 et
2649 2085 2826 2139 titulis
2852 2084 2954 2148 uti,
2978 2099 3039 2138 ea
3073 2098 3170 2153 pro
3192 2099 3250 2137 se
3281 2081 3539 2150 alTerens,

1968 2194 1996 2229 a
2028 2180 2179 2231 nullo
2221 2178 2442 2248 penitus
2471 2177 2871 2248 prohibebitur.
2905 2175 3013 2230 Hoc
3049 2177 3195 2230 enim
3230 2192 3339 2230 non
3381 2175 3544 2231 faciet

1969 2271 2282 2325 necessario
2329 2289 2342 2325 :
2389 2271 2474 2324 sin
2527 2280 2709 2324 autem
2772 2269 2994 2338 propria
3057 2269 3336 2322 voluntate
3408 2269 3542 2322 illud

1969 2363 2214 2431 elegerit,
2245 2376 2406 2416 nemo
2443 2361 2811 2432 impediturus
2843 2360 3181 2414 admittetur.
3207 2360 3325 2416 Non
3361 2345 3538 2418 selum

1971 2463 2152 2507 autem
2195 2455 2261 2507 ad
2299 2457 2526 2517 terreni,
2581 2456 2724 2524 quod
2787 2454 3013 2519 habent,
3063 2453 3155 2524 jus
3199 2455 3538 2523 probandum

1972 2546 2326 2600 monasteriis
2382 2545 2616 2600 sufﬁciet
2679 2562 2923 2613 praesens
2975 2547 3152 2600 Aurea
3205 2545 3388 2610 Bulla;
3446 2547 3541 2602 Sed

1972 2639 2134 2692 etiam
2168 2640 2219 2692 iu
2257 2641 2556 2707 parochiis,
2590 2657 2712 2709 qua:
2737 2655 2882 2693 nunc
2913 2640 2982 2694 ab
3011 2642 3091 2694 eis
3118 2641 3454 2704 detinentur,
3489 2651 3545 2695 et

1973 2731 2215 2799 pra-diis,
2257 2732 2639 2801 vectigalibus,
2664 2731 3052 2794 conventibus,
3084 2732 3423 2802 trajectionis
3451 2749 3543 2788 so-

1974 2821 2300 2888 lutionibus,
2337 2823 2610 2893 portibus,
2637 2822 2840 2891 ﬂuviis,
2883 2823 3101 2893 juribus
3155 2826 3444 2880 maritimis
3489 2838 3545 2880 et

1973 2930 2308 2985 quocunque
2333 2916 2446 2970 alio
2471 2917 2616 2986 jure,
2643 2918 2786 2986 quod
2813 2920 2880 2970 ab
2928 2919 3010 2973 eis
3044 2919 3371 2986 possidetur,
3406 2934 3547 2987 pra:-

1977 3019 2223 3078 terquatn
2257 3009 2311 3063 in
2343 3009 2434 3071 iis,
2465 3011 2518 3064 in
2551 3012 2755 3080 quibus
2779 3009 3108 3093 documenta
3167 3026 3268 3080 pro
3300 3012 3542 3082 publico.

295 3101 585 3168 ποταμοῖς,
609 3099 952 3162 θαλασσίνοις
991 3099 1243 3164 δικαίοις,
1269 3101 1364 3154 καὶ
1400 3101 1570 3172 ὲτέρῳ
1600 3100 1866 3172 οίῳδήτινι

1978 3109 2037 3154 ιιι
2077 3116 2220 3170 ειιιρθ
2251 3103 2509 3169 superius
2559 3102 2760 3157 dictum
2803 3113 2910 3169 est,
2945 3116 3226 3174 aSStunpta
3267 3113 3414 3159 sunt.
3447 3104 3544 3160 Szn

287 3191 488 3261 δ.καίῳ
509 3193 640 3261 παρ’
673 3191 850 3244 αὐτῶν
882 3192 1258 3264 κατεχομένῳ,
1286 3193 1414 3245 ἄνευ
1442 3193 1625 3262 μέντοι
1649 3192 1758 3244 τῶν
1781 3191 1866 3260 ἐφ’

290 3280 374 3345 οἷς
411 3283 603 3337 ἔλαϐον
641 3285 961 3350 διαγνώσεις
1012 3286 1154 3355 ὑπὲρ
1191 3285 1282 3337 τοῦ
1311 3285 1591 3354 δημοσίου,
1635 3285 1706 3348 ὡς
1741 3284 1868 3337 πολ-

290 3373 450 3436 λάκις
481 3374 751 3444 ἀνώτερον
777 3376 1106 3445 διείληπται.
1127 3377 1190 3429 Εἰ
1215 3377 1270 3428 δὲ
1303 3377 1752 3447 προσετάχθησαν
1783 3377 1868 3430 λι.-

289 3465 546 3535 γισθῆναι
659 3469 957 3540 ὲκκοπῆναί
999 3487 1121 3521 τινα
1169 3469 1559 3538 τελέσματα,ἣ
1593 3469 1796 3532 πάκτα,
1832 3470 1864 3539 ἦ

291 3561 606 3625 στρατεῖαι,
639 3561 670 3630 ῆ
704 3561 964 3630 δημόσια,
996 3562 1028 3631 ἦ
1070 3560 1371 3624 λιϐελλικὰ,
1407 3561 1440 3630 ἢ
1469 3561 1654 3629 ἕτερον
1703 3579 1754 3612 τι
1785 3560 1865 3631 τῷ

287 3651 538 3722 δημοσίῳ
563 3654 786 3724 ἀνῆκον,
830 3655 925 3708 καὶ
977 3655 1038 3706 οὐ
1063 3655 1253 3722 γέγονε
1297 3654 1357 3704 τὸ
1385 3652 1787 3722 λελογισμένον,
1824 3654 1857 3722 ἢ

287 3744 480 3816 ἕτερόν
509 3763 559 3798 τι
599 3747 712 3816 ἔχει
759 3747 1088 3819 ἐπιλήψιμον
1128 3747 1189 3800 τὸ
1214 3747 1510 3816 δικαίωμα,
1534 3747 1684 3798 οὐδέν
1705 3765 1754 3798 τι
1784 3749 1848 3798 ἐκ
1875 3734 1878 3737 ’

288 3840 485 3893 τούτου
527 3839 853 3909 βλαϐήσεται
879 3841 944 3892 τε
979 3843 1339 3910 μοναστήρια.

366 3932 434 3984 Τί
467 3931 522 3984 δὲ
547 3933 654 4002 χρὴ
683 3933 750 3986 τὰ
796 3931 970 3985 πολλὰ
1018 3930 1366 3999 καταλέγειν,
1401 3930 1498 3983 καὶ
1532 3929 1865 4000 ἀπαριθμεῖ-

293 4024 426 4077 σθαι
460 4024 553 4076 καὶ
585 4024 745 4094 χάριν
772 4021 1225 4094 παραδείγματος
1258 4021 1719 4092 ἀπογράφεσθαι;
1767 4021 1868 4089 τὴν

295 4117 632 4185 πολυλογίαν
676 4118 709 4186 ἡ
749 4114 996 4186 βασιλεία
1031 4132 1133 4185 μου
1169 4115 1612 4184 παρατρέχουσα,
1652 4115 1740 4168 ἵνα
1791 4115 1866 4185 μή

289 4225 382 4270 τις
409 4207 516 4260 τῶν
551 4210 706 4277 παρὰ
732 4207 907 4260 ταῦτα
938 4206 1130 4259 δεινῶν
1179 4224 1342 4260 τινων
1383 4207 1481 4276 μὲν
1528 4206 1873 4276 ἐκφωνηθέν-

289 4319 406 4353 των
439 4303 502 4353 ἐκ
533 4303 640 4354 τῶν
667 4302 734 4354 τα
771 4301 1005 4370 ἀκίνητα
1033 4300 1434 4351 κατασειόντων
1463 4298 1674 4364 αἰτίων,
1702 4299 1869 4351 τινών

1975 3202 2158 3246 autem
2186 3195 2456 3248 recenseri
2477 3195 2630 3264 jussa
2655 3205 2805 3261 sunt,
2841 3196 2925 3250 vel
2965 3197 3240 3268 amputari
3293 3196 3541 3266 quaedam

1977 3286 2204 3351 tributa,
2252 3287 2337 3340 vel
2387 3303 2568 3357 pacta,
2623 3290 2704 3342 vel
2762 3288 2989 3353 militite,
3048 3294 3130 3344 vel
3185 3291 3422 3358 publica,
3458 3289 3544 3344 vel

1977 3378 2236 3444 libelliea,
2283 3380 2364 3434 vel
2413 3381 2621 3448 aliquid
2668 3380 2843 3446 aliud,
2882 3381 3027 3450 quod
3064 3381 3130 3434 ad
3187 3381 3376 3434 [iscum
3417 3396 3544 3450 per-

1975 3471 2132 3536 tinet,
2165 3482 2218 3526 et
2251 3487 2358 3527 non
2397 3472 2598 3527 factum
2635 3485 2718 3530 est
2759 3475 2905 3546 quod
2952 3474 3344 3531 recensendum
3399 3487 3542 3541 erat,

1974 3563 2058 3616 vel
2087 3563 2305 3634 aliquod
2342 3566 2488 3620 aliud
2521 3569 2682 3622 habet
2714 3569 2827 3639 jus.
2869 3569 3014 3636 quod
3053 3567 3374 3639 reprehendi
3412 3583 3545 3638 pos-

1974 3656 2084 3724 sit;
2121 3659 2456 3714 tuonasteria
2487 3675 2548 3714 ex
2575 3676 2640 3716 eo
2675 3663 2810 3717 nihil
2837 3662 3124 3719 ltedentur.

2039 3931 2177 3999 Quid
2209 3942 2390 3988 autem
2425 3950 2563 4003 opus
2592 3944 2678 3989 est
2707 3921 2877 3990 multa
2910 3935 3092 3990 dicere
3135 3945 3189 3991 et
3220 3951 3546 3995 enumerare

1968 4030 2022 4077 et
2055 4024 2287 4094 exempli
2331 4026 2503 4095 gratia
2535 4025 2767 4081 aﬂ'erre?
2801 4028 2976 4081 misso
3019 4043 3049 4081 a
3081 4029 3369 4098 majestate
3423 4047 3544 4087 mea

1973 4116 2339 4186 mttltiloquio,
2377 4133 2445 4172 ue
2471 4123 2593 4188 quis
2634 4119 2691 4174 in
2726 4119 2995 4190 ejusmodi
3028 4121 3191 4175 rebus
3215 4122 3446 4178 callidus
3489 4133 3546 4179 et

1975 4208 2150 4274 vafer,
2183 4211 2462 4265 nonnullis
2512 4212 2732 4280 quidem
2791 4211 2973 4278 dictis,
3007 4228 3074 4266 ex
3113 4212 3177 4266 iis
3204 4216 3387 4269 causis
3423 4232 3547 4286 qua:

1980 4303 2284 4356 immobilia
2321 4305 2662 4366 concutiunt,
2690 4303 2814 4358 aliis
2832 4317 2962 4356 vero
2989 4303 3204 4358 silentio
3235 4308 3543 4374 praeteritis,

288 4394 354 4446 δὲ
389 4393 956 4463 παρασιωπηθέντων,
1005 4393 1383 4463 ὲπιδράττοιτο
1437 4392 1544 4444 τῶν
1579 4393 1864 4463 ῥημάτων,

1977 4397 2146 4451 verba
2178 4397 2425 4468 arripiat,
2450 4404 2503 4450 et
2534 4412 2684 4451 more
2719 4395 2949 4452 Judaico
2990 4399 3182 4452 littera:
3217 4399 3454 4463 insistat,
3488 4412 3545 4456 et

291 4489 391 4537 καὶ
422 4487 563 4540 κατὰ
601 4485 897 4549 Ἰουδαίους
924 4485 1000 4557 τῷ
1046 4487 1337 4557 γράμματι
1369 4487 1725 4557 ὲπικάθηται,
1775 4491 1868 4540 καὶ

294 4581 562 4650 ἐπιχειρῇ
618 4579 711 4630 ἐπὶ
766 4582 879 4640 τοῖς
933 4580 1008 4649 μὴ
1032 4576 1422 4651 ιὲκτωνηθείσι
1472 4581 1730 4635 διασείειν
1777 4582 1870 4634 καὶ

297 4671 659 4742 παρενοχλεῖν
685 4673 806 4735 ταῖς
839 4674 1053 4742 μοναῖς;
1078 4671 1352 4742 καθολικῷ
1385 4672 1527 4744 λόγῳ
1580 4677 1674 4727 καὶ
1738 4691 1872 4743 προ-

291 4766 504 4834 εκτικῷ
525 4765 684 4818 τοῦτο
710 4767 743 4830 ἡ
777 4765 1022 4836 βασιλεία
1065 4779 1168 4834 μου
1205 4764 1473 4834 βούλεται,
1506 4767 1600 4820 καὶ
1642 4765 1872 4836 διορίζε-

287 4875 413 4927 ται,
447 4860 538 4912 καὶ
573 4858 648 4922 ὡς
678 4860 746 4912 ἂν
795 4861 902 4913 πᾶν
936 4860 1072 4931 ὅπερ
1117 4859 1210 4912 ἐπὶ
1257 4863 1368 4922 τοῖς
1425 4847 1668 4929 σήμερον
1717 4859 1869 4930 παρὰ

286 4952 407 5006 τῶν
455 4953 835 5023 μοναστηρίων
879 4952 1268 5023 κατεχομένοις
1318 4952 1350 5021 ἧ
1389 4953 1475 5004 ἐπ’
1524 4953 1716 5014 αὑταῖς
1747 4956 1867 5016 ταῖς

290 5044 592 5116 καθέδραις
622 5047 736 5098 τῶν
778 5047 1163 5116 μοναστηρίων
1191 5045 1355 5116 νοηθῇ
1383 5045 1523 5116 ὑπὲρ
1551 5043 1643 5097 τοῦ
1699 5044 1868 5115 δημο-

293 5139 443 5203 σίου,
474 5141 625 5209 παρὰ
648 5155 788 5200 τινος
816 5139 848 5208 ἢ
882 5138 976 5191 νῦν
1003 5137 1033 5208 ῆ
1059 5137 1350 5206 ὀτεδήποτε
1377 5137 1508 5190 αὐτὸ
1532 5136 1686 5189 τοῦτο
1708 5137 1870 5190 δεδω-

295 5232 540 5301 ρημένον
571 5231 887 5298 λογίζεσθαι
929 5232 995 5300 τῇ
1047 5235 1206 5300 μονῇ.
1259 5229 1364 5281 Καὶ
1401 5228 1518 5298 ἅμα
1571 5247 1657 5292 τις
1712 5230 1880 5284 τοῦτο

290 5324 655 5393 διανοήσεται
703 5326 797 5376 καὶ
832 5324 1150 5394 φθέγξεται,
1187 5324 1281 5376 καὶ
1318 5322 1483 5386 εὐθὺς
1512 5323 1869 5393 ἀντιλήψεται

296 5415 470 5468 αὑτοῦ
498 5417 531 5486 ἡ
567 5414 727 5485 μονὴ,
754 5418 829 5478 ὼς
857 5417 1099 5486 σήμερον
1120 5415 1497 5486 δεδωρημένου
1522 5415 1694 5486 ταύτῃ
1721 5416 1870 5484 παρᾶ

293 5511 398 5580 τῆς
440 5510 717 5580 βασιλείας
758 5527 884 5580 μου.
936 5509 1102 5563 Ὅσον
1150 5510 1259 5579 γὰρ
1309 5510 1395 5578 ἐφ’
1445 5503 1526 5571 οἷς
1575 5511 1867 5578 κατέχουσι

302 5601 401 5654 νῦν
429 5604 737 5671 ἀκινήτοις,
773 5603 901 5672 περὶ
927 5595 1003 5655 ὧν
1025 5603 1165 5672 ὑπὲρ
1191 5602 1284 5655 τοῦ
1307 5602 1570 5672 δημοσίου
1596 5603 1694 5654 οὐκ
1742 5602 1863 5654 ἕλα-

293 5695 390 5747 6ον
414 5695 484 5748 τὰ
517 5697 902 5765 προγραφέντα
941 5699 1302 5766 μοναστήρια,
1332 5695 1590 5764 δημόσιον
1617 5694 1864 5764 βούλεται

291 5789 334 5858 ἠ
375 5786 626 5859 βασιλεία
661 5805 768 5859 ,μου
793 5789 1101 5857 λογίζεσθαι
1125 5790 1182 5841 ἓν
1208 5791 1441 5842 ’ἑκαστον
1467 5787 1672 5843 τούτων
1717 5794 1860 5842 κατα

546 5886 811 5946 ΡΑΤιιοι.
844 5888 959 5948 GR.
999 5883 1342 5946 CXXXVI].

1974 4499 2201 4544 conetur
2235 4491 2288 4544 in
2335 4489 2426 4552 iis,
2476 4505 2601 4558 qua:
2652 4490 2800 4543 dicta
2862 4505 2968 4543 non
3025 4500 3155 4546 sunt
3209 4495 3543 4547 monasteria

1973 4583 2182 4652 agitare
2214 4592 2268 4637 et
2319 4598 2534 4646 vexare,
2579 4583 2848 4637 sententia
2882 4583 3124 4653 generali
3172 4594 3224 4638 et
3275 4585 3545 4640 munifera

1973 4677 2092 4729 vult
2123 4691 2242 4731 mea
2283 4677 2540 4746 majestas
2567 4687 2620 4729 et
2648 4676 2916 4740 decernit,
2952 4687 3009 4731 ut
3033 4692 3196 4731 omne
3224 4677 3277 4731 in
3308 4679 3396 4744 iis,
3423 4695 3546 4749 qua:

1969 4765 2136 4824 hodie
2172 4784 2201 4822 a
2236 4770 2587 4823 monasteriis
2621 4769 2998 4839 possidentur,
3027 4771 3108 4823 vel
3148 4770 3201 4823 in
3251 4770 3388 4841 ipsis
3413 4783 3545 4826 sunt

1975 4863 2437 4917 monasteriorum
2505 4864 2807 4927 cathedris,
2847 4879 2970 4919 esse
3007 4864 3286 4934 publicum
3331 4867 3543 4936 cogita-

1973 4962 2087 5006 tum
2124 4939 2306 5020 fuerit,
2342 4954 2576 5025 idipsum
2616 4956 2683 5008 ab
2711 4956 2918 5024 aliquo,
2947 4956 3031 5010 vel
3059 4972 3203 5010 nunc
3239 4956 3320 5010 vel
3366 4971 3544 5026 quan-

1973 5047 2284 5117 docunque,
2343 5035 2670 5102 monasterio
2725 5047 2911 5101 datum
2954 5064 3078 5103 esse
3129 5056 3432 5118 reputetnr.
3481 5047 3542 5101 Et

1974 5141 2135 5196 simul
2163 5158 2226 5196 ac
2256 5143 2359 5198 hoc
2385 5144 2639 5213 cegitarit
2671 5141 2948 5212 quispiam
2991 5159 3054 5196 ac
3088 5141 3305 5206 dixerit,
3331 5141 3380 5194 id
3404 5156 3543 5213 quo_-

1973 5250 2079 5304 que
2114 5237 2298 5290 statim
2346 5237 2703 5307 apprehendit
2745 5235 3159 5298 Inonasterium,
3209 5244 3270 5288 ut
3320 5235 3479 5289 hodie
3510 5250 3541 5287 a

1975 5344 2094 5383 mea
2129 5328 2274 5398 regia
2305 5329 2645 5382 sublimitate
2672 5329 2962 5382 donatura.
2996 5327 3152 5391 Quod
3194 5325 3339 5380 enim
3381 5325 3446 5378 ad
3478 5343 3540 5380 ca

1974 5420 2193 5483 attinet,
2227 5435 2346 5488 qua-
2374 5434 2517 5473 nnuc
2541 5419 2841 5489 possident,
2871 5418 3194 5480 immobilia,
3232 5417 3298 5470 dc
3338 5416 3541 5486 quibus

1971 5527 2071 5581 pro
2130 5513 2348 5580 publico
2401 5512 2730 5566 documenta
2791 5527 2896 5564 non
2958 5519 3289 5580 acceperunt
3337 5524 3544 5562 mona-

1974 5605 2177 5670 steria;
2238 5620 2355 5657 mea
2392 5605 2650 5672 majestas
2700 5605 2817 5657 vult
2876 5604 3299 5672 unumquodque
3346 5618 3538 5658 eorum

1959 5700 2254 5768 publicum
2315 5699 2645 5762 existimari,
2707 5707 2762 5753 et
2832 5707 3151 5770 perpetuam
3226 5698 3538 5751 ﬁrmitatem

1971 5789 2241 5855 obtinere,
2269 5796 2322 5844 et
2355 5805 2384 5842 a
2420 5789 2570 5844 nullo
2603 5789 2669 5844 de
2697 5805 2758 5846 ea
2797 5805 2854 5845 re
2899 5790 3210 5859 disceptari.
3240 5788 3304 5843 Et
3349 5801 3544 5857 quem-

3101 5881 3176 5942 30
