4074 6214
442 279 548 340 93'.)

1687 265 1789 325 ΤΙΙ
1799 264 1964 323 E01).
2008 263 2096 319 BA
2107 260 2403 321 LSAMON

3586 258 3695 319 illi.)

444 389 736 446 admodum
787 387 1002 454 publico
1042 385 1191 439 nulla
1253 400 1279 435 a
1304 399 1361 438 se
1394 383 1642 437 molestia
1672 383 2019 452 negotiumve

2132 380 2288 445 μόνον
2318 378 2380 429 τὸ
2410 376 2555 446 ἔχειν
2582 376 2641 426 τὸ
2671 372 3033 433 ἀδιάσειστον,
3064 371 3157 423 καὶ
3206 368 3282 441 μὴ
3335 368 3426 421 ὑπ’
3477 354 3695 433 οὐδενὸς

443 485 769 544 exhibetur;
828 483 908 534 sic
941 490 1045 532 nec
1085 477 1233 530 aedes
1292 490 1485 540 sacrae,
1536 477 1653 529 sive
1712 475 2018 528 anachore-

446 588 625 630 tarum
675 573 903 633 cellula),
944 583 1045 622 nec
1108 568 1467 628 monaswria,
1526 581 1630 619 nec
1691 565 1893 633 aliqua,
1951 564 2019 617 ab

448 670 559 723 ullo
579 665 791 736 .publici
830 660 1300 715 curatorelitibus
1329 658 1687 727 agitabuntur
1735 657 1851 710 sive
1895 657 2019 725 quis

447 760 783 830 probabilem
833 758 948 809 sive
984 768 1091 807 non
1144 751 1479 820 probabilem
1532 764 1754 802 causam
1808 747 2016 813 aﬁerat,

446 856 561 908 sive
591 846 1124 920 cujusmodicunque
1154 844 1225 898 sit
1252 843 1396 914 quod
1435 842 1710 910 loquetur.
1750 840 2017 909 Quisquis

446 948 590 1001 cnim
624 945 727 997 hoc
750 942 929 995 facere
949 953 1242 1009 aggressus
1270 937 1453 999 fuerit,
1489 935 1725 987 invalida
1747 943 1801 987 et
1827 948 2016 987 revera

445 1040 661 1093 iniit-ua
694 1035 876 1088 dicere
912 1031 1280 1089 videbitur,et
1317 1028 1453 1081 citra
1488 1026 1656 1078 ullam
1699 1025 2016 1079 misericor-

444 1130 588 1185 diam
624 1127 742 1195 ejus
763 1122 1051 1177 facultates
1068 1122 1201 1174 ﬁsco
1221 1118 1691 1173 consecrabantur
1735 1119 1884 1186 isque
1904 1129 2021 1168 om-

448 1223 578 1275 nino
598 1216 819 1272 intamis
845 1228 1059 1281 semper
1078 1211 1217 1264 erit:
1245 1209 1539 1277 utpotequi
1575 1207 1892 1277 imperatori
1926 1204 2021 1257 ad-

443 1312 602 1383 307
642 1317 911 1368 versetur,
956 1306 1048 1373 qui
1087 1309 1171 1373 pie
1204 1320 1267 1355 ac
1303 1302 1550 1371 religiose
1596 1315 1808 1352 onmem
1852 1298 2021 1351 mole-

446 1407 608 1458 stiam
644 1409 698 1453 et
727 1398 1061 1453 vexationem
1091 1411 1118 1447 a
1153 1392 1524 1454 monasteriis,
1564 1392 1617 1444 in
1649 1392 1716 1445 iis
1739 1406 1858 1458 qua:
1890 1389 2019 1457 ipsis

448 1498 573 1552 data
605 1502 752 1551 sunt.
791 1508 883 1561 per
909 1496 1229 1557 prmscutem
1254 1486 1489 1538 Auream
1523 1482 1727 1536 Bullam
1749 1489 2017 1540 amoveat,

446 1600 498 1643 et
533 1601 626 1657 per
668 1600 837 1653 ipsam
881 1583 1136 1649 exiguum
1171 1576 1390 1646 aliquod
1417 1575 1618 1628 donum
1656 1573 1761 1628 Deo
1793 1571 2018 1631 offerat,

450 1696 547 1748 pio
584 1672 1069 1730 innumerabilibus
1095 1666 1375 1722 beneﬁciis
1406 1683 1526 1737 qua:
1556 1681 1585 1719 a
1618 1665 1871 1719 muniﬁca
1901 1662 2019 1732 ejus

2124 468 2550 540 ἀνακρίνεσίὶαι⁸
2577 465 2674 520 καὶ
2700 465 2759 519 ὃν
2798 464 3003 536 τρόπον
3049 463 3077 513 ὁ
3126 463 3383 533 δημόσιος
3427 462 3489 513 οὑ
3522 463 3699 513 πολυ-

2123 563 2525 632 πραγμονεῖται
2577 557 2669 631 ὑφ’
2723 556 2942 623 ἑαυτοῦ,
2970 555 3146 618 οὑτως
3176 554 3296 607 οὐδὲ
3330 556 3395 607 τὰ
3453 554 3574 623 ἱερά
3608 570 3701 605 σε·

2138 658 2297 725 μνεῖα
2340 656 2374 725 ἢ
2432 654 2835 725 ήσυχαστήρια,
2885 647 3227 719 μοναστήριά
3270 664 3329 699 τε
3382 647 3476 698 καὶ
3525 645 3699 697 λοιπὰ

2122 749 2225 799 ὑπό
2249 764 2395 811 τινος
2447 747 2557 799 τῶν
2580 745 2677 797 τοῦ
2722 743 2985 814 δημοσίου
3024 738 3359 813 φροντιστῶν
3392 737 3702 807 ἁνακριθή-

2124 856 2310 893 σεται’
2344 839 2447 893 κᾶν
2478 856 2531 891 τι
2566 837 2789 904 εὔλογον
2812 832 3231 900 δικαιολογείτιί
3276 849 3382 894 τις,
3437 831 3542 883 κάν
3592 849 3705 882 πα-

2125 931 2377 1001 ράλογον,
2406 930 2507 983 κᾶν
2536 931 2719 982 ὁποῖον
2754 928 2817 980 ἀν
2854 929 2938 997 εἴη
2967 926 3027 979 τὸ
3058 924 3520 995 λαληθησόμενον.
3577 922 3701 983 Πᾶς

2121 1025 2232 1093 γὰρ
2278 1023 2307 1073 ὁ
2351 1020 2594 1073 τοιοῦτόν
2633 1037 2686 1071 τι
2732 1019 3105 1089 ἐπιχειρήσων
3146 1015 3371 1082 ποιῆσαι
3421 1012 3701 1084 ἀνίσχυρα

2120 1114 2263 1178 δόξει
2288 1114 2462 1181 λέγων
2497 1110 2702 1180 καὶτῷ
2746 1110 2861 1163 ὄντι
2911 1109 3170 1172 ἀϐέὸαια,
3215 1107 3308 1160 καὶ
3353 1105 3701 1175 ἀσυμπαθῶς

2121 1211 2154 1279 ἡ
2184 1206 2377 1260 τούτου
2429 1207 2715 1277 περιουσία
2767 1203 2845 1272 τῷ
2906 1202 3152 1272 δημοσίῳ
3200 1199 3700 1266 καθοσιωθήσεται,

2123 1301 2219 1353 καὶ
2245 1299 2408 1362 αὐτὸς
2450 1298 2639 1368 ἄτιμος
2670 1298 2878 1349 ὲσεῖται
2924 1296 3292 1357 παντάπασιν,
3342 1291 3418 1354 ὡς
3478 1290 3705 1343 ἀντιπί-

2124 1409 2278 1444 πτων
2336 1390 2546 1457 βασιλεί
2576 1388 2815 1450 εὐσεϐῶς
2850 1404 2909 1439 τε
2954 1386 3046 1438 καὶ
3094 1384 3361 1453 φιλοϐἐως
3404 1383 3465 1435 τὸ
3505 1382 3704 1435 ἀνενό-

2124 1487 2321 1556 χλητον
2375 1486 2495 1547 ταῖς
2530 1485 2716 1553 μοναῑς
2758 1477 3214 1551 ἀποχαριζομένῳ
3257 1478 3348 1529 ἐπὶ
3391 1478 3505 1538 τοῖς
3546 1474 3710 1527 δεδω-

2126 1580 2389 1649 ρημὲνοίς
2429 1579 2620 1640 abut;
2660 1577 2745 1629 διὰ
2790 1575 2883 1628 τοῦ
2942 1575 3205 1645 παρόντος
3279 1570 3694 1644 χρυσοϐοὑλλου

2124 1674 2303 1738 λόγου,
2340 1670 2435 1721 καὶ
2458 1668 2525 1721 δι’
2572 1668 2738 1721 αὑτοῦ
2786 1667 2963 1738 βραχὺ
3013 1684 3068 1719 τι
3119 1665 3293 1734 δῶρον
3360 1663 3707 1735 προσάγοντι

449 1775 641 1824 dextra
669 1767 896 1835 accepit.
930 1765 1046 1817 Non
1083 1762 1265 1817 licebit
1300 1776 1461 1830 ergo,
1499 1774 1595 1813 nec
1644 1757 1845 1827 publici
1882 1774 2010 1809 cen-

2132 1766 2203 1836 τῷ
2224 1764 2365 1833 θεῷ,
2397 1758 2594 1815 ἀνθ’ὦν
2630 1762 2842 1832 μυρίων
2861 1758 3191 1830 εὐεργεσιῶν
3221 1757 3374 1828 παρὰ
3404 1756 3505 1826 τῆς
3534 1756 3709 1808 πλου-

448 1879 543 1917 sus
582 1857 936 1926 descriptari,
970 1870 1070 1909 nec
1101 1857 1149 1908 ei
1180 1856 1271 1923 qui
1319 1853 1493 1906 cuivis
1537 1858 1748 1904 secreto
1796 1858 2012 1919 praeest,

448 1952 915 2022 vcl'exa-quatori,
945 1950 1024 2002 vel
1057 1950 1219 2001 alicui
1251 1946 1341 1999 alii
1374 1959 1640 2014 personae,
1674 1957 1797 2013 qua:
1833 1941 2017 2011 publi-

446 2066 569 2103 cum
601 2052 838 2109 exercet,
866 2042 1322 2097 monasteriorum
1358 2036 1658 2092 immobilia
1682 2033 2016 2097 describere,

450 2136 531 2194 vel
570 2136 722 2192 focos
751 2147 1002 2195 censere,
1037 2129 1121 2183 vel
1150 2128 1427 2198 inquirere
1459 2133 1695 2193 quantus
1730 2125 1800 2177 sit
1829 2138 2017 2177 eorum

452 2234 676 2298 l'undus,
709 2231 792 2283 vel
841 2228 1158 2281 colonorum
1209 2236 1491 2286 numerus,
1545 2219 1628 2273 vel
1668 2217 1812 2288 quod
1862 2228 2019 2269 terra:

450 2325 682 2393 amplius
732 2319 1064 2391 possidetur,
1096 2314 1179 2368 vel
1215 2329 1321 2367 non
1366 2312 1510 2381 justo
1562 2311 1736 2379 pretio
1777 2316 2017 2376 emptum

446 2426 531 2472 est
561 2424 650 2467 aut
678 2412 879 2480 injuste
906 2408 1200 2469 detinetur,
1220 2402 1554 2458 examinare.
1582 2399 1684 2452 Sed
1714 2399 1839 2467 quia
1861 2396 2017 2464 jussu

449 2529 570 2568 meo
611 2505 879 2578 imperiali
916 2512 1037 2557 acta
1072 2499 1315 2554 facienda
1363 2505 1510 2561 sont,
1547 2510 1734 2549 eorum
1778 2491 2017 2553 nomine,

448 2620 567 2676 qua:
601 2601 760 2658 hodie
782 2614 809 2651 a
837 2592 1185 2650 monasteriis
1221 2590 1551 2653 detinentur,
1581 2584 1941 2640 immobilium
1967 2571 2021 2637 et

448 2702 792 2758 colonorum,
830 2700 961 2744 tttnc
1008 2686 1228 2739 deiiium
1276 2684 1422 2753 juste
1476 2677 1866 2734 monasterium
1902 2691 2021 2729 ino-

452 2789 608 2844 lcstia
639 2784 923 2842 allicietur,
959 2787 1007 2832 et
1036 2779 1180 2847 quod
1217 2776 1423 2844 injuste
1453 2774 1656 2825 detinet
1682 2770 1749 2824 ab
1776 2784 1840 2823 eo
1869 2767 2023 2822 aufe-

453 2888 625 2944 retur,
656 2872 875 2945 quando
917 2869 1117 2940 publici
1150 2880 1348 2921 census
1375 2861 1698 2932 idescriptor
1736 2859 1976 2915 ostendit
2003 2899 2019 2924 ,

450 2950 597 3045 quod
630 2972 770 3024 ultra
800 2963 1175 3019 deﬁnitionem
1206 2969 1258 3013 et
1286 2957 1673 3012 monasterium
1698 2954 1898 3011 .locum
1931 2966 2025 3006 oc-

451 3073 638 3135 cupat,
664 3060 744 3113 vel
772 3058 1019 3118 colonos,
1044 3054 1126 3133 vel
1158 3051 1264 3104 ulla
1291 3049 1418 3101 alia.
1439 3046 1549 3101 Nec
1571 3046 1717 3099 enim
1748 3044 2017 3098 lieentiam

458 3128 731 3209 habebunt
783 3128 1113 3203 monasteria
1146 3144 1375 3213 augendi
1419 3148 1472 3195 et
1504 3138 1875 3209 ampliﬁcandi
1919 3152 2022 3202 ea,

454 3264 573 3316 qua:
604 3247 670 3299 ab
701 3243 835 3313 ipsis
872 3241 1032 3293 hodie
1080 3236 1432 3307 possidentur
1460 3273 1474 3299 ,
1513 3234 1628 3286 sive
1661 3228 1839 3285 coloni
1872 3231 1983 3284 sint
2010 3267 2025 3291 ,

454 3336 571 3392 sive
624 3338 752 3401 loci,
791 3338 907 3389 sive
955 3331 1158 3401 praedia
1212 3328 1438 3381 rustica.
1498 3323 1883 3381 Verumtamen
1935 3337 2028 3389 per

454 3428 724 3501 ejusmodi
762 3425 1107 3481 occasionem
1149 3436 1257 3475 non
1290 3418 1476 3474 licebit
1506 3417 1770 3479 exactori,
1804 3427 1894 3469 aut
1929 3414 2028 3468 de-

457 3520 717 3591 se'riptori
752 3518 842 3572 ulli
876 3516 1169 3570 fumarium
1206 3511 1291 3566 vel
1343 3508 1676 3564 mensorium
1704 3550 1719 3574 ,
1759 3517 1850 3561 aut
1882 3505 2025 3559 aliud

458 3606 749 3686 quodpiam
786 3610 1033 3679 vectigal,
1078 3607 1223 3677 quod
1272 3604 1339 3658 ad
1384 3604 1556 3672 ipsius
1593 3602 1825 3655 olliciuin
1860 3600 2030 3667 perti-

458 3717 604 3771 neat,
635 3706 880 3774 recipere
906 3706 974 3755 ab
1003 3699 1394 3760 immobilibus,
1436 3710 1556 3765 qua:
1586 3708 1756 3763 supra
1808 3693 2027 3761 scriptis

466 3800 755 3869 subjacent
784 3794 1153 3850 monasteriis.
1184 3792 1284 3855 Qui
1321 3791 1470 3843 enim
1495 3795 1684 3840 contra
1718 3800 1883 3839 ausus
1916 3786 2032 3837 fue-

462 3896 549 3959 rit,
584 3894 720 3947 sciat
747 3904 805 3944 se
846 3904 952 3940 non
984 3893 1194 3937 tantum
1228 3881 1276 3934 id
1305 3879 1451 3950 quod
1483 3881 1665 3944 exegit
1694 3875 2028 3944 multiplica-

461 3996 572 4036 tum
614 3979 1014 4039 restituturum,
1043 3971 1138 4028 sed
1168 3979 1226 4024 ct
1257 3968 1503 4021 omnium
1542 3969 1809 4019 bonorum
1846 3961 2025 4031 publi-

462 4077 665 4130 cationi
707 4088 831 4124 cum
867 4070 1094 4123 inlamia
1128 4076 1181 4117 et
1209 4062 1447 4115 civilium
1488 4072 1772 4111 munerum
1804 4056 2027 4122 incapa-

458 4171 622 4223 t'itate
663 4164 967 4231 subjectum
1010 4161 1097 4212 iri.
1131 4157 1224 4210 Sic
1253 4155 1397 4209 cnim
1450 4151 1564 4204 vult
1600 4165 1716 4203 mea
1751 4157 2028 4212 majestas,

459 4280 571 4333 jam
603 4258 1074 4313 manifestatorum
1106 4250 1563 4304 monasteriorum
1589 4240 1887 4297 immobilia
1918 4254 2035 4292 om-

467 4356 556 4409 nia
598 4352 784 4406 haberi
818 4350 885 4402 ab
922 4359 1253 4414 unoquoque
1277 4350 1552 4401 exactore,
1573 4334 1728 4404 quasi
1761 4348 1869 4385 non
1903 4328 2035 4384 sub-

464 4450 576 4504 sint
610 4448 781 4514 ipsms
816 4441 991 4496 oilicio
1026 4438 1113 4492 vel
1166 4435 1444 4508 potestati.
1483 4430 1545 4484 Et
1574 4425 2029 4499 quemadmodum
2061 4468 2112 4527 Β

459 4550 745 4595 exactores
768 4538 817 4588 in
852 4549 957 4587 non
991 4527 1254 4598 subjectis
1278 4525 1381 4581 sibi
1416 4521 1707 4593 provinelis
1740 4519 1872 4572 nihil
1895 4517 2032 4587 juris

463 4632 685 4694 habent,
714 4639 771 4681 ut
800 4628 853 4681 in
890 4627 956 4679 iis
987 4631 1150 4693 agant
1189 4619 1649 4673 administrcntve
1678 4611 1980 4683 quidquam
2013 4624 2027 4658 :

462 4727 544 4782 sic
586 4738 683 4777 nec
714 4723 769 4775 in
800 4715 1175 4773 immobilibus
1227 4712 1692 4766 monasteriorum
1748 4713 2035 4761 exactores

468 4818 895 4888 provmciarum,
953 4808 1155 4879 quibus
1229 4820 1307 4859 cae
1362 4804 1617 4866 subsunt,
1666 4800 2038 4853 censebantur

465 4918 774 4966 exactores.
812 4904 945 4969 Quae
982 4901 1147 4969 igitur
1200 4896 1330 4950 ﬁent
1371 4906 1491 4949 acta
1522 4902 1576 4948 et
1612 4893 1799 4945 ﬁnium
1832 4888 2037 4945 descri-

474 5018 687 5075 ptiones
712 5002 778 5054 ab
804 5001 905 5061 cis,
948 5010 1085 5065 quos
1122 4991 1378 5060 majestas
1415 4986 1770 5044 destinaverit
1816 4986 1880 5038 ad
1910 4998 2037 5053 pru-

471 5101 736 5151 hatioiiem
774 5106 963 5147 eorum
989 5128 1005 5152 ,
1040 5100 1160 5156 qua:
1194 5102 1221 5137 a
1259 5081 1609 5137 monasteriis
1655 5080 1811 5132 hodie
1862 5077 2038 5144 possi-

466 5194 684 5250 dentur,
743 5181 1183 5251 competentibus
1234 5175 1463 5228 sccretis
1512 5179 1729 5241 propter
1786 5169 2031 5221 uetitiam

468 5279 914 5333 iiisiuuabnntur.
948 5273 1102 5325 Scire
1131 5280 1364 5334 namque
1410 5264 1607 5316 debent
1638 5261 1818 5313 omnia
1852 5273 2038 5310 mona-

467 5371 655 5433 steria,
699 5368 743 5421 si
778 5364 925 5436 quod
952 5381 1016 5417 ex
1050 5364 1117 5416 iis
1162 5358 1563 5428 deprehensum
1597 5360 1757 5408 luerit
1787 5356 2033 5407 fraudem

473 5463 706 5528 aliquam
742 5469 823 5511 vel
858 5457 1218 5511 collusionem
1255 5451 1337 5507 vel
1366 5450 1548 5506 dolum
1581 5451 1633 5501 in
1666 5446 2037 5501 immobilibus

470 5568 589 5620 qua:
622 5552 781 5604 hodie
811 5555 875 5603 ab
903 5552 1035 5618 ipsis
1066 5549 1411 5618 possidentur
1442 5545 1636 5601 fecisse
1671 5560 1683 5596 :
1717 5559 1822 5597 non
1858 5543 2036 5597 solum

474 5643 608 5696 nihil
646 5644 890 5696 utilitatis
924 5657 991 5694 ex
1033 5642 1135 5693 hac
1171 5655 1302 5695 mea:
1342 5639 1644 5708 majestatis
1670 5637 1851 5691 Aurea
1883 5634 2035 5689 Bulla

472 5738 936 5799 consecuturum;
971 5734 1066 5787 sed
1105 5733 1267 5785 etiam
1305 5748 1559 5788 casurum
1602 5735 1723 5801 jure
1756 5730 2031 5804 prtedictis

2126 1858 2451 1928 σιοπαρόχου
2474 1853 2651 1919 δεξιᾶς
2676 1853 2840 1911 αὑτοῦ
2861 1852 3315 1923 παραπήλαυσεν.
3342 1849 3457 1901 Οὑκ
3485 1847 3710 1911 ἐξέσται

2123 1949 2217 2007 οὖν
2289 1953 2617 2023 ἀναγραφεί,
2712 1947 2847 2000 οὑτε
2920 1946 3327 2017 προκαθημένῳ
3374 1943 3711 2013 οἱουδήτινος

2128 2046 2384 2116 σεκρέτου
2412 2046 2443 2115 ἦ
2469 2042 2725 2113 ἐξισωτῇ,
2767 2043 2800 2111 ἢ
2845 2039 3160 2111 ἐνεργοῦν-ει
3193 2038 3366 2108 ἑτέρῳ
3403 2035 3513 2089 τινί
3534 2050 3714 2104 προσ-

2124 2139 2257 2207 ώπῳ
2282 2136 2375 2189 τοῦ
2407 2136 2689 2205 δημοσίου,
2731 2133 2799 2185 τά
2832 2135 2941 2184 τῶν
3007 2130 3389 2201 μοναστηρίων
3464 2126 3713 2194 ἀκίνητα

2125 2227 2564 2296 ἀναγράφεσθαι,
2627 2225 2659 2294 ἢ
2714 2222 3095 2289 καπνολογεῐν,
3180 2220 3213 2290 ἢ
3270 2217 3563 2286 ἀναζητεῖν
3608 2213 3711 2283 μέ-

2128 2339 2256 2391 τρον
2287 2321 2386 2389 γῆς
2415 2319 2450 2390 ἢ
2485 2319 2544 2371 τὺ
2576 2317 2908 2387 ὑπὲρπλεον,
2949 2316 2982 2385 ἢ
3024 2315 3085 2365 τὸ
3109 2313 3310 2375 ἀδίκως
3340 2308 3715 2378 κατεχόμενον

2128 2412 2407 2480 ἐξετάζειν
2444 2428 2459 2443 ·
2488 2411 2602 2464 ἀλλ’
2667 2410 2789 2463 ἐπεὶ
2814 2410 2878 2460 ἐκ
2910 2406 3264 2477 προστάξεως
3296 2403 3396 2473 τῆς
3430 2400 3717 2471 βασιλείας

2132 2524 2232 2577 μου
2261 2507 2515 2576 μέλλουσι
2554 2502 2810 2571 γενέσθαι
2838 2500 3116 2570 πρακτικὰ
3166 2496 3275 2549 τῶν
3310 2497 3552 2565 σήμερον
3580 2509 3719 2544 κατ-

2129 2597 2405 2666 εχομένων
2443 2594 2591 2647 παοά
2643 2592 2754 2645 τῶν
2796 2589 2974 2660 μονῶν
3013 2588 3286 2655 ἀκινήτων
3341 2585 3437 2637 καὶ
3509 2582 3716 2651 παροί-

2128 2707 2265 2753 κων,
2296 2688 2416 2739 τότε
2449 2686 2607 2755 μόνον
2650 2682 3015 2753 οχληΟήσεται
3056 2682 3087 2750 ἡ
3131 2678 3268 2748 μονὴ
3290 2677 3385 2729 καὶ
3418 2675 3479 2727 τὸ
3507 2674 3715 2735 ἀδίκως

2132 2780 2498 2850 κατεχόμενον
2528 2773 2982 2846 ἀφαιρεθήσεται,
3026 2775 3115 2825 ὅτε
3147 2773 3174 2823 ὁ
3221 2767 3574 2839 ἀναγραφεὺς
3602 2766 3716 2817 δει-

2133 2871 2309 2937 κνύει,
2334 2870 2408 2932 ὡς
2439 2868 2699 2920 ἐπέκεινα
2724 2864 2817 2917 τοῦ
2850 2868 3211 2935 περιορισμοῠ
3244 2862 3462 2930 κατέχει
3495 2861 3528 2928 ὴ
3574 2860 3716 2926 μονὴ

2131 2964 2295 3018 τοπία
2328 2964 2361 3033 ἢ
2396 2961 2697 3031 παροίκους
2737 2960 2771 3030 ἦ
2805 2959 2989 3029 ἕτερον
3024 2958 3252 3010 δίκαιον.
3290 2954 3429 3007 υὺδέ
3467 2953 3576 3021 γὰρ
3622 2950 3713 3001 ἐπ’

2135 3059 2314 3121 ἁδείλς
2363 3055 2576 3119 ἕξουσιν
2652 3054 2706 3105 αἱ
2756 3051 2917 3121 μοναὶ
2953 3048 3023 3101 τά
3073 3049 3313 3118 σήμερον
3374 3044 3505 3113 παρ’
3531 3041 3714 3095 αὑτῶν

2135 3150 2495 3219 κατεχόμενα,
2527 3144 2637 3196 εἴτε
2670 3144 2925 3211 πάροικοι
2955 3135 3086 3201 εἷεν,
3122 3138 3231 3190 εἴτε
3256 3136 3434 3197 τόποι,
3472 3132 3581 3185 εἴτε
3613 3134 3715 3184 αὑ-

2130 3242 2387 3310 τούργια,
2444 3237 2730 3302 ἐπαύξειν,
2763 3235 2855 3286 καὶ
2878 3236 2959 3296 εἰς
3014 3229 3337 3302 πληΘυσμὸν
3374 3229 3531 3295 ἄγειν
3561 3224 3717 3276 πλεί-

2130 3351 2247 3387 ονα.
2288 3331 2432 3398 Πλὴν
2471 3331 2537 3398 τῇ
2578 3325 2800 3395 τοιαύτῃ
2833 3320 3230 3392 προςνάσειοὺκ
3278 3315 3493 3382 ἐξέσται
3556 3314 3714 3383 πρά-

2132 3442 2289 3496 κτορι
2345 3424 2377 3493 ἢ
2432 3421 2742 3491 ἀναγραφεί
2796 3415 3073 3487 οἱῳδήτινι
3118 3413 3151 3484 ἢ
3207 3410 3494 3473 καπνικὸν,
3532 3406 3717 3477 ἣέτεο

2132 3519 2227 3586 ρόν
2284 3535 2339 3569 τι
2391 3508 2767 3584 ἀναγραφικὸν
2822 3509 2856 3579 ἦ
2927 3505 3301 3578 πρακτορικδν
3359 3501 3714 3585 φορολόγημα

2132 3612 2239 3666 ἀπὸ
2269 3612 2377 3663 τῶν
2410 3606 2787 3674 ὑποκειμένων
2814 3604 2934 3664 ταῖς
2956 3599 3316 3670 δηλωθείσαις
3356 3597 3548 3667 μοναίς
3587 3596 3716 3646 ἀκι-

2133 3706 2310 3773 νήτων
2352 3696 2858 3769 ἀναλαμϐάνεσθαι.
2886 3695 3105 3746 Εἰδέναι
3135 3691 3242 3762 γὰρ
3278 3689 3484 3759 ὀφείλει
3514 3684 3718 3739 ὁτοῦτο

2135 3798 2423 3866 τολμήσων
2451 3794 2525 3855 ὡς
2553 3793 2612 3844 οὑ
2650 3792 2810 3861 μόνον
2838 3789 2933 3841 ἐπὶ⁸
2958 3787 3018 3839 τὸ
3043 3780 3391 3838 πολλαπλοῦν
3420 3780 3715 3849 ἀντιστρέ-

2133 3892 2223 3960 ψει
2247 3891 2386 3957 ὅπερ
2424 3886 2485 3940 ἂν
2511 3883 2873 3952 ἀναλαόηται,
2904 3880 3040 3933 ἀλλὰ
3088 3880 3183 3932 καὶ
3230 3878 3413 3947 τελείᾳ
3451 3874 3712 3943 δημεύσει

2135 3980 2597 4050 ὑποϐλήθήσεται,
2625 3976 2719 4030 καὶ
2746 3976 2939 4044 ἄτιμος
3014 3973 3168 4025 ἐσται
3195 3975 3289 4023 καί
3340 3967 3712 4028 ἀπολίτευτος.

2137 4075 2294 4130 Οὕτω
2321 4074 2429 4143 γὰρ
2459 4071 2655 4139 θέλειή
2688 4068 2937 4137 βασιλεία
2975 4082 3076 4135 μου
3103 4072 3170 4116 τα
3204 4063 3312 4114 τὼν
3363 4059 3712 4129 δηλωθέντων

2142 4168 2319 4239 μονίὶρν
2356 4167 2590 4232 ἀκίνητα
2621 4163 2800 4214 πάντα
2820 4157 3136 4227 λογίζεσθαι
3192 4154 3281 4223 ὑφ’
3313 4154 3546 4206 ἑκάστου
3596 4151 3710 4202 τῶν

2140 4258 2490 4329 πρακτόρων,
2521 4256 2596 4315 ὡς
2629 4255 2705 4324 μὴ
2737 4252 2866 4305 ὄντα
2891 4250 2997 4302 ὑπὸ
3042 4252 3141 4318 τὴν
3173 4247 3370 4299 ἑαυτοῦ
3418 4245 3593 4313 ἀρχὴν
3624 4244 3717 4295 καὶ

2143 4351 2416 4412 ἐξουσίαν.
2448 4348 2556 4399 Καὶ
2610 4343 2669 4397 ὃν
2704 4344 2906 4413 τρόπον
2933 4344 2983 4395 oi
3012 4342 3317 4411 πράκτορες
3371 4337 3463 4390 ἐπὶ
3491 4339 3605 4398 τοῖς
3641 4337 3717 4405 μὴ

2142 4441 2521 4510 ὑποκειμένοις
2593 4438 2775 4500 αὑτοῖς
2858 4435 3089 4505 θέμασιν
3148 4432 3303 4484 οὐδέν
3395 4447 3447 4482 τι
3503 4430 3714 4482 δίκαιον

2142 4536 2358 4605 ἔχουσιν
2448 4532 2716 4601 ἐνεργεῖν,
2785 4529 2820 4598 ἢ
2877 4528 3025 4589 ὅλως,
3067 4527 3240 4578 ποιεῖν
3308 4541 3361 4576 τι
3393 4522 3479 4574 ἐπ’
3507 4523 3716 4584 αὑτοῖς,

2140 4628 2312 4689 οὑτως
2344 4623 2465 4677 οὑδὲ
2493 4625 2585 4675 ἐπ)⁸
2605 4624 2724 4683 τοῖς
2754 4621 2863 4673 τῶν
2915 4615 3302 4688 μοναστηρίων
3361 4615 3644 4682 ἀκινήτοις
3672 4614 3721 4663 οἱ

2142 4720 2454 4792 πράκτορες
2478 4717 2586 4769 τῶν
2609 4714 2882 4785 θεμάτων,
2908 4713 2999 4781 ὑφ’
3031 4711 3123 4779 οὓς
3147 4709 3364 4763 τελοῦσι
3398 4708 3467 4761 τὰ
3491 4706 3722 4781 τοιαῦτα

2140 4813 2397 4882 ἀκίνητα,
2434 4810 2742 4880 πράκτορες
2769 4806 3209 4876 λογισθήσονται.
3251 4802 3332 4856 Τὰ
3358 4802 3543 4873 μέντοι
3614 4816 3718 4850 γε-

2142 4906 2419 4975 νησόμενα
2448 4901 2726 4971 πρακτικά
2764 4900 2857 4952 καὶ
2884 4902 2930 4953 oi
2968 4897 3315 4969 περιορισμοὶ
3371 4896 3499 4964 παρ’
3532 4887 3609 4947 ὧν
3650 4895 3718 4945 ἂν

2142 4997 2300 5066 ὁρίσῃ
2341 4997 2373 5063 ή
2402 4992 2649 5062 βασιλεία
2682 5008 2783 5061 μου
2821 4995 2899 5053 εἰς
2930 4991 3280 5060 παράστασιν
3333 4986 3441 5039 τῶν
3471 4986 3715 5055 σήμερον

2142 5088 2297 5156 παρὰ
2316 5084 2422 5136 τῶν
2460 5083 2836 5153 μοναστηρίων
2858 5082 3175 5150 νεμομένων
3231 5082 3341 5142 τοῖς
3378 5078 3715 5148 προσφόροις

2144 5176 2425 5245 σεκρέτοις
2485 5171 2550 5223 δι’
2581 5170 2785 5240 εἴδησιν
2840 5168 3485 5239 ἐγκαταστρωθήσονται.
3536 5164 3717 5230 Ὀφεί-

2141 5270 2293 5321 λουσι
2345 5265 2402 5317 δὲ
2427 5264 2630 5315 εἰδέναι
2659 5265 2837 5315 πάντα
2861 5262 2929 5312 τά
2972 5260 3331 5330 μοναστήρια,
3367 5257 3443 5319 ὼς
3506 5249 3621 5307 οἷον
3646 5255 3735 5306 ἀνς

2142 5363 2199 5426 ἐξ
2226 5358 2407 5411 αὑτῶν
2428 5359 2628 5427 εὑρεθῇ
2666 5355 3018 5427 ῥᾳδιουργίαν
3052 5353 3176 5406 τινὰ
3209 5350 3587 5421 ποιησάμενον
3619 5349 3710 5400 ἐπὶ

2141 5454 2253 5514 τοῖς
2281 5455 2522 5521 σήμερον
2555 5450 2687 5519 παρ’
2710 5447 2892 5502 αὑτῶν
2930 5444 3344 5517 κατεχομένοις,
3399 5444 3433 5514 ἢ
3468 5460 3710 5513 συμπαιο

2141 5547 2321 5612 γνίαν,
2353 5544 2385 5613 ἢ
2421 5543 2569 5596 δόλον
2600 5542 3002 5613 πλημμελήσάν
3024 5558 3172 5604 τινα,
3204 5538 3264 5592 οὑ
3293 5538 3457 5608 μόνον
3487 5537 3582 5606 τῆς
3601 5535 3711 5587 ἀπὸ

2137 5635 2231 5689 τοὺ
2264 5636 2531 5705 παρόντος
2556 5635 2951 5706 χρυσοϐοὑλλου
2978 5634 3138 5702 λόγου
3169 5633 3268 5702 τῆς
3297 5630 3575 5701 βασιλείας
3598 5643 3702 5697 μου

2138 5726 2523 5798 ὠφῑλεὲαςοὺκ
2574 5730 2895 5799 εὑμοιρήσει
2970 5728 3031 5780 τὸ
3091 5725 3333 5789 σύνολον,
3412 5722 3543 5776 ἀλλὰ
3606 5720 3702 5773 καὶ
