4074 6214
336 377 431 443 9M

1329 375 1412 438 IN
1451 375 1618 438 CAN.
1643 374 1761 435 ΧΠ
1797 371 2005 435 CONC.
2031 372 2146 437 νη
2184 372 2542 439 (ECUMEN.

3467 369 3575 441 912

331 490 425 546 τοῦ
450 487 886 561 προτιμηθέντος
946 489 1117 544 αὑτοῦ
1178 489 1502 545 ἐκπεσεῖται
1570 488 1784 543 δικαίου
1828 488 1914 543 διὰ

2017 489 2272 545 omnibus
2303 487 2673 555 monasteriis,
2703 504 2803 561 per
2826 489 2986 544 aliam
3018 491 3171 560 prius
3218 488 3415 545 factam
3463 510 3577 548 ma-

329 579 423 634 τοῦ
487 579 887 651 προγεγονότος
961 583 1098 633 πᾶσι
1122 583 1244 643 ταῖς
1300 579 1659 651 δηλωθείσαις
1724 582 1911 650 μοναίς

332 672 523 743 ἑτέρου
550 671 954 741 χρυσοσούλλου
987 671 1152 741 λόγου
1184 674 1286 742 τῆς
1349 671 1631 734 βασιλείας
1674 688 1799 740 μου.

411 764 643 834 Ἐφεξῆς
677 764 730 816 δὲ
753 764 932 818 ἀνεῖλε
961 764 1022 818 τὸ
1090 764 1334 817 τοιοῦτον
1383 763 1779 834 χρυσόὸουλλον
1818 765 1912 818 καὶ

242 866 251 872 ”
331 860 517 913 πᾶσαν
543 855 843 925 πρόσταξιν
904 857 1326 927 ἐναντιουμένην
1385 857 1579 927 τούτῳ,
1623 855 1912 925 γεγονυίαν

328 951 629 1021 δηλονότιῆ
662 952 754 1003 καὶ
791 950 1186 1021 γενησομένην,
1221 951 1314 1003 καὶ
1351 949 1643 1019 διωρίσατο
1671 949 1911 1018 χρᾶσθαι

329 1045 427 1107 τὰς
462 1042 632 1115 μονάς
672 1044 903 1104 καὶτοῖς
929 1042 1327 1111 παλαιγενέσιν
1391 1042 1573 1095 αὐτῶν
1595 1041 1910 1112 δικαιώμα-

331 1154 438 1190 σιν.
504 1135 661 1188 Ἐπεὶ
693 1134 747 1187 δὲ
772 1135 836 1188 ὲκ
908 1133 1314 1205 προσαγγελίας
1384 1134 1730 1205 χαιρεκάκων
1750 1135 1913 1187 τινῶν

329 1224 586 1291 ἀπελύθη
629 1224 770 1276 κατὰ
796 1223 889 1276 τὸν
933 1223 1154 1278 ’1ούν.ον
1193 1225 1340 1295 μῆνα
1379 1225 1477 1293 τῆς
1507 1224 1553 1277 θ’
1582 1225 1914 1288 ίνδικτιῶνος

327 1318 450 1385 τοῦ,
488 1313 651 1388 ςχπδ’
674 1315 829 1379 ἔτους
873 1317 1202 1387 πρόσταγμα
1255 1316 1532 1387 βασιλικὸν
1608 1318 1912 1389 ἀνατρέπον

334 1411 521 1481 σχεδὸν
550 1410 613 1462 τὸ
644 1409 890 1462 τοιοῦτον
918 1410 1313 1463 εὐσεϐέστατον
1337 1411 1433 1465 καὶ
1474 1409 1911 1480 εύεργετικώτα-

330 1513 420 1554 τον
454 1499 995 1572 χρυσόϐουλλον,καὶ
1024 1500 1114 1554 διὰ
1172 1500 1336 1555 τοῦτο
1378 1503 1561 1556 πάντα
1613 1504 1684 1556 τά
1749 1520 1913 1574 μονα-

335 1594 609 1662 στηριακά
631 1592 867 1662 ἀκίνητα
907 1593 1012 1645 ὑπὸ
1041 1592 1151 1646 τῶν
1190 1594 1553 1664 ἀναγραφέων
1581 1593 1910 1666 ἡρπάζοντο,

334 1683 588 1753 ἀπελύθη
618 1683 763 1736 κατά
792 1684 885 1737 τὸν
917 1682 1141 1737 Ἰούλιον
1182 1685 1329 1755 μῆνα
1355 1689 1455 1752 τῆς
1494 1680 1541 1740 δ’
1577 1686 1912 1751 ίνδικτιῶνος

330 1775 456 1844 τοῦ,
486 1773 654 1845 ςχπθ¹
677 1774 830 1840 λύσις
858 1775 1210 1847 προσκυνητὴ
1234 1777 1344 1830 τῶν
1372 1776 1537 1830 νθεοσέ
1550 1796 1692 1832 πτων
1724 1780 1915 1847 κρατί-

333 1885 475 1920 στων
504 1866 601 1921 καὶ
621 1866 792 1935 ἀγίων
832 1867 988 1937 ἡμῶν
1023 1866 1291 1937 βασιλέων
1315 1867 1407 1920 ἐπὶ
1446 1869 1755 1939 ὑπομνήσει
1788 1870 1899 1925 τῶν

334 1957 743 2030 μοναστηρίων,
776 1958 1125 2031 ἐκκόπτουσα
1152 1942 1252 2028 τὴν
1295 1961 1661 2031 πραιτορικὴν
1715 1962 1909 2032 χρείαν

333 2053 429 2105 καί
460 2052 559 2123 τὴν
598 2051 993 2122 κατεπανικὴν,
1015 2054 1109 2105 καὶ
1158 2052 1508 2124 διοριζομένη
1572 2053 1716 2124 ἐχειν
1742 2055 1804 2107 τὸ
1826 2057 1911 2108 ὲν·

333 2144 499 2214 εργδν
532 2145 604 2198 τά
677 2144 1054 2214 προγεγονότα
1078 2144 1479 2216 χρυσοὸούλ).ου
1498 2146 1661 2218 χάριν
1704 2146 1799 2201 τοῦ
1832 2148 1909 2219 μὴ

331 2236 755 2307 ἀναγράφεσθαι
789 2238 858 2289 τά
887 2237 998 2291 τῶν
1024 2239 1410 2310 μοναστηρίων
1464 2241 1699 2311 ἀκίνητα
1764 2242 1911 2295 κατά

333 2330 491 2403 ῥῆμα
522 2329 664 2382 οὕτω
697 2329 1164 2398 δ.αλαμ6άνουσα’

406 2422 469 2473 Ἢ
506 2419 754 2490 βασιλεία
778 2437 905 2489 μου,
966 2420 1066 2489 τῆς
1119 2423 1184 2472 ὲκ
1228 2422 1337 2472 τῶν
1390 2422 1674 2493 ὑμετέρων
1736 2421 1910 2492 εὐχῶν

337 2517 654 2588 συνὰρσεως
684 2516 985 2587 χρῄζουσα,
1014 2517 1108 2569 καὶ
1145 2518 1199 2568 ὲν
1231 2517 1365 2569 πᾶσι
1391 2516 1512 2570 κατ’
1531 2518 1674 2587 ἴχνος
1705 2517 1911 2588 βαίνειν

333 2595 429 2663 τού
459 2611 518 2662 έν
552 2608 802 2680 μακαρία
865 2610 931 2679 τῇ
967 2606 1121 2679 λήξει
1171 2607 1443 2679 βασιλέως
1497 2608 1758 2661 αύθέντου
1815 2611 1911 2664 καὶ

337 2700 547 2772 πατρὸς
578 2701 747 2771 αὐτῆς
778 2700 1030 2762 θέλουσα,
1078 2700 1174 2753 καὶ
1222 2700 1286 2753 τὸ
1340 2699 1469 2771 περὶ
1531 2700 1657 2764 τοὺς
1724 2702 1913 2754 ἀνατε-

341 2793 631 2864 θειμὲνους
660 2792 806 2859 ὑμᾶς
841 2793 918 2862 τῷ
952 2791 1073 2861 Θεῷ
1102 2791 1451 2863 εὐεργετικὸν
1482 2791 1693 2844 ἐκείνου
1723 2796 1912 2863 μιμεῖ-

338 2887 466 2940 σθαι
491 2885 817 2957 προῄρηται.
858 2884 1043 2953 Ταύτη
1071 2900 1152 2937 τοι
1184 2886 1279 2937 καὶ
1306 2884 1391 2937 διὰ
1422 2885 1553 2955 μιᾶς
1590 2884 1790 2956 ταύτης
1813 2886 1913 2955 τῆς

338 2980 425 3045 ἐφ’
463 2978 593 3047 ὑμῖν
623 2976 984 3043 ἀγαθοποιίας
1019 2978 1113 3029 καὶ
1133 2975 1210 3046 τῷ
1257 2975 1643 3046 βασιλεύσαντι
1709 2977 1914 3049 ταύτην

335 3071 460 3141 Θεῷ
490 3070 801 3141 χαρίζεται,
829 3070 926 3122 καὶ
980 3071 1048 3139 τῇ
1085 3068 1180 3122 τοῦ
1230 3069 1493 3123 αὑθέντου
1553 3071 1648 3123 καὶ
1705 3075 1914 3141 πατρὸς

336 3167 435 3236 τῆς
471 3163 747 3235 βασιλείας
795 3178 897 3233 μου
963 3162 1095 3234 ἀγίᾳ
1150 3161 1318 3233 ψυχῇ,
1366 3164 1461 3215 καὶ
1532 3162 1610 3233 τῷ
1660 3163 1915 3234 ἡμετέρῳ

335 3258 532 3330 κράτει
593 3257 695 3327 τῆς
775 3260 854 3319 είς
914 3256 976 3308 τὸ
1029 3255 1232 3323 ἀγαθὸν
1284 3256 1567 3327 προκοπῆς
1631 3254 1916 3326 ὐποδάθρα

340 3348 441 3402 καὶ
470 3348 717 3418 θεμέλιος
756 3347 988 3413 τίθεται,
1022 3347 1118 3400 κα)⁵
1140 3346 1427 3415 ὲπικλινὴς
1474 3350 1541 3417 τῇ
1575 3346 1731 3416 ὑμῶν
1763 3364 1918 3415 γενο⁴

341 3441 483 3512 μένῃ
508 3443 745 3511 αἰτήσει,
799 3441 860 3493 τὸ
922 3440 1146 3511 ἐνεργὸν
1223 3440 1371 3510 ἔχειν
1463 3440 1558 3493 καὶ
1632 3440 1918 3510 ἁπαρασά-

337 3536 528 3588 λευτον
549 3536 643 3588 καί⁸
676 3533 1070 3605 ἀμετακίνητον
1100 3532 1227 3595 τοὺς
1299 3532 1389 3585 ἐπ’
1437 3532 1727 3604 εὐεργεσίᾳ
1808 3530 1917 3585 τῶν

338 3627 463 3680 καθ’
496 3627 639 3696 ὑμᾶς
673 3626 850 3695 μονῶν
904 3623 1275 3686 ἀπολυθέντας
1295 3627 1445 3694 τρεῖς
1490 3623 1918 3692 χρυσοϐούλλους

338 3722 533 3790 λόγους
566 3720 717 3789 παρά
739 3719 839 3789 τῆς
868 3718 1029 3787 ἁγίας
1058 3717 1270 3771 ἐκείνου
1298 3716 1571 3785 βασιλείας
1600 3716 1916 3786 διορίζεται,

339 3813 441 3868 καὶ
479 3812 572 3866 ἐπὶ
602 3812 702 3881 τῆς
728 3811 900 3881 αὐτῆς
941 3810 1367 3880 ἀμετακινήτως
1396 3809 1578 3879 μένειν
1606 3808 1913 3878 δυνάμεως,

344 3905 432 3974 ἐφ’
460 3900 526 3976 ἧς
548 3904 689 3958 κατά
712 3905 813 3975 τὴν
843 3902 1018 3974 ἀρχὴν
1042 3901 1393 3973 ὲξετέθησαν,
1426 3901 1519 3952 καὶ
1562 3900 1633 3953 τὰ
1690 3900 1914 3952 ἀκολού-

339 4000 453 4062 θως
490 3998 546 4050 δὲ
575 3997 786 4059 τούτοις
817 3998 1097 4066 προδαντα
1123 3996 1223 4063 τῆς
1257 3992 1609 4065 παραδόσεως
1637 3990 1917 4061 πρακτικὰ

337 4095 401 4146 τὸ
432 4090 669 4162 ἀσφαλὲς
693 4088 1088 4159 ἀποφέρεσθαι,
1111 4089 1214 4141 κᾶν
1246 4087 1382 4157 μετὰ
1404 4085 1606 4137 διετίαν
1635 4083 1914 4153 γεγόνασι,

340 4186 446 4240 κᾶν
474 4186 603 4247 ίτως
630 4183 752 4237 τινὰ
796 4182 1001 4235 τούτων
1076 4182 1189 4245 τοῖς
1244 4181 1571 4250 προσφόροις
1636 4178 1917 4249 σεκρέτοις

342 4275 815 4348 καταστρωθῆναι
841 4275 942 4327 οὐκ
970 4272 1240 4341 ἔφθασαν,
1269 4271 1380 4324 τῶν
1411 4272 1491 4333 είς
1546 4271 1845 4340 ἑρμηνείαν
1880 4268 1913 4338 ἢ

341 4368 661 4441 ἀνατροπὴν
684 4370 781 4437 τῆς
805 4368 914 4421 τῶν
938 4364 1353 4437 χρυσοὸούλλων
1380 4364 1663 4433 δυνάμεως
1685 4360 1916 4432 μερικὴν

345 4467 380 4536 ἢ
414 4463 647 4518 καθόλου
671 4460 1054 4516 ἀπολυθέντων
1106 4457 1381 4511 παντοίων
1453 4454 1914 4529 προσταγμάτων,

2012 580 2232 650 jestatis
2270 596 2405 637 meae
2434 584 2669 637 Auream
2704 582 2939 645 Bullam,
2976 598 3258 639 concesso.

2082 763 2287 820 Deinde
2318 770 2497 819 autem
2542 765 2761 821 sustulit
2793 766 2906 821 haec
2933 764 3096 821 'Bnlla
3128 767 3304 822 Aurea
3352 783 3574 824 omnem

2011 872 2230 927 quoque
2255 856 2562 926 jnssionem
2593 874 2714 926 quae
2753 857 2803 912 ei
2849 859 3187 924 adversatur,
3221 875 3339 929 qnze
3367 861 3580 915 scilicet

2017 948 2154 1002 facta
2200 959 2280 1004 est
2328 950 2413 1004 vel
2466 951 2556 1004 liet
2589 965 2603 1003 :
2636 960 2691 1006 et
2719 953 2909 1005 statuit
2960 962 3019 1006 ut
3071 954 3401 1006 monasteria
3463 954 3582 1008 suis

2013 1056 2230 1110 quoque
2279 1042 2521 1112 antiquis
2571 1043 2747 1098 titulis
2797 1052 3039 1098 utantur.
3090 1043 3359 1109 Quoniam
3394 1054 3578 1100 autem

2015 1148 2111 1204 per
2140 1135 2501 1204 quorumdam
2534 1136 2725 1192 alienis
2759 1136 2913 1191 malis
2946 1136 3244 1190 laetantium
3276 1136 3585 1207 instigatio-

2015 1238 2162 1289 nem,
2193 1240 2376 1279 mense
2411 1223 2597 1290 Junio,
2628 1240 2770 1281 nona
2814 1226 3149 1282 indicatione
3200 1242 3346 1283 anno
3398 1228 3537 1281 6684
3562 1267 3580 1292 ,

2016 1315 2291 1385 imperiale
2313 1317 2529 1384 jussum
2572 1316 2774 1372 editum
2828 1318 3093 1387 est,quod
3131 1318 3271 1372 hanc
3300 1320 3352 1372 in
3390 1318 3581 1387 primis

2014 1406 2156 1476 piam
2185 1415 2240 1485 et
2275 1408 2507 1462 maxime
2545 1406 2841 1463 beneﬁcam
2874 1411 3109 1465 Auream
3141 1410 3347 1465 Bullam
3382 1426 3581 1483 prope-

2013 1498 2235 1553 modum
2279 1499 2560 1566 subvertit,
2584 1508 2637 1554 et
2675 1511 2957 1571 propterea
2995 1505 3447 1559 monasteriorum
3482 1506 3584 1559 im-

2014 1590 2235 1644 mobilia
2264 1605 2294 1643 a
2327 1589 2528 1661 publici
2569 1605 2767 1646 census
2814 1593 3246 1661 deseriptoribus
3296 1596 3585 1664 rapieban-

2014 1691 2101 1736 tur
2137 1701 2149 1735 :
2187 1681 2329 1739 Julio
2365 1701 2551 1742 mense
2602 1685 2901 1740 indictione
2943 1685 3015 1750 4,
3066 1702 3211 1739 anno
3243 1687 3403 1753 6689,
3434 1688 3585 1742 edita

2013 1782 2098 1829 est
2126 1776 2454 1832 venerabilis
2485 1776 2746 1833 resolutio
2772 1779 2955 1833 divine
2993 1779 3354 1834 colendorum
3392 1790 3585 1851 poten-

1945 1858 1985 1913 Β
2016 1865 2353 1922 tissimorum
2386 1878 2440 1924 et
2470 1878 2787 1926 sanctorum
2840 1884 3149 1927 uostrormn
3190 1873 3582 1943 imperatorum

2014 1973 2183 2025 super
2220 1962 2679 2017 monasteriorum
2711 1965 3159 2028 comtnonitione,
3210 1980 3331 2035 qua:
3362 1980 3579 2021 omnem

2014 2067 2170 2106 usum
2202 2055 2585 2121 praetorianum
2638 2066 2693 2111 et
2744 2058 3124 2127 catepanicum
3174 2059 3467 2122 exseindit,
3527 2067 3583 2113 et

2012 2145 2223 2211 statuit,
2260 2154 2320 2201 ut
2351 2148 2626 2218 praedicta:
2676 2145 2847 2203 Bulla:
2876 2149 3069 2204 Aurea:
3117 2151 3224 2204 vim
3272 2141 3427 2205 suam
3467 2166 3560 2205 sor

2014 2235 2221 2290 tiantur
2249 2236 2318 2292 de
2350 2253 2456 2292 non
2490 2238 2868 2294 describendis
2894 2241 3351 2296 monasteriorum
3383 2242 3582 2296 immo-

2012 2325 2239 2393 bilibus;
2271 2342 2390 2397 quae
2415 2328 2482 2383 ad
2512 2329 2739 2384 verbum
2772 2330 2854 2386 sic
2881 2348 2940 2387 se
2981 2333 3145 2389 habet
3174 2348 3190 2387 :

2085 2417 2344 2493 Majestas
2373 2437 2492 2476 mea
2522 2432 2829 2478 vestrarum
2874 2440 3096 2494 precum
3144 2426 3462 2497 adjumento
3499 2427 3584 2482 itt-

2013 2512 2224 2584 digeus,
2263 2522 2319 2568 et
2364 2514 2536 2570 beatae
2565 2517 2842 2571 memoria:
2889 2518 3237 2587 imperatoris
3279 2520 3486 2576 domini
3520 2536 3587 2578 ac

2015 2604 2135 2674 ejus
2171 2605 2341 2675 patris
2375 2605 2618 2676 vestigiis
2647 2607 2700 2661 in
2755 2607 3011 2663 omnibus
3061 2609 3310 2666 insistere
3356 2612 3583 2667 volens:

2013 2697 2132 2766 ejus
2166 2713 2382 2766 quoque
2416 2698 2469 2752 in
2504 2714 2619 2766 vos,
2660 2699 2754 2769 qui
2789 2699 2901 2756 Deo
2948 2699 3181 2755 dedicati
3210 2703 3344 2757 estis
3376 2704 3587 2759 beneﬁ-

2014 2788 2249 2842 centiam
2281 2789 2478 2843 imitari
2506 2793 2809 2847 constituit.
2840 2793 2897 2847 id
2923 2805 2978 2848 et
3009 2812 3103 2863 per
3144 2797 3286 2851 hanc
3321 2815 3486 2853 unatn
3527 2798 3584 2853 in

2016 2897 2112 2937 vos
2151 2882 2583 2953 beneﬁcentiam,
2614 2895 2668 2941 et
2701 2885 2831 2951 Deo,
2861 2891 2953 2959 qui
2988 2890 3167 2960 ipsum
3200 2893 3581 2962 imperatorem

2018 2974 2167 3038 fecit,
2210 2974 2609 3045 gratiﬁcantur,
2640 2987 2698 3035 et
2736 2981 2939 3035 domini
2983 2991 3039 3037 et
3066 2985 3241 3053 patris
3282 2986 3584 3055 majestatis

2018 3085 2151 3126 meae
2180 3071 2375 3125 anima:
2405 3071 2595 3137 beatae,
2630 3082 2685 3128 et
2710 3084 2913 3130 nostra;
2942 3079 3199 3145 potentiae
3230 3078 3507 3148 profectus
3530 3079 3585 3134 in

2017 3156 2216 3211 bonum
2235 3158 2399 3229 308
2415 3159 2569 3214 basin
2588 3177 2650 3216 ac
2676 3162 3088 3219 fundamentum
3106 3167 3283 3237 ponit;
3313 3179 3367 3224 et
3396 3178 3591 3225 vestra:

2019 3250 2267 3320 petitioni
2290 3267 2348 3306 se
2372 3252 2669 3320 inclinans,
2695 3265 2754 3310 ut
2775 3256 2881 3309 vim
2906 3273 3061 3313 suam
3089 3260 3346 3327 habeant,
3374 3263 3591 3332 sintque

2018 3342 2241 3397 stabiles
2270 3384 2287 3410 ,
2324 3343 2492 3400 ﬁrmas
2521 3361 2584 3401 ac
2619 3347 2945 3417 immobiles,
2983 3368 3104 3420 quae
3139 3352 3206 3408 de
3240 3355 3438 3410 vestris
3480 3371 3591 3413 mo-

2021 3436 2382 3490 nasteriorum
2435 3439 2713 3494 beneficiis
2757 3441 2950 3495 Aureae
2991 3451 3104 3499 tres
3154 3443 3321 3501 Bulla:
3369 3449 3589 3504 emissa:

2020 3535 2151 3581 sunt
2198 3540 2227 3579 a
2273 3537 2462 3582 sancta
2498 3530 2642 3585 illius
2694 3529 3001 3599 majestate,
3040 3534 3306 3599 decernit,
3333 3544 3388 3591 et
3440 3539 3587 3593 utin

2019 3618 2207 3670 eodem
2245 3618 2445 3673 robore
2500 3620 2854 3675 imtnobiliter
2886 3620 3264 3691 permaneant,
3310 3628 3364 3683 in
3413 3643 3523 3699 quo
3554 3643 3587 3682 α

2021 3708 2291 3779 principio
2318 3714 2581 3781 expositae
2628 3723 2776 3780 sunt,
2818 3727 2871 3770 et
2904 3732 3025 3786 qua:
3066 3718 3134 3774 iis
3187 3730 3590 3791 consequenter

2019 3810 2406 3870 processerunt
2438 3804 2747 3860 traditionis
2777 3815 2898 3861 acta
2932 3812 3281 3865 securitatem
3319 3814 3587 3881 referant,

2018 3895 2235 3948 etiamsi
2267 3907 2386 3965 post
2418 3896 2693 3951 biennium
2730 3897 2870 3953 facta
2901 3900 3104 3956 fuerint
3137 3920 3152 3969 ;
3188 3905 3315 3961 licet
3351 3905 3589 3963 fortasse

2018 3987 2267 4055 quaedam
2317 4003 2502 4041 eorum
2552 3989 2606 4043 in
2652 3992 3105 4047 convenientibus
3156 3998 3386 4052 secretis
3434 4000 3586 4068 prius

2022 4075 2195 4142 posita
2230 4092 2337 4131 non
2367 4077 2557 4131 fuere:
2587 4079 2675 4143 iis,
2706 4097 2828 4150 quae
2863 4085 2929 4137 ad
2962 4083 3464 4154 interpretationem
3500 4093 3587 4146 vel

2019 4168 2429 4223 subversionem
2453 4169 2727 4224 Bullarum
2749 4175 3048 4227 Aurem-um
3076 4177 3325 4244 putentia:
3348 4181 3592 4249 particu-

2019 4260 2187 4315 larem
2215 4262 2296 4315 vel
2326 4264 2630 4332 generalem
2663 4264 2822 4319 edita:
2852 4276 2997 4329 sunt,
3026 4270 3355 4325 omnimodis
3381 4274 3593 4341 jussioo

2020 4352 2207 4413 nibus,
2268 4369 2390 4422 quae
2431 4354 2485 4408 in
2537 4355 2742 4409 nostris
2800 4358 3165 4412 monumentis
3216 4358 3587 4428 declarantur,

2020 4446 2519 4525 quomodocunque
2570 4446 2785 4502 emissa:
2834 4447 3061 4513 fuerint,
3116 4466 3211 4521 per
3265 4458 3589 4521 praesentem

340 4559 456 4611 τῶν
480 4557 579 4616 καὶ
614 4557 671 4607 ἐν
696 4552 1001 4621 ὑπομνήσει
1034 4550 1193 4619 ἡμῶν
1222 4549 1587 4619 δηλουμένων,
1626 4547 1733 4599 κᾶν
1770 4548 1914 4610 ὅπως

2025 4536 2412 4591 resolutionem
2460 4538 2748 4594 inutilibus
2803 4540 3169 4611 invalidisque
3220 4545 3487 4612 redditis,
3536 4555 3591 4601 et

343 4651 455 4719 ἄρα
488 4650 585 4700 καὶ
606 4643 979 4712 ἀπελύθησαν,
1018 4643 1079 4695 τὺ
1127 4641 1414 4711 ἄπρακτον
1473 4640 1568 4693 καὶ
1625 4637 1917 4709 ἀνίσχυρον

344 4738 771 4810 ἀποφερομένων
795 4736 883 4789 διὰ
911 4735 1010 4804 τῆς
1037 4733 1320 4803 παρούσης
1350 4730 1574 4795 λύσεως,
1604 4732 1697 4782 καὶ
1730 4728 1918 4798 ὥσπερ

346 4834 397 4886 εί
430 4832 567 4904 μηδὲ
597 4831 731 4892 ὅλως
764 4828 1028 4897 γεγόνασι
1082 4825 1475 4894 λογιζομένων.
1551 4821 1810 4898 Ἀργήσει
1862 4820 1919 4870 δὲ

348 4926 444 4979 καὶ
472 4926 507 4995 ἡ
546 4923 709 4993 μέχρι
740 4920 835 4974 τοῦ
875 4918 970 4973 νῦν
1004 4917 1469 4987 ἐπεισκωμάσασα
1521 4918 1633 4977 τοῖς
1683 4912 1788 4963 ὑπὸ
1818 4908 1918 4972 τὰς

347 5014 474 5069 καθ’
508 5014 651 5085 ὑμᾶς
685 5013 850 5083 μονὰς
883 5012 1184 5079 ἀκινήτοις,
1248 5010 1361 5071 τοῖς
1437 5007 1577 5059 κατὰ
1664 5000 1737 5055 es“
1776 5001 1919 5071 θέμα

348 5106 594 5178 Θρᾳκίας
620 5105 715 5159 καὶ
753 5090 1091 5165 Μακεδονίας
1150 5100 1542 5166 διακειμένοις,
1626 5095 1918 5166 ἀπαίτησις

345 5201 451 5270 τῆς
476 5216 535 5253 τε
576 5198 942 5271 πραιτορικῆς
1005 5198 1097 5249 καὶ
1150 5195 1529 5261 κατεπανικῆς
1590 5193 1766 5265 γύρας
1824 5190 1919 5245 καί

346 5293 562 5365 χρείας,
597 5294 629 5365 ἢ
665 5293 762 5345 καὶ
788 5292 882 5344 τοῦ
916 5290 1213 5344 στυππείου
1248 5289 1341 5340 καὶ
1399 5286 1695 5353 ἀξουγγίου
1724 5284 1921 5352 ἐξωνη-

349 5406 436 5451 σις
461 5388 495 5458 ἢ
524 5387 843 5456 ἀπαίτησις,
871 5383 945 5448 ὡς
976 5385 1065 5437 διὰ
1091 5384 1192 5453 τῆς
1229 5381 1512 5452 παρούσης
1559 5380 1770 5442 λύσεως
1838 5380 1923 5430 ἐκ·

348 5480 687 5547 κοπτόμεναι
710 5480 803 5531 καὶ
832 5475 1309 5549 ριζοτομούμεναι,
1342 5474 1439 5527 καὶ
1463 5475 1541 5531 εἰς
1575 5473 1921 5542 ἀνύπαρκτον

346 5574 446 5627 καὶ
483 5571 854 5639 ἀνονόμαστον
880 5568 1413 5636 ἀποκαθιστάμεναι,
1445 5566 1555 5617 τῶν
1607 5564 1922 5635 πραιτόρων

346 5668 442 5721 καὶ
473 5662 803 5734 πρακτόρων
828 5662 926 5729 καὶ
956 5660 1300 5724 κατεπάνων,
1332 5659 1425 5710 καὶ
1450 5656 1558 5709 τῶν
1585 5657 1681 5727 τὴν
1728 5657 1923 5728 ἐξωνη-

346 5776 441 5812 σιν
456 5756 491 5827 ἢ
510 5754 809 5824 ἀπαίτησιν
820 5753 912 5806 τοῦ
936 5755 1234 5806 στυππείου
1253 5748 1451 5802 καὶτοῦ
1465 5749 1753 5818 ἀξουγγίου
1780 5750 1921 5802 κατά

346 5848 579 5917 καιροὺς
606 5842 963 5909 ποιουμένων,
983 5842 1199 5896 καὶτῶν
1223 5834 1693 5907 ὲξυπηρετούντων
1715 5838 1920 5906 αὐτοῖς,

2024 4628 2246 4694 perinde
2295 4641 2360 4682 ac
2403 4628 2448 4683 si
2477 4643 2542 4681 ne
2571 4639 2754 4684 essent
2785 4630 3002 4699 quidem
3027 4635 3272 4698 omnino,
3302 4638 3588 4705 reputatis.

2020 4718 2268 4772 Cessabit
2298 4730 2480 4771 autem
2502 4760 2518 4783 ,
2547 4730 2603 4773 et
2633 4737 2755 4789 quze
2783 4722 3067 4793 hucusque
3096 4726 3293 4781 vestris
3324 4738 3595 4784 monaste-

2024 4810 2230 4862 riorum
2270 4811 2642 4866 iuunohilibus
2678 4813 2730 4866 in
2762 4813 2994 4868 Thracia
3021 4827 3075 4869 et
3120 4814 3434 4871 Macedonia
3471 4819 3594 4874 sitis

2029 4901 2319 4955 insultavit
2349 4905 2672 4972 prartoricac
2701 4914 2756 4959 et
2784 4907 3112 4975 catepa‘niete
3139 4908 3514 4963 circulationis
3540 4922 3595 4964 et

2023 4992 2319 5049 functionis
2352 4997 2587 5060 exactio,
2628 5007 2944 5067 stuppaeque
2990 5008 3043 5051 et
3085 4999 3334 5068 axungia:
3385 5003 3591 5071 emptio

2022 5084 2105 5137 vel
2136 5085 2373 5149 exactio,
2406 5094 2663 5155 tanquam
2716 5102 2814 5156 per
2860 5092 3000 5142 hanc
3048 5098 3368 5157 praesentem
3404 5107 3593 5145 exem-

2022 5177 2261 5245 ptionem
2293 5178 2519 5233 exsciste
2559 5187 2615 5232 et
2647 5180 2915 5235 radicitus
2944 5184 3255 5252 exstirpata:
3275 5226 3289 5247 ,
3321 5194 3376 5237 et
3409 5200 3474 5238 eo
3505 5200 3592 5239 re-

2023 5274 2195 5324 dactae
2215 5311 2231 5334 ,
2260 5281 2318 5323 ut
2347 5286 2447 5325 nec
2481 5272 2716 5340 amplius
2766 5273 2874 5327 sint
2914 5290 3013 5327 nec
3044 5278 3428 5343 imminentur;
3458 5294 3593 5348 pra:-

2023 5363 2237 5419 toribus
2266 5374 2319 5418 et
2344 5365 2692 5418 exactoribus
2724 5365 3097 5420 subordinatis
3124 5378 3178 5421 et
3200 5370 3491 5437 supremis,
3541 5379 3596 5424 et

2024 5460 2094 5513 iis
2135 5459 2227 5527 qui
2260 5466 2468 5527 stuppa:
2503 5467 2556 5512 et
2582 5460 2831 5526 axungiae
2877 5459 3214 5531 emptionem
3245 5462 3325 5515 vel
3357 5466 3597 5519 exactio-

2027 5570 2146 5609 uetn
2191 5552 2348 5606 statis
2398 5552 2734 5621 temporibus
2784 5561 3062 5614 exercent,
3102 5554 3280 5623 iisque
3335 5558 3429 5626 qui
3483 5559 3594 5616 illis

2026 5648 2363 5709 ministrant,
2403 5646 2481 5699 sic
2509 5644 2777 5714 ejusmodi
2810 5645 3112 5700 immobilia
3169 5658 3593 5717 pnetercurrere

2026 5737 2370 5802 debentibus,
2412 5746 2469 5790 ut
2497 5751 2583 5800 ea,
2615 5735 2755 5789 unde
2783 5734 2950 5791 ﬁscus
2986 5736 3121 5791 nihil
3163 5738 3352 5810 exigit,
3396 5740 3450 5795 in
3479 5756 3600 5796 om-

2029 5836 2190 5892 nibus
2218 5848 2340 5905 quae
2374 5831 2473 5885 hoc
2504 5828 2667 5885 modo
2712 5830 2932 5888 decreta
2980 5839 3108 5887 'sunt
3154 5831 3280 5902 ipsi,
3328 5836 3397 5890 ab
3437 5833 3596 5889 initio
