4074 6214
420 283 524 344 943

1653 276 1929 337 ἸἮΕΟΙ).
1990 275 2076 331 ΒΑ
2086 271 2384 331 LSAMON

3547 272 3648 334 934

421 400 668 455 l'odict'ni
701 398 805 451 diei
848 395 1075 465 repetito
1107 391 1302 446 diurno
1332 400 1386 445 et
1429 389 1685 457 deinceps
1730 388 1783 442 in
1817 400 1981 441 omne

2089 383 2233 435 οὕτω
2261 382 2629 453 παρατρέχειν
2650 384 2739 439 ἆτε
2773 385 2865 436 καὶ
2880 383 3055 437 αὐτῶν
3081 382 3507 453 ἀκαταζητήτων
3527 385 3659 452 μελ-

420 510 482 547 ac
520 501 835 564 perpetuum
868 499 1101 556 tempus,
1140 492 1195 538 et
1238 484 1355 537 sine
1381 483 1812 536 contradictione
1880 494 1979 531 suo

422 583 826 649 spiciuutur.et
878 589 974 643 pro
1022 588 1127 627 non
1162 572 1451 641 descriptis
1478 572 1527 625 in
1570 570 1799 640 publicis
1844 567 1980 621 actis

421 677 709 728 habentur.
745 670 894 721 Licet
926 676 1105 720 autem
1139 682 1245 719 non
1281 664 1556 734 descripta
1587 664 1693 717 sint
1726 664 1779 716 in
1813 662 1977 724 actis,

417 769 523 821 alio
561 777 733 818 tamen
770 762 1001 831 quodam
1055 759 1214 814 modo
1266 759 1449 827 agnita
1493 769 1659 820 sunt;
1697 768 1747 809 et
1780 756 1859 810 sic
1897 770 1982 807 re-

418 867 595 927 cepta,
635 855 680 911 si
720 854 842 923 quis
901 860 1159 923 praeterea
1216 865 1336 919 quae
1386 850 1679 903 eonStituta
1734 856 1860 901 sunt
1896 847 1979 902 his

415 950 613 1005 Aureis
639 946 808 999 Bullis
853 955 905 998 et
959 941 1213 1013 prtesenti
1266 941 1567 1010 majestatis
1611 953 1742 992 mea:
1795 953 1978 991 exem-

417 1042 624 1110 ptione,
661 1038 823 1091 fuerit
873 1051 1041 1090 ausus
1095 1034 1295 1103 aliquid
1346 1031 1566 1099 exsequi
1596 1031 1648 1084 in
1698 1030 1979 1098 quibusvis

416 1130 860 1203 possessionibus
892 1124 1263 1179 immobilibus
1284 1130 1587 1175 vestrorum
1624 1120 1980 1173 monasterio;

416 1242 559 1287 rum,
613 1234 965 1291 praeterquam
1007 1216 1151 1288 quod
1188 1217 1327 1270 Iresa:
1378 1214 1674 1284 majestatis
1710 1214 1977 1267 tenebitur

418 1331 542 1369 rens
578 1315 739 1379 (sicut
770 1312 856 1364 bis
882 1311 1075 1362 Aureis
1104 1308 1269 1360 Bullis
1296 1306 1575 1360 definitum
1612 1305 1715 1372 est)
1744 1304 1811 1357 ab
1837 1304 1975 1357 emi-

415 1408 736 1463 nentissituo
772 1415 987 1473 quoque
1034 1416 1130 1469 pro
1190 1409 1432 1468 tempore
1482 1396 1710 1466 mystico
1762 1396 1969 1463 illatum

415 1502 649 1570 cuipiam
691 1510 991 1553 vestrarum
1026 1492 1431 1564 possessionum
1464 1490 1722 1543 damnum
1774 1489 1978 1544 δίει-σίνε

416 1588 1142 1664 eumpelletnrJlonasteriis
1165 1600 1382 1657 quoque
1412 1584 1685 1646 omnibus,
1712 1593 1975 1652 quantum

417 1693 467 1741 in
504 1688 637 1757 ipsis
669 1693 771 1749 est,
805 1698 949 1735 cura:
977 1682 1100 1742 erit,
1143 1688 1251 1731 tam
1285 1678 1351 1731 iis
1388 1692 1507 1745 quze
1543 1684 1669 1729 sunt
1707 1676 1848 1728 intra
1880 1690 1975 1727 ur-

2088 475 2289 529 λόντων
2307 475 2677 544 διατηρεῖσθαι
2699 476 2806 528 ἀπὸ
2834 476 2926 528 τοῦ
2956 475 3237 544 δημοσίου,
3271 474 3363 526 ἐπὶ
3392 474 3527 525 πᾶσι
3544 476 3660 535 τοῖς

2087 569 2514 637 τοιουτοτρόπως
2546 569 2967 633 ἐπιγνωσθείσιν
3000 567 3151 633 αύτῷ
3206 567 3298 618 ἀπ’
3330 566 3502 633 ἀρχῆς
3554 565 3659 631 τῆς

2088 662 2329 729 σήμερον
2362 661 2775 729 ἁπαιτουμένης
2806 658 3106 729 ἐγχρονίας,
3128 659 3235 715 ,καὶ
3264 659 3342 718 είς
3372 658 3494 717 τοὺς
3530 657 3661 723 ἑξῆς

2088 755 2335 815 ἅπαντας
2366 756 2458 806 καὶ
2488 752 2756 823 διηνεκεῖς
2786 753 3009 822 χρόνους
3040 752 3351 821 δεχομένοις
3402 750 3662 818 ἀναντιρ-

2088 830 2287 914 ῥήτως,
2327 846 2418 895 καὶ
2450 844 2523 905 ὡς
2568 844 2702 913 μηδὲ
2784 846 2840 895 ὲν
2926 844 3280 911 δημοσιακοῖς
3332 842 3663 908 πρακτικοῖς

2087 938 2483 1005 καταγραφεῖσι
2511 934 2879 1004 λογιζομένοις
2912 950 2926 964 ⁸
2960 933 3060 987 κᾶν
3091 934 3164 1003 μὴ
3225 931 3663 1002 κατεγράφησαν

2086 1026 2141 1078 δὲ
2176 1027 2233 1079 ἐν
2260 1030 2603 1097 πρακτικοῖς,
2635 1027 2808 1089 ἄλλως
2844 1027 2899 1079 δέ
2938 1044 3055 1088 πως
3080 1025 3428 1094 ἐγνώσθησαν
3461 1040 3475 1054 ο
3504 1024 3665 1092 6510-

2089 1117 2268 1187 μένοις
2306 1120 2399 1171 καὶ
2429 1118 2590 1185 οὕτω,
2642 1118 2735 1171 τοῦ
2795 1119 3295 1189 κατατολμήσοντος
3356 1116 3542 1186 ἕτερόν
3603 1132 3664 1167 τι

2086 1215 2234 1285 παρὰ
2262 1214 2594 1284 διωρισμένα
2624 1218 2735 1278 τοῖς
2760 1217 3015 1277 τοιούτοις
3074 1212 3507 1284 χρυσιὸούλλοις,
3564 1196 3667 1262 κέιί

2085 1310 2151 1377 τῇ
2183 1308 2432 1379 παρούσῃ
2464 1308 2613 1362 λύσει
2638 1311 2737 1379 τῆς
2767 1309 3042 1378 βασιλείας
3070 1326 3203 1391 μου,
3237 1306 3327 1359 ἐπὶ
3383 1308 3501 1368 ταῖς
3554 1304 3665 1356 ὑπ’)

2087 1400 2184 1462 τὰς
2215 1402 2335 1452 καθ’
2372 1402 2515 1469 ὑμᾶς
2551 1403 2719 1471 μονὰς
2768 1401 3048 1464 παντοίαις
3100 1402 3377 1471 ἀκινήτοις
3430 1399 3665 1468 κτήσεσι

2087 1493 2517 1562 διαπράξασθαι,
2553 1498 2651 1547 σὺν
2683 1496 2759 1564 τῷ
2790 1496 2885 1548 καὶ
2946 1493 3272 1547 καθοσιώσει
3328 1492 3666 1544 ὑποπίπτειν

2088 1586 2295 1655 (καθὼς
2327 1586 2412 1638 διὰ
2443 1587 2839 1639 τῶν.τοιούτων
2873 1586 3287 1656 χρυσοϐούλλων
3342 1581 3664 1653 διωρίσθη.)

2086 1679 2179 1731 καὶ
2215 1680 2366 1749 παρὰ
2393 1680 2486 1731 τοῦ
2507 1680 2650 1733 κατὰ
2678 1683 2774 1752 τὴν
2800 1684 3010 1751 ἡμέραν
3049 1678 3663 1749 μεγαλεπιφανεστὰτου

414 1745 557 1839 boni,
590 1792 747 1845 quam
799 1788 919 1843 quae
979 1780 1168 1833 extra,
1212 1770 1312 1823 sub
1354 1768 1598 1821 terminis
1660 1766 1726 1821 iis
1784 1766 1980 1820 Aureis

2089 1769 2387 1833 Μυστικοῦ,
2419 1771 2975 1839 καταναγκαζομένου
3014 1772 3091 1831 είς
3120 1769 3219 1839 τὴν
3275 1764 3667 1835 ἐπενεχθεῖσιὲν

418 1872 583 1924 llullis
612 1865 1025 1936 comprehensis
1064 1859 1409 1929 imperatoris
1435 1857 1620 1927 inclyti
1654 1866 1705 1910 et
1736 1857 1838 1925 pia:
1870 1872 1981 1910 me-

419 1963 629 2026 moriae,
659 1960 863 2013 domini
898 1973 961 2011 ac
1002 1955 1171 2025 patris
1208 1950 1511 2021 maiestatis
1573 1964 1703 2002 mea:
1754 1964 1813 2001 ea
1863 1965 1984 2019 per-

415 2070 599 2125 agere,
624 2066 744 2119 qua:
776 2051 827 2102 in
858 2049 1059 2103 nostris
1091 2044 1496 2100 commentariis
1527 2039 1796 2095 declarata
1832 2050 1981 2105 sunt;

414 2148 517 2202 nisi
559 2144 721 2199 velint
752 2144 841 2195 tali
877 2138 1235 2196 excusatione
1266 2136 1487 2205 privari,
1520 2149 1584 2189 co
1615 2135 1761 2204 quod
1812 2135 1981 2188 semel

414 2246 623 2295 tantum
653 2253 714 2290 ca
752 2233 1109 2303 neglexerint.

2076 1879 2181 1913 τινι
2213 1862 2320 1915 τῶν
2354 1864 2425 1931 ὑφ
2473 1864 2633 1933 ὑμᾶς’
2686 1865 2930 1933 κτήσεων
2964 1863 3167 1933 βλάϐην
3222 1858 3665 1929 ἀποθεραπεύειν

2079 1956 2242 2026 αὐτῇ.
2279 1957 2519 2027 Μελήσει
2560 1958 2747 2026 μέντοι
2776 1959 2869 2010 καὶ
2900 1958 2977 2026 τῷ
3010 1956 3163 2027 μέρει
3191 1956 3309 2033 τῶν,
3338 1952 3522 2024 μονῶν
3554 1970 3665 2004 παν

2081 2050 2212 2113 σῶν,
2244 2051 2351 2103 τῶν
2379 2068 2437 2102 τε
2464 2051 2612 2114 ἐντὸς
2651 2052 2749 2118 τῆς
2783 2050 3202 2121 μεγαλοπόλεως
3238 2050 3331 2101 καὶ
3365 2048 3519 2109 ἐκτὸς
3556 2045 3667 2098 ὑπὸ

2080 2142 2208 2203 τοὺς
2239 2142 2807 2213 ἐμπεριειλημμένους
2844 2145 3028 2214 μέντοι
3071 2145 3231 2213 ὄρους
3255 2143 3365 2203 τοῖς
3396 2140 3665 2201 τοιούτοις

2085 2233 2505 2304 χρυσοΰούλλοις
2569 2235 2969 2305 διακειμένων,
3034 2236 3126 2287 τοῦ
3189 2237 3247 2287 ὲν
3300 2235 3415 2295 τοὶς
3457 2246 3669 2301 μνημοο

416 2338 593 2399 σύνοις
626 2334 719 2388 τοῦ
770 2334 823 2386 ὲι
885 2329 1195 2401 βασιλεῦσιν
1222 2326 1495 2396 ἱὰοιδίμου
1531 2324 1787 2378 αύθέντου
1846 2325 1938 2378 καὶ
1990 2329 2196 2397 πατρὸς
2228 2330 2328 2397 τῆς
2356 2330 2631 2399 βασιλείας
2665 2348 2767 2400 μου
2795 2333 3034 2385 ἐκτελεῖν
3064 2333 3160 2383 ὅσα
3182 2334 3238 2383 ὲν
3268 2334 3332 2402 τῇ
3359 2331 3671 2398 ὑπομνήσει

413 2432 563 2504 ὑμῶν
595 2426 933 2487 δεδούλωται,
964 2425 1011 2475 εἰ
1044 2421 1118 2492 μὴ
1148 2419 1427 2487 βούλονται
1453 2418 1553 2487 τῆς
1587 2416 1837 2485 τοιαύτης
1868 2417 2180 2482 ἐξκουσείας
2203 2420 2475 2474 διαπεσεῖν
2526 2424 2589 2475 ὲκ
2650 2422 2743 2476 τοῦ
2774 2423 2918 2487 ἅπαξ
2966 2423 3171 2476 τούτων
3230 2424 3634 2493 καταμελῆσαι.

485 2527 589 2583 Sed
617 2538 669 2581 et
700 2522 1056 2580 sanctissima:
1111 2519 1219 2572 Deo
1267 2518 1477 2586 Magna:
1512 2514 1757 2569 ecclesia:
1804 2515 1983 2566 Aurea

414 2624 565 2677 Bulla
592 2621 714 2672 data
744 2624 827 2672 est
858 2612 1093 2685 potentis
1124 2610 1293 2665 nostri
1327 2608 1696 2677 imperatoris,
1722 2622 1840 2676 qua:
1870 2605 1983 2659 [περ

412 2719 477 2771 ad
511 2713 732 2767 verbum
769 2708 1031 2762 continet:

488 2805 549 2860 Et
577 2806 648 2859 illi
678 2802 894 2873 quidem
934 2797 1158 2865 antiquo
1188 2803 1242 2850 et
1280 2794 1477 2849 celebri
1526 2795 1839 2849 Solomonis
1886 2810 1979 2850 sa-

418 2897 630 2971 pientia:
686 2891 884 2960 templo
918 2904 1014 2957 pro
1064 2886 1271 2941 viribus
1315 2885 1614 2940 oﬂerebant
1657 2902 1895 2941 omnes:
1932 2893 1987 2940 et

420 2990 547 3045 huic
576 3003 792 3057 quoque
825 2997 980 3037 sacro
1000 2988 1052 3034 et
1085 2980 1322 3032 maximo
1351 2978 1573 3047 templo,
1603 2980 1746 3047 quod
1778 2988 1859 3033 est
1884 2978 1985 3033 sub

420 3086 637 3138 nomine
680 3078 769 3131 bei
803 3073 1099 3142 sapientiae,
1125 3073 1217 3141 qui
1255 3087 1319 3125 ex
1361 3068 1653 3125 Solowone
1688 3079 1742 3125 et
1782 3071 1985 3126 Davide

419 3171 718 3231 secundum
770 3166 1164 3221 humanitatem
1224 3164 1545 3227 derivatur,
1598 3163 1884 3239 magniﬁce
1931 3174 1985 3217 et

418 3266 670 3336 regaliter
704 3271 1005 3325 exstructo,
1030 3258 1187 3327 cujus
1212 3256 1342 3311 illud
1370 3253 1679 3310 Solomonis
1707 3266 1823 3310 erat
1854 3271 1986 3326 pra:-

415 3360 684 3430 tiauratio,
711 3370 881 3420 novw,
910 3356 1153 3424 inquam,
1174 3350 1324 3412 Sion,
1350 3365 1489 3404 arca:
1513 3350 1981 3413 sanctificationis,

418 3452 726 3508 Servatoris
756 3446 929 3503 nostri
960 3445 1234 3509 Ecclesia,
1268 3459 1429 3512 quam
1462 3459 1624 3512 super
1653 3442 1983 3512 apostolico-

414 3562 535 3600 rmn
573 3544 954 3596 mandaturum
989 3548 1196 3608 petram
1232 3552 1421 3591 revera
1477 3536 1727 3591 stabilem
1776 3546 1829 3589 et
1885 3536 1987 3588 im-

415 3637 670 3691 mobilem
708 3631 943 3702 Spiritus
974 3640 1198 3685 sanctus
1225 3629 1536 3691 mdiﬁcavit,
1568 3628 1721 3681 inulti
1769 3628 1982 3681 diversa

419 3743 643 3782 munera
677 3725 1013 3786 obtulerunt,
1042 3738 1163 3792 quae
1198 3723 1249 3775 in
1279 3722 1649 3775 immobilibus
1675 3720 1985 3789 possessio-

416 3822 577 3875 nibus
613 3826 926 3887 spectantur
960 3815 1026 3868 ad
1065 3815 1329 3869 orientem
1364 3823 1419 3867 et
1463 3814 1802 3867 occidentem
1838 3812 1983 3875 sitis,

416 3922 471 3967 et
506 3916 560 3966 in
597 3911 873 3980 aliquibus
906 3908 1123 3961 insulis.
1151 3906 1406 3971 Quaedam
1440 3916 1494 3958 et
1531 3920 1623 3971 per
1653 3905 1982 3973 emptionem

419 4005 486 4057 ab
510 4018 574 4057 eo
611 4010 737 4056 sunt
768 4000 1052 4067 requisita.
1087 3996 1289 4050 [lorum
1321 3997 1487 4047 inulta
1532 3998 1621 4063 (ne
1651 3995 1829 4047 dieun
1866 3997 1984 4064 pln-

417 4096 577 4166 ritna)
613 4092 848 4148 diversis
900 4108 985 4181 ex.
1013 4092 1197 4145 causis
1228 4090 1290 4143 ad
1330 4089 1518 4142 iiscum
1561 4089 1828 4157 pertinere
1860 4105 1987 4143 ceu-

418 4190 680 4242 sebantur
714 4187 781 4238 ab
817 4184 905 4245 iis,
957 4180 1048 4243 qui
1088 4180 1289 4247 ubique
1332 4188 1500 4242 sunt,
1539 4180 1739 4249 publici
1783 4195 1986 4233 census

416 4278 845 4348 descriptoribus
878 4277 1110 4342 aliisque
1153 4275 1206 4326 in
1240 4273 1510 4341 ejusmodi
1561 4287 1722 4327 renus
1774 4273 1985 4325 excrci-

418 4366 747 4438 tatis.309
770 4368 1035 4431 Quoniam
1067 4374 1246 4418 autem
1286 4363 1390 4417 hoc
1424 4364 1490 4417 ad
1525 4364 1827 4431 majestatis
1855 4378 1987 4415 mea:

420 4477 579 4516 aures
612 4460 923 4529 frequenter
951 4457 1188 4510 delatum
1213 4465 1297 4509 est
1330 4470 1358 4506 a
1391 4456 1653 4509 relatione
1679 4472 1866 4509 eorum
1894 4460 1985 4524 qui

424 4552 586 4620 hujus
624 4550 805 4619 magni
840 4557 893 4600 ct
930 4549 1069 4602 sacri
1105 4550 1287 4617 templi
1318 4557 1445 4601 sunt
1479 4548 1771 4612 (BCUIIOIIti,
1800 4550 1984 4601 statim

427 4644 561 4697 nihil
593 4652 846 4695 cunctata
884 4639 1145 4709 niajestas
1176 4656 1293 4694 mea
1319 4640 1459 4693 hanc
1496 4650 1815 4710 praesentem
1853 4642 1986 4695 deti-

420 4737 680 4790 nitionem
731 4735 907 4785 Aurea
939 4731 1087 4785 Bulla
1140 4733 1404 4785 munitam
1459 4733 1813 4786 sanctissimo
1856 4734 1984 4788 huic

419 4825 619 4895 templo
665 4826 889 4892 elargita
945 4834 1065 4890 est;
1105 4840 1198 4893 per
1247 4840 1412 4893 quam
1463 4827 1512 4879 ei
1551 4840 1683 4894 pure
1733 4826 1902 4880 donat
1935 4838 1989 4881 et

419 4918 669 4975 concedit
718 4931 904 4973 nostra
942 4919 1115 4987 pietas
1148 4920 1332 4971 omnia
1359 4958 1373 4982 ,
1403 4933 1524 4988 qua:
1557 4921 1622 4974 ad
1660 4920 1848 4975 [iscum
1888 4938 1984 4977 seu

420 5010 695 5083 publicum
728 5012 1216 5082 quomodocunque
1264 5011 1553 5078 pertinent,
1576 5027 1640 5064 ex
1672 5012 1757 5074 iis,
1784 5028 1904 5081 qua:
1936 5015 1988 5067 in

420 5111 628 5161 oriente
663 5115 716 5159 ct
752 5107 1032 5159 occidente
1062 5116 1111 5157 et
1140 5106 1191 5156 in
1231 5106 1483 5158 munibus
1538 5106 1734 5160 insulis
1769 5108 1837 5161 ab
1882 5107 1988 5160 illis

425 5199 794 5268 possidentur,
837 5198 1255 5251 omnifariorum
1291 5197 1651 5251 immobilium
1684 5200 1987 5266 possessio-

424 5292 603 5350 uibus,
640 5298 900 5358 tanquam
952 5289 1154 5342 donum
1205 5287 1324 5356 ejus
1373 5297 1426 5339 et
1486 5303 1697 5341 sacram
1750 5290 1986 5359 aliquant

425 5382 777 5446 oblationem,
838 5381 951 5435 sive
979 5381 1155 5435 coloni
1207 5383 1351 5442 sint,
1392 5380 1506 5435 sive
1548 5392 1713 5445 terra,
1763 5383 1986 5437 arabilis

429 5473 636 5526 scilicet
676 5476 754 5526 vel
793 5475 1076 5542 pratensis,
1122 5473 1205 5527 vel
1235 5478 1450 5527 consita
1488 5472 1708 5535 vitibus,
1743 5474 1823 5529 vel
1852 5475 1983 5527 hor-

428 5563 618 5626 tensis,
644 5566 725 5617 vel
766 5560 1293 5641 cujusmodicunque
1329 5566 1553 5635 praedia,
1584 5568 1696 5621 sive
1730 5567 1978 5635 inquilini

430 5658 794 5724 negotiatores
832 5658 909 5709 vel
948 5660 1210 5720 artiliccs,
1242 5669 1294 5711 et
1329 5659 1374 5713 si
1403 5670 1583 5713 castra
1620 5660 1983 5728 in'aliquibus

423 5764 611 5804 eurum
647 5758 928 5802 exstructa
964 5750 1113 5813 sitit,
1148 5750 1227 5802 vel
1275 5749 1471 5817 aliquid
1522 5753 1692 5814 aliud,
1739 5754 1880 5822 quod
1919 5755 1982 5808 ad

2169 2516 2329 2571 Ἀλλὰ
2362 2518 2453 2571 καὶ
2486 2522 2549 2589 τῇ
2579 2521 2860 2592 ἁγιωτάτῃ
2889 2518 2980 2573 τοῦ
3008 2519 3145 2572 Θεοῦ
3177 2520 3404 2588 Μεγάλῃ
3468 2519 3675 2591 ἐκκλη-

2086 2609 2179 2680 σία
2210 2611 2497 2682 ὲπωρέχθη
2528 2613 2926 2682 χρυσόϐουλλον
2957 2613 3050 2667 τοῦ
3082 2613 3347 2683 κραταιοῦ
3372 2614 3529 2681 ἡμῶν
3566 2612 3670 2682 βκο

2089 2703 2305 2769 σιλέως,
2334 2705 2506 2761 ταῦτα
2536 2707 2679 2760 κατὰ
2707 2707 2859 2777 ῥῆμα
2894 2707 3268 2778 διαλαμϐάνον
3289 2724 3304 2739 ⁸

2158 2796 2265 2847 Καὶ
2298 2795 2372 2868 τῷ
2417 2797 2638 2868 παλαιῷ
2685 2799 2786 2867 μὲν
2821 2799 3015 2869 ἐκείνῳ
3061 2800 3158 2853 καὶ
3190 2800 3514 2870 περιπύστῳ
3564 2799 3671 2866 τῆς

2091 2886 2185 2941 τοῦ
2218 2885 2566 2956 Σολομῶντος
2593 2890 2784 2959 σοφίας
2816 2890 2931 2961 ναῷ
2953 2893 3013 2943 τὸ
3042 2893 3185 2944 κατὰ
3225 2893 3457 2962 δύναμιν
3481 2909 3671 2962 προσ-

2092 2978 2288 3047 έφερον
2326 2978 2638 3050 ξύμπαντες
2663 2997 2675 3010 '
2705 2983 2799 3034 καὶ
2838 2981 2915 3052 τῷ
2950 2982 3081 3052 ἱερῷ
3109 2983 3164 3035 δὲ
3192 2982 3367 3052 τούτῳ
3396 2985 3489 3035 καὶ
3510 3000 3670 3052 παμο

2096 3071 2333 3143 μεγίστῳ
2384 3074 2600 3143 τεμένει
2630 3074 2706 3140 τῷ
2741 3074 2830 3128 ἐπ’
2872 3076 3096 3145 ὀνοματι
3138 3080 3236 3147 τῆς
3264 3077 3359 3129 τοῦ
3397 3076 3533 3129 Θεοῦ
3569 3076 3670 3128 Σο·-

2089 3164 2240 3232 φίας,
2271 3164 2367 3217 τοῦ
2422 3170 2516 3218 καὶ
2566 3168 2630 3220 ὲκ
2687 3167 3035 3238 Σολομῶντος
3070 3172 3418 3239 κατηγμένου
3475 3170 3569 3222 καὶ
3600 3171 3670 3221 ἐκ

2092 3256 2254 3309 Δαϐὶδ
2282 3258 2419 3311 κατὰ
2450 3260 2509 3311 τὸ
2539 3260 2901 3329 ἀνθρώπινον,
2933 3262 3232 3330 φιλοτίμως
3256 3261 3414 3323 ὄντας
3451 3262 3665 3330 ἐνιδρυο

2096 3350 2239 3419 μένῳ
2272 3351 2364 3402 καὶ
2386 3352 2461 3419 τῷ
2484 3351 2597 3404 ὄντι
2631 3352 2946 3421 βασιλικῶς,
2979 3350 3038 3408 οὗ
3072 3356 3321 3417 κάκεῖνος
3347 3351 3414 3424 ἦν
3445 3356 3473 3407 ὁ
3507 3355 3669 3407 Σολο-

2095 3439 2356 3510 μὼντειος
2388 3443 2822 3513 προεκτύπωμα,
2857 3449 2921 3517 τῇ
2963 3447 3059 3517 νέᾳ
3105 3447 3246 3514 λέγω
3278 3447 3439 3509 Σιὼν,
3468 3450 3534 3516 τῇ
3567 3446 3663 3499 τοῦ

2093 3535 2431 3604 ἀγιάσματος
2465 3536 2705 3607 κιϐωτῷ,
2745 3540 2810 3609 τῇ
2844 3538 2940 3590 τοῦ
2968 3539 3218 3608 Σωτῆρος
3244 3540 3401 3609 ἡμῶν
3434 3538 3666 3606 Ἐκκληο

2095 3629 2208 3698 σία,
2235 3629 2302 3697 ἣν
2334 3633 2399 3699 τῇ
2441 3633 2619 3702 πέτρᾳ
2678 3632 3069 3703 ἐπῳκοδόμησε
3118 3634 3226 3686 τῶν
3281 3633 3664 3686 ἁποστολικῶν

2092 3721 2389 3787 διατάξεων
2442 3724 2503 3775 τὸ
2566 3724 2789 3793 Πνεῦμα
2821 3726 2880 3777 τὸ
2934 3724 3087 3792 ἅγιον
3115 3725 3282 3786 ὅντως
3317 3727 3539 3796 ἀρραγῆ
3568 3728 3663 3778 καὶ

2095 3807 2410 3877 ἀκλὸνητον,
2434 3810 2668 3879 διάφορα
2702 3811 2889 3864 πολλοὶ
2940 3814 3291 3883 προσήγαγον
3314 3815 3661 3885 ἁναθὲματα,

2094 3899 2151 3949 ἐν
2186 3901 2462 3968 ἀκινήτοις
2503 3900 2856 3971 θεωρούμενα
2914 3906 3140 3975 κτήσεσι
3197 3905 3339 3959 κατά
3370 3924 3427 3958 τε
3458 3909 3559 3977 τὴν
3589 3908 3665 3959 ἔω

2093 3991 2464 4059 διακειμέναις
2490 3994 2583 4045 καὶ
2612 3993 2746 4063 πρδς
2775 3993 3005 4063 δυσμὰς,
3032 3997 3167 4049 ἀλλὰ
3188 3998 3250 4067 δὴ
3278 4001 3369 4050 καὶ
3398 4002 3539 4051 κατὰ
3555 4001 3664 4053 τῶν

2094 4086 2275 4153 νήσων
2304 4086 2482 4150 τινάς.
2520 4088 2639 4140 Εἰσὶ
2690 4090 2735 4142 δ’
2785 4089 2821 4143 ἃ
2858 4091 3156 4161 περιῆλθον
3188 4094 3365 4162 τούτῳ
3418 4096 3511 4147 καὶ
3543 4095 3662 4147 κατ’

2095 4179 2376 4247 ὲξώνησιν.
2416 4180 2635 4233 Τούτων
2683 4182 2852 4236 πολλὰ
2881 4185 3006 4253 (ἵνα
3057 4186 3130 4254 μὴ
3168 4186 3310 4254 λέγω
3361 4188 3428 4241 τὰ
3456 4188 3663 4258 πλείω)

2095 4274 2157 4322 ὲκ
2183 4271 2454 4339 διαφόρων
2482 4274 2823 4343 αἱτιαμὰτων
2852 4277 2930 4347 τῷ
2956 4278 3199 4349 δημοσίῳ
3225 4283 3663 4351 προσαρμόττειν

2093 4363 2505 4431 διεγινώσκοντο
2565 4368 2717 4435 παρὰ
2750 4385 2809 4418 τε
2848 4368 2954 4420 τῶν
2991 4371 3357 4439 ἀνα-γραφέων
3418 4375 3512 4424 καὶ
3554 4376 3663 4424 τῶν

2016 4489 2067 4548 D
2096 4457 2264 4509 ἄλλων
2297 4460 2424 4528 περὶ
2450 4459 2619 4511 ταῦτα
2646 4460 2851 4513 δεινῶν.
2899 4461 3050 4513 Ἐπεὶ
3088 4463 3142 4514 δὲ
3177 4467 3291 4525 ταῖς
3326 4467 3513 4525 ἀκοαῖς
3544 4467 3664 4560 ἐνη-

2094 4548 2231 4619 χήθη
2267 4549 2366 4618 τῆς
2403 4551 2683 4618 βασιλείας
2710 4569 2811 4620 μου
2848 4552 2908 4616 ἐξ
2940 4554 3220 4624 ἀναφορᾶς
3259 4556 3367 4608 τῶν
3398 4557 3541 4609 κατὰ
3570 4548 3665 4610 ’ἱὸν

2095 4643 2351 4710 μέγιστον
2368 4645 2553 4695 τοῦτον
2576 4646 2670 4697 καὶ
2688 4644 2827 4697 θεῖον
2849 4647 3277 4715 οἰκονομούντων
3296 4648 3446 4713 ναὸν,
3466 4652 3668 4704 αὐτίκα

2095 4736 2259 4805 μηδὲν
2321 4737 2594 4807 μελλῆσαν
2652 4739 2711 4789 τὸ
2743 4738 3009 4809 ἡμέτερον
3054 4741 3255 4808 κράτος
3292 4744 3383 4794 τὸν
3418 4744 3665 4813 παρόντα

2093 4829 2485 4897 χρυσόὸουλλον
2520 4830 2678 4899 λόγον
2708 4830 2785 4900 τῷ
2822 4833 3115 4900 πανσέπτῳ
3146 4834 3318 4906 τούτῳ
3384 4839 3538 4907 σηκῷ
3568 4843 3668 4891 επ·-

2094 4920 2413 4991 εὸροὶεευιε,
2438 4922 2504 4974 δι’
2526 4917 2585 4976 οὗ
2613 4922 2865 4994 καθαρῶς
2890 4925 3037 4994 αὐτῷ
3060 4926 3309 4996 δωρεῖταί
3326 4946 3385 4981 τε
3413 4932 3507 4982 καὶ
3529 4931 3666 4984 ἁπο-

2094 5013 2377 5082 χαρίζεται
2408 5016 2439 5083 ὴ
2474 5016 2720 5086 ἡμετέρα
2772 5018 3021 5070 εὐσέϐεια
3054 5021 3270 5073 ἅπαντα
3297 5024 3365 5076 τὰ
3396 5025 3472 5094 τῷ
3500 5026 3666 5096 δημο-

2096 5104 2195 5174 σίῳ
2227 5106 2583 5175 ὁπωσδήποτε
2617 5106 2943 5179 διαφέροντα
2986 5112 3095 5163 ἀπό
3125 5130 3185 5164 τε
3215 5115 3323 5166 τῶν
3345 5120 3401 5168 ὲν
3432 5120 3497 5187 τῇ
3534 5120 3667 5172 ἁνα-

2092 5198 2219 5266 τολῇ
2241 5200 2334 5250 καὶ
2358 5201 2422 5269 τῇ
2453 5199 2601 5251 δύσει
2632 5203 2723 5253 καὶ
2756 5205 2870 5265 ταῖς
2890 5203 3039 5266 ὅλαις
3067 5207 3250 5276 νήσοις
3281 5212 3666 5279 κατεχομένων

2094 5290 2223 5359 παρ’
2277 5291 2459 5353 αὐτοῖς
2511 5296 2782 5347 παντοίων
2840 5299 3115 5369 ἀκινήτων
3182 5304 3545 5372 ἐπικτήσεων,
3590 5306 3662 5368 ὡς

2093 5381 2260 5451 δῶρον
2291 5384 2494 5453 ταύτης
2535 5386 2628 5437 καὶ
2664 5387 2825 5456 ter/3v,
2857 5406 2907 5441 τι
2947 5393 3224 5461 ἀνάθημα,
3278 5394 3379 5447 κᾶν
3409 5398 3663 5467 πάροικοι

2094 5468 2215 5539 ῶσι,
2246 5475 2346 5528 κᾶν
2378 5477 2471 5546 γῆ,
2504 5480 2770 5548 ἁρόσιμος
2793 5484 2950 5552 τυχὸν
2986 5486 3017 5557 ἢ
3043 5486 3317 5541 λιδαδιαία
3343 5490 3374 5561 ἢ
3400 5491 3655 5561 ὑπαμπε-

2093 5568 2182 5630 λος
2216 5570 2247 5636 ἢ
2280 5570 2645 5640 κηπεύσιμο;,
2707 5575 2810 5625 κᾶν
2861 5577 3166 5647 αὑτούργια
3216 5582 3526 5650 οἱαδητινα,
3557 5587 3658 5637 xiv

2094 5661 2291 5713 ἔνοικοι
2320 5667 2743 5732 πραγματευταὶ
2772 5667 2803 5736 ἦ
2834 5670 3283 5741 ἐργαστηριακοὶ,
3321 5676 3424 5729 κᾶν
3446 5680 3659 5747 xcieth

2098 5757 2154 5808 ἐν
2186 5771 2294 5805 τισι
2327 5754 2525 5806 τούτων
2551 5756 2997 5830 ᾡκοδομὴθησαν,
3030 5765 3133 5817 κᾶν
3158 5766 3344 5836 ἕτερόν
3375 5786 3429 5822 τι
3447 5772 3663 5824 ὁποιον-
