4074 6214
392 374 498 439 945

1439 380 1514 439 lN
1554 380 1720 440 CAN.
1763 377 1873 438 ΧΠ
1911 377 2114 440 CONC.
2149 380 2257 440 VII
2295 380 2645 445 (ECUMEN.

3520 376 3624 442 M6

392 489 661 557 δηποτοῦν
689 489 766 560 τῷ
787 491 1028 564 δημοσίῳ
1047 493 1303 564 διαφέρον
1325 493 1383 546 ἐν
1412 493 1620 556 τούτοις
1641 489 1950 561 ἐφεύρηται.

2067 490 2337 559 publicum
2389 495 2574 563 utique
2603 491 2855 563 pertinet,
2889 493 2942 547 in
2993 493 3059 547 iis
3112 492 3392 548 inventum
3437 492 3621 548 fuerit.

405 584 736 655 Ἐπανορθοῖ
775 586 830 640 δὲ
857 588 888 656 ἡ
917 587 1161 654 βασιλεία
1197 605 1296 657 μου
1326 587 1412 641 διὰ
1444 588 1539 640 τοῦ
1577 588 1848 659 παρόντος
1871 587 1961 639 εὑ-

393 674 590 734 σεϐοὗς
630 677 1027 746 χρυσοὸοὑλλου
1073 677 1236 746 λόγου
1267 679 1360 731 καὶ
1386 679 1485 732 ὅσα
1524 695 1626 732 που
1653 677 1956 748 χωλεύοντα

393 768 744 836 εὑρίσκονται
797 771 892 825 ἐπὶ
923 774 1034 834 τοῖς
1084 771 1346 840 προσοῦσι
1379 775 1443 843 τῇ
1475 772 1828 843 διαληφθείσῃ
1863 772 1956 826 τοῦ

391 861 530 912 Θεοῦ
567 861 790 932 Μεγάλῃ
830 863 1096 934 ἐκκλησίᾳ
1150 863 1531 934 δικαιώμασιν,
1573 867 1631 918 ἐν
1663 867 1795 918 πᾶσι
1845 870 1958 930 τοῖς

392 952 656 1017 τοιούτοις
689 955 984 1022 ἀκινήτοις.
1012 957 1166 1008 ὁποῖα
1205 958 1268 1009 ἂν
1291 959 1383 1010 καὶ
1414 953 1535 1018 ὦσι,
1569 959 1662 1011 καὶ
1690 959 1869 1013 πάντα
1891 959 1960 1012 τὰ

393 1041 666 1113 πρὸσόντα
700 1047 836 1117 αὑτῇ
872 1050 1012 1102 κατά
1033 1066 1089 1102 τε
1115 1049 1266 1103 δὺσιν
1304 1053 1398 1104 καὶ
1440 1051 1704 1124 ἀνατολὴν
1737 1053 1831 1106 καὶ
1859 1053 1970 1115 τὰς,

389 1135 519 1199 ὅλας
551 1139 768 1207 νήσους,
801 1140 874 1202 ὡς
907 1139 1001 1192 νῦν
1034 1141 1183 1211 παρὰ
1204 1143 1303 1208 τῆς
1329 1142 1604 1212 βασιλείας
1630 1161 1730 1212 μου
1755 1142 1962 1212 δωρού-

393 1244 532 1292 μενα
591 1230 686 1280 καὶ
735 1231 1140 1298 παραδιδόμενα
1188 1231 1359 1300 ταύτῃ
1386 1229 1696 1299 λογίζεσθαι
1748 1230 1836 1283 διὰ
1860 1231 1958 1299 τῆς

391 1319 674 1390 παρούσης
704 1320 961 1383 εὐσεϐοῦς
987 1323 1383 1391 χρυσοδοὺλλου
1411 1324 1692 1392 γραφῆςῗή
1727 1322 1959 1390 γαληνόὲ

388 1430 490 1478 της
516 1413 678 1482 ἡμῶν
713 1414 961 1477 θεσπίζει
1011 1417 1105 1469 καὶ
1161 1415 1475 1487 διορίζεται.
1528 1417 1629 1469 Διὰ
1661 1419 1770 1486 γὰρ
1803 1415 1958 1468 τοῦτο

387 1506 485 1557 καὶ
532 1507 925 1575 περιορισμοὺς
981 1507 1250 1577 προϐῆναι
1298 1507 1658 1577 λεπτομερεῖς
1687 1507 1956 1559 παντοίων

385 1597 664 1664 ἀκινήτων
696 1597 1030 1665 δηλωτικοὺς
1078 1600 1172 1650 καὶ
1208 1597 1316 1650 τῶν
1345 1598 1402 1650 ἐν
1430 1597 1613 1658 αὑτοῖς
1643 1596 1958 1666 προσκαθη-

391 1688 570 1752 μένων
625 1687 908 1757 παροίκων
943 1705 998 1742 τε
1026 1689 1119 1741 καὶ
1150 1690 1394 1754 ἐνοίκων,
1431 1688 1511 1741 ἔτι
1540 1689 1596 1741 δὲ
1641 1689 1735 1741 καὶ
1765 1687 1871 1741 τῶν
1899 1689 1956 1740 ἐν

384 1778 598 1841 τούτοις
631 1781 1036 1852 εὑρισκομένων
1089 1782 1360 1835 παντοίων
1411 1783 1774 1853 αὑτουργίων,
1806 1783 1958 1852 παρὰ

2019 1237 2024 1239 ’
2065 1245 2094 1282 a
2167 1228 2451 1296 majestate

2066 581 2168 638 Per
2204 596 2519 654 prmsentem
2565 595 2745 641 autem
2785 585 2924 641 hanc
2973 595 3027 640 et
3072 586 3214 656 piam
3248 585 3619 640 deﬁnitionem

2065 676 2239 731 Aurea
2272 675 2421 730 Bulla
2477 679 2735 732 unmitam
2775 679 3032 746 majestas
3071 694 3184 732 mea
3231 678 3454 749 corrigit
3483 695 3631 748 quar-

2065 784 2279 836 cunqne
2315 770 2622 826 claudicare
2669 771 3023 825 inveniuntur
3056 771 3107 823 in
3159 771 3250 836 iis,
3299 785 3420 839 qua:
3473 770 3630 823 dictae

2065 861 2271 928 Magna:
2322 862 2413 916 Dei
2449 862 2712 918 Ecclesia:
2736 864 2960 926 adsunt,
2990 863 3210 932 inribus
3240 878 3303 916 ac
3335 863 3536 924 titulis,
3569 861 3623 915 in

2065 955 2322 1008 omnibus
2386 953 2654 1021 ejusmodi
2711 955 3104 1017 immobilibus,
3164 965 3504 1020 qnzecunque
3565 965 3628 1003 ea

2068 1043 2306 1110 fuerint;
2364 1053 2417 1099 et
2479 1047 2657 1098 omnia
2724 1037 2846 1114 Qum
2908 1045 3016 1098 illis
3049 1044 3267 1107 adsunt,
3317 1043 3371 1096 in
3421 1042 3631 1095 oriente

2065 1146 2118 1190 et
2171 1135 2494 1198 occidente,
2544 1146 2595 1190 et
2652 1137 2707 1190 iu
2771 1135 3027 1190 omnibus
3090 1133 3312 1194 insulis,
3366 1142 3425 1186 ut
3484 1145 3632 1185 nunc

2541 1244 2657 1282 mea
2730 1231 2852 1282 data
2939 1237 2993 1283 et
3061 1228 3107 1281 ei
3184 1241 3448 1280 concessa
3529 1239 3632 1293 pu-

2068 1319 2455 1391 tentur,'pcr
2532 1325 2632 1377 boc
2711 1323 2973 1391 scriptum
3055 1337 3295 1391 prtesens
3371 1320 3633 1388 piumque

2063 1414 2240 1470 Aurea
2261 1417 2410 1468 Bulla
2435 1417 2698 1468 munitum
2728 1414 2993 1469 serenitas
3026 1424 3209 1468 nostra
3232 1413 3383 1480 jubet
3412 1412 3632 1465 statuit-

2064 1523 2190 1576 que.
2225 1507 2304 1561 Ob
2339 1524 2454 1562 eam
2504 1509 2646 1562 enim
2700 1523 2920 1560 causam
2966 1518 3019 1560 et
3069 1515 3288 1560 exactas
3335 1504 3631 1576 procedere

2063 1599 2472 1668 descriptiones,
2509 1598 2941 1667 qumdcclarent
2979 1599 3245 1667 cujusque
3274 1595 3490 1666 generis
3522 1595 3628 1647 im-

2065 1693 2305 1756 mobilia,
2337 1701 2390 1748 et
2415 1693 2506 1762 qui
2544 1694 2622 1746 eis
2669 1702 2906 1760 praesunt
2944 1691 3166 1744 colonos
3204 1699 3256 1742 et
3301 1685 3627 1757 inquilinos,

2063 1799 2164 1838 nec
2216 1799 2319 1838 non
2365 1787 2545 1839 omnis
2583 1785 2797 1853 generis
2830 1785 3030 1853 praedia
3069 1784 3269 1838 rustica
3312 1783 3365 1835 in
3418 1780 3500 1834 eis
3535 1778 3624 1830 in-

383 1875 495 1927 τῶν
526 1874 666 1928 κατὰ
692 1850 888 1938 τόπους
920 1875 1306 1946 ἀναγραφέων,
1331 1876 1425 1930 καὶ
1460 1850 1594 1938 ταῖς-
1616 1850 1950 1945 πιστωθῆναι

2063 1886 2244 1938 venta,
2277 1891 2303 1929 a
2351 1878 2597 1930 locorum
2649 1877 3102 1946 descriptoribus,
3151 1888 3452 1942 eorumque
3499 1869 3629 1924 sub-

385 1965 756 2031 ὑπογραφαῖς,
794 1965 888 2018 καὶ
916 1965 991 2034 τῷ
1023 1967 1178 2036 μέρει
1218 1965 1318 2035 τῆς
1363 1967 1671 2038 ἁγιωτάτης
1696 1967 1958 2038 Μεγάλης

386 2057 687 2126 ἐκκλησίας
756 2058 1069 2128 ἐπιδοθῆναι
1119 2059 1199 2120 είς
1232 2059 1536 2128 ἀσφάλειαν
1593 2059 1957 2124 αἰωνίζουσαν

380 2149 443 2201 τὸ
471 2152 670 2219 κράτος
699 2152 858 2221 ήμῶν
920 2151 1296 2219 ἐγκελεΰεται,
1347 2155 1420 2216 ὡς
1452 2154 1519 2207 ἂν
1545 2147 1647 2207 ὦσι
1677 2155 1811 2225 δῆλα
1862 2156 1956 2208 καὶ

379 2244 764 2312 ἀναμφίλεκτα
813 2243 1124 2314 ξύμπαντα,
1156 2247 1248 2298 καὶ
1303 2245 1572 2313 μηδέποτε
1606 2246 1716 2299 τῶν
1745 2245 1955 2314 καιρῶν

379 2336 475 2387 ὑπ’
505 2337 793 2405 ἀνάκρισιν
820 2336 1038 2403 ἄγοιντο
1059 2335 1188 2408 παρ’
1205 2337 1514 2391 οὑτινοσοῦν
1539 2337 1648 2390 τῶν
1673 2337 1812 2391 κατὰ
1834 2357 1955 2391 καιο

384 2430 512 2495 pob;
561 2428 927 2499 ἀναγραφέων
968 2429 1000 2498 ἢ
1053 2429 1306 2482 ἐπόπτων
1357 2431 1390 2498 ἢ
1427 2430 1698 2495 ἐξισωτῶν
1725 2434 1820 2484 καὶ
1845 2432 1955 2485 τῶν

379 2519 557 2572 ἄλλως
586 2518 998 2588 ἀνερευνώντων
1020 2517 1088 2574 τὰ
1113 2519 1443 2588 δημοσιακὰ,
1475 2522 1585 2574 τῶν
1607 2521 1954 2589 δηλωθέντων

380 2609 761 2678 περιορισμῶν
841 2611 1367 2679 ἐγκαταστρωθῆναι
1445 2611 1771 2678 ὀφειλόντων
1837 2616 1954 2675 τοῖς

378 2700 718 2770 προσφόροις
753 2701 1034 2770 σεκρέτοις
1061 2699 1129 2752 δι’
1161 2701 1390 2771 εἴδησιν.
1423 2702 1557 2755 Οὐδέ
1598 2702 1706 2772 γὰρ
1737 2701 1952 2769 ἐξέσται

375 2793 487 2844 τινὶ
507 2793 712 2846 τούτων
738 2793 794 2845 ἐν
823 2793 1125 2864 οἶῳδήποτε
1148 2795 1326 2864 χρόνῳ
1358 2795 1480 2848 καθ’
1499 2796 1800 2864 οίονδήτινα
1827 2802 1954 2868 τρόο

377 2901 485 2935 πον
515 2883 573 2936 ἐν
621 2885 738 2946 τοῖς
784 2884 1045 2946 τοιούτοις
1073 2887 1236 2938 πᾶσιν
1280 2886 1558 2952 ἀκινήτοις
1607 2887 1950 2957 είσέρχεσθαι

377 2973 757 3042 ὁπωσδήποτε,
785 2975 818 3045 ἢ
846 2973 1002 3028 ταῦθ’
1024 2975 1128 3028 ὑπὸ
1151 2976 1378 3046 ζήτησιν
1403 2977 1561 3045 ἄγειν
1584 2981 1678 3031 καὶ
1707 2980 1951 3046 ἐξέτασιν

374 3067 712 3133 οἷανδήτινα.
768 3065 910 3119 Ἀλλ’
941 3066 1060 3127 οὑδέ
1093 3066 1434 3137 δικαιώματα
1467 3069 1559 3122 ἐπὶ
1585 3069 1792 3134 τούτοις
1825 3073 1914 3126 ἐπι
1930 3086 1960 3112 ο·

377 3157 665 3229 ζητητέον,
701 3157 762 3211 οὑ
820 3161 1088 3212 καπνικὸν
1117 3160 1618 3230 ἀναλαμϐάνεσθαι,
1651 3164 1708 3217 οὑ
1745 3182 1952 3236 μετρη-

375 3251 578 3311 τίκιον,
611 3251 710 3320 οὐχ
753 3249 944 3320 ἕτερόν
996 3268 1048 3304 τι
1078 3251 1454 3322 οίονδηποτοῦν
1483 3256 1835 3327 φορολόγημα
1869 3259 1951 3322 είς

377 3342 572 3412 κέρδος
602 3346 712 3406 τοῖς
741 3345 1157 3414 ἀεναγραφεῦσιν
1209 3346 1616 3415 ἑπινοοὺμενον.
1644 3350 1954 3420 ἀποτρεπο-

379 3439 564 3500 μένοις
613 3438 677 3504 τῇ
706 3436 977 3507 ἐμφανεῖς(
1018 3439 1112 3491 καὶ
1147 3439 1282 3509 μόνῃ
1321 3439 1412 3492 τοῦ
1457 3443 1724 3509 παρόντος
1751 3462 1950 3513 χρυσο-

375 3527 606 3581 εοὺλλου
636 3528 794 3596 λόγου
829 3528 926 3596 τῆς
962 3528 1239 3598 βασιλείας
1271 3549 1398 3597 μου,
1425 3534 1520 3584 καὶ
1552 3533 1660 3585 τῶν
1681 3535 1952 3605 προϐήσο-

377 3620 558 3684 μένων
585 3619 975 3689 περιορισμῶν,
1001 3619 1075 3684 ὡς
1097 3622 1426 3691 διείληπται.
1458 3625 1610 3677 Πᾶσα
1634 3627 1688 3678 δὲ
1716 3627 1953 3696 πρόστα-

375 3711 462 3775 ξις
493 3714 766 3777 γεγονυῖα,
822 3711 932 3764 εἴτε
968 3712 1097 3782 περὶ
1131 3717 1659 3785 προαφωρισμένων,
1686 3721 1795 3773 εἴτε
1821 3723 1950 3792 περὶ

372 3804 732 3872 κλασμάτων,
766 3805 874 3856 εἴτε
927 3804 1057 3875 περὶ
1108 3807 1484 3874 συμπαθειῶν,
1521 3811 1631 3862 εἴτε
1681 3813 1809 3882 περὶ
1841 3817 1950 3868 τῶν

371 3897 487 3948 ἀπὸ
520 3895 792 3948 ταπεινῶν
847 3895 1070 3965 στίχων,
1128 3898 1238 3948 εἴτε
1269 3899 1399 3967 περὶ
1430 3899 1539 3952 τῶν
1569 3902 1948 3973 ὑποκειμένων

371 3988 498 4050 ταῖς
527 3988 815 4057 χαραγαῖς,
852 3989 964 4039 εἴτε
1018 3989 1145 4060 περὶ
1175 3991 1473 4059 στρατειῶν
1505 3998 1947 4066 συμπεπαθημέ-

371 4096 506 4139 νων,
538 4079 640 4131 κᾶν
675 4079 749 4148 μὴ
776 4080 1142 4147 ἀντισήκωσις
1181 4081 1384 4136 τούτων
1409 4084 1643 4151 ἐγένετο,
1675 4087 1786 4141 εἴτε
1818 4093 1947 4160 περὶ

369 4168 472 4221 τοῦ
521 4171 619 4232 τὰς
671 4170 908 4234 ἁπόσους
965 4173 1038 4240 μὴ
1092 4173 1349 4243 στέργειν
1401 4176 1634 4246 δωρεὰς,
1671 4179 1782 4232 είτε
1819 4185 1946 4253 περὶ

367 4261 703 4327 οίουδήτινος
730 4262 915 4332 ἐτέρου
969 4265 1272 4332 κεφαλαίου
1301 4265 1643 4339 ἐξεφωνήθη,
1680 4273 1775 4324 καὶ
1807 4277 1948 4328 κατά

367 4372 427 4406 τι
453 4354 771 4408 ἐναντιῶται
815 4355 893 4425 τῷ
940 4357 1168 4426 παρόντι
1219 4358 1600 4427 χρυσοδούλλῳ
1652 4362 1796 4434 λόγῳ
1849 4367 1948 4436 τῆς

369 4447 652 4516 βασιλείας
683 4465 805 4516 μου,
837 4449 962 4500 ὅσον
1003 4449 1090 4502 ἐπ’
1123 4449 1271 4518 αὑτῷ
1320 4452 1605 4507 ἀποίσεται
1637 4455 1697 4508 τὸ
1720 4457 1948 4528 ἀνίσχυο

2060 1965 2449 2032 scriptionilms
2488 1967 2802 2020 conﬁrmari
2831 2008 2846 2031 ,
2878 1975 2932 2021 et
2963 1968 3015 2019 in
3069 1975 3384 2036 perpetuam
3421 1962 3631 2016 securi-

2058 2064 2226 2110 tatem
2298 2058 2662 2113 sanctissime
2714 2059 2918 2129 Magnae
2966 2058 3228 2114 Ecclesia:
3280 2055 3418 2109 tradi
3475 2053 3630 2124 jubet

2059 2158 2246 2204 nostra
2283 2151 2559 2220 maiestas,
2599 2163 2654 2206 ut
2686 2153 2869 2207 omnia
2912 2151 3196 2206 manifesta
3226 2161 3278 2204 et
3314 2157 3465 2204 extra
3492 2163 3631 2200 con-

2060 2242 2382 2296 troversiam
2412 2243 2584 2312 posita
2623 2246 2753 2302 sint.
2787 2259 2887 2298 nec
2917 2243 3026 2296 ullo
3063 2251 3307 2312 tempore
3335 2241 3386 2294 in
3414 2237 3628 2306 disqui-

2058 2332 2308 2388 sitionem
2330 2336 2651 2391 revocentur
2694 2353 2721 2389 a
2750 2336 3146 2403 doscriptorttttt
3198 2349 3472 2402 quoquam
3500 2372 3515 2394 ,
3543 2331 3629 2384 vel

2057 2424 2452 2491 inSpectnrnm,
2472 2429 2550 2481 vel
2585 2439 3036 2497 perteqnatorum.
3057 2435 3110 2481 et
3138 2441 3322 2480 eorum
3353 2425 3444 2494 qni
3471 2423 3630 2477 aliter

2059 2515 2260 2569 ﬁscalia
2291 2525 2729 2585 perscrutantur.
2761 2519 3054 2572 declaratis
3083 2517 3545 2588 descriptionibus
3571 2515 3625 2570 in

2058 2607 2296 2660 l’ntnram
2360 2609 2436 2662 rei
2518 2609 2836 2662 memoriam
2895 2609 3332 2678 competentibus
3372 2609 3626 2663 ‘secretis

2057 2699 2418 2754 insinuandis.
2451 2699 2634 2774 Neque
2660 2703 2801 2755 enim
2832 2703 3086 2772 cuiquam
3111 2717 3294 2756 corum
3323 2701 3433 2755 ttlln
3465 2702 3627 2754 modo

2057 2786 2265 2854 ingredi
2303 2789 2612 2858 bnjusmodi
2643 2791 2967 2856 immobilia,
3004 2805 3093 2845 aut
3126 2807 3189 2845 ea
3222 2792 3273 2844 iu
3307 2803 3627 2845 controver-

2057 2881 2194 2934 siam
2229 2880 2500 2936 deducere
2531 2889 2584 2935 et
2617 2883 3056 2950 disquisitionem
3093 2898 3477 2951 quamcunque
3523 2897 3628 2934 un-

2056 2987 2217 3040 quam
2253 2973 2454 3027 licebit.
2491 2971 2596 3028 Sed
2642 2990 2740 3028 nec
2772 2974 2837 3029 de
2867 2974 3085 3044 juribus
3121 2974 3426 3047 (Ecclesiae)
3459 2974 3511 3027 in
3541 2973 3628 3029 bis

2057 3064 2243 3120 (dictis
2275 3065 2738 3135 posscssiOnibns)
2763 3065 2958 3120 debent
2989 3067 3288 3136 inquirere.
3321 3083 3422 3121 nec
3448 3066 3624 3120 tribu-

2055 3170 2167 3213 tnm
2231 3159 2521 3212 {lunarium
2578 3175 2678 3214 nec
2723 3160 3152 3214 mensuraticunt
3209 3160 3470 3229 recipere,
3529 3175 3626 3212 nec

2058 3251 2284 3320 vectigal
2320 3251 2464 3335 aliud
2491 3252 2872 3322 quodcunque,
2905 3255 2957 3306 in
2987 3254 3197 3308 lucrum
3224 3252 3625 3316 descripturnm

2057 3343 2441 3409 excogitatum,
2499 3344 2590 3412 qui
2648 3344 2711 3398 ad
2770 3345 2943 3398 solum
3002 3353 3278 3414 aSpectum
3345 3349 3631 3411 prmscntts

2059 3435 2392 3490 deﬁnitionis
2421 3452 2552 3491 mea:
2590 3438 2888 3506 maiestatis
2917 3440 3091 3492 Aurea
3127 3436 3274 3490 Bulla
3307 3435 3550 3500 munitae,
3573 3443 3628 3486 et

2058 3527 2484 3598 descriptionum
2519 3529 2935 3596 pra-cedentium
2959 3570 2974 3593 ,
3013 3537 3070 3580 ut
3104 3527 3457 3581 constitutum
3491 3535 3574 3577 est
3601 3565 3620 3586 ,

2061 3621 2434 3688 prohibentur.
2479 3620 2669 3675 Omnis
2703 3630 2881 3673 autem
2915 3638 3036 3691 quzc
3088 3620 3230 3674 facta
3282 3628 3364 3671 est
3419 3618 3620 3682 jusaio;

2057 3710 2170 3764 sive
2199 3713 2265 3764 de
2301 3713 2450 3780 prius
2477 3713 2582 3765 alio
2611 3713 2884 3782 deputatis
2911 3753 2925 3776 .
2975 3714 3089 3767 sive
3139 3716 3206 3764 de
3256 3711 3578 3780 fragmentis
3607 3748 3623 3768 ,

2058 3804 2169 3855 sive
2203 3803 2268 3857 de
2297 3805 2892 3868 cotntniserationibus,
2933 3805 3044 3859 sive
3077 3807 3139 3856 de
3177 3804 3240 3856 iis
3275 3820 3395 3870 qum
3427 3803 3494 3854 ab
3526 3803 3627 3854 btt-

2057 3895 2278 3949 milibus
2324 3895 2633 3962 ordinibus,
2693 3895 2810 3950 sive
2867 3897 2931 3950 de
2990 3897 3053 3950 iis
3111 3913 3228 3960 qua!
3267 3895 3630 3948 incisionibus

2058 3985 2322 4048 δηιδὶρειιι.
2362 3988 2476 4040 sive
2509 3988 2574 4040 de
2622 3989 2833 4040 militiis
2879 3988 3168 4051 alIertatis,
3207 3987 3327 4040 licet
3363 4001 3626 4054 compen-

2056 4081 2196 4133 satio
2229 4079 2366 4132 laeta
2405 4097 2513 4132 non
2547 4089 2637 4140 Sll,
2671 4082 2782 4133 sive
2809 4083 2874 4134 de
2900 4098 3004 4133 non
3037 4078 3436 4149 acquiescendo
3470 4079 3628 4132 factis

2057 4174 2174 4224 sine
2206 4172 2515 4240 quantitate
2563 4172 2976 4233 donationibus,
3011 4172 3126 4226 sive
3175 4173 3241 4225 de
3295 4186 3624 4240 quacunque

2055 4265 2156 4316 alia
2193 4279 2249 4318 re
2288 4263 2425 4316 edita
2454 4263 2748 4331 estjnssio,
2781 4272 2832 4315 et
2867 4264 2972 4316 ulla
3006 4263 3058 4316 in
3090 4277 3148 4318 re
3179 4270 3447 4331 repugnet
3485 4275 3621 4330 prae-

2055 4357 2194 4409 senti
2239 4356 2539 4425 majestalis
2575 4372 2706 4410 mea:
2737 4355 3035 4410 deﬁnitioni
3073 4356 3250 4410 Aurea
3289 4353 3437 4409 Bulla
3495 4368 3625 4406 mu-

2058 4450 2201 4513 nitae,
2237 4450 2388 4504 irrita
2422 4452 2523 4505 erit
2555 4461 2609 4504 et
2638 4450 2871 4504 invalida
2907 4468 2923 4505 :
2961 4450 3061 4503 etsi
3093 4488 3107 4512 ,
3141 4465 3208 4504 ne
3253 4446 3620 4514 reseindatnr,

373 4557 490 4608 ρον,
549 4540 650 4592 κᾶν
689 4541 752 4593 τὸ
807 4541 882 4609 μὴ
919 4540 1328 4610 ἀνατρέπεσθαι
1371 4545 1465 4616 ἔχη
1517 4547 1840 4620 ἐγκείμενον
1889 4555 1946 4605 ἐν

2056 4542 2105 4595 in
2138 4558 2200 4595 ea
2233 4559 2551 4610 expressum
2587 4545 2656 4598 sit
2691 4543 2817 4612 (nisi
2849 4543 3166 4596 nominatim
3205 4541 3619 4613 pronuntiatum

368 4631 538 4700 αὑτῇ,
570 4631 619 4682 εί
660 4629 733 4700 μὴ
769 4631 948 4700 ῥητῶς
980 4633 1294 4704 ἐκφωνηθῇ.
1334 4635 1422 4687 Ἐν
1455 4636 1660 4707 είδήσει
1690 4641 1800 4712 γὰρ
1835 4659 1945 4696 πα-

371 4720 488 4773 σῶν
521 4719 630 4772 τῶν
650 4721 1040 4790 γεγενημένων
1076 4724 1428 4792 προστάξεων
1479 4728 1510 4796 ἡ
1547 4729 1794 4800 ἡμετέρα
1825 4730 1944 4784 Oeo-

369 4813 583 4877 σέϐεια,
646 4813 708 4864 τὸ
767 4815 908 4866 κατὰ
984 4813 1150 4883 μέρος
1193 4816 1400 4880 ταύτας
1450 4820 1945 4890 ἀπαριθμήσασθαι

368 4904 648 4970 παρέλκον
677 4904 942 4974 ἡγήσατο,
980 4906 1073 4957 καὶ
1097 4905 1173 4967 ὡς
1202 4907 1508 4971 ίδιαιτὰτως
1541 4911 1943 4982 ἀριθμηθείσας

369 4997 466 5047 καὶ
491 4995 896 5064 ἀνατραπείσας
924 4997 1045 5049 ὅσον
1076 4999 1166 5049 ἐπὶ
1195 4998 1272 5068 τῷ
1303 4999 1534 5067 παρόντι
1561 5001 1942 5073 χρυσοϐοὑλλῳ

364 5086 536 5154 λόγῳ,
568 5086 882 5154 λογίζεσθαι
909 5087 1113 5150 ταύτας
1145 5089 1388 5154 θεσπίζει
1445 5091 1476 5162 ὴ
1515 5091 1764 5154 βασιλεία
1813 5113 1936 5164 μου.

379 5177 524 5230 Ἀλλ’
551 5179 672 5231 οὐδὲ
709 5179 1047 5249 γενησομένη
1077 5182 1317 5251 οίαδήτις
1340 5183 1504 5252 ἐτέρα
1527 5186 1819 5256 πρόσταξις
1841 5188 1941 5258 τῆς

365 5269 653 5340 παρούσης
684 5270 943 5333 εὐσεϐοῦς
1000 5273 1318 5342 κατισχύσει
1357 5275 1579 5345 γραφῆς
1601 5292 1616 5306 ο
1675 5277 1809 5328 ἀλλὰ
1841 5279 1940 5332 κά-

363 5360 524 5429 κείνη
559 5361 642 5428 ἐφ⁸
677 5355 756 5423 οἷς
785 5361 1108 5415 ἐναντιῶται
1162 5363 1238 5433 τῷ
1270 5365 1498 5434 παρόντι
1531 5367 1628 5433 τῆς
1661 5368 1941 5437 βασιλείας

369 5470 475 5521 μου
509 5453 748 5523 ὁρισμῷ,
783 5455 907 5507 ὅσον
930 5456 1016 5507 ἐπ’
1052 5456 1202 5526 αὑτῷ
1229 5458 1288 5509 τὸ
1322 5459 1611 5530 ἀνίσχυρον
1650 5461 1939 5516 ἀποίσεται

363 5541 462 5593 γαί
484 5542 709 5609 ἄκυρον.
737 5542 841 5596 κᾶν
863 5547 924 5595 τὸ
961 5544 1034 5614 μὴ
1056 5545 1460 5616 ἀνατρέπεσθαι
1489 5548 1583 5620 ἔχῃ
1621 5551 1940 5621 ἐγκείμενον

363 5635 424 5685 ἐν
458 5635 595 5703 αὑτῇ
627 5634 714 5702 (εἰ
741 5636 815 5705 μὴ
855 5637 1032 5705 ῥητῶς
1073 5641 1363 5710 ἑκφωνηθῇ
1385 5644 1425 5709 ),
1465 5644 1566 5694 κᾶν
1599 5643 1792 5711 ἑτέραν
1823 5647 1939 5698 διά-

365 5723 544 5778 στιξιν
571 5725 898 5795 οίανδήτινα.
932 5728 1049 5782 Ἵνα
1069 5729 1160 5783 οὖν
1187 5734 1272 5802 εἴη
1303 5734 1436 5802 δῆλα
1465 5733 1532 5786 τὰ
1564 5735 1834 5803 προσόντα
1872 5741 1937 5808 τῇ

367 5820 654 5888 ἁγιωτάτῃ
721 5822 815 5877 τοῦ
888 5824 1022 5879 Θεοῦ
1087 5826 1312 5896 Μεγάλῃ
1368 5827 1634 5898 ἐκκλησία
1706 5827 1938 5900 ἀκίνητοι

2053 4633 2266 4703 fuerit).
2303 4635 2554 4687 Omnium
2591 4635 2733 4687 enim
2766 4635 3101 4704 jnssionum,
3143 4651 3262 4703 quae
3289 4635 3446 4687 factae
3472 4644 3620 4697 sunt,

2050 4725 2295 4779 notitiavn
2333 4727 2535 4780 habens
2564 4743 2678 4779 mea
2715 4728 2910 4793 pietas,
2949 4742 3044 4781 cas
3085 4727 3363 4796 sigillatim
3397 4743 3624 4781 enume-

2049 4831 2171 4870 rare
2227 4833 2624 4886 supervacnum
2677 4815 3059 4878 existimavit.
3093 4828 3148 4873 et
3204 4829 3258 4873 ut
3311 4819 3618 4896 expressim

2047 4920 2394 4965 enumeratas
2429 4919 2477 4964 et
2511 4926 2751 4976 eversas,
2781 4913 2921 4981 quod
2955 4912 3020 4966 ad
3064 4913 3202 4966 banc
3230 4912 3421 4966 Aurem
3454 4911 3618 4964 Bulla:

2047 4999 2420 5056 deﬁnitionem
2476 5003 2695 5067 attinet,
2759 5005 2973 5058 censeri
3034 5003 3317 5057 constituit
3364 5003 3619 5071 majcsms

2047 5108 2187 5147 mea.
2213 5093 2318 5148 Sed
2347 5110 2446 5150 nec
2477 5095 2581 5148 ulla
2607 5095 2734 5156 alia,
2761 5111 2882 5164 quae
2909 5094 2962 5148 in
2995 5105 3271 5165 posterum
3301 5094 3389 5148 ﬁet
3415 5091 3619 5162 iussio,

2047 5185 2173 5240 huic
2213 5189 2311 5256 pize
2361 5189 2648 5255 scripturae
2696 5187 3008 5255 prmvalebit
3040 5206 3054 5248 ;
3091 5187 3338 5257 quinituo
3383 5195 3436 5240 et
3484 5186 3622 5249 illa,

2046 5292 2316 5350 quatenus
2356 5285 2604 5351 pratscnti
2643 5299 2776 5337 mea:
2812 5282 3114 5353 maiestatis
3159 5279 3463 5333 deﬁnitioni
3518 5277 3619 5330 ad-

2045 5383 2321 5438 versatur,
2355 5375 2506 5428 irrita
2544 5375 2656 5439 ﬁet,
2702 5375 3085 5442 nullarutnque
3115 5373 3334 5438 virium;
3375 5371 3521 5434 licet,
3549 5361 3618 5426 ne

2044 5469 2415 5534 subvertatur,
2445 5468 2688 5536 apposita
2730 5466 2802 5520 sit
2834 5463 3076 5519 clausula
3114 5463 3240 5534 (nisi
3291 5463 3615 5517 nominatim

2046 5559 2456 5626 pronuntiatum
2511 5557 2604 5625 sit)
2649 5567 2742 5610 aut
2797 5557 3003 5626 qumvis
3059 5555 3162 5609 alia
3199 5554 3502 5608 distinctio.
3550 5551 3618 5606 υι

2046 5651 2212 5719 igitur
2247 5648 2534 5703 manifesta
2565 5651 2696 5713 sint,
2735 5664 2856 5718 quae
2896 5649 3096 5702 adsunt
3128 5647 3491 5702 sanctissima:
3521 5645 3613 5700 Dei

2047 5743 2227 5812 magni
2259 5742 2536 5806 Ecclesim,
2569 5741 2864 5797 immobilia
2897 5741 3102 5807 omnia,
3142 5739 3196 5794 in
3235 5749 3487 5809 prznsentt
3520 5739 3616 5791 de-

2051 5835 2296 5889 ﬁnitione
2321 5835 2496 5889 Aurea
2528 5833 2676 5888 Bulla
2707 5833 2913 5888 munita
2946 5841 3132 5902 aperte
3163 5832 3427 5901 inscripta
3463 5833 3611 5890 sunt.
