4074 6214
488 344 598 409 947

495 556 547 600 et
571 546 899 603 Macedoniae
938 547 1219 616 provincia
1268 549 1358 603 illa
1413 556 1468 606 et
1519 550 1634 615 illa,
1686 560 1741 606 et
1794 551 2055 621 deinceps

493 651 778 694 enumerat
804 639 985 693 omnia
1025 639 1345 695 immobilia.
1375 642 1502 695 Post
1546 642 1740 695 horqu
1766 657 2057 697 enumera-

494 730 693 801 tionem
722 729 885 783 dicit:
918 728 1091 784 Jndtei
1119 729 1453 786 Strobiliotze
1484 732 1794 802 ubicunque
1826 734 2055 798 inventi,

490 830 545 874 et
576 821 856 875 excusatio
906 824 1123 877 navium
1165 824 1483 893 capacitatis
1535 825 1759 896 triginta
1807 826 2054 881 millium.

494 912 554 966 In
604 912 690 966 his
738 914 989 967 omnibus
1045 915 1219 969 sancit
1286 916 1583 985 imperialis
1638 933 1755 972 mea
1811 927 2055 989 potestas

491 1004 894 1059 sanctissimam
946 1006 1190 1078 Magnam
1236 1010 1521 1065 ecclesiam
1571 1019 1627 1066 et
1672 1026 1886 1068 omnem
1933 1013 2055 1079 ejus

490 1106 699 1163 partem
735 1099 932 1154 habere
952 1099 1044 1169 jus
1074 1117 1230 1155 suum
1265 1103 1578 1159 inviolatum
1648 1107 1869 1161 oumino
1896 1114 1952 1161 et
1975 1106 2060 1162 in-

492 1203 862 1258 concussum;
897 1208 1021 1247 cum
1068 1195 1376 1251 exactiores
1415 1198 1530 1252 ﬁeri
1565 1198 1838 1254 debebunt
1872 1200 2057 1254 termi-

492 1296 687 1334 noru-m
748 1282 1096 1339 deﬁnitiones
1149 1301 1179 1340 a
1236 1287 1477 1343 locorum
1522 1291 1954 1361 descriptoribus
2000 1303 2057 1348 ut

493 1388 637 1443 saepe
663 1376 866 1430 dictum
899 1386 983 1432 est
1023 1398 1036 1433 :
1078 1394 1259 1434 verum
1301 1396 1366 1435 eo
1398 1392 1662 1449 praetextu
1709 1400 1818 1439 non
1869 1386 2057 1447 licebit

493 1465 770 1533 praedictis
821 1466 1255 1537 descriptoribus
1297 1472 1557 1527 tributum
1618 1473 1909 1529 fumarium
1972 1476 2055 1530 vel

495 1558 922 1626 mensuraticum
953 1561 1191 1631 exigere,
1245 1572 1339 1617 aut
1386 1565 1821 1621 necessariorum
1876 1568 2056 1624 datio—

494 1663 640 1713 nem,
672 1650 905 1706 ullamve
935 1656 1272 1711 exactionem
1326 1644 1507 1712 facere
1555 1674 1583 1710 ιι
1636 1658 2055 1731 quibuscttnque

497 1735 874 1796 immobilibus
922 1742 1090 1810 ejus:
1126 1742 1221 1797 sed
1268 1745 1471 1814 absque
1515 1746 1625 1800 ulla
1657 1748 1954 1805 collatione
1999 1760 2056 1807 et

499 1829 759 1896 petitione
791 1833 1076 1901 pragdictas
1105 1836 1292 1890 ﬁnium
1318 1835 1713 1908 descriptiones
1745 1840 2055 1897 conﬁcient.

497 1920 649 1984 Quod
684 1924 726 1975 si
755 1926 879 1993 quis
906 1941 1074 1981 ausus
1106 1928 1269 1982 fuerit
1296 1929 1498 1984 violare
1524 1930 1818 1999 quidquam
1844 1948 2057 2000 eorum,

498 2026 621 2081 qua:
681 2019 930 2083 praesenti
989 2017 1182 2074 Aureae
1238 2019 1404 2075 Bullae
1458 2022 1702 2077 oratione
1757 2024 2060 2093 majestatis

503 2122 635 2161 meae
668 2109 1017 2175 deﬁniuntur,
1046 2122 1240 2183 prater
1266 2113 1601 2183 imperialcm
1631 2115 2057 2185 indignationem

495 2198 549 2252 in
582 2201 882 2268 periculum
908 2205 1086 2260 veniet
1107 2207 1373 2267 subeundi
1398 2222 1613 2277 pinnam
1646 2222 1932 2264 aureorum
1965 2212 2064 2265 tri-

494 2291 641 2361 ginta
679 2293 965 2361 librarum,
996 2313 1118 2366 qua:
1164 2298 1284 2353 sine
1337 2300 1820 2355 commiseratione
1878 2317 2057 2359 rerum

497 2384 831 2452 privatarum
890 2400 1102 2443 secreto
1156 2404 1222 2443 ex
1273 2391 1635 2446 conventione
1686 2394 2053 2447 sanctissimae

496 2474 701 2546 Magnae
751 2479 998 2534 ecclesiae
1042 2482 1111 2533 ah
1170 2481 1260 2535 illo
1300 2483 1589 2552 exigentur
1626 2502 1639 2537 :
1673 2484 1876 2555 quippe
1931 2502 2056 2539 eum

498 2566 650 2620 ﬁrma
693 2570 764 2622 sit
796 2583 858 2623 ac
890 2572 1097 2623 munita
1137 2587 1377 2641 presens
1422 2574 1618 2629 Aurea:
1669 2574 1834 2629 Bullze
1882 2579 2060 2630 oratiu

498 2660 639 2714 facta
672 2677 858 2716 mense
884 2665 1127 2732 Augusto
1154 2664 1323 2732 prima
1351 2664 1645 2719 indictione
1675 2681 1765 2722 an.
1788 2669 1946 2733 6661,
1970 2671 2056 2724 cui

496 2761 744 2806 nostrum
789 2754 987 2821 pietate
1034 2755 1347 2823 praeellens
1389 2769 1453 2808 ac
1493 2752 1525 2808 Δ
1568 2756 1679 2811 Deo
1716 2759 2057 2829 designatum

496 2844 821 2913 subscripsit
851 2845 1161 2916 imperium.
1196 2847 1463 2905 Praeterea
1491 2859 1667 2906 autem
1698 2864 1750 2907 ct
1780 2852 1883 2907 alia
1907 2852 2057 2908 Bulla
2086 2888 2127 2946 ε

472 2934 679 2989 Ἀιιι-ειι
711 2936 955 3005 ejusdem
987 2941 1221 3007 potentis
1248 2944 1529 3013 sanctique
1565 2944 1734 3000 nostri
1766 2946 2061 3015 imperato-

500 3026 597 3088 ris.
635 3043 823 3083 mense
864 3029 1164 3088 Februario
1199 3034 1387 3092 iudict.
1424 3036 1510 3099 ll.
1557 3053 1645 3091 an.
1675 3037 1835 3104 6656,
1860 3041 2061 3095 emissa

499 3129 758 3189 est,_qu:e
796 3122 998 3177 dicitur
1043 3126 1362 3192 medicator,
1412 3137 1598 3199 utpote
1629 3145 1749 3200 quae
1799 3131 1967 3187 titulis
2009 3140 2064 3188 et
2133 3191 2138 3195 _

492 3209 712 3279 juribus
754 3215 995 3269 omnimn
1041 3216 1241 3284 ubique
1286 3219 1653 3276 Ecclesiarum
1682 3264 1697 3287 ,
1754 3237 1874 3291 qua:
1924 3222 2064 3281 forte

500 3303 883 3360 claudicabant
915 3312 1329 3385 cpiscopatuum
1356 3312 1565 3367 scilicet
1594 3321 1647 3367 et
1672 3303 2056 3384 mhropolium

497 3407 552 3449 et
592 3397 762 3465 ipsius
794 3397 996 3469 Magna:
1034 3401 1298 3467 ecclesia,
1333 3403 1634 3471 medeatur,
1666 3422 1786 3477 quae
1808 3407 1970 3461 etiam
1997 3406 2063 3461 ad

498 3488 724 3561 gerbum
760 3492 839 3546 sic
864 3503 1080 3548 tractat:

498 3832 682 3901 Jesus,
725 3834 1094 3895 liicriclmntis
1130 3839 1399 3897 festinans
1440 3844 1775 3899 munimenta
1824 3845 2065 3909 diruere,

505 3928 879 3986 sacerdotibus
909 3932 1070 3998 jussit
1118 3935 1168 3986 in
1213 3934 1447 3989 circuitu
1478 3935 1605 3990 tuha
1640 3952 1855 4002 canere,
1901 3948 1954 3991 et
1985 3937 2066 3991 sic

505 4037 786 4077 murorum
818 4025 1223 4094 propugnacula
1265 4026 1585 4083 mirabiliter
1611 4028 1810 4099 dejecit
1849 4046 1862 4084 :
1897 4030 2068 4100 maje-

501 4117 627 4171 stati
663 4127 842 4171 autem
892 4133 1045 4185 meae,
1077 4135 1199 4188 quae
1242 4135 1382 4174 novu
1425 4135 1455 4174 a
1501 4120 1607 4175 Deo
1648 4122 1822 4178 electo
1868 4125 2068 4193 populo

499 4221 717 4281 praeest,
759 4219 883 4280 post
934 4212 1086 4265 illum
1143 4229 1343 4284 regem,
1396 4213 1599 4270 Mosem
1650 4216 1815 4269 alium
1873 4216 2063 4286 populi

501 4312 839 4358 servatorem
890 4320 952 4358 ac
1000 4304 1235 4373 ducem,
1293 4308 1552 4380 inclytum
1599 4310 1721 4364 dico
1762 4310 2067 4378 majestatis

502 4413 634 4451 mete
682 4398 960 4451 dominum
993 4414 1057 4453 ac
1086 4400 1410 4470 genitorem,
1456 4401 1619 4455 veluti
1645 4403 1891 4470 quaedam
1935 4401 2066 4457 llic-

498 4491 807 4546 richnntina
841 4492 1040 4545 muenia
1067 4496 1373 4548 communis
1404 4494 1837 4549 Christianorum
1864 4495 2069 4551 inimici

502 4587 909 4657 propugnacula
946 4588 1325 4658 (occidentalis
1375 4591 1499 4647 dico
1539 4591 1819 4656 draconis,
1872 4594 1966 4662 qui
2013 4596 2065 4649 in

501 4683 685 4739 Sicilia
728 4686 1070 4755 tyrannidem
1106 4698 1343 4753 exercet,
1376 4695 1429 4742 et
1473 4688 1623 4743 illinc
1655 4689 1923 4745 adversus
1954 4688 2070 4747 Bo-

505 4792 727 4830 manum
776 4776 1063 4847 imperium
1115 4779 1345 4834 latenter
1380 4781 1643 4850 prorepit)
1689 4781 1907 4837 diruere
1950 4798 2074 4852 pro-

502 4869 740 4941 peranti,
773 4870 1097 4939 quibusdam
1136 4871 1290 4940 quasi
1324 4873 1701 4941 Spiritualibus
1727 4873 1896 4938 tubis,
1924 4875 2070 4930 anti-

501 4960 716 5026 stitum,
747 4960 915 5016 Deum
954 4962 1111 5018 nobis
1141 4962 1386 5033 quotidie
1410 4964 1766 5034 placaulium,
1794 4966 2069 5036 precibus,

499 5067 550 5112 et
579 5054 647 5111 ad
671 5057 821 5114 illum
854 5057 1179 5112 diruendum
1207 5056 1638 5124 conferentibus,
1669 5074 1808 5128 opus
1835 5072 1941 5116 est.
1962 5061 2069 5115 Sed

499 5159 554 5203 et
582 5151 697 5220 ipse
724 5150 943 5206 divinus
985 5149 1182 5212 Moses.
1216 5149 1437 5218 quando
1466 5163 1591 5202 cum
1618 5149 1880 5204 Amalech
1930 5168 2070 5222 prte-

498 5242 631 5297 lium
670 5244 947 5299 commisit
973 5241 1355 5297 sacerdotibus
1404 5242 1659 5310 utrinque
1709 5242 1953 5309 innixus,
1992 5244 2071 5298 sic

498 5350 625 5391 eum
664 5333 865 5404 fugavit
894 5342 951 5389 et
976 5334 1125 5388 vicit.
1157 5330 1311 5388 Sicut
1343 5332 1433 5386 ille
1464 5331 1629 5398 igitur
1667 5334 1831 5386 etiam
1866 5343 1919 5387 et
1952 5349 2067 5387 ma-

496 5431 671 5495 jestas
697 5441 815 5482 mea
845 5440 1006 5481 sacro
1036 5426 1344 5480 antistitum
1393 5424 1769 5479 sustentaculo
1817 5424 2069 5497 indigens

504 5520 570 5573 ad
598 5521 770 5575 aciem
800 5520 1064 5575 adversus
1091 5533 1292 5573 novum
1330 5517 1478 5573 hunc
1512 5516 1769 5572 Amalech
1811 5517 2072 5587 proposi-

498 5618 615 5667 tum
637 5620 692 5666 et
715 5611 877 5667 veluti
896 5611 1186 5681 quamdam
1210 5610 1350 5665 lucis
1371 5611 1675 5665 columnam
1705 5624 1900 5663 novum
1926 5609 2070 5664 hunc

502 5702 669 5760 Israel
712 5704 1127 5774 pmcedentem.
1164 5714 1217 5757 et
1263 5702 1383 5770 ejus
1424 5717 1645 5772 gressus
1696 5701 2019 5772 dirigentem
2050 5743 2067 5769 ,

507 5808 699 5869 preces
736 5807 925 5847 eorum
956 5796 1154 5847 habere
1186 5796 1395 5861 volens,
1420 5796 1561 5847 hanc
1588 5803 1908 5863 praesentem
1936 5790 2067 5848 Bul-

1745 350 1847 411 ΤΗ
1855 349 2023 409 ΕΟΙ).
2062 351 2463 412 BALSAMON

384 452 393 459 '
490 470 611 521 quae
643 454 709 509 ad
741 455 962 511 verbum
995 454 1075 510 sic
1103 470 1163 510 se
1209 454 1410 511 habent
1455 474 1469 511 :
1507 458 1567 511 ln
1611 456 1773 529 διο
1812 457 2056 513 Thraciae

2165 462 2396 525 ᾶπαντα,
2454 462 2513 514 ἐν
2567 460 2645 530 τῷ
2679 462 2912 528 παρόντι
2951 457 3335 530 χρυσοϐούλλῳ
3376 456 3523 528 λόγῳ
3549 458 3732 527 ῥητῶς

3616 345 3730 409 948

2157 554 2562 624 ἐνεγράφησαν,
2595 554 2631 609 ἃ
2663 554 2880 625 ἔχουσιν
2912 551 3089 615 οὕτως
3121 552 3259 622 πρὸς
3280 550 3462 620 δνομα
3484 566 3500 582 ο
3554 550 3615 603 ἐν
3650 548 3735 619 τῷ

2159 645 2356 715 θέματι
2379 645 2626 716 Θρᾳκίας
2658 647 2754 699 καὶ
2799 645 3145 707 Μακεδονίας
3165 643 3226 696 τὸ
3248 642 3398 695 δεῖνα
3432 641 3525 695 καὶ
3554 644 3734 703 δεῖνα,

2159 738 2255 795 καὶ
2285 737 2481 807 ἐφεξῆς
2505 736 2798 804 καταλέγει
2829 738 2900 789 τά
2927 735 3158 806 ἀκίνητα
3194 734 3393 789 πάντα.
3457 733 3565 786 Καὶ
3592 733 3738 802 μετὰ

2156 830 2254 901 τὴν
2279 830 2485 883 τούτων
2512 827 2894 897 ἀπαρίθμησιν
2939 842 3138 896 φησιν·
3172 825 3237 880 ΟΕ
3272 824 3547 894 πανταχοῦ
3584 826 3740 894 sopt-

2160 923 2415 992 σκόμενοι
2478 920 2869 990 Στροϐιλιῶται
2962 919 3229 985 Ἰουδαῖοι,
3282 920 3376 972 καὶ
3428 917 3739 982 νέξκουσεία

2157 1012 2685 1083 πλοίωνιχωρήσεως
2715 1010 2973 1080 χιλιάδων
3003 1008 3327 1080 τριάκοντα.
3370 1005 3494 1058 Ἐπὶ
3518 1007 3740 1063 τούτοις

2157 1106 2295 1159 πᾶσι
2322 1104 2384 1157 τὸ
2431 1102 2862 1172 ἁπερικλόνητον
2916 1101 3067 1171 ἔχειν
3117 1100 3213 1153 καὶ
3252 1098 3605 1153 ἀδιάσειστον
3636 1098 3739 1168 τὴν

2156 1196 2418 1265 Μεγάλην
2470 1195 2770 1264 ἐκκλησίαν
2846 1193 2949 1247 καὶ
3017 1194 3081 1245 τὸ
3139 1192 3305 1261 μέρος
3351 1191 3499 1244 ἆπαν
3560 1193 3741 1259 αὐτῆς

2152 1290 2404 1353 θεσπίζει
2432 1288 2491 1342 τὸ
2516 1289 2717 1356 κράτος
2746 1288 2931 1357 ἡμῶν,
2981 1284 3358 1351 περιορισμῶν
3406 1281 3740 1350 ὀφειλόντων

2158 1383 2426 1453 προϐῆναι
2464 1379 2823 1449 λεπτομερῶν
2847 1378 2997 1447 παρά
3029 1378 3137 1429 τῶν
3177 1376 3319 1428 κατὰ
3364 1374 3569 1436 τόπους
3593 1373 3739 1426 ἁναο

2156 1474 2428 1546 γραφέων,
2461 1473 2535 1533 ὡς
2560 1472 2816 1534 πολλάκις
2835 1469 3140 1536 διείληπται
3158 1482 3174 1497 ⁶
3204 1467 3345 1535 πλὴν
3395 1467 3461 1534 τῇ
3491 1463 3738 1534 τοιαύτη

2158 1566 2427 1634 προφάσει
2461 1564 2561 1617 οὐκ
2583 1564 2797 1629 ἐξέσται
2846 1562 2958 1624 τοῖς
2979 1559 3297 1631 δηλωθεῖσιν
3319 1557 3644 1628 ἀναγραφεῦ
3654 1575 3741 1609 σιν

2156 1657 2189 1726 ἢ
2223 1656 2490 1712 καπνικδν
2527 1656 2835 1723 ἀπαιτῆσαι
2882 1653 2915 1721 ἢ
2957 1652 3330 1724 μετρητίκιον,
3357 1651 3390 1722 ἦ
3418 1650 3621 1720 χρειῶν
3652 1648 3743 1702 δό-

2158 1765 2265 1812 σιν,
2296 1748 2329 1816 ἢ
2360 1749 2553 1817 ἑτέραν
2569 1746 2949 1816 όποιανδήτινα
2988 1742 3275 1814 εἴσπραξιν
3306 1741 3414 1796 ἀπὸ
3443 1741 3553 1795 τῶν
3572 1744 3741 1795 ὁπου-

2159 1841 2360 1911 δήποτε
2415 1838 2689 1907 άκινήτων
2741 1839 2947 1906 αὐτῆς’
2991 1837 3107 1892 ἀλλ’
3178 1836 3307 1890 ἀνευ
3347 1835 3447 1903 τῆς
3512 1832 3741 1886 οἱασοῦν

2163 1933 2523 2002 συνεισφορᾶς
2568 1948 2628 1984 τε
2666 1931 2761 1983 καὶ¹
2810 1930 3169 1999 ἀπαιτήσεως
3228 1930 3356 1990 τοὺς
3390 1926 3740 1996 δηλωθέντας

2162 2020 2554 2094 περιορισμοὺς
2599 2018 3021 2073 συντελέσωσι*
3075 2018 3169 2071 τοῦ
3221 2016 3742 2085 κατατολμήσοντος

2163 2112 2430 2183 ἀθετῆσαι
2463 2129 2518 2165 τι
2573 2111 2680 2165 τῶν
2719 2110 3097 2180 διωρισμένων
3142 2109 3218 2177 τῷ
3268 2108 3499 2179 παρόντι
3542 2124 3745 2177 χρυσο-

2164 2203 2373 2273 ϐούλλῳ
2403 2202 2547 2271 λόγῳ
2573 2200 2673 2269 τῆς
2705 2200 2983 2271 βασιλείας
3016 2218 3141 2270 μου,
3184 2201 3320 2267 πρὸς
3342 2199 3420 2269 τῷ
3448 2198 3547 2269 τὴν
3587 2198 3746 2268 βασι-

2161 2294 2319 2364 λικὴν
2344 2292 2751 2363 ὑποστήσεσθαι
2769 2292 3169 2361 ἀγανάκτησιν,
3196 2291 3497 2361 ὑποστῆναι
3529 2293 3745 2361 ὖφορωο

2166 2388 2332 2458 μένου
2361 2386 2456 2438 καὶ
2478 2385 2624 2439 δόσιν
2655 2384 2961 2453 προστίμου
2988 2383 3188 2453 λιτρῶν
3218 2382 3437 2453 ὑπερπύ
3447 2400 3560 2452 ρων
3589 2383 3745 2451 τριά-

2162 2494 2351 2544 κοντα,
2386 2474 2915 2546 ἀπαιτηθησομένων
2942 2474 3284 2544 ἁσυμπαθῶς
3308 2474 3367 2539 ἐξ
3392 2473 3559 2526 αὑτοῦ
3586 2476 3744 2542 παρὰ

2164 2568 2258 2621 τοῦ
2320 2568 2576 2636 σεκρέτου
2632 2567 2739 2618 τῶν
2798 2566 3013 2618 οἰκείων
3073 2567 3139 2620 ἐκ
3193 2566 3606 2638 προσελεὺσεως
3644 2566 3747 2633 τῆς

2165 2661 2478 2729 ἁγιωτάτης
2536 2658 2795 2728 Μεγάλης
2847 2658 3183 2728 ἐκκλησίας,
3231 2659 3307 2722 ὡς
3357 2658 3579 2729 βεϐαίου
3641 2660 3742 2711 καὶ

2162 2752 2440 2824 ἀσφαλοῦς
2468 2753 2563 2807 τοῦ
2598 2753 2864 2824 παρόντος
2890 2751 3289 2824 χρυσοϐούλλου
3328 2753 3487 2820 λόγου
3517 2752 3742 2822 τυγχά-

2164 2864 2347 2910 νοντος
2376 2848 2740 2917 γεγενημένου
2776 2844 2918 2899 κατά
2966 2844 3075 2899 τῶν
3117 2844 3425 2912 Αὐγούστου
3464 2844 3613 2914 μῆνα
3641 2843 3744 2910 τῆς

2162 2938 2210 2991 α’
2248 2936 2574 3000 ίνδικτιῶνος
2603 2936 2698 2989 τοῦ
2737 2935 2915 3005 ,ςχξα¹
2938 2927 3241 3003 ἔτους,ἐνῷ
3264 2934 3359 2990 καὶ
3389 2934 3449 2987 τὸ
3468 2936 3742 3005 ήμέτερον

2162 3029 2383 3092 εὐσεϐὲς
2434 3029 2530 3081 καὶ
2605 3027 3005 3097 θεοπρόϐλητον
3054 3027 3447 3097 ὑπεσημήνατο
3512 3027 3738 3098 κράτος.

2162 3118 2395 3189 Προσέτι
2436 3116 2649 3180 τούτοις
2702 3116 2949 3184 ἀπελύθη
2982 3116 3076 3169 καὶ
3127 3115 3314 3186 ἕτερος
3344 3116 3742 3188 χρυσόϐουλλος

2162 3212 2317 3282 λόγος
2344 3213 2438 3266 τοῦ
2458 3213 2625 3266 αὐτοῦ
2649 3211 2914 3285 κραταιοῦ
2935 3213 3093 3281 ἁγίου
3126 3213 3281 3283 ήμῶν
3300 3212 3566 3283 βασιλέως
3592 3210 3741 3264 κατὰ

2165 3304 2311 3374 μῆνα
2365 3299 2731 3372 Φεϐρουάριον
2766 3301 3093 3362 ίνδικτιῶνος
3120 3297 3208 3365 ια’,
3239 3300 3334 3353 τοῦ
3368 3296 3557 3369 ,ςχνς’
3577 3300 3738 3360 ἔτους

2164 3395 2191 3445 ὁ
2226 3392 2320 3445 καὶ
2343 3392 2502 3463 ἰατὴρ
2519 3391 2830 3461 λεγόμενος,
2850 3392 2925 3454 ὡς
2947 3390 3175 3461 ἰώμενος
3196 3392 3263 3444 τὰ
3278 3391 3586 3462 χωλεύοντα
3608 3389 3743 3451 ἴσως

2164 3483 2510 3553 δικαιώματα
2554 3485 2664 3538 τῶν
2708 3481 3023 3553 ἁπανταχοῦ
3059 3482 3387 3551 ἐκκλησιῶν,
3440 3483 3743 3535 ἐπισκοπῶν

2163 3574 2403 3645 δηλονότι
2439 3575 2531 3628 καὶ
2564 3575 2970 3647 μητροπόλεων.
3002 3574 3097 3628 καὶ
3136 3574 3307 3643 αὐτῆς
3343 3572 3443 3640 τῆς
3477 3572 3743 3642 Μεγάλης

2142 3724 2143 3727 η
2169 3666 2485 3737 ἐκκλησίας,
2509 3665 2573 3728 ὅς’
2629 3668 2723 3717 καὶ
2761 3667 2902 3718 κατά
2933 3664 3087 3736 ῥῆμα
3117 3664 3321 3717 οὑτωσὶ
3356 3662 3738 3734 διαλαμϐάνει.

572 3743 678 3811 Qui
716 3755 836 3815 post
864 3745 1050 3802 Mosen
1070 3749 1170 3803 fuit
1197 3748 1355 3805 electi
1387 3751 1534 3807 illius
1563 3753 1742 3823 populi
1770 3752 2067 3823 imperator
2144 3786 2147 3787 ν

2248 3760 2308 3812 Ὀ
2344 3761 2444 3827 μέν
2478 3758 2618 3828 μετὰ
2657 3759 2897 3813 Μωῦσέα
2938 3756 3030 3811 τοῦ
3064 3754 3322 3811 ἐκλεκτοῦ
3353 3755 3485 3809 λαοῦ
3528 3758 3741 3817 ἐκεῖνος

2170 3852 2477 3921 στρατηγὸς
2516 3850 2742 3921 Ἰησοῦς.
2778 3852 2845 3903 τὰ
2880 3849 3273 3920 Ἰεριχούντεια
3308 3848 3556 3902 καθελεῖν
3593 3850 3743 3901 ἐπει-

2168 3943 2396 4012 γόμενος
2429 3941 2788 4014 ὀχυρώματα,
2837 3943 2951 4005 τοῖς
2987 3941 3195 4013 ἱερεῦσι
3230 3941 3418 4013 κύκλῳ
3454 3940 3743 4004 σαλπίζειν

2169 4035 2415 4101 ἐκέλευε,
2439 4035 2535 4089 καὶ
2563 4034 2736 4099 οὕτως
2760 4034 3076 4105 παραδόξως
3098 4034 3195 4098 τὰς
3219 4034 3327 4087 τῶν
3353 4033 3553 4102 τειχῶν
3577 4032 3743 4086 ἐπάλ-

2171 4128 2281 4194 ξεις
2332 4127 2666 4199 κατέρῤίπτε
2689 4141 2703 4155 ·
2744 4129 2812 4197 τῇ
2846 4127 2901 4179 δέ
2929 4126 3024 4179 τοῦ
3052 4126 3173 4179 νέου
3222 4124 3299 4196 τῷ
3332 4124 3451 4194 Θεῷ
3482 4122 3741 4177 ἐκλεκτοῦ

2168 4219 2559 4291 καθηγουμένῃ
2589 4218 2781 4271 τούτου
2817 4217 2948 4271 λαοῦ
2981 4216 3229 4288 βασιλείᾳ
3262 4234 3363 4286 μου
3399 4217 3539 4285 μετά
3572 4214 3664 4267 τὸν
3684 4217 3742 4267 ἐν

2171 4312 2486 4383 βασιλεῦσιν
2524 4313 2736 4365 ἐκεῖνον
2768 4311 2927 4365 ἄλλον
2967 4310 3207 4364 Μωῦσέα
3233 4308 3329 4362 τοῦ
3352 4309 3485 4361 λαοῦ
3516 4307 3741 4376 σωτῆρα

2173 4404 2268 4456 καὶ
2303 4403 2522 4473 ὁδηγὸν,
2549 4402 2643 4456 τὸν
2674 4402 2923 4471 ἀοίδιμον
2949 4401 3094 4470 λέγω
3146 4400 3416 4472 αὐθέντην
3446 4400 3549 4470 τῆς
3582 4398 3743 4469 βασι-

2170 4495 2319 4558 λείας
2353 4513 2453 4565 μου
2478 4494 2573 4548 καὶ
2596 4496 2915 4565 γεννήτορα,
2948 4493 3138 4565 ὥσπερ
3158 4492 3279 4546 τινὰ
3310 4487 3467 4564 τείχη
3494 4491 3745 4545 καθελεῖν

2173 4586 2509 4661 ἐπειγομένῃ
2557 4587 2965 4658 Ὶεριχούντεια,
3003 4587 3103 4650 τὰς
3138 4586 3229 4639 τοῦ
3264 4586 3446 4639 κοινοῦ
3470 4585 3581 4637 τῶν
3610 4586 3749 4655 Χριο

2175 4680 2407 4735 στιανῶν
2441 4679 2638 4749 ἐχθροῦ
2670 4679 2973 4750 ὀχυρώσεις
3006 4679 3136 4752 (τοῦ
3168 4677 3392 4731 δυτικοῦ
3440 4675 3582 4745 λέγω
3613 4678 3750 4749 δρά-

2174 4790 2385 4840 κοντος,
2414 4770 2510 4825 τοῦ
2559 4771 2658 4842 τῆς
2710 4771 3003 4840 Σικελικῆς
3047 4768 3590 4839 κατατυραννοῦντος
3618 4771 3749 4839 γῆς,

2173 4867 2426 4922 κάκεῖθεν
2466 4864 2609 4919 κατὰ
2631 4867 2730 4935 τῆς
2776 4863 2888 4916 τῶν
2936 4862 3228 4933 Ῥωμαίων
3260 4861 3620 4931 ἐπικρατείας
3652 4864 3750 4914 λα-

2174 4960 2317 5031 θρῶς
2339 4958 2706 5029 ἐρπύσαντος)
2738 4955 3019 5024 ἀναλόγως
3063 4950 3152 5007 οἶα
3184 4953 3564 5023 πνευματικὰς
3590 4969 3750 5017 τινας

2176 5052 2522 5118 σάλπιγγας,
2568 5048 2669 5111 τὰς
2700 5047 2811 5102 τῶν
2867 5048 2959 5100 τὸν
2995 5046 3129 5099 Θεὸν
3178 5045 3571 5115 ἐξιλεουμένων
3622 5044 3752 5098 καθ’

2174 5142 2411 5212 ἑκάστην
2453 5141 2591 5210 ὑπὲρ
2624 5138 2780 5209 ήμῶν
2809 5138 3118 5211 ἀρχιερέων
3140 5139 3332 5208 εὐχὰς,
3368 5139 3503 5209 πρὸς
3534 5139 3751 5191 ἐκείνου

2174 5235 2500 5301 καθαίρεσιν
2532 5230 2924 5303 συνεργούσας,
2958 5231 3201 5301 ἐδέησεν.
3256 5229 3421 5283 Ἀλλὰ
3461 5230 3557 5283 καὶ
3588 5231 3754 5292 αὐτὸς

2171 5331 2200 5381 ὁ
2226 5326 2475 5396 Θεόπτης
2503 5325 2767 5394 Μωῦσῆς,
2797 5323 3037 5394 ὁπηνίκα
3071 5322 3151 5392 τῷ
3211 5322 3462 5392 Ἀμαλὴκ
3491 5324 3755 5392 συνεκρό-

2177 5439 2259 5474 τει
2280 5420 2483 5490 μάχην,
2540 5417 2883 5488 ἑκατέρωθεν
2919 5416 3334 5488 στηριζόμενος,
3387 5414 3532 5469 οὕτω
3560 5414 3753 5468 τοῦτον

2179 5510 2585 5581 κατετροποῦτο
2607 5508 2703 5562 καὶ
2720 5509 2820 5562 ὑπε
2831 5507 3037 5580 ρίσχυε.
3069 5508 3207 5561 Κατ’
3238 5509 3449 5561 ἐκεῖνον
3480 5506 3573 5560 οὖν
3595 5507 3690 5560 καὶ
3712 5508 3754 5574 ἡ

2185 5601 2430 5675 βασιλεία
2467 5618 2570 5672 μου
2601 5599 2697 5652 τοῦ
2716 5598 3107 5670 ἀρχιερατικοῦ
3142 5599 3373 5670 δεομένη
3414 5599 3752 5666 ὑποστηρίγ.

2179 5708 2345 5763 ματος
2371 5693 2451 5756 εἰς
2475 5690 2569 5761 τὴν
2594 5690 2733 5744 κατὰ
2757 5689 2851 5744 τοῦ
2882 5690 3004 5743 νέου
3025 5688 3214 5744 τούτου
3254 5690 3309 5741 Ἀ
3320 5688 3503 5760 μαλῆκ
3525 5702 3758 5757 προκει-

2178 5792 2348 5865 μένην
2378 5788 2830 5861 ἀντιπαράταξιν,
2860 5788 2955 5844 καὶ
2970 5788 3161 5859 ὥσπερ
3185 5789 3305 5844 τινά
3340 5787 3530 5843 στῦλον
3558 5779 3742 5854 φωτὸς
