4074 6214
399 377 506 440 949

1359 363 1467 436 'Iv
1509 379 1677 438 CAN.
1715 378 1830 439 xu
1871 379 2075 475 eone.
2107 383 2216 443 vn
2258 381 2612 444 (ECUMEN.

3528 382 3629 448 9-50

396 485 495 540 τοῦ
536 485 660 539 νέου
697 486 917 556 Ἰσραὴλ
954 485 1388 557 προηγούμενον,
1411 489 1504 541 καὶ
1523 491 1591 541 τὰ
1620 487 1810 542 τούτου
1845 506 1960 540 κατ·

2078 489 2180 542 lam
2211 492 2466 552 Auream,
2497 501 2549 543 et
2581 489 2822 544 omnium
2855 488 3219 544 Eccleslarum
3255 491 3449 556 matri,
3481 509 3634 549 novre

399 579 693 634 ευθύνοντα
719 579 1052 648 διαϐήματα,
1101 581 1198 642 τὰς
1227 578 1433 632 τούτων
1460 579 1603 648 ἔχειν
1642 582 1809 648 εὐχὰς
1843 579 1962 654 ἐθέ-

398 672 586 734 λουσα,
619 675 709 726 τὸν
737 673 980 744 παρόντα
1041 673 1433 743 χρυτόϐουλλον
1481 674 1638 742 λόγον
1690 677 1757 744 τῇ
1793 677 1965 742 μητρὶ

405 767 596 818 πασῶν
662 768 772 817 τῶν
834 767 1160 835 ἐκκλησιῶν,
1191 769 1257 836 τῇ
1304 767 1400 837 νέα
1429 767 1587 824 Σιὼν,
1624 765 1700 834 τῷ
1748 767 1846 832 τῆς
1874 767 1966 819 τοῦ

401 853 532 906 Θεοῦ
571 853 764 922 σοφίας
795 855 1192 926 ἑνδιαιτήματι,
1214 857 1304 910 καὶ
1331 861 1446 920 τοῖς
1475 858 1616 910 κατὰ
1645 858 1741 921 τὰς
1771 860 1968 926 νήσους

399 947 584 1010 πάσας
616 949 710 1000 καὶ
741 946 841 1018 τὴν
878 948 1146 1018 ἀνατολὴν
1196 950 1292 1003 καὶ
1318 949 1415 1019 τὴν
1447 950 1599 1003 δύσιν
1641 949 1963 1020 ἐϐράϐευσε.

397 1037 498 1100 τὰς
523 1035 666 1106 ὑπὲρ
686 1038 785 1106 τῆς
818 1038 1094 1108 βασιλείας
1135 1058 1234 1109 μου
1257 1023 1462 1093 τούτων
1487 1041 1654 1110 εὐχὰς
1680 1041 1772 1094 ἐπὶ
1806 1041 1970 1094 πλέον

397 1127 850 1201 ἀναῤῥωνύο-υσα.
902 1131 1172 1200 ’Λκριϐῶς
1205 1133 1312 1202 γὰρ
1345 1129 1485 1186 οἶδεν
1518 1133 1550 1200 ή
1581 1133 1828 1202 βασιλεία
1864 1152 1969 1201 μου

397 1221 475 1281 ὡς
497 1222 558 1274 οὐ
592 1223 826 1288 σώζεται
853 1223 1104 1292 βασιλεὺς
1133 1224 1221 1279 διὰ
1255 1226 1456 1295 πολλὴν
1489 1225 1737 1296 δύναμιν,
1773 1228 1862 1281 καὶ
1893 1229 1966 1291 ὡς

399 1311 566 1378 γίγας
585 1314 644 1364 οὐ
682 1314 990 1385 σωθήσεται
1023 1317 1080 1369 ἐν
1111 1318 1302 1390 πλήθει
1333 1318 1516 1390 ἰσχύος
1541 1320 1706 1374 αὐτοῦ
1726 1337 1739 1350 °
1765 1320 1968 1391 ψευδὴς

395 1403 453 1455 δὲ
494 1404 660 1469 ἵππος
694 1409 778 1471 είς
807 1413 1106 1479 σωτηρίαν,
1133 1412 1274 1465 κατὰ
1313 1413 1403 1466 τὸν
1446 1414 1588 1467 θεῖον
1627 1415 1790 1481 φάναι
1831 1433 1970 1487 προ·

399 1498 579 1567 φήτην
609 1501 704 1553 καὶ
736 1501 1138 1575 ψαλμογράιρον
1179 1509 1270 1559 καὶ
1306 1509 1633 1578 θεοπάτορα.
1676 1511 1966 1579 Τοιγάρτοι

397 1589 496 1641 καὶ
522 1589 582 1642 τδ
615 1590 1050 1666 ἀπερικλόνητον
1110 1597 1287 1667 πάντη
1342 1601 1865 1666 περιφυλὰττεσθαι,
1901 1604 1965 1671 τῇ

397 1699 458 1733 τε
491 1682 684 1737 πασῶν
709 1687 1104 1758 προκαθημένῃ
1137 1689 1460 1760 ἐκκλησιῶν,
1492 1693 1584 1744 καὶ
1613 1696 1724 1756 τοῖς
1763 1694 1968 1763 μνημο-

396 1775 636 1827 νευθεῖσι
659 1778 827 1829 πᾶσιν
852 1779 1206 1848 ἀρχιερεῦσι,
1252 1782 1362 1833 τῶν
1410 1783 1747 1854 ὁπουδήποτε
1800 1785 1968 1850 ἁγίων

396 1870 725 1940 ἐκκλησιῶν,
759 1873 852 1923 καὶ
885 1873 942 1924 τὸ
967 1874 1210 1942 ἀσφαλὲς
1251 1878 1358 1929 τῶν
1398 1879 1709 1947 προσόντων
1740 1879 1968 1945 ταύταις

394 1962 783 2032 δικαιωμάτων
807 1966 899 2018 ἐπὶ
926 1969 990 2036 τῇ
1039 1971 1242 2039 κατοχῇ
1288 1970 1399 2024 τῶν
1447 1973 1725 2042 ἀκινήτων
1785 1973 1966 2027 αὐτῶν

396 2055 748 2126 βεϐαιότερον
780 2060 1098 2115 καθιστῶσα
1120 2079 1135 2095 ο
1170 2066 1695 2136 προσεπανορθοῦσα
1719 2068 1772 2120 δὲ
1796 2071 1890 2123 καὶ
1917 2069 1972 2121 εἴ
1996 2119 2008 2130 ,

394 2165 447 2200 τι
482 2164 586 2200 που
619 2150 857 2218 χιολεῦὀν
899 2153 1048 2206 ἐστιν
1107 2155 1164 2206 ἐν
1191 2158 1304 2217 τοῖς
1361 2157 1543 2209 αὐτῶν
1574 2159 1962 2228 δικαιώμασιν,

393 2239 489 2290 καὶ
516 2238 616 2307 τῆς
644 2242 934 2311 ἀκριϐείας
983 2245 1305 2317 λειπόμενον
1329 2263 1342 2275 ⁸
1377 2250 1470 2302 καὶ
1504 2250 1564 2304 οὐ
1598 2253 1757 2318 μόνον
1785 2253 1962 2318 τοῦτο,

393 2327 533 2382 ἀλλά
556 2333 648 2384 καὶ
681 2335 736 2385 εί
759 2351 809 2387 τι
828 2337 1044 2403 ὀφεῖλον
1063 2341 1505 2411 ἐπακολουθῆσαι
1527 2344 1804 2414 δικαίωμα
1829 2347 1966 2416 πρὸς

392 2421 495 2486 τὴν
547 2423 765 2493 ἀσφαλῆ
822 2428 933 2479 τῶν
984 2437 1245 2484 τοιούτων
1300 2434 1574 2506 ἀκινήτων
1625 2435 1961 2500 δεσποτείαν,

393 2519 636 2586 κατοχὴν
667 2536 723 2572 τε
759 2521 853 2572 καὶ
876 2524 1177 2594 κυριότητα
1205 2525 1460 2592 γενέσθαι
1496 2527 1626 2591 ἴσως
1661 2531 1760 2584 οὐκ
1797 2530 1965 2599 ἔφθαο

395 2621 522 2658 σειν
585 2609 747 2662 αὑτὸν
799 2611 862 2681 δὴ
911 2613 1002 2665 τὸν
1067 2615 1326 2685 παρόντα,
1358 2619 1754 2687 χρυσόϐουλλον
1807 2623 1965 2692 λόγον

397 2699 596 2769 ἰατῆρα
633 2702 665 2771 ἡ
725 2704 969 2772 βασιλεία
1012 2725 1114 2776 μου
1149 2709 1341 2763 τούτου
1376 2711 1438 2780 δὴ
1485 2714 1578 2766 τοῦ
1622 2717 1963 2782 ἐλλείποντος

392 2795 578 2858 αὐτοῖς
594 2796 943 2861 ἐπιδέδωκεν,
959 2795 1068 2852 οἷον
1088 2802 1273 2871 ἄρτιον
1298 2807 1393 2858 καὶ
1409 2806 1658 2876 ὀλομελὲε
1678 2810 1964 2867 δεικνύντα

392 2885 454 2938 τὲ
483 2887 576 2939 ἐπὶ
606 2890 821 2950 τούτοις
851 2891 1084 2954 δίκαιον,
1115 2895 1207 2946 καὶ
1232 2896 1312 2956 εἰς
1335 2897 1395 2948 τὸ
1424 2899 1687 2964 παντελὲς
1716 2903 1989 2958 ἁδιάσειο.

393 2993 544 3041 στον,
576 2979 644 3032 δι’
681 2972 742 3031 οὗ
786 2981 997 3048 βεϐαιοῖ
1025 2985 1146 3052 μὲν,
1181 2987 1276 3039 καὶ
1320 2989 1726 3062 ἀσφαλέστερον
1755 2993 1958 3063 τίθησι,

393 3069 508 3120 πᾶν
543 3069 742 3138 προσὸν
769 3075 890 3135 ταῖς
924 3075 1044 3126 κατ’
1084 3075 1282 3140 αὐτοὺς
1317 3080 1652 3147 ἁγιωτάταις
1697 3083 1790 3135 τοῦ
1824 3084 1958 3138 Θεοῦ

2073 579 2226 644 Sion,
2259 581 2348 634 Dei
2374 581 2656 651 sapientiae
2709 581 3042 644 habitacula,
3073 589 3121 634 et
3161 582 3246 645 iis,
3281 583 3371 652 qni
3411 595 3539 638 sunt
3573 586 3624 640 in

2070 675 2321 727 omnibus
2355 675 2545 728 insulis
2566 675 2686 729 etin
2710 674 2917 727 oriente
2950 685 3002 729 et
3028 675 3327 741 occidente,
3361 678 3625 732 antistiti-

2070 763 2172 818 bus
2196 765 2433 827 donavit,
2461 780 2647 818 eorum
2675 780 2772 833 pro
2799 765 3077 831 majestate
3101 780 3217 819 mea
3249 781 3438 834 prec-cs
3463 769 3634 838 magis

2069 852 2420 908 conﬁrmans.
2453 853 2618 908 Recte
2647 855 2790 908 enim
2828 856 2974 908 novit
3006 871 3122 909 mea
3173 856 3452 924 majestas.
3485 858 3630 926 quod

2070 957 2160 996 rex
2192 959 2297 997 non
2330 955 2582 998 servatur
2616 961 2712 1014 per
2757 947 2981 1000 multam
3029 951 3347 1016 potentiam,
3393 959 3446 1002 et
3488 953 3632 1016 quod

2069 1036 2218 1105 gigas
2248 1051 2351 1089 non
2391 1038 2696 1091 servabitur
2739 1038 2793 1092 in
2845 1039 3190 1093 multitmline
3224 1040 3443 1093 virtutis
3471 1058 3582 1095 sure
3616 1061 3628 1095 :

2071 1129 2299 1183 mendax
2353 1141 2532 1185 autem
2573 1147 2743 1201 equus
2774 1132 2838 1186 ad
2876 1133 3131 1195 salutem,
3170 1144 3226 1186 nt
3276 1150 3398 1188 cum
3449 1135 3634 1188 divino

2069 1222 2336 1290 Propheta
2369 1236 2421 1278 et
2445 1223 2870 1296 Psalmograpbo
2899 1236 2949 1279 et
2981 1225 3070 1280 Dei
3101 1237 3252 1294 patre
3285 1229 3499 1295 luqtiar.
3530 1227 3633 1280 Vo-

2071 1313 2186 1368 lcns
2219 1315 2386 1381 enim,
2423 1325 2480 1369 ut
2517 1317 2742 1372 ﬁrmitas
2778 1327 2828 1371 et
2875 1319 3144 1374 stabilitas
3187 1320 3480 1380 Eeclesim,
3520 1336 3639 1389 quae

2069 1407 2323 1462 omnibus
2351 1419 2564 1478 praeest,
2609 1410 2832 1465 omnino
2869 1421 3137 1476 servetur,
3175 1420 3225 1466 et
3269 1413 3526 1466 omnibus
3554 1414 3638 1465 di-

2069 1500 2176 1553 ctis
2227 1500 2563 1556 antistitibus
2608 1509 2920 1557 sanctarum
2975 1521 3095 1574 qum
3143 1507 3456 1574 ubicunque
3512 1517 3639 1559 sunt

2072 1589 2459 1657 Eeclesiarum,
2504 1603 2557 1647 et
2606 1597 2953 1650 securitatem
3005 1591 3282 1650 titulorum
3329 1614 3391 1653 ac
3431 1597 3637 1665 jnrum,

2068 1685 2306 1751 qum-illis
2329 1686 2546 1750 adsunt,
2572 1689 2623 1740 in
2651 1691 2889 1756 ipsorum
2918 1690 3282 1744 immobilium
3306 1690 3637 1750 deteulinne,

2074 1778 2282 1833 ﬁrmius
2316 1781 2694 1848 constituens;
2733 1790 2785 1835 et
2819 1794 3077 1851 prmterea
3111 1786 3389 1854 corrigens
3429 1787 3471 1838 si
3505 1787 3635 1854 quid

2072 1871 2124 1922 in
2153 1886 2340 1925 eorum
2367 1872 2580 1936 juribns
2617 1874 2907 1935 claudit-et,
2939 1884 2993 1929 et
3027 1892 3054 1927 a
3090 1893 3304 1931 summo
3339 1893 3455 1930 exat
3479 1889 3641 1946 tuque

2066 1962 2188 2027 jure
2234 1963 2437 2026 distet;
2478 1975 2532 2018 et
2561 1980 2665 2018 non
2699 1967 2874 2019 solum
2904 1967 3028 2028 hoc,
3067 1969 3159 2022 sed
3192 1980 3244 2020 et
3282 1970 3325 2022 si
3357 1971 3501 2038 quq-.l
3547 1969 3639 2034 jtts

2069 2057 2327 2124 consequi
2373 2056 2530 2128 311
2589 2058 2787 2116 debet.
2845 2061 2910 2113 ad
2957 2061 3223 2128 ejusmodi
3277 2063 3636 2116 immnbilium

2069 2146 2518 2210 dominationem,
2577 2152 2942 2205 detentionem
3003 2161 3056 2205 et
3109 2155 3531 2223 proprietatibus“
3587 2153 3636 2206 id

2071 2237 2301 2293 fortasse
2330 2242 2482 2309 prius
2511 2241 2710 2296 factum
2742 2260 2849 2298 non
2883 2254 2966 2298 est
2999 2261 3011 2295 :
3047 2247 3185 2300 banc
3220 2247 3477 2313 majestas
3518 2263 3638 2300 mea

2070 2327 2273 2381 Dnllam
2321 2333 2553 2385 Auream
2583 2374 2598 2393 ,
2635 2333 2756 2400 ejus
2795 2335 2936 2402 quod
2983 2337 3136 2391 deest
3183 2338 3590 2393 medicatricem
3619 2379 3634 2398 ,

2069 2418 2175 2474 illis
2204 2423 2428 2476 tradi-lit
2451 2463 2464 2487 ,
2502 2440 2622 2493 qu:e
2652 2426 2817 2480 veluti
2858 2427 3160 2496 perfectum
3199 2440 3249 2482 et
3283 2430 3552 2500 integrum
3584 2441 3637 2484 et

2067 2513 2289 2566 omnino
2325 2515 2746 2572 illabel'aetabile
2786 2529 2840 2574 et
2873 2520 3151 2574 immobile
3172 2520 3264 2591 jus
3295 2523 3413 2590 ejus
3445 2531 3632 2575 esten-

2067 2602 2184 2659 dit:
2214 2621 2307 2673 per
2337 2623 2497 2675 quam
2529 2609 2816 2663 confirmat
2863 2609 3104 2679 quidem,
3138 2622 3191 2665 et
3242 2613 3412 2666 tutius
3461 2612 3581 2665 facit
3614 2655 3630 2676 ,

2065 2697 2433 2766 quodcunque
2467 2699 2558 2765 jus
2605 2701 2759 2755 adest
2809 2703 3174 2757 sanctissimis
3221 2704 3310 2758 Dei
3359 2704 3634 2765 ecclesiis.

1989 2791 1992 2794 ’
2065 2785 2224 2853 eique
2253 2801 2374 2855 quae
2405 2789 2510 2842 illis
2546 2793 2817 2859 prmsidet,
2859 2791 2912 2846 in
2950 2795 3065 2847 suis
3110 2793 3504 2856 immobilibus,
3537 2811 3636 2847 cu-

2061 2876 2523 2950 jusmodicnnque
2558 2882 2779 2947 fuerint,
2815 2894 2869 2938 et
2900 2886 3213 2954 ubicunque
3261 2903 3323 2940 ea
3361 2888 3464 2941 sila
3502 2891 3634 2948 sint,

2065 2979 2117 3024 et
2149 2971 2293 3039 quiid
2325 2975 2610 3041 pulchrum
2663 2977 2946 3044 pulchrius
2997 2980 3281 3034 constituit
3334 2980 3640 3046 n-ajestatis

2065 3077 2199 3118 mea:
2229 3067 2498 3120 sententia
2542 3078 2596 3122 et
2643 3070 2872 3125 calculo.
2914 3069 3186 3143 Quidquid
3223 3082 3402 3127 autem
3445 3080 3532 3128 est
3580 3074 3633 3127 in

389 3161 738 3231 ἐκκλησίαις,
761 3165 855 3218 καὶ
895 3166 1030 3236 αὐτῇ
1066 3171 1128 3237 τῇ
1179 3171 1383 3224 τούτων
1415 3174 1811 3250 προκαθημένῃ
1836 3218 1850 3243 ,
1883 3178 1960 3232 δι-

2063 3156 2165 3220 eis,
2201 3157 2251 3211 in
2299 3160 2714 3228 quibuscunque
2753 3165 2877 3230 quis
2918 3177 3222 3234 spectatum
3284 3167 3334 3220 id
3390 3167 3637 3228 dixerit,

391 3252 618 3322 καίωμα
645 3255 736 3307 ἐπὶ
767 3258 876 3318 τοῖς
914 3259 1092 3311 αὐτῶν
1114 3261 1414 3332 ἀκινήτοις,
1443 3267 1565 3318 ὅποι
1608 3266 1674 3321 ἂν
1695 3271 1791 3322 καὶ
1825 3272 1960 3324 καθ-

388 3346 614 3412 έστηκε,
671 3349 776 3401 κᾶν
816 3350 1158 3422 ὁπουδήποτε
1188 3353 1360 3408 ταῦτα
1414 3356 1738 3425 διάκεινται,
1777 3366 1961 3418 καὶτὸ

386 3437 558 3488 καλὸν
591 3439 812 3493 κάλλιον
865 3441 1048 3511 τίθησι
1074 3445 1139 3512 τῇ
1175 3445 1451 3514 ἐπικρίσει
1500 3449 1589 3502 καὶ
1644 3448 1811 3522 ψήφῳ
1859 3451 1961 3520 τῆς

389 3526 677 3598 βασιλείας
713 3549 838 3598 μου.
869 3534 983 3587 Πᾶν
1006 3535 1061 3588 δὲ
1090 3537 1368 3602 ἑναύτοίς,
1393 3541 1449 3592 ἐν
1473 3541 1678 3604 ὁποίοις
1708 3545 1852 3597 εἴποι
1877 3563 1961 3608 τις

389 3620 794 3691 θεωρούμενον,
827 3625 943 3678 εἴτε
992 3627 1049 3678 ὲν
1081 3628 1463 3700 χρυσοϐούλλῳ
1492 3631 1636 3703 λόγῳ
1687 3634 1962 3704 διαφόρων

387 3713 681 3783 βασιλέων,
711 3717 821 3768 εἴτε
848 3717 903 3768 ὲν
940 3717 1246 3783 σιγιλλίοις,
1279 3722 1386 3773 εἴτε
1417 3723 1472 3774 ὲν
1495 3723 1695 3784 ἁπλαῖς
1726 3729 1960 3796 προστά-

386 3805 562 3869 ξεσιν,
591 3809 698 3862 εἴτε
730 3811 785 3861 ἐν
816 3809 1052 3875 λύσεσιν,
1073 3814 1318 3867 τουτέστι
1353 3821 1692 3885 πρακτικοῖς,
1717 3821 1959 3877 ὑποσκά-

383 3901 503 3963 ζον,
541 3902 631 3952 καὶ
660 3901 803 3954 κατά
831 3919 883 3953 τι
918 3901 1014 3954 τοῦ
1048 3904 1307 3974 ἀκριϐοῦς
1341 3907 1432 3958 καὶ
1473 3907 1569 3976 τῆς
1604 3907 1958 3982 ὀφειλομένης

383 3992 711 4057 ἀκολουθίας
739 3996 1081 4067 λειπόμενον,
1112 4000 1219 4052 ἀπό
1273 4019 1330 4054 τε
1378 4003 1671 4072 βασιλικῶν
1723 4024 1961 4076 προστα-

381 4087 613 4155 γμάτων
662 4090 752 4141 καὶ
801 4091 1001 4157 νόμων,
1057 4093 1365 4164 ἐπανορθοῖ,
1395 4098 1486 4147 καὶ
1536 4095 1825 4165 διορίζεται
1882 4101 1956 4168 μὴ

382 4179 533 4233 κατά
560 4197 613 4232 τι
640 4182 924 4252 πρόκριμα
966 4187 1028 4235 ἐκ
1051 4184 1256 4237 τούτων
1291 4182 1430 4239 εἶναι
1463 4190 1580 4251 ταῖς
1605 4189 1959 4258 δηλωθείσαις

380 4274 594 4336 πάσαις
628 4275 956 4342 ἁγιωτάταις
977 4277 1297 4348 ἐκκλησίαις
1317 4282 1393 4339 εἰς
1411 4281 1500 4334 τὸν
1519 4282 1688 4335 αίῶνα
1719 4284 1955 4348 ἅπαντα,

379 4367 526 4420 ἀλλά
558 4367 618 4421 τὸ
652 4368 960 4439 ὑπόσαθρον
991 4371 1216 4425 ἐκείνων
1240 4373 1331 4425 καὶ
1353 4374 1576 4434 ἀσθενὲς
1594 4375 1960 4429 εὐτονώτατον

377 4458 528 4515 εἶναι
561 4461 657 4515 καὶ
693 4463 968 4517 ἀνάλωτον
1008 4465 1155 4534 πάσῃ
1194 4465 1530 4538 δικαιολογία
1563 4465 1655 4520 τοῦ
1692 4466 1958 4537 βουλομέ-

2063 3252 2177 3305 sive
2212 3252 2264 3306 in
2303 3255 2571 3324 rescripto
2606 3257 2946 3310 diversorum
3001 3259 3393 3326 imperatorum
3452 3263 3626 3311 Aurea

2061 3343 2212 3399 Bulla
2256 3349 2486 3413 munito,
2516 3348 2629 3403 sive
2683 3349 2736 3402 in
2778 3350 2994 3421 sigillis,
3046 3351 3160 3405 sive
3198 3351 3250 3404 in
3289 3351 3628 3419 simplicibus

2058 3438 2422 3507 jussionibus,
2460 3440 2574 3495 sive
2607 3441 2658 3494 in
2691 3441 3086 3505 solutionibus,
3117 3442 3220 3496 hoc
3267 3453 3348 3496 est
3379 3442 3432 3495 in
3470 3441 3628 3500 actis,

2063 3513 2400 3597 claudicans,
2429 3546 2482 3588 et
2515 3534 2693 3602 aliqua
2725 3535 2776 3586 in
2809 3550 2866 3589 re
2894 3534 2960 3588 ab
2989 3550 3054 3588 eo
3081 3535 3222 3605 quod
3255 3543 3340 3590 est
3374 3545 3627 3589 exactum

2060 3631 2111 3675 et
2144 3639 2171 3676 a
2211 3623 2390 3678 debita
2422 3627 2811 3696 consequentia
2840 3627 3124 3693 deﬁciens,
3155 3645 3184 3682 e
3216 3627 3488 3699 regalibus
3511 3627 3630 3696 jus-

2060 3717 2307 3771 sionibus
2339 3729 2391 3772 et
2432 3719 2639 3789 legibus
2670 3722 2917 3790 corrigit,
2945 3733 2998 3775 et
3033 3722 3281 3777 decernit
3312 3722 3478 3781 dictis
3505 3736 3634 3776 san-

2059 3808 2320 3863 ctissimis
2343 3808 2600 3866 Ecclesiis
2639 3813 2842 3866 nullum
2883 3830 2946 3866 ex
2980 3829 3040 3866 ea
3079 3830 3138 3866 re
3173 3813 3544 3882 prmjudicium
3571 3812 3624 3865 in

2058 3909 2320 3953 aeternum
2354 3902 2532 3957 aﬁ‘erri
2568 3922 2582 3958 :
2613 3908 2706 3960 sed
2738 3907 2882 3973 mind
2917 3907 2968 3960 in
3019 3909 3098 3962 eis
3145 3916 3230 3961 est
3271 3907 3545 3961 inﬁrmum
3575 3915 3630 3959 et

2061 3991 2414 4053 imbecillum,
2447 4010 2567 4048 esse
2603 3997 2975 4052 ﬁrmissimum
3006 4011 3059 4050 et
3100 3998 3243 4050 nulla
3275 3998 3414 4066 juris
3446 3999 3632 4064 alliga-

2059 4085 2205 4139 tione
2247 4089 2666 4156 oppugnandum
2700 4091 2768 4144 ab
2822 4105 2886 4144 eo
2917 4130 2930 4155 ,
2977 4090 3067 4160 qui
3105 4091 3233 4145 velit
3267 4089 3469 4159 aliquid
3525 4105 3622 4156 pro

2060 4177 2188 4231 ﬁsco
2219 4194 2312 4234 seu
2345 4180 2563 4248 publico
2591 4181 2789 4246 dicere,
2821 4173 2887 4235 'ut
2915 4183 3057 4249 quod
3091 4184 3342 4252 prmsenti
3378 4182 3632 4262 majesta-

2062 4273 2128 4326 tis
2166 4289 2298 4327 mea:
2326 4274 2642 4328 deﬁnitione
2684 4276 2860 4328 Aurea
2901 4275 3050 4329 Bulla
3084 4276 3292 4331 munita
3332 4277 3630 4338 conﬁrme-

2061 4373 2149 4416 tur
2181 4375 2235 4416 et
2261 4363 2413 4419 valde
2438 4366 2843 4420 corroboretur.
2883 4366 2946 4419 lit
2979 4377 3033 4419 ut
3071 4382 3134 4418 ex
3172 4366 3357 4420 nmltis
3395 4380 3583 4418 eorum
3609 4406 3625 4429 ,

2061 4470 2180 4523 quae
2205 4455 2438 4524 cuipiam
2470 4457 2520 4508 in
2551 4466 2784 4510 mentem
2813 4456 2997 4512 venire
3027 4457 3256 4521 possint,
3281 4471 3450 4526 pauca
3481 4471 3628 4524 quie-

378 4572 477 4608 νου
508 4556 690 4618 λέγειν
719 4574 771 4610 τι
816 4557 958 4626 ὑπὲρ
996 4557 1089 4610 τοῦ
1124 4560 1407 4627 δημοσίου.
1442 4559 1518 4628 τῷ
1565 4560 1791 4629 παρόντι
1823 4579 1955 4631 Χρυ·

2063 4546 2183 4599 dam
2237 4548 2493 4615 majestas
2525 4564 2641 4618 mea
2685 4549 2947 4603 memoria
2975 4559 3214 4618 repetat;
3253 4551 3297 4604 si
3343 4549 3484 4604 forte
3523 4549 3625 4602 do-

378 4650 656 4722 σοϐοὐλλῳ
683 4651 826 4723 λόγῳ
873 4654 970 4722 τῆς
1006 4652 1282 4721 βασιλείας
1336 4671 1436 4720 μου
1471 4657 1813 4725 ῥωννύμενον
1861 4657 1953 4709 καὶ

379 4743 592 4813 σφόδρα
630 4745 1118 4814 ὲνδυναμούμενον.
1171 4746 1282 4800 Καὶ
1329 4746 1417 4799 ἵνα
1448 4748 1554 4800 ἀπὸ
1579 4746 1682 4804 τῶν
1711 4745 1949 4808 πολλῶν,

376 4831 460 4890 ὧν
485 4837 552 4891 ἄν
579 4853 663 4900 τις
691 4837 1020 4904 ἐννοήσειεν,
1058 4839 1257 4906 ὀλίγων
1289 4840 1452 4892 τινῶν
1491 4841 1523 4911 ἡ
1572 4839 1816 4908 βασιλεία
1850 4857 1952 4909 μου

378 4926 774 4996 ἑπιμνησθείη,
839 4928 932 4980 ἐὰν
982 4928 1144 4998 τυχὸν
1199 4929 1378 4998 δωρεὰ
1433 4931 1614 4992 αὐτοῖς
1673 4930 1952 4998 παροίκων

376 5020 586 5082 ἄποτος
614 5021 720 5090 εἴη,
756 5019 788 5089 ἢ
829 5021 1026 5090 μέτρον
1058 5022 1178 5092 γῆς,
1208 5021 1239 5092 ἢ
1274 5022 1578 5094 αὑτούργιὰ
1607 5040 1726 5076 τινα
1750 5021 1952 5075 ὲκαινί-

381 5108 590 5179 σθησαν
620 5111 679 5164 ὲν
725 5113 838 5174 τοῖς
894 5111 1156 5174 τοιούτοις
1192 5113 1459 5182 κτήμασι,
1493 5111 1654 5183 τυχὸν
1688 5113 1765 5182 μὴ
1790 5112 1951 5164 δεδω-

380 5201 595 5270 ρημένα
620 5202 828 5268 αὐτοῖς,
857 5203 888 5272 ἢ
928 5205 1020 5256 καὶ
1051 5205 1403 5274 ὲδωρήθησαν
1434 5205 1552 5273 μὲν,
1585 5205 1684 5257 οὐκ
1714 5204 1947 5274 ἀνετρά-

373 5309 564 5361 πησαν
593 5292 649 5345 δὲ
671 5295 726 5346 αί
757 5295 882 5363 περὶ
904 5294 1107 5348 τούτων
1135 5295 1484 5364 προστάξεις,
1517 5295 1548 5362 ἦ
1573 5296 1666 5347 ἐπὶ
1689 5313 1948 5366 προαφω-

374 5384 657 5458 ρισμένοις
703 5385 1097 5456 δεδωρημένοις
1143 5388 1344 5450 αὐτοῖς,
1397 5391 1452 5441 αἱ
1501 5405 1946 5459 περιπροαςςωρι-

373 5479 575 5547 σμέναι
599 5478 921 5549 προστάξεις
973 5480 1074 5534 οὐκ
1123 5480 1529 5551 ἀνετράπησαν,
1574 5481 1606 5553 ﬁ
1664 5499 1783 5534 τινα
1840 5482 1950 5534 τῶν

371 5569 747 5640 πορισθέντων
779 5571 962 5634 αὐτοῖς
1010 5571 1308 5640 βασιλικῶν
1355 5572 1796 5642 προσταγμάτων
1835 5572 1948 5626 οὐδ’

371 5662 514 5724 ὅλως
535 5662 1017 5734 κατεστρώθησαν,
1044 5663 1076 5733 ἦ
1101 5661 1554 5732 κατεστρώθησαν
1587 5662 1688 5732 μὲν
1728 5663 1807 5726 είς
1829 5679 1951 5716 τινα

371 5756 485 5807 τῶν
514 5755 808 5823 σεκρὲτων,
843 5754 874 5826 ἢ
914 5754 1368 5823 καταστρωθὲντα
1411 5755 1710 5818 ἀπώλοντο,
1750 5757 1840 5807 ίσα
1889 5755 1948 5808 δὲ

375 5849 585 5902 τούτων
615 5848 1018 5905 πεπιστευμένα
1041 5848 1406 5914 εὑρίσκονται,
1433 5847 1463 5916 ἦ
1493 5849 1769 5918 πρακτικὰ
1794 5849 1945 5918 ὀφεί-

2057 4640 2205 4692 natio
2237 4641 2554 4695 colonorum
2587 4641 2739 4709 ipsis,
2772 4653 2863 4694 aut
2897 4657 3272 4695 mensurarum
3321 4651 3476 4696 teme
3508 4639 3627 4694 sine

2056 4739 2202 4783 certa
2235 4731 2540 4798 quantitate
2597 4731 2688 4794 sit,
2722 4731 2804 4783 vel
2858 4730 3059 4799 praedia
3109 4733 3359 4800 quaedam
3417 4730 3622 4784 rustica

2058 4825 2367 4878 innovarint
2397 4825 2448 4878 in
2483 4825 2789 4894 liujnsniodi
2831 4826 3293 4892 possessionibus,
3330 4823 3468 4878 forte
3500 4838 3622 4890 qua;

2056 4917 2189 4982 ipsis
2216 4918 2411 4970 donata
2465 4934 2570 4972 non
2606 4917 2856 4978 fuerunt;
2889 4930 2980 4971 aut
3015 4921 3212 4971 donata
3242 4917 3459 4984 quidem
3499 4915 3617 4968 fue-

2054 5017 2180 5062 runt
2201 5027 2216 5074 ;
2238 5009 2512 5076 jussiones
2539 5020 2718 5064 autem
2747 5013 2812 5064 de
2845 5009 2928 5064 his
2960 5010 3115 5063 facta:
3155 5027 3262 5063 non
3297 5018 3422 5062 sunt
3456 5023 3618 5060 revo-

2053 5111 2208 5166 catze,
2236 5102 2317 5156 vel
2349 5103 2401 5156 in
2429 5105 2582 5171 prius
2601 5103 2919 5171 designatis,
2939 5119 3059 5172 qua:
3084 5103 3213 5171 ipsis
3238 5101 3443 5155 donata
3460 5109 3613 5160 sunt,

2051 5199 2325 5266 jussiones
2349 5199 2423 5253 de
2455 5202 2602 5270 prius
2633 5199 2872 5254 deﬁnitis
2903 5215 3009 5253 non
3045 5209 3172 5253 sunt
3214 5207 3496 5259 revocatas,
3525 5207 3621 5250 aut

2048 5289 2356 5358 jussiouum
2400 5292 2764 5360 imperalinni,
2817 5308 2939 5363 quae
2997 5293 3127 5360 ipsis
3179 5293 3398 5345 tributa:
3447 5301 3616 5355 sunt,

2053 5383 2248 5452 aliquae
2283 5386 2430 5439 nullo
2455 5386 2614 5439 modo
2649 5385 2938 5442 insinuata:
2971 5385 3226 5452 fuerunt;
3262 5395 3356 5439 aut
3398 5384 3621 5439 fuerunt

2051 5481 2267 5549 quidem
2299 5481 2584 5548 insinuata;
2619 5483 2670 5535 in
2705 5483 2889 5551 aliquo
2921 5499 3026 5538 non
3063 5493 3239 5535 tamen
3273 5491 3617 5550 competente

2053 5583 2282 5640 secreto;
2317 5584 2411 5629 aut
2455 5575 2743 5630 insinuata:
2791 5576 3112 5645 perierunt,
3149 5572 3393 5642 exempla
3427 5584 3614 5626 autem

2051 5683 2236 5722 earum
2286 5668 2389 5722 ﬁde
2421 5667 2583 5738 digna
2616 5668 2992 5737 reperiuntur;
3034 5678 3130 5722 aut
3156 5674 3297 5726 acta,
3334 5682 3456 5736 qua:
3485 5679 3613 5734 νιος

2052 5759 2244 5813 cedere
2277 5759 2566 5822 debebant,
2599 5776 2704 5814 non
2749 5768 3167 5826 processerunt,
3211 5758 3292 5812 vel
3334 5773 3454 5826 qua:
3487 5772 3615 5824 pro-

2054 5864 2331 5909 cesserunt
2380 5869 2485 5908 non
2535 5865 2661 5907 sunt
2710 5855 3023 5920 insinuata;
3057 5862 3168 5918 aut,
3204 5869 3324 5923 qua:
3370 5850 3486 5904 lict'i
3518 5849 3612 5900 de-
3671 5897 3678 5904 .
