  <div class='ocr_page' id='page_1' title='image "/cluster/home/n/w/nwhite01/storage/ocr_20150623/137/hvd.32044073502536/511.png"; bbox 0 0 4074 6214; ppageno 0'>
   <div class='ocr_carea' id='block_1_1' title="bbox 566 240 667 303">
    <p class='ocr_par' dir='ltr' id='par_1_1' title="bbox 566 240 667 303">
     <span class='ocr_line' id='line_1_1' title="bbox 566 240 667 303; baseline 0.02 -2"><span class='ocrx_word' id='word_1_1' title='bbox 566 240 667 303; x_wconf 77' lang='lat'>951</span> 
     </span>
    </p>
   </div>
   <div class='ocr_carea' id='block_1_2' title="bbox 1836 183 2152 291">
    <p class='ocr_par' dir='ltr' id='par_1_2' title="bbox 1836 231 2152 291">
     <span class='ocr_line' id='line_1_2' title="bbox 1836 231 2152 291; baseline -0.013 0"><span class='ocrx_word' id='word_1_2' title='bbox 1836 231 2110 291; x_wconf 82' lang='lat' dir='ltr'>THEOD.</span> <span class='ocrx_word' id='word_1_3' title='bbox 2147 231 2152 287; x_wconf 75' lang='grc' dir='ltr'><strong>ἶ</strong></span> 
     </span>
    </p>
   </div>
   <div class='ocr_carea' id='block_1_3' title="bbox 2256 183 3805 291">
    <p class='ocr_par' dir='ltr' id='par_1_3' title="bbox 2256 183 3805 288">
     <span class='ocr_line' id='line_1_3' title="bbox 2256 183 3805 288; baseline -0.003 0"><span class='ocrx_word' id='word_1_4' title='bbox 2256 231 2374 288; x_wconf 78' lang='lat' dir='ltr'>LSA</span> <span class='ocrx_word' id='word_1_5' title='bbox 2384 228 2537 288; x_wconf 80' lang='grc' dir='ltr'>ΜοΝ</span> <span class='ocrx_word' id='word_1_6' title='bbox 3083 183 3086 186; x_wconf 9' lang='grc' dir='ltr'>ί</span> <span class='ocrx_word' id='word_1_7' title='bbox 3715 225 3805 285; x_wconf 66' lang='lat'>952</span> 
     </span>
    </p>
   </div>
   <div class='ocr_carea' id='block_1_4' title="bbox 560 337 2152 421">
    <p class='ocr_par' dir='ltr' id='par_1_4' title="bbox 560 348 2126 419">
     <span class='ocr_line' id='line_1_4' title="bbox 560 348 2126 419; baseline -0.009 -9"><span class='ocrx_word' id='word_1_8' title='bbox 560 355 822 418; x_wconf 74' lang='lat' dir='ltr'><strong>but-runt.</strong></span> <span class='ocrx_word' id='word_1_9' title='bbox 850 357 1120 410; x_wconf 86' lang='lat' dir='ltr'><strong>rationum</strong></span> <span class='ocrx_word' id='word_1_10' title='bbox 1155 350 1615 419; x_wconf 85' lang='lat' dir='ltr'><strong>computationes,</strong></span> <span class='ocrx_word' id='word_1_11' title='bbox 1648 348 1803 403; x_wconf 68' lang='lat' dir='ltr'><strong>facta:</strong></span> <span class='ocrx_word' id='word_1_12' title='bbox 1835 365 1942 402; x_wconf 92' lang='lat' dir='ltr'><strong>non</strong></span> <span class='ocrx_word' id='word_1_13' title='bbox 1976 354 2126 410; x_wconf 88' lang='lat' dir='ltr'><strong>sunt;</strong></span> 
     </span>
    </p>
   </div>
   <div class='ocr_carea' id='block_1_5' title="bbox 2256 337 3802 421">
    <p class='ocr_par' dir='ltr' id='par_1_5' title="bbox 2256 337 3802 421">
     <span class='ocr_line' id='line_1_5' title="bbox 2256 337 3802 421; baseline -0.008 -26"><span class='ocrx_word' id='word_1_14' title='bbox 2256 361 2390 396; x_wconf 84' lang='grc' dir='ltr'>,οντα</span> <span class='ocrx_word' id='word_1_15' title='bbox 2425 340 2703 421; x_wconf 65' lang='grc' dir='ltr'>προϐῆναι⁸</span> <span class='ocrx_word' id='word_1_16' title='bbox 2734 340 2796 390; x_wconf 82' lang='grc' dir='ltr'>οὐ</span> <span class='ocrx_word' id='word_1_17' title='bbox 2825 339 3187 410; x_wconf 75' lang='grc' dir='ltr'>προέϐησαν,</span> <span class='ocrx_word' id='word_1_18' title='bbox 3227 337 3264 408; x_wconf 79' lang='grc' dir='ltr'><strong>ἦ</strong></span> <span class='ocrx_word' id='word_1_19' title='bbox 3307 337 3580 406; x_wconf 69' lang='grc' dir='ltr'>προδάντα</span> <span class='ocrx_word' id='word_1_20' title='bbox 3605 339 3662 392; x_wconf 79' lang='grc' dir='ltr'>οὐ</span> <span class='ocrx_word' id='word_1_21' title='bbox 3690 357 3802 396; x_wconf 79' lang='grc' dir='ltr'>κατ.</span> 
     </span>
    </p>
   </div>
   <div class='ocr_carea' id='block_1_6' title="bbox 558 441 2142 514">
    <p class='ocr_par' dir='ltr' id='par_1_6' title="bbox 558 441 2142 514">
     <span class='ocr_line' id='line_1_6' title="bbox 558 441 2142 514; baseline -0.003 -17"><span class='ocrx_word' id='word_1_22' title='bbox 558 458 657 500; x_wconf 80' lang='lat' dir='ltr'><strong>aut</strong></span> <span class='ocrx_word' id='word_1_23' title='bbox 709 447 847 503; x_wconf 82' lang='lat' dir='ltr'><strong>forte</strong></span> <span class='ocrx_word' id='word_1_24' title='bbox 903 444 1203 514; x_wconf 74' lang='lat' dir='ltr'>quamlibet</span> <span class='ocrx_word' id='word_1_25' title='bbox 1251 443 1411 498; x_wconf 87' lang='lat' dir='ltr'><strong>aliam</strong></span> <span class='ocrx_word' id='word_1_26' title='bbox 1464 444 1534 496; x_wconf 94' lang='lat' dir='ltr'><strong>ob</strong></span> <span class='ocrx_word' id='word_1_27' title='bbox 1591 457 1834 502; x_wconf 88' lang='lat' dir='ltr'><strong>causam,</strong></span> <span class='ocrx_word' id='word_1_28' title='bbox 1890 441 2003 495; x_wconf 85' lang='lat' dir='ltr'><strong>sive</strong></span> <span class='ocrx_word' id='word_1_29' title='bbox 2059 456 2142 509; x_wconf 24' lang='lat' dir='ltr'>ex.</span> 
     </span>
    </p>
   </div>
   <div class='ocr_carea' id='block_1_7' title="bbox 557 532 2116 608">
    <p class='ocr_par' dir='ltr' id='par_1_7' title="bbox 557 532 2116 608">
     <span class='ocr_line' id='line_1_7' title="bbox 557 532 2116 608; baseline -0.003 -18"><span class='ocrx_word' id='word_1_30' title='bbox 557 550 739 608; x_wconf 72' lang='lat' dir='ltr'><strong>parte,</strong></span> <span class='ocrx_word' id='word_1_31' title='bbox 775 541 888 594; x_wconf 84' lang='lat' dir='ltr'><strong>sive</strong></span> <span class='ocrx_word' id='word_1_32' title='bbox 918 538 970 590; x_wconf 93' lang='lat' dir='ltr'><strong>in</strong></span> <span class='ocrx_word' id='word_1_33' title='bbox 1007 544 1203 598; x_wconf 86' lang='lat' dir='ltr'><strong>totum,</strong></span> <span class='ocrx_word' id='word_1_34' title='bbox 1243 550 1365 603; x_wconf 75' lang='lat' dir='ltr'><strong>qua:</strong></span> <span class='ocrx_word' id='word_1_35' title='bbox 1395 534 1594 586; x_wconf 77' lang='lat' dir='ltr'>adsunt</span> <span class='ocrx_word' id='word_1_36' title='bbox 1634 549 1776 600; x_wconf 68' lang='lat' dir='ltr'><strong>smne</strong></span> <span class='ocrx_word' id='word_1_37' title='bbox 1807 532 1968 587; x_wconf 88' lang='lat' dir='ltr'><strong>dictis</strong></span> <span class='ocrx_word' id='word_1_38' title='bbox 1997 547 2116 587; x_wconf 83' lang='lat' dir='ltr'><strong>san-</strong></span> 
     </span>
    </p>
   </div>
   <div class='ocr_carea' id='block_1_8' title="bbox 559 625 2124 693">
    <p class='ocr_par' dir='ltr' id='par_1_8' title="bbox 559 625 2124 693">
     <span class='ocr_line' id='line_1_8' title="bbox 559 625 2124 693; baseline -0.003 -10"><span class='ocrx_word' id='word_1_39' title='bbox 559 632 667 684; x_wconf 91' lang='lat' dir='ltr'><strong>ctis</strong></span> <span class='ocrx_word' id='word_1_40' title='bbox 703 629 794 681; x_wconf 82' lang='lat' dir='ltr'>Dei</span> <span class='ocrx_word' id='word_1_41' title='bbox 833 627 1086 680; x_wconf 85' lang='lat' dir='ltr'><strong>ecclesiis</strong></span> <span class='ocrx_word' id='word_1_42' title='bbox 1113 635 1166 680; x_wconf 88' lang='lat' dir='ltr'><strong>et</strong></span> <span class='ocrx_word' id='word_1_43' title='bbox 1195 627 1352 678; x_wconf 90' lang='lat' dir='ltr'><strong>matri</strong></span> <span class='ocrx_word' id='word_1_44' title='bbox 1380 627 1622 680; x_wconf 89' lang='lat' dir='ltr'><strong>omnittm</strong></span> <span class='ocrx_word' id='word_1_45' title='bbox 1650 625 1770 693; x_wconf 91' lang='lat' dir='ltr'><strong>jura</strong></span> <span class='ocrx_word' id='word_1_46' title='bbox 1793 627 2124 687; x_wconf 90' lang='lat' dir='ltr'><strong>claudicant,</strong></span> 
     </span>
    </p>
   </div>
   <div class='ocr_carea' id='block_1_9' title="bbox 561 718 2126 782">
    <p class='ocr_par' dir='ltr' id='par_1_9' title="bbox 561 718 2126 782">
     <span class='ocr_line' id='line_1_9' title="bbox 561 718 2126 782; baseline 0.001 -11"><span class='ocrx_word' id='word_1_47' title='bbox 561 730 615 773; x_wconf 77' lang='lat' dir='ltr'>et</span> <span class='ocrx_word' id='word_1_48' title='bbox 652 723 780 773; x_wconf 88' lang='lat' dir='ltr'><strong>inde</strong></span> <span class='ocrx_word' id='word_1_49' title='bbox 811 719 1326 772; x_wconf 86' lang='lat' dir='ltr'><strong>ﬁrmitatem.suam</strong></span> <span class='ocrx_word' id='word_1_50' title='bbox 1380 733 1486 772; x_wconf 91' lang='lat' dir='ltr'>non</span> <span class='ocrx_word' id='word_1_51' title='bbox 1541 718 1773 782; x_wconf 83' lang='lat' dir='ltr'><strong>habent;</strong></span> <span class='ocrx_word' id='word_1_52' title='bbox 1808 718 1908 772; x_wconf 92' lang='lat' dir='ltr'><strong>etsi</strong></span> <span class='ocrx_word' id='word_1_53' title='bbox 1947 719 2126 772; x_wconf 90' lang='lat' dir='ltr'><strong>omnis</strong></span> 
     </span>
    </p>
   </div>
   <div class='ocr_carea' id='block_1_10' title="bbox 561 809 2130 878">
    <p class='ocr_par' dir='ltr' id='par_1_10' title="bbox 561 809 2130 878">
     <span class='ocr_line' id='line_1_10' title="bbox 561 809 2130 878; baseline 0.003 -17"><span class='ocrx_word' id='word_1_54' title='bbox 561 829 683 878; x_wconf 67' lang='lat' dir='ltr'><strong>quae</strong></span> <span class='ocrx_word' id='word_1_55' title='bbox 718 815 1080 865; x_wconf 87' lang='lat' dir='ltr'><strong>instrumenta</strong></span> <span class='ocrx_word' id='word_1_56' title='bbox 1114 810 1420 866; x_wconf 88' lang='lat' dir='ltr'><strong>claudicare</strong></span> <span class='ocrx_word' id='word_1_57' title='bbox 1460 809 1626 865; x_wconf 83' lang='lat' dir='ltr'><strong>faciat</strong></span> <span class='ocrx_word' id='word_1_58' title='bbox 1650 853 1664 868; x_wconf 89' lang='lat'><strong><em>.</em></strong></span> <span class='ocrx_word' id='word_1_59' title='bbox 1701 825 1861 864; x_wconf 87' lang='lat' dir='ltr'><strong>causa</strong></span> <span class='ocrx_word' id='word_1_60' title='bbox 1910 827 2016 864; x_wconf 89' lang='lat' dir='ltr'><strong>non</strong></span> <span class='ocrx_word' id='word_1_61' title='bbox 2058 811 2130 865; x_wconf 87' lang='lat' dir='ltr'><strong>sit</strong></span> 
     </span>
    </p>
   </div>
   <div class='ocr_carea' id='block_1_11' title="bbox 560 901 2130 972">
    <p class='ocr_par' dir='ltr' id='par_1_11' title="bbox 560 901 2130 972">
     <span class='ocr_line' id='line_1_11' title="bbox 560 901 2130 972; baseline -0.001 -15"><span class='ocrx_word' id='word_1_62' title='bbox 560 904 652 957; x_wconf 81' lang='lat' dir='ltr'><strong>hic</strong></span> <span class='ocrx_word' id='word_1_63' title='bbox 685 902 1006 955; x_wconf 88' lang='lat' dir='ltr'><strong>nominatim</strong></span> <span class='ocrx_word' id='word_1_64' title='bbox 1039 917 1330 972; x_wconf 85' lang='lat' dir='ltr'><strong>expressa;</strong></span> <span class='ocrx_word' id='word_1_65' title='bbox 1377 912 1471 957; x_wconf 87' lang='lat' dir='ltr'><strong>aut</strong></span> <span class='ocrx_word' id='word_1_66' title='bbox 1503 903 1608 956; x_wconf 86' lang='lat' dir='ltr'><strong>alia</strong></span> <span class='ocrx_word' id='word_1_67' title='bbox 1659 901 1797 955; x_wconf 81' lang='lat' dir='ltr'><strong>forte</strong></span> <span class='ocrx_word' id='word_1_68' title='bbox 1830 902 1963 970; x_wconf 84' lang='lat' dir='ltr'><strong>ipsis</strong></span> <span class='ocrx_word' id='word_1_69' title='bbox 1997 917 2130 956; x_wconf 85' lang='lat' dir='ltr'><strong>con-</strong></span> 
     </span>
    </p>
   </div>
   <div class='ocr_carea' id='block_1_12' title="bbox 561 994 2129 1061">
    <p class='ocr_par' dir='ltr' id='par_1_12' title="bbox 561 994 2129 1061">
     <span class='ocr_line' id='line_1_12' title="bbox 561 994 2129 1061; baseline 0 -14"><span class='ocrx_word' id='word_1_70' title='bbox 561 995 683 1048; x_wconf 50' lang='lat' dir='ltr'><strong>cedi</strong></span> <span class='ocrx_word' id='word_1_71' title='bbox 719 996 1025 1049; x_wconf 87' lang='lat' dir='ltr'><strong>debuerunt</strong></span> <span class='ocrx_word' id='word_1_72' title='bbox 1065 995 1422 1048; x_wconf 88' lang='lat' dir='ltr'><strong>instrumenta</strong></span> <span class='ocrx_word' id='word_1_73' title='bbox 1462 996 1528 1049; x_wconf 88' lang='lat' dir='ltr'><strong>de</strong></span> <span class='ocrx_word' id='word_1_74' title='bbox 1576 994 1886 1061; x_wconf 84' lang='lat' dir='ltr'><strong>Itujusntodi</strong></span> <span class='ocrx_word' id='word_1_75' title='bbox 1935 994 2129 1049; x_wconf 85' lang='lat' dir='ltr'><strong>immo-</strong></span> 
     </span>
    </p>
   </div>
   <div class='ocr_carea' id='block_1_13' title="bbox 564 1083 2128 1156">
    <p class='ocr_par' dir='ltr' id='par_1_13' title="bbox 564 1083 2128 1156">
     <span class='ocr_line' id='line_1_13' title="bbox 564 1083 2128 1156; baseline -0.001 -15"><span class='ocrx_word' id='word_1_76' title='bbox 564 1088 791 1152; x_wconf 75' lang='lat' dir='ltr'><strong>bilibus,</strong></span> <span class='ocrx_word' id='word_1_77' title='bbox 817 1103 944 1141; x_wconf 92' lang='lat' dir='ltr'>cum</span> <span class='ocrx_word' id='word_1_78' title='bbox 977 1083 1155 1156; x_wconf 81' lang='lat' dir='ltr'><strong>aliqua</strong></span> <span class='ocrx_word' id='word_1_79' title='bbox 1219 1089 1408 1142; x_wconf 70' lang='lat' dir='ltr'><strong>salem</strong></span> <span class='ocrx_word' id='word_1_80' title='bbox 1445 1087 1856 1154; x_wconf 81' lang='lat' dir='ltr'>impetraverint</span> <span class='ocrx_word' id='word_1_81' title='bbox 1912 1087 2057 1153; x_wconf 85' lang='lat' dir='ltr'><strong>(nam</strong></span> <span class='ocrx_word' id='word_1_82' title='bbox 2083 1088 2128 1143; x_wconf 88' lang='lat' dir='ltr'><strong>si</strong></span> 
     </span>
    </p>
   </div>
   <div class='ocr_carea' id='block_1_14' title="bbox 565 1177 2133 1248">
    <p class='ocr_par' dir='ltr' id='par_1_14' title="bbox 565 1177 2133 1248">
     <span class='ocr_line' id='line_1_14' title="bbox 565 1177 2133 1248; baseline 0.002 -19"><span class='ocrx_word' id='word_1_83' title='bbox 565 1178 954 1232; x_wconf 89' lang='lat' dir='ltr'><strong>documentum</strong></span> <span class='ocrx_word' id='word_1_84' title='bbox 996 1177 1062 1231; x_wconf 89' lang='lat' dir='ltr'><strong>de</strong></span> <span class='ocrx_word' id='word_1_85' title='bbox 1099 1179 1350 1246; x_wconf 85' lang='lat' dir='ltr'><strong>quopiam</strong></span> <span class='ocrx_word' id='word_1_86' title='bbox 1385 1194 1448 1232; x_wconf 78' lang='lat' dir='ltr'><strong>ex</strong></span> <span class='ocrx_word' id='word_1_87' title='bbox 1478 1179 1744 1248; x_wconf 78' lang='lat' dir='ltr'>possessis</span> <span class='ocrx_word' id='word_1_88' title='bbox 1771 1194 1800 1231; x_wconf 91' lang='lat' dir='ltr'>a</span> <span class='ocrx_word' id='word_1_89' title='bbox 1842 1194 1900 1232; x_wconf 89' lang='lat' dir='ltr'><strong>se</strong></span> <span class='ocrx_word' id='word_1_90' title='bbox 1938 1180 2133 1232; x_wconf 89' lang='lat' dir='ltr'><strong>immo-</strong></span> 
     </span>
    </p>
   </div>
   <div class='ocr_carea' id='block_1_15' title="bbox 566 1268 2132 1338">
    <p class='ocr_par' dir='ltr' id='par_1_15' title="bbox 566 1268 2132 1338">
     <span class='ocr_line' id='line_1_15' title="bbox 566 1268 2132 1338; baseline 0.001 -18"><span class='ocrx_word' id='word_1_91' title='bbox 566 1268 795 1330; x_wconf 86' lang='lat' dir='ltr'><strong>bilibus,</strong></span> <span class='ocrx_word' id='word_1_92' title='bbox 834 1283 1180 1335; x_wconf 84' lang='lat' dir='ltr'>nequaquam</span> <span class='ocrx_word' id='word_1_93' title='bbox 1223 1269 1594 1336; x_wconf 79' lang='lat' dir='ltr'><strong>acquisierint,</strong></span> <span class='ocrx_word' id='word_1_94' title='bbox 1638 1268 1774 1321; x_wconf 85' lang='lat' dir='ltr'><strong>nihil</strong></span> <span class='ocrx_word' id='word_1_95' title='bbox 1813 1283 1841 1319; x_wconf 86' lang='lat' dir='ltr'>a</span> <span class='ocrx_word' id='word_1_96' title='bbox 1885 1271 2132 1338; x_wconf 61' lang='lat' dir='ltr'><strong>praesenti</strong></span> 
     </span>
    </p>
   </div>
   <div class='ocr_carea' id='block_1_16' title="bbox 567 1357 2135 1427">
    <p class='ocr_par' dir='ltr' id='par_1_16' title="bbox 567 1357 2135 1427">
     <span class='ocr_line' id='line_1_16' title="bbox 567 1357 2135 1427; baseline 0.003 -16"><span class='ocrx_word' id='word_1_97' title='bbox 567 1360 759 1412; x_wconf 72' lang='lat' dir='ltr'><strong>Aurea:</strong></span> <span class='ocrx_word' id='word_1_98' title='bbox 784 1359 950 1411; x_wconf 63' lang='lat' dir='ltr'><strong>Bulla:</strong></span> <span class='ocrx_word' id='word_1_99' title='bbox 977 1359 1223 1412; x_wconf 89' lang='lat' dir='ltr'><strong>oratione</strong></span> <span class='ocrx_word' id='word_1_100' title='bbox 1245 1357 1627 1427; x_wconf 78' lang='lat' dir='ltr'><strong>jnvabnntur),</strong></span> <span class='ocrx_word' id='word_1_101' title='bbox 1664 1361 1808 1413; x_wconf 91' lang='lat' dir='ltr'><strong>nulla</strong></span> <span class='ocrx_word' id='word_1_102' title='bbox 1846 1361 1900 1413; x_wconf 92' lang='lat' dir='ltr'><strong>in</strong></span> <span class='ocrx_word' id='word_1_103' title='bbox 1933 1377 1989 1413; x_wconf 88' lang='lat' dir='ltr'>re</span> <span class='ocrx_word' id='word_1_104' title='bbox 2024 1363 2135 1415; x_wconf 65' lang='lat' dir='ltr'><strong>haec</strong></span> 
     </span>
    </p>
   </div>
   <div class='ocr_carea' id='block_1_17' title="bbox 570 1451 2139 1522">
    <p class='ocr_par' dir='ltr' id='par_1_17' title="bbox 570 1451 2139 1522">
     <span class='ocr_line' id='line_1_17' title="bbox 570 1451 2139 1522; baseline 0.006 -23"><span class='ocrx_word' id='word_1_105' title='bbox 570 1451 779 1508; x_wconf 83' lang='lat' dir='ltr'><strong>nuntia.</strong></span> <span class='ocrx_word' id='word_1_106' title='bbox 811 1461 863 1505; x_wconf 89' lang='lat' dir='ltr'>et</span> <span class='ocrx_word' id='word_1_107' title='bbox 901 1467 1242 1521; x_wconf 66' lang='lat' dir='ltr'><strong>quaacunque</strong></span> <span class='ocrx_word' id='word_1_108' title='bbox 1275 1453 1376 1506; x_wconf 88' lang='lat' dir='ltr'><strong>alia</strong></span> <span class='ocrx_word' id='word_1_109' title='bbox 1427 1453 1662 1520; x_wconf 83' lang='lat' dir='ltr'><strong>cuipiam</strong></span> <span class='ocrx_word' id='word_1_110' title='bbox 1717 1470 1812 1522; x_wconf 90' lang='lat' dir='ltr'><strong>pro</strong></span> <span class='ocrx_word' id='word_1_111' title='bbox 1850 1453 1980 1508; x_wconf 88' lang='lat' dir='ltr'><strong>ﬁsco</strong></span> <span class='ocrx_word' id='word_1_112' title='bbox 2020 1469 2139 1508; x_wconf 88' lang='lat' dir='ltr'><strong>cer-</strong></span> 
     </span>
    </p>
   </div>
   <div class='ocr_carea' id='block_1_18' title="bbox 573 1542 2138 1614">
    <p class='ocr_par' dir='ltr' id='par_1_18' title="bbox 573 1542 2138 1614">
     <span class='ocr_line' id='line_1_18' title="bbox 573 1542 2138 1614; baseline 0.004 -22"><span class='ocrx_word' id='word_1_113' title='bbox 573 1543 710 1595; x_wconf 91' lang='lat' dir='ltr'><strong>tanti</strong></span> <span class='ocrx_word' id='word_1_114' title='bbox 765 1542 818 1595; x_wconf 91' lang='lat' dir='ltr'>in</span> <span class='ocrx_word' id='word_1_115' title='bbox 875 1555 1106 1596; x_wconf 86' lang='lat' dir='ltr'><strong>mentem</strong></span> <span class='ocrx_word' id='word_1_116' title='bbox 1145 1547 1468 1614; x_wconf 86' lang='lat' dir='ltr'><strong>quandoque</strong></span> <span class='ocrx_word' id='word_1_117' title='bbox 1503 1547 1784 1609; x_wconf 83' lang='lat' dir='ltr'><strong>venerint,</strong></span> <span class='ocrx_word' id='word_1_118' title='bbox 1818 1546 2010 1598; x_wconf 67' lang='lat' dir='ltr'><strong>laedere</strong></span> <span class='ocrx_word' id='word_1_119' title='bbox 2041 1563 2138 1599; x_wconf 88' lang='lat' dir='ltr'>un-</span> 
     </span>
    </p>
   </div>
   <div class='ocr_carea' id='block_1_19' title="bbox 579 1633 2136 1704">
    <p class='ocr_par' dir='ltr' id='par_1_19' title="bbox 579 1633 2136 1704">
     <span class='ocr_line' id='line_1_19' title="bbox 579 1633 2136 1704; baseline 0.004 -20"><span class='ocrx_word' id='word_1_120' title='bbox 579 1648 742 1698; x_wconf 89' lang='lat' dir='ltr'><strong>quaut</strong></span> <span class='ocrx_word' id='word_1_121' title='bbox 779 1636 1156 1688; x_wconf 86' lang='lat' dir='ltr'><strong>sanctissimas</strong></span> <span class='ocrx_word' id='word_1_122' title='bbox 1188 1633 1278 1689; x_wconf 85' lang='lat' dir='ltr'><strong>Dei</strong></span> <span class='ocrx_word' id='word_1_123' title='bbox 1319 1637 1598 1693; x_wconf 86' lang='lat' dir='ltr'><strong>ecclesias.</strong></span> <span class='ocrx_word' id='word_1_124' title='bbox 1641 1645 1694 1688; x_wconf 81' lang='lat' dir='ltr'><strong>ct</strong></span> <span class='ocrx_word' id='word_1_125' title='bbox 1725 1635 2015 1704; x_wconf 74' lang='lat' dir='ltr'><strong>Sapientia:</strong></span> <span class='ocrx_word' id='word_1_126' title='bbox 2046 1637 2136 1690; x_wconf 83' lang='lat' dir='ltr'><strong>Dei</strong></span> 
     </span>
    </p>
   </div>
   <div class='ocr_carea' id='block_1_20' title="bbox 2230 429 3804 502">
    <p class='ocr_par' dir='ltr' id='par_1_20' title="bbox 2230 429 3804 502">
     <span class='ocr_line' id='line_1_20' title="bbox 2230 429 3804 502; baseline 0.001 -17"><span class='ocrx_word' id='word_1_127' title='bbox 2230 434 2602 502; x_wconf 72' lang='grc' dir='ltr'>εστρὼοησαν.</span> <span class='ocrx_word' id='word_1_128' title='bbox 2654 432 2688 500; x_wconf 87' lang='grc' dir='ltr'>ἦ</span> <span class='ocrx_word' id='word_1_129' title='bbox 2747 429 3070 499; x_wconf 75' lang='grc' dir='ltr'>ιῦρισοέντα</span> <span class='ocrx_word' id='word_1_130' title='bbox 3127 429 3391 498; x_wconf 75' lang='grc' dir='ltr'>γενέσθαι</span> <span class='ocrx_word' id='word_1_131' title='bbox 3422 431 3685 498; x_wconf 69' lang='grc' dir='ltr'>λογίσιςια,</span> <span class='ocrx_word' id='word_1_132' title='bbox 3723 435 3804 487; x_wconf 75' lang='grc' dir='ltr'>οὐκ</span> 
     </span>
    </p>
   </div>
   <div class='ocr_carea' id='block_1_21' title="bbox 2231 521 3805 592">
    <p class='ocr_par' dir='ltr' id='par_1_21' title="bbox 2231 521 3805 592">
     <span class='ocr_line' id='line_1_21' title="bbox 2231 521 3805 592; baseline 0.004 -18"><span class='ocrx_word' id='word_1_133' title='bbox 2231 525 2496 592; x_wconf 75' lang='grc' dir='ltr'>ἐγένοντο,</span> <span class='ocrx_word' id='word_1_134' title='bbox 2521 524 2554 592; x_wconf 87' lang='grc' dir='ltr'>ἢ</span> <span class='ocrx_word' id='word_1_135' title='bbox 2578 521 2719 574; x_wconf 83' lang='grc' dir='ltr'>κατά</span> <span class='ocrx_word' id='word_1_136' title='bbox 2745 540 2869 574; x_wconf 89' lang='grc' dir='ltr'>τινα</span> <span class='ocrx_word' id='word_1_137' title='bbox 2899 524 3041 586; x_wconf 72' lang='grc' dir='ltr'>ἴσως</span> <span class='ocrx_word' id='word_1_138' title='bbox 3066 523 3242 592; x_wconf 81' lang='grc' dir='ltr'>ἄλλην</span> <span class='ocrx_word' id='word_1_139' title='bbox 3271 523 3470 576; x_wconf 80' lang='grc' dir='ltr'>ὁποίαν</span> <span class='ocrx_word' id='word_1_140' title='bbox 3488 523 3550 575; x_wconf 74' lang='grc' dir='ltr'>ἄν</span> <span class='ocrx_word' id='word_1_141' title='bbox 3572 541 3649 586; x_wconf 89' lang='grc' dir='ltr'>τις</span> <span class='ocrx_word' id='word_1_142' title='bbox 3664 529 3805 592; x_wconf 78' lang='grc' dir='ltr'>εἴποι,</span> 
     </span>
    </p>
   </div>
   <div class='ocr_carea' id='block_1_22' title="bbox 2231 613 3798 684">
    <p class='ocr_par' dir='ltr' id='par_1_22' title="bbox 2231 613 3798 684">
     <span class='ocr_line' id='line_1_22' title="bbox 2231 613 3798 684; baseline -0.001 -14"><span class='ocrx_word' id='word_1_143' title='bbox 2231 618 2412 670; x_wconf 58' lang='grc' dir='ltr'>αἰτεῖν</span> <span class='ocrx_word' id='word_1_144' title='bbox 2445 618 2553 667; x_wconf 84' lang='grc' dir='ltr'>εῖτε</span> <span class='ocrx_word' id='word_1_145' title='bbox 2577 614 2716 666; x_wconf 82' lang='grc' dir='ltr'>κατὰ</span> <span class='ocrx_word' id='word_1_146' title='bbox 2745 613 2922 684; x_wconf 76' lang='grc' dir='ltr'>μέρος</span> <span class='ocrx_word' id='word_1_147' title='bbox 2958 616 3074 666; x_wconf 72' lang='grc' dir='ltr'>εἴτε</span> <span class='ocrx_word' id='word_1_148' title='bbox 3111 613 3628 682; x_wconf 69' lang='grc' dir='ltr'>καθολόκληρον,τα</span> <span class='ocrx_word' id='word_1_149' title='bbox 3656 633 3798 682; x_wconf 73' lang='grc' dir='ltr'>προσο</span> 
     </span>
    </p>
   </div>
   <div class='ocr_carea' id='block_1_23' title="bbox 2235 705 3807 776">
    <p class='ocr_par' dir='ltr' id='par_1_23' title="bbox 2235 705 3807 776">
     <span class='ocr_line' id='line_1_23' title="bbox 2235 705 3807 776; baseline -0.001 -15"><span class='ocrx_word' id='word_1_150' title='bbox 2235 709 2362 761; x_wconf 86' lang='grc' dir='ltr'>όντα</span> <span class='ocrx_word' id='word_1_151' title='bbox 2392 712 2511 770; x_wconf 83' lang='grc' dir='ltr'>ταῖς</span> <span class='ocrx_word' id='word_1_152' title='bbox 2562 706 2822 767; x_wconf 77' lang='grc' dir='ltr'>πολλάκις</span> <span class='ocrx_word' id='word_1_153' title='bbox 2885 705 3328 776; x_wconf 84' lang='grc' dir='ltr'>διαληφοείσαις</span> <span class='ocrx_word' id='word_1_154' title='bbox 3364 705 3548 772; x_wconf 85' lang='grc' dir='ltr'>ἁγίαις</span> <span class='ocrx_word' id='word_1_155' title='bbox 3579 707 3665 758; x_wconf 77' lang='grc' dir='ltr'>τοῦ</span> <span class='ocrx_word' id='word_1_156' title='bbox 3695 708 3807 760; x_wconf 81' lang='grc' dir='ltr'>Θεοῦ</span> 
     </span>
    </p>
   </div>
   <div class='ocr_carea' id='block_1_24' title="bbox 2237 796 3806 868">
    <p class='ocr_par' dir='ltr' id='par_1_24' title="bbox 2237 796 3806 868">
     <span class='ocr_line' id='line_1_24' title="bbox 2237 796 3806 868; baseline -0.002 -15"><span class='ocrx_word' id='word_1_157' title='bbox 2237 799 2556 868; x_wconf 70' lang='grc' dir='ltr'>ἐκκλησίαις</span> <span class='ocrx_word' id='word_1_158' title='bbox 2593 797 2690 850; x_wconf 75' lang='grc' dir='ltr'>καὶ</span> <span class='ocrx_word' id='word_1_159' title='bbox 2721 801 2788 867; x_wconf 79' lang='grc' dir='ltr'>τῇ</span> <span class='ocrx_word' id='word_1_160' title='bbox 2826 798 3007 868; x_wconf 78' lang='grc' dir='ltr'>μητρὶ</span> <span class='ocrx_word' id='word_1_161' title='bbox 3044 798 3246 852; x_wconf 80' lang='grc' dir='ltr'>πασῶν</span> <span class='ocrx_word' id='word_1_162' title='bbox 3279 796 3583 866; x_wconf 75' lang='grc' dir='ltr'>χωλεύουσι</span> <span class='ocrx_word' id='word_1_163' title='bbox 3613 798 3806 851; x_wconf 83' lang='grc' dir='ltr'>δικαιὼ-</span> 
     </span>
    </p>
   </div>
   <div class='ocr_carea' id='block_1_25' title="bbox 2242 888 3810 961">
    <p class='ocr_par' dir='ltr' id='par_1_25' title="bbox 2242 888 3810 961">
     <span class='ocr_line' id='line_1_25' title="bbox 2242 888 3810 961; baseline 0.002 -20"><span class='ocrx_word' id='word_1_164' title='bbox 2242 908 2410 959; x_wconf 88' lang='grc' dir='ltr'>ματα,</span> <span class='ocrx_word' id='word_1_165' title='bbox 2452 888 2746 941; x_wconf 75' lang='grc' dir='ltr'>κάντεῦθεν</span> <span class='ocrx_word' id='word_1_166' title='bbox 2777 889 2880 943; x_wconf 81' lang='grc' dir='ltr'>οὐκ</span> <span class='ocrx_word' id='word_1_167' title='bbox 2918 890 3111 960; x_wconf 75' lang='grc' dir='ltr'>ἔχουσι</span> <span class='ocrx_word' id='word_1_168' title='bbox 3137 893 3202 944; x_wconf 76' lang='grc' dir='ltr'>τὸ</span> <span class='ocrx_word' id='word_1_169' title='bbox 3246 891 3690 961; x_wconf 79' lang='grc' dir='ltr'>ἁπερικλόνητον,</span> <span class='ocrx_word' id='word_1_170' title='bbox 3726 895 3810 945; x_wconf 69' lang='grc' dir='ltr'>κᾶν</span> 
     </span>
    </p>
   </div>
   <div class='ocr_carea' id='block_1_26' title="bbox 2244 980 3810 1051">
    <p class='ocr_par' dir='ltr' id='par_1_26' title="bbox 2244 980 3810 1051">
     <span class='ocr_line' id='line_1_26' title="bbox 2244 980 3810 1051; baseline 0.003 -20"><span class='ocrx_word' id='word_1_171' title='bbox 2244 981 2318 1050; x_wconf 85' lang='grc' dir='ltr'>μὴ</span> <span class='ocrx_word' id='word_1_172' title='bbox 2349 981 2529 1051; x_wconf 73' lang='grc' dir='ltr'>ῥητῶς</span> <span class='ocrx_word' id='word_1_173' title='bbox 2554 980 2790 1032; x_wconf 76' lang='grc' dir='ltr'>ἐνταῦθα</span> <span class='ocrx_word' id='word_1_174' title='bbox 2812 983 2969 1034; x_wconf 82' lang='grc' dir='ltr'>πᾶσα</span> <span class='ocrx_word' id='word_1_175' title='bbox 2995 981 3322 1049; x_wconf 82' lang='grc' dir='ltr'>δποιαδήτις</span> <span class='ocrx_word' id='word_1_176' title='bbox 3340 983 3494 1035; x_wconf 85' lang='grc' dir='ltr'>αίτία</span> <span class='ocrx_word' id='word_1_177' title='bbox 3517 982 3810 1046; x_wconf 73' lang='grc' dir='ltr'>ὑποσκάζειν</span> 
     </span>
    </p>
   </div>
   <div class='ocr_carea' id='block_1_27' title="bbox 2241 1073 3810 1146">
    <p class='ocr_par' dir='ltr' id='par_1_27' title="bbox 2241 1073 3810 1146">
     <span class='ocr_line' id='line_1_27' title="bbox 2241 1073 3810 1146; baseline 0.001 -21"><span class='ocrx_word' id='word_1_178' title='bbox 2241 1074 2472 1126; x_wconf 86' lang='grc' dir='ltr'>ποιοῦσα</span> <span class='ocrx_word' id='word_1_179' title='bbox 2525 1073 2595 1125; x_wconf 70' lang='grc' dir='ltr'>τὰ</span> <span class='ocrx_word' id='word_1_180' title='bbox 2628 1073 2982 1142; x_wconf 82' lang='grc' dir='ltr'>δικαιώματα</span> <span class='ocrx_word' id='word_1_181' title='bbox 3040 1075 3484 1146; x_wconf 76' lang='grc' dir='ltr'>ἐκπεφώνηται·</span> <span class='ocrx_word' id='word_1_182' title='bbox 3543 1075 3573 1144; x_wconf 84' lang='grc' dir='ltr'>ἦ</span> <span class='ocrx_word' id='word_1_183' title='bbox 3630 1077 3810 1145; x_wconf 70' lang='grc' dir='ltr'>ὀφεῖλον</span> 
     </span>
    </p>
   </div>
   <div class='ocr_carea' id='block_1_28' title="bbox 2237 1165 3812 1238">
    <p class='ocr_par' dir='ltr' id='par_1_28' title="bbox 2237 1165 3812 1238">
     <span class='ocr_line' id='line_1_28' title="bbox 2237 1165 3812 1238; baseline 0.004 -22"><span class='ocrx_word' id='word_1_184' title='bbox 2237 1165 2400 1233; x_wconf 77' lang='grc' dir='ltr'>τυχὸν</span> <span class='ocrx_word' id='word_1_185' title='bbox 2449 1169 2543 1216; x_wconf 80' lang='grc' dir='ltr'>καὶ</span> <span class='ocrx_word' id='word_1_186' title='bbox 2578 1165 2746 1234; x_wconf 81' lang='grc' dir='ltr'>ἐτερα</span> <span class='ocrx_word' id='word_1_187' title='bbox 2778 1165 3140 1234; x_wconf 83' lang='grc' dir='ltr'>δικαιώματα</span> <span class='ocrx_word' id='word_1_188' title='bbox 3199 1168 3709 1238; x_wconf 73' lang='grc' dir='ltr'>προσεπορεχῦἧναι</span> <span class='ocrx_word' id='word_1_189' title='bbox 3736 1170 3812 1222; x_wconf 60' lang='grc' dir='ltr'>αὐ.</span> 
     </span>
    </p>
   </div>
   <div class='ocr_carea' id='block_1_29' title="bbox 2238 1257 3812 1326">
    <p class='ocr_par' dir='ltr' id='par_1_29' title="bbox 2238 1257 3812 1326">
     <span class='ocr_line' id='line_1_29' title="bbox 2238 1257 3812 1326; baseline 0.003 -18"><span class='ocrx_word' id='word_1_190' title='bbox 2238 1260 2360 1318; x_wconf 88' lang='grc' dir='ltr'>ταῖς</span> <span class='ocrx_word' id='word_1_191' title='bbox 2389 1257 2482 1309; x_wconf 72' lang='grc' dir='ltr'>ἐπὶ</span> <span class='ocrx_word' id='word_1_192' title='bbox 2515 1259 2626 1319; x_wconf 86' lang='grc' dir='ltr'>τοῖς</span> <span class='ocrx_word' id='word_1_193' title='bbox 2657 1257 2926 1319; x_wconf 81' lang='grc' dir='ltr'>τοιούτοις</span> <span class='ocrx_word' id='word_1_194' title='bbox 2955 1259 3272 1326; x_wconf 81' lang='grc' dir='ltr'>ἀκινήτοις,</span> <span class='ocrx_word' id='word_1_195' title='bbox 3322 1258 3400 1321; x_wconf 87' lang='grc' dir='ltr'>ὡς</span> <span class='ocrx_word' id='word_1_196' title='bbox 3439 1261 3600 1314; x_wconf 87' lang='grc' dir='ltr'>τινῶν</span> <span class='ocrx_word' id='word_1_197' title='bbox 3630 1263 3812 1315; x_wconf 73' lang='grc' dir='ltr'>πάντων</span> 
     </span>
    </p>
   </div>
   <div class='ocr_carea' id='block_1_30' title="bbox 2241 1346 3812 1419">
    <p class='ocr_par' dir='ltr' id='par_1_30' title="bbox 2241 1346 3812 1419">
     <span class='ocr_line' id='line_1_30' title="bbox 2241 1346 3812 1419; baseline 0.004 -21"><span class='ocrx_word' id='word_1_198' title='bbox 2241 1346 2564 1416; x_wconf 73' lang='grc' dir='ltr'>προϐαντων</span> <span class='ocrx_word' id='word_1_199' title='bbox 2594 1347 2652 1397; x_wconf 88' lang='grc' dir='ltr'>ἐν</span> <span class='ocrx_word' id='word_1_200' title='bbox 2687 1346 2888 1406; x_wconf 80' lang='grc' dir='ltr'>αὐταῖς</span> <span class='ocrx_word' id='word_1_201' title='bbox 2916 1347 3205 1416; x_wconf 83' lang='grc' dir='ltr'>ἀκινήτων</span> <span class='ocrx_word' id='word_1_202' title='bbox 3263 1348 3590 1419; x_wconf 81' lang='grc' dir='ltr'>κέκτηνται,</span> <span class='ocrx_word' id='word_1_203' title='bbox 3619 1352 3752 1404; x_wconf 71' lang='grc' dir='ltr'>οὐδέν</span> <span class='ocrx_word' id='word_1_204' title='bbox 3771 1371 3812 1404; x_wconf 86' lang='grc' dir='ltr'>τι</span> 
     </span>
    </p>
   </div>
   <div class='ocr_carea' id='block_1_31' title="bbox 2241 1427 3815 1514">
    <p class='ocr_par' dir='ltr' id='par_1_31' title="bbox 2241 1427 3815 1514">
     <span class='ocr_line' id='line_1_31' title="bbox 2241 1427 3815 1514; baseline 0.006 -26"><span class='ocrx_word' id='word_1_205' title='bbox 2241 1437 2347 1488; x_wconf 77' lang='grc' dir='ltr'>ἀπο</span> <span class='ocrx_word' id='word_1_206' title='bbox 2380 1437 2473 1488; x_wconf 88' lang='grc' dir='ltr'>τοῦ</span> <span class='ocrx_word' id='word_1_207' title='bbox 2498 1436 2768 1504; x_wconf 77' lang='grc' dir='ltr'>παρόντος</span> <span class='ocrx_word' id='word_1_208' title='bbox 2809 1427 3225 1507; x_wconf 69' lang='grc' dir='ltr'>χρυσοδούλλου</span> <span class='ocrx_word' id='word_1_209' title='bbox 3260 1439 3429 1508; x_wconf 88' lang='grc' dir='ltr'>λόγου</span> <span class='ocrx_word' id='word_1_210' title='bbox 3467 1441 3815 1514; x_wconf 73' lang='grc' dir='ltr'>ὠφεληῦήσονο</span> 
     </span>
    </p>
   </div>
   <div class='ocr_carea' id='block_1_32' title="bbox 2243 1529 3815 1599">
    <p class='ocr_par' dir='ltr' id='par_1_32' title="bbox 2243 1529 3815 1599">
     <span class='ocr_line' id='line_1_32' title="bbox 2243 1529 3815 1599; baseline 0.003 -18"><span class='ocrx_word' id='word_1_211' title='bbox 2243 1547 2354 1590; x_wconf 87' lang='grc' dir='ltr'>ται,</span> <span class='ocrx_word' id='word_1_212' title='bbox 2413 1529 2553 1580; x_wconf 76' lang='grc' dir='ltr'>κατὰ</span> <span class='ocrx_word' id='word_1_213' title='bbox 2591 1529 2762 1598; x_wconf 70' lang='grc' dir='ltr'>μηδὲν</span> <span class='ocrx_word' id='word_1_214' title='bbox 2796 1547 2849 1581; x_wconf 89' lang='grc' dir='ltr'>τι</span> <span class='ocrx_word' id='word_1_215' title='bbox 2873 1529 3054 1582; x_wconf 86' lang='grc' dir='ltr'>ταῦτα</span> <span class='ocrx_word' id='word_1_216' title='bbox 3119 1532 3322 1593; x_wconf 81' lang='grc' dir='ltr'>πάντα,</span> <span class='ocrx_word' id='word_1_217' title='bbox 3383 1533 3483 1586; x_wconf 69' lang='grc' dir='ltr'>καὶ</span> <span class='ocrx_word' id='word_1_218' title='bbox 3518 1536 3614 1587; x_wconf 78' lang='grc' dir='ltr'>ὅσα</span> <span class='ocrx_word' id='word_1_219' title='bbox 3646 1537 3704 1588; x_wconf 74' lang='grc' dir='ltr'>ἄν</span> <span class='ocrx_word' id='word_1_220' title='bbox 3747 1553 3815 1599; x_wconf 84' lang='grc' dir='ltr'>τις</span> 
     </span>
    </p>
   </div>
   <div class='ocr_carea' id='block_1_33' title="bbox 2245 1619 3815 1699">
    <p class='ocr_par' dir='ltr' id='par_1_33' title="bbox 2245 1619 3815 1699">
     <span class='ocr_line' id='line_1_33' title="bbox 2245 1619 3815 1699; baseline 0.003 -25"><span class='ocrx_word' id='word_1_221' title='bbox 2245 1620 2379 1674; x_wconf 82' lang='grc' dir='ltr'>ἄλλα</span> <span class='ocrx_word' id='word_1_222' title='bbox 2421 1621 2499 1682; x_wconf 84' lang='grc' dir='ltr'>είς</span> <span class='ocrx_word' id='word_1_223' title='bbox 2540 1619 2662 1671; x_wconf 91' lang='grc' dir='ltr'>νοῦν</span> <span class='ocrx_word' id='word_1_224' title='bbox 2693 1620 2838 1690; x_wconf 78' lang='grc' dir='ltr'>λάϐῃ</span> <span class='ocrx_word' id='word_1_225' title='bbox 2871 1621 3007 1673; x_wconf 82' lang='grc' dir='ltr'>ποτέ</span> <span class='ocrx_word' id='word_1_226' title='bbox 3036 1621 3183 1692; x_wconf 79' lang='grc' dir='ltr'>ὑπὲρ</span> <span class='ocrx_word' id='word_1_227' title='bbox 3211 1623 3305 1675; x_wconf 84' lang='grc' dir='ltr'>τοῦ</span> <span class='ocrx_word' id='word_1_228' title='bbox 3349 1623 3618 1699; x_wconf 76' lang='grc' dir='ltr'>δημοσίου</span> <span class='ocrx_word' id='word_1_229' title='bbox 3645 1627 3815 1692; x_wconf 77' lang='grc' dir='ltr'>ἀγωνι-</span> 
     </span>
    </p>
   </div>
   <div class='ocr_carea' id='block_1_34' title="bbox 576 1702 2152 1796">
    <p class='ocr_par' dir='ltr' id='par_1_34' title="bbox 576 1725 2152 1796">
     <span class='ocr_line' id='line_1_34' title="bbox 576 1725 2152 1796; baseline 0.004 -20"><span class='ocrx_word' id='word_1_230' title='bbox 576 1725 860 1793; x_wconf 80' lang='lat' dir='ltr'><strong>templum,</strong></span> <span class='ocrx_word' id='word_1_231' title='bbox 883 1727 1228 1795; x_wconf 90' lang='lat' dir='ltr'><strong>reliquasque</strong></span> <span class='ocrx_word' id='word_1_232' title='bbox 1250 1728 1593 1796; x_wconf 88' lang='lat' dir='ltr'><strong>metropoles,</strong></span> <span class='ocrx_word' id='word_1_233' title='bbox 1613 1729 2152 1796; x_wconf 60' lang='lat' dir='ltr'><strong>arcbiepisc0patns,«</strong></span> 
     </span>
    </p>
   </div>
   <div class='ocr_carea' id='block_1_35' title="bbox 2256 1702 3814 1796">
    <p class='ocr_par' dir='ltr' id='par_1_35' title="bbox 2256 1712 3814 1786">
     <span class='ocr_line' id='line_1_35' title="bbox 2256 1712 3814 1786; baseline -0.003 -13"><span class='ocrx_word' id='word_1_234' title='bbox 2256 1712 2490 1780; x_wconf 74' lang='grc' dir='ltr'>ξάμενος,</span> <span class='ocrx_word' id='word_1_235' title='bbox 2517 1712 2868 1780; x_wconf 67' lang='grc' dir='ltr'>καταϐλὰψαι</span> <span class='ocrx_word' id='word_1_236' title='bbox 2925 1715 3058 1767; x_wconf 86' lang='grc' dir='ltr'>ποτέ</span> <span class='ocrx_word' id='word_1_237' title='bbox 3089 1716 3190 1778; x_wconf 77' lang='grc' dir='ltr'>τὰς</span> <span class='ocrx_word' id='word_1_238' title='bbox 3241 1715 3337 1768; x_wconf 88' lang='grc' dir='ltr'>τοῦ</span> <span class='ocrx_word' id='word_1_239' title='bbox 3369 1717 3510 1769; x_wconf 85' lang='grc' dir='ltr'>Θεοῦ</span> <span class='ocrx_word' id='word_1_240' title='bbox 3544 1719 3814 1786; x_wconf 74' lang='grc' dir='ltr'>ἁγιωτάτας</span> 
     </span>
    </p>
   </div>
   <div class='ocr_carea' id='block_1_36' title="bbox 583 1819 2146 1887">
    <p class='ocr_par' dir='ltr' id='par_1_36' title="bbox 583 1819 2146 1887">
     <span class='ocr_line' id='line_1_36' title="bbox 583 1819 2146 1887; baseline 0.004 -19"><span class='ocrx_word' id='word_1_241' title='bbox 583 1821 955 1886; x_wconf 71' lang='lat' dir='ltr'><strong>episcopatus.</strong></span> <span class='ocrx_word' id='word_1_242' title='bbox 985 1827 1239 1887; x_wconf 89' lang='lat' dir='ltr'><strong>poterunt</strong></span> <span class='ocrx_word' id='word_1_243' title='bbox 1272 1819 1324 1872; x_wconf 93' lang='lat' dir='ltr'><strong>in</strong></span> <span class='ocrx_word' id='word_1_244' title='bbox 1357 1820 1425 1874; x_wconf 92' lang='lat' dir='ltr'><strong>iis</strong></span> <span class='ocrx_word' id='word_1_245' title='bbox 1466 1820 1862 1875; x_wconf 87' lang='lat' dir='ltr'><strong>immobilibus.</strong></span> <span class='ocrx_word' id='word_1_246' title='bbox 1898 1835 2040 1887; x_wconf 75' lang='lat' dir='ltr'><strong>quzc,</strong></span> <span class='ocrx_word' id='word_1_247' title='bbox 2085 1829 2146 1874; x_wconf 89' lang='lat' dir='ltr'><strong>ut</strong></span> 
     </span>
    </p>
   </div>
   <div class='ocr_carea' id='block_1_37' title="bbox 575 1907 2146 1978">
    <p class='ocr_par' dir='ltr' id='par_1_37' title="bbox 575 1907 2146 1978">
     <span class='ocr_line' id='line_1_37' title="bbox 575 1907 2146 1978; baseline 0.003 -18"><span class='ocrx_word' id='word_1_248' title='bbox 575 1907 785 1960; x_wconf 87' lang='lat' dir='ltr'><strong>dictum</strong></span> <span class='ocrx_word' id='word_1_249' title='bbox 837 1919 939 1972; x_wconf 81' lang='lat' dir='ltr'><strong>est,</strong></span> <span class='ocrx_word' id='word_1_250' title='bbox 984 1909 1050 1963; x_wconf 88' lang='lat' dir='ltr'>ad</span> <span class='ocrx_word' id='word_1_251' title='bbox 1104 1924 1196 1963; x_wconf 84' lang='lat' dir='ltr'><strong>eas</strong></span> <span class='ocrx_word' id='word_1_252' title='bbox 1244 1911 1537 1978; x_wconf 78' lang='lat' dir='ltr'><strong>pertinent.</strong></span> <span class='ocrx_word' id='word_1_253' title='bbox 1576 1925 1638 1963; x_wconf 76' lang='lat' dir='ltr'><strong>ex</strong></span> <span class='ocrx_word' id='word_1_254' title='bbox 1671 1909 2146 1978; x_wconf 85' lang='lat' dir='ltr'><strong>qualibuscunque</strong></span> 
     </span>
    </p>
   </div>
   <div class='ocr_carea' id='block_1_38' title="bbox 578 1999 2144 2071">
    <p class='ocr_par' dir='ltr' id='par_1_38' title="bbox 578 1999 2144 2071">
     <span class='ocr_line' id='line_1_38' title="bbox 578 1999 2144 2071; baseline 0.002 -19"><span class='ocrx_word' id='word_1_255' title='bbox 578 1999 816 2068; x_wconf 73' lang='lat' dir='ltr'><strong>juribus.</strong></span> <span class='ocrx_word' id='word_1_256' title='bbox 855 2001 910 2054; x_wconf 91' lang='lat' dir='ltr'>Si</span> <span class='ocrx_word' id='word_1_257' title='bbox 959 2003 1101 2055; x_wconf 87' lang='lat' dir='ltr'><strong>enim</strong></span> <span class='ocrx_word' id='word_1_258' title='bbox 1137 2003 1348 2057; x_wconf 89' lang='lat' dir='ltr'><strong>nullum</strong></span> <span class='ocrx_word' id='word_1_259' title='bbox 1397 2003 1617 2071; x_wconf 80' lang='lat' dir='ltr'><strong>penitus</strong></span> <span class='ocrx_word' id='word_1_260' title='bbox 1652 2002 1742 2069; x_wconf 87' lang='lat' dir='ltr'><strong>jus</strong></span> <span class='ocrx_word' id='word_1_261' title='bbox 1769 2004 1820 2054; x_wconf 91' lang='lat' dir='ltr'><strong>in</strong></span> <span class='ocrx_word' id='word_1_262' title='bbox 1852 2001 2144 2070; x_wconf 87' lang='lat' dir='ltr'><strong>aliquibus,</strong></span> 
     </span>
    </p>
   </div>
   <div class='ocr_carea' id='block_1_39' title="bbox 582 2094 2150 2163">
    <p class='ocr_par' dir='ltr' id='par_1_39' title="bbox 582 2094 2150 2163">
     <span class='ocr_line' id='line_1_39' title="bbox 582 2094 2150 2163; baseline 0.001 -17"><span class='ocrx_word' id='word_1_263' title='bbox 582 2110 702 2163; x_wconf 69' lang='lat' dir='ltr'><strong>qua:</strong></span> <span class='ocrx_word' id='word_1_264' title='bbox 739 2095 880 2149; x_wconf 80' lang='lat' dir='ltr'><strong>forte</strong></span> <span class='ocrx_word' id='word_1_265' title='bbox 914 2095 1134 2158; x_wconf 81' lang='lat' dir='ltr'><strong>habent,</strong></span> <span class='ocrx_word' id='word_1_266' title='bbox 1185 2094 1556 2148; x_wconf 83' lang='lat' dir='ltr'><strong>immobilibus</strong></span> <span class='ocrx_word' id='word_1_267' title='bbox 1610 2094 1908 2162; x_wconf 82' lang='lat' dir='ltr'><strong>possident.</strong></span> <span class='ocrx_word' id='word_1_268' title='bbox 1951 2109 1981 2146; x_wconf 85' lang='lat' dir='ltr'><strong>a</strong></span> <span class='ocrx_word' id='word_1_269' title='bbox 2015 2111 2150 2162; x_wconf 64' lang='lat' dir='ltr'><strong>pra!-</strong></span> 
     </span>
    </p>
   </div>
   <div class='ocr_carea' id='block_1_40' title="bbox 584 2184 2150 2239">
    <p class='ocr_par' dir='ltr' id='par_1_40' title="bbox 584 2184 2150 2239">
     <span class='ocr_line' id='line_1_40' title="bbox 584 2184 2150 2239; baseline -0.001 -1"><span class='ocrx_word' id='word_1_270' title='bbox 584 2186 723 2238; x_wconf 81' lang='lat' dir='ltr'><strong>senti</strong></span> <span class='ocrx_word' id='word_1_271' title='bbox 761 2189 931 2238; x_wconf 72' lang='lat' dir='ltr'><strong>Aurea</strong></span> <span class='ocrx_word' id='word_1_272' title='bbox 962 2184 1110 2238; x_wconf 86' lang='lat' dir='ltr'><strong>Bulla</strong></span> <span class='ocrx_word' id='word_1_273' title='bbox 1154 2185 1359 2238; x_wconf 89' lang='lat' dir='ltr'><strong>munita</strong></span> <span class='ocrx_word' id='word_1_274' title='bbox 1391 2185 1705 2239; x_wconf 86' lang='lat' dir='ltr'><strong>deﬁnitione</strong></span> <span class='ocrx_word' id='word_1_275' title='bbox 1748 2184 1881 2237; x_wconf 85' lang='lat' dir='ltr'><strong>nihil</strong></span> <span class='ocrx_word' id='word_1_276' title='bbox 1925 2186 2150 2238; x_wconf 87' lang='lat' dir='ltr'><strong>omnino</strong></span> 
     </span>
    </p>
   </div>
   <div class='ocr_carea' id='block_1_41' title="bbox 579 2275 2148 2347">
    <p class='ocr_par' dir='ltr' id='par_1_41' title="bbox 579 2275 2148 2347">
     <span class='ocr_line' id='line_1_41' title="bbox 579 2275 2148 2347; baseline 0.002 -20"><span class='ocrx_word' id='word_1_277' title='bbox 579 2280 914 2342; x_wconf 74' lang='lat' dir='ltr'><strong>juvabuntur</strong></span> <span class='ocrx_word' id='word_1_278' title='bbox 951 2295 964 2331; x_wconf 92' lang='lat'>:</span> <span class='ocrx_word' id='word_1_279' title='bbox 998 2278 1138 2330; x_wconf 79' lang='lat' dir='ltr'><strong>sicut</strong></span> <span class='ocrx_word' id='word_1_280' title='bbox 1194 2293 1290 2331; x_wconf 87' lang='lat' dir='ltr'>nec</span> <span class='ocrx_word' id='word_1_281' title='bbox 1344 2279 1396 2330; x_wconf 90' lang='lat' dir='ltr'><strong>in</strong></span> <span class='ocrx_word' id='word_1_282' title='bbox 1444 2277 1643 2347; x_wconf 82' lang='lat' dir='ltr'><strong>quibus</strong></span> <span class='ocrx_word' id='word_1_283' title='bbox 1699 2277 1866 2329; x_wconf 83' lang='lat' dir='ltr'><strong>ﬁscus</strong></span> <span class='ocrx_word' id='word_1_284' title='bbox 1899 2291 1962 2328; x_wconf 79' lang='lat' dir='ltr'><strong>ex</strong></span> <span class='ocrx_word' id='word_1_285' title='bbox 1992 2275 2148 2343; x_wconf 84' lang='lat' dir='ltr'><strong>justa</strong></span> 
     </span>
    </p>
   </div>
   <div class='ocr_carea' id='block_1_42' title="bbox 587 2367 2150 2444">
    <p class='ocr_par' dir='ltr' id='par_1_42' title="bbox 587 2367 2150 2444">
     <span class='ocr_line' id='line_1_42' title="bbox 587 2367 2150 2444; baseline -0.003 -24"><span class='ocrx_word' id='word_1_286' title='bbox 587 2369 770 2436; x_wconf 87' lang='lat' dir='ltr'><strong>aliqua</strong></span> <span class='ocrx_word' id='word_1_287' title='bbox 805 2385 966 2424; x_wconf 85' lang='lat' dir='ltr'><strong>causa</strong></span> <span class='ocrx_word' id='word_1_288' title='bbox 998 2369 1061 2422; x_wconf 86' lang='lat' dir='ltr'>ad</span> <span class='ocrx_word' id='word_1_289' title='bbox 1110 2369 1428 2422; x_wconf 85' lang='lat' dir='ltr'><strong>ltodicrnuut</strong></span> <span class='ocrx_word' id='word_1_290' title='bbox 1465 2384 1639 2436; x_wconf 80' lang='lat' dir='ltr'><strong>usque</strong></span> <span class='ocrx_word' id='word_1_291' title='bbox 1677 2367 1817 2418; x_wconf 80' lang='lat' dir='ltr'><strong>diem</strong></span> <span class='ocrx_word' id='word_1_292' title='bbox 1849 2369 2150 2444; x_wconf 68' lang='lat' dir='ltr'><strong>possessio-</strong></span> 
     </span>
    </p>
   </div>
   <div class='ocr_carea' id='block_1_43' title="bbox 587 2459 2148 2526">
    <p class='ocr_par' dir='ltr' id='par_1_43' title="bbox 587 2459 2148 2526">
     <span class='ocr_line' id='line_1_43' title="bbox 587 2459 2148 2526; baseline 0 -12"><span class='ocrx_word' id='word_1_293' title='bbox 587 2477 710 2514; x_wconf 81' lang='lat' dir='ltr'><strong>nem</strong></span> <span class='ocrx_word' id='word_1_294' title='bbox 743 2462 948 2516; x_wconf 87' lang='lat' dir='ltr'>habuit.</span> <span class='ocrx_word' id='word_1_295' title='bbox 989 2463 1044 2516; x_wconf 83' lang='lat' dir='ltr'>In</span> <span class='ocrx_word' id='word_1_296' title='bbox 1081 2461 1164 2516; x_wconf 93' lang='lat' dir='ltr'><strong>bis</strong></span> <span class='ocrx_word' id='word_1_297' title='bbox 1202 2463 1344 2515; x_wconf 87' lang='lat' dir='ltr'><strong>enim</strong></span> <span class='ocrx_word' id='word_1_298' title='bbox 1377 2462 1632 2516; x_wconf 87' lang='lat' dir='ltr'><strong>omnibus</strong></span> <span class='ocrx_word' id='word_1_299' title='bbox 1661 2459 1801 2526; x_wconf 82' lang='lat' dir='ltr'><strong>juris</strong></span> <span class='ocrx_word' id='word_1_300' title='bbox 1831 2459 2148 2514; x_wconf 82' lang='lat' dir='ltr'><strong>observabi-</strong></span> 
     </span>
    </p>
   </div>
   <div class='ocr_carea' id='block_1_44' title="bbox 584 2552 2152 2624">
    <p class='ocr_par' dir='ltr' id='par_1_44' title="bbox 584 2552 2152 2624">
     <span class='ocr_line' id='line_1_44' title="bbox 584 2552 2152 2624; baseline -0.001 -18"><span class='ocrx_word' id='word_1_301' title='bbox 584 2564 674 2606; x_wconf 88' lang='lat' dir='ltr'>tur</span> <span class='ocrx_word' id='word_1_302' title='bbox 708 2565 892 2608; x_wconf 80' lang='lat' dir='ltr'><strong>cxaeta</strong></span> <span class='ocrx_word' id='word_1_303' title='bbox 924 2555 1230 2624; x_wconf 85' lang='lat' dir='ltr'><strong>disciplina.</strong></span> <span class='ocrx_word' id='word_1_304' title='bbox 1267 2555 1321 2608; x_wconf 92' lang='lat' dir='ltr'><strong>Si</strong></span> <span class='ocrx_word' id='word_1_305' title='bbox 1352 2555 1476 2624; x_wconf 85' lang='lat' dir='ltr'><strong>quis</strong></span> <span class='ocrx_word' id='word_1_306' title='bbox 1509 2567 1637 2618; x_wconf 72' lang='lat' dir='ltr'><strong>ergo</strong></span> <span class='ocrx_word' id='word_1_307' title='bbox 1667 2553 1798 2604; x_wconf 83' lang='lat' dir='ltr'><strong>velit</strong></span> <span class='ocrx_word' id='word_1_308' title='bbox 1825 2588 1838 2612; x_wconf 93' lang='lat'>,</span> <span class='ocrx_word' id='word_1_309' title='bbox 1871 2552 1939 2603; x_wconf 90' lang='lat' dir='ltr'><strong>ob</strong></span> <span class='ocrx_word' id='word_1_310' title='bbox 1967 2554 2152 2605; x_wconf 83' lang='lat' dir='ltr'><strong>avari-</strong></span> 
     </span>
    </p>
   </div>
   <div class='ocr_carea' id='block_1_45' title="bbox 589 2643 2152 2714">
    <p class='ocr_par' dir='ltr' id='par_1_45' title="bbox 589 2643 2152 2714">
     <span class='ocr_line' id='line_1_45' title="bbox 589 2643 2152 2714; baseline 0 -18"><span class='ocrx_word' id='word_1_311' title='bbox 589 2648 718 2697; x_wconf 91' lang='lat' dir='ltr'><strong>tiam</strong></span> <span class='ocrx_word' id='word_1_312' title='bbox 756 2648 838 2699; x_wconf 81' lang='lat' dir='ltr'>vel</span> <span class='ocrx_word' id='word_1_313' title='bbox 891 2644 962 2700; x_wconf 82' lang='lat' dir='ltr'><strong>ob</strong></span> <span class='ocrx_word' id='word_1_314' title='bbox 1007 2647 1167 2698; x_wconf 82' lang='lat' dir='ltr'><strong>aliam.</strong></span> <span class='ocrx_word' id='word_1_315' title='bbox 1218 2647 1454 2714; x_wconf 87' lang='lat' dir='ltr'><strong>aliquam</strong></span> <span class='ocrx_word' id='word_1_316' title='bbox 1503 2658 1744 2702; x_wconf 83' lang='lat' dir='ltr'><strong>causam,</strong></span> <span class='ocrx_word' id='word_1_317' title='bbox 1797 2656 1878 2703; x_wconf 81' lang='lat' dir='ltr'>ea,</span> <span class='ocrx_word' id='word_1_318' title='bbox 1933 2657 2053 2709; x_wconf 75' lang='lat' dir='ltr'><strong>qua:</strong></span> <span class='ocrx_word' id='word_1_319' title='bbox 2099 2643 2152 2696; x_wconf 88' lang='lat' dir='ltr'><strong>in</strong></span> 
     </span>
    </p>
   </div>
   <div class='ocr_carea' id='block_1_46' title="bbox 584 2733 2155 2806">
    <p class='ocr_par' dir='ltr' id='par_1_46' title="bbox 584 2733 2155 2806">
     <span class='ocr_line' id='line_1_46' title="bbox 584 2733 2155 2806; baseline 0 -18"><span class='ocrx_word' id='word_1_320' title='bbox 584 2741 837 2806; x_wconf 64' lang='lat' dir='ltr'><strong>pra‘senti</strong></span> <span class='ocrx_word' id='word_1_321' title='bbox 873 2738 1171 2804; x_wconf 86' lang='lat' dir='ltr'><strong>majestatis</strong></span> <span class='ocrx_word' id='word_1_322' title='bbox 1209 2753 1340 2791; x_wconf 72' lang='lat' dir='ltr'><strong>mea:</strong></span> <span class='ocrx_word' id='word_1_323' title='bbox 1379 2737 1557 2790; x_wconf 80' lang='lat' dir='ltr'><strong>Aurea</strong></span> <span class='ocrx_word' id='word_1_324' title='bbox 1599 2733 1748 2786; x_wconf 88' lang='lat' dir='ltr'><strong>Bulla</strong></span> <span class='ocrx_word' id='word_1_325' title='bbox 1784 2733 1990 2786; x_wconf 90' lang='lat' dir='ltr'><strong>tnunita</strong></span> <span class='ocrx_word' id='word_1_326' title='bbox 2019 2733 2155 2788; x_wconf 85' lang='lat' dir='ltr'><strong>deti-</strong></span> 
     </span>
    </p>
   </div>
   <div class='ocr_carea' id='block_1_47' title="bbox 587 2825 2152 2895">
    <p class='ocr_par' dir='ltr' id='par_1_47' title="bbox 587 2825 2152 2895">
     <span class='ocr_line' id='line_1_47' title="bbox 587 2825 2152 2895; baseline -0.003 -12"><span class='ocrx_word' id='word_1_327' title='bbox 587 2831 798 2884; x_wconf 90' lang='lat' dir='ltr'><strong>nitione</strong></span> <span class='ocrx_word' id='word_1_328' title='bbox 826 2831 1119 2884; x_wconf 85' lang='lat' dir='ltr'><strong>constituta</strong></span> <span class='ocrx_word' id='word_1_329' title='bbox 1146 2839 1295 2893; x_wconf 90' lang='lat' dir='ltr'><strong>sunt,</strong></span> <span class='ocrx_word' id='word_1_330' title='bbox 1331 2828 1602 2895; x_wconf 74' lang='lat' dir='ltr'><strong>negligere</strong></span> <span class='ocrx_word' id='word_1_331' title='bbox 1633 2843 1646 2878; x_wconf 89' lang='lat'><strong>:</strong></span> <span class='ocrx_word' id='word_1_332' title='bbox 1674 2825 1906 2894; x_wconf 88' lang='lat' dir='ltr'><strong>primttm</strong></span> <span class='ocrx_word' id='word_1_333' title='bbox 1933 2825 2152 2889; x_wconf 87' lang='lat' dir='ltr'><strong>quidem</strong></span> 
     </span>
    </p>
   </div>
   <div class='ocr_carea' id='block_1_48' title="bbox 587 2915 2152 2988">
    <p class='ocr_par' dir='ltr' id='par_1_48' title="bbox 587 2915 2152 2988">
     <span class='ocr_line' id='line_1_48' title="bbox 587 2915 2152 2988; baseline -0.002 -13"><span class='ocrx_word' id='word_1_334' title='bbox 587 2934 789 2975; x_wconf 70' lang='lat' dir='ltr'><strong>s-tueta:</strong></span> <span class='ocrx_word' id='word_1_335' title='bbox 811 2922 1094 2974; x_wconf 85' lang='lat' dir='ltr'><strong>Trinitatis</strong></span> <span class='ocrx_word' id='word_1_336' title='bbox 1130 2923 1322 2980; x_wconf 74' lang='lat' dir='ltr'><strong>lucem,</strong></span> <span class='ocrx_word' id='word_1_337' title='bbox 1355 2919 1574 2988; x_wconf 82' lang='lat' dir='ltr'><strong>quando</strong></span> <span class='ocrx_word' id='word_1_338' title='bbox 1600 2933 1783 2970; x_wconf 88' lang='lat' dir='ltr'><strong>coram</strong></span> <span class='ocrx_word' id='word_1_339' title='bbox 1819 2915 2152 2972; x_wconf 74' lang='lat' dir='ltr'><strong>formidabili</strong></span> 
     </span>
    </p>
   </div>
   <div class='ocr_carea' id='block_1_49' title="bbox 589 3007 2152 3071">
    <p class='ocr_par' dir='ltr' id='par_1_49' title="bbox 589 3007 2152 3071">
     <span class='ocr_line' id='line_1_49' title="bbox 589 3007 2152 3071; baseline -0.001 -7"><span class='ocrx_word' id='word_1_340' title='bbox 589 3015 845 3066; x_wconf 76' lang='lat' dir='ltr'><strong>tribunali</strong></span> <span class='ocrx_word' id='word_1_341' title='bbox 884 3012 1218 3071; x_wconf 74' lang='lat' dir='ltr'><strong>steterimus,</strong></span> <span class='ocrx_word' id='word_1_342' title='bbox 1258 3027 1360 3064; x_wconf 89' lang='lat' dir='ltr'><strong>non</strong></span> <span class='ocrx_word' id='word_1_343' title='bbox 1392 3010 1604 3064; x_wconf 81' lang='lat' dir='ltr'><strong>viderit.</strong></span> <span class='ocrx_word' id='word_1_344' title='bbox 1645 3024 1674 3060; x_wconf 90' lang='lat' dir='ltr'>a</span> <span class='ocrx_word' id='word_1_345' title='bbox 1717 3007 2152 3062; x_wconf 80' lang='lat' dir='ltr'><strong>Christianorum</strong></span> 
     </span>
    </p>
   </div>
   <div class='ocr_carea' id='block_1_50' title="bbox 519 3101 2160 3177">
    <p class='ocr_par' dir='ltr' id='par_1_50' title="bbox 519 3101 2160 3177">
     <span class='ocr_line' id='line_1_50' title="bbox 519 3101 2160 3177; baseline -0.003 -17"><span class='ocrx_word' id='word_1_346' title='bbox 519 3171 524 3177; x_wconf 91' lang='lat'><strong>_</strong></span> <span class='ocrx_word' id='word_1_347' title='bbox 587 3115 768 3160; x_wconf 86' lang='lat' dir='ltr'><strong>autem</strong></span> <span class='ocrx_word' id='word_1_348' title='bbox 811 3115 982 3174; x_wconf 87' lang='lat' dir='ltr'><strong>parte,</strong></span> <span class='ocrx_word' id='word_1_349' title='bbox 1037 3115 1094 3157; x_wconf 84' lang='lat' dir='ltr'>ut</span> <span class='ocrx_word' id='word_1_350' title='bbox 1125 3103 1294 3158; x_wconf 73' lang='lat' dir='ltr'><strong>ludas</strong></span> <span class='ocrx_word' id='word_1_351' title='bbox 1327 3119 1355 3156; x_wconf 93' lang='lat' dir='ltr'>a</span> <span class='ocrx_word' id='word_1_352' title='bbox 1393 3101 1728 3155; x_wconf 86' lang='lat' dir='ltr'><strong>duodeuario</strong></span> <span class='ocrx_word' id='word_1_353' title='bbox 1760 3115 1988 3154; x_wconf 86' lang='lat' dir='ltr'><strong>numero</strong></span> <span class='ocrx_word' id='word_1_354' title='bbox 2017 3141 2030 3163; x_wconf 94' lang='lat'>,</span> <span class='ocrx_word' id='word_1_355' title='bbox 2065 3117 2160 3155; x_wconf 80' lang='lat' dir='ltr'>cx-</span> 
     </span>
    </p>
   </div>
   <div class='ocr_carea' id='block_1_51' title="bbox 589 3195 2159 3270">
    <p class='ocr_par' dir='ltr' id='par_1_51' title="bbox 589 3195 2159 3270">
     <span class='ocr_line' id='line_1_51' title="bbox 589 3195 2159 3270; baseline -0.003 -17"><span class='ocrx_word' id='word_1_356' title='bbox 589 3202 802 3262; x_wconf 83' lang='lat' dir='ltr'><strong>eiderit;</strong></span> <span class='ocrx_word' id='word_1_357' title='bbox 842 3210 1099 3270; x_wconf 56' lang='lat' dir='ltr'><strong>praeterea</strong></span> <span class='ocrx_word' id='word_1_358' title='bbox 1142 3207 1318 3251; x_wconf 82' lang='lat' dir='ltr'><strong>autem</strong></span> <span class='ocrx_word' id='word_1_359' title='bbox 1353 3205 1405 3249; x_wconf 89' lang='lat' dir='ltr'>et</span> <span class='ocrx_word' id='word_1_360' title='bbox 1446 3195 1879 3248; x_wconf 87' lang='lat' dir='ltr'><strong>maledictionem</strong></span> <span class='ocrx_word' id='word_1_361' title='bbox 1915 3201 2159 3248; x_wconf 73' lang='lat' dir='ltr'><strong>attraxe-</strong></span> 
     </span>
    </p>
   </div>
   <div class='ocr_carea' id='block_1_52' title="bbox 590 3285 2160 3358">
    <p class='ocr_par' dir='ltr' id='par_1_52' title="bbox 590 3285 2160 3358">
     <span class='ocr_line' id='line_1_52' title="bbox 590 3285 2160 3358; baseline -0.006 -14"><span class='ocrx_word' id='word_1_362' title='bbox 590 3293 658 3344; x_wconf 82' lang='lat' dir='ltr'><strong>rit</strong></span> <span class='ocrx_word' id='word_1_363' title='bbox 695 3308 881 3345; x_wconf 75' lang='lat' dir='ltr'><strong>eorum</strong></span> <span class='ocrx_word' id='word_1_364' title='bbox 917 3291 1007 3358; x_wconf 93' lang='lat' dir='ltr'><strong>qui</strong></span> <span class='ocrx_word' id='word_1_365' title='bbox 1043 3305 1069 3342; x_wconf 67' lang='grc' dir='ltr'>τι</span> <span class='ocrx_word' id='word_1_366' title='bbox 1101 3289 1300 3342; x_wconf 55' lang='lat' dir='ltr'><strong>sacculo</strong></span> <span class='ocrx_word' id='word_1_367' title='bbox 1331 3286 1668 3339; x_wconf 88' lang='lat' dir='ltr'><strong>dormierunt</strong></span> <span class='ocrx_word' id='word_1_368' title='bbox 1702 3293 2012 3337; x_wconf 86' lang='lat' dir='ltr'><strong>sanctorum</strong></span> <span class='ocrx_word' id='word_1_369' title='bbox 2050 3285 2160 3352; x_wconf 82' lang='lat' dir='ltr'><strong>pri-</strong></span> 
     </span>
    </p>
   </div>
   <div class='ocr_carea' id='block_1_53' title="bbox 594 3377 2026 3449">
    <p class='ocr_par' dir='ltr' id='par_1_53' title="bbox 594 3377 2026 3449">
     <span class='ocr_line' id='line_1_53' title="bbox 594 3377 2026 3449; baseline -0.005 -13"><span class='ocrx_word' id='word_1_370' title='bbox 594 3384 1014 3449; x_wconf 77' lang='lat' dir='ltr'><strong>tnogcuitorutn,</strong></span> <span class='ocrx_word' id='word_1_371' title='bbox 1043 3382 1314 3447; x_wconf 88' lang='lat' dir='ltr'><strong>justornm</strong></span> <span class='ocrx_word' id='word_1_372' title='bbox 1349 3391 1399 3433; x_wconf 91' lang='lat' dir='ltr'>el</span> <span class='ocrx_word' id='word_1_373' title='bbox 1433 3378 1742 3432; x_wconf 81' lang='lat' dir='ltr'><strong>divinorum</strong></span> <span class='ocrx_word' id='word_1_374' title='bbox 1776 3377 2026 3429; x_wconf 87' lang='lat' dir='ltr'><strong>Patrum.</strong></span> 
     </span>
    </p>
   </div>
   <div class='ocr_carea' id='block_1_54' title="bbox 664 3555 2161 3630">
    <p class='ocr_par' dir='ltr' id='par_1_54' title="bbox 664 3555 2161 3630">
     <span class='ocr_line' id='line_1_54' title="bbox 664 3555 2161 3630; baseline 0.001 -17"><span class='ocrx_word' id='word_1_375' title='bbox 664 3561 824 3630; x_wconf 77' lang='lat'>312</span> <span class='ocrx_word' id='word_1_376' title='bbox 841 3559 1018 3614; x_wconf 72' lang='lat' dir='ltr'><strong>ZONA</strong></span> <span class='ocrx_word' id='word_1_377' title='bbox 1031 3557 1095 3614; x_wconf 77' lang='grc' dir='ltr'>Β.</span> <span class='ocrx_word' id='word_1_378' title='bbox 1119 3557 1476 3611; x_wconf 75' lang='lat' dir='ltr'><strong>Ecclesiarum</strong></span> <span class='ocrx_word' id='word_1_379' title='bbox 1491 3555 1785 3625; x_wconf 73' lang='grc' dir='ltr'>αὖτούργια</span> <span class='ocrx_word' id='word_1_380' title='bbox 1801 3555 1906 3609; x_wconf 90' lang='lat' dir='ltr'><strong>inal</strong></span> <span class='ocrx_word' id='word_1_381' title='bbox 1919 3559 2161 3614; x_wconf 39' lang='lat' dir='ltr'><strong>icnabilia</strong></span> 
     </span>
    </p>
   </div>
   <div class='ocr_carea' id='block_1_55' title="bbox 595 3649 2160 3720">
    <p class='ocr_par' dir='ltr' id='par_1_55' title="bbox 595 3649 2160 3720">
     <span class='ocr_line' id='line_1_55' title="bbox 595 3649 2160 3720; baseline -0.001 -17"><span class='ocrx_word' id='word_1_382' title='bbox 595 3656 805 3710; x_wconf 69' lang='lat' dir='ltr'><strong>servari</strong></span> <span class='ocrx_word' id='word_1_383' title='bbox 829 3655 914 3708; x_wconf 83' lang='lat' dir='ltr'><strong>bic</strong></span> <span class='ocrx_word' id='word_1_384' title='bbox 938 3669 1111 3708; x_wconf 89' lang='lat' dir='ltr'><strong>canon</strong></span> <span class='ocrx_word' id='word_1_385' title='bbox 1131 3653 1282 3718; x_wconf 86' lang='lat' dir='ltr'><strong>jubet</strong></span> <span class='ocrx_word' id='word_1_386' title='bbox 1310 3649 1628 3720; x_wconf 81' lang='grc' dir='ltr'>(αὐτούργια</span> <span class='ocrx_word' id='word_1_387' title='bbox 1653 3659 1856 3712; x_wconf 86' lang='lat' dir='ltr'><strong>autem,</strong></span> <span class='ocrx_word' id='word_1_388' title='bbox 1892 3649 1992 3705; x_wconf 88' lang='lat' dir='ltr'>hoc</span> <span class='ocrx_word' id='word_1_389' title='bbox 2021 3653 2160 3715; x_wconf 87' lang='lat' dir='ltr'><strong>loco,</strong></span> 
     </span>
    </p>
   </div>
   <div class='ocr_carea' id='block_1_56' title="bbox 597 3741 2164 3816">
    <p class='ocr_par' dir='ltr' id='par_1_56' title="bbox 597 3741 2164 3816">
     <span class='ocr_line' id='line_1_56' title="bbox 597 3741 2164 3816; baseline -0.001 -18"><span class='ocrx_word' id='word_1_390' title='bbox 597 3762 936 3816; x_wconf 66' lang='lat' dir='ltr'><strong>qumcnuquc</strong></span> <span class='ocrx_word' id='word_1_391' title='bbox 969 3745 1204 3798; x_wconf 80' lang='lat' dir='ltr'><strong>fructum</strong></span> <span class='ocrx_word' id='word_1_392' title='bbox 1241 3760 1303 3797; x_wconf 75' lang='lat' dir='ltr'><strong>ex</strong></span> <span class='ocrx_word' id='word_1_393' title='bbox 1340 3759 1398 3796; x_wconf 90' lang='lat' dir='ltr'><strong>se</strong></span> <span class='ocrx_word' id='word_1_394' title='bbox 1444 3741 1584 3796; x_wconf 79' lang='lat' dir='ltr'><strong>ferre</strong></span> <span class='ocrx_word' id='word_1_395' title='bbox 1627 3751 1869 3810; x_wconf 85' lang='lat' dir='ltr'><strong>queant,</strong></span> <span class='ocrx_word' id='word_1_396' title='bbox 1907 3742 2164 3814; x_wconf 70' lang='lat' dir='ltr'><strong>intelligi-</strong></span> 
     </span>
    </p>
   </div>
   <div class='ocr_carea' id='block_1_57' title="bbox 596 3831 2163 3906">
    <p class='ocr_par' dir='ltr' id='par_1_57' title="bbox 596 3831 2163 3906">
     <span class='ocr_line' id='line_1_57' title="bbox 596 3831 2163 3906; baseline -0.003 -16"><span class='ocrx_word' id='word_1_397' title='bbox 596 3839 764 3906; x_wconf 86' lang='lat' dir='ltr'><strong>mus),</strong></span> <span class='ocrx_word' id='word_1_398' title='bbox 809 3836 1198 3904; x_wconf 80' lang='lat' dir='ltr'><strong>proferuntque</strong></span> <span class='ocrx_word' id='word_1_399' title='bbox 1237 3832 1424 3886; x_wconf 87' lang='lat' dir='ltr'><strong>Patres</strong></span> <span class='ocrx_word' id='word_1_400' title='bbox 1449 3831 1807 3901; x_wconf 83' lang='lat' dir='ltr'><strong>apOstolicum</strong></span> <span class='ocrx_word' id='word_1_401' title='bbox 1853 3847 2116 3886; x_wconf 88' lang='lat' dir='ltr'><strong>canouem</strong></span> <span class='ocrx_word' id='word_1_402' title='bbox 2147 3874 2163 3896; x_wconf 92' lang='lat'>,</span> 
     </span>
    </p>
   </div>
   <div class='ocr_carea' id='block_1_58' title="bbox 599 3922 2166 3997">
    <p class='ocr_par' dir='ltr' id='par_1_58' title="bbox 599 3922 2166 3997">
     <span class='ocr_line' id='line_1_58' title="bbox 599 3922 2166 3997; baseline -0.003 -16"><span class='ocrx_word' id='word_1_403' title='bbox 599 3945 709 3997; x_wconf 88' lang='lat' dir='ltr'><strong>quo</strong></span> <span class='ocrx_word' id='word_1_404' title='bbox 761 3945 939 3981; x_wconf 82' lang='lat' dir='ltr'><strong>rerum</strong></span> <span class='ocrx_word' id='word_1_405' title='bbox 990 3926 1482 3981; x_wconf 75' lang='lat' dir='ltr'><strong>ecclesiasticarum</strong></span> <span class='ocrx_word' id='word_1_406' title='bbox 1539 3922 1853 3991; x_wconf 82' lang='lat' dir='ltr'><strong>procuratio</strong></span> <span class='ocrx_word' id='word_1_407' title='bbox 1908 3922 2166 3990; x_wconf 79' lang='lat' dir='ltr'><strong>episcopo</strong></span> 
     </span>
    </p>
   </div>
   <div class='ocr_carea' id='block_1_59' title="bbox 599 4013 2161 4085">
    <p class='ocr_par' dir='ltr' id='par_1_59' title="bbox 599 4013 2161 4085">
     <span class='ocr_line' id='line_1_59' title="bbox 599 4013 2161 4085; baseline -0.005 -9"><span class='ocrx_word' id='word_1_408' title='bbox 599 4021 976 4085; x_wconf 85' lang='lat' dir='ltr'><strong>demamlatur,</strong></span> <span class='ocrx_word' id='word_1_409' title='bbox 1021 4029 1078 4072; x_wconf 82' lang='grc' dir='ltr'>ιιι</span> <span class='ocrx_word' id='word_1_410' title='bbox 1118 4034 1210 4074; x_wconf 86' lang='lat' dir='ltr'>eas</span> <span class='ocrx_word' id='word_1_411' title='bbox 1263 4018 1371 4081; x_wconf 90' lang='lat' dir='ltr'><strong>ille,</strong></span> <span class='ocrx_word' id='word_1_412' title='bbox 1420 4015 1582 4068; x_wconf 87' lang='lat' dir='ltr'><strong>veluti</strong></span> <span class='ocrx_word' id='word_1_413' title='bbox 1639 4014 1982 4081; x_wconf 87' lang='lat' dir='ltr'><strong>inspectante</strong></span> <span class='ocrx_word' id='word_1_414' title='bbox 2033 4013 2161 4079; x_wconf 89' lang='lat' dir='ltr'><strong>Deo,</strong></span> 
     </span>
    </p>
   </div>
   <div class='ocr_carea' id='block_1_60' title="bbox 601 4108 2164 4178">
    <p class='ocr_par' dir='ltr' id='par_1_60' title="bbox 601 4108 2164 4178">
     <span class='ocr_line' id='line_1_60' title="bbox 601 4108 2164 4178; baseline -0.005 -8"><span class='ocrx_word' id='word_1_415' title='bbox 601 4117 967 4178; x_wconf 88' lang='lat' dir='ltr'><strong>administret,</strong></span> <span class='ocrx_word' id='word_1_416' title='bbox 1002 4130 1099 4167; x_wconf 89' lang='lat' dir='ltr'><strong>nec</strong></span> <span class='ocrx_word' id='word_1_417' title='bbox 1128 4129 1193 4166; x_wconf 81' lang='lat' dir='ltr'><strong>ex</strong></span> <span class='ocrx_word' id='word_1_418' title='bbox 1228 4112 1292 4166; x_wconf 91' lang='lat' dir='ltr'><strong>iis</strong></span> <span class='ocrx_word' id='word_1_419' title='bbox 1320 4109 1524 4170; x_wconf 87' lang='lat' dir='ltr'><strong>aliquid</strong></span> <span class='ocrx_word' id='word_1_420' title='bbox 1553 4110 1899 4175; x_wconf 86' lang='lat' dir='ltr'><strong>intervertat,</strong></span> <span class='ocrx_word' id='word_1_421' title='bbox 1933 4108 2034 4161; x_wconf 87' lang='lat' dir='ltr'><strong>hoc</strong></span> <span class='ocrx_word' id='word_1_422' title='bbox 2060 4119 2164 4172; x_wconf 86' lang='lat' dir='ltr'><strong>cst,</strong></span> 
     </span>
    </p>
   </div>
   <div class='ocr_carea' id='block_1_61' title="bbox 599 4203 2165 4275">
    <p class='ocr_par' dir='ltr' id='par_1_61' title="bbox 599 4203 2165 4275">
     <span class='ocr_line' id='line_1_61' title="bbox 599 4203 2165 4275; baseline -0.004 -13"><span class='ocrx_word' id='word_1_423' title='bbox 599 4210 699 4262; x_wconf 84' lang='lat' dir='ltr'><strong>sibi</strong></span> <span class='ocrx_word' id='word_1_424' title='bbox 760 4218 1015 4274; x_wconf 87' lang='lat' dir='ltr'><strong>tanquam</strong></span> <span class='ocrx_word' id='word_1_425' title='bbox 1059 4206 1338 4275; x_wconf 87' lang='lat' dir='ltr'><strong>proprium</strong></span> <span class='ocrx_word' id='word_1_426' title='bbox 1377 4203 1634 4266; x_wconf 72' lang='lat' dir='ltr'><strong>vindicet,</strong></span> <span class='ocrx_word' id='word_1_427' title='bbox 1691 4217 1873 4271; x_wconf 91' lang='lat' dir='ltr'><strong>neque</strong></span> <span class='ocrx_word' id='word_1_428' title='bbox 1919 4204 2165 4267; x_wconf 74' lang='lat' dir='ltr'><strong>cognatis</strong></span> 
     </span>
    </p>
   </div>
   <div class='ocr_carea' id='block_1_62' title="bbox 601 4277 2162 4365">
    <p class='ocr_par' dir='ltr' id='par_1_62' title="bbox 601 4277 2162 4365">
     <span class='ocr_line' id='line_1_62' title="bbox 601 4277 2162 4365; baseline -0.004 -11"><span class='ocrx_word' id='word_1_429' title='bbox 601 4300 717 4354; x_wconf 90' lang='lat' dir='ltr'><strong>suis</strong></span> <span class='ocrx_word' id='word_1_430' title='bbox 747 4299 1026 4365; x_wconf 74' lang='lat' dir='ltr'><strong>largiatur.</strong></span> <span class='ocrx_word' id='word_1_431' title='bbox 1064 4277 1218 4363; x_wconf 74' lang='lat' dir='ltr'><strong>Quod</strong></span> <span class='ocrx_word' id='word_1_432' title='bbox 1254 4297 1295 4350; x_wconf 91' lang='lat' dir='ltr'><strong>si</strong></span> <span class='ocrx_word' id='word_1_433' title='bbox 1333 4296 1490 4356; x_wconf 75' lang='lat' dir='ltr'><strong>forte,</strong></span> <span class='ocrx_word' id='word_1_434' title='bbox 1534 4294 1790 4363; x_wconf 87' lang='lat' dir='ltr'><strong>inquiunt</strong></span> <span class='ocrx_word' id='word_1_435' title='bbox 1842 4293 1893 4346; x_wconf 93' lang='lat' dir='ltr'><strong>bi</strong></span> <span class='ocrx_word' id='word_1_436' title='bbox 1950 4292 2162 4355; x_wconf 77' lang='lat' dir='ltr'><strong>Patres,</strong></span> 
     </span>
    </p>
   </div>
   <div class='ocr_carea' id='block_1_63' title="bbox 2246 1801 3814 1871">
    <p class='ocr_par' dir='ltr' id='par_1_63' title="bbox 2246 1801 3814 1871">
     <span class='ocr_line' id='line_1_63' title="bbox 2246 1801 3814 1871; baseline 0.004 -17"><span class='ocrx_word' id='word_1_437' title='bbox 2246 1802 2563 1868; x_wconf 78' lang='grc' dir='ltr'>ἐκκλησίας,</span> <span class='ocrx_word' id='word_1_438' title='bbox 2599 1801 2692 1853; x_wconf 89' lang='grc' dir='ltr'>τόν</span> <span class='ocrx_word' id='word_1_439' title='bbox 2714 1820 2774 1854; x_wconf 85' lang='grc' dir='ltr'>τε</span> <span class='ocrx_word' id='word_1_440' title='bbox 2806 1805 2906 1870; x_wconf 77' lang='grc' dir='ltr'>τῆς</span> <span class='ocrx_word' id='word_1_441' title='bbox 2929 1805 3026 1857; x_wconf 73' lang='grc' dir='ltr'>τοῦ</span> <span class='ocrx_word' id='word_1_442' title='bbox 3055 1805 3194 1858; x_wconf 87' lang='grc' dir='ltr'>Θεοῦ</span> <span class='ocrx_word' id='word_1_443' title='bbox 3221 1806 3417 1871; x_wconf 78' lang='grc' dir='ltr'>σοφίας</span> <span class='ocrx_word' id='word_1_444' title='bbox 3438 1803 3610 1870; x_wconf 73' lang='grc' dir='ltr'>οἷκον,</span> <span class='ocrx_word' id='word_1_445' title='bbox 3633 1808 3814 1871; x_wconf 73' lang='grc' dir='ltr'>καὶτὰς</span> 
     </span>
    </p>
   </div>
   <div class='ocr_carea' id='block_1_64' title="bbox 2243 1891 3803 1964">
    <p class='ocr_par' dir='ltr' id='par_1_64' title="bbox 2243 1891 3803 1964">
     <span class='ocr_line' id='line_1_64' title="bbox 2243 1891 3803 1964; baseline 0.005 -21"><span class='ocrx_word' id='word_1_446' title='bbox 2243 1891 2434 1953; x_wconf 75' lang='grc' dir='ltr'>λοιπὰς</span> <span class='ocrx_word' id='word_1_447' title='bbox 2500 1893 2889 1962; x_wconf 78' lang='grc' dir='ltr'>μητροπόλεις.</span> <span class='ocrx_word' id='word_1_448' title='bbox 2948 1895 3446 1964; x_wconf 72' lang='grc' dir='ltr'>ἀρχιεττισκοπᾶς,</span> <span class='ocrx_word' id='word_1_449' title='bbox 3510 1898 3803 1958; x_wconf 73' lang='grc' dir='ltr'>ἐπιτκοπὰς,</span> 
     </span>
    </p>
   </div>
   <div class='ocr_carea' id='block_1_65' title="bbox 2246 1982 3847 2061">
    <p class='ocr_par' dir='ltr' id='par_1_65' title="bbox 2246 1982 3813 2058">
     <span class='ocr_line' id='line_1_65' title="bbox 2246 1982 3813 2058; baseline 0.005 -24"><span class='ocrx_word' id='word_1_450' title='bbox 2246 1982 2536 2050; x_wconf 81' lang='grc' dir='ltr'>δυνήσεται</span> <span class='ocrx_word' id='word_1_451' title='bbox 2565 1983 2660 2036; x_wconf 76' lang='grc' dir='ltr'>ἐπὶ</span> <span class='ocrx_word' id='word_1_452' title='bbox 2689 1986 2824 2048; x_wconf 87' lang='grc' dir='ltr'>τοῖς,</span> <span class='ocrx_word' id='word_1_453' title='bbox 2865 1985 2941 2046; x_wconf 84' lang='grc' dir='ltr'>ὼς</span> <span class='ocrx_word' id='word_1_454' title='bbox 2990 1987 3237 2054; x_wconf 77' lang='grc' dir='ltr'>εἴρηται,</span> <span class='ocrx_word' id='word_1_455' title='bbox 3275 1988 3629 2058; x_wconf 76' lang='grc' dir='ltr'>διαφέρουσιν</span> <span class='ocrx_word' id='word_1_456' title='bbox 3649 1990 3813 2052; x_wconf 61' lang='grc' dir='ltr'>αὐτοῖς</span> 
     </span>
    </p>
   </div>
   <div class='ocr_carea' id='block_1_66' title="bbox 2249 2075 3815 2152">
    <p class='ocr_par' dir='ltr' id='par_1_66' title="bbox 2249 2075 3815 2152">
     <span class='ocr_line' id='line_1_66' title="bbox 2249 2075 3815 2152; baseline 0.003 -24"><span class='ocrx_word' id='word_1_457' title='bbox 2249 2075 2522 2143; x_wconf 79' lang='grc' dir='ltr'>ἀκινήτοις</span> <span class='ocrx_word' id='word_1_458' title='bbox 2539 2077 2636 2144; x_wconf 77' lang='grc' dir='ltr'>ἀφ’</span> <span class='ocrx_word' id='word_1_459' title='bbox 2659 2077 2996 2144; x_wconf 85' lang='grc' dir='ltr'>οἱωνδήποτε</span> <span class='ocrx_word' id='word_1_460' title='bbox 3021 2078 3442 2148; x_wconf 81' lang='grc' dir='ltr'>δικαιωμάτων.</span> <span class='ocrx_word' id='word_1_461' title='bbox 3467 2082 3529 2132; x_wconf 76' lang='lat' dir='ltr'><strong>Ei</strong></span> <span class='ocrx_word' id='word_1_462' title='bbox 3547 2083 3651 2152; x_wconf 67' lang='grc' dir='ltr'>γὰρ</span> <span class='ocrx_word' id='word_1_463' title='bbox 3676 2082 3815 2151; x_wconf 76' lang='grc' dir='ltr'>μηδὲν</span> 
     </span>
    </p>
   </div>
   <div class='ocr_carea' id='block_1_67' title="bbox 2248 2166 3814 2238">
    <p class='ocr_par' dir='ltr' id='par_1_67' title="bbox 2248 2166 3814 2238">
     <span class='ocr_line' id='line_1_67' title="bbox 2248 2166 3814 2238; baseline 0.004 -22"><span class='ocrx_word' id='word_1_464' title='bbox 2248 2183 2302 2218; x_wconf 87' lang='grc' dir='ltr'>τι</span> <span class='ocrx_word' id='word_1_465' title='bbox 2335 2166 2597 2234; x_wconf 78' lang='grc' dir='ltr'>μηδαμῶς</span> <span class='ocrx_word' id='word_1_466' title='bbox 2618 2168 2898 2236; x_wconf 87' lang='grc' dir='ltr'>δικαίωμα</span> <span class='ocrx_word' id='word_1_467' title='bbox 2923 2169 3234 2238; x_wconf 72' lang='grc' dir='ltr'>ἐκτήσαντο</span> <span class='ocrx_word' id='word_1_468' title='bbox 3281 2171 3375 2222; x_wconf 84' lang='grc' dir='ltr'>ἐπί</span> <span class='ocrx_word' id='word_1_469' title='bbox 3409 2189 3556 2224; x_wconf 88' lang='grc' dir='ltr'>τισιν</span> <span class='ocrx_word' id='word_1_470' title='bbox 3587 2172 3705 2234; x_wconf 69' lang='grc' dir='ltr'>ἴσως</span> <span class='ocrx_word' id='word_1_471' title='bbox 3730 2173 3814 2224; x_wconf 81' lang='grc' dir='ltr'>τῶν</span> 
     </span>
    </p>
   </div>
   <div class='ocr_carea' id='block_1_68' title="bbox 2253 2258 3815 2333">
    <p class='ocr_par' dir='ltr' id='par_1_68' title="bbox 2253 2258 3815 2333">
     <span class='ocr_line' id='line_1_68' title="bbox 2253 2258 3815 2333; baseline 0.003 -22"><span class='ocrx_word' id='word_1_472' title='bbox 2253 2258 2567 2326; x_wconf 77' lang='grc' dir='ltr'>προσόντων</span> <span class='ocrx_word' id='word_1_473' title='bbox 2627 2260 2819 2322; x_wconf 84' lang='grc' dir='ltr'>αὐταῖς</span> <span class='ocrx_word' id='word_1_474' title='bbox 2878 2261 3179 2330; x_wconf 75' lang='grc' dir='ltr'>ἀκινήτων,</span> <span class='ocrx_word' id='word_1_475' title='bbox 3255 2263 3525 2333; x_wconf 75' lang='grc' dir='ltr'>οὐδεμίαν</span> <span class='ocrx_word' id='word_1_476' title='bbox 3587 2266 3688 2317; x_wconf 81' lang='grc' dir='ltr'>ἀπὸ</span> <span class='ocrx_word' id='word_1_477' title='bbox 3742 2267 3815 2318; x_wconf 75' lang='grc' dir='ltr'>τοῦ</span> 
     </span>
    </p>
   </div>
   <div class='ocr_carea' id='block_1_69' title="bbox 2257 2347 3815 2420">
    <p class='ocr_par' dir='ltr' id='par_1_69' title="bbox 2257 2347 3815 2420">
     <span class='ocr_line' id='line_1_69' title="bbox 2257 2347 3815 2420; baseline 0.005 -22"><span class='ocrx_word' id='word_1_478' title='bbox 2257 2347 2524 2417; x_wconf 80' lang='grc' dir='ltr'>παρόντος</span> <span class='ocrx_word' id='word_1_479' title='bbox 2556 2349 2956 2419; x_wconf 76' lang='grc' dir='ltr'>χρυσοϐούλλου</span> <span class='ocrx_word' id='word_1_480' title='bbox 2982 2351 3144 2418; x_wconf 80' lang='grc' dir='ltr'>λόγου</span> <span class='ocrx_word' id='word_1_481' title='bbox 3182 2353 3456 2420; x_wconf 77' lang='grc' dir='ltr'>ὠφέλειαν</span> <span class='ocrx_word' id='word_1_482' title='bbox 3485 2355 3711 2420; x_wconf 76' lang='grc' dir='ltr'>ἕξουσιν,</span> <span class='ocrx_word' id='word_1_483' title='bbox 3730 2354 3815 2406; x_wconf 66' lang='grc' dir='ltr'>ὦσι</span> 
     </span>
    </p>
   </div>
   <div class='ocr_carea' id='block_1_70' title="bbox 2255 2435 3817 2514">
    <p class='ocr_par' dir='ltr' id='par_1_70' title="bbox 2255 2435 3817 2514">
     <span class='ocr_line' id='line_1_70' title="bbox 2255 2435 3817 2514; baseline 0.007 -24"><span class='ocrx_word' id='word_1_484' title='bbox 2255 2456 2360 2508; x_wconf 85' lang='grc' dir='ltr'>περ</span> <span class='ocrx_word' id='word_1_485' title='bbox 2392 2439 2512 2491; x_wconf 79' lang='grc' dir='ltr'>οὐδὲ</span> <span class='ocrx_word' id='word_1_486' title='bbox 2547 2441 2633 2509; x_wconf 76' lang='grc' dir='ltr'>ἐφ’</span> <span class='ocrx_word' id='word_1_487' title='bbox 2671 2435 2753 2502; x_wconf 75' lang='grc' dir='ltr'>οἷς</span> <span class='ocrx_word' id='word_1_488' title='bbox 2806 2441 2933 2511; x_wconf 76' lang='grc' dir='ltr'>ἔσχε</span> <span class='ocrx_word' id='word_1_489' title='bbox 2972 2443 3073 2512; x_wconf 79' lang='grc' dir='ltr'>τὴν</span> <span class='ocrx_word' id='word_1_490' title='bbox 3130 2446 3374 2512; x_wconf 75' lang='grc' dir='ltr'>κατοχὴν</span> <span class='ocrx_word' id='word_1_491' title='bbox 3398 2447 3427 2496; x_wconf 85' lang='grc' dir='ltr'><strong>ὁ</strong></span> <span class='ocrx_word' id='word_1_492' title='bbox 3457 2447 3708 2514; x_wconf 70' lang='grc' dir='ltr'>δημόσιος</span> <span class='ocrx_word' id='word_1_493' title='bbox 3739 2448 3817 2514; x_wconf 78' lang='grc' dir='ltr'>ἀφ’</span> 
     </span>
    </p>
   </div>
   <div class='ocr_carea' id='block_1_71' title="bbox 2227 2521 3815 2626">
    <p class='ocr_par' dir='ltr' id='par_1_71' title="bbox 2227 2521 3815 2626">
     <span class='ocr_line' id='line_1_71' title="bbox 2227 2521 3815 2626; baseline 0.003 -44"><span class='ocrx_word' id='word_1_494' title='bbox 2227 2521 2600 2626; x_wconf 43' lang='grc' dir='ltr'>ἶοὶασὲήτενος</span> <span class='ocrx_word' id='word_1_495' title='bbox 2634 2532 2861 2600; x_wconf 78' lang='grc' dir='ltr'>εὐλόγου</span> <span class='ocrx_word' id='word_1_496' title='bbox 2893 2535 3076 2596; x_wconf 84' lang='grc' dir='ltr'>αἰτίας</span> <span class='ocrx_word' id='word_1_497' title='bbox 3108 2537 3272 2605; x_wconf 81' lang='grc' dir='ltr'>μέχρι</span> <span class='ocrx_word' id='word_1_498' title='bbox 3293 2535 3396 2604; x_wconf 80' lang='grc' dir='ltr'>τῆς</span> <span class='ocrx_word' id='word_1_499' title='bbox 3432 2539 3706 2605; x_wconf 79' lang='grc' dir='ltr'>σήμερονο</span> <span class='ocrx_word' id='word_1_500' title='bbox 3738 2539 3815 2590; x_wconf 72' lang='grc' dir='ltr'>ἐπὶ</span> 
     </span>
    </p>
   </div>
   <div class='ocr_carea' id='block_1_72' title="bbox 2254 2624 3818 2698">
    <p class='ocr_par' dir='ltr' id='par_1_72' title="bbox 2254 2624 3818 2698">
     <span class='ocr_line' id='line_1_72' title="bbox 2254 2624 3818 2698; baseline 0.004 -23"><span class='ocrx_word' id='word_1_501' title='bbox 2254 2624 2464 2687; x_wconf 78' lang='grc' dir='ltr'>τούτοις</span> <span class='ocrx_word' id='word_1_502' title='bbox 2487 2624 2598 2693; x_wconf 82' lang='grc' dir='ltr'>γὰρ</span> <span class='ocrx_word' id='word_1_503' title='bbox 2625 2626 2760 2678; x_wconf 77' lang='grc' dir='ltr'>πᾶσι</span> <span class='ocrx_word' id='word_1_504' title='bbox 2798 2625 2858 2678; x_wconf 69' lang='grc' dir='ltr'>τὸ</span> <span class='ocrx_word' id='word_1_505' title='bbox 2886 2627 3116 2696; x_wconf 74' lang='grc' dir='ltr'>ἀκριϐὲς</span> <span class='ocrx_word' id='word_1_506' title='bbox 3149 2627 3736 2698; x_wconf 71' lang='grc' dir='ltr'>παραφυλαχθήσεται.</span> <span class='ocrx_word' id='word_1_507' title='bbox 3766 2631 3818 2682; x_wconf 75' lang='lat' dir='ltr'><strong>Ei</strong></span> 
     </span>
    </p>
   </div>
   <div class='ocr_carea' id='block_1_73' title="bbox 2254 2714 3816 2789">
    <p class='ocr_par' dir='ltr' id='par_1_73' title="bbox 2254 2714 3816 2789">
     <span class='ocr_line' id='line_1_73' title="bbox 2254 2714 3816 2789; baseline 0.003 -23"><span class='ocrx_word' id='word_1_508' title='bbox 2254 2732 2338 2774; x_wconf 85' lang='grc' dir='ltr'>τις</span> <span class='ocrx_word' id='word_1_509' title='bbox 2356 2714 2448 2768; x_wconf 84' lang='grc' dir='ltr'>οῦν</span> <span class='ocrx_word' id='word_1_510' title='bbox 2469 2715 2686 2785; x_wconf 80' lang='grc' dir='ltr'>θελήσει</span> <span class='ocrx_word' id='word_1_511' title='bbox 2715 2717 2803 2770; x_wconf 67' lang='grc' dir='ltr'>διὰ</span> <span class='ocrx_word' id='word_1_512' title='bbox 2822 2717 3263 2788; x_wconf 71' lang='grc' dir='ltr'>φιλοχρηματίαν</span> <span class='ocrx_word' id='word_1_513' title='bbox 3294 2719 3325 2789; x_wconf 79' lang='grc' dir='ltr'><strong>ἢ</strong></span> <span class='ocrx_word' id='word_1_514' title='bbox 3348 2719 3416 2772; x_wconf 77' lang='grc' dir='ltr'>δι’</span> <span class='ocrx_word' id='word_1_515' title='bbox 3446 2722 3641 2789; x_wconf 77' lang='grc' dir='ltr'>ἑτέραν</span> <span class='ocrx_word' id='word_1_516' title='bbox 3663 2721 3816 2774; x_wconf 75' lang='grc' dir='ltr'>αἰτίαν</span> 
     </span>
    </p>
   </div>
   <div class='ocr_carea' id='block_1_74' title="bbox 2254 2807 3817 2880">
    <p class='ocr_par' dir='ltr' id='par_1_74' title="bbox 2254 2807 3817 2880">
     <span class='ocr_line' id='line_1_74' title="bbox 2254 2807 3817 2880; baseline 0.003 -22"><span class='ocrx_word' id='word_1_517' title='bbox 2254 2807 2376 2858; x_wconf 76' lang='grc' dir='ltr'>τινὰ</span> <span class='ocrx_word' id='word_1_518' title='bbox 2410 2809 2826 2876; x_wconf 66' lang='grc' dir='ltr'>καταφρονῆσαι</span> <span class='ocrx_word' id='word_1_519' title='bbox 2860 2809 2968 2861; x_wconf 83' lang='grc' dir='ltr'>τῶν</span> <span class='ocrx_word' id='word_1_520' title='bbox 3000 2811 3056 2861; x_wconf 86' lang='grc' dir='ltr'>ἐν</span> <span class='ocrx_word' id='word_1_521' title='bbox 3090 2809 3168 2880; x_wconf 82' lang='grc' dir='ltr'>τῷ</span> <span class='ocrx_word' id='word_1_522' title='bbox 3201 2811 3437 2878; x_wconf 85' lang='grc' dir='ltr'>παρόντι</span> <span class='ocrx_word' id='word_1_523' title='bbox 3464 2813 3817 2880; x_wconf 63' lang='grc' dir='ltr'>χρυσοϐούλλφ</span> 
     </span>
    </p>
   </div>
   <div class='ocr_carea' id='block_1_75' title="bbox 2256 2898 3817 2971">
    <p class='ocr_par' dir='ltr' id='par_1_75' title="bbox 2256 2898 3817 2971">
     <span class='ocr_line' id='line_1_75' title="bbox 2256 2898 3817 2971; baseline 0.003 -21"><span class='ocrx_word' id='word_1_524' title='bbox 2256 2898 2399 2966; x_wconf 67' lang='grc' dir='ltr'>λόγῳ</span> <span class='ocrx_word' id='word_1_525' title='bbox 2433 2898 2529 2965; x_wconf 83' lang='grc' dir='ltr'>τῆς</span> <span class='ocrx_word' id='word_1_526' title='bbox 2561 2899 2841 2966; x_wconf 75' lang='grc' dir='ltr'>βασιλείας</span> <span class='ocrx_word' id='word_1_527' title='bbox 2894 2917 2993 2969; x_wconf 87' lang='grc' dir='ltr'>μου</span> <span class='ocrx_word' id='word_1_528' title='bbox 3049 2900 3456 2970; x_wconf 80' lang='grc' dir='ltr'>διωρισμένων,</span> <span class='ocrx_word' id='word_1_529' title='bbox 3515 2903 3700 2971; x_wconf 83' lang='grc' dir='ltr'>πρῶτα</span> <span class='ocrx_word' id='word_1_530' title='bbox 3737 2905 3817 2971; x_wconf 80' lang='grc' dir='ltr'>μὲν</span> 
     </span>
    </p>
   </div>
   <div class='ocr_carea' id='block_1_76' title="bbox 2258 2983 3820 3064">
    <p class='ocr_par' dir='ltr' id='par_1_76' title="bbox 2258 2983 3820 3064">
     <span class='ocr_line' id='line_1_76' title="bbox 2258 2983 3820 3064; baseline 0.006 -26"><span class='ocrx_word' id='word_1_531' title='bbox 2258 2983 2351 3040; x_wconf 78' lang='grc' dir='ltr'>οὖν</span> <span class='ocrx_word' id='word_1_532' title='bbox 2381 2989 2440 3038; x_wconf 82' lang='grc' dir='ltr'>τὸ</span> <span class='ocrx_word' id='word_1_533' title='bbox 2462 2988 2563 3058; x_wconf 80' lang='grc' dir='ltr'>τῆς</span> <span class='ocrx_word' id='word_1_534' title='bbox 2596 2990 2758 3056; x_wconf 84' lang='grc' dir='ltr'>ἁγίας</span> <span class='ocrx_word' id='word_1_535' title='bbox 2804 2991 3032 3057; x_wconf 79' lang='grc' dir='ltr'>Τριαδος</span> <span class='ocrx_word' id='word_1_536' title='bbox 3057 2991 3282 3058; x_wconf 80' lang='grc' dir='ltr'>φέγγος,</span> <span class='ocrx_word' id='word_1_537' title='bbox 3325 2993 3418 3044; x_wconf 76' lang='grc' dir='ltr'>ὅτε</span> <span class='ocrx_word' id='word_1_538' title='bbox 3461 2996 3820 3064; x_wconf 70' lang='grc' dir='ltr'>περιστάμεθα</span> 
     </span>
    </p>
   </div>
   <div class='ocr_carea' id='block_1_77' title="bbox 2258 3080 3818 3153">
    <p class='ocr_par' dir='ltr' id='par_1_77' title="bbox 2258 3080 3818 3153">
     <span class='ocr_line' id='line_1_77' title="bbox 2258 3080 3818 3153; baseline 0.003 -21"><span class='ocrx_word' id='word_1_539' title='bbox 2258 3080 2334 3149; x_wconf 84' lang='grc' dir='ltr'>τῷ</span> <span class='ocrx_word' id='word_1_540' title='bbox 2368 3081 2583 3151; x_wconf 76' lang='grc' dir='ltr'>φοϐερῴ</span> <span class='ocrx_word' id='word_1_541' title='bbox 2616 3082 2843 3150; x_wconf 80' lang='grc' dir='ltr'>βήματι,</span> <span class='ocrx_word' id='word_1_542' title='bbox 2873 3082 2946 3153; x_wconf 76' lang='grc' dir='ltr'>μὴ</span> <span class='ocrx_word' id='word_1_543' title='bbox 2976 3083 3255 3146; x_wconf 82' lang='grc' dir='ltr'>θεάσαιτο,</span> <span class='ocrx_word' id='word_1_544' title='bbox 3292 3083 3525 3136; x_wconf 79' lang='grc' dir='ltr'>ἐκπέσοι</span> <span class='ocrx_word' id='word_1_545' title='bbox 3542 3085 3598 3137; x_wconf 81' lang='grc' dir='ltr'>δὲ</span> <span class='ocrx_word' id='word_1_546' title='bbox 3623 3086 3818 3151; x_wconf 76' lang='grc' dir='ltr'>καὶτῆς</span> 
     </span>
    </p>
   </div>
   <div class='ocr_carea' id='block_1_78' title="bbox 2250 3167 3819 3247">
    <p class='ocr_par' dir='ltr' id='par_1_78' title="bbox 2250 3167 3819 3247">
     <span class='ocr_line' id='line_1_78' title="bbox 2250 3167 3819 3247; baseline 0.005 -23"><span class='ocrx_word' id='word_1_547' title='bbox 2250 3167 2366 3224; x_wconf 71' lang='grc' dir='ltr'>’τῶν</span> <span class='ocrx_word' id='word_1_548' title='bbox 2398 3175 2741 3242; x_wconf 80' lang='grc' dir='ltr'>Χριστιανῶν</span> <span class='ocrx_word' id='word_1_549' title='bbox 2772 3177 3010 3247; x_wconf 81' lang='grc' dir='ltr'>μερίδος,</span> <span class='ocrx_word' id='word_1_550' title='bbox 3041 3176 3116 3238; x_wconf 83' lang='grc' dir='ltr'>ὡς</span> <span class='ocrx_word' id='word_1_551' title='bbox 3159 3174 3362 3237; x_wconf 79' lang='grc' dir='ltr'>Ἰούδας</span> <span class='ocrx_word' id='word_1_552' title='bbox 3383 3177 3484 3246; x_wconf 84' lang='grc' dir='ltr'>τῆς</span> <span class='ocrx_word' id='word_1_553' title='bbox 3507 3178 3819 3240; x_wconf 71' lang='grc' dir='ltr'>δυοδεκάδοςο</span> 
     </span>
    </p>
   </div>
   <div class='ocr_carea' id='block_1_79' title="bbox 2261 3263 3823 3338">
    <p class='ocr_par' dir='ltr' id='par_1_79' title="bbox 2261 3263 3823 3338">
     <span class='ocr_line' id='line_1_79' title="bbox 2261 3263 3823 3338; baseline 0.005 -23"><span class='ocrx_word' id='word_1_554' title='bbox 2261 3263 2396 3333; x_wconf 75' lang='grc' dir='ltr'>πρὸς</span> <span class='ocrx_word' id='word_1_555' title='bbox 2425 3264 2507 3316; x_wconf 77' lang='grc' dir='ltr'>ἔτι</span> <span class='ocrx_word' id='word_1_556' title='bbox 2540 3266 2753 3330; x_wconf 76' lang='grc' dir='ltr'>τούτοις</span> <span class='ocrx_word' id='word_1_557' title='bbox 2779 3268 2873 3320; x_wconf 77' lang='grc' dir='ltr'>καὶ</span> <span class='ocrx_word' id='word_1_558' title='bbox 2906 3269 3004 3337; x_wconf 80' lang='grc' dir='ltr'>τὴν</span> <span class='ocrx_word' id='word_1_559' title='bbox 3029 3267 3167 3338; x_wconf 71' lang='grc' dir='ltr'>ἀρὰν</span> <span class='ocrx_word' id='word_1_560' title='bbox 3200 3267 3580 3323; x_wconf 80' lang='grc' dir='ltr'>ἐπισπάσαιτο</span> <span class='ocrx_word' id='word_1_561' title='bbox 3614 3273 3717 3322; x_wconf 80' lang='grc' dir='ltr'>τῶν</span> <span class='ocrx_word' id='word_1_562' title='bbox 3740 3269 3823 3323; x_wconf 81' lang='grc' dir='ltr'>ἀπ’</span> 
     </span>
    </p>
   </div>
   <div class='ocr_carea' id='block_1_80' title="bbox 2260 3356 3827 3432">
    <p class='ocr_par' dir='ltr' id='par_1_80' title="bbox 2260 3356 3827 3432">
     <span class='ocr_line' id='line_1_80' title="bbox 2260 3356 3827 3432; baseline 0.005 -24"><span class='ocrx_word' id='word_1_563' title='bbox 2260 3356 2458 3420; x_wconf 88' lang='grc' dir='ltr'>αίῶνος</span> <span class='ocrx_word' id='word_1_564' title='bbox 2514 3361 3043 3430; x_wconf 80' lang='grc' dir='ltr'>προκεκοιμημὲνων</span> <span class='ocrx_word' id='word_1_565' title='bbox 3094 3359 3462 3430; x_wconf 78' lang='grc' dir='ltr'>πρωτοτόκων</span> <span class='ocrx_word' id='word_1_566' title='bbox 3530 3362 3716 3432; x_wconf 82' lang='grc' dir='ltr'>ἁγίων,</span> <span class='ocrx_word' id='word_1_567' title='bbox 3761 3363 3827 3416; x_wconf 87' lang='grc' dir='ltr'>δι-</span> 
     </span>
    </p>
   </div>
   <div class='ocr_carea' id='block_1_81' title="bbox 2261 3451 3175 3525">
    <p class='ocr_par' dir='ltr' id='par_1_81' title="bbox 2261 3451 3175 3525">
     <span class='ocr_line' id='line_1_81' title="bbox 2261 3451 3175 3525; baseline 0.004 -22"><span class='ocrx_word' id='word_1_568' title='bbox 2261 3451 2431 3503; x_wconf 83' lang='grc' dir='ltr'>καίων</span> <span class='ocrx_word' id='word_1_569' title='bbox 2462 3452 2556 3504; x_wconf 75' lang='grc' dir='ltr'>καὶ</span> <span class='ocrx_word' id='word_1_570' title='bbox 2579 3452 2854 3522; x_wconf 79' lang='grc' dir='ltr'>Οεοφόρων</span> <span class='ocrx_word' id='word_1_571' title='bbox 2891 3453 3175 3525; x_wconf 81' lang='grc' dir='ltr'>[Ιατέρων.</span> 
     </span>
    </p>
   </div>
   <div class='ocr_carea' id='block_1_82' title="bbox 2336 3544 3823 3622">
    <p class='ocr_par' dir='ltr' id='par_1_82' title="bbox 2336 3544 3823 3622">
     <span class='ocr_line' id='line_1_82' title="bbox 2336 3544 3823 3622; baseline 0.005 -27"><span class='ocrx_word' id='word_1_572' title='bbox 2336 3544 2578 3598; x_wconf 77' lang='grc' dir='ltr'>ΖΩΝΑΡ.</span> <span class='ocrx_word' id='word_1_573' title='bbox 2609 3545 2690 3598; x_wconf 82' lang='grc' dir='ltr'>Τὰ</span> <span class='ocrx_word' id='word_1_574' title='bbox 2713 3546 3013 3616; x_wconf 88' lang='grc' dir='ltr'>αὐτούργια</span> <span class='ocrx_word' id='word_1_575' title='bbox 3037 3549 3144 3601; x_wconf 87' lang='grc' dir='ltr'>τῶν</span> <span class='ocrx_word' id='word_1_576' title='bbox 3173 3551 3486 3622; x_wconf 80' lang='grc' dir='ltr'>ἐκκλησιῶν</span> <span class='ocrx_word' id='word_1_577' title='bbox 3519 3549 3823 3620; x_wconf 75' lang='grc' dir='ltr'>ἀνεκποίητσ</span> 
     </span>
    </p>
   </div>
   <div class='ocr_carea' id='block_1_83' title="bbox 2263 3628 3823 3714">
    <p class='ocr_par' dir='ltr' id='par_1_83' title="bbox 2263 3628 3823 3714">
     <span class='ocr_line' id='line_1_83' title="bbox 2263 3628 3823 3714; baseline 0.004 -28"><span class='ocrx_word' id='word_1_578' title='bbox 2263 3635 2290 3686; x_wconf 88' lang='grc' dir='ltr'><strong>ὁ</strong></span> <span class='ocrx_word' id='word_1_579' title='bbox 2319 3635 2498 3688; x_wconf 80' lang='grc' dir='ltr'>κανὼν</span> <span class='ocrx_word' id='word_1_580' title='bbox 2528 3628 2684 3700; x_wconf 70' lang='grc' dir='ltr'>οὗτος</span> <span class='ocrx_word' id='word_1_581' title='bbox 2714 3637 2925 3690; x_wconf 88' lang='grc' dir='ltr'>κελεύει</span> <span class='ocrx_word' id='word_1_582' title='bbox 2968 3640 3336 3708; x_wconf 78' lang='grc' dir='ltr'>φυλάττεσθαι</span> <span class='ocrx_word' id='word_1_583' title='bbox 3375 3645 3746 3714; x_wconf 82' lang='grc' dir='ltr'>(αὐτούργιον</span> <span class='ocrx_word' id='word_1_584' title='bbox 3785 3641 3823 3694; x_wconf 76' lang='grc' dir='ltr'>δ’</span> 
     </span>
    </p>
   </div>
   <div class='ocr_carea' id='block_1_84' title="bbox 2265 3723 3826 3800">
    <p class='ocr_par' dir='ltr' id='par_1_84' title="bbox 2265 3723 3826 3800">
     <span class='ocr_line' id='line_1_84' title="bbox 2265 3723 3826 3800; baseline 0.006 -26"><span class='ocrx_word' id='word_1_585' title='bbox 2265 3723 2495 3777; x_wconf 84' lang='grc' dir='ltr'>ἐνταῦθα</span> <span class='ocrx_word' id='word_1_586' title='bbox 2529 3727 2636 3778; x_wconf 78' lang='grc' dir='ltr'>πᾶν</span> <span class='ocrx_word' id='word_1_587' title='bbox 2671 3726 3001 3796; x_wconf 74' lang='grc' dir='ltr'>εὐπρόσοδον</span> <span class='ocrx_word' id='word_1_588' title='bbox 3041 3729 3318 3800; x_wconf 77' lang='grc' dir='ltr'>νοητέον)’</span> <span class='ocrx_word' id='word_1_589' title='bbox 3350 3733 3446 3785; x_wconf 69' lang='grc' dir='ltr'>καὶ</span> <span class='ocrx_word' id='word_1_590' title='bbox 3476 3734 3572 3786; x_wconf 81' lang='grc' dir='ltr'>τὸν</span> <span class='ocrx_word' id='word_1_591' title='bbox 3623 3735 3826 3786; x_wconf 82' lang='grc' dir='ltr'>ἀποστο-</span> 
     </span>
    </p>
   </div>
   <div class='ocr_carea' id='block_1_85' title="bbox 2264 3815 3826 3898">
    <p class='ocr_par' dir='ltr' id='par_1_85' title="bbox 2264 3815 3826 3898">
     <span class='ocr_line' id='line_1_85' title="bbox 2264 3815 3826 3898; baseline 0.005 -30"><span class='ocrx_word' id='word_1_592' title='bbox 2264 3815 2412 3869; x_wconf 85' lang='grc' dir='ltr'>λικὸν</span> <span class='ocrx_word' id='word_1_593' title='bbox 2434 3818 2633 3871; x_wconf 84' lang='grc' dir='ltr'>κανόνα</span> <span class='ocrx_word' id='word_1_594' title='bbox 2669 3819 3032 3888; x_wconf 78' lang='grc' dir='ltr'>παράγουσιν,</span> <span class='ocrx_word' id='word_1_595' title='bbox 3061 3824 3210 3884; x_wconf 80' lang='grc' dir='ltr'>ὅστις</span> <span class='ocrx_word' id='word_1_596' title='bbox 3239 3823 3315 3892; x_wconf 84' lang='grc' dir='ltr'>τῷ</span> <span class='ocrx_word' id='word_1_597' title='bbox 3345 3826 3640 3898; x_wconf 81' lang='grc' dir='ltr'>ἐπισκόπῳ</span> <span class='ocrx_word' id='word_1_598' title='bbox 3664 3823 3826 3880; x_wconf 81' lang='grc' dir='ltr'>ἀνατί-</span> 
     </span>
    </p>
   </div>
   <div class='ocr_carea' id='block_1_86' title="bbox 2269 3907 3823 3990">
    <p class='ocr_par' dir='ltr' id='par_1_86' title="bbox 2269 3907 3823 3990">
     <span class='ocr_line' id='line_1_86' title="bbox 2269 3907 3823 3990; baseline 0.005 -30"><span class='ocrx_word' id='word_1_599' title='bbox 2269 3907 2392 3982; x_wconf 63' lang='grc' dir='ltr'>(ξησι</span> <span class='ocrx_word' id='word_1_600' title='bbox 2423 3910 2520 3978; x_wconf 73' lang='grc' dir='ltr'>τὴν</span> <span class='ocrx_word' id='word_1_601' title='bbox 2551 3912 2809 3980; x_wconf 79' lang='grc' dir='ltr'>φροντίδα</span> <span class='ocrx_word' id='word_1_602' title='bbox 2835 3913 2944 3965; x_wconf 89' lang='grc' dir='ltr'>τῶν</span> <span class='ocrx_word' id='word_1_603' title='bbox 2978 3915 3454 3986; x_wconf 79' lang='grc' dir='ltr'>ἐκκλησιαστικῶν</span> <span class='ocrx_word' id='word_1_604' title='bbox 3477 3919 3823 3990; x_wconf 72' lang='grc' dir='ltr'>πραγμάτων,</span> 
     </span>
    </p>
   </div>
   <div class='ocr_carea' id='block_1_87' title="bbox 2267 4000 3826 4083">
    <p class='ocr_par' dir='ltr' id='par_1_87' title="bbox 2267 4000 3826 4083">
     <span class='ocr_line' id='line_1_87' title="bbox 2267 4000 3826 4083; baseline 0.008 -32"><span class='ocrx_word' id='word_1_605' title='bbox 2267 4000 2332 4052; x_wconf 81' lang='grc' dir='ltr'>ἵν’</span> <span class='ocrx_word' id='word_1_606' title='bbox 2359 4002 2499 4054; x_wconf 86' lang='grc' dir='ltr'>αὐτὰ</span> <span class='ocrx_word' id='word_1_607' title='bbox 2529 4002 2700 4073; x_wconf 83' lang='grc' dir='ltr'>διοικῇ</span> <span class='ocrx_word' id='word_1_608' title='bbox 2730 4004 2805 4066; x_wconf 84' lang='grc' dir='ltr'>ὡς</span> <span class='ocrx_word' id='word_1_609' title='bbox 2830 4004 2920 4057; x_wconf 85' lang='grc' dir='ltr'>τοῦ</span> <span class='ocrx_word' id='word_1_610' title='bbox 2951 4006 3084 4058; x_wconf 84' lang='grc' dir='ltr'>Θεοῦ</span> <span class='ocrx_word' id='word_1_611' title='bbox 3120 4007 3448 4078; x_wconf 75' lang='grc' dir='ltr'>ἐφορῶντος,</span> <span class='ocrx_word' id='word_1_612' title='bbox 3475 4015 3572 4065; x_wconf 82' lang='grc' dir='ltr'>καί</span> <span class='ocrx_word' id='word_1_613' title='bbox 3600 4014 3756 4083; x_wconf 75' lang='grc' dir='ltr'>μηδὲν</span> <span class='ocrx_word' id='word_1_614' title='bbox 3779 4011 3826 4074; x_wconf 75' lang='grc' dir='ltr'>ἐξ</span> 
     </span>
    </p>
   </div>
   <div class='ocr_carea' id='block_1_88' title="bbox 2267 4095 3826 4177">
    <p class='ocr_par' dir='ltr' id='par_1_88' title="bbox 2267 4095 3826 4177">
     <span class='ocr_line' id='line_1_88' title="bbox 2267 4095 3826 4177; baseline 0.006 -32"><span class='ocrx_word' id='word_1_615' title='bbox 2267 4095 2446 4147; x_wconf 83' lang='grc' dir='ltr'>αὐτῶν</span> <span class='ocrx_word' id='word_1_616' title='bbox 2484 4098 2896 4167; x_wconf 74' lang='grc' dir='ltr'>σφετερίζηται,</span> <span class='ocrx_word' id='word_1_617' title='bbox 2957 4100 3075 4170; x_wconf 73' lang='grc' dir='ltr'>ήτοι</span> <span class='ocrx_word' id='word_1_618' title='bbox 3127 4101 3430 4170; x_wconf 83' lang='grc' dir='ltr'>οἰκειῶται,</span> <span class='ocrx_word' id='word_1_619' title='bbox 3489 4106 3522 4177; x_wconf 83' lang='grc' dir='ltr'><strong>ἢ</strong></span> <span class='ocrx_word' id='word_1_620' title='bbox 3563 4103 3826 4175; x_wconf 76' lang='grc' dir='ltr'>συγγενέςι</span> 
     </span>
    </p>
   </div>
   <div class='ocr_carea' id='block_1_89' title="bbox 2267 4186 3826 4263">
    <p class='ocr_par' dir='ltr' id='par_1_89' title="bbox 2267 4186 3826 4263">
     <span class='ocr_line' id='line_1_89' title="bbox 2267 4186 3826 4263; baseline 0.008 -28"><span class='ocrx_word' id='word_1_621' title='bbox 2267 4186 2561 4257; x_wconf 79' lang='grc' dir='ltr'>χαρίζηται</span> <span class='ocrx_word' id='word_1_622' title='bbox 2626 4189 2844 4243; x_wconf 79' lang='grc' dir='ltr'>ἑαυτοῦ.</span> <span class='ocrx_word' id='word_1_623' title='bbox 2880 4191 2941 4244; x_wconf 82' lang='grc' dir='ltr'><strong>Εἰ</strong></span> <span class='ocrx_word' id='word_1_624' title='bbox 2992 4192 3050 4246; x_wconf 86' lang='grc' dir='ltr'>δὲ</span> <span class='ocrx_word' id='word_1_625' title='bbox 3097 4197 3494 4263; x_wconf 79' lang='grc' dir='ltr'>προφασίζοιτο</span> <span class='ocrx_word' id='word_1_626' title='bbox 3525 4199 3826 4260; x_wconf 81' lang='grc' dir='ltr'>ἐπίσκοπος,</span> 
     </span>
    </p>
   </div>
   <div class='ocr_carea' id='block_1_90' title="bbox 2269 4274 3828 4362">
    <p class='ocr_par' dir='ltr' id='par_1_90' title="bbox 2269 4274 3828 4362">
     <span class='ocr_line' id='line_1_90' title="bbox 2269 4274 3828 4362; baseline 0.008 -33"><span class='ocrx_word' id='word_1_627' title='bbox 2269 4280 2431 4344; x_wconf 76' lang='grc' dir='ltr'>φασὶν</span> <span class='ocrx_word' id='word_1_628' title='bbox 2463 4281 2514 4331; x_wconf 81' lang='grc' dir='ltr'>οἱ</span> <span class='ocrx_word' id='word_1_629' title='bbox 2542 4282 2782 4350; x_wconf 82' lang='grc' dir='ltr'>Πατέρες</span> <span class='ocrx_word' id='word_1_630' title='bbox 2819 4274 2988 4350; x_wconf 72' lang='grc' dir='ltr'>οὗτοι,</span> <span class='ocrx_word' id='word_1_631' title='bbox 3035 4286 3117 4338; x_wconf 78' lang='grc' dir='ltr'>ὅτι</span> <span class='ocrx_word' id='word_1_632' title='bbox 3148 4287 3452 4358; x_wconf 75' lang='grc' dir='ltr'>ἁπρότοδός</span> <span class='ocrx_word' id='word_1_633' title='bbox 3479 4291 3599 4345; x_wconf 86' lang='grc' dir='ltr'>ἐστι</span> <span class='ocrx_word' id='word_1_634' title='bbox 3636 4287 3828 4362; x_wconf 77' lang='grc' dir='ltr'>τυχδνό</span> 
     </span>
    </p>
   </div>
   <div class='ocr_carea' id='block_1_91' title="bbox 604 4374 2152 4470">
    <p class='ocr_par' dir='ltr' id='par_1_91' title="bbox 604 4386 2152 4459">
     <span class='ocr_line' id='line_1_91' title="bbox 604 4386 2152 4459; baseline -0.003 -14"><span class='ocrx_word' id='word_1_635' title='bbox 604 4392 845 4447; x_wconf 86' lang='lat' dir='ltr'><strong>sterilem</strong></span> <span class='ocrx_word' id='word_1_636' title='bbox 878 4406 1067 4459; x_wconf 83' lang='lat' dir='ltr'><strong>agrum</strong></span> <span class='ocrx_word' id='word_1_637' title='bbox 1103 4404 1166 4443; x_wconf 90' lang='lat' dir='ltr'><strong>ac</strong></span> <span class='ocrx_word' id='word_1_638' title='bbox 1211 4389 1436 4457; x_wconf 86' lang='lat' dir='ltr'><strong>proinde</strong></span> <span class='ocrx_word' id='word_1_639' title='bbox 1481 4386 1726 4440; x_wconf 71' lang='lat' dir='ltr'><strong>ecclesia:</strong></span> <span class='ocrx_word' id='word_1_640' title='bbox 1757 4387 1998 4440; x_wconf 88' lang='lat' dir='ltr'><strong>inutilem</strong></span> <span class='ocrx_word' id='word_1_641' title='bbox 2047 4404 2152 4441; x_wconf 70' lang='grc' dir='ltr'>οδε(</span> 
     </span>
    </p>
   </div>
   <div class='ocr_carea' id='block_1_92' title="bbox 2256 4374 3828 4470">
    <p class='ocr_par' dir='ltr' id='par_1_92' title="bbox 2270 4374 3828 4456">
     <span class='ocr_line' id='line_1_92' title="bbox 2270 4374 3828 4456; baseline 0.004 -28"><span class='ocrx_word' id='word_1_642' title='bbox 2270 4374 2458 4443; x_wconf 74' lang='grc' dir='ltr'>ἀγρὸς,</span> <span class='ocrx_word' id='word_1_643' title='bbox 2485 4374 2578 4426; x_wconf 79' lang='grc' dir='ltr'>καὶ</span> <span class='ocrx_word' id='word_1_644' title='bbox 2616 4375 2872 4445; x_wconf 74' lang='grc' dir='ltr'>οὐδεμίαν</span> <span class='ocrx_word' id='word_1_645' title='bbox 2899 4377 3168 4447; x_wconf 77' lang='grc' dir='ltr'>ὠφέλειαν</span> <span class='ocrx_word' id='word_1_646' title='bbox 3204 4384 3269 4451; x_wconf 84' lang='grc' dir='ltr'>τῇ</span> <span class='ocrx_word' id='word_1_647' title='bbox 3302 4383 3580 4456; x_wconf 72' lang='grc' dir='ltr'>ἐκκλησία</span> <span class='ocrx_word' id='word_1_648' title='bbox 3609 4385 3828 4454; x_wconf 82' lang='grc' dir='ltr'>ἐμποιεῖ,</span> 
     </span>
    </p>
   </div>
   <div class='ocr_carea' id='block_1_93' title="bbox 601 4472 2168 4550">
    <p class='ocr_par' dir='ltr' id='par_1_93' title="bbox 601 4472 2168 4550">
     <span class='ocr_line' id='line_1_93' title="bbox 601 4472 2168 4550; baseline -0.003 -18"><span class='ocrx_word' id='word_1_649' title='bbox 601 4484 894 4550; x_wconf 71' lang='lat' dir='ltr'><strong>episcopus</strong></span> <span class='ocrx_word' id='word_1_650' title='bbox 932 4478 1217 4541; x_wconf 80' lang='lat' dir='ltr'><strong>obtendat;</strong></span> <span class='ocrx_word' id='word_1_651' title='bbox 1261 4495 1326 4531; x_wconf 91' lang='lat' dir='ltr'>ne</span> <span class='ocrx_word' id='word_1_652' title='bbox 1349 4478 1427 4531; x_wconf 88' lang='lat' dir='ltr'><strong>sic</strong></span> <span class='ocrx_word' id='word_1_653' title='bbox 1461 4477 1676 4546; x_wconf 84' lang='lat' dir='ltr'><strong>quidem</strong></span> <span class='ocrx_word' id='word_1_654' title='bbox 1724 4491 1845 4528; x_wconf 84' lang='lat' dir='ltr'>eum</span> <span class='ocrx_word' id='word_1_655' title='bbox 1882 4472 2168 4545; x_wconf 71' lang='lat' dir='ltr'><strong>magistra-</strong></span> 
     </span>
    </p>
   </div>
   <div class='ocr_carea' id='block_1_94' title="bbox 557 4551 2172 4642">
    <p class='ocr_par' dir='ltr' id='par_1_94' title="bbox 557 4551 2172 4642">
     <span class='ocr_line' id='line_1_94' title="bbox 557 4551 2172 4642; baseline -0.002 -19"><span class='ocrx_word' id='word_1_656' title='bbox 557 4634 562 4642; x_wconf 32' lang='grc' dir='ltr'>ι</span> <span class='ocrx_word' id='word_1_657' title='bbox 601 4572 772 4636; x_wconf 87' lang='lat' dir='ltr'><strong>tibus,</strong></span> <span class='ocrx_word' id='word_1_658' title='bbox 806 4570 898 4623; x_wconf 86' lang='lat' dir='ltr'>sed</span> <span class='ocrx_word' id='word_1_659' title='bbox 936 4581 1030 4621; x_wconf 91' lang='lat' dir='ltr'>aut</span> <span class='ocrx_word' id='word_1_660' title='bbox 1058 4569 1275 4623; x_wconf 77' lang='lat' dir='ltr'><strong>clericis</strong></span> <span class='ocrx_word' id='word_1_661' title='bbox 1311 4577 1402 4621; x_wconf 92' lang='lat' dir='ltr'><strong>aut</strong></span> <span class='ocrx_word' id='word_1_662' title='bbox 1449 4551 1706 4634; x_wconf 78' lang='lat' dir='ltr'><strong>agricolis</strong></span> <span class='ocrx_word' id='word_1_663' title='bbox 1730 4607 1744 4630; x_wconf 86' lang='lat'>,</span> <span class='ocrx_word' id='word_1_664' title='bbox 1782 4566 2034 4620; x_wconf 86' lang='lat' dir='ltr'><strong>addicat:</strong></span> <span class='ocrx_word' id='word_1_665' title='bbox 2061 4567 2172 4621; x_wconf 82' lang='lat' dir='ltr'><strong>cle-</strong></span> 
     </span>
    </p>
   </div>
   <div class='ocr_carea' id='block_1_95' title="bbox 604 4659 2170 4733">
    <p class='ocr_par' dir='ltr' id='par_1_95' title="bbox 604 4659 2170 4733">
     <span class='ocr_line' id='line_1_95' title="bbox 604 4659 2170 4733; baseline -0.003 -15"><span class='ocrx_word' id='word_1_666' title='bbox 604 4666 734 4718; x_wconf 87' lang='lat' dir='ltr'><strong>ricis</strong></span> <span class='ocrx_word' id='word_1_667' title='bbox 763 4665 1002 4733; x_wconf 89' lang='lat' dir='ltr'><strong>quidem,</strong></span> <span class='ocrx_word' id='word_1_668' title='bbox 1037 4663 1161 4731; x_wconf 88' lang='lat' dir='ltr'><strong>quia</strong></span> <span class='ocrx_word' id='word_1_669' title='bbox 1200 4662 1482 4715; x_wconf 71' lang='lat' dir='ltr'><strong>inferiores</strong></span> <span class='ocrx_word' id='word_1_670' title='bbox 1517 4669 1569 4713; x_wconf 91' lang='lat' dir='ltr'><strong>et</strong></span> <span class='ocrx_word' id='word_1_671' title='bbox 1592 4659 1823 4729; x_wconf 83' lang='lat' dir='ltr'><strong>subjecti</strong></span> <span class='ocrx_word' id='word_1_672' title='bbox 1853 4670 1998 4723; x_wconf 90' lang='lat' dir='ltr'><strong>sunt;</strong></span> <span class='ocrx_word' id='word_1_673' title='bbox 2025 4662 2170 4728; x_wconf 79' lang='lat' dir='ltr'><strong>agri-</strong></span> 
     </span>
    </p>
   </div>
   <div class='ocr_carea' id='block_1_96' title="bbox 602 4749 2168 4822">
    <p class='ocr_par' dir='ltr' id='par_1_96' title="bbox 602 4749 2168 4822">
     <span class='ocr_line' id='line_1_96' title="bbox 602 4749 2168 4822; baseline 0 -18"><span class='ocrx_word' id='word_1_674' title='bbox 602 4755 738 4808; x_wconf 78' lang='lat' dir='ltr'><strong>rolis</strong></span> <span class='ocrx_word' id='word_1_675' title='bbox 781 4770 910 4808; x_wconf 79' lang='lat' dir='ltr'><strong>vero</strong></span> <span class='ocrx_word' id='word_1_676' title='bbox 938 4795 951 4811; x_wconf 90' lang='lat'><strong><em>.</em></strong></span> <span class='ocrx_word' id='word_1_677' title='bbox 983 4761 1168 4822; x_wconf 88' lang='lat' dir='ltr'><strong>utpote</strong></span> <span class='ocrx_word' id='word_1_678' title='bbox 1198 4752 1288 4821; x_wconf 90' lang='lat' dir='ltr'>qui</span> <span class='ocrx_word' id='word_1_679' title='bbox 1339 4751 1449 4804; x_wconf 89' lang='lat' dir='ltr'><strong>ruri</strong></span> <span class='ocrx_word' id='word_1_680' title='bbox 1489 4752 1744 4818; x_wconf 81' lang='lat' dir='ltr'><strong>degentes</strong></span> <span class='ocrx_word' id='word_1_681' title='bbox 1782 4749 1834 4801; x_wconf 87' lang='lat' dir='ltr'><strong>in</strong></span> <span class='ocrx_word' id='word_1_682' title='bbox 1875 4751 2168 4805; x_wconf 82' lang='lat' dir='ltr'><strong>humiliore</strong></span> 
     </span>
    </p>
   </div>
   <div class='ocr_carea' id='block_1_97' title="bbox 606 4842 2169 4918">
    <p class='ocr_par' dir='ltr' id='par_1_97' title="bbox 606 4842 2169 4918">
     <span class='ocr_line' id='line_1_97' title="bbox 606 4842 2169 4918; baseline -0.003 -17"><span class='ocrx_word' id='word_1_683' title='bbox 606 4861 770 4918; x_wconf 87' lang='lat' dir='ltr'><strong>atque</strong></span> <span class='ocrx_word' id='word_1_684' title='bbox 789 4846 1119 4917; x_wconf 86' lang='lat' dir='ltr'><strong>subjectiore</strong></span> <span class='ocrx_word' id='word_1_685' title='bbox 1150 4843 1364 4899; x_wconf 81' lang='lat' dir='ltr'><strong>fortuna</strong></span> <span class='ocrx_word' id='word_1_686' title='bbox 1390 4852 1697 4897; x_wconf 86' lang='lat' dir='ltr'><strong>versantur.</strong></span> <span class='ocrx_word' id='word_1_687' title='bbox 1718 4842 1869 4908; x_wconf 89' lang='lat' dir='ltr'><strong>Quod</strong></span> <span class='ocrx_word' id='word_1_688' title='bbox 1891 4844 1933 4896; x_wconf 91' lang='lat' dir='ltr'><strong>si</strong></span> <span class='ocrx_word' id='word_1_689' title='bbox 1953 4852 2169 4908; x_wconf 77' lang='lat' dir='ltr'><strong>versute</strong></span> 
     </span>
    </p>
   </div>
   <div class='ocr_carea' id='block_1_98' title="bbox 607 4934 2170 5007">
    <p class='ocr_par' dir='ltr' id='par_1_98' title="bbox 607 4934 2170 5007">
     <span class='ocr_line' id='line_1_98' title="bbox 607 4934 2170 5007; baseline -0.004 -10"><span class='ocrx_word' id='word_1_690' title='bbox 607 4959 672 4997; x_wconf 89' lang='lat' dir='ltr'>ac</span> <span class='ocrx_word' id='word_1_691' title='bbox 721 4941 909 4998; x_wconf 89' lang='lat' dir='ltr'><strong>dolose</strong></span> <span class='ocrx_word' id='word_1_692' title='bbox 945 4939 1146 4994; x_wconf 77' lang='lat' dir='ltr'><strong>clerico</strong></span> <span class='ocrx_word' id='word_1_693' title='bbox 1198 4937 1416 5007; x_wconf 86' lang='lat' dir='ltr'><strong>quidem</strong></span> <span class='ocrx_word' id='word_1_694' title='bbox 1480 4944 1573 4988; x_wconf 88' lang='lat' dir='ltr'><strong>aut</strong></span> <span class='ocrx_word' id='word_1_695' title='bbox 1632 4935 1880 5004; x_wconf 76' lang='lat' dir='ltr'><strong>agricola:</strong></span> <span class='ocrx_word' id='word_1_696' title='bbox 1942 4934 2170 4989; x_wconf 84' lang='lat' dir='ltr'><strong>dedatur</strong></span> 
     </span>
    </p>
   </div>
   <div class='ocr_carea' id='block_1_99' title="bbox 611 5027 2170 5104">
    <p class='ocr_par' dir='ltr' id='par_1_99' title="bbox 611 5027 2170 5104">
     <span class='ocr_line' id='line_1_99' title="bbox 611 5027 2170 5104; baseline -0.003 -16"><span class='ocrx_word' id='word_1_697' title='bbox 611 5051 761 5104; x_wconf 85' lang='lat' dir='ltr'><strong>ager,</strong></span> <span class='ocrx_word' id='word_1_698' title='bbox 789 5035 882 5089; x_wconf 89' lang='lat' dir='ltr'>sed</span> <span class='ocrx_word' id='word_1_699' title='bbox 932 5034 998 5086; x_wconf 91' lang='lat' dir='ltr'><strong>ab</strong></span> <span class='ocrx_word' id='word_1_700' title='bbox 1050 5047 1114 5086; x_wconf 90' lang='lat' dir='ltr'><strong>eo</strong></span> <span class='ocrx_word' id='word_1_701' title='bbox 1163 5039 1346 5100; x_wconf 87' lang='lat' dir='ltr'><strong>postea</strong></span> <span class='ocrx_word' id='word_1_702' title='bbox 1399 5029 1633 5097; x_wconf 89' lang='lat' dir='ltr'><strong>cuipiam</strong></span> <span class='ocrx_word' id='word_1_703' title='bbox 1693 5043 1722 5081; x_wconf 91' lang='lat' dir='ltr'>e</span> <span class='ocrx_word' id='word_1_704' title='bbox 1767 5027 2170 5096; x_wconf 80' lang='lat' dir='ltr'><strong>magistratibus</strong></span> 
     </span>
    </p>
   </div>
   <div class='ocr_carea' id='block_1_100' title="bbox 612 5118 2171 5198">
    <p class='ocr_par' dir='ltr' id='par_1_100' title="bbox 612 5118 2171 5198">
     <span class='ocr_line' id='line_1_100' title="bbox 612 5118 2171 5198; baseline -0.005 -17"><span class='ocrx_word' id='word_1_705' title='bbox 612 5129 972 5198; x_wconf 88' lang='lat' dir='ltr'><strong>mancipctur,</strong></span> <span class='ocrx_word' id='word_1_706' title='bbox 1009 5134 1178 5178; x_wconf 89' lang='lat' dir='ltr'><strong>totttm</strong></span> <span class='ocrx_word' id='word_1_707' title='bbox 1215 5122 1341 5175; x_wconf 68' lang='lat' dir='ltr'><strong>£‘ud</strong></span> <span class='ocrx_word' id='word_1_708' title='bbox 1375 5120 1645 5191; x_wconf 79' lang='lat' dir='ltr'><strong>negotium</strong></span> <span class='ocrx_word' id='word_1_709' title='bbox 1676 5159 1691 5183; x_wconf 95' lang='lat'>,</span> <span class='ocrx_word' id='word_1_710' title='bbox 1719 5126 1830 5172; x_wconf 86' lang='lat' dir='ltr'><strong>sive</strong></span> <span class='ocrx_word' id='word_1_711' title='bbox 1859 5118 2171 5173; x_wconf 82' lang='lat' dir='ltr'><strong>venditione</strong></span> 
     </span>
    </p>
   </div>
   <div class='ocr_carea' id='block_1_101' title="bbox 611 5210 2168 5289">
    <p class='ocr_par' dir='ltr' id='par_1_101' title="bbox 611 5210 2168 5289">
     <span class='ocr_line' id='line_1_101' title="bbox 611 5210 2168 5289; baseline -0.009 -13"><span class='ocrx_word' id='word_1_712' title='bbox 611 5222 726 5276; x_wconf 76' lang='lat' dir='ltr'><strong>sive</strong></span> <span class='ocrx_word' id='word_1_713' title='bbox 754 5221 862 5274; x_wconf 89' lang='lat' dir='ltr'><strong>alia</strong></span> <span class='ocrx_word' id='word_1_714' title='bbox 909 5231 1238 5289; x_wconf 89' lang='lat' dir='ltr'><strong>quacunque</strong></span> <span class='ocrx_word' id='word_1_715' title='bbox 1286 5217 1498 5268; x_wconf 88' lang='lat' dir='ltr'><strong>ratione</strong></span> <span class='ocrx_word' id='word_1_716' title='bbox 1549 5217 1905 5276; x_wconf 83' lang='lat' dir='ltr'><strong>transactum,</strong></span> <span class='ocrx_word' id='word_1_717' title='bbox 1957 5210 2168 5264; x_wconf 91' lang='lat' dir='ltr'><strong>irritum</strong></span> 
     </span>
    </p>
   </div>
   <div class='ocr_carea' id='block_1_102' title="bbox 611 5300 2167 5379">
    <p class='ocr_par' dir='ltr' id='par_1_102' title="bbox 611 5300 2167 5379">
     <span class='ocr_line' id='line_1_102' title="bbox 611 5300 2167 5379; baseline -0.007 -15"><span class='ocrx_word' id='word_1_718' title='bbox 611 5326 754 5371; x_wconf 87' lang='lat' dir='ltr'><strong>esse,</strong></span> <span class='ocrx_word' id='word_1_719' title='bbox 807 5309 1315 5379; x_wconf 78' lang='lat' dir='ltr'><strong>possessionemque</strong></span> <span class='ocrx_word' id='word_1_720' title='bbox 1365 5304 1610 5360; x_wconf 63' lang='lat' dir='ltr'><strong>ecclesia:</strong></span> <span class='ocrx_word' id='word_1_721' title='bbox 1655 5301 1890 5364; x_wconf 88' lang='lat' dir='ltr'><strong>restitui,</strong></span> <span class='ocrx_word' id='word_1_722' title='bbox 1921 5300 2112 5368; x_wconf 78' lang='lat' dir='ltr'><strong>jubent</strong></span> <span class='ocrx_word' id='word_1_723' title='bbox 2152 5339 2167 5353; x_wconf 96' lang='lat'><em>.</em></span> 
     </span>
    </p>
   </div>
   <div class='ocr_carea' id='block_1_103' title="bbox 610 5392 2170 5472">
    <p class='ocr_par' dir='ltr' id='par_1_103' title="bbox 610 5392 2170 5472">
     <span class='ocr_line' id='line_1_103' title="bbox 610 5392 2170 5472; baseline -0.006 -18"><span class='ocrx_word' id='word_1_724' title='bbox 610 5405 703 5472; x_wconf 91' lang='lat' dir='ltr'>qui</span> <span class='ocrx_word' id='word_1_725' title='bbox 737 5417 864 5455; x_wconf 83' lang='lat' dir='ltr'><strong>vero</strong></span> <span class='ocrx_word' id='word_1_726' title='bbox 891 5417 1003 5455; x_wconf 87' lang='lat' dir='ltr'>rem</span> <span class='ocrx_word' id='word_1_727' title='bbox 1036 5400 1298 5468; x_wconf 75' lang='lat' dir='ltr'><strong>ejusmodi</strong></span> <span class='ocrx_word' id='word_1_728' title='bbox 1347 5397 1648 5460; x_wconf 89' lang='lat' dir='ltr'><strong>admiserit,</strong></span> <span class='ocrx_word' id='word_1_729' title='bbox 1684 5404 1741 5447; x_wconf 86' lang='grc' dir='ltr'>ιιι</span> <span class='ocrx_word' id='word_1_730' title='bbox 1786 5410 1879 5462; x_wconf 85' lang='lat' dir='ltr'><strong>per</strong></span> <span class='ocrx_word' id='word_1_731' title='bbox 1926 5392 2170 5446; x_wconf 81' lang='lat' dir='ltr'><strong>fraudem</strong></span> 
     </span>
    </p>
   </div>
   <div class='ocr_carea' id='block_1_104' title="bbox 617 5483 2171 5556">
    <p class='ocr_par' dir='ltr' id='par_1_104' title="bbox 617 5483 2171 5556">
     <span class='ocr_line' id='line_1_104' title="bbox 617 5483 2171 5556; baseline -0.006 -11"><span class='ocrx_word' id='word_1_732' title='bbox 617 5491 886 5556; x_wconf 73' lang='lat' dir='ltr'><strong>videlicet,</strong></span> <span class='ocrx_word' id='word_1_733' title='bbox 923 5492 1006 5545; x_wconf 84' lang='lat' dir='ltr'>vel</span> <span class='ocrx_word' id='word_1_734' title='bbox 1041 5493 1201 5545; x_wconf 87' lang='lat' dir='ltr'><strong>etiam</strong></span> <span class='ocrx_word' id='word_1_735' title='bbox 1240 5489 1528 5544; x_wconf 79' lang='lat' dir='ltr'><strong>manifesto</strong></span> <span class='ocrx_word' id='word_1_736' title='bbox 1579 5495 1632 5539; x_wconf 82' lang='lat' dir='ltr'><strong>et</strong></span> <span class='ocrx_word' id='word_1_737' title='bbox 1674 5485 1847 5554; x_wconf 87' lang='lat' dir='ltr'><strong>palam</strong></span> <span class='ocrx_word' id='word_1_738' title='bbox 1878 5524 1892 5546; x_wconf 91' lang='lat'>,</span> <span class='ocrx_word' id='word_1_739' title='bbox 1924 5483 2171 5552; x_wconf 74' lang='lat' dir='ltr'><strong>(lynaStis</strong></span> 
     </span>
    </p>
   </div>
   <div class='ocr_carea' id='block_1_105' title="bbox 614 5577 2172 5650">
    <p class='ocr_par' dir='ltr' id='par_1_105' title="bbox 614 5577 2172 5650">
     <span class='ocr_line' id='line_1_105' title="bbox 614 5577 2172 5650; baseline -0.006 -12"><span class='ocrx_word' id='word_1_740' title='bbox 614 5583 1010 5638; x_wconf 79' lang='lat' dir='ltr'><strong>ecclesiasticas</strong></span> <span class='ocrx_word' id='word_1_741' title='bbox 1033 5579 1407 5650; x_wconf 85' lang='lat' dir='ltr'><strong>possessiones</strong></span> <span class='ocrx_word' id='word_1_742' title='bbox 1432 5578 1708 5648; x_wconf 86' lang='lat' dir='ltr'><strong>proderet,</strong></span> <span class='ocrx_word' id='word_1_743' title='bbox 1741 5577 1855 5631; x_wconf 83' lang='lat' dir='ltr'><strong>sive</strong></span> <span class='ocrx_word' id='word_1_744' title='bbox 1885 5577 2172 5643; x_wconf 88' lang='lat' dir='ltr'><strong>episcopus</strong></span> 
     </span>
    </p>
   </div>
   <div class='ocr_carea' id='block_1_106' title="bbox 612 5667 2169 5739">
    <p class='ocr_par' dir='ltr' id='par_1_106' title="bbox 612 5667 2169 5739">
     <span class='ocr_line' id='line_1_106' title="bbox 612 5667 2169 5739; baseline -0.008 -7"><span class='ocrx_word' id='word_1_745' title='bbox 612 5679 727 5732; x_wconf 78' lang='lat' dir='ltr'><strong>sive</strong></span> <span class='ocrx_word' id='word_1_746' title='bbox 778 5673 1091 5725; x_wconf 86' lang='lat' dir='ltr'><strong>monasterii</strong></span> <span class='ocrx_word' id='word_1_747' title='bbox 1134 5669 1419 5739; x_wconf 79' lang='lat' dir='ltr'><strong>pra-fectus</strong></span> <span class='ocrx_word' id='word_1_748' title='bbox 1448 5671 1538 5735; x_wconf 81' lang='lat' dir='ltr'><strong>sit,</strong></span> <span class='ocrx_word' id='word_1_749' title='bbox 1581 5686 1609 5724; x_wconf 94' lang='lat' dir='ltr'>c</span> <span class='ocrx_word' id='word_1_750' title='bbox 1643 5668 1918 5739; x_wconf 85' lang='lat' dir='ltr'><strong>dignitatis</strong></span> <span class='ocrx_word' id='word_1_751' title='bbox 1957 5667 2125 5737; x_wconf 77' lang='lat' dir='ltr'><strong>gradu</strong></span> <span class='ocrx_word' id='word_1_752' title='bbox 2154 5709 2169 5733; x_wconf 84' lang='lat'>,</span> 
     </span>
    </p>
   </div>
   <div class='ocr_carea' id='block_1_107' title="bbox 2275 4465 3831 4548">
    <p class='ocr_par' dir='ltr' id='par_1_107' title="bbox 2275 4465 3831 4548">
     <span class='ocr_line' id='line_1_107' title="bbox 2275 4465 3831 4548; baseline 0.008 -32"><span class='ocrx_word' id='word_1_753' title='bbox 2275 4467 2411 4536; x_wconf 83' lang='grc' dir='ltr'>μηδέ</span> <span class='ocrx_word' id='word_1_754' title='bbox 2443 4465 2616 4528; x_wconf 79' lang='grc' dir='ltr'>οὕτως</span> <span class='ocrx_word' id='word_1_755' title='bbox 2643 4467 2912 4539; x_wconf 86' lang='grc' dir='ltr'>ἄρχουσιν</span> <span class='ocrx_word' id='word_1_756' title='bbox 2961 4471 3124 4524; x_wconf 77' lang='grc' dir='ltr'>αὐτὸν</span> <span class='ocrx_word' id='word_1_757' title='bbox 3157 4473 3437 4539; x_wconf 78' lang='grc' dir='ltr'>ἐκδιδότω,</span> <span class='ocrx_word' id='word_1_758' title='bbox 3492 4477 3632 4530; x_wconf 77' lang='grc' dir='ltr'>ἀλλὰ</span> <span class='ocrx_word' id='word_1_759' title='bbox 3657 4478 3831 4548; x_wconf 82' lang='grc' dir='ltr'>κληρι-</span> 
     </span>
    </p>
   </div>
   <div class='ocr_carea' id='block_1_108' title="bbox 2271 4559 3830 4637">
    <p class='ocr_par' dir='ltr' id='par_1_108' title="bbox 2271 4559 3830 4637">
     <span class='ocr_line' id='line_1_108' title="bbox 2271 4559 3830 4637; baseline 0.006 -27"><span class='ocrx_word' id='word_1_760' title='bbox 2271 4561 2388 4620; x_wconf 83' lang='grc' dir='ltr'>κοῖς</span> <span class='ocrx_word' id='word_1_761' title='bbox 2419 4559 2452 4627; x_wconf 81' lang='grc' dir='ltr'>ἦ</span> <span class='ocrx_word' id='word_1_762' title='bbox 2472 4563 2741 4628; x_wconf 87' lang='grc' dir='ltr'>γεωργοῖς</span> <span class='ocrx_word' id='word_1_763' title='bbox 2763 4577 2776 4590; x_wconf 74' lang='grc'><strong><em>⁸</em></strong></span> <span class='ocrx_word' id='word_1_764' title='bbox 2813 4563 2924 4624; x_wconf 84' lang='grc' dir='ltr'>τοῖς</span> <span class='ocrx_word' id='word_1_765' title='bbox 2966 4561 3064 4634; x_wconf 76' lang='grc' dir='ltr'>μὲν</span> <span class='ocrx_word' id='word_1_766' title='bbox 3096 4564 3380 4634; x_wconf 79' lang='grc' dir='ltr'>κληρικοῖς</span> <span class='ocrx_word' id='word_1_767' title='bbox 3432 4567 3513 4630; x_wconf 86' lang='grc' dir='ltr'>ὡς</span> <span class='ocrx_word' id='word_1_768' title='bbox 3549 4568 3830 4637; x_wconf 74' lang='grc' dir='ltr'>ὑποκειμέ-</span> 
     </span>
    </p>
   </div>
   <div class='ocr_carea' id='block_1_109' title="bbox 2271 4652 3831 4731">
    <p class='ocr_par' dir='ltr' id='par_1_109' title="bbox 2271 4652 3831 4731">
     <span class='ocr_line' id='line_1_109' title="bbox 2271 4652 3831 4731; baseline 0.006 -29"><span class='ocrx_word' id='word_1_769' title='bbox 2271 4669 2381 4714; x_wconf 86' lang='grc' dir='ltr'>νοις</span> <span class='ocrx_word' id='word_1_770' title='bbox 2409 4652 2556 4719; x_wconf 83' lang='grc' dir='ltr'>αὐτῷ</span> <span class='ocrx_word' id='word_1_771' title='bbox 2587 4653 2678 4704; x_wconf 74' lang='grc' dir='ltr'>καὶ</span> <span class='ocrx_word' id='word_1_772' title='bbox 2711 4652 3016 4720; x_wconf 78' lang='grc' dir='ltr'>ὑπείκουσι,</span> <span class='ocrx_word' id='word_1_773' title='bbox 3057 4657 3241 4719; x_wconf 88' lang='grc' dir='ltr'>τοῖςδέ</span> <span class='ocrx_word' id='word_1_774' title='bbox 3274 4663 3548 4730; x_wconf 81' lang='grc' dir='ltr'>γεωργοῖς</span> <span class='ocrx_word' id='word_1_775' title='bbox 3577 4661 3654 4726; x_wconf 85' lang='grc' dir='ltr'>ὡς</span> <span class='ocrx_word' id='word_1_776' title='bbox 3682 4662 3831 4731; x_wconf 83' lang='grc' dir='ltr'>ἀγρό-</span> 
     </span>
    </p>
   </div>
   <div class='ocr_carea' id='block_1_110' title="bbox 2272 4744 3832 4824">
    <p class='ocr_par' dir='ltr' id='par_1_110' title="bbox 2272 4744 3832 4824">
     <span class='ocr_line' id='line_1_110' title="bbox 2272 4744 3832 4824; baseline 0.004 -26"><span class='ocrx_word' id='word_1_777' title='bbox 2272 4763 2392 4808; x_wconf 86' lang='grc' dir='ltr'>ταις</span> <span class='ocrx_word' id='word_1_778' title='bbox 2449 4744 2782 4814; x_wconf 76' lang='grc' dir='ltr'>ἀνθρώποις,</span> <span class='ocrx_word' id='word_1_779' title='bbox 2844 4750 2936 4800; x_wconf 71' lang='grc' dir='ltr'>καὶ</span> <span class='ocrx_word' id='word_1_780' title='bbox 2998 4749 3249 4812; x_wconf 76' lang='grc' dir='ltr'>εὐτελοῦς</span> <span class='ocrx_word' id='word_1_781' title='bbox 3306 4754 3398 4804; x_wconf 77' lang='grc' dir='ltr'>καὶ</span> <span class='ocrx_word' id='word_1_782' title='bbox 3453 4754 3832 4824; x_wconf 81' lang='grc' dir='ltr'>ταπεινοτέρας</span> 
     </span>
    </p>
   </div>
   <div class='ocr_carea' id='block_1_111' title="bbox 2271 4837 3830 4912">
    <p class='ocr_par' dir='ltr' id='par_1_111' title="bbox 2271 4837 3830 4912">
     <span class='ocr_line' id='line_1_111' title="bbox 2271 4837 3830 4912; baseline 0.005 -22"><span class='ocrx_word' id='word_1_783' title='bbox 2271 4837 2677 4900; x_wconf 73' lang='grc' dir='ltr'>καταστάσεως.</span> <span class='ocrx_word' id='word_1_784' title='bbox 2717 4839 2777 4892; x_wconf 76' lang='lat' dir='ltr'><strong>Ei</strong></span> <span class='ocrx_word' id='word_1_785' title='bbox 2811 4839 2864 4892; x_wconf 78' lang='grc' dir='ltr'>δέ</span> <span class='ocrx_word' id='word_1_786' title='bbox 2899 4841 3223 4911; x_wconf 85' lang='grc' dir='ltr'>πανούργως</span> <span class='ocrx_word' id='word_1_787' title='bbox 3269 4845 3364 4895; x_wconf 78' lang='grc' dir='ltr'>καὶ</span> <span class='ocrx_word' id='word_1_788' title='bbox 3397 4847 3539 4912; x_wconf 73' lang='grc' dir='ltr'>μετὰ</span> <span class='ocrx_word' id='word_1_789' title='bbox 3569 4845 3718 4898; x_wconf 82' lang='grc' dir='ltr'>δόλον</span> <span class='ocrx_word' id='word_1_790' title='bbox 3748 4846 3830 4898; x_wconf 78' lang='grc' dir='ltr'>ἐκο</span> 
     </span>
    </p>
   </div>
   <div class='ocr_carea' id='block_1_112' title="bbox 2270 4928 3829 5005">
    <p class='ocr_par' dir='ltr' id='par_1_112' title="bbox 2270 4928 3829 5005">
     <span class='ocr_line' id='line_1_112' title="bbox 2270 4928 3829 5005; baseline 0.004 -24"><span class='ocrx_word' id='word_1_791' title='bbox 2270 4928 2447 5000; x_wconf 79' lang='grc' dir='ltr'>δοθείη</span> <span class='ocrx_word' id='word_1_792' title='bbox 2479 4929 2578 4997; x_wconf 84' lang='grc' dir='ltr'>μὲν</span> <span class='ocrx_word' id='word_1_793' title='bbox 2597 4932 2623 4982; x_wconf 78' lang='grc' dir='ltr'>ὁ</span> <span class='ocrx_word' id='word_1_794' title='bbox 2646 4930 2812 5002; x_wconf 76' lang='grc' dir='ltr'>ἀγρδς</span> <span class='ocrx_word' id='word_1_795' title='bbox 2841 4931 3092 5002; x_wconf 82' lang='grc' dir='ltr'>κληρικῷ</span> <span class='ocrx_word' id='word_1_796' title='bbox 3123 4935 3154 5004; x_wconf 84' lang='grc' dir='ltr'><strong>ἦ</strong></span> <span class='ocrx_word' id='word_1_797' title='bbox 3180 4934 3433 5005; x_wconf 83' lang='grc' dir='ltr'>γεωργῷ,</span> <span class='ocrx_word' id='word_1_798' title='bbox 3457 4937 3518 5003; x_wconf 81' lang='grc' dir='ltr'>ἐξ</span> <span class='ocrx_word' id='word_1_799' title='bbox 3554 4939 3759 4990; x_wconf 79' lang='grc' dir='ltr'>ἐκείνου</span> <span class='ocrx_word' id='word_1_800' title='bbox 3780 4935 3829 4989; x_wconf 76' lang='grc' dir='ltr'>δέ</span> 
     </span>
    </p>
   </div>
   <div class='ocr_carea' id='block_1_113' title="bbox 2277 5023 3829 5098">
    <p class='ocr_par' dir='ltr' id='par_1_113' title="bbox 2277 5023 3829 5098">
     <span class='ocr_line' id='line_1_113' title="bbox 2277 5023 3829 5098; baseline 0.003 -24"><span class='ocrx_word' id='word_1_801' title='bbox 2277 5023 2594 5092; x_wconf 83' lang='grc' dir='ltr'>μετατεθείη</span> <span class='ocrx_word' id='word_1_802' title='bbox 2625 5024 2704 5085; x_wconf 83' lang='grc' dir='ltr'>είς</span> <span class='ocrx_word' id='word_1_803' title='bbox 2761 5024 3082 5094; x_wconf 84' lang='grc' dir='ltr'>ἁρχοντικὸν</span> <span class='ocrx_word' id='word_1_804' title='bbox 3111 5027 3421 5096; x_wconf 76' lang='grc' dir='ltr'>πρόσωπον,</span> <span class='ocrx_word' id='word_1_805' title='bbox 3470 5029 3680 5098; x_wconf 84' lang='grc' dir='ltr'>ἄκυρον</span> <span class='ocrx_word' id='word_1_806' title='bbox 3703 5026 3829 5083; x_wconf 75' lang='grc' dir='ltr'>εἷναι</span> 
     </span>
    </p>
   </div>
   <div class='ocr_carea' id='block_1_114' title="bbox 2273 5110 3826 5186">
    <p class='ocr_par' dir='ltr' id='par_1_114' title="bbox 2273 5110 3826 5186">
     <span class='ocr_line' id='line_1_114' title="bbox 2273 5110 3826 5186; baseline 0.005 -23"><span class='ocrx_word' id='word_1_807' title='bbox 2273 5113 2333 5163; x_wconf 82' lang='grc' dir='ltr'>τὸ</span> <span class='ocrx_word' id='word_1_808' title='bbox 2372 5110 2634 5181; x_wconf 81' lang='grc' dir='ltr'>πραχθὲν,</span> <span class='ocrx_word' id='word_1_809' title='bbox 2691 5111 2801 5163; x_wconf 77' lang='grc' dir='ltr'>εἴτε</span> <span class='ocrx_word' id='word_1_810' title='bbox 2832 5114 3035 5182; x_wconf 78' lang='grc' dir='ltr'>πρᾶσις</span> <span class='ocrx_word' id='word_1_811' title='bbox 3079 5113 3312 5182; x_wconf 85' lang='grc' dir='ltr'>λέγοιτο,</span> <span class='ocrx_word' id='word_1_812' title='bbox 3340 5117 3447 5169; x_wconf 79' lang='grc' dir='ltr'>εἴτε</span> <span class='ocrx_word' id='word_1_813' title='bbox 3484 5119 3826 5186; x_wconf 71' lang='grc' dir='ltr'>συνάλλαγμα</span> 
     </span>
    </p>
   </div>
   <div class='ocr_carea' id='block_1_115' title="bbox 2273 5195 3828 5276">
    <p class='ocr_par' dir='ltr' id='par_1_115' title="bbox 2273 5195 3828 5276">
     <span class='ocr_line' id='line_1_115' title="bbox 2273 5195 3828 5276; baseline 0.003 -22"><span class='ocrx_word' id='word_1_814' title='bbox 2273 5201 2480 5272; x_wconf 78' lang='grc' dir='ltr'>ἕτερον,</span> <span class='ocrx_word' id='word_1_815' title='bbox 2519 5200 2614 5253; x_wconf 74' lang='grc' dir='ltr'>καὶ</span> <span class='ocrx_word' id='word_1_816' title='bbox 2637 5201 3111 5254; x_wconf 80' lang='grc' dir='ltr'>ἀποκαθίστασθαι</span> <span class='ocrx_word' id='word_1_817' title='bbox 3144 5202 3205 5255; x_wconf 84' lang='grc' dir='ltr'>τὸ</span> <span class='ocrx_word' id='word_1_818' title='bbox 3231 5195 3466 5273; x_wconf 77' lang='grc' dir='ltr'>πρᾶγμα</span> <span class='ocrx_word' id='word_1_819' title='bbox 3499 5209 3567 5276; x_wconf 84' lang='grc' dir='ltr'>τῇ</span> <span class='ocrx_word' id='word_1_820' title='bbox 3611 5205 3828 5273; x_wconf 78' lang='grc' dir='ltr'>Ἐκκλη-</span> 
     </span>
    </p>
   </div>
   <div class='ocr_carea' id='block_1_116' title="bbox 2275 5290 3824 5366">
    <p class='ocr_par' dir='ltr' id='par_1_116' title="bbox 2275 5290 3824 5366">
     <span class='ocr_line' id='line_1_116' title="bbox 2275 5290 3824 5366; baseline 0.001 -19"><span class='ocrx_word' id='word_1_821' title='bbox 2275 5295 2387 5364; x_wconf 79' lang='grc' dir='ltr'>σία.</span> <span class='ocrx_word' id='word_1_822' title='bbox 2436 5291 2498 5346; x_wconf 81' lang='grc' dir='ltr'><strong>Ὀ</strong></span> <span class='ocrx_word' id='word_1_823' title='bbox 2525 5291 2580 5345; x_wconf 83' lang='grc' dir='ltr'>δὲ</span> <span class='ocrx_word' id='word_1_824' title='bbox 2632 5291 2790 5344; x_wconf 85' lang='grc' dir='ltr'>τοῦτο</span> <span class='ocrx_word' id='word_1_825' title='bbox 2841 5290 3031 5353; x_wconf 83' lang='grc' dir='ltr'>ποιῶν,</span> <span class='ocrx_word' id='word_1_826' title='bbox 3057 5292 3120 5344; x_wconf 88' lang='grc' dir='ltr'>τδ</span> <span class='ocrx_word' id='word_1_827' title='bbox 3160 5294 3299 5362; x_wconf 84' lang='grc' dir='ltr'>μετὰ</span> <span class='ocrx_word' id='word_1_828' title='bbox 3328 5293 3479 5346; x_wconf 86' lang='grc' dir='ltr'>δόλου</span> <span class='ocrx_word' id='word_1_829' title='bbox 3521 5295 3761 5366; x_wconf 80' lang='grc' dir='ltr'>δηλονότι</span> <span class='ocrx_word' id='word_1_830' title='bbox 3795 5293 3824 5363; x_wconf 72' lang='grc' dir='ltr'>ἢ</span> 
     </span>
    </p>
   </div>
   <div class='ocr_carea' id='block_1_117' title="bbox 2274 5383 3823 5456">
    <p class='ocr_par' dir='ltr' id='par_1_117' title="bbox 2274 5383 3823 5456">
     <span class='ocr_line' id='line_1_117' title="bbox 2274 5383 3823 5456; baseline -0.003 -16"><span class='ocrx_word' id='word_1_831' title='bbox 2274 5387 2367 5441; x_wconf 69' lang='grc' dir='ltr'>καὶ</span> <span class='ocrx_word' id='word_1_832' title='bbox 2395 5385 2642 5456; x_wconf 80' lang='grc' dir='ltr'>φανερῶς</span> <span class='ocrx_word' id='word_1_833' title='bbox 2660 5383 2968 5454; x_wconf 87' lang='grc' dir='ltr'>προδιδόναι</span> <span class='ocrx_word' id='word_1_834' title='bbox 2988 5383 3270 5446; x_wconf 78' lang='grc' dir='ltr'>δυνάσταις</span> <span class='ocrx_word' id='word_1_835' title='bbox 3291 5384 3359 5437; x_wconf 78' lang='grc' dir='ltr'>τὰ</span> <span class='ocrx_word' id='word_1_836' title='bbox 3380 5386 3551 5456; x_wconf 72' lang='grc' dir='ltr'>ἐκκλη</span> <span class='ocrx_word' id='word_1_837' title='bbox 3561 5386 3823 5444; x_wconf 77' lang='grc' dir='ltr'>σιαστικὰ,</span> 
     </span>
    </p>
   </div>
   <div class='ocr_carea' id='block_1_118' title="bbox 2276 5475 3824 5546">
    <p class='ocr_par' dir='ltr' id='par_1_118' title="bbox 2276 5475 3824 5546">
     <span class='ocr_line' id='line_1_118' title="bbox 2276 5475 3824 5546; baseline -0.003 -12"><span class='ocrx_word' id='word_1_838' title='bbox 2276 5481 2383 5534; x_wconf 82' lang='grc' dir='ltr'>εἴτε</span> <span class='ocrx_word' id='word_1_839' title='bbox 2416 5479 2710 5539; x_wconf 79' lang='grc' dir='ltr'>ἐπίσκοπος</span> <span class='ocrx_word' id='word_1_840' title='bbox 2741 5477 2850 5546; x_wconf 80' lang='grc' dir='ltr'>εἴη,</span> <span class='ocrx_word' id='word_1_841' title='bbox 2881 5475 2991 5528; x_wconf 79' lang='grc' dir='ltr'>εἴτε</span> <span class='ocrx_word' id='word_1_842' title='bbox 3047 5477 3368 5544; x_wconf 66' lang='grc' dir='ltr'>ἡγούμενος,</span> <span class='ocrx_word' id='word_1_843' title='bbox 3391 5477 3729 5531; x_wconf 81' lang='grc' dir='ltr'>ἐκδιωκέσοω</span> <span class='ocrx_word' id='word_1_844' title='bbox 3754 5476 3824 5538; x_wconf 84' lang='grc' dir='ltr'>ὠς</span> 
     </span>
    </p>
   </div>
   <div class='ocr_carea' id='block_1_119' title="bbox 2275 5564 3821 5639">
    <p class='ocr_par' dir='ltr' id='par_1_119' title="bbox 2275 5564 3821 5639">
     <span class='ocr_line' id='line_1_119' title="bbox 2275 5564 3821 5639; baseline -0.004 -15"><span class='ocrx_word' id='word_1_845' title='bbox 2275 5569 2678 5639; x_wconf 75' lang='grc' dir='ltr'>διασκορπίζων</span> <span class='ocrx_word' id='word_1_846' title='bbox 2725 5567 2911 5630; x_wconf 88' lang='grc' dir='ltr'>κακῶς</span> <span class='ocrx_word' id='word_1_847' title='bbox 2963 5566 2997 5620; x_wconf 81' lang='grc' dir='ltr'>ἃ</span> <span class='ocrx_word' id='word_1_848' title='bbox 3053 5567 3114 5619; x_wconf 87' lang='grc' dir='ltr'>οὐ</span> <span class='ocrx_word' id='word_1_849' title='bbox 3170 5569 3496 5639; x_wconf 85' lang='grc' dir='ltr'>συνήγαγεν.</span> <span class='ocrx_word' id='word_1_850' title='bbox 3567 5570 3627 5622; x_wconf 81' lang='grc' dir='ltr'>Εἰ</span> <span class='ocrx_word' id='word_1_851' title='bbox 3660 5564 3821 5633; x_wconf 58' lang='lat' dir='ltr'><strong>vaga</strong></span> 
     </span>
    </p>
   </div>
   <div class='ocr_carea' id='block_1_120' title="bbox 2277 5656 3820 5731">
    <p class='ocr_par' dir='ltr' id='par_1_120' title="bbox 2277 5656 3820 5731">
     <span class='ocr_line' id='line_1_120' title="bbox 2277 5656 3820 5731; baseline -0.005 -14"><span class='ocrx_word' id='word_1_852' title='bbox 2277 5663 2506 5725; x_wconf 75' lang='grc' dir='ltr'>ἕκαστος</span> <span class='ocrx_word' id='word_1_853' title='bbox 2569 5663 2833 5730; x_wconf 85' lang='grc' dir='ltr'>ἐκτήσατο</span> <span class='ocrx_word' id='word_1_854' title='bbox 2893 5659 3297 5727; x_wconf 75' lang='grc' dir='ltr'>διασκορπίζων</span> <span class='ocrx_word' id='word_1_855' title='bbox 3358 5661 3542 5725; x_wconf 71' lang='grc' dir='ltr'>κακῶς</span> <span class='ocrx_word' id='word_1_856' title='bbox 3604 5656 3820 5731; x_wconf 68' lang='grc' dir='ltr'>κρίματι</span> 
     </span>
    </p>
   </div>
  </div>
