4074 6214
379 260 487 324 953

1382 278 1462 337 IN
1497 270 1816 343 omni!
1857 285 2066 348 CONC.
2105 292 2213 352 vn
2256 296 2611 358 arcuum.

3515 300 3623 367 954

372 391 526 445 ἑστιν
553 391 758 464 ἔνοχος,
786 398 938 469 πόσῳ
968 403 1168 471 μᾶλλον
1196 407 1223 459 ὁ
1249 406 1653 479 διασκορπίζων
1695 414 1730 468 ἀ
1753 417 1930 487 ἕτεροι
1964 415 2007 469 Α
2037 407 2237 476 σμιῖββθ
2282 411 2373 480 qm
2406 427 2489 469 ⁸³·
2525 426 2647 480 «ιυεε
2687 412 2803 479 ipse
2852 411 2994 465 "3"“
3026 412 3264 483 εοιιθεῖι.
3297 415 3437 471 "me
3498 417 3621 472 δῖε·

369 487 451 559 τῷ
488 489 607 559 Θεῷ
631 492 981 561 ἁφιέρωσανς
1038 494 1208 564 Οὗτος
1250 504 1348 571 μὲν
1376 502 1468 558 οὖν
1523 511 1549 561 ὸ
1598 510 1777 562 κανὼν
1816 513 1942 582 περὶ

375 580 715 649 αὑτουργίων
738 584 884 652 λέγει
906 604 920 618 ·
958 588 987 639 ὁ
1011 589 1066 640 δὲ
1095 591 1196 658 τῆς
1233 593 1292 645 ὲν
1350 596 1674 671 Καρθαγένη
1722 580 1943 651 συνόδου

373 671 619 735 εἰκοστὸς
650 674 833 737 ἔνατος
880 679 1061 731 κανὼν
1090 683 1209 736 οὐδὲ
1237 685 1534 753 ἀπρόσοδον
1592 692 1654 758 ἐᾷ
1701 691 1945 742 ἐκποιεῖ-

376 765 522 829 σθαι,
547 768 595 818 εἰ
659 768 733 837 μὴ
768 772 907 838 μετὰ
962 780 1403 846 παρατηρήσεως
1463 782 1554 834 καὶ
1586 784 1711 844 τοὺς
1748 782 1823 852 μὴ
1851 800 1950 849 φυ-

373 857 672 921 λάσσοντας
699 862 791 915 τὸν
819 867 1018 919 κανόνα
1047 869 1350 925 ἐκπτώσειν
1381 875 1599 937 κολάζει
1623 877 1719 945 τῆς
1740 877 1950 940 οἰκείας

369 952 561 1018 τιμῆς.
637 954 694 1006 'U
748 954 804 1008 δὲ
843 958 1014 1025 μέγας
1048 962 1315 1032 Κύριλλος
1359 966 1551 1036 Δόμνῳ
1595 968 1945 1031 ἐπιστέλλων,

369 1044 630 1112 κειμήλια
685 1048 780 1099 καὶ
832 1051 1054 1120 κτήσεις
1114 1057 1405 1124 ἀκινήτους
1445 1058 1752 1123 ἐκκλησιῶν
1780 1061 1944 1112 ἀνεκ-

370 1136 575 1203 οποίητα
641 1134 781 1190 εἶναι
820 1140 1196 1200 διατάττεται⁶
1265 1148 1401 1200 ἀλλά
1456 1149 1629 1203 ταῦτά
1666 1168 1778 1203 τισι
1834 1151 1946 1206 τῶν

367 1227 695 1293 ἡγουμένων
718 1231 886 1301 λῆρος
915 1234 1063 1287 δοκεῖ

2044 501 2270 570 perdat,
2327 503 2486 569 dejiei
2544 519 2606 557 ae
2669 504 2971 560 deturbari.
3011 506 3142 560 Nam
3182 508 3226 561 si
3301 509 3616 580 quicunque

2044 607 2143 645 sua
2176 594 2350 661 ipsius
2384 596 2521 649 bona
2560 598 2701 649 male
2726 596 3043 651 distraxerit
3082 598 3290 667 judicio
3323 610 3405 655 est
3436 601 3617 656 obno-

2042 684 2188 748 xius,
2219 699 2425 755 quanto
2458 688 2606 740 illum
2643 690 2810 751 magis
2858 691 3152 743 obnoxium
3203 706 3326 745 esse
3372 692 3613 747 arbitre-

2049 793 2196 839 mur,
2234 765 2324 847 qui
2394 779 2502 833 Deo
2558 782 2627 834 ab
2677 782 2798 835 aliis
2832 792 3182 837 consecratas
3235 785 3617 853 possessiones

2045 872 2309 940 dissipat?
2338 876 2521 943 Atque
2556 875 2644 928 hic
2677 877 2895 944 quidem
2933 890 3107 931 canon
3144 878 3210 930 de
3234 879 3377 942 agris
3405 880 3616 933 statuit.

2046 962 2491 1034 Carthaginensis
2541 976 2719 1019 autem
2774 969 2965 1037 synodi
3010 970 3483 1033 undetricesimo,
3533 985 3621 1024 res

2043 1071 2260 1125 quoque
2307 1058 2463 1119 aliae,
2505 1060 2754 1127 quamvis
2801 1061 3007 1113 t'ruetui
3063 1060 3286 1116 ferendo
3323 1076 3430 1115 non
3468 1061 3619 1125 sint,

2043 1147 2299 1213 distrahi,
2327 1150 2433 1204 nisi
2467 1152 2717 1204 cautione
2751 1151 3011 1216 adhibita,
3046 1154 3442 1221 prohibentur;
3494 1153 3617 1222 qui-

2046 1257 2152 1307 qtte
2182 1245 2377 1297 ranoni
2418 1259 2527 1298 non
2584 1245 2887 1312 paruerint,
2918 1246 3196 1315 dignitatis
3220 1288 3234 1311 ,
3283 1263 3445 1313 quam
3479 1246 3621 1301 obti-

367 1328 523 1379 nent,
563 1322 865 1388 privatione
895 1328 1219 1384 multantur.
1268 1329 1494 1399 Magnus
1530 1340 1711 1387 autem
1740 1333 1977 1404 Cyrillus
2012 1331 2065 1384 in
2104 1348 2200 1385 sua
2263 1334 2328 1387 ad
2404 1336 2673 1388 Domnum
2748 1337 3007 1406 epistola,
3071 1340 3426 1393 ecclesiarum
3490 1354 3619 1393 vasa

367 1414 631 1483 pretiosa.
662 1430 959 1503 earumque
988 1419 1299 1479 immobiles
1348 1427 1746 1493 possessiones,
1779 1427 1930 1480 nullo
1975 1425 2135 1477 modo
2184 1428 2412 1481 alienari
2472 1429 2637 1483 licere
2686 1428 2951 1483 decernit.
2998 1430 3103 1485 Sed
3185 1432 3289 1486 ista
3368 1424 3614 1486 nonnulli

367 1507 825 1561 monas‘eriorum
862 1512 1098 1579 praefecti
1132 1530 1311 1569 meras
1343 1532 1514 1585 nugas
1545 1526 1758 1586 putant.

366 1600 592 1653 ΔΡΙΣΤ.
629 1620 647 1650 ι
683 1599 841 1655 Κατὰ
869 1604 929 1656 τὸ
959 1605 1115 1669 δόξαν
1165 1612 1276 1672 τοῖς
1302 1611 1479 1677 ἁγίοις
1508 1612 1847 1674 ἀποστόλοις,
1880 1608 1940 1662 τὸ

445 1709 464 1736 ε
503 1686 794 1761 ἐκποιηθὲν
816 1695 968 1765 παρά
994 1698 1291 1752 ἐπισκόπου
1317 1701 1348 1771 ἢ
1379 1703 1685 1771 ἡγουμένου
1706 1705 1940 1772 πρᾶγμα

444 1804 461 1830 α
501 1784 599 1852 τῆς
643 1788 948 1857 ἐπισκοπῆς
972 1790 1004 1861 ἢ
1032 1791 1129 1843 τοῦ
1163 1795 1525 1864 μοναστηρίου
1550 1796 1753 1863 ἄκυρον
1779 1795 1937 1850 ἔστω.

2118 1605 2345 1661 ARIST.
2391 1625 2409 1657 ι
2444 1603 2609 1660 Juxta
2666 1608 2812 1674 quod
2872 1607 3083 1662 sanctis
3130 1608 3391 1675 apostolis
3437 1607 3615 1661 visum

2053 1718 2072 1750 ι
2112 1711 2213 1763 ρει,
2240 1699 2601 1769 quodcunque
2632 1700 2698 1754 ab
2728 1700 2984 1769 episcopo
3016 1699 3097 1753 vel
3136 1700 3449 1753 monasterii
3482 1715 3619 1766 prae-

2054 1812 2073 1845 ι
2114 1794 2252 1847 lecto
2305 1809 2368 1846 ex
2422 1793 2737 1862 episcopatu
2796 1792 2877 1845 vel
2940 1792 3273 1845 monasterio
3327 1790 3615 1852 alienatur,

446 1894 470 1923 ,n
508 1876 618 1927 Kal.
650 1878 677 1929 ὁ
701 1878 859 1930 τοῦτο
886 1881 1056 1934 ποιῶν
1097 1883 1395 1948 ἐπίσκοπος
1425 1886 1459 1957 ἧ
1508 1886 1810 1957 ἡγούμενος
1852 1890 1938 1941 ἐκ·

2055 1906 2072 1934 ι
2122 1886 2333 1938 irritum
2368 1886 2458 1939 sit.
2497 1885 2561 1938 Et
2605 1885 2895 1953 cpiscopus
2930 1884 3013 1937 Vt'l
3048 1883 3356 1952 prazfectus,
3390 1884 3483 1952 qui
3516 1885 3620 1939 hoc

449 1988 466 2014 ι
508 1969 813 2025 διωκέσοω.
848 1991 867 2022 ι

440 2059 524 2112 Τὰ
558 2061 663 2114 τῶν
711 2064 1018 2133 ἐκκλησιῶν
1052 2068 1357 2137 πράγματα
1396 2071 1737 2140 ἀνεκποίητα
1797 2066 1936 2126 εἶναι

366 2153 663 2220 ὀφείλουσι,
688 2156 782 2208 καὶ
817 2157 1050 2225 μάλιστα
1086 2160 1153 2213 τὰ
1202 2161 1523 2231 αὐτούργια.
1581 2165 1720 2217 Ὅσα
1744 2165 1799 2217 δὲ
1830 2164 1937 2218 τῶν

366 2246 645 2314 ἀκινήτων
700 2250 839 2301 εἰσὶν
893 2252 1120 2321 ἀκερδῆ,
1152 2255 1243 2306 καὶ
1280 2254 1483 2322 ζημίαν
1542 2259 1607 2325 τῇ
1640 2258 1938 2329 Ἐκκλησία

365 2338 665 2405 ἐπάγοντα.
695 2342 754 2393 οὑ
789 2346 902 2398 τοῖς
932 2345 1072 2397 κατά
1104 2346 1268 2398 τόπον
1326 2346 1584 2417 ἄρχουσιν
1617 2349 1938 2419 ὲκδοθήσονο

363 2448 477 2493 ται,
531 2432 669 2484 ἀλλά
699 2434 1040 2505 κληρικοῖςῆ
1099 2440 1398 2507 γεωργοῖς·
1436 2441 1462 2490 ὀ
1496 2439 1552 2491 δὲ
1583 2443 1937 2509 παραϐαίνων

364 2524 433 2574 τὰ
473 2525 783 2593 ὁρισίιέντα.
820 2529 867 2579 εἰ
908 2528 982 2597 μὴ
1018 2530 1315 2592 ἑπίσκοπὸς
1345 2530 1520 2595 ἐστιν,
1548 2510 1936 2604 ’ἐκδιωχοήσε-

364 2633 457 2668 ται
482 2616 578 2669 τοῦ
614 2619 989 2683 ὲπισκοπείου,
1017 2623 1064 2673 εἰ
1095 2621 1150 2674 δὲ
1179 2622 1502 2693 ἡγούμενος,
1538 2625 1632 2678 τοῦ
1670 2644 1938 2697 μοναστη-

366 2711 504 2780 ρίου,
544 2710 621 2775 ὠς
648 2711 1132 2777 διασκοοπίζοντες
1162 2716 1345 2779 κακῶς
1376 2717 1411 2771 ἃ
1443 2720 1502 2771 οὐ
1537 2720 1864 2791 συνήγαγον.

961 2891 1199 2948 ΚᾹΝΩΝ
1238 2892 1337 2948 ΙΓ’.

362 3089 383 3122 ι
440 3071 659 3143 Ἐπειδὴ
714 3073 799 3128 διὰ
829 3077 929 3142 τὴν
984 3078 1284 3148 γενομένην
1347 3080 1491 3132 κατὰ
1531 3081 1626 3144 τὰς
1656 3082 1933 3151 ἁμαρτίας

439 3188 459 3215 ‹
500 3170 656 3236 ἡμῶν
680 3172 968 3241 συμφορὰν
994 3174 1052 3226 ὲν
1074 3177 1196 3237 ταῖς
1225 3174 1543 3245 ἐκκλησίαις
1573 3178 1934 3251 καθηρπάγη·

437 3282 457 3309 ι
503 3262 602 3315 σάν
631 3279 776 3327 τινες
799 3264 1019 3333 εὐαγεῖς
1047 3262 1185 3320 οἶκοι
1218 3268 1324 3321 ὑπὸ
1362 3287 1524 3322 τινων
1557 3271 1787 3341 ἀνδρῶν.
1820 3275 1938 3325 ὲπι-
1964 3279 2009 3337 C

437 3373 457 3401 ε
500 3355 727 3407 σκοπεῖά
760 3373 817 3408 τε
843 3358 937 3408 καὶ
986 3361 1340 3428 μοναστήρια.
1375 3364 1467 3415 καὶ
1501 3364 1747 3430 ἐγένοντο
1776 3366 1934 3419 κοινὰ

436 3466 454 3494 ε
501 3447 852 3512 καταγώγια·
884 3448 935 3499 εἰ
969 3449 1065 3515 μὲν
1089 3452 1138 3503 οἱ
1168 3442 1581 3521 διακρατοῦντες
1602 3455 1771 3509 ταῦτα
1802 3474 1934 3527 προ-

434 3557 456 3588 ‹
493 3540 770 3607 αιροῦνται
792 3541 1124 3603 ἀποδιδόναι,
1144 3544 1229 3595 ἵνα
1250 3548 1392 3598 κατά
1408 3546 1467 3598 τὸ
1485 3548 1706 3616 ἀρχαῖον
1726 3549 1934 3603 ἀποκα-

434 3646 455 3678 c
488 3628 851 3692 τασταῦὦσιν,
890 3629 948 3683 εὖ
981 3633 1074 3685 καί⁸
1104 3634 1283 3697 καλῶς
1309 3634 1421 3704 ἔχει
1443 3654 1455 3666 ·
1485 3639 1534 3691 εί
1563 3639 1617 3690 δὲ
1648 3640 1719 3709 μή
1750 3657 1835 3707 γε,
1882 3642 1932 3694 εἰ

436 3742 452 3770 ι
500 3719 598 3788 μὲν
625 3720 1036 3790 τοῦικαταλόγου
1049 3725 1141 3776 τοῦ
1163 3726 1433 3795 ἱερατικοῦ
1451 3730 1577 3793 είσι,
1598 3731 1817 3794 τούτους
1834 3750 1935 3785 κα-

436 3829 455 3860 ι
495 3810 818 3879 θαιρεῖσοαι,
850 3813 924 3876 ὡς
951 3814 1111 3880 ὄντας
1133 3819 1494 3888 κατακρίτους
1516 3822 1621 3874 ἀπὸ
1642 3822 1734 3875 τοῦ
1760 3823 1933 3875 Πατέ-

434 3922 453 3952 ‹
493 3921 605 3971 ρος,
624 3904 716 3957 καὶ
744 3905 835 3957 τοῦ
872 3906 1023 3969 Υίοῦ,
1042 3910 1247 3962 καὶτοῦ
1276 3911 1432 3978 ἁγίου
1466 3911 1798 3982 Πνεῦματος,
1839 3916 1932 3967 καὶ

439 4014 457 4045 ι
493 3996 860 4065 τετάχθωσαν,
894 3998 1030 4052 ὅπου
1065 4000 1093 4051 ὁ
1144 4000 1358 4071 σκώληξ
1383 4002 1443 4055 οὐ
1470 4004 1718 4074 τελευτᾷ,
1747 4006 1840 4058 καὶ
1871 4006 1931 4058 τὺ

435 4107 451 4135 ι
498 4087 609 4157 πῦρ
663 4089 722 4139 οὐ
786 4089 1102 4143 σϐέννυται·
1137 4092 1217 4145 ὃτι
1266 4097 1332 4164 τῇ
1390 4095 1483 4147 τοῦ
1525 4097 1730 4162 Κυρίου
1778 4100 1927 4167 φωνῇ

435 4201 452 4228 σ
494 4180 886 4246 ἐναντιοῦνται,
931 4184 996 4251 τῇ
1054 4182 1322 4255 λεγούσῃσ
1362 4204 1380 4236 ι
1434 4186 1524 4257 Μὴ
1571 4192 1771 4241 ποιεῖτε
1838 4190 1931 4243 τὸν

432 4290 451 4320 ε
494 4266 640 4324 οἷκον
672 4271 766 4324 τοῦ
798 4273 1011 4342 Πατρός
1040 4291 1142 4342 μου
1174 4271 1321 4327 οἷκον
1362 4277 1650 4348 ἐμπορίου.
1690 4298 1708 4330 ›

423 4363 625 4415 ΒΑΛΣ.
653 4363 749 4415 Διὰ
807 4363 907 4434 τὴν
954 4363 1065 4416 τῶν
1115 4365 1484 4436 εἰκονομάχων
1518 4367 1712 4436 μανίαν
1748 4366 1930 4420 πολλοὶ

344 4452 631 4523 ὀρθόὸοξοι
663 4454 727 4505 ὲκ
754 4452 862 4505 τῶν
911 4453 1229 4507 ἐπισκοπῶν
1270 4456 1364 4508 καὶ
1414 4456 1522 4509 τῶν
1555 4457 1929 4528 μοναστηρίων

345 4544 537 4601 αὐτῶν
591 4544 856 4612 φυγόντες
884 4544 964 4606 εἰς
990 4545 1056 4597 τὰ
1084 4544 1185 4615 ὅρη
1219 4536 1928 4619 κατέλαϐοθΚατεσχέθη-

350 4656 459 4692 σαν
482 4633 575 4690 οὖν
596 4638 645 4690 οἱ
679 4639 894 4704 εὐαγεῖς
927 4631 1074 4691 οὗτοι
1109 4634 1248 4692 οἶκοι
1279 4640 1374 4694 καὶ
1401 4642 1567 4713 ἕτερα
1615 4644 1739 4714 ίερά
1770 4660 1929 4714 φρονο

346 4732 609 4800 τιστήρια
629 4730 779 4799 παρά
804 4746 986 4795 τινων,
1020 4731 1112 4781 καὶ
1136 4731 1383 4798 ἐγένοντο
1409 4733 1652 4802 κοσμικά
1679 4733 1930 4801 καταγώ-

348 4839 473 4890 για.
506 4822 593 4874 Διὸ
616 4823 709 4874 καὶ
730 4821 939 4890 ὥρισαν
970 4823 1017 4874 οἱ
1053 4822 1297 4892 Πατέρες
1322 4825 1768 4896 ἀποκαταστῆναι
1788 4827 1930 4881 αὐτά

348 4914 437 4974 εἰς
464 4911 560 4981 τὴν
584 4912 821 4983 ἀρχαίαν
851 4913 1189 4968 κατάστασιν
1213 4932 1225 4945 ο
1262 4917 1388 4978 τοὺς
1416 4916 1471 4969 δὲ
1509 4915 1583 4986 μὴ
1616 4917 1930 4972 εὖπειθοῦν-

348 5020 455 5062 τας
484 5005 619 5075 πρὸς
651 5005 829 5069 τοῦτο,
858 5005 993 5058 ἀλλὰ
1016 5008 1410 5077 ἀντεχομένους
1440 5010 1532 5062 τοῦ
1556 5011 1749 5075 κακοῦ,
1772 5012 1931 5081 ἱερω-

352 5084 558 5168 μὲνους
596 5100 695 5167 μὲν
727 5100 909 5162 ὄντας,
954 5101 1362 5172 καθαιρεῖσθαι,
1403 5103 1622 5166 λαῖκοὺς
1674 5106 1789 5178 aut
1835 5126 1928 5177 μο-

350 5189 575 5257 ναχοὺς,
601 5189 980 5259 ἀφορίζεσθαι.
1033 5192 1144 5245 Καὶ
1166 5192 1337 5245 ταῦτα
1365 5194 1463 5261 μὲν
1512 5194 1929 5266 ἐξεφωνήθησαν

555 5279 565 5296 .
1206 5282 1228 5300 ο.

349 5279 494 5348 πρὸς
515 5297 615 5344 την
653 5281 776 5333 τότε
810 5281 1169 5335 κατάστασιν.
1235 5282 1473 5337 Ελκυσον
1516 5283 1572 5336 δὲ
1607 5286 1697 5337 τὸν
1728 5287 1927 5340 κανόνα

347 5371 453 5424 καὶ
483 5370 564 5422 ei:
588 5370 713 5432 τοὺς
742 5371 1072 5440 κατέχοντας
1105 5372 1226 5441 ἱερὰ
1261 5376 1652 5445 φροντιστήρια
1688 5378 1927 5448 σήμερον

352 5462 690 5517 κοινωθέντα
730 5463 787 5529 ἐξ
808 5464 1109 5534 ἐπιδρομῆς
1139 5465 1335 5521 ἐθνῶν.
1389 5467 1520 5519 Οὐδὲ
1576 5468 1682 5538 γὰρ
1714 5468 1927 5540 ἔχουσιν

350 5555 534 5608 εἰπεῖν
566 5554 638 5625 μὴ
681 5558 809 5627 παρ’
846 5556 1025 5611 αὐτῶν
1073 5557 1411 5630 τολμηοῆναι
1447 5559 1508 5613 τὸ
1559 5562 1747 5626 κακὸν,
1804 5563 1931 5616 κάν-

429 5715 473 5743 ⁶⁶
512 5710 670 5767 Joan.
706 5729 781 5780 τι,
821 5714 901 5767 16.

2050 1994 2069 2026 ι
2111 1975 2320 2038 fecerit,
2354 1974 2681 2043 expellatur.
2725 1991 2744 2024 ι

2112 2064 2476 2119 Ecclesiarum
2508 2065 2672 2129 bona,
2707 2076 2759 2118 et
2796 2065 3097 2134 pnesertim
3131 2064 3354 2134 prmdia,
3387 2063 3612 2118 alienari

2041 2172 2147 2211 non
2185 2157 2402 2211 debent.
2432 2156 2783 2223 Quatcunque
2814 2163 2995 2208 autent
3050 2155 3345 2210 immobilia
3400 2155 3613 2209 inutilia

2040 2260 2187 2313 sunt,
2220 2258 2272 2302 et
2304 2249 2560 2302 damnum
2590 2246 2836 2302 ecclesia:
2861 2247 3095 2301 aﬂ‘eruut
3118 2288 3132 2309 ,
3168 2262 3273 2302 non
3305 2246 3408 2301 loci
3445 2245 3616 2314 magi-

2041 2340 2302 2394 stratibus
2332 2382 2347 2405 ,
2401 2339 2493 2393 sed
2538 2339 2753 2393 clericis
2796 2350 2887 2392 aut
2947 2339 3204 2408 agricolis
3256 2340 3610 2393 locabuntur.

2039 2432 2139 2496 Qui
2171 2439 2350 2483 autem
2406 2430 2616 2482 decreta
2672 2431 3084 2498 transgreditur,
3123 2430 3167 2483 si
3219 2430 3436 2498 quidem
3495 2428 3610 2497 epi-

2041 2536 2243 2591 scepus
2269 2530 2373 2587 est,
2403 2522 2724 2574 exturbetur
2747 2522 3028 2591 PpiSCOpiO
3056 2538 3071 2573 :
3100 2522 3182 2574 sin
3215 2529 3394 2573 autem
3424 2534 3614 2572 tnoua-

2037 2612 2185 2665 sterii
2217 2613 2526 2681 prm‘icctus,
2560 2598 2911 2676 monasterio,
2951 2620 3006 2664 ut
3033 2612 3125 2681 qui
3158 2612 3297 2664 male
3335 2610 3605 2679 dissipant

2038 2721 2159 2776 qua:
2196 2722 2300 2761 ιιοη
2332 2720 2754 2775 congregavere.

2603 2877 2830 2933 CANON
2888 2877 3028 2931 XIII.

2042 3078 2063 3113 ι
2101 3060 2367 3126 Quoniam
2401 3068 2624 3129 propter
2672 3074 2789 3113 eam
2830 3073 2949 3125 qua:
2984 3058 3120 3109 facta
3157 3065 3240 3111 est
3272 3057 3340 3108 oh
3390 3064 3607 3125 peccata

2111 3171 2129 3203 ι
2170 3161 2353 3207 nostra
2402 3152 2454 3205 in
2500 3151 2746 3205 ecclesiis
2786 3147 3175 3211 calamitatem,
3246 3142 3610 3203 sacrosancta:

2116 3266 2132 3292 ι
2175 3245 2418 3315 qumdam
2469 3244 2611 3298 ardes
2665 3260 2693 3297 a
2743 3242 3071 3311 quibusdam
3136 3240 3268 3294 viris
3332 3249 3599 3308 correptae

2118 3359 2136 3391 ‹
2182 3347 2329 3401 sunt,
2363 3344 2416 3390 et
2450 3335 2718 3404 episcopia
2749 3342 2805 3389 et
2837 3334 3187 3395 monasteria,
3216 3341 3269 3385 et
3292 3324 3606 3384 communia

2112 3454 2127 3481 ι
2173 3430 2310 3485 facta
2345 3426 2690 3490 diversoria;
2744 3426 2828 3489 si,
2866 3426 2955 3494 qui
3008 3440 3069 3479 ea
3118 3422 3338 3493 quidem
3381 3430 3606 3487 tenent,

2110 3545 2127 3574 ι
2170 3524 2361 3577 volunt
2393 3520 2641 3583 reddere,
2672 3517 2812 3572 utin
2857 3516 3146 3586 pristinum
3200 3523 3405 3569 statum
3446 3514 3612 3571 resti-

2114 3634 2131 3665 ι
2172 3622 2416 3674 tuantur,
2453 3614 2585 3665 bene
2612 3619 2665 3664 et
2704 3608 2924 3679 pulchre
2956 3608 3158 3661 habet:
3197 3606 3283 3659 sin
3318 3605 3516 3663 minus.
3561 3603 3605 3659 si

2114 3726 2130 3755 ι
2174 3706 2283 3759 sint
2309 3704 2525 3773 quidem
2566 3699 2922 3755 sacerdotalis
2952 3698 3207 3765 catalogi,
3254 3710 3349 3750 eos
3402 3694 3601 3763 deponi

2112 3819 2131 3851 ι
2167 3798 2419 3867 jubemus
2446 3812 2460 3861 ;
2492 3794 2575 3849 sin
2614 3806 2743 3846 vero
2773 3789 3023 3844 monachi
3068 3789 3150 3843 vel
3209 3787 3376 3849 laici,
3423 3799 3612 3854 segre-

2111 3911 2128 3942 ‹
2165 3890 2299 3958 gari,
2332 3896 2390 3941 ut
2419 3887 2511 3956 qui
2546 3901 2574 3938 a
2604 3886 2782 3947 Patre,
2806 3890 2858 3934 et
2886 3881 3044 3947 Filio,
3083 3886 3137 3933 et.
3174 3877 3376 3947 Spiritu
3413 3883 3608 3930 sancto

2115 4000 2131 4030 ‹
2167 3976 2509 4035 condemnati
2544 3977 2672 4033 siut,
2696 3979 2749 4025 et.
2782 3972 3109 4037 deputentur
3135 3967 3224 4021 ubi
3265 3965 3468 4018 vermis
3497 3978 3605 4016 non

2108 4092 2125 4123 ι
2167 4073 2415 4130 moritur,
2448 4082 2547 4121 nec
2577 4064 2716 4130 ignis
2758 4058 3152 4128 exstinguitur;
3194 4056 3318 4131 quia
3355 4054 3468 4108 voci
3507 4052 3605 4108 Do-

2106 4182 2124 4212 ρ
2178 4160 2305 4213 mini
2340 4159 2723 4219 adversantur,
2758 4168 2877 4221 quae
2912 4151 3074 4205 dicit:
3114 4168 3131 4198 ι
3169 4146 3246 4201 Ne
3298 4146 3460 4199 facite
3508 4146 3606 4200 do-

2106 4274 2124 4307 ‹
2170 4268 2312 4306 mum
2352 4250 2527 4303 Patris
2561 4248 2663 4301 mei
2702 4247 2922 4299 domum
2957 4242 3341 4312 negotiationis
3370 4240 3416 4269 “
3450 4278 3465 4293 .
3508 4258 3528 4291 ι

2100 4344 2290 4398 BALS.
2323 4341 2551 4410 Propter
2581 4337 2926 4392 inimicorum
2958 4334 3253 4403 imaginum
3309 4331 3601 4397 insaniam,

2030 4436 2185 4492 multi
2218 4432 2509 4490 orthodoxi
2537 4444 2604 4485 ex
2633 4427 2749 4483 suis
2777 4424 3185 4494 episcopatibus
3233 4429 3288 4476 et
3330 4429 3604 4475 monaste-

2029 4530 2127 4583 riis
2160 4526 2425 4597 fugientes
2459 4530 2669 4576 montes
2701 4524 3134 4587 occupaverunt.
3161 4515 3441 4582 Correptae
3470 4520 3599 4567 sunt

1961 4611 2006 4667 Ῑ)
2035 4637 2163 4690 ergo
2204 4624 2569 4673 sacrosanctae
2601 4614 2716 4669 ista:
2750 4608 2892 4665 mdes
2941 4625 2970 4663 a
3006 4608 3336 4678 quibusdam
3367 4647 3382 4673 ,
3412 4615 3467 4660 et
3496 4604 3600 4659 alia

2032 4727 2187 4767 sacra
2225 4710 2538 4764 divinorum
2576 4702 3016 4760 meditandorum
3053 4701 3166 4754 loca
3192 4742 3206 4762 ,
3235 4707 3289 4755 et
3321 4697 3600 4754 saecularia

2033 4806 2171 4861 facta
2205 4800 2537 4857 habitacula.
2566 4795 2929 4864 Quamobrem
2964 4794 3147 4847 Patres
3172 4793 3597 4854 constituerunt,

2032 4909 2092 4953 ut
2126 4912 2187 4952 ea
2220 4896 2272 4950 in
2304 4892 2585 4962 antiquum
2637 4888 2797 4959 313
2846 4895 3043 4941 statum
3090 4888 3448 4939 restituantur
3493 4900 3508 4937 :
3562 4884 3600 4937 li

2032 5001 2209 5045 autem
2243 4987 2336 5058 qui
2373 5000 2480 5039 non
2510 4981 2791 5042 obediunt,
2827 4976 2920 5032 sed
2953 4979 3005 5030 in
3061 4976 3201 5029 malo
3254 4977 3552 5043 persistunt
3580 5011 3598 5035 ,

2032 5087 2077 5141 si
2106 5083 2216 5137 sint
2249 5077 2466 5149 quidem
2495 5073 2671 5143 sacris
2701 5067 2930 5135 initiati,
2967 5067 3304 5137 deponantur
3329 5084 3341 5118 :
3366 5067 3446 5119 sin
3474 5081 3603 5120 vero

2030 5175 2156 5231 laici
2193 5172 2278 5226 vel
2314 5166 2614 5229 monachi,
2669 5167 3047 5232 segregentur.
3092 5158 3160 5212 Et
3208 5157 3323 5213 hac
3377 5157 3597 5227 quidem

2030 5269 2173 5321 dicta
2206 5275 2329 5317 sunt
2368 5260 2433 5314 ad
2466 5274 2610 5321 eam,
2641 5269 2761 5326 qua;
2793 5262 2921 5307 tunc
2951 5251 3094 5313 fuit,
3128 5265 3309 5305 rerum
3340 5250 3600 5304 constitu-

2030 5360 2253 5412 tionem.
2286 5349 2525 5405 Extende
2554 5356 2736 5401 autem
2766 5357 3032 5398 canonem
3064 5342 3225 5395 etiam
3264 5342 3328 5395 ad
3356 5357 3475 5406 eos,
3503 5339 3597 5410 qui

2029 5450 2192 5506 hodie
2219 5459 2408 5502 sacras
2454 5442 2596 5496 aedes
2641 5446 2826 5493 tenent
2851 5477 2865 5500 ,
2899 5451 2966 5490 ex
2999 5434 3235 5504 gentium
3290 5433 3603 5488 incursione

2028 5541 2344 5615 profanatas
2373 5544 2427 5593 et
2454 5545 2772 5590 communes
2799 5526 3043 5584 eﬂ‘ectas.
3081 5525 3263 5597 Neque
3295 5526 3436 5582 enim
3473 5540 3599 5596 pos-
