4074 6214
199 320 303 385 961

1196 326 1279 389 IN
1316 325 1483 387 CAN.
1526 324 1659 385 XIV
1696 321 1905 383 CONC.
1947 323 2056 384 VII
2083 324 2437 385 (ECUMEN.

3323 330 3427 391 9(ιὲ

198 441 355 495 εἷπον
381 455 396 469 ⁸
428 439 551 503 τοὺς
577 439 635 493 δὲ
670 442 806 508 μετά
864 441 1157 517 Τρισαγίου
1188 446 1763 515 μελανειμονήσαντας

1866 443 2111 496 habitum
2154 445 2491 497 scenicorum
2530 442 2702 497 instar
2741 443 3001 497 ludificari
3035 447 3242 513 possit;
3279 449 3421 514 quod

196 532 561 593 ἁδιαστίκτως
587 530 729 599 λέγω
754 533 826 603 μὴ
859 534 1117 588 δύνασθαι
1152 531 1758 605 μετασχηματίζεσθαι.

195 624 306 678 Τοῦ
361 625 415 676 δὲ
454 625 679 687 κανόνος
712 624 965 689 λέγοντος
1018 627 1104 680 ἐπ’
1152 628 1331 689 ἀδείας
1390 627 1533 691 ἔχειν
1590 625 1765 678 πάντα.

194 717 609 786 καθηγούμενον
633 719 1030 786 σφραγισθέντα
1056 721 1207 789 παρά
1241 721 1559 790 ἀρχιερέως,
1581 719 1766 788 δηλον-

194 810 283 861 ότι
320 809 444 862 ὄντα
507 809 677 877 ἱερέα,
709 810 1053 877 ἀναγνώστας
1086 815 1257 865 ποιεῖν
1316 813 1581 881 μοναχοὺς
1613 810 1764 872 ἐντος

106 964 124 973 -
194 903 298 969 τῆς
342 901 553 963 οἰκείας
597 902 763 972 μονῆς
812 904 906 955 καὶ
940 905 1129 973 μόνης,
1178 905 1451 975 ἐζήτησάν
1500 920 1664 967 τινες,
1712 904 1762 955 εί

194 995 411 1060 ἐφεῖται
443 994 590 1059 αὐτῷ
621 994 739 1063 ἅμα
791 996 868 1065 τῷ
928 996 1330 1066 σφραγισθῆναι
1374 995 1532 1048 τοῦτο
1573 998 1760 1060 ποιεῖν,

194 1088 292 1139 καὶ
322 1086 442 1154 δίχα
478 1087 648 1155 ῥητῆς
670 1088 971 1157 ἐπιτροπῆς
1000 1088 1094 1141 τοῦ
1119 1089 1417 1160 ἀρχιερέως
1445 1106 1460 1154 ;
1486 1088 1593 1141 Καί
1620 1105 1761 1151 τινες

192 1179 297 1245 μὲν
354 1174 509 1231 εἷπον
559 1181 947 1233 ἐπακολουθεῖν
1006 1182 1297 1251 σιωπηρῶς
1350 1183 1443 1234 καὶ
1497 1181 1653 1233 τοῦτο
1695 1184 1761 1250 τῇ

191 1274 507 1343 χειροθεσίᾳ
534 1276 631 1342 τῆς
672 1274 1059 1343 ὴγουμενείας,
1111 1274 1187 1336 ὠς
1227 1273 1321 1326 τοῦ
1349 1275 1571 1334 κανόνος
1602 1273 1762 1325 πλέον

190 1381 246 1414 τι
304 1363 380 1434 μὴ
417 1365 871 1433 προστιθεμένου,
912 1365 1182 1435 χρώμενοι
1208 1365 1400 1434 καὶτῷ
1441 1363 1517 1416 κδ’
1578 1366 1761 1417 κανόνι

191 1455 294 1523 τῆς
326 1458 384 1508 ἐν
408 1457 696 1527 Λαοδικείᾳ
722 1458 942 1509 συνόδου
975 1460 1052 1521 εἰς
1088 1458 1453 1526 συγκρότησιν
1481 1456 1574 1509 τοῦ
1604 1457 1760 1523 λόγου

191 1546 396 1600 αὐτῶν.
418 1548 729 1600 Ἀντέθεντο
756 1550 811 1600 δέ
843 1551 931 1602 καὶ
961 1549 1137 1618 ἐτεροι
1171 1549 1268 1612 ὼς,
1300 1550 1423 1600 ἐπεὶ
1448 1548 1540 1600 καὶ
1570 1550 1598 1601 ό
1634 1549 1763 1600 ἀνα-

190 1638 442 1708 γνώστης
477 1640 735 1708 κληρικός
767 1644 936 1701 ἐστιν,
989 1642 1194 1706 ὀφείλει
1241 1638 1300 1703 ἐξ
1344 1638 1588 1708 ἀνάγκης
1625 1638 1761 1706 μετὰ

190 1729 537 1799 χειροθεσίας
582 1732 888 1783 ἐπισκόπου
920 1731 951 1800 ἢ
982 1731 1283 1802 ἐπιτροπῆς
1326 1729 1488 1783 αὐτοῦ
1530 1730 1761 1797 σφραγί-

1822 594 1827 601 ,
1871 549 2010 601 sape
2039 538 2196 587 etiam
2229 534 2296 588 de
2325 536 2603 588 monachis
2631 537 2735 589 dixi
2769 554 2782 592 :
2811 552 2904 590 eos
2936 547 3135 599 autem,
3171 541 3259 605 qui
3294 556 3419 594 cum

1871 628 2094 696 trisagro
2132 626 2301 695 nigris
2333 628 2573 681 vestibus
2627 627 2798 682 induti
2840 627 3061 691 fuerint,
3112 629 3422 688 indistincte

1870 718 1992 773 dico
2027 719 2268 773 habitum
2302 728 2508 773 mutare
2536 734 2641 773 non
2676 736 2853 789 posse.
2877 722 3011 774 Cum
3038 732 3217 775 autem
3251 739 3425 777 canon

1868 810 2031 875 dicat,
2064 812 2223 865 licere
2258 813 2429 866 cuivis
2445 812 2753 865 monasterii
2779 813 3052 882 praefecto,
3084 816 3173 883 qui
3195 818 3261 867 ab
3285 817 3425 868 anti-

1875 903 2003 959 stite
2032 904 2400 960 characterem
2445 905 2729 974 acceperit,
2771 907 3023 960 sacerdos
3071 908 3280 960 scilicet
3314 922 3430 961 mo-

1868 996 2077 1052 nachos
2105 997 2333 1051 lectores
2363 996 2541 1051 facere
2563 998 2702 1051 intra
2734 999 3119 1052 monasterium
3150 1007 3203 1052 et
3229 998 3428 1065 solum;

1868 1088 2237 1156 quaesiverunt
2282 1088 2548 1155 nonnulli,
2601 1104 2669 1142 an
2727 1082 2797 1143 sit
2843 1092 2891 1143 ei
2950 1090 3274 1159 permissum
3326 1092 3429 1144 hoe

1868 1177 2064 1243 facere,
2095 1197 2217 1234 cum
2242 1181 2473 1250 primum
2516 1182 2885 1236 characterem
2911 1183 3233 1252 susceperit,
3265 1182 3425 1236 etiam

1869 1271 1986 1325 sine
2030 1287 2284 1340 expressa
2335 1273 2593 1326 antistitis
2651 1273 3049 1342 permissione?
3081 1274 3142 1327 Et
3174 1275 3431 1327 dixerunt

1869 1360 2083 1429 quidem
2134 1362 2400 1428 nonnulli,
2437 1363 2769 1432 praefectum
2813 1380 3068 1418 manuum
3128 1365 3429 1434 impositio-

1868 1468 1988 1504 nem
2016 1453 2116 1505 hoc
2143 1469 2359 1522 quoque
2390 1456 2549 1509 tacite
2573 1457 2855 1525 consequi.
2892 1467 3076 1525 utpote
3103 1473 3224 1510 cum
3253 1473 3427 1509 canon

1869 1542 2001 1595 nihil
2041 1544 2180 1599 ultra
2214 1545 2433 1613 adjiciat
2466 1557 2719 1602 :utentes
2744 1558 2799 1601 et
2854 1564 3063 1603 canone
3116 1548 3186 1601 9.4
3234 1550 3427 1619 synodi

1868 1633 2185 1689 Laodicenae
2212 1638 2278 1691 ad
2318 1638 2370 1692 id
2405 1640 2548 1707 quod
2591 1640 2779 1693 dicunt
2824 1639 3273 1693 confirmandum.
3323 1639 3428 1692 Alii

1867 1736 2046 1779 autem
2091 1739 2281 1783 eontra
2328 1733 2690 1799 opponebam,
2740 1732 2885 1799 quod
2938 1730 3195 1799 quoniam
3258 1729 3431 1783 lector

192 1823 385 1883 ζεσθαι
417 1839 429 1852 ·
466 1823 586 1875 ὅθεν
623 1826 717 1875 καὶ
749 1826 775 1876 ό
816 1823 1230 1892 καθηγούμενος
1262 1824 1383 1875 τότε
1411 1823 1759 1890 ἀναγνώστου

1867 1832 2085 1885 quoque
2113 1827 2195 1871 est
2228 1819 2482 1885 clericus,
2510 1821 2671 1874 debet
2701 1823 3014 1875 necessario
3040 1837 3160 1874 cum
3188 1822 3427 1891 episeopi
3474 1870 3477 1875 .

156 1908 537 1977 ’χειροθεσίαν
564 1913 779 1980 ποιήσει
843 1913 900 1963 ἐν
946 1912 1021 1979 τῷ
1078 1912 1192 1981 ίδίῳ
1242 1911 1603 1981 μοναστηρίῳ,
1636 1912 1764 1963 ὅταν

188 1999 288 2052 καὶ
321 1998 478 2051 τοῦτο
506 2002 652 2069 παρὰ
703 2003 796 2054 τοῦ
853 2003 982 2055 ἰδίου
1040 2003 1338 2072 ἀρχιερέως
1374 2005 1667 2073 ἐπιτραπῇ.
1700 2002 1763 2055 Εἰ

188 2093 270 2163 μὴ
304 2094 412 2161 γὰρ
443 2092 599 2145 τοῦτο
636 2094 881 2162 εἴπωμεν
914 2096 1278 2163 δικαιώσομεν
1305 2094 1364 2157 ἐξ
1398 2097 1643 2163 ἀνάγκης
1670 2096 1766 2146 αὑ-

188 2183 283 2235 τὸν
338 2185 590 2253 δέχεσθαι
644 2189 810 2255 χωρὶς
864 2189 1169 2255 ἐπιτροπῆς
1222 2185 1615 2255 ἀρχιερατικῆς
1671 2188 1764 2239 καὶ

184 2277 317 2337 τοὺς
342 2276 635 2345 λογισμοὺς
664 2279 771 2330 τῶν
801 2278 1055 2347 μοναχῶν
1080 2280 1241 2331 αὐτοῦ
1272 2280 1364 2330 καὶ
1384 2279 1606 2347 ἐτέρων,
1631 2281 1765 2348 ὅπερ

196 2370 490 2424 ἀδύνατον.
530 2373 728 2434 Μόνοις
757 2375 866 2443 γάρ
896 2375 1007 2435 τοῖς
1056 2374 1371 2442 ἀρχιερεῦσι
1401 2374 1490 2424 καὶ
1521 2375 1632 2432 τοῖς
1671 2374 1762 2423 ἐκ-

194 2465 497 2532 χωρηθεῖσι
530 2467 678 2534 παρὰ
707 2466 914 2518 τούτων
980 2465 1213 2535 ἱερεῦσιν
1244 2465 1599 2533 ἐφιλοτιμήθη
1632 2466 1764 2516 ἅνω-

190 2554 287 2606 θεν
327 2556 386 2606 τὸ
428 2555 647 2624 δεσμεῖν
677 2559 770 2609 καὶ
794 2558 965 2611 λύειν.
1005 2557 1127 2608 Τῶν
1163 2556 1216 2608 δὲ
1264 2556 1553 2608 ἀντιθέτων
1588 2557 1764 2607 εἰπόν-

184 2665 302 2701 των
328 2648 426 2711 ὡς,
463 2650 509 2701 εί
543 2652 704 2719 χρεία
729 2652 845 2703 ἐστὶ
882 2649 959 2719 τῷ
1003 2650 1400 2719 καθηγουμένῳ
1430 2649 1566 2718 πρὸς
1608 2647 1764 2702 τοῦ;ο

186 2743 289 2795 καὶ
336 2734 508 2809 ίδικῆς
548 2743 851 2811 ἐπιτροπῆς
886 2742 978 2795 τοῦ
1006 2742 1276 2813 ἐγχωρίου
1309 2742 1635 2804 ἐπισκόπου,
1683 2744 1760 2804 είς

185 2835 250 2886 τὸ
274 2834 443 2904 μηδὲν
478 2836 721 2904 καταντᾷ
746 2835 806 2886 τὸ
835 2833 984 2903 παρὰ
1014 2835 1107 2886 τοῦ
1133 2834 1355 2894 κανόνος
1387 2830 1766 2900 ἐπιφιλοτιμη-

187 2926 281 2979 θέν
310 2927 388 2997 τῷ
418 2928 842 2997 καθηγουμένῳ,
874 2929 1127 2979 ἀντεῖπον
1160 2927 1359 2977 ἐκεῖνοι
1385 2924 1467 2976 ὅτι
1498 2924 1594 2975 καὶ
1620 2922 1763 2975 οὕτω

189 3019 340 3087 μέγα
359 3020 565 3072 δίκαιον
594 3020 804 3073 δέδοται
834 3020 912 3089 τῷ
943 3017 1363 3088 καθηγουμένῳ.
1393 3014 1635 3085 Μηδενὸς
1657 3017 1761 3083 γὰρ

189 3108 383 3180 ἱερέως
424 3110 727 3179 δυναμένου
765 3110 1114 3178 ἀναγνώστου
1176 3108 1516 3179 χειροθεσίαν
1567 3110 1759 3172 ποιεῖν,

185 3200 294 3253 κᾶν
325 3204 603 3271 ἐπιτραπῇ
635 3202 794 3255 τοῦτο
851 3202 1003 3269 παρά
1052 3202 1375 3273 ἀρχιερέως,
1424 3200 1473 3251 οἱ
1508 3198 1762 3268 ῥηθέντες

182 3294 602 3363 καθηγοῦμενοι
633 3295 752 3348 καθ’
797 3294 1028 3366 ὁρισμὸν
1065 3291 1451 3364 ἀρχιερατικὸν
1497 3292 1653 3344 τοῦτο
1684 3292 1765 3344 ἐν·

185 3391 513 3459 εργήσουσι,
544 3389 678 3459 ὅπερ
723 3389 841 3439 ἐστὶ
891 3387 1234 3456 φιλοτίμημα
1280 3386 1468 3438 ίδικόν.
1528 3385 1681 3454 Ἐμοὶ
1708 3384 1764 3437 δέ

185 3484 543 3533 κατανοεῐται
570 3479 933 3541 ἀδιαστίκτως
964 3478 1246 3547 ἐνδοθῆναι
1280 3477 1436 3531 τοῦτο
1464 3481 1576 3540 τοῖς
1602 3478 1766 3547 ἡγου-

186 3575 383 3644 μένοις
418 3572 571 3641 παρά
600 3571 693 3624 τοῦ
723 3571 968 3634 κανόνος.
1010 3572 1132 3622 Ἔτι
1164 3569 1494 3639 ἀμφιϐολίας
1542 3568 1766 3635 γενομέ-

184 3684 289 3737 νης
319 3668 449 3735 περὶ
486 3666 581 3719 τοῦ
630 3666 675 3717 εί
722 3666 961 3732 γίνονται
1002 3662 1298 3733 ἡγούμενοι
1351 3662 1578 3731 ἀνίεροι,
1613 3656 1766 3712 εἶπόν

183 3775 339 3821 τινες
399 3759 495 3822 ὡς,
554 3758 678 3810 ἐπεὶ
734 3758 874 3810 κατά
926 3756 1254 3826 δοκιμασίαν
1310 3756 1403 3806 τοῦ
1467 3754 1763 3806 ἐπισκόπου

189 3854 613 3924 οφραγίζονται,
667 3852 883 3914 πάντως
927 3850 1234 3914 ἐπιλέξεται
1268 3850 1294 3900 ὁ
1328 3847 1622 3908 ἐπίσκοπος
1676 3846 1766 3898 τὸν

187 3946 590 4009 εὐδοκιμοῦντα
640 3944 774 4015 πρὸς
832 3943 1077 4012 ἰατρείαν
1122 3941 1328 4010 ψυχῶν,
1394 3939 1495 3991 κᾶν
1551 3937 1765 4007 ἀνίερός

188 4046 383 4094 ἐστιν·
434 4039 493 4090 οὐ
533 4040 641 4107 μὴν
687 4038 777 4089 τὸν
818 4033 1265 4106 χειροτονηθέντα
1299 4032 1393 4084 καὶ
1442 4032 1515 4101 μὴ
1561 4030 1767 4082 εὐδοκι-

192 4133 402 4201 μοῦντα
436 4146 451 4161 ·
481 4130 669 4199 ὥσπερ
696 4130 815 4181 οὑδέ
841 4130 870 4181 ό
895 4127 1062 4179 νοσῶν
1099 4124 1425 4209 σωματιηῶς
1460 4123 1550 4175 ἵνα
1581 4122 1765 4174 ἐπιλέ-

189 4231 353 4296 ξηται
385 4226 476 4277 τὸν
528 4223 663 4291 πρὸς
714 4221 1012 4290 θεραπείαν
1070 4218 1482 4286 ἀνεπιστήμονα
1539 4214 1667 4284 περὶ
1700 4214 1767 4267 τὰ

194 4317 443 4389 ἰατρικὰ,
478 4316 567 4368 δια
616 4313 676 4365 τὸ
733 4311 1030 4381 ἁρχιατρὸν
1085 4310 1247 4364 αὑτὸν
1299 4306 1765 4378 χειροτονηθῆναι,

190 4415 289 4465 καὶ
345 4406 685 4477 παραδράμῃ
746 4405 839 4456 τὸν
896 4402 1069 4465 δεξιὸν
1127 4402 1221 4453 καὶ
1274 4400 1644 4467 ἐπιστήμονα,
1694 4399 1767 4459 ὡς

1867 1923 2121 1961 manuum
2147 1908 2491 1978 impositione
2521 1913 2599 1965 vel
2618 1913 2734 1980 ejus
2764 1912 3121 1981 permissione
3144 1912 3431 1966 characte-

1865 2016 1978 2054 rem
2012 2002 2323 2070 suscipere;
2359 2004 2500 2056 unde
2527 2012 2580 2057 et
2612 2005 2925 2065 monasterii
2976 2004 3263 2074 praefectus
3295 2014 3426 2060 tunc

1866 2090 2081 2146 lectoris
2120 2093 2515 2148 ordinationem
2569 2096 2621 2149 in
2674 2111 2776 2149 suo
2833 2097 3163 2151 monasterio
3222 2097 3424 2160 faciet,

1864 2183 2081 2252 quando
2126 2185 2227 2240 hoc
2270 2201 2298 2238 a
2330 2187 2548 2255 proprio
2578 2187 2836 2257 episcopo
2860 2191 2906 2242 ei
2945 2192 3268 2258 permissum
3307 2191 3427 2244 fue-

1864 2276 1954 2330 rit.
1995 2276 2106 2330 Nisi
2137 2277 2279 2331 enim
2318 2278 2421 2333 hoc
2475 2279 2774 2351 dixerimus
2800 2322 2815 2345 ,
2859 2297 2980 2334 eum
3037 2298 3251 2352 quoque
3309 2284 3428 2338 sine

1863 2370 2158 2441 epiSCOpali
2219 2373 2578 2440 permissione
2637 2376 3029 2428 monachorum
3085 2392 3311 2431 suorum
3368 2387 3424 2431 et

1863 2464 2091 2518 aliorum
2127 2462 2499 2519 confessiones
2547 2466 2736 2520 audire
2788 2482 3001 2535 azquum
3058 2470 3427 2535 censebimus,

1862 2552 2005 2622 quod
2061 2554 2171 2606 fieri
2224 2568 2333 2606 non
2386 2563 2580 2622 potest.
2619 2553 2762 2609 Solis
2798 2557 2938 2609 enim
2973 2557 3326 2624 antistitibus,
3371 2572 3428 2614 et

1863 2646 2064 2713 quibus
2105 2645 2171 2699 ab
2218 2645 2354 2713 ipsis
2394 2646 2718 2715 permissum
2770 2646 2951 2711 fuerit,
3008 2649 3381 2704 sacerdotibus
3409 2690 3425 2712 ,

1862 2753 2100 2807 superne
2134 2754 2453 2793 concessum
2487 2749 2569 2793 est
2599 2740 2769 2808 ligare
2801 2750 2854 2795 et
2883 2741 3111 2799 solvere.
3154 2740 3289 2796 Cum
3326 2759 3428 2796 au-

1864 2841 1969 2885 tem
1996 2810 2236 2888 dixerint
2269 2834 2587 2898 adversarii,
2622 2834 2765 2904 quod
2800 2835 2845 2888 si
2880 2835 3195 2889 monasterii
3226 2838 3421 2902 praefe-

1861 2930 1947 2979 cto
1976 2940 2113 2994 opus
2142 2934 2227 2981 est
2255 2924 2475 2995 speciali
2500 2939 2717 2995 quoque
2741 2925 2884 2981 illius
2912 2914 3149 2993 regionis
3180 2927 3424 2994 episcopi

1862 3019 2238 3085 permissione,
2268 3019 2331 3073 ad
2366 3018 2500 3073 nihil
2535 3018 2674 3072 redit
2701 3019 2844 3088 quod
2875 3016 3129 3087 praefecto
3158 3033 3187 3071 a
3220 3034 3429 3072 canone

1864 3124 2180 3165 concessum
2208 3120 2290 3166 est
2319 3128 2332 3163 :
2371 3111 2445 3163 illi
2473 3118 2662 3164 contra
2696 3110 2973 3172 dixerunt,
3010 3110 3151 3179 quod
3191 3109 3271 3164 sic
3294 3126 3428 3178 quo-

1864 3217 1968 3271 que
2008 3218 2257 3273 magnum
2286 3203 2374 3270 jus
2397 3202 2557 3255 datur
2597 3200 2869 3269 przefecto.
2896 3200 3031 3254 Cum
3062 3200 3206 3253 enim
3245 3201 3430 3253 nullus

1866 3294 2120 3347 sacerdos
2172 3294 2343 3361 possit
2396 3292 2652 3347 lectorem
2703 3293 2975 3351 ordinare,
3012 3289 3223 3343 etiamsi
3257 3289 3304 3343 ei
3356 3290 3429 3342 ab

1864 3383 2108 3437 antistite
2139 3384 2243 3436 hoc
2279 3384 2603 3452 permissum
2637 3381 2817 3443 fuerit,
2854 3378 3149 3449 supradicti
3186 3378 3425 3448 praefecti

1864 3474 2124 3528 antistitis
2154 3474 2375 3528 decreto
2408 3475 2508 3526 hoe
2542 3471 2762 3535 facient,
2799 3472 2941 3540 quod
2970 3479 3053 3524 est
3082 3470 3299 3539 quidem
3328 3470 3431 3523 do-

1865 3582 1993 3620 num
2043 3567 2295 3634 speciale.
2328 3565 2437 3636 Ego
2466 3579 2592 3618 vero
2641 3564 2879 3631 intelligo
2915 3562 3017 3617 hoc
3065 3561 3445 3628 monasterio:

1867 3674 1987 3711 rum
2040 3657 2311 3727 praefectis
2371 3656 2689 3712 indistincte
2750 3673 2780 3709 ιι
2840 3670 3047 3709 canone
3102 3668 3426 3709 concessum

1865 3766 2007 3807 esse.
2040 3749 2307 3804 Praeterea
2338 3765 2462 3803 cum
2510 3749 2872 3811 dubitaretur,
2919 3763 2986 3800 an
3040 3749 3429 3801 menachorum

1865 3841 2103 3911 praefecti
2134 3842 2289 3903 fiunt,
2313 3842 2406 3909 qui
2431 3841 2601 3895 sacris
2631 3857 2738 3895 non
2773 3849 2902 3895 sunt
2931 3839 3145 3903 initiati;
3176 3839 3430 3892 dicebant

1866 3932 2106 4000 quidam,
2142 3930 2287 3999 quod
2332 3931 2591 3999 quoniam
2633 3946 2699 3984 ex
2740 3929 2982 3999 episcopi
3027 3928 3430 3982 examinatione

1866 4026 2238 4078 characterem
2290 4023 2637 4092 suscipiunt,
2674 4022 2822 4074 illum
2871 4021 3095 4075 omnino
3145 4020 3433 4088 cpiscopus
3460 4040 3463 4045 ν

1866 4115 2047 4185 eliget,
2075 4115 2169 4184 qui
2220 4116 2286 4168 ad
2331 4115 2637 4169 animarum
2694 4113 2921 4164 salutem
2970 4123 3053 4165 est
3113 4110 3430 4179 probatior,

1865 4205 2075 4258 etiamsi
2115 4220 2223 4257 non
2266 4215 2351 4265 est
2388 4203 2559 4257 sacris
2592 4203 2859 4265 initiatus;
2896 4216 2999 4254 non
3049 4212 3230 4253 autem
3261 4215 3383 4252 eum
3411 4236 3427 4260 ,

1866 4299 1958 4367 qui
2010 4296 2290 4350 ordinatus
2337 4304 2439 4357 est,
2492 4294 2583 4347 sed
2642 4308 2751 4346 non
2798 4299 2883 4345 est
2932 4290 3068 4345 satis
3128 4298 3427 4358 spectatus.

1867 4386 2331 4454 Quemadmodum
2381 4399 2482 4439 nec
2535 4385 2601 4449 is,
2634 4382 2725 4452 qui
2777 4387 3003 4451 aegrotat
3040 4381 3421 4450 corporaliter,

193 4501 612 4573 ἀχειροτόνητον
640 4515 653 4528 ·
680 4497 761 4549 ὅτι
798 4493 935 4564 μηδέ
969 4495 1002 4562 ἡ
1049 4491 1373 4561 χειροτονία,
1401 4490 1515 4542 ἀλλ’
1546 4491 1579 4559 ἡ
1611 4490 1766 4559 ἀκρε-

1873 4480 2153 4534 medicinae
2198 4477 2334 4531 artis
2370 4475 2680 4545 imperitum
2711 4474 2779 4527 ad
2825 4475 3147 4527 medendum
3197 4472 3432 4542 eligerit,

192 4600 294 4666 6ης
344 4594 626 4661 ἐπιστήμη
662 4591 761 4657 τὴν
806 4587 1106 4656 θεραπείαν
1150 4584 1381 4637 δίδωσιν.
1438 4584 1657 4653 Ἐτεροι
1712 4582 1768 4636 δὲ
1838 4637 1842 4645 ν

192 4689 485 4744 ἀντέθεντο
537 4686 630 4749 ὡς,
676 4681 779 4734 ’τοῦ
832 4680 1056 4740 κανόνος
1108 4676 1478 4747 διοριζομένου
1528 4676 1769 4736 ἐκείνους

190 4783 340 4852 ἐχειν
388 4778 545 4832 τοῦτο
588 4777 649 4829 τὸ
681 4775 908 4837 δίκαιον,
956 4771 1081 4832 τοὺς
1124 4767 1559 4837 σφραγισθέντας
1602 4770 1767 4835 ἡγου-

194 4875 396 4944 μένους
456 4868 607 4937 παρὰ
666 4865 1023 4924 ἐπισκόπων,
1073 4860 1311 4929 δηλονότι
1362 4858 1520 4919 ὄντας
1582 4859 1768 4926 ἱερεῖς,

190 4971 558 5031 ἀνιφαινεται
594 4961 667 5030 μὴ
701 4954 1097 5027 σφραγίζεσθαι
1128 4950 1448 5021 ἡγούμενον»
1480 4951 1527 5001 εί
1569 4950 1645 5019 μὴ
1676 4947 1770 5000 καὶ

195 5056 386 5127 ἱερεύς
417 5056 562 5106 ἐστιν
588 5068 603 5083 υ
637 5052 777 5119 ὅπερ
827 5047 953 5117 ἐμοὶ
1006 5043 1145 5105 τέως
1196 5045 1254 5096 οὐ
1296 5044 1464 5096 δοκεῖ.
1496 5040 1631 5095 Οὐδὲ
1663 5040 1770 5109 γὰρ

194 5152 285 5203 διὰ
338 5149 439 5218 τὴν
471 5143 834 5215 ἡγουμενείαν
877 5137 1179 5209 προσετέθη
1230 5138 1380 5205 παρά
1433 5135 1541 5186 τῶν
1600 5134 1770 5201 ἁγίων

199 5238 463 5307 Πατέρων
500 5236 560 5287 τὸ
586 5229 723 5285 εἶναι
752 5233 968 5291 πάντως
1018 5229 1181 5298 ἱερεῖς
1236 5227 1361 5287 τοὺς
1412 5223 1769 5295 ἡγουμένους,

199 5330 335 5381 ἀλλά
355 5327 444 5379 διὰ.
473 5324 572 5393 τὴν
598 5324 691 5374 τοῦ
727 5320 1073 5389 ἀναγνώστου
1110 5314 1400 5385 σφραγῖδα,
1439 5314 1512 5375 ὡς
1543 5311 1769 5364 δυνατοῦ

207 5423 279 5490 μῆ
310 5420 463 5479 ὄντος
506 5416 658 5483 παρά
704 5416 918 5481 ἀνιέρου
963 5406 1370 5477 καθηγουμένου
1422 5403 1771 5472 ἀναγνώστην

206 5507 628 5579 σφραγισθῆναι.
693 5504 852 5569 Λέγω
907 5500 997 5551 οῦν
1049 5498 1156 5552 ἀπό
1224 5514 1283 5548 τε
1348 5496 1442 5547 τοῦ
1505 5494 1771 5563 παρόντος

204 5604 425 5663 κανόνος
468 5599 565 5651 καὶ
605 5596 713 5650 ἀπὸ
752 5594 845 5646 τοῦ
899 5590 960 5645 ιθ¹
999 5591 1173 5651 καλῶς
1202 5587 1645 5658 προχειρίζεσθαι
1676 5588 1772 5640 καὶ

198 5698 451 5766 ἀνιέρους
490 5685 934 5757 καθηγουμένους
971 5700 983 5712 '
1019 5683 1099 5735 ὅτι
1151 5682 1243 5733 καὶ
1294 5680 1552 5747 γυναῖκες
1604 5679 1770 5747 ἡγου-

198 5788 512 5844 ιιενεῦευτι.
548 5782 655 5835 Kal
678 5779 864 5849 ὥσπερ
895 5777 1096 5829 ἐκεῖναι
1126 5772 1245 5828 οὔτε
1272 5771 1559 5840 λογισμοὺς
1582 5769 1773 5824 ἀναδέ-

1872 4585 1936 4623 eo
1961 4568 2103 4638 quod
2142 4567 2410 4621 archiater
2440 4578 2536 4618 seu
2583 4563 2917 4617 medicorum
2951 4563 3205 4631 princeps
3243 4562 3316 4615 sit
3346 4576 3430 4615 or-

1872 4662 2127 4725 dinatus;
2165 4660 2422 4714 scientem
2455 4670 2584 4711 vero
2614 4663 2669 4710 et
2698 4655 2931 4725 peritum
2984 4655 3390 4723 praztermiserit
3417 4690 3431 4717 ς

1874 4763 1931 4806 ιιι
1956 4753 2046 4823 qui
2086 4768 2192 4806 non
2225 4751 2294 4807 sit
2330 4750 2612 4804 ordinatus
2644 4764 2657 4799 :
2687 4746 2940 4816 quoniam
2985 4762 3090 4801 non
3135 4746 3428 4809 ordinatio,

1873 4846 1965 4900 sed
1998 4844 2233 4913 perfecta
2266 4842 2497 4897 scientia
2529 4842 2621 4895 dat
2652 4838 2936 4893 medelam.
2965 4839 3067 4891 Alii
3096 4849 3273 4891 autem
3310 4854 3430 4892 eon-

1873 4948 1953 4992 tra
1987 4936 2350 5007 apponebant,
2378 4933 2521 5004 quod
2551 4948 2674 4986 cum
2707 4946 2879 4985 canon
2907 4924 3162 4986 decernat
3190 4931 3309 4985 illos
3333 4930 3429 4985 hoc

1867 5029 1959 5100 jus
1996 5030 2193 5083 habere
2234 5026 2681 5081 monasteriorum
2727 5024 3035 5092 praefectos,
3067 5024 3159 5091 qui
3194 5024 3261 5075 ab
3300 5024 3427 5091 epi-

1873 5123 2052 5191 scopis
2080 5123 2450 5175 characterem
2497 5116 2824 5187 aeceperint,
2858 5114 3171 5169 sacerdotes
3202 5114 3430 5178 scilicet,

1874 5224 2097 5285 apparet
2156 5214 2525 5268 characterem
2597 5209 2929 5282 praefectum
2987 5223 3093 5261 non
3158 5207 3426 5275 susciperr

1872 5307 2187 5380 prrefectum
2211 5345 2225 5366 ,
2261 5305 2365 5360 nisi
2425 5306 2495 5359 sit
2524 5303 2780 5359 sacerdos
2820 5320 2833 5354 :
2867 5299 3013 5369 quod
3050 5314 3157 5352 non
3193 5299 3318 5351 mihi
3352 5300 3421 5351 vi-

1872 5402 2050 5454 detur.
2082 5397 2197 5451 Non
2244 5396 2386 5449 enim
2448 5405 2667 5465 propter
2720 5393 3093 5462 praefecturam
3139 5406 3169 5442 a
3231 5391 3428 5444 sanctis

1874 5488 2124 5544 Patribus
2157 5487 2400 5543 additum
2441 5495 2525 5540 est
2549 5526 2564 5550 ,
2598 5494 2655 5539 ut
2686 5485 2794 5539 sint
2838 5483 3058 5537 omnino
3096 5479 3428 5535 sacerdotes.

1874 5585 1966 5653 qui
1995 5582 2339 5636 monasteriis
2369 5590 2637 5649 prmsunt;
2665 5577 2757 5633 sed
2791 5585 3008 5646 prepter
3038 5573 3260 5628 lectoris
3283 5573 3427 5626 ordi-

1874 5675 2172 5740 nationem,
2220 5687 2410 5740 nempe
2440 5686 2561 5725 cum
2595 5671 2757 5725 lector
2783 5666 3023 5723 ordinari
3052 5681 3159 5719 non
3195 5664 3366 5733 possit
3404 5680 3428 5717 a

1876 5765 2191 5821 monasterii
2240 5763 2515 5833 praefecto,
2550 5761 2644 5831 qui
2699 5776 2806 5818 non
2860 5760 2931 5817 sit
2976 5757 3253 5817 sacerdos.
3306 5755 3430 5809 Dico
