4074 6214
654 262 761 330 963

1890 272 2163 331 'l‘ﬂEUU.
2220 278 2610 340 causarum
3616 284 3623 293 ί
3739 311 3807 373 ρει

653 389 786 445 ergo
816 388 883 430 ex
911 375 1161 445 praesenti
1189 388 1402 431 canone
1426 384 1479 432 et
1507 391 1572 432 ex
1600 374 1666 433 l9
1685 388 1832 435 recte
1859 382 1925 435 ad
1955 387 2206 451 praalcctu

2293 387 2551 461 ιχονται,
2609 392 2733 449 οὔτε
2782 395 3140 465 ἀναγνώστας
3196 400 3424 467 ποιοῦσι,
3454 403 3608 469 οὕτως
3641 410 3738 467 om
3776 419 3809 474 οι

656 481 773 521 ram
804 468 1027 538 provehi
1051 468 1214 522 etiam
1242 483 1365 535 eos,
1391 470 1485 539 qui
1516 485 1625 525 non
1651 479 1779 526 sunt
1808 475 1983 529 sacris
2006 477 2220 543 initiati;

651 560 912 628 quoniam
944 557 1160 613 feminae
1189 575 1408 629 quoque
1444 562 1796 620 monasteriis
1831 567 2221 634 pratliciuntur.

652 651 716 705 Et
747 650 886 706 sicut
925 650 1028 705 illa:
1054 665 1156 705 nec
1182 660 1530 722 peccatorum
1566 656 1937 713 confessiones
1969 660 2219 725 audiunt,

648 745 814 819 3.16
871 761 972 801 nec
1023 748 1258 804 lectores
1308 748 1516 805 faciunt
1552 764 1568 804 :
1598 750 1677 807 sic
1726 767 1828 807 nec
1875 756 2121 810 monachi
2170 766 2229 813 et

647 840 909 905 praefecti,
943 840 1035 911 qui
1069 856 1174 896 non
1207 853 1332 898 sunt
1358 843 1691 912 sacerdotes,
1721 845 1824 901 hoc
1871 845 2105 913 facient;
2134 861 2221 907 'eo

645 928 789 997 quod
829 944 929 984 nec
958 932 1068 998 apti
1100 932 1316 999 quidem
1349 941 1497 993 sunt.
1546 941 1605 987 ut
1653 935 1923 1006 ejusmodi
1976 941 2051 993 rei
2098 955 2223 1009 per-

646 1021 963 1077 missionem
994 1024 1062 1079 ab
1086 1025 1341 1095 episcopo
1366 1026 1659 1097 accipiant.
1693 1030 1832 1096 Quid
1857 1033 2064 1087 autem?
2084 1033 2218 1088 Cum

648 1112 941 1170 Iustiniani
981 1114 1202 1175 Novella
1234 1121 1400 1184 dicat,
1428 1132 1487 1174 ut
1518 1136 1661 1190 saepe
1692 1124 1950 1186 diximus,
1975 1141 2082 1180 non
2106 1126 2216 1181 lieri

642 1208 902 1263 lectorem
942 1212 1256 1281 quempiam
1278 1253 1293 1276 ,
1331 1214 1432 1267 nisi
1466 1216 1539 1266 sit
1571 1215 1873 1271 octodecim
1906 1232 2081 1273 annos
2113 1235 2214 1273 na-

643 1311 751 1363 tus,
807 1302 850 1356 si
892 1303 1014 1371 quis
1050 1304 1231 1360 infans
1279 1307 1360 1360 vel
1401 1322 1532 1372 puer
1565 1307 1782 1363 lectoris
1812 1311 2212 1367 ordinationem

640 1389 712 1445 ab
749 1392 993 1446 antistite
1037 1396 1361 1463 susceperit,
1411 1411 1549 1450 eane
1590 1406 1882 1455 contentus
1939 1403 2085 1468 erit;
2147 1418 2214 1458 an

642 1467 1046 1554 postoctavtun
1098 1487 1373 1543 decimum
1427 1504 1626 1544 annum
1686 1492 1794 1547 alio
1849 1494 1917 1548 ab
1972 1496 2217 1552 antistite

643 1578 963 1633 charactere
995 1595 1135 1649 opus
1165 1580 1418 1635 habebit?
1448 1582 1682 1638 Solutio.
1714 1584 1771 1639 Si
1804 1588 1997 1643 datum.
2041 1590 2206 1645 fuerit

639 1684 763 1724 eum
800 1686 991 1727 rursus
1028 1684 1247 1741 quoque
1281 1675 1649 1731 characterem
1685 1680 1976 1749 accipere,
2025 1693 2218 1753 utpote

642 1762 787 1831 quod
844 1764 1054 1832 primus
1093 1764 1381 1821 character
1424 1784 1529 1821 non
1580 1772 1752 1838 possit
1799 1775 2119 1837 consistere.
2164 1779 2212 1832 ei

641 1854 823 1907 licebit
847 1861 974 1908 ante’
993 1858 1314 1923 secundm»,
1344 1858 1395 1912 in
1424 1860 1618 1916 laicum
1642 1866 2045 1934 transformari,
2069 1872 2211 1940 quod

637 1954 720 1999 est
749 1946 1070 2002 absurdum.
1107 1947 1171 2001 Et
1203 1950 1323 2004 ideo
1354 1950 1427 2013 ei,
1451 1954 1541 2017 qui
1579 1969 1607 2005 a
1647 1957 1880 2022 pueritia
1924 1959 2212 2018 characte-

638 2052 750 2090 rem
779 2040 1013 2111 acccpit,
1041 2039 1294 2106 sufﬁciet,
1328 2052 1387 2095 ut
1418 2044 1553 2097 mihi
1584 2044 1821 2113 videtur,
1857 2051 2060 2118 primus
2080 2057 2211 2110 cha-

638 2137 822 2183 racter
861 2129 929 2183 ab
954 2132 1199 2185 antistite
1230 2142 1541 2202 susceptus,
1575 2144 1629 2189 et
1662 2148 1949 2207 reputatus
1981 2144 2210 2213 perinde

638 2233 702 2274 ac
729 2221 776 2275 si
811 2230 933 2292 post
962 2232 1214 2278 octavum
1251 2225 1521 2281 decimum
1573 2242 1775 2284 annum
1817 2234 1885 2287 ab
1925 2249 1991 2288 eo
2036 2235 2212 2294 factus

634 2322 784 2396 esset
822 2330 837 2368 :
873 2324 1020 2375 eteo
1060 2317 1231 2387 magis
1256 2357 1273 2382 ,
1307 2319 1455 2388 quod
1508 2334 1619 2375 non
1668 2322 1944 2380 invenitur
1992 2341 2166 2384 canon
2193 2372 2208 2396 ,

2339 486 2548 557 ἀνίεροι
2586 487 2814 557 μοναχοὶ
2836 484 2932 542 καὶ
2964 488 3362 560 καθηγούμενοι
3382 495 3602 553 τοιοῦτόν
3624 519 3669 555 τι
3699 507 3808 579 ένερ.

2326 580 2579 651 γήσθυσι,
2627 580 2715 635 διά
2740 582 2801 633 τὸ
2831 581 2969 652 μηδὲ
2998 582 3299 651 πεφυκέναι
3327 586 3559 641 τοιούτου
3582 594 3705 657 τινος
3724 598 3808 653 ἐπι.

2323 673 2532 743 τροπὴν
2566 673 2752 728 λαϐεῖν
2801 674 3003 739 αὐτοὺς
3047 676 3111 729 ὲκ
3154 674 3250 728 τοῦ
3304 676 3605 735 ἐπισκόπου.
3647 685 3701 739 Ti
3739 690 3806 759 δές

2321 765 2422 834 τῆς
2459 766 2897 820 Ἰουστινιανείου
2950 767 3195 840 Νεαρᾶς,
3244 768 3318 832 ὡς
3350 770 3588 837 πολλάκις
3620 777 3810 850 εἴπομεν,

2322 857 2608 929 λεγούσης,
2660 860 2736 931 μὴ
2787 858 3035 929 γίνεσθαί
3091 877 3214 914 τινα
3273 862 3625 935 ἀναγνώστην,
3677 876 3716 924 εἰ
3760 877 3810 948 μὴ

2321 951 2837 1024 ὀκτωκαιδεκαετής
2870 953 3042 1021 ἐστιν,
3076 953 3174 1007 ἐάν
3200 971 3284 1017 τις
3320 956 3506 1026 νήπιος
3541 958 3610 1013 ὣν
3648 961 3812 1034 δέξηται

2322 1045 2668 1117 χειροθεσίαν
2703 1045 3072 1114 ,ἀναγνώστου
3113 1046 3222 1101 ἀπὸ
3259 1049 3573 1119 ἀρχιερέως,
3600 1055 3810 1127 ἀρκεσθή.

2323 1156 2477 1192 σεται
2531 1139 2725 1210 ταύτῃ,
2780 1140 2811 1210 ἢ
2864 1140 3005 1210 μετά
3054 1140 3146 1193 τὸν
3177 1141 3629 1197 ὀκτωκαιδέκατον
3674 1150 3814 1219 χρῦνον

2320 1234 2516 1305 ἑτέρας
2581 1236 2877 1305 σφραγῖδος
2931 1234 3331 1306 ἀρχιερατικῆς
3384 1235 3634 1311 δεηθείη;
3675 1242 3813 1308 Λύσις.

2320 1326 2384 1380 El
2439 1326 2567 1397 δοθῇ
2617 1325 3016 1394 σφραγίζεσθαι
3055 1325 3149 1378 καὶ
3198 1320 3358 1389 αὖθις
3404 1326 3604 1394 τοῦτον,
3655 1331 3717 1395 ὡς
3745 1334 3815 1403 τῆς

2317 1420 2543 1491 πρώτης
2597 1418 2894 1490 σφραγῖδος
2946 1416 3118 1488 οὔσης
3183 1420 3553 1474 ἀνυποστάτον
3579 1462 3593 1486 ,
3633 1423 3724 1489 ἔξει
3757 1427 3816 1479 ἐπ’

2315 1515 2500 1578 ἀδείας
2534 1515 2639 1585 πρὸ
2681 1514 2781 1583 τῆς
2810 1513 3069 1582 δευτέρας
3112 1513 3689 1583 μετασχηματίζεσθαι,
3722 1519 3816 1589 ὅπερ

2317 1609 2543 1663 ἄτοπον.
2568 1608 2661 1660 Διὸ
2694 1607 2790 1661 καὶ
2828 1605 3059 1677 ἀρκέσει
3084 1606 3161 1674 τῷ
3196 1602 3456 1674 νηπιόθεν
3481 1609 3817 1678 σφραγισθέντι,

2246 1735 2290 1789 η
2317 1704 2394 1764 ὡς
2421 1702 2546 1772 ἐμοὶ
2575 1701 2742 1765 δοκεῖ,
2770 1703 2802 1771 ἠ
2831 1697 3021 1769 πρώτη
3052 1699 3297 1769 σφραγὶς
3327 1699 3432 1751 ὑπὸ
3464 1699 3552 1752 τοῦ
3584 1702 3819 1771 ἀρχιερέως

2318 1795 2610 1865 δεχομένη,
2633 1793 2728 1847 καὶ
2750 1792 3078 1863 λογιζομένη
3109 1788 3305 1861 ὥσπερ
3348 1793 3396 1844 εἰ
3435 1792 3567 1862 μετά
3592 1793 3671 1845 τὸν
3694 1793 3819 1846 ὀκτω-

2319 1888 2642 1942 καιδέκατον
2662 1886 2856 1956 χρόνον
2890 1886 3087 1952 γέγονε
3109 1885 3247 1955 παρ’
3285 1884 3448 1938 αὑτοῦ
3477 1897 3491 1911 '
3532 1886 3616 1937 καὶ
3651 1884 3817 1955 μᾶλλον,

2315 1983 2441 2038 ἐπεὶ
2465 1981 2583 2035 οὐδὲ
2609 1978 2789 2034 κανὼν
2821 1978 3139 2047 εὑρίσκεται
3159 1976 3344 2045 λέγων
3366 1977 3815 2048 προκριματίζεσθαι

2314 2075 2404 2127 τὸν
2433 2071 2537 2143 πρὸ
2564 2070 2661 2124 τοῦ
2718 2068 2962 2122 τοιούτου
3000 2066 3212 2137 ,χρόνου
3276 2066 3512 2121 λαόόντα
3540 2068 3816 2138 χειροθεσίαν

2313 2162 2685 2233 ἀναγνώστου.
2722 2160 2858 2231 Περὶ
2895 2160 3080 2228 μέντοι
3123 2157 3239 2211 τῶν
3286 2160 3591 2230 προνομίων
3617 2160 3697 2212 τοῦ
3716 2176 3817 2230 χωρ-

2313 2256 2619 2311 επισκόπου
2648 2251 2924 2322 ἀνάγνωθι
2953 2250 3044 2305 τὸν
3075 2249 3107 2302 ι’
3129 2252 3343 2305 κανόνα
3367 2251 3464 2323 τῆς
3493 2254 3547 2306 έν
3584 2252 3817 2323 Ἀντιοχείᾳ

2313 2348 2554 2404 συνόδου.

634 2403 727 2500 qui
758 2430 904 2483 dicat
933 2403 1276 2501 eumialiquo
1309 2434 1629 2504 praejudicto
1656 2435 1816 2504 allici,
1850 2440 1942 2509 qui
1985 2453 2110 2501 ante
2137 2448 2188 2502 id
2229 2458 2443 2518 tempus
2467 2439 2685 2499 lectoris
2703 2438 2947 2495 ordinem
3002 2438 3335 2507 susceperit.
3390 2438 3464 2494 De
3515 2439 3813 2510 chorepiscopi

632 2532 813 2577 autem
867 2522 1161 2592 privilegiis
1214 2523 1331 2595 lege
1377 2541 1639 2582 canonem
1692 2530 1758 2584 l0
1794 2532 2048 2590 Antioch.
2106 2543 2321 2610 synodi.
2944 2546 2947 2551 ’

704 2613 956 2669 ZONAR.
1017 2614 1247 2683 Quidam
1318 2618 1466 2673 nulla
1520 2635 1786 2677 manuum
1850 2625 2201 2696 impositione

631 2710 799 2762 creati
828 2710 1076 2769 lectores.
1110 2709 1215 2765 hoc
1244 2718 1326 2765 est
1365 2712 1511 2765 nulla
1545 2724 1697 2768 certa
1728 2715 2106 2786 designatione
2133 2723 2203 2779 ad

634 2799 685 2853 id
722 2815 921 2855 munus
948 2800 1127 2865 electi,
1163 2802 1215 2854 in
1252 2803 1615 2858 conventibus
1646 2819 1675 2859 e
1718 2819 1972 2878 suggestu
2021 2827 2207 2869 sacros

631 2890 800 2945 libros
834 2893 1102 2961 legebant.
1133 2894 1184 2947 ld
1220 2908 1351 2964 ergo
1388 2895 1473 2949 hic
1496 2910 1673 2949 canon
1704 2896 1818 2952 ﬁeri
1861 2910 2028 2968 vetat,
2065 2920 2201 2974 quo-

633 2983 778 3036 niam
821 2985 873 3036 in
910 2984 1085 3050 omni,
1124 2984 1323 3054 inquit,
1361 2988 1667 3042 sacerdotio
1693 2990 1904 3046 ordinis
1932 2994 2199 3051 rationem

633 3072 936 3128 habendam
980 3089 1120 3139 esse,
1156 3075 1314 3144 plane
1340 3077 1573 3143 clarum,
1608 3080 1710 3135 hoc
1753 3091 1863 3147 est,
1893 3083 2050 3140 valde
2086 3102 2203 3140 ma-

635 3166 893 3221 nifestum
928 3174 984 3221 et
1028 3176 1274 3237 apertum
1324 3179 1431 3224 est.
1462 3170 1564 3236 Qui
1615 3187 1746 3227 vero
1796 3190 1895 3231 nec
1942 3191 2201 3233 manuum

635 3259 977 3328 impositione
1008 3260 1348 3330 designatus,
1381 3277 1479 3317 nec
1515 3263 1570 3318 in
1606 3264 1871 3321 lectorum
1906 3269 2091 3324 album
2119 3287 2205 3326 re-

632 3350 776 3406 latus
805 3352 912 3416 sit;
957 3352 1135 3422 qualis
1190 3353 1405 3408 illorum
1452 3365 1537 3411 est
1589 3357 1749 3423 ratio,
1789 3359 1881 3429 qui
1917 3374 1949 3415 a
1999 3364 2202 3420 teneris

631 3443 745 3497 Deo
778 3444 1008 3514 sepositi
1032 3483 1049 3509 ,
1082 3445 1215 3499 nihil
1246 3445 1389 3500 aliud
1424 3463 1587 3516 quam
1621 3463 1883 3506 coronam
1925 3454 1979 3508 in
2012 3457 2193 3526 capite

630 3542 879 3604 gestant;
909 3535 980 3589 ah
1022 3550 1087 3590 eo
1128 3536 1364 3591 divinam
1423 3536 1765 3609 Scripturam
1823 3544 1891 3599 de
1943 3558 2199 3618 suggestu

635 3627 834 3696 populo
878 3629 1243 3698 pronuntiari,
1296 3630 1544 3700 quaedam
1595 3632 1805 3689 ordinis
1861 3641 2201 3705 perturbatio

634 3726 738 3772 est.
773 3719 829 3773 ιιι
866 3720 1032 3788 igitur
1062 3736 1128 3774 ne
1156 3718 1248 3774 ﬁat
1284 3720 1337 3774 in
1372 3730 1649 3791 posterum
1684 3724 1952 3805 decernit;
1984 3730 2202 3786 eadem-

631 3827 738 3878 que
776 3811 1164 3867 constitutione
1216 3815 1515 3869 monachos
1542 3831 1761 3887 quoque
1795 3822 1965 3874 teneri
2020 3821 2197 3891 jubet.

632 3900 699 3955 Et
750 3918 879 3957 vero
926 3902 1204 3966 lectorem,
1272 3904 1470 3974 inquit,
1539 3922 1797 3962 manuum
1854 3911 2202 3981 impositione

631 4008 837 4059 creare,
872 3995 927 4049 in
971 4010 1072 4050 suo
1118 3995 1380 4051 duntaxat
1436 4002 1789 4065 monasterio,
1838 4004 1884 4067 si
1923 4006 2083 4062 modo
2133 4010 2201 4065 ab

630 4083 886 4156 episcopo
910 4086 1239 4156 praefecturae
1259 4090 1631 4145 characterem
1662 4095 1891 4164 accepit,
1918 4106 1973 4151 et
2003 4112 2190 4154 sacer-

636 4177 790 4232 dotio
851 4178 1096 4234 initiatus
1141 4177 1329 4246 fuerit,
1375 4180 1492 4251 ipse
1540 4187 1859 4241 monasterii
1914 4190 2201 4259 praefectus

633 4278 827 4338 potest.
854 4269 1242 4340 ChorepiscOpi
1274 4287 1495 4342 quoque
1512 4275 1655 4343 ejus,
1679 4278 1768 4331 cui
1806 4279 2199 4350 subjiciuntur,

2383 2629 2630 2685 ΖΩΝΑΡ-
2656 2625 2832 2686 Τινὲς.
2866 2624 2940 2695 μὴ
2961 2623 3209 2695 τυχόντες
3252 2624 3583 2695 χειροθεσίας
3606 2624 3704 2694 ἦτοι
3724 2638 3817 2690 πρι-

2311 2723 2598 2795 χειρίσεως
2621 2717 2970 2786 ἀναγνώστου
2997 2719 3054 2769 έν
3078 2719 3200 2777 ταῖς
3224 2718 3535 2783 συνάξεσιν,
3564 2716 3762 2774 ἀνιόντες
3778 2714 3818 2765 ἐν

2308 2818 2521 2887 ἀμϐωνι
2544 2812 2986 2881 ὑπανεγίνωσκον
3015 2810 3115 2872 τὰς
3146 2808 3487 2878 βίϐλουςτὰς
3517 2808 3667 2879 ἱεράς.
3697 2805 3817 2859 Τοῦτο

2310 2905 2407 2963 οὖν
2436 2906 2637 2962 κωλύει
2662 2905 2910 2975 γίνεσθαι
2947 2905 2973 2959 ὁ
2997 2901 3191 2975 παρὼν
3216 2902 3431 2966 κανὼν,
3463 2902 3626 2969 λέγων
3648 2902 3713 2953 ὅτι
3738 2898 3821 2967 ἀρί-

2310 3001 2470 3074 δηλόν
2487 3003 2657 3066 ἐστιν,
2681 2997 2921 3053 ἀντὶντοῦ
2953 2998 3093 3052 πάνυ
3120 2997 3366 3069 φανερὸν
3388 3000 3479 3050 καὶ
3504 2993 3819 3066 πρόδηλον,ὅτι

2308 3096 2463 3161 τάξις
2522 3093 2580 3145 έν
2628 3092 2899 3162 ἱερωσύνῃ
2959 3091 3111 3164 πάσῃ
3168 3090 3537 3146 πολιτεύεται.
3593 3087 3657 3141 Τὸ
3692 3086 3738 3139 δὲ
3760 3085 3821 3135 τὸν

2312 3186 2387 3257 μὴ
2435 3187 2671 3257 τυχόντα
2729 3185 3093 3256 χειροθεσέας,
3158 3184 3308 3256 μηδὲ
3353 3187 3467 3246 τοῖς
3517 3180 3820 3250 ἀναγνώστας

2306 3278 2761 3348 συντεταγμένον,
2799 3271 2901 3329 οἷοί
2951 3277 3094 3329 εἰσιν
3120 3277 3264 3343 ὅσοι,
3328 3277 3583 3347 νηπιὸθεν
3633 3274 3698 3343 τῷ
3741 3267 3824 3334 Θεῷ

2302 3371 2440 3441 τάχα
2455 3368 2863 3443 ἀφορισθέντες,
2886 3369 3090 3440 κουρὰν
3116 3370 3284 3441 μόνον
3308 3370 3468 3439 ἔσχον
3488 3370 3574 3422 ἐπὶ
3593 3370 3678 3437 τῆς
3703 3382 3822 3436 κορυ-

2303 3462 2408 3532 φῆς
2444 3461 2539 3516 καὶ
2574 3462 2740 3514 πλέον
2773 3462 2946 3526 οὐδὲν,
2973 3464 3061 3514 ἐπ’
3089 3462 3355 3533 ἄμϐωνος
3388 3463 3752 3532 ἀναγινώσκειν
3772 3457 3825 3526 τῷ

2304 3555 2418 3625 λαῷ
2439 3556 2507 3607 τὰ
2542 3554 2638 3625 τῆς
2672 3554 3032 3607 θεοπνεύστου
3066 3555 3297 3626 Γραερῆς
3330 3557 3559 3623 ἀταξίας
3584 3552 3705 3607 ἐστί.
3738 3552 3824 3603 Κω-

2302 3646 2421 3700 λύει
2453 3646 2544 3699 οὖν
2585 3646 2782 3717 μηκέτι
2820 3647 2983 3699 τοῦτο
3008 3647 3262 3714 γίνεσθαι
3296 3667 3310 3679 ·
3346 3650 3415 3702 τὸ·
3439 3648 3567 3719 αὐτὸ
3591 3647 3644 3700 δὲ
3667 3647 3742 3699 καὶ
3762 3642 3826 3693 ἐπὶ

2307 3736 2577 3806 μοναχῶν.
2619 3737 2994 3805 Ἀναγνώστου
3028 3740 3086 3791 δὲ
3128 3741 3506 3812 χειροθεσίαν,
3537 3740 3676 3806 φησι,
3705 3736 3823 3788 δύνα-

2301 3847 2391 3882 ται
2422 3831 2517 3883 καὶ
2551 3829 2859 3900 ἡγούμενος
2891 3834 3069 3884 ποιεῖν
3103 3833 3160 3884 ὲν
3195 3834 3353 3903 μόνῳ
3386 3835 3466 3903 τῷ
3496 3832 3669 3900 οἰκείῳ
3702 3843 3826 3898 μοναί»

2303 3921 2531 3992 στηρίῳ,
2564 3923 2614 3975 εί
2644 3922 2915 3992 σφραγῖδα
2942 3923 3055 3992 ἔχει
3082 3924 3398 3995 ἀρχιερέως
3425 3925 3520 3978 καὶ
3546 3922 3703 3992 ἱερεύς
3724 3922 3822 3971 ἐστι.

2302 4013 2413 4066 Καὶ
2444 4014 2494 4065 ei
2517 4012 2925 4083 χωρεπίσκοποι
2951 4014 3009 4067 δὲ
3042 4014 3162 4084 μετ’
3197 4017 3512 4086 ἐπιτροπῆς
3542 4013 3631 4067 τοῦ
3653 4006 3827 4064 ἐπισκό-

2304 4123 2430 4170 που,
2467 4104 2560 4173 ὑφ’
2602 4105 2661 4157 ὃν
2695 4104 2934 4171 τελοῦσι,
2971 4105 3232 4161 δύνανται
3263 4106 3620 4176 ἀναγνώστας
3639 4098 3827 4173 χειροθε-

2300 4198 2435 4249 τεῖν.
2466 4195 2625 4249 Κατὰ
2648 4194 2704 4249 δὲ
2736 4196 2829 4249 τὸν
2857 4196 3082 4257 δέκατον
3122 4200 3335 4253 κανόνα
3370 4199 3470 4270 τῆς
3497 4201 3553 4251 ὲν
3589 4189 3829 4258 Ἀντιοχείᾷ

2304 4289 2522 4342 συνόδου
2559 4290 2609 4342 οἱ
2644 4288 3056 4359 χωρεπίσκοποι
3088 4292 3185 4343 καὶ
3214 4291 3606 4352 ὑποδιακόνους
3642 4283 3810 4357 χειρσυε

630 4360 873 4430 episcopi
919 4362 1281 4430 perinissione
1309 4362 1584 4428 lectores,
1623 4367 1755 4435 quin
1785 4371 1951 4425 etiam
1997 4388 2065 4428 ex
2099 4375 2197 4430 de-

2299 4380 2453 4433 τσῦσι
2480 4380 2577 4434 καὶ
2601 4382 2929 4452 έφορκιστάς
2959 4372 3097 4455 (55).

632 4462 784 4507 creto
812 4451 1037 4506 canonis
1067 4450 1259 4505 decimi
1291 4452 1481 4522 synodi
1515 4458 1864 4513 Antiochena:
1895 4500 1910 4526 ,
1939 4463 2199 4533 hypodia-

637 4559 806 4601 conos
837 4561 1058 4616 quoque
1087 4556 1141 4600 et
1173 4548 1478 4605 exorciStas
1504 4554 1722 4607 creandi
1749 4555 1840 4624 jus
1870 4558 2091 4616 habent.

634 4636 863 4692 AHlS'l‘.
938 4657 956 4690 ι
1009 4632 1140 4692 Sine
1198 4654 1453 4693 manuum
1536 4643 1772 4714 episcopi
1856 4648 2201 4717 impositione

712 4752 728 4782 ι
771 4745 928 4785 nemo
981 4733 1047 4785 de
1098 4741 1349 4800 suggestu
1411 4732 1568 4802 leget.
1608 4732 1723 4790 Hoc
1749 4748 1802 4791 et
1830 4742 1881 4791 in
1916 4743 2198 4800 innnachis

704 4848 723 4873 ι
764 4823 1161 4878 observabitur.
1212 4821 1520 4877 Monasterii
1566 4840 1696 4880 vero
1753 4829 2061 4897 prmfectus,
2110 4835 2197 4889 cui

703 4938 719 4965 ι
761 4916 1049 4984 episcopus
1081 4929 1273 4967 manus
1314 4915 1589 4983 imposuit,
1638 4917 1689 4971 in
1720 4934 1819 4974 suo
1865 4923 1981 4978 solo
2010 4940 2201 4979 mona-

700 5032 717 5061 ι
760 5011 924 5077 sterio
946 5010 1204 5062 lectorem
1228 5007 1522 5062 ordinabit.
1566 5007 2001 5084 Chorepiscopus
2032 5020 2195 5073 etiam

711 5124 729 5154 ι
775 5117 1024 5160 uectorem
1058 5104 1284 5158 creabit.
1324 5121 1344 5154 ι

700 5222 850 5277 Licet
878 5234 1157 5279 tonsuram
1191 5225 1385 5279 habeat
1409 5227 1675 5298 quispiam
1702 5228 2113 5295 sacerdotalem,
2147 5231 2192 5285 si

632 5329 739 5367 non
771 5325 825 5368 et
853 5315 921 5369 ab
945 5318 1200 5386 episcopo
1237 5333 1491 5371 manuum
1532 5318 1930 5389 impositiOnem
1969 5323 2195 5389 recepit,

2315 4644 2533 4700 ΑΡΙΣΤ.
2570 4662 2590 4697 r
2643 4646 2829 4709 Ἐκτὸς
2883 4647 3226 4716 χειροθεσίας
3260 4648 3573 4702 ἐπισκόπου
3599 4645 3689 4697 οὐκ
3734 4639 3833 4690 ἀνα-

2380 4759 2397 4790 ι
2444 4738 2714 4808 γνώσεταί
2737 4756 2821 4801 τις
2849 4740 2936 4791 ἐπ’
2964 4739 3216 4809 ἄμὸωνος
3244 4755 3260 4771 '
3293 4741 3570 4812 κρατήσει
3602 4735 3741 4790 τοῦτο
3763 4732 3834 4783 καὶ

2381 4850 2400 4883 ι
2450 4835 2541 4884 ἐπὶ
2573 4832 2849 4903 μωαχῶν.
2883 4832 3219 4904 Ἠγοὺμενος
3251 4834 3337 4898 δὲ,
3368 4828 3697 4904 χειροθεσίαν
3728 4824 3833 4890 ἔχων

2384 4944 2401 4975 ι
2451 4925 2751 4979 ἐπισκόπου
2780 4926 2838 4977 ἐν
2870 4926 3018 4996 μόνῳ
3047 4925 3125 4995 τῷ
3158 4925 3282 4997 ἰδίῳ
3321 4921 3668 4997 μοναστηρίῳ
3692 4929 3834 4987 χειροι

2383 5035 2401 5068 ι
2449 5017 2574 5090 θετη
2585 5035 2664 5072 σει
2688 5020 3063 5089 ἀναγνώστην.
3088 5018 3517 5090 Προχειρίξεται
3534 5012 3834 5080 ἀναγνώστην

2381 5129 2398 5161 ι
2446 5114 2538 5164 καὶ
2566 5114 2996 5182 χωρεπὶσκοπος.
3038 5131 3057 5165 ι
3820 5182 3831 5203 ⁸

2372 5202 2490 5255 Κᾶν
2534 5203 2734 5275 κουράν
2782 5221 2865 5266 τις
2900 5205 3175 5273 ἱερατικὴν
3219 5204 3348 5277 ἔχῃ,
3400 5206 3449 5257 εἰ
3508 5204 3581 5271 μὴ
3621 5197 3706 5251 καὶ
3732 5204 3819 5257 περ

2304 5297 2609 5348 ἐπισκόπου
2634 5298 2971 5368 χειροθεσίαν
3002 5297 3239 5362 δέξεται,
3279 5300 3385 5352 οὐκ
3426 5295 3770 5365 ἀναγνώσεται
3792 5282 3832 5331 ἐν

1739 5439 1745 5447 ·
1838 5416 2034 5475 Guill.
2064 5417 2392 5496 Beveregii
2440 5406 2630 5478 natae.

704 5511 815 5582 (55)
851 5512 1263 5589 Χειροαετσῦονι
1299 5515 1401 5589 καὶ
1430 5516 1814 5589 ἐφορκιᾳτάς.
1885 5516 1939 5569 In
1969 5516 2197 5589 Supple-

637 5592 819 5634 mento
851 5582 916 5635 ad
940 5581 1261 5637 Parisiensis
1317 5581 1548 5640 Zonarai
1595 5581 1913 5646 editionem.
1960 5604 2025 5641 ex
2049 5581 2195 5640 ’Ξιιιυ

636 5652 821 5707 Iit-scit)
854 5667 965 5721 quo
987 5655 1195 5711 codice.
1229 5665 1348 5723 post
1378 5659 1491 5710 lucc
1536 5659 1725 5710 ultima
1766 5659 1885 5723 ejus
1942 5660 1995 5709 in
2048 5659 2193 5711 hunc

638 5736 908 5796 Canonent
933 5726 1116 5796 verba,
1139 5725 1363 5796 dicitur,
1396 5728 1491 5778 καὶ
1512 5727 1792 5796 εἰρηνικὰς
1809 5727 2045 5779 διδόασιν
2080 5731 2195 5780 ἐπι·

540 5792 545 5797 ’
637 5789 829 5853 στολὰς
870 5792 1008 5843 κατά
1060 5790 1151 5843 τὸν
1220 5794 1458 5851 κανόνα*
1507 5789 1657 5867 ζητέι
1717 5799 1814 5867 τῆς
1858 5804 1923 5861 ς’
1972 5798 2190 5852 συνόδου

2304 5519 2502 5571 κανόνα
2533 5523 2600 5586 ιγ’
2628 5518 2754 5587 περὶ
2778 5517 2870 5571 τοῦ
2918 5520 3030 5573 ἀνω
3055 5517 3387 5586 κεφαλαίου,
3435 5527 3482 5570 et
3531 5515 3705 5587 litum
3727 5518 3837 5572 σκο·

2302 5606 2398 5657 que
2425 5584 2675 5659 paci/iras
2694 5584 2853 5657 juxta
2885 5584 3143 5662 canonem
3165 5592 3494 5662 concedunt.
3530 5584 3695 5662 Quiete
3725 5589 3834 5662 agri:

2302 5640 2389 5711 odi
2425 5640 2587 5711 sextis
2622 5640 2871 5711 canonem
2924 5640 3008 5723 137,
3040 5640 3125 5713 ίὶιέί
3150 5640 3332 5725 capite
3384 5640 3714 5723 suprawut'cto.
3742 5640 3832 5697 Sed

2301 5731 2414 5785 haec
2440 5734 2492 5783 in
2526 5729 2712 5785 codice
2748 5731 3341 5785 Amerbaehianomon
3378 5731 3644 5798 leguntur.
