4074 6214
235 280 333 343 965

1206 279 1292 338 ΙΝ
1330 276 1494 339 CAN.
1527 279 1625 338 XV
1666 277 1875 342 ΕΟΝο.
1920 281 2032 343 VII
2062 283 2417 345 (ECUMEN.

3362 291 3466 355 966

238 405 293 468 τῇ
318 396 533 463 συνάξει
563 395 653 447 ἐπ’
680 393 934 465 ἄμϐωνος
964 393 1061 458 τὰς
1095 393 1245 463 ἱερὰς
1276 393 1370 445 τοῦ
1402 391 1538 477 Θεοῦ
1566 391 1803 462 βίϐλους.

1906 398 1960 450 in
1995 409 2266 454 conventu
2299 416 2488 458 sacros
2518 400 2614 457 Dei
2640 401 2812 458 libros
2834 418 2863 458 e
2883 412 3136 476 suggestu
3168 421 3277 463 non
3300 406 3463 479 leget.

240 489 513 550 Ὡσαύτως
568 487 690 541 οὐδὲ
751 487 985 557 μοναχδς
1039 486 1197 537 τοῦτο
1263 487 1505 555 ποιήσει.
1560 485 1686 547 Τοῖς
1743 485 1799 537 δὲ

1910 487 2173 545 Similiter
2208 503 2392 547 autem
2425 509 2524 548 nec
2554 496 2855 550 monachus
2881 495 2983 551 hoc
3027 494 3205 553 faciet.
3244 501 3313 553 At
3347 516 3465 555 mo-

235 583 563 652 ἡγούμενοις,
600 579 985 650 πρεσϐυτέροις
1012 577 1151 644 οὖσι,
1186 577 1279 630 καί
1309 576 1458 647 παρὰ
1500 576 1800 629 ἐπισκόπου

1904 584 2269 637 nasteriorunt
2325 584 2638 654 praefectis,
2684 588 2728 642 si
2778 591 3081 659 presbyteri
3120 590 3251 655 sint,
3291 604 3347 647 et
3396 595 3468 649 ab

234 675 319 729 διὰ
348 673 685 745 χειροθεσίας
744 671 911 726 αὑτοῦ
968 673 1065 743 τὴν
1123 671 1464 743 προστασίαν
1493 670 1595 739 τῆς
1635 669 1800 739 μονῆς

235 767 669 837 ἁναδεξαμένοις,
722 765 877 819 ἄδεια
921 765 1123 817 δίδοται
1179 764 1509 834 χειροθετείν
1555 760 1801 829 ἀναγνώ-

238 878 365 930 στην
410 863 466 911 ἐν
521 858 666 928 μόνῳ
715 858 795 927 τῷ
833 858 946 925 ἰδίῳ
972 854 1337 926 μοναστηρίῳ.
1392 853 1551 906 Ἀλλὰ
1608 852 1703 904 καὶ
1751 852 1801 903 oi

226 949 641 1017 ηχωρεπίσκοποι
671 945 1027 1012 ἀναγνώστας
1073 944 1550 1014 χειροτοτὴσουσιν
1584 960 1598 974 ·
1639 942 1711 1003 ὡς
1743 940 1801 993 δὲ

234 1041 261 1091 ό
290 1039 509 1099 δέκατος
537 1037 719 1090 κανὼν
751 1037 848 1106 τῆς
875 1038 934 1088 ἐν
987 1035 1291 1106 Ἀντιοχείᾳ
1316 1034 1537 1088 συνόδου
1568 1033 1800 1103 διαλαμ-

233 1131 404 1195 ϐάνει,
429 1132 525 1182 καὶ
550 1130 937 1186 ὑποδιακόνους
978 1129 1071 1183 καὶ
1106 1128 1432 1199 ἐφορκιστὰς
1488 1122 1633 1180 οὗτοι
1664 1126 1804 1180 καθ-

240 1225 504 1279 milioth
534 1224 584 1274 εί
632 1226 726 1275 καὶ
786 1224 814 1275 ὁ
868 1222 1039 1291 μέγας
1080 1221 1357 1282 Βασίλειος
1419 1221 1480 1272 οὐ
1533 1221 1805 1289 συγχωρεῖ

234 1318 411 1379 αὐτοῖς
460 1314 591 1370 ἄνευ
617 1312 841 1384 γνώμης
875 1314 1041 1367 αὐτοῦ
1080 1316 1161 1376 είς
1192 1313 1652 1384 ἐκκλησιαστικὴν
1701 1312 1805 1363 ὑπο

237 1412 465 1480 ηρεσίαν
497 1409 619 1460 τινὰ
648 1407 1081 1477 παραδέχεσθαι,
1112 1406 1200 1459 διὰ
1228 1407 1288 1459 τὸ
1312 1402 1802 1475 καταφρονητικῶς

234 1504 426 1567 αὐτοὺς
447 1503 542 1556 καὶ
572 1503 835 1574 ῥαθύμως
860 1503 990 1571 περὶ
1015 1500 1114 1573 τὴν
1133 1500 1393 1570 ἐπιλογὴν
1418 1499 1527 1554 τῶν
1545 1496 1803 1551 τοιούτων

232 1596 582 1652 διατίθεσθαι.

833 1692 1069 1745 ΚΔΝΩΝ
1102 1689 1202 1745 IE'.

240 1808 259 1839 ι
307 1787 580 1857 Κληρικδς
616 1786 722 1838 ἀπὸ
758 1784 852 1837 τοῦ
891 1784 1156 1854 παρόντος
1187 1784 1261 1853 μὴ
1292 1783 1714 1837 καταταττέσθω
1741 1784 1799 1837 ἐν

306 1897 323 1928 ι
369 1878 520 1929 δυσὶν
573 1874 888 1946 ἐκκλησίαις
923 1888 939 1903 ⁸
987 1876 1258 1943 ἐμπορίας
1317 1873 1427 1941 γὰρ
1458 1872 1551 1925 καὶ
1580 1874 1801 1944 αἰσχρο-

304 1988 325 2020 ‹
372 1969 624 2036 κερδείας
671 1967 801 2020 [διον
842 1964 1021 2025 τοῦτο.
1067 1964 1161 2018 καὶ
1192 1964 1473 2035 ἀλλότριον
1502 1960 1798 2034 ἐκκλησια-

306 2082 323 2113 ι
372 2062 569 2126 στικῆς
623 2057 936 2128 συνηθείας.
999 2056 1345 2126 Ἦκούσαμεν
1377 2057 1484 2127 γὰρ
1515 2056 1574 2119 ἐξ
1628 2056 1798 2123 αὐτῆς

305 2175 325 2208 ι
372 2152 660 2225 Κυριακῆς
719 2152 906 2221 φωνῆς
961 2152 1044 2204 ὅτι
1096 2170 1114 2202 ‹
1152 2150 1225 2204 Οὐ
1281 2149 1502 2202 δύναταί
1546 2166 1629 2213 τις
1678 2130 1800 2201 δυσὶ

306 2267 326 2299 ι
372 2246 585 2317 κυρίοις
606 2243 887 2317 δουλεύειν
920 2257 934 2272 ⁸
966 2244 999 2313 ἢ
1035 2243 1143 2311 γὰρ
1170 2242 1261 2294 τὸν
1289 2242 1385 2294 ἕνα
1422 2240 1664 2312 μισήσει,
1703 2240 1800 2293 καὶ¹

309 2360 329 2394 ι
376 2342 468 2394 τὸν
495 2339 684 2408 ἓτερον
710 2336 1011 2408 ἀγαπήσει,
1036 2335 1068 2404 ἢ
1104 2333 1197 2387 τοῦ
1227 2332 1343 2395 ἐνὸς
1373 2333 1679 2398 ἀνθέξεται,
1706 2332 1800 2384 καὶ

308 2454 327 2487 ι
371 2433 468 2488 τοῦ
543 2430 732 2503 ἐτέρου
802 2428 1225 2499 καταφρονήσει.
1264 2444 1283 2477 ι
1348 2424 1619 2488 Ἕκαστος
1683 2422 1798 2484 οὖν,

304 2552 323 2583 ι
370 2504 508 2584 κατᾶ
541 2526 639 2597 τὴν
664 2522 1031 2593 ἁποστολικὴν
1074 2518 1280 2591 φωνὴν,
1312 2520 1370 2572 ἐν
1398 2514 1443 2586 ᾧ
1481 2517 1708 2589 ἐκλήθη,
1742 2518 1799 2570 ἐν

302 2643 325 2676 ι
366 2623 539 2691 τούτῳ
568 2618 774 2692 ὀφείλει
811 2616 1016 2685 μένειν,
1048 2612 1144 2666 καὶ
1192 2610 1576 2682 προσεδρεύειν
1609 2611 1667 2663 ἐν
1702 2608 1801 2679 μιᾷ

311 2736 331 2769 ι
375 2714 660 2785 ἐκκλησίᾳ.
692 2710 774 2763 Τὰ
804 2710 912 2777 γὰρ
964 2706 1031 2759 δι’
1055 2704 1508 2787 αἰσχροκέρδειαν
1536 2702 1800 2771 γινόμενα

301 2829 322 2862 ι
366 2810 455 2860 ἐπὶ
495 2805 603 2859 τῶν
638 2799 1108 2869 ἐκκλησιαστικῶν
1154 2797 1499 2868 πραγμάτων
1546 2795 1801 2865 ἀλλότρια

307 2915 327 2948 ι
370 2894 464 2948 τοῦ
518 2890 654 2945 Θεοῦ
717 2889 1113 2959 καθεστήκασι.
1183 2887 1329 2957 Πρὸς
1384 2885 1485 2955 τὴν
1530 2884 1624 2938 τοῦ
1682 2882 1799 2954 βίου

302 3007 322 3037 σ
366 2985 559 3038 τούτου
601 2981 793 3053 χρείαν
825 2976 1240 3047 ἐπιτηδεύματά
1282 2977 1390 3028 εἰσι
1418 2975 1651 3044 διάφορα
1680 2988 1694 3002 ⁸
1742 2974 1801 3038 ἐξ

1840 1755 1877 1807 Β

301 3099 321 3128 σ
369 3076 553 3131 αὐτῶν
597 3071 711 3139 οὖν,
760 3073 813 3125 εί
863 3089 944 3134 τις
992 3069 1253 3140 βούλοιτο,
1295 3068 1365 3122 τὰ
1417 3068 1652 3138 χρειώδη
1702 3065 1868 3149 τοῢά

309 3191 327 3222 ι
372 3168 625 3240 σώματος
653 3164 982 3234 ποριζέσθω.
1016 3163 1158 3231 Ἔφη
1208 3160 1318 3231 γὰρ
1351 3160 1385 3211 ὁ
1434 3156 1756 3219 Ἀπόστολος
1781 3171 1797 3187 ’

302 3282 323 3313 ι
373 3263 506 3324 Ταῖς
538 3258 750 3329 χρείαις
813 3272 936 3327 μου,
984 3254 1076 3307 καὶ
1126 3254 1239 3314 τοῖς
1290 3247 1410 3304 οὖσι
1462 3249 1581 3320 μετ’
1642 3248 1801 3320 ἐμοῦ,

306 3374 327 3406 ι
373 3352 728 3422 ὑπηρέτησαν
757 3349 811 3401 αἱ
843 3349 1025 3417 χεῖρες
1071 3338 1252 3399 αὗται.
1292 3361 1311 3395 ι
1360 3344 1471 3396 Καὶ
1497 3343 1671 3395 ταῦτα
1705 3341 1803 3413 μὲν

308 3466 327 3498 ι
370 3447 429 3497 ἐν
461 3442 639 3513 ταύτῃ
668 3443 735 3510 τῇ
764 3438 1116 3507 θεοφυλάκτῳ
1158 3436 1313 3489 πόλει
1348 3451 1360 3466 ο
1394 3438 1452 3488 ἐν
1481 3433 1536 3487 δέ
1565 3435 1673 3497 τοῖς
1699 3433 1804 3500 ἔξω

306 3558 328 3591 ι
372 3534 595 3607 χωρίοις
622 3532 711 3586 διὰ
741 3531 839 3601 τὴν
870 3528 1107 3600 ἔλλειψιν
1143 3528 1254 3582 τῶν
1282 3527 1588 3599 ἀνθρώπων
1620 3544 1802 3598 παρα-

304 3649 328 3683 (
373 3626 677 3699 χωρείσθω.
712 3643 732 3675 ι

299 3723 502 3777 ΒΑΛΣ.
540 3719 724 3788 Σαφής
747 3718 895 3770 ἐστιν
935 3717 963 3768 ὁ
998 3713 1197 3769 κανών.
1228 3714 1533 3785 Διορίζεται
1588 3714 1697 3785 γὰρ
1728 3713 1803 3783 μὴ

228 3809 672 3870 κατατάττεσθαί
697 3824 819 3859 τινα
848 3805 1110 3877 κληρικὸν
1135 3804 1215 3867 είς
1248 3803 1342 3858 δύο
1368 3804 1693 3873 ἐκκλησίας,
1716 3801 1804 3855 διὰ

225 3914 288 3967 τὸ
318 3906 459 3963 εἶναι
482 3905 642 3959 τοῦτο
671 3897 1119 3971 αἰσχροκέρδειαν
1148 3897 1245 3949 καὶ
1283 3895 1576 3966 ἐμπορίαν.
1600 3894 1705 3971 χὨς
1746 3892 1804 3946 δέ

226 4019 378 4063 τινος
411 3997 679 4057 εἰπόντος,
704 3991 815 4045 Καὶ
844 3987 1012 4040 πόθεν
1050 3985 1120 4039 τὰ
1145 3985 1278 4056 πρὸς
1302 3984 1613 4055 ζωάρκειαν
1652 3983 1806 4048 agon-

230 4111 319 4147 σιν
345 4093 396 4144 oi
425 4086 677 4158 κληρικοὶ
706 4080 971 4141 ἁνενδεῶς
996 4094 1009 4143 ;
1063 4073 1215 4131 εἶπον
1244 4078 1292 4129 οἱ
1351 4078 1591 4147 Πατέρες
1637 4075 1805 4128 πολλὰ

228 4182 375 4238 εἶναι
403 4182 497 4234 καὶ
524 4179 758 4246 διάφορα
784 4172 1220 4241 ἐπιτηδεύματα,
1252 4167 1514 4239 ἐλεύθερα
1546 4166 1639 4221 καὶ
1664 4167 1804 4220 ἀκα-

226 4277 521 4343 τάγνωστα
540 4284 553 4297 ⁸
585 4269 685 4329 ,καὶ
715 4263 1125 4343 ποριζέσθωσαν
1158 4259 1225 4313 δι’
1255 4258 1434 4312 αὐτῶν
1457 4259 1524 4311 τὰ
1548 4256 1802 4329 χρειώδη.

233 4334 568 4437 Παρήγαγον
596 4360 652 4413 δέ
704 4357 798 4411 καὶ
846 4334 1071 4425 χρήσέις
1109 4353 1270 4422 χάριν
1315 4350 1505 4405 τούτου
1550 4351 1658 4404 ἀπὸ
1698 4350 1805 4404 τῶν

1900 674 2158 744 episcopo
2184 690 2279 745 per
2301 692 2556 731 manuum
2582 678 3136 750 ejusjmpositioucm
3164 684 3470 739 mansionis

1901 779 2088 819 curam
2134 774 2481 836 acceperunt,
2519 784 2714 825 manus
2748 770 2801 825 in
2854 772 3107 827 lectorem
3153 774 3469 845 imponendi

1903 857 1957 910 in
1990 872 2089 912 suo
2118 859 2235 913 solo
2272 863 2600 916 monasterio
2624 872 2863 930 potestas
2889 865 3068 919 datur.
3100 865 3204 922 Sed
3228 877 3282 923 et
3310 869 3471 923 chor-

1899 948 2141 1019 episcopi
2184 949 2421 1005 lectores
2472 952 2848 1009 ordinabunt:
2892 965 2952 1009 ut
2985 965 3166 1011 autem
3222 958 3469 1013 decimus

1903 1040 2093 1109 synodi
2152 1040 2507 1097 Antiochense
2563 1058 2738 1099 canon
2793 1048 3004 1113 statuit,
3062 1049 3468 1118 hypodiaconus

1901 1134 2062 1187 etiam
2093 1142 2147 1187 et
2176 1134 2476 1189 exorcistas
2508 1132 2582 1187 illi
2609 1140 2965 1192 constituunt.
2992 1137 3212 1191 Etiamsi
3239 1138 3471 1194 Basilius

1903 1240 2134 1294 magnus
2162 1225 2264 1280 hoc
2290 1227 2370 1281 eis
2417 1241 2524 1281 non
2576 1230 2845 1293 concedit,
2874 1231 2992 1286 sine
3020 1232 3138 1301 ejus
3168 1234 3470 1299 voluntate,

1902 1316 1969 1369 ad
2004 1315 2435 1370 ecclesiasticum
2482 1316 2845 1374 ministerium
2895 1323 3206 1391 quempiam
3258 1325 3474 1379 admit-

1902 1417 2051 1473 tere;
2082 1410 2208 1478 quia
2236 1411 2312 1464 illi
2351 1392 2705 1484 conteinptitu
2753 1424 2811 1469 et
2853 1415 3152 1473 oscitanter
3192 1416 3246 1471 in
3280 1417 3471 1473 talium

1902 1498 2173 1557 electione
2206 1518 2267 1559 se
2295 1516 2515 1574 gerunt.

2484 1685 2711 1741 CANON
2770 1685 2888 1741 XV.

1913 1794 1933 1827 ι
1980 1775 2221 1832 Clericus
2245 1778 2313 1832 ab
2342 1778 2445 1833 hoc
2473 1780 2728 1849 deinceps
2759 1790 3006 1851 tempore
3038 1782 3090 1835 in
3127 1782 3342 1838 duabus
3377 1799 3468 1838 ec-

1980 1885 2000 1919 ς
2034 1868 2216 1924 clesiis
2245 1886 2354 1925 non
2390 1871 2687 1928 collocetur
2730 1888 2745 1927 :
2793 1876 3175 1944 negotiationis
3221 1878 3365 1930 enim
3415 1884 3472 1930 et

1977 1977 1997 2011 ι
2036 1960 2210 2029 turpis
2241 1961 2377 2025 lucri
2419 1966 2700 2035 proprium
2731 1974 2815 2023 est
2839 2008 2854 2032 ,
2886 1974 2940 2022 et
2978 1974 3045 2022 at)
3100 1969 3471 2027 ecclesiastica

1979 2072 1998 2106 ι
2038 2057 2433 2112 consuetudine
2481 2059 2744 2115 alienum.
2792 2062 2873 2115 Ab
2908 2063 3023 2132 ipsa
3074 2063 3219 2117 enim
3254 2065 3469 2119 Domini

1977 2164 1997 2198 ι
2045 2163 2179 2204 voce
2214 2150 2545 2214 audivimus,
2584 2170 2602 2202 ι
2641 2169 2750 2207 non
2800 2168 2960 2222 posse
2987 2157 3297 2226 quempiam
3336 2157 3474 2212 duo-

1979 2254 1998 2287 ι
2032 2237 2136 2292 bus
2160 2236 2397 2293 dominis
2422 2240 2673 2295 servire;
2708 2243 2790 2296 vel
2825 2242 2969 2297 enim
3007 2260 3171 2299 unum
3206 2245 3333 2300 odio
3368 2248 3471 2299 ha-

1979 2348 1998 2382 ι
2042 2330 2211 2396 hebit,
2244 2342 2295 2385 et
2321 2332 2552 2387 alterum
2586 2333 2807 2404 diliget;
2839 2336 2918 2388 vel
2953 2352 3118 2389 unum
3171 2342 3468 2406 amplecte-

1979 2438 1999 2473 ι
2038 2430 2146 2488 tur,
2172 2430 2224 2475 et
2253 2423 2480 2478 alterum
2517 2425 2753 2495 negliget
2780 2426 2847 2479 °'.
2887 2426 3271 2499 Unusquisque
3315 2444 3468 2499 ergo,

1981 2530 2000 2563 ι
2042 2514 2347 2569 secundum
2384 2515 2590 2570 dictum
2620 2517 2977 2585 apostolicum
3003 2556 3022 2583 ,
3054 2520 3108 2574 in
3153 2535 3238 2583 eo,
3272 2520 3329 2575 in
3361 2537 3475 2591 quo

1979 2623 1998 2658 ι
2046 2614 2273 2662 vocatus
2316 2617 2437 2671 est,
2486 2609 2647 2662 debet
2696 2624 2939 2675 manere,
2989 2619 3042 2665 et
3076 2611 3129 2664 in
3162 2610 3322 2683 317
3363 2629 3470 2668 una

1978 2714 1997 2747 ι
2036 2699 2261 2753 ecclesia
2306 2700 2569 2755 assidere.
2598 2700 2729 2768 Quae
2759 2702 2905 2757 enim
2938 2714 3157 2773 propter
3190 2715 3347 2775 turpe
3374 2707 3462 2761 lu-

1980 2806 1999 2841 (
2039 2804 2190 2844 crum
2227 2791 2364 2846 ﬁunt
2393 2793 2445 2847 in
2470 2793 2862 2849 ecclesiasticis
2910 2796 3167 2866 negotiis,
3201 2814 3263 2852 ea
3298 2815 3328 2852 a
3356 2798 3473 2853 Deo

1981 2898 2000 2933 ι
2037 2891 2166 2936 sunt
2198 2884 2396 2940 aliena.
2427 2884 2507 2940 Ad
2553 2886 2716 2956 hujus
2755 2896 2934 2941 autem
2982 2888 3103 2942 vita:
3137 2904 3294 2944 usum
3345 2902 3474 2946 sunt

1979 2989 1998 3024 ι
2040 2973 2261 3028 diversa.
2286 2976 2468 3031 studia
2498 2993 2512 3031 :
2552 2993 2620 3033 ex
2654 2979 2722 3033 iis
2757 2994 2908 3049 ergo,
2944 2980 2988 3033 si
3025 2980 3151 3049 quis
3206 2983 3375 3052 velit,
3409 3001 3472 3039 ea

1979 3081 1997 3113 ι
2035 3080 2155 3134 qua:
2181 3076 2307 3120 sunt
2327 3067 2541 3137 corpori
2556 3068 2617 3122 ad
2650 3085 2806 3123 usum
2838 3071 3146 3129 necessaria
3174 3086 3470 3145 comparet.

1980 3174 1997 3207 ι
2045 3157 2185 3213 Dixit
2214 3159 2357 3213 enim
2390 3160 2703 3229 Apostolus;
2742 3181 2760 3213 ι
2791 3163 2980 3218 usibus
3010 3167 3165 3230 meis,
3194 3178 3247 3220 et
3277 3166 3345 3222 iis
3378 3170 3473 3239 qui

1980 3268 2000 3300 ι
2037 3266 2249 3311 mecum
2278 3264 2424 3317 sunt,
2466 3270 2662 3311 manus
2696 3257 2810 3312 ista:
2837 3260 3326 3315 subministrat-unt
3351 3262 3417 3315 “.
3446 3280 3468 3312 ι

1983 3361 2001 3394 ι
2045 3342 2109 3396 Et
2143 3345 2256 3399 haec
2283 3346 2499 3413 quidem
2534 3349 2588 3402 in
2626 3350 2726 3404 hac
2774 3366 2803 3404 a
2852 3350 2960 3405 Deo
2986 3354 3360 3408 conservanda
3394 3352 3477 3407 ci-

1981 3456 2000 3488 ‹
2041 3436 2201 3492 vitate
2229 3454 2245 3491 :
2280 3430 2331 3493 in
2364 3440 2431 3492 iis
2464 3450 2644 3495 autem
2674 3457 2795 3512 quae
2823 3454 2973 3499 extra
2997 3455 3123 3499 sunt
3152 3446 3285 3503 locis
3337 3460 3471 3516 pro-

1979 3548 1998 3582 ι
2037 3544 2153 3598 pter
2182 3530 2463 3585 hominum
2491 3533 2729 3602 inopiam
2764 3533 3130 3607 indulgeatur.
3161 3555 3179 3589 ι

1976 3706 2167 3762 BALS.
2195 3707 2524 3779 Perspicuus
2554 3716 2639 3766 est
2667 3726 2865 3765 canon.
2916 3710 3123 3767 Statuit
3180 3714 3350 3781 enim,
3404 3730 3474 3769 ne

1904 3801 2032 3869 quis
2061 3800 2294 3855 clericus
2323 3802 2376 3855 in
2396 3802 2612 3858 duabus
2642 3806 2888 3859 ecclesiis
2915 3808 3303 3874 constituatur,
3326 3807 3473 3877 quod

1906 3891 1957 3946 id
1991 3892 2064 3947 sit
2102 3902 2259 3961 turpe
2291 3894 2503 3947 lucrum
2542 3902 2597 3948 et
2630 3895 2953 3963 negotiatio.
3002 3896 3241 3951 Perinde
3285 3908 3469 3951 autent

1904 3988 2041 4055 ac‘si
2073 3985 2307 4040 dixisset
2338 3987 2646 4055 quispiam;
2694 3987 2759 4040 Et
2800 3988 3164 4047 undecleriei
3207 4004 3293 4053 ea,
3347 4004 3470 4057 quae

1906 4079 1971 4131 ad
2009 4078 2210 4131 victum
2250 4077 2551 4144 sulliciunt,
2602 4078 2742 4132 citra
2778 4079 2955 4133 ullam
2983 4078 3339 4148 indigentiam
3371 4078 3470 4131 ha-

1908 4170 2150 4225 bebunt?
2185 4168 2445 4229 dixerunt
2488 4169 2698 4232 Patres,
2750 4170 2919 4223 multa
2976 4184 3099 4224 esse
3144 4178 3198 4224 et
3250 4169 3466 4224 diversa

1918 4263 2119 4329 studia,
2150 4263 2318 4317 libera
2352 4274 2408 4317 et
2452 4278 2561 4319 non
2614 4262 2921 4317 damnanda
2950 4281 2964 4318 :
2995 4273 3051 4318 et
3102 4278 3196 4334 per
3232 4278 3295 4318 ea
3349 4280 3472 4334 qua:

1910 4357 2013 4412 sibi
2047 4365 2177 4411 sunt
2206 4354 2274 4409 ad
2307 4355 2510 4410 victum
2547 4356 2858 4411 necessaria
2883 4355 3189 4424 acquirant.
3220 4353 3473 4410 Adduxe-

232 4429 500 4529 Πραέεων
523 4453 634 4505 τῶν
673 4448 986 4503 ἀποστόλων
1023 4445 1118 4498 καὶ
1146 4442 1522 4513 εὐαγγελικάς.
1556 4443 1649 4506 Εἰς
1679 4443 1805 4512 μέν.

1912 4456 2041 4504 runt
2073 4457 2255 4503 autem
2303 4447 2470 4517 hujus
2520 4447 2595 4503 rei
2631 4448 2808 4516 gratia
2862 4448 3024 4502 etiam
3072 4449 3373 4503 sententias
3403 4464 3472 4503 ex

229 4567 318 4603 τοι
357 4548 456 4609 τὰς
488 4543 592 4606 ἐξω
621 4541 717 4609 τῆς
770 4534 1164 4608 βασιλευούσης
1195 4536 1303 4587 τῶν
1356 4534 1565 4586 πόλεων
1600 4532 1803 4606 χώρας,

223 4638 363 4695 ἔνθα
389 4635 563 4706 λεῖψις
582 4628 883 4701 ἀνθρώπων
913 4626 1129 4680 εἰδότων
1152 4624 1454 4697 γράμματά
1482 4626 1622 4689 ἐστι,
1663 4642 1809 4697 παρ-

226 4735 526 4805 εχώρησαν
548 4726 641 4779 καὶ
669 4724 749 4785 είς
777 4719 869 4773 δύο
896 4716 1192 4788 ἐκκλησίας
1224 4715 1653 4770 κατατάττεσθαί
1686 4733 1806 4770 τινα

224 4823 523 4895 κληρικόν.
557 4818 772 4871 Γίνεται
807 4813 864 4867 δὲ
895 4812 1134 4882 σήμερον
1161 4809 1222 4862 τὸ
1255 4808 1540 4863 ἀνάπαλιν.
1582 4809 1673 4863 Ἐν
1697 4809 1805 4879 γὰρ

218 4922 357 4982 ταῖς
389 4916 495 4982 ἔξω
524 4911 726 4984 χώραις
765 4908 852 4961 διὰ
910 4904 1008 4976 τὴν
1037 4902 1319 4974 βασιλικὴν
1354 4902 1671 4968 ἐξκουσείαν
1694 4902 1803 4956 τῶν

218 5008 434 5079 ἱερέων
469 5002 686 5063 πλείους
716 4998 855 5051 εἰσὶν
876 4997 923 5049 oi
956 4994 1209 5065 κληρικοὶ
1250 4994 1403 5065 παρὰ
1432 4994 1554 5055 ταῖς
1598 4992 1802 5065 ἐκκλη-

222 5104 407 5162 σίαις,
440 5098 531 5149 καὶ
560 5093 646 5147 δια
673 5090 830 5144 τοῦτο
861 5086 1035 5149 οὐδεὶς
1065 5086 1457 5143 κατατάττεται
1480 5086 1560 5147 είς
1586 5086 1679 5139 δύο
1707 5090 1802 5139 ἐκ·

224 5190 497 5263 χλησίας.
540 5187 624 5239 Ἐν
648 5185 704 5237 δὲ
738 5185 803 5254 τῇ
838 5178 1195 5253 βασιλευούσῃ
1222 5179 1331 5234 τῶν
1376 5179 1581 5233 πόλεων
1612 5179 1672 5231 οὐ
1707 5180 1803 5249 μό-

223 5302 326 5339 νον
354 5284 437 5344 είς
469 5278 562 5331 δύο
588 5274 900 5344 ἐκκλησίας,
926 5272 1059 5327 ἀλλὰ
1092 5272 1185 5325 καὶ
1209 5272 1288 5336 είς
1326 5272 1475 5341 τρεῖς
1506 5272 1555 5324 οἱ
1584 5271 1801 5335 πλείους

223 5374 688 5431 κατατάττονται.
743 5367 834 5430 Ὠς
888 5368 1028 5419 ἔοικε
1069 5364 1145 5429 δὲ,
1188 5361 1667 5433 κατεφρονήθησαν
1732 5364 1802 5417 τὰ

231 5469 339 5522 τοῦ
373 5466 640 5538 παρόντος
670 5463 915 5525 κανόνος,
968 5458 1057 5510 διὸ.
1089 5458 1148 5510 τὸ
1191 5457 1295 5528 μὴῑ
1323 5454 1645 5521 κολάζεσθαι
1678 5456 1807 5519 τοὺς

233 5563 439 5617 τούτου
471 5555 916 5629 καταφρονητὰς,
946 5552 1088 5625 sata
1112 5554 1173 5606 τὺ
1222 5550 1425 5616 πλῆθος
1461 5551 1570 5609 τῶν
1602 5551 1804 5622 ἐκκλη-

298 5774 368 5823 ι⁶⁵
403 5769 591 5826 Matth.
624 5765 803 5831 vn“.
881 5763 925 5795 “
961 5764 1081 5819 Act.
1125 5777 1215 5827 xx,
1259 5761 1347 5815 54.

1912 4540 2143 4599 Actibus
2176 4541 2550 4610 apostolorum
2582 4550 2635 4594 et
2665 4554 2734 4594 ex
2760 4538 3093 4619 Evangeliis.
3140 4540 3199 4593 In
3232 4541 3474 4611 regioni-

1910 4628 2012 4687 bus
2040 4640 2250 4697 autem,
2283 4647 2401 4701 qua:
2438 4641 2567 4687 sunt
2597 4641 2749 4687 extra
2783 4632 3025 4699 reginam
3070 4631 3286 4686 urbium
3310 4673 3326 4698 ,
3374 4634 3468 4688 ubi
3522 4658 3529 4665 -

1905 4733 1987 4779 est
2008 4724 2187 4794 inopia
2224 4723 2504 4779 hominum
2536 4724 2628 4793 qui
2657 4724 2839 4778 sciunt
2871 4723 3106 4786 litteras,
3139 4724 3466 4793 permissum

1906 4822 1990 4869 est
2032 4824 2093 4867 ut
2124 4813 2326 4881 aliquis
2358 4813 2593 4869 clericus
2628 4814 2682 4867 in
2713 4813 2931 4869 duabus
2952 4814 3211 4871 ccclesiis
3250 4817 3463 4870 consti-

1906 4913 2113 4969 tuatur.
2149 4903 2236 4958 Fit
2268 4914 2449 4961 autem
2478 4905 2642 4962 hodie
2674 4914 2887 4961 contra.
2933 4908 2987 4960 ln
3046 4907 3286 4961 externis
3317 4907 3463 4962 enim

1869 5042 1874 5050 .
1906 4996 2242 5068 regionibus,
2279 5008 2502 5067 propter
2556 4997 2889 5065 itnperialem
2922 4999 3267 5055 sacerdotum
3300 5012 3466 5053 excu-

1904 5090 2189 5153 sationem,
2248 5089 2432 5144 clerici
2496 5100 2626 5144 sunt
2686 5089 2869 5159 plures
2921 5089 3192 5152 ecclesiis,
3240 5099 3295 5144 et
3342 5091 3463 5144 ideo

1903 5183 2086 5238 nullus
2112 5182 2168 5236 in
2208 5182 2418 5237 duabus
2446 5182 2700 5237 ecclesiis
2752 5182 3129 5237 constituitur.
3184 5180 3240 5235 in
3275 5181 3461 5251 regina

1906 5288 2085 5333 autem
2122 5275 2361 5339 urbium,
2398 5291 2506 5329 non
2546 5277 2741 5331 solum.
2770 5276 2826 5329 in
2860 5273 3096 5340 duabus,
3150 5273 3246 5329 sed
3298 5273 3461 5327 etiam

1922 5371 1976 5423 in
2008 5368 2182 5423 tribus
2226 5369 2477 5424 ecclesiis
2518 5367 2762 5438 plerique
2796 5367 3230 5422 constituuntur.
3268 5361 3339 5418 Ut
3379 5371 3465 5418 est

1904 5467 2084 5512 autem
2144 5457 2460 5525 verisimile,
2527 5473 2764 5526 przesens
2822 5471 2998 5512 canon
3060 5454 3326 5526 neglectui
3378 5462 3464 5507 est

1905 5550 2125 5607 habitus
2170 5566 2235 5607 eo
2277 5551 2419 5622 quod
2458 5564 2566 5603 non
2612 5550 2911 5620 puniantur
2949 5550 3070 5618 ejus
3121 5554 3465 5618 contempto.

1898 5764 1918 5791 η
