4074 6214
621 260 729 326 957

1889 263 2163 326 THEOD.
2197 263 2425 324 BALSA
2436 262 2591 323 MON

2197 263 2425 324 BALSA
2436 262 2591 323 MON
3712 274 3787 337 9.63

627 388 757 438 res;
812 372 895 427 vel
952 381 1177 445 propter
1221 371 1581 427 ccc.esiarum
1644 373 2073 440 multitudinem,
2118 377 2203 429 vel

2190 377 2203 429 ι
2237 396 2277 445 Α
2312 374 2445 425 σιῶν
2472 374 2569 427 καὶ
2602 372 2697 444 τὴν
2745 371 3105 443 στενοχωρίαν
3134 371 3241 425 τῶν
3298 373 3693 450 ἀξιολογωτὲρων
3727 393 3798 439 καὶ

627 471 915 534 propterea
951 464 1093 533 quod
1144 462 1239 532 qui
1289 463 1439 533 digni
1475 476 1623 527 sunt,
1674 480 1783 519 una
1845 482 1970 519 cum
2029 470 2195 520 rebus

633 556 789 625 ipsis,
819 557 872 610 in
915 569 1204 627 angustum
1236 557 1507 611 contracti
1541 567 1690 611 sunt.
1737 560 1840 625 Qui
1877 570 2063 613 autent
2114 560 2199 613 di~

629 660 763 703 cunt
802 664 1067 703 canonem
1100 658 1339 703 tractare
1371 650 1437 703 dc
1477 651 1564 713 iis,
1596 651 1687 719 qui
1729 652 1781 705 in
1820 653 2051 705 duarum
2104 668 2199 705 nr-

628 744 777 795 bium
812 742 990 794 cleros
1028 741 1218 795 referri
1254 743 1467 804 volunt,
1506 746 1647 796 male
1676 741 1887 797 dicunt.
1916 745 2021 798 Alii
2054 745 2199 800 enim

626 846 870 884 canones
904 833 1006 885 hoc
1044 831 1525 888 \ebementissitne
1558 834 1818 903 puniunt.
1950 836 1953 837 ⁷

711 922 965 978 ZONAR.
1029 925 1291 979 Euunlem
1352 925 1565 981 duabus
1623 928 1871 982 ecclesiis
1931 930 2194 983 clericum

626 1031 803 1069 canon
852 1018 1053 1071 ascribi
1105 1024 1272 1081 vetat,
1340 1021 1516 1087 turpis
1571 1019 1709 1071 lucri
1763 1020 2079 1074 aviditatem
2136 1036 2201 1074 ac

626 1109 1059 1177 negotiationem
1124 1108 1178 1163 id
1239 1111 1545 1179 appellans.
1602 1110 1771 1165 Nemo
1823 1114 1969 1167 enim
2020 1123 2201 1184 potest

626 1203 843 1265 duobus
879 1202 1116 1257 dominis
1166 1205 1394 1268 servire,
1446 1213 1502 1257 et
1554 1206 1957 1275 unusquisque,
2002 1212 2097 1271 ait,
2144 1218 2202 1261 ut

636 1303 825 1347 monet
850 1293 1171 1362 Apostolus,
1208 1294 1258 1347 in
1284 1310 1392 1363 quo
1426 1297 1617 1349 ordine
1643 1307 1866 1352 vocatus
1895 1307 1997 1363 est,
2031 1300 2081 1352 in
2111 1300 2204 1353 illo

627 1394 946 1453 permaneat
986 1404 998 1438 ι
1034 1386 1085 1439 itt
1123 1384 1281 1454 cujus
1316 1389 1478 1456 igitur
1509 1387 1754 1442 ecclesia:
1786 1391 1992 1443 clerum
2022 1391 2198 1459 primo

626 1479 857 1545 quisque
912 1477 1192 1531 sublectos
1252 1489 1357 1543 est,
1428 1474 1487 1532 in‘
1538 1494 1600 1532 ea
1653 1481 1945 1533 stationem
2000 1482 2203 1535 habere

628 1578 893 1639 perpetuo
921 1569 1094 1637 jubet.
1128 1570 1423 1624 Abducunt
1452 1571 1722 1640 siquidem
1755 1588 1981 1641 prorsus
2010 1593 2036 1625 a
2067 1573 2201 1641 Deo,

628 1675 970 1729 qurecuuque
1006 1661 1058 1714 in
1114 1663 1509 1717 ecclesiasticis
1560 1665 1723 1719 rebus
1764 1667 2001 1721 sordidze
2054 1669 2203 1721 utili—

2300 467 2410 519 τῶν
2448 467 2815 535 πραγμάτων.
2854 466 2918 517 Οἱ
2976 465 3033 517 δὲ
3066 465 3308 530 λέγοντες
3362 467 3449 519 τὸν
3498 472 3671 525 κανόνα
3714 477 3800 547 (56)

2302 558 2687 627 διαλαμϐάνειν
2725 559 2856 626 περὶ
2886 556 2993 609 τῶν
3044 556 3377 625 βουλομένων
3424 563 3499 623 εἰς
3537 562 3620 616 δύο
3656 568 3803 631 πόλεις

2304 650 2740 704 κατατάττεσθαι
2769 651 3023 719 κλήρους,
3072 651 3255 710 κακῶς
3292 651 3518 719 λέγουσι.
3550 655 3700 709 Τοῦτο
3723 662 3803 730 γὰρ

2302 744 2481 814 ἐτεροι
2511 743 2759 812 διάφοροι
2786 744 3009 807 κανόνες
3032 745 3172 813 μετὰ
3202 742 3545 814 σφοδρότητος
3568 749 3802 805 ἐκόλασαν.

2372 922 2617 975 ΖΩΝΑΡ.
2648 920 2721 974 Τὸ
2753 922 2808 972 ἐν
2838 921 2932 974 δύο
2962 921 3285 991 ἐκκλησίαις
3336 922 3610 978 τάττεσθαι
3657 928 3805 998 κληρι.

2310 1014 2405 1066 κον
2444 1013 2535 1066 τὸν
2576 1012 2741 1066 αὐτὸν
2777 1013 3109 1083 ἀπαγορεύει
3131 1016 3157 1065 ὁ
3187 1011 3384 1077 κανὼν,
3418 1016 3804 1087 αἰσχροκέρδειαν

2304 1106 2467 1159 τοῦτο
2519 1106 2700 1159 καλῶν
2736 1108 2831 1159 καὶ
2893 1106 3182 1176 ἐμπορίαν.
3245 1106 3431 1169 Οὐδεὶς
3485 1108 3587 1176 γὰρ
3633 1109 3806 1165 δύναται

2302 1196 2427 1249 δυσὶ
2472 1198 2686 1267 κυρίοις
2724 1197 3013 1261 δουλεύειν,
3080 1198 3173 1250 καὶ
3239 1197 3482 1261 ἕκαστος,
3516 1201 3658 1269 φησι,
3702 1208 3807 1258 κατὰ

2302 1287 2394 1340 τὸν
2438 1287 2792 1353 Ἀπὸστολον,
2834 1290 2892 1340 ἐν
3004 1288 3208 1358 ἐκλήθη
3235 1290 3403 1353 τάξει,
3457 1292 3513 1343 ἐν
3560 1293 3708 1364 ταύτῃ

2308 1380 2465 1443 νὲτω,
2492 1381 2585 1433 καὶ
2628 1380 3018 1451 προσεδρεύειν
3054 1380 3264 1434 κελεύει
3314 1384 3378 1452 τῇ
3428 1383 3690 1455 ἐκκλησία,
3719 1383 3806 1460 ἐνῇ

2303 1473 2364 1537 ἐξ
2390 1474 2563 1544 ἀρχῆς
2613 1475 2922 1545 ἐκληρώθη.
2966 1474 3105 1528 Ὀσα
3152 1474 3262 1545 γὰρ
3313 1476 3381 1529 δι’
3426 1479 3807 1549 αἰσχροκέρδειαν

2304 1565 2541 1633 γίνονται
2580 1568 2672 1619 ἐπὶ
2701 1566 2810 1618 τῶν
2843 1566 3342 1639 ἐκκλησιαστικῶν,
3388 1568 3701 1638 ἁλλοτριοῦσι
3737 1574 3806 1624 τοῦ

2305 1656 2464 1711 Θεοῦ.
2492 1658 2565 1710 Τὸ
2596 1658 2652 1710 δὲ
2711 1662 2767 1712 ἐν
2816 1661 2910 1713 δύο
2971 1660 3293 1731 ἐκκλησίαις
3331 1663 3607 1716 τάττεσθαι
3642 1666 3809 1727 πάντως

632 1754 763 1806 latis
790 1754 1093 1821 cupiditate
1126 1764 1415 1823 geruntur.
1443 1756 1595 1821 Quod
1630 1773 1758 1811 vero
1789 1758 2003 1815 duabus
2029 1760 2202 1815 ccele—
2236 1776 2241 1824 1

2198 1792 2202 1801 .
2236 1771 2276 1824 Β
2304 1750 2393 1809 διά
2433 1751 2493 1802 τὸ
2521 1753 2910 1823 ἀμφοτέρωθεν
2950 1754 3250 1823 λαμϐάνειν
3297 1756 3571 1823 σιτηρέσια
3632 1757 3807 1823 γίνεται.

628 1848 725 1901 siis
758 1847 1031 1915 quispiam
1103 1848 1432 1915 aseribatur,
1470 1865 1694 1918 prorsus
1727 1867 1793 1905 ex
1828 1868 1896 1906 eo
1932 1852 2010 1915 fit,
2051 1864 2106 1907 ut
2132 1870 2198 1908 ex

633 1948 865 2008 utraque
896 1942 1155 1995 videlicet
1212 1942 1533 1999 demensum
1567 1949 1825 2017 accipiat,
1871 1965 1981 2020 quo
2023 1952 2074 2005 iu
2112 1952 2199 2006 lu-

628 2035 770 2087 cello
806 2035 1085 2103 turpitudo
1147 2035 1314 2091 inest.
1359 2035 1496 2092 Hinc
1546 2040 1713 2094 veluti
1759 2042 2039 2112 obiicienti
2074 2046 2191 2099 cui-

631 2124 814 2194 piam;
848 2125 963 2193 Qua
996 2128 1209 2181 ratione
1242 2128 1403 2197 igitur
1430 2132 1595 2184 vitam
1630 2131 1827 2187 Clerici
1864 2135 2199 2201 tolerabunt,

632 2220 677 2271 si
718 2217 923 2281 minus,
960 2234 1133 2286 quant
1184 2219 1317 2287 ipsis
1379 2219 1609 2274 sulliciat
1639 2262 1653 2284 ,
1705 2225 1773 2277 ab
1821 2240 1927 2278 una
1969 2227 2199 2280 ecclesia

627 2309 1052 2378 Suppetlitetur?
1086 2311 1354 2366 AuctOres
1389 2315 1615 2367 canonis
1646 2315 1862 2370 diversa
1890 2319 2198 2372 studiorum

628 2416 831 2471 gt'ttera
865 2416 988 2455 esse
1019 2405 1372 2471 respondent,
1406 2406 1607 2474 quibus
1641 2422 1704 2460 ea
1734 2424 1855 2477 quae
1898 2411 1963 2463 ad
1998 2412 2197 2465 victum

629 2499 903 2563 pertinent
930 2506 1337 2565 comparentur.
1370 2496 1545 2550 Unum
1574 2498 1737 2566 igitur
1764 2516 1829 2553 ex
1855 2501 1924 2556 iis
1955 2501 2200 2571 aliquod.

627 2590 791 2656 cujus
842 2601 945 2657 ope
996 2587 1100 2640 sibi
1158 2589 1469 2643 necessaria
1523 2590 1895 2655 conquirant,
1951 2592 2202 2661 amplecti

632 2676 853 2739 debere,
914 2691 1140 2745 remque
1203 2676 1507 2745 apostolico
1569 2676 1792 2729 oraculo
1850 2676 2199 2742 confirmant,

628 2766 863 2831 dicente,
906 2766 1101 2821 Manus
1159 2783 1287 2822 mea:
1321 2768 1700 2822 ministrarum
1755 2768 1938 2823 usibus
1970 2772 2116 2831 meis,
2154 2783 2201 2825 et

628 2862 694 2914 iis
729 2862 1051 2930 qui-nucum
1082 2871 1227 2926 sunt,
1256 2876 1316 2915 ut
1347 2865 1400 2916 in
1428 2863 1577 2918 Actis
1605 2864 1853 2918 habetur.
1887 2864 2063 2934 Atque
2089 2866 2201 2919 lucc

628 2954 871 3022 quidetn,
909 2952 1186 3021 inquiunt,
1218 2954 1270 3007 in
1299 2954 1399 3008 hac
1445 2968 1640 3023 magna
1674 2969 1736 3007 ac
1761 2956 1951 3025 regina
1986 2956 2198 3012 urbium

629 3048 869 3111 civitate,
919 3054 1139 3116 propter
1176 3046 1460 3100 hominum
1495 3061 1616 3115 qua:
1648 3047 1701 3101 in
1733 3063 1794 3103 ea
1840 3059 1923 3104 est
1957 3050 2203 3106 multitu-

629 3137 836 3203 dinem,
882 3137 956 3189 ita
1006 3136 1211 3191 servari
1262 3137 1543 3207 jubemus.
1586 3137 1779 3193 Verum
1824 3149 1979 3193 extra
2025 3140 2195 3207 illam,

2306 1840 2444 1911 ὅπερ
2470 1842 2696 1910 κέρδους
2721 1843 2947 1914 αἰσχροῦ
2978 1848 3147 1897 ἐστιν.
3194 1846 3403 1915 Ὠσπερ
3439 1846 3493 1898 δέ
3531 1862 3657 1908 τινος
3674 1847 3808 1899 ἀντει-

2305 1933 2497 1996 πόντος
2526 1934 2634 1999 ὃτι,
2672 1935 2779 1986 Καὶ
2805 1937 2922 1998 πῶς
2947 1936 3206 2007 ζήσονται
3250 1940 3299 1992 οἱ
3339 1939 3728 2009 κεκληρωμένοι,
3756 1940 3810 2007 μὴ

2307 2030 2643 2099 ἀρκούμενοι
2675 2034 2788 2094 τοῖς
2813 2033 3116 2103 διδομένοις
3162 2035 3351 2099 αὐτοῖς
3386 2037 3447 2089 ἐκ
3488 2039 3578 2108 τῆς
3615 2038 3718 2105 μιας
3747 2036 3810 2086 ἐκ·

2308 2122 2573 2191 κλησίας;
2612 2124 2981 2177 ἀντιτιθέασιν
3038 2128 3086 2179 οἱ
3119 2129 3349 2197 ποιηταὶ
3398 2126 3490 2180 τοῦ
3526 2128 3718 2189 κανόνος
3753 2128 3809 2176 ἰτι

2303 2214 2531 2286 διάφορά
2548 2217 2687 2268 εἰσιν
2709 2218 3117 2288 ἐπιτηδεύματα
3138 2222 3281 2289 πρὸς
3299 2221 3396 2288 τὴν
3419 2220 3509 2272 τοῦ
3528 2220 3631 2289 βίον
3650 2222 3808 2289 χρείαν,

2305 2310 2400 2361 καὶ
2420 2310 2485 2361 ἐκ
2504 2310 2709 2362 τούτων
2730 2314 2849 2364 τινὰ
2874 2315 3355 2382 μετερχέσθωσαν,
3380 2316 3484 2376 ἵνα,
3504 2309 3574 2368 ὧν
3590 2315 3810 2384 χρῄζουσι,

2303 2401 2392 2453 διὰ
2426 2400 2630 2453 τούτων
2664 2402 2833 2454 ταῦτα
2860 2405 3216 2473 πορίζωνται,
3258 2409 3354 2461 καὶ
3404 2410 3464 2460 ἐκ
3501 2404 3587 2461 ⁴¹τοῦ
3639 2408 3812 2459 ἀποστό-

2304 2492 2396 2544 λου
2439 2497 2633 2563 χρῆσιν
2674 2496 3035 2565 παράγουσιν,
3081 2502 3153 2551 Αἱ
3205 2499 3401 2568 χεῖρές
3427 2519 3561 2569 μου,
3607 2502 3810 2562 είπόντοξ,

2306 2587 2699 2653 ὑπηρέτησαν
2728 2588 2858 2654 ταῖς
2894 2592 3121 2659 χρείαις
3142 2610 3269 2661 μου
3300 2595 3398 2646 καὶ
3446 2594 3565 2659 τοῖς
3589 2588 3706 2646 οὖσι
3721 2590 3811 2661 μετ’

2305 2680 2472 2748 ἐμοῦ,
2506 2681 2581 2744 ὠς
2633 2685 2689 2735 ἐν
2720 2685 2842 2747 ταῖς
2894 2685 3135 2755 Πράξεσι
3197 2687 3534 2757 γέγραπται.
3567 2685 3723 2739 Ταῦτα
3758 2686 3811 2746 δὲ,

2305 2775 2463 2840 φασὶ,
2492 2774 2721 2843 λέγομεν
2768 2776 3016 2844 γίνεσθαι
3064 2781 3121 2832 ἐν
3161 2780 3342 2853 ταύτῃ
3408 2784 3471 2851 τῇ
3524 2779 3814 2851 partitam-Jan

2306 2864 2460 2918 πόλει
2497 2867 2606 2934 ('57)
2646 2869 2733 2922 διὰ
2758 2868 2857 2940 τὴν
2895 2871 3308 2941 πολυπλήθειαν
3340 2874 3449 2927 τῶν
3481 2877 3535 2926 ὲν
3577 2874 3714 2942 αὐτῇ.
3751 2870 3815 2921 ἐν

2304 2958 2360 3010 δὲ
2391 2961 2512 3021 ταῖς
2554 2959 2658 3025 ἔξω
2688 2960 2915 3033 χώραις,
2950 2963 3077 3015 ἔνθα
3108 2964 3354 3035 ἔλλειψις
3408 2964 3684 3030 ἀνθρώπων
3714 2964 3812 3021 ἐστὶ,

2307 3050 2744 3123 παραχωρείσθω
2780 3052 2840 3105 τὸ
2866 3053 2964 3106 ἕνα
3006 3056 3063 3107 ἐν
3104 3054 3207 3108 δύο
3247 3056 3563 3127 ἐκκλησίαις
3610 3052 3817 3109 κατατάτ-

2303 3144 2512 3200 τεσοαι.

626 3233 909 3303 quibusin
950 3232 1082 3287 locis
1116 3232 1397 3287 hominum
1432 3235 1656 3304 penuria
1686 3244 1790 3300 est,
1827 3252 1993 3292 unum
2039 3238 2271 3291 duarum
2335 3240 2689 3296 ecclesiarum
2759 3241 3065 3297 ministerio
3135 3243 3406 3302 clericum
3470 3243 3635 3299 addici
3699 3242 3819 3296 licere

627 3326 996 3381 decernimus.

628 3416 862 3472 ARIST.
902 3435 920 3469 ‹
951 3416 1201 3473 Clericus
1226 3419 1279 3473 in
1309 3419 1523 3475 duabus
1550 3421 1805 3477 ecclesiis
1838 3424 1892 3478 in
1918 3435 2197 3495 posterum
2227 3445 2237 3487 t

2227 3434 2270 3492 ο
2301 3419 2514 3475 ΑΡΙΣΤ.
2561 3439 2578 3472 t
2628 3420 2898 3492 Κληρικὸς
2930 3424 2988 3476 ἐν
3044 3424 3199 3479 δυσὶν
3266 3427 3579 3498 ἐκκλησίαις
3612 3423 3822 3480 τδλοιπδν

712 3530 730 3562 ι
769 3510 1247 3581 Constantinopoli
1283 3528 1348 3567 ne
1373 3515 1783 3572 constituatur:
1823 3529 1877 3571 at
1903 3529 2055 3572 extra
2082 3534 2201 3573 eam

720 3622 737 3654 ι
780 3610 1005 3672 propter
1034 3603 1315 3658 hominum
1352 3606 1638 3675 penuriam
1672 3610 2041 3677 permittatur.
2086 3627 2106 3661 ι

710 3778 837 3835 Νοη
867 3792 1037 3850 potest
1073 3784 1335 3852 quispiam
1364 3784 1570 3839 duobus
1597 3787 1793 3841 servire
1824 3788 2053 3843 dominis
2084 3804 2102 3843 :
2128 3789 2219 3844 velt

630 3876 771 3929 enim
802 3892 962 3928 unum
998 3877 1118 3930 odio
1144 3876 1373 3942 habebit,
1421 3880 1722 3934 secundum
1761 3882 1968 3937 dictum
2022 3882 2206 3937 Domi-

640 3970 844 4032 nicum,
879 3978 929 4022 et
959 3970 1189 4023 alterum
1220 3969 1445 4040 diliget;
1497 3974 1584 4026 vul
1641 3990 1804 4027 unum
1841 3975 2229 4045 amplectetur,-

632 4072 681 4114 et
734 4061 965 4115 alterum
1020 4074 1334 4116 contemnet.
1386 4064 1658 4130 Quocirca
1712 4082 1797 4131 ea,
1836 4084 1957 4139 qua:
1988 4080 2207 4140 propter

638 4162 795 4221 turpe
848 4152 1060 4206 lucrum
1123 4154 1176 4206 in
1224 4155 1623 4211 ecclesiasticis
1656 4159 1891 4228 negotiis
1939 4159 2098 4225 ﬁunt,
2150 4168 2208 4214 ut.

640 4242 750 4295 Deo
782 4244 985 4310 aliena,
1017 4244 1132 4298 haec
1165 4246 1410 4315 synodus
1444 4247 1623 4315 rejicit
1653 4265 1668 4302 :
1702 4257 1757 4303 et
1790 4265 1897 4304 non
1944 4252 2209 4317 permittit

636 4335 1137 4406 Constantinopoli,
1172 4338 1341 4408 318
1377 4339 1466 4394 ubi
1501 4350 1586 4394 est
1616 4342 1914 4397 multitudo
1946 4344 2209 4398 sacerdo-

640 4437 780 4491 tum,
806 4443 975 4481 unum
1007 4427 1269 4482 clericum
1300 4432 1353 4483 in
1385 4430 1600 4487 duabus
1634 4432 1883 4489 ecclesiis
1910 4436 2204 4502 constitui;

641 4520 735 4573 sed
771 4519 963 4571 inuna
1006 4519 1288 4574 assiduum
1343 4536 1469 4577 esse
1497 4524 1750 4579 ecclesia.
1793 4524 1850 4579 Si
1907 4536 2086 4582 autem
2138 4530 2206 4584 ad

645 4612 773 4664 vitae
822 4612 1202 4666 necessitatem
1253 4629 1362 4669 non
1400 4616 1672 4672 sul'liciant
1704 4634 1826 4689 qua:
1877 4620 1928 4675 ei
1981 4621 2206 4689 dantur,

640 4701 807 4753 talem
838 4701 987 4755 aliud
1020 4702 1262 4756 studium
1294 4720 1567 4775 quaerere,
1621 4718 1675 4764 et
1703 4725 1772 4764 ex
1804 4724 1871 4765 eo
1909 4727 2029 4781 quae
2078 4726 2208 4769 sunt

2380 3529 2398 3562 ι
2453 3512 2529 3581 μὴ
2568 3514 2986 3567 καταταττέσθω
3016 3517 3075 3568 ἐν
3122 3519 3719 3574 Κωνσταντινουπόλει’
3747 3515 3821 3579 ἔξω

2381 3624 2397 3657 ι
2444 3606 2499 3658 δὲ
2532 3606 2733 3675 ταύτης
2758 3608 3200 3679 παραχωρείσθω
3223 3612 3316 3667 διά
3336 3615 3446 3667 τῶν
3470 3613 3739 3682 ἀνθρώπων
3754 3608 3823 3676 τὴν

2383 3718 2401 3751 t
2450 3701 2705 3771 ἔλλειψιν.
2746 3720 2764 3752 ι

2369 3793 2450 3845 Οὐ
2485 3790 2738 3845 δύναταί
2762 3810 2852 3859 τις
2884 3791 3027 3847 δυσί
3064 3796 3305 3865 κυρίοις
3328 3797 3669 3853 δουλεύειν
3694 3793 3725 3862 ἢ
3746 3792 3823 3861 γὰρ

2304 3879 2411 3935 τὸν
2435 3880 2542 3934 ἕνα
2591 3881 2861 3951 μισήσει,
2896 3883 3037 3938 κατὰ
3070 3886 3170 3955 τὴν
3211 3888 3505 3958 Κυριακὴν
3538 3886 3731 3956 φωνὴν,
3755 3878 3825 3933 καί

2304 3975 2412 4028 τὸν
2436 3974 2643 4042 ἕτερον
2670 3977 2973 4045 ἀγαπήσει
2990 3992 3005 4008 ·
3040 3980 3078 4048 ἢ
3110 3980 3222 4035 τοῦ
3257 3982 3400 4047 ἐνὸς
3424 3981 3732 4045 ἀνθέξεται,
3755 3974 3825 4029 καὶ

2306 4067 2415 4120 τοῦ
2457 4066 2663 4136 ἐτέρου
2696 4070 3165 4139 καταφρονήσει.
3206 4075 3311 4128 Διά
3349 4074 3508 4128 τοῦτο
3560 4073 3647 4126 καὶ
3693 4069 3748 4122 τὰ
3780 4065 3827 4117 δι’

2311 4159 2754 4230 αἰσχροκέρδειαν
2802 4161 2898 4215 ἐπὶ
2958 4163 3067 4218 τῶν
3116 4165 3595 4237 ἐκκλησιαστικῶν
3628 4158 3830 4235 πραγμά⁶

2310 4270 2417 4305 των
2452 4255 2735 4324 γινόμενα,
2798 4256 2873 4319 ὡς
2913 4257 3181 4329 ἀλλότρια.
3204 4260 3374 4327 Θεοῦ,
3408 4263 3441 4332 ἡ
3484 4260 3683 4319 σύνοδος
3724 4253 3828 4317 αὕτη

2312 4347 2612 4403 ἀποϐάλλει
2643 4364 2657 4378 ·
2682 4348 2778 4401 καὶ
2802 4351 2864 4402 οὐ
2890 4356 3167 4423 συγχωρεῖ
3194 4356 3257 4409 ἐν
3291 4350 3830 4410 Κωνσταντινουπὸλειι

2308 4439 2438 4495 ἔνθα
2472 4439 2672 4509 πλῆθος
2701 4442 3013 4512 ἱερωμένων
3043 4446 3215 4515 ἐστὶν,
3251 4450 3314 4501 ἐν
3359 4449 3516 4502 δυσὶν
3567 4443 3831 4514 ἐκκλησίαις

2308 4534 2404 4585 ἕνα
2432 4532 2692 4602 κληρικδν
2729 4535 3189 4602 κατατάττεσθαι,
3228 4538 3376 4593 ἀλλὰ
3428 4542 3489 4594 ἐν
3561 4540 3651 4610 μιᾷ
3706 4548 3834 4607 προπ-

2309 4623 2554 4694 εδρεύειν
2586 4625 2874 4698 ἐκκλησίᾳ.
2910 4629 2973 4681 Et
3005 4629 3063 4681 δὲ
3092 4631 3189 4684 οὐκ
3223 4633 3488 4702 ἀρκεῖται
3511 4633 3637 4701 πρὸς
3663 4630 3744 4696 τὴν
3767 4622 3835 4676 τοῦ

2313 4715 2430 4785 βίου
2485 4718 2678 4788 χρείαν
2716 4723 2827 4780 τοῖς
2882 4718 3180 4790 διδομένοις
3236 4724 3415 4795 αὐτῷ,
3461 4718 3772 4793 ἐπιτήδευμά
3800 4732 3835 4766 τι

643 4792 861 4861 corpori
921 4792 1235 4846 necessaria
1284 4808 1627 4864 comparare,
1681 4798 1945 4856 decernit.
1999 4800 2076 4855 Ita
2124 4797 2252 4859 l'e-l

2240 4797 2284 4852 Ῑ)
2312 4805 2499 4875 ἕτερον
2533 4807 2892 4877 μετέρχεσθαι
2936 4809 3027 4863 τὸν
3062 4811 3310 4866 τοιοῦτον
3344 4792 3653 4885 διορίζεται,
3685 4810 3763 4863 καὶ
3794 4805 3834 4867 ἐξ

641 4883 718 4937 cit
756 4882 1074 4953 Apostolus,
1136 4893 1195 4937 ut
1226 4884 1341 4954 ipse
1369 4886 1547 4952 dicit;
1584 4886 1666 4942 Ea
1707 4891 1895 4959 quibus
1921 4894 2050 4947 mihi
2078 4912 2207 4965 opus

639 4985 753 5027 erat
784 4983 834 5028 et
873 4975 939 5028 iis
967 4975 1056 5045 qui
1086 4990 1288 5029 mecum
1320 4986 1464 5043 sunt,
1501 4980 1582 5033 lite
1612 4996 1800 5036 manus
1835 4984 2207 5042 subministra—

640 5076 784 5118 runt.

1232 5246 1460 5304 CANUN
1499 5248 1637 5306 XVI.

469 5337 481 5359 ‘
642 5350 665 5386 ς
709 5333 900 5392 Omnis
932 5336 1089 5392 luxus
1124 5349 1178 5393 et
1200 5350 1449 5397 ornatus
1477 5357 1777 5414 corporeus
1809 5356 1889 5404 est
1944 5363 1973 5404 a
2016 5365 2201 5406 sacer-

2315 4897 2480 4952 αὐτοῦ
2510 4898 2831 4969 πορίζεσθαι
2853 4904 2918 4954 τὰ
2950 4902 3180 4973 χρειώδη
3212 4904 3311 4956 τοῦ
3340 4904 3607 4975 σώματος.
3641 4903 3732 4955 Καὶ
3756 4912 3834 4967 γαρ

2316 4989 2487 5053 οὓτως
2527 4990 2697 5043 ἐποίει
2762 4994 2855 5044 καὶ
2898 4993 2926 5044 ὁ
2963 4994 3322 5064 Ἀπόστολος,
3378 4999 3455 5062 ὡς
3510 4999 3658 5058 αὐτὸς
3691 4994 3833 5058 λέῖε⁶

2322 5081 2455 5148 Ταῖς
2491 5085 2716 5152 χρείαις
2731 5102 2849 5153 μου
2879 5088 2978 5139 καὶ
3004 5087 3130 5153 τοῖς
3153 5084 3307 5145 οὖσι
3345 5093 3480 5162 μετ’
3499 5091 3635 5163 ἐμοῦ
3662 5080 3834 5152 ὑπηρέ-

2317 5188 2515 5240 τησαν
2539 5178 2599 5227 αἱ
2622 5248 2627 5253 ο
2635 5176 2831 5245 χεῖρες
2855 5174 3050 5233 αὗται.

2903 5273 3141 5327 ΚΑΝΩΝ
3175 5276 3300 5344 ιφ.

2320 5376 2339 5409 t
2385 5358 2541 5411 Πᾶσα
2576 5358 2803 5429 βλακεία
2839 5365 2930 5445 καλ.
2961 5366 3231 5437 κόσμησις
3268 5371 3562 5442 σωματικὴ
3602 5360 3832 5435 ἀλλότριαι

1839 5462 2027 5525 Guill.
2063 5467 2381 5547 Beveregii
2434 5481 2619 5535 noue.

716 5556 827 5627 ('56)
868 5559 929 5609 Ol
963 5558 1034 5611 δὲ
1058 5557 1350 5641 {arma
1382 5564 1772 5641 tbuxarcra.
1800 5567 1924 5625 Huic
1957 5587 2127 5641 usque
2152 5577 2218 5627 ad

646 5624 816 5703 finem
835 5644 898 5682 ex
927 5644 1031 5683 ms.
1062 5624 1358 5688 Bodleiano
1388 5638 1731 5695 restituimus
1812 5624 1915 5697 sed
1944 5624 2220 5698 inliner;

650 5695 919 5751 bnt‘ltlallo
952 5714 1060 5753 non
1093 5709 1328 5756 exstant.

2395 5578 2505 5661 (37).
2550 5583 2653 5661 Ἰξίῗ
2683 5584 2864 5661 ταύτῃ
2895 5582 2967 5661 τῇ
2990 5584 3426 5661 ,βασιλευούσῃ
3482 5596 3659 5661 πόλει,
3684 5583 3831 5661 Cede;

2326 5648 2965 5734 Atne‘rbacltiauuslegit,
3023 5658 3081 5707 ἐν
3148 5660 3328 5733 ταύτῃ
3379 5648 3712 5734 εἶεγαλοπόλει
3754 5652 3831 5707 καὶ

2328 5719 2709 5795 βασιλευούσῃ,
2746 5728 2797 5778 in
2827 5719 2922 5779 Ιιᾶε
2950 5741 3135 5797 magna
3167 5719 3669 5804 urbeuet'iniperialt.

3945 324 3947 375 4
