4074 6214
606 212 704 271 9ῖὶ

1837 208 2114 269 Timon.
2164 206 2564 266 BALSAMON
3274 281 3279 286 .
3682 222 3767 282 973

596 344 742 393 nem,
777 339 830 382 et
886 334 1112 386 multant
1145 332 1469 388 clericorum
1521 346 1547 385 ο
1612 329 1812 401 pietate
1868 328 2154 382 alienatio-

2272 327 2352 377 (αὶ
2384 327 2485 395 τὴν
2514 326 2714 397 πολλὴν
2745 328 3097 381 ἀνευλάὁειαν
3150 330 3255 381 τῶν
3292 328 3573 400 κληρικῶν,
3623 340 3766 407 σήμε-

596 438 764 488 nent;
801 424 962 477 hodie
989 436 1167 478 autem
1222 441 1331 479 non
1382 425 1583 478 habere
1629 425 1809 477 locum
1862 437 2152 486 canonem,

597 515 1038 586 quandoquidem
1061 518 1358 586 Dei~gratia
1392 518 1635 572 absoluta
1665 527 1747 571 est
1783 516 2154 569 ecclesiastica

540 648 567 673 η
596 612 922 665 constitutio
976 624 1027 666 et
1086 612 1309 681 pietas,‘
1336 624 1390 667 et
1440 610 1508 665 ad
1541 610 1633 664 Dei
1666 611 1929 663 honorem
1969 609 2155 663 clerici

600 719 725 756 cunt
762 704 1008 759 vestibus
1046 704 1519 773 splendidioribus
1571 712 1901 757 versantur:
1934 702 2157 755 audive-

598 805 725 849 runt
758 806 938 849 autem
978 811 1037 851 se
1068 814 1176 852 non
1212 806 1358 852 recte
1399 795 1603 851 dicere.
1646 794 1740 849 Est
1794 795 1941 849 enim
1978 809 2156 848 canon

597 890 969 954 universalis;
1002 901 1054 943 et
1085 906 1205 959 quae
1237 892 1290 943 itt
1331 904 1395 943 eo
1432 890 1633 958 scripta
1680 896 1809 941 sunt
1846 887 2047 943 debent
2102 887 2156 942 in

596 981 792 1033 saecula
824 982 1147 1036 szeculorutn
1196 980 1480 1037 observari
1529 990 1582 1034 et
1635 980 1745 1033 vim
1804 995 1957 1034 suam
2013 982 2157 1035 obti-

597 1086 725 1127 nere
756 1087 771 1125 :
808 1075 900 1142 qui
930 1088 1059 1128 vero
1089 1088 1284 1143 printer
1316 1090 1437 1129 eum
1468 1074 1632 1128 vitam
1665 1074 1985 1139 instituunt,
2011 1086 2158 1131 recte

596 1166 918 1233 punientur,
950 1167 1058 1220 nisi
1092 1168 1466 1235 corrigantur.

664 1255 828 1326 319
848 1254 1098 1312 ZONAll.
1133 1258 1208 1312 De
1248 1258 1522 1311 hominum
1554 1258 1643 1327 qui
1680 1275 1838 1315 sacro
1854 1262 2030 1317 ordini
2064 1262 2155 1316 ad-

504 1404 505 1409 ,
594 1349 782 1417 scripti
808 1358 934 1402 sunt
960 1348 1312 1414 indumentis,
1333 1349 1522 1419 synodi
1542 1365 1759 1419 quoque
1789 1361 1958 1407 sextae
1989 1368 2154 1406 cano-

594 1443 745 1496 ne27
777 1442 1123 1496 decernitur:
1146 1443 1240 1496 sed
1282 1457 1404 1495 cum
1441 1442 1577 1497 ritus
1611 1444 2012 1499 ecclesiasticos
2052 1446 2159 1500 leo-

596 1535 844 1588 nomacbi
874 1526 1307 1603 perturbassent,
1331 1526 1537 1587 idcirco
1568 1534 1634 1588 de
1661 1536 1852 1589 eadem
1876 1538 1986 1590 haec
2009 1553 2147 1606 quo-

594 1643 700 1693 que
728 1627 965 1698 synodus
988 1627 1210 1681 decreto
1234 1626 1534 1680 cavendum
1566 1626 1916 1682 existimavit.
1946 1628 2002 1683 Si
2032 1632 2153 1700 quis

594 1734 724 1789 ergo
754 1720 1047 1788 episcopus
1094 1728 1187 1771 aut
1230 1718 1463 1773 clericus
1515 1718 1811 1787 pretiosam
1846 1730 2044 1775 vestem
2086 1724 2151 1777 ad

596 1823 851 1867 ornatum
889 1814 1211 1879 cultumque
1258 1810 1501 1879 corporis
1555 1806 1881 1877 adhibuerit,
1913 1823 2007 1867 aut
2053 1830 2155 1889 un—

593 1911 792 1973 guento
808 1900 1080 1955 delibutus
1104 1898 1285 1962 fuerit,
1308 1900 1539 1968 primum
1559 1899 1833 1953 admoneri
1859 1900 2151 1964 hominem,

594 2004 731 2056 tum,
790 1994 834 2048 si
891 1994 1218 2062 perstiterit,
1257 1993 1435 2062 pcenis
1468 2008 1686 2062 quoque
1717 1993 1770 2046 in
1813 2008 1935 2047 eum
1976 1995 2157 2047 anim-

594 2088 801 2143 adverti
846 2085 1020 2154 jubet.
1055 2085 1322 2150 Quoniam
1369 2100 1519 2148 vero,
1567 2085 1765 2155 inquit,
1816 2084 2153 2140 Christiano-

597 2188 984 2234 accusatorum
1013 2177 1257 2240 haeresis,
1287 2178 1491 2245 quique
1533 2176 1624 2228 illa
1664 2176 2013 2241 tenebantur,
2045 2193 2153 2231 non

569 2271 759 2325 .modo
822 2271 1000 2325 sacris
1069 2269 1398 2337 imaginibus
1451 2268 1649 2322 bellum
1724 2269 2005 2333 indixere,
2062 2271 2155 2324 sed

596 2364 761 2421 tetius
797 2377 1014 2433 quoque
1068 2362 1335 2431 religiosae
1392 2360 1670 2415 modestiae
1703 2376 1926 2429 prorsus
1978 2363 2156 2427 obliti,

595 2472 713 2519 eos,
766 2448 1000 2525 quorum
1046 2454 1291 2509 moribus
1352 2468 1415 2507 ac
1454 2454 1581 2509 vitae
1632 2454 1875 2524 gravitas
1930 2454 2154 2517 inesset,

596 2550 827 2605 oderant
854 2556 909 2602 et
932 2542 1367 2600 adversabantur
1404 2563 1417 2599 :
1461 2545 1505 2601 si
1535 2544 1776 2599 demisso
1811 2560 1873 2599 ac
1910 2544 2156 2600 modesto

596 2650 793 2695 ornatu
843 2640 1064 2692 indutos
1105 2637 1355 2692 homines
1406 2636 1638 2691 irridere
1677 2637 1997 2704 deprehensi
2040 2636 2156 2691 l‘ue-

593 2730 727 2791 rint,
780 2726 1138 2781 correctionis
1192 2741 1324 2795 ergo
1362 2726 1667 2795 puniendos
1715 2741 1835 2780 esse
1890 2728 2153 2782 decernit.

592 2819 727 2875 Nam
764 2820 846 2873 vel
882 2835 910 2872 a
944 2820 1115 2887 prima
1161 2818 1483 2887 antiquitate
1520 2817 1628 2873 Deo
1665 2818 1864 2874 Sacrati
1908 2820 2155 2877 homines

596 2912 648 2964 in
676 2908 826 2963 omni
862 2909 1003 2961 vietu
1036 2908 1295 2977 cultuque
1330 2908 1595 2962 moderati
1633 2916 1686 2961 et
1719 2923 1933 2977 graves,
1978 2911 2156 2979 inquit

2261 418 2351 488 ρόν
2390 419 2560 490 τείμὴ
2616 419 2759 489 ἔχειν
2805 421 2990 490 χώραν
3016 422 3082 473 τὰ
3141 421 3232 473 τοῦ
3294 424 3533 486 κανόνος,
3555 427 3633 478 ὂτε
3658 431 3769 484 Θεοῦ

2257 514 2439 582 χάριτι
2482 516 2630 569 πᾶσά
2669 517 2833 571 ἐστινι
2874 517 3301 586 ὲκκλησιαστικὴ
3350 518 3658 584 κατάστασις
3693 528 3771 578 καὶ

2256 606 2535 670 εὐλάϐεια,
2572 606 2666 659 καὶ
2702 608 2838 679 πρὸς
2862 610 3029 691 τιμὴν
3078 608 3212 661 Θεοῦ
3271 610 3320 661 οἱ
3375 609 3615 677 κληρικοὶ
3654 620 3767 681 μετὰ

2259 701 2488 769 ἱματίων
2513 701 2906 773 λαμπροτέρων
2932 703 3323 755 πολιτεύονται.
3350 704 3611 758 Ἤκουσαν
3638 708 3687 759 δὲ
3710 712 3769 779 μὴ

2258 786 2439 854 καλῶς
2474 793 2676 861 λέγειν.
2724 796 3028 856 Καθολικὸς
3062 798 3170 867 γάρ
3229 797 3377 849 ἐστιν
3408 797 3435 848 ὀ
3484 800 3668 864 κανὼν,
3696 805 3773 856 καὶ

2258 888 2336 947 εἰς
2372 888 2463 939 τὸν
2488 888 2658 941 αἰῶνα
2685 889 2791 941 τῶν
2815 889 3029 943 αἰώνων
3075 892 3143 943 τὰ
3200 891 3257 942 ὲν
3289 888 3435 959 αὐτῷ
3463 895 3664 961 κρατεῖν
3697 896 3771 944 καὶ

2258 976 2500 1045 ἐνεργεῖν
2528 979 2833 1053 όρείλουσιν
2861 998 2874 1012 ·
2918 984 2967 1033 οἱ
2997 982 3051 1034 δὲ
3076 983 3224 1049 παρὰ
3254 980 3438 1049 τοῦτον
3468 983 3777 1053 πολιτευόμε·

2258 1081 2339 1117 νοι
2375 1067 2558 1128 καλῶς
2590 1071 3104 1142 ὲπιτιμηθήσονται,
3146 1075 3193 1124 εἱ
3224 1072 3297 1142 μὴ
3322 1072 3688 1144 διορθωθῶσιν.

2328 1254 2565 1309 ΖΩΝΑΡ.
2598 1248 2705 1308 Καὶ
2733 1256 2761 1309 ό
2792 1255 3030 1319 εἰκοστὸς
3052 1256 3279 1325 ἕϐδομος
3309 1255 3486 1308 κανὼν
3515 1257 3608 1326 τῆς
3642 1258 3774 1328 ἕκτης

2259 1348 2478 1399 συνόδου
2521 1346 2647 1416 περὶ
2693 1348 3019 1417 ἀμφιάσεως
3082 1350 3365 1419 ἱερατικῆς
3436 1349 3774 1403 διατάττεται·

2258 1437 2393 1491 ἀλλᾶ
2431 1438 2538 1491 τῶν
2576 1440 2950 1507 είκονομάχων
2983 1442 3327 1509 συγχεὰντων
3364 1442 3432 1492 τὰ
3488 1442 3578 1510 ἔθη
3615 1444 3675 1494 τὰ
3704 1444 3777 1495 ὲκ-

2258 1526 2640 1597 κ).ησιαστικὰ,
2662 1525 2790 1600 ἦλθε
2816 1531 2909 1582 καὶ
2995 1534 3241 1599 παροῦσα
3320 1529 3532 1594 σύνοδος
3595 1535 3665 1595 εἰς
3702 1535 3776 1602 τὴν

2259 1621 2386 1690 περὶ
2409 1621 2598 1675 τούτου
2628 1622 3001 1691 Θεσμοθεσίαν.
3042 1626 3147 1677 Καὶ
3179 1624 3396 1677 κελεύει
3438 1627 3559 1688 τοὺς
3591 1628 3779 1688 ἑαυτοὺς

2258 1712 2691 1777 καλλωπίζοντας
2714 1716 2800 1768 διὰ
2832 1716 3097 1785 λαμπρῶν
3146 1718 3381 1785 ἱματίων
3431 1719 3777 1792 ἐπισκόπουςῆ
3812 1738 3815 1739 ⁷

2257 1801 2553 1870 κληρικοὺς
2591 1804 2958 1873 διορθοῦσθαι,
2991 1807 3022 1876 ἢ
3056 1809 3419 1876 ἐπιμένοντας
3446 1811 3789 1881 ὲπιτιμᾶσθαιη

2256 1893 2457 1960 ὁμοίως
2487 1897 2580 1947 καὶ
2635 1897 2761 1959 τοὺς
2790 1899 2856 1950 τὰ
2912 1897 3057 1967 μύρα
3124 1900 3473 1969 χρωμένους.
3536 1903 3672 1954 Ἐπεὶ
3717 1904 3777 1961 δὲ,

2256 1985 2442 2053 φησὶν,
2485 1986 2646 2052 ἡτῶν
2684 1988 3310 2062 Χριστιανοκατηγόρων
3378 1994 3606 2064 αἵρεσις,
3648 1997 3724 2047 καὶ
3742 1997 3778 2046 ci

2255 2076 2457 2147 ταύτην
2514 2066 2816 2155 δεξάμενοι,
2877 2083 2969 2135 καὶ
3009 2085 3105 2149 τὰς
3153 2088 3357 2149 σεπτᾶις
3413 2090 3613 2150 εἰκόνας
3661 2088 3778 2142 ἐϐδε-

2256 2169 2503 2235 λύξαντο,
2561 2173 2848 2227 ἀπώσαντο
2900 2176 2955 2227 δὲ
3006 2180 3098 2231 καὶ
3148 2181 3331 2232 πᾶσαν
3394 2181 3679 2247 εὐλάϐειαν,
3716 2203 3781 2253 μι-

2258 2260 2477 2323 σοῦντες
2510 2266 2602 2317 καὶ
2626 2266 3095 2337 ἀποστρεφόμενοι
3122 2272 3249 2334 τοὺς
3296 2274 3515 2341 σεμνῶς
3575 2274 3781 2343 βιοῦντας

2258 2357 2305 2406 εἱ
2346 2356 2641 2424 εὑρεθῶσιν
2704 2360 3037 2429 ἐγγελῶντες
3066 2367 3177 2427 τοῖς
3250 2362 3450 2437 εὐτελῆ
3510 2370 3597 2421 καὶ
3644 2374 3781 2439 σεμνὰ

2258 2447 2655 2517 ὲνδεδυμένοις,
2720 2453 3190 2523 ὲπιτιμάσθωσαν,
3244 2458 3382 2511 λνα
3444 2460 3779 2531 διορθωθῶσιν.

2270 2542 2363 2595 Ἐκ
2402 2545 2508 2614 γὰρ
2538 2547 2647 2598 τῶν
2682 2548 2923 2617 ἀρχαίων
2948 2552 3176 2621 χρόνων,
3222 2556 3396 2623 φησὶν
3427 2558 3457 2624 ή
3502 2557 3712 2618 σύνοδος,
3744 2559 3781 2609 οἱ

2260 2637 2523 2705 ἱερατικοὶ
2551 2639 2739 2709 ἄνδρες
2780 2644 3013 2710 μετρίως
3047 2645 3137 2696 καὶ
3174 2648 3397 2713 σεμνῶς
3435 2649 3779 2702 ἐπολιτεύοντο.

2257 2724 2387 2780 Εἶτα
2411 2731 2503 2782 καὶ
2541 2730 2631 2781 τὸν
2678 2732 2849 2801 μέγαν
2912 2735 3186 2789 Βασίλειον
3216 2740 3295 2801 εἱς
3336 2748 3633 2815 μαρτυρίαν
3670 2764 3781 2815 παρα

2256 2823 2400 2886 άγει,
2455 2823 2827 2892 ὲρμηνεύοντα
2850 2825 2902 2876 τί
2924 2808 3040 2879 ἐστι
3078 2808 3431 2902 περπερεὶαλ
3467 2808 3531 2899 ὃς,
3558 2854 3703 2905 φησιν
3723 2808 3781 2891 ότι

2259 2914 2398 2976 πᾶν,
2429 2912 2454 2963 ὃ
2488 2912 2560 2982 μὴ
2587 2913 2675 2965 διὰ
2699 2916 2906 2985 χρείαν,
2941 2918 3076 2973 ἀλλά
3112 2922 3210 3005 Χδιὰ
3272 2906 3675 2997 καλλωπισμὸν.
3701 2945 3783 2981 πα-

593 3001 856 3071 synodus,
897 2999 1178 3054 exstitere.
1217 2998 1422 3054 Deinde
1464 3000 1644 3070 magni
1689 3016 1909 3070 quoque
1940 3001 2148 3087 Basilii,

2272 3002 2688 3073 ραλαμδὰνεται,
2716 3010 3049 3078 περπερείας
3086 2998 3197 3083 ἔχει
3227 3020 3584 3090 κατηγορίαν.
3606 3020 3720 3074 Οὔτε
3741 3022 3783 3075 δὲ

594 3092 723 3164 quid
758 3091 1063 3162 περπεριία
1113 3092 1184 3146 sit
1230 3091 1580 3162 explicantis,
1636 3084 2004 3149 testimonium
2059 3099 2154 3151 ad-

593 3183 764 3239 ducit.
788 3182 1232 3250 Quotiescunque
1252 3182 1394 3235 enim
1422 3182 1722 3252 quidpiam,
1745 3199 1853 3237 non
1881 3188 1945 3238 ad
1970 3202 2167 3267 usum,

590 3276 688 3331 sed
730 3275 796 3330 ad
842 3283 1094 3329 ornatum
1142 3275 1519 3328 tantummodo
1552 3290 1614 3328 ac
1644 3275 1968 3345 elegantiam
2004 3279 2146 3332 adhi-

591 3365 749 3428 beas,
794 3366 849 3421 in
884 3367 1099 3429 vitium,
1142 3366 1343 3433 inquit,
1388 3366 1532 3435 quod
1578 3369 1881 3439 περπερεία
1926 3370 2149 3437 dicitur,

614 3472 867 3512 ncurras.
898 3456 1086 3525 Neque
1118 3471 1245 3511 vero
1280 3458 1525 3514 vestibus
1551 3474 1618 3513 ex
1652 3469 1869 3515 tnetaxa
1903 3464 2152 3533 variega-

593 3552 664 3605 tis
728 3550 880 3614 (sunt
930 3558 1109 3602 autem
1168 3549 1275 3602 illae
1306 3551 1533 3614 sericae,
1590 3566 1619 3605 a
1676 3552 1892 3608 scribus
1950 3555 2155 3626 quippe

2259 3095 2323 3146 ὲκ
2360 3096 2599 3165 μετάξης
2627 3098 2861 3165 ἐσθῆτας
2898 3105 3331 3176 πεποικιλμένας
3390 3106 3571 3179 (αὗται
3634 3117 3723 3182 γὰρ
3742 3118 3783 3166 αἱ

2263 3187 2507 3254 σηρικαὶ,
2540 3188 2614 3259 ὡς
2642 3189 2729 3241 διὰ
2766 3193 2947 3260 σηρῶν
2984 3197 3265 3266 γινόμεναι
3302 3216 3319 3233 ο
3387 3205 3550 3274 σῆρες
3618 3209 3709 3276 γὰρ
3747 3206 3784 3257 οἱ

2260 3277 2541 3348 σκώληκες
2598 3280 2866 3352 λέγονται)
2916 3288 2962 3338 οἱ
2999 3289 3260 3355 ἱερατικοὶ
3295 3296 3469 3349 πάλαι
3503 3300 3784 3357 ἐνεδέδυντο.

2256 3368 2461 3439 λέγειὴ
2517 3370 2769 3435 σύνοδος·
2798 3375 2921 3429 οὔτε
2962 3380 3080 3433 τινὰ
3116 3382 3418 3456 ἑτερόχροα
3482 3390 3785 3458 ἐπιϐλήματα

2260 3463 2648 3530 προσετίθεσαν
2681 3468 2737 3519 ἑν
2761 3472 2873 3531 τοῖς
2909 3470 3098 3541 ἄκροις
3156 3478 3266 3529 τῶν
3332 3481 3562 3549 ἱματίων
3621 3484 3785 3537 αὐτῶν.

2264 3556 2371 3607 Καὶ
2421 3556 2547 3626 ἑξῆς
2579 3559 2830 3630 ἐπιφέρει
2865 3565 2925 3615 τὸ
2951 3566 3312 3635 εύαγγελικδν
3345 3576 3535 3645 ῥητόν.

590 3654 802 3703 metata
864 3644 1188 3712 coniicitur,
1252 3662 1406 3702 seres
1453 3662 1618 3718 porro
1663 3666 1908 3706 vermeS'
1941 3654 2161 3722 quidam
2220 3653 2499 3725 dicuntur)
2550 3656 2743 3725 qui,in
2791 3666 3309 3721 sacrumordinem
3394 3675 3621 3740 coaptati
3694 3672 3787 3725 itte.

585 3752 732 3806 rant,
770 3742 1225 3812 inquitsynodus,
1258 3744 1495 3813 antiquis
1532 3748 1864 3815 temporibus
1895 3749 2221 3815 utebantur;
2272 3766 2445 3819 neque
2502 3752 2608 3806 illis
2673 3756 2898 3809 colorati
2967 3762 3128 3827 panni
3219 3766 3593 3823 additamenta
3656 3768 3785 3821 indu-

591 3842 894 3890 mentorum
946 3834 1175 3889 limbriis
1222 3851 1447 3891 assuere
1494 3852 1610 3891 mos
1667 3846 1807 3894 erat.
1842 3839 1974 3906 Qua:
2022 3859 2146 3895 mox
2186 3844 2496 3910 evangelica
2533 3849 2802 3900 sententia
2836 3851 3185 3907 clauduntur.

591 3927 812 3983 ARIST.
868 3946 886 3979 ι
931 3927 1180 3998 Episcopi
1230 3930 1311 3985 vel
1368 3933 1551 3987 clerici
1607 3936 1905 4004 splendidis
1955 3952 2014 3991 se
2066 3937 2150 3992 in-

668 4039 689 4073 ι
726 4020 949 4075 duentes
975 4023 1242 4089 vestibus,
1274 4023 1358 4077 vel
1386 4029 1676 4095 unguentis
1706 4028 1953 4090 delibuti,
1979 4031 2152 4083 corri-

668 4131 687 4166 ι
725 4122 941 4181 gantur.
977 4112 1336 4170 Persimentes
1355 4126 1534 4171 autem
1563 4121 1911 4187 puniantur.»
1936 4121 2149 4189 Perspi-

562 4222 585 4251 ⁸
662 4223 811 4261 tuus.

1144 4321 1371 4376 LANON
1428 4320 1587 4376 XVII.

598 4431 886 4500 xﬂuidatn
920 4436 1210 4500 monachi,
1261 4437 1375 4491 suis
1442 4440 1789 4493 monasteriis
1833 4439 2062 4503 relictis,
2100 4452 2157 4496 ut

669 4541 689 4576 ι
724 4526 821 4596 qui
872 4526 1141 4596 imperare
1184 4529 1511 4590 desiderent,
1536 4538 1598 4582 et
1642 4545 1833 4598 parere
1868 4541 2155 4597 recusent,

669 4633 685 4664 ι
729 4617 970 4672 oratoria
1024 4617 1293 4672 aediﬁcare
1334 4620 1745 4689 aggrediuntur,
1785 4636 1907 4675 cum
1955 4637 2017 4677 ea
2043 4638 2153 4678 non

671 4726 689 4759 ι
731 4708 969 4763 habeant
1017 4727 1137 4778 quae
1186 4711 1253 4766 ad
1313 4712 1698 4782 perfectionem
1747 4714 2043 4782 pertinent.
2096 4715 2155 4771 Si

668 4819 685 4850 ι
725 4799 849 4870 quis
875 4800 1035 4871 igitur
1066 4805 1175 4878 hoc
1201 4803 1379 4859 facere
1433 4820 1720 4875 aggressus
1749 4803 1931 4871 fuerit,
1964 4810 2151 4876 probi-

653 4909 690 4943 -ο
738 4890 927 4946 bentur
954 4894 1021 4947 ab
1046 4895 1163 4963 ejus
1193 4895 1298 4949 loci
1330 4896 1625 4967 episcolio:
1663 4896 1711 4953 si
1742 4898 2149 4959 habeatautem

666 4998 688 5034 ι
731 4997 849 5051 qua:
880 4984 943 5037 ad
990 4983 1375 5053 perfectionem
1424 4987 1720 5057 stilliciunt,
1762 4988 1830 5043 ab
1871 4990 1992 5060 ipso
2019 4992 2155 5047 deli-

672 5092 691 5126 ι
730 5075 914 5129 herata
946 5077 1014 5129 ad
1048 5076 1209 5130 liuent
1235 5079 1597 5133 deducantur.
1634 5080 1779 5135 idem
1825 5090 2003 5138 autem
2037 5102 2153 5139 ser-

671 5183 690 5215 ι
730 5174 884 5220 vetur
917 5170 968 5221 in
1005 5169 1160 5224 laicis
1190 5182 1243 5223 et
1265 5172 1501 5226 clericis.
1536 5191 1553 5223 ι

672 5254 865 5310 BALS.
890 5256 1098 5312 Rursus
1125 5276 1341 5331 quoque
1361 5264 1533 5318 sancti
1559 5262 1767 5330 Patres,
1793 5282 1913 5319 cum
1936 5268 2157 5321 omnino

601 5362 707 5398 non
762 5349 964 5403 terrent
992 5352 1178 5421 gloria:
1208 5354 1562 5424 cupiditatem
1605 5357 1746 5411 inter
1793 5372 1887 5412 eos
1926 5364 2158 5431 versari,

2257 3938 2478 3992 ΑΡΙΣΤ.
2516 3959 2534 3991 ι
2584 3942 2981 4015 Ἐπίσκοποι,ῆ
3035 3949 3314 4020 κληρικοὶ,
3356 3956 3631 4027 λαμπραῖς
3686 3959 3787 4011 eau-

2333 4048 2352 4081 ι
2400 4032 2526 4094 τοὺς
2566 4034 2900 4103 κοσμοῦντες
2936 4040 3180 4109 ἐσθῆσιν,
3246 4046 3276 4115 ἢ
3330 4050 3483 4119 μύρα
3528 4053 3787 4120 χριόμενοι,

2330 4139 2349 4173 ι
2388 4122 2838 4192 διορθούσθωσαν·
2871 4131 3217 4203 ἐπιμένοντες
3243 4138 3303 4192 δὲ
3326 4144 3784 4214 ἐπιτιμάσθωσαν.ι

2329 4215 2553 4283 Σαφής.

2815 4338 3056 4395 ΚΑΝΩΝ
3086 4345 3185 4397 IZ'.

2266 4465 2283 4497 ι
2320 4447 2475 4512 Τινὲς
2508 4449 2614 4503 τῶν
2690 4454 2936 4523 μοναχῶν
3007 4460 3409 4529 καταλιπόντες
3479 4468 3547 4519 τὰ
3614 4467 3791 4523 ἑαυτῶν

2336 4558 2354 4589 ι
2382 4544 2758 4613 .μοναστήρια,
2796 4548 3075 4617 ἐφιέμενοι
3099 4554 3190 4606 τοῦ
3220 4556 3438 4627 ἄρχειν,
3474 4561 3567 4613 καὶ
3603 4562 3658 4614 τὸ
3708 4562 3791 4613 ὑπ-

2335 4648 2353 4681 (
2390 4632 2607 4689 ακούειν
2635 4635 3080 4711 ἀπαναινόμενοι,
3106 4646 3419 4717 ἐγχειροῦσι
3473 4654 3667 4719 κτίζειν
3718 4653 3792 4703 εὖ·

2335 4741 2355 4774 ί
2400 4727 2655 4795 κτηρίους
2684 4729 2970 4797 οἴκους,τὰ
3024 4738 3164 4807 πρὸς
3196 4742 3549 4814 ἀπαρτισμὸν
3582 4747 3650 4816 μὴ
3673 4744 3794 4814 ἕχον·

2326 4832 2344 4865 ι
2390 4830 2501 4877 τες.
2527 4817 2593 4869 El’
2608 4835 2690 4881 τις
2720 4819 2984 4876 οὖντοῦτο
3009 4825 3350 4898 ἐπιχειρήσει
3379 4835 3568 4895 ποιεῖν,
3619 4831 3794 4883 κωλυέ-

2338 4925 2355 4957 ‹
2396 4907 2504 4961 σθω
2534 4909 2638 4962 ὑπὸ
2662 4910 2754 4963 τοῦ
2779 4915 2918 4966 κατὰ
2944 4914 3037 4989 τὸν
3064 4920 3228 4972 τόπον
3261 4921 3566 4975 ἐπισκόπου
3598 4922 3727 4990 (38)'
3756 4920 3794 4972 ei
3825 4954 3839 4971 ι

2338 5016 2355 5047 ι
2389 4998 2446 5051 δὲ
2465 5000 2531 5051 τὰ
2583 5002 2720 5072 πρὸς
2746 5005 3092 5077 ἀπαρτισμὸν
3160 5013 3270 5083 ἔχει
3316 5014 3385 5067 τὰ
3433 5015 3793 5083 βεϐουλευμένα

2334 5110 2353 5142 ς
2393 5092 2557 5159 αὐτῷ,
2610 5097 2688 5157 εἱς
2716 5099 2885 5168 πέρας
2919 5102 3255 5168 ἁγέσθωσαν.
3276 5107 3350 5159 Τὸ
3374 5110 3505 5161 αὑτό
3537 5110 3589 5161 δὲ
3621 5110 3792 5175 (palat-

2337 5182 2511 5234 τέσθω
2539 5187 2629 5237 καὶ
2663 5188 2755 5239 ἐπὶ
2785 5189 2984 5243 λαῖκῶν
3009 5197 3098 5247 καὶ
3130 5196 3426 5267 κληρικῶν.

2336 5275 2530 5330 ΒΑΛΣ.
2570 5278 2677 5331 Καὶ
2714 5282 2873 5334 πάλιν
2901 5285 2949 5336 οἱ
2972 5286 3113 5352 ἅγιοι
3169 5262 3430 5360 Πατὲρες,
3502 5288 3577 5363 μὴ
3628 5290 3786 5358 ἁτεχό-
3868 5325 3873 5331 -
3954 5262 3955 5313 Ῑ

2266 5384 2412 5437 μενοι
2441 5372 2577 5433 ὅλως
2602 5376 3071 5445 παρρησιάζεσθαι
3106 5382 3163 5434 τὸ
3192 5384 3287 5450 τῆς
3313 5386 3610 5453 φιλοδοξίας
3649 5384 3789 5443 πάθος

1810 5455 1998 5515 Guill.
2030 5456 2352 5539 Beveregii
2396 5474 2584 5527 noue.

675 5542 786 5610 (58)
828 5545 937 5598 ’l‘ob
968 5546 1117 5601 κατὰ
1149 5553 1335 5605 τόπον
1360 5553 1717 5610 ἐπισκόπου.
1746 5554 1929 5611 Godex
1960 5560 2150 5611 Amer-

588 5611 904 5669 Ibacitianus
938 5619 1083 5684 legit,
1120 5625 1257 5673 κατὰ
1289 5623 1492 5687 χώραν.
1547 5624 1611 5678 Ut
1640 5634 1691 5681 et
1724 5642 1847 5681 mox
1892 5644 1985 5683 υιο
2040 5629 2150 5694 ἔχει

2257 5566 2324 5647 τὰ
2371 5563 2800 5647 βεϐουλευμένα,
2830 5572 2880 5625 ἰη
2948 5572 3245 5647 Parisiensi
3308 5579 3548 5634 editione
3598 5578 3780 5647 legitur:

2259 5633 2370 5696 ἔχει
2402 5636 2494 5687 καὶ
2526 5639 2591 5688 τὰ
2626 5633 3047 5706 βεϐουλευμένα.
