4074 6214
409 299 511 358 9ῖ3

1363 281 1454 357 IN‘
1482 301 1641 360 CAN.
1678 301 1840 361 xm
1879 302 2090 374 CONC,
2127 306 2238 367 v11
2277 308 2624 369 cacumen.

3509 314 3610 375 97-1

407 427 488 490 είς
507 426 633 486 τοὺς
652 425 1094 493 πολιτευομένους
1125 417 1264 480 κατὰ
1300 427 1451 490 Θεὸν,
1485 429 1802 499 διωρίσαντο
1836 425 1951 494 τοὺς

2063 416 2152 483 qni
2207 419 2503 471 secundum
2564 417 2729 472 Deum
2782 419 2958 473 vivere
3010 421 3366 485 constituunt,
3406 431 3609 477 statuo-

411 517 911 585 καταλιμπάινοντας
965 519 1228 586 μοναχοὺς
1277 519 1342 570 τὰ
1394 521 1570 580 οἰκεῖα
1622 523 1957 592 μοναστήρια

409 609 498 660 διὰ
527 607 827 674 φιλοδοξίαν
846 609 879 676 ἢ
911 609 1292 672 ἀνυποταξίαν,
1333 611 1425 662 καὶ
1457 611 1832 680 ἐγχειροῦντας
1861 615 1957 682 μὲν

407 697 611 760 κτίζειν
631 697 946 765 εὐκτηρίους
972 701 1172 764 οἴκους,
1194 701 1266 769 μὴ
1301 700 1518 768 ἔχοντας
1549 701 1604 754 δὲ
1630 704 1956 772 αὐτάρκειαν

409 787 541 854 πρός
563 789 927 856 ἀπαρτισμὸν,
961 790 1263 842 κωλύεσθαι
1294 793 1442 860 παρὰ
1466 793 1558 844 τοῦ
1593 796 1733 846 κατά
1771 796 1955 864 χώραν

406 879 722 939 ἐπισκόπου,
759 880 944 948 ὥσπερ
968 884 1379 949 συγκροτείσθαι
1426 887 1548 947 τοὺς
1601 887 1820 957 ἔχοντας
1863 891 1956 943 ἀν·

403 971 712 1032 ε·ιδεῶς.Τὸ
747 973 878 1026 αὐτὸ
925 975 980 1026 δὲ
1023 975 1261 1042 γίνεσθαι
1314 980 1406 1030 καὶ
1454 980 1546 1031 ἐπὶ
1603 980 1809 1035 λαῖκῶν
1861 985 1954 1036 καὶ

400 1063 700 1132 κληρικῶν.
770 1065 841 1117 Σὺ
899 1065 956 1116 δὲ
1008 1068 1054 1118 εί
1121 1068 1292 1129 θέλεις
1351 1069 1542 1124 ιιαθεῖν
1618 1059 1950 1142 πλατύτερον

399 1155 516 1217 πῶς
550 1157 641 1209 καὶ
675 1159 824 1228 παρὰ
851 1159 1007 1211 τίνων
1038 1161 1389 1224 κτίζονταιτά
1415 1165 1771 1233 μοναστήρια,
1801 1163 1950 1231 ζήτει

399 1259 520 1311 κερ.
556 1247 603 1298 α’
663 1248 754 1298 τοῦ
813 1255 860 1300 α’
916 1249 1090 1301 τίτλου
1125 1250 1217 1302 τοῦ
1252 1251 1294 1303 δ’
1342 1251 1547 1320 βιϐλίου
1588 1253 1953 1307 τῶνΒατιλι-

401 1339 534 1399 κῶν,
591 1339 727 1405 ὅπερ
776 1341 893 1392 ἐστί
945 1341 1109 1410 μέρος
1171 1342 1270 1410 τῆς
1327 1341 1447 1412 ρκγ’
1525 1344 1948 1398 Ἰουστινιανείου

399 1432 619 1492 νεαρᾶς,
676 1433 767 1482 καὶ
813 1432 872 1484 τὸ
918 1433 1035 1484 ὅλον
1107 1431 1154 1484 α’
1202 1452 1325 1502 κερ.
1370 1433 1464 1486 τοῦ
1515 1432 1582 1487 ια’
1633 1436 1809 1488 τίτλον
1857 1436 1958 1488 τοῦ*

397 1522 665 1588 παρόντος
700 1523 1098 1590 συντάγματος,
1133 1527 1228 1576 καὶ
1259 1525 1325 1577 τα
1371 1527 1427 1578 ἐν
1456 1527 1602 1596 αὐτῷ
1634 1545 1647 1557 ο
1687 1529 1948 1592 ὡσαύτως

394 1612 488 1661 καὶ
520 1612 608 1663 τὸν
660 1617 705 1664 α’
739 1613 935 1666 κανόνα
965 1614 1059 1682 τῆς
1092 1615 1253 1680 ἁγίας
1281 1616 1374 1688 καὶ
1403 1617 1647 1694 μεγάλης
1677 1617 1724 1670 α’
1755 1624 1846 1671 καὶ
1903 1621 1946 1688 β’

396 1702 618 1753 συνόδου
649 1703 750 1770 τῆς
799 1706 865 1772 év,
911 1704 987 1774 τῷ
1035 1706 1146 1773 ναῷ
1185 1707 1292 1758 τῶν
1360 1709 1558 1775 Ἁγίων
1613 1710 1947 1764 Ἀποστόλων

399 1795 692 1862 συστάσης,
731 1796 822 1848 καὶ
851 1796 1026 1866 μάθῃς
1056 1798 1232 1850 πάντα
1263 1799 1336 1852 τὰ·
1362 1800 1486 1869 περὶ
1531 1802 1629 1870 τῆς
1659 1802 1946 1872 οἰκοδομῆς

393 1884 502 1936 τῶν
535 1879 939 1958 μοναστηρίων.
963 1889 1036 1941 Τὸ
1067 1890 1248 1958 μέντοι
1274 1892 1641 1962 προκομισθὲν
1664 1897 1818 1964 παρα
1844 1896 1950 1949 τῶν

397 1980 566 2044 ἁγίων
600 1977 879 2047 Πατέρων,
910 1982 982 2052 μὴ
1028 1972 1417 2051 ἐξακουόμενον
1457 1986 1552 2038 καὶ
1599 1987 1693 2039 ἐπὶ
1744 1987 1950 2043 λαῖκῶν

396 2072 490 2125 καὶ
519 2071 820 2139 κληρικῶν,
853 2073 1086 2126 ἐκλαὸοὖ
1113 2077 1192 2136 είς
1247 2077 1440 2145 μόνους
1486 2078 1611 2142 τοὺς
1660 2081 1948 2151 μοναχους.

394 2157 468 2216 τὸ
491 2165 548 2217 δὲ
575 2164 881 2218 κωλύεσθαι
911 2167 1052 2228 οτοὺς
1100 2166 1384 2230 κτίζοντας
1435 2173 1805 2242 μοναστήρια,
1855 2174 1951 2226 καὶ

398 2258 474 2328 μὴ
505 2257 723 2326 ἔχοντας
751 2257 1025 2326 ἀρκοῦσαν
1057 2259 1304 2328 δαπάνην
1340 2261 1571 2313 ἕλκυσον
1602 2264 1683 2326 είς
1717 2265 1945 2329 πάντας,

393 2351 561 2418 ἧγουν
592 2350 670 2410 εἰς
714 2349 951 2433 λαξκους,
994 2350 1310 2420 κληρικοὺς,
1351 2354 1684 2418 ἐπισκόπους
1709 2395 1724 2418 ,
1782 2373 1950 2425 μοναο

394 2441 523 2507 χοὺς
554 2441 649 2492 καὶ
680 2440 920 2516 λοιπούς.
966 2440 1262 2509 Ἐρωτήσει
1309 2441 1364 2494 δέ
1409 2460 1512 2504 τις,
1561 2445 1667 2496 Καὶ
1695 2447 1813 2508 πῶς
1849 2447 1948 2516 τὴν

395 2530 644 2599 δαπάνην
694 2533 1132 2602 ἀπαιτηθήσεται
1171 2533 1199 2583 ὁ
1230 2532 1397 2584 θέλων
1443 2533 1627 2587 κτίσαι
1680 2540 1952 2609 μοναστή-

397 2640 512 2692 ριον
534 2640 548 2683 ;
574 2617 720 2690 Ἀρα
750 2623 974 2692 χρυσίου
1004 2624 1175 2676 πολλά
1197 2642 1316 2676 τινα
1344 2626 1580 2680 τάλαντα
1621 2627 1652 2696 ἢ
1695 2632 1952 2699 μετρίους

397 2716 714 2783 στατῆρας;
763 2715 973 2779 Λύσις.
1031 2715 1196 2768 Οὐδὲν
1272 2716 1330 2780 ἐξ
1370 2718 1588 2786 ἀμφοῖν.
1653 2719 1789 2772 Οὔτε
1845 2723 1952 2792 γὰρ

399 2805 764 2874 ἀναγκάζεταί
799 2824 881 2869 τις
905 2812 1278 2878 προσαγαγεῖν
1307 2810 1384 2879 τῷ
1410 2812 1528 2882 Θεῷ
1554 2815 1951 2886 μεγαλοπρεπῆ

400 2897 492 2948 καὶ
523 2897 679 2978 ἀξίαν
709 2895 1104 2970 προσαγωγὴν,
1132 2901 1254 2954 οὔτε
1283 2906 1701 2974 μικροπρεποῦς
1725 2909 1952 2979 χρυσίου

399 2993 715 3060 κερμάτιον,

775 2993 850 3060 μὴ
890 2994 1092 3062 ἀρκοῦν
1141 2996 1221 3057 εἰς
1267 2995 1294 3048 ὃ
1346 2997 1612 3068 προέθετο
1658 3001 1966 3070 προφέρων·

2065 517 2212 570 runt,
2257 516 2314 560 ut
2349 509 2635 572 monachi,
2678 512 2768 577 qui
2813 523 3026 578 propter
3058 513 3609 581 glorizeeupiditalem

2065 609 2160 647 Sua
2222 601 2551 654 monasteria
2605 602 2957 669 relinquunt.
3022 603 3102 655 vel
3175 605 3334 656 etiam
3398 614 3614 673 propter

2063 683 2508 752 inohedientiam,
2548 699 2597 744 et
2625 694 2859 745 oratoria
2889 693 3106 761 quidem
3129 693 3397 748 aediﬁcare
3424 712 3616 766 aggre-

2062 776 2306 844 diuntur,
2341 798 2444 834 non
2482 782 2680 838 habent
2715 795 2892 838 autem
2922 801 3038 854 quae
3072 787 3137 840 ad
3169 787 3286 850 eius
3323 790 3615 856 perfectioé

2063 885 2184 923 nem
2234 873 2526 936 sulliciunt,
2598 877 2988 944 prohibeantur
3049 879 3115 932 ab
3179 879 3323 934 illius
3375 882 3614 949 regionis

2061 962 2335 1032 episc0po,
2381 975 2438 1018 nt
2475 966 2565 1034 qui
2618 983 2676 1020 ea
2725 969 3053 1023 constituere
3093 970 3275 1025 minus
3317 972 3612 1034 suliiciunt.

2063 1053 2174 1108 Hoc
2211 1055 2386 1122 ipsum
2427 1069 2606 1126 autem
2641 1061 2804 1114 etiam
2843 1062 2955 1113 fieri
3008 1061 3062 1114 in
3117 1062 3270 1118 laicis
3310 1072 3362 1116 et
3399 1065 3614 1118 clericis

2049 1144 2366 1230 'decrevere.
2418 1150 2472 1203 Si
2511 1151 2672 1205 latius
2717 1161 2898 1206 autem
2949 1155 3092 1210 scire
3129 1157 3285 1222 velis,
3338 1157 3612 1226 quomodo

2059 1246 2111 1291 et
2136 1240 2387 1302 a.qnibus
2417 1241 2757 1296 aediﬁcantur
2786 1247 3112 1300 monasteria
3140 1288 3154 1311 ,
3191 1258 3374 1317 quirere
3406 1259 3527 1317 cap.
3559 1251 3611 1309 1,

2061 1330 2142 1384 lit.
2185 1331 2236 1392 1,
2269 1332 2362 1385 lil).
2409 1349 2460 1385 lv
2498 1331 2716 1390 Basilio.
2751 1351 2870 1403 dure
2907 1327 3121 1402 quidem
3166 1350 3248 1392 νει
3309 1355 3434 1407 pars
3511 1339 3611 1390 125

2055 1420 2343 1476 Justianini
2370 1423 2619 1487 Novellae.
2642 1437 2692 1480 et
2713 1437 2879 1480 totum
2901 1443 3018 1496 cap.
3041 1428 3091 1489 1,
3110 1431 3191 1482 tit.
3219 1430 3304 1492 ii,
3329 1433 3613 1498 praesentis

2056 1517 2252 1584 operis,
2274 1525 2327 1568 et
2355 1532 2474 1585 qua:
2506 1527 2630 1571 sunt
2655 1520 2704 1572 in
2734 1535 2797 1573 eo
2823 1539 2836 1584 ;
2872 1521 3118 1574 similiter
3145 1531 3196 1573 et
3219 1535 3336 1574 can.
3367 1522 3386 1574 l
3417 1533 3615 1576 sanctze

2055 1615 2109 1660 et
2136 1623 2337 1682 magum
2375 1610 2563 1676 prima:
2602 1621 2648 1664 et
2677 1615 2930 1666 secunda:
2971 1613 3159 1682 synodi
3197 1614 3386 1681 quzein
3413 1618 3610 1684 templo

2059 1698 2381 1751 Sanctorum
2411 1702 2802 1769 Apostolorum
2830 1714 3155 1772 congregata
3179 1714 3260 1758 est
3295 1722 3308 1758 :
3345 1715 3398 1759 ct
3428 1707 3612 1761 disces

1981 1769 2022 1820 η
2049 1792 2229 1843 omnia
2263 1807 2381 1859 qua:
2412 1795 2475 1845 ad
2515 1795 2970 1847 moiiasteriorum
2994 1795 3410 1850 aedificationem
3439 1799 3574 1864 perti
3597 1828 3608 1838 -

2052 1890 2202 1933 nent.
2235 1880 2388 1947 Quod
2437 1894 2615 1936 autem
2667 1900 2694 1938 a
2733 1887 2937 1941 sanctis
2966 1884 3220 1940 Patribus
3255 1889 3306 1939 in
3344 1889 3612 1956 prooemio

2052 1971 2258 2026 dictum
2296 1983 2401 2037 est,
2427 1975 2478 2027 in
2526 1975 2683 2030 laicis
2715 1975 2877 2029 etiam
2915 1985 2969 2031 et
2993 1979 3211 2032 clericis
3243 1995 3348 2032 non
3387 1981 3611 2034 exaudi-

2053 2074 2190 2125 tum,
2214 2063 2280 2118 de
2307 2066 2440 2120 solis
2459 2067 2741 2120 monachis
2765 2066 3264 2137 accipe.Prohiberi
3289 2081 3466 2123 autem
3494 2087 3610 2136 eos,

2051 2153 2142 2222 qui
2187 2155 2512 2208 monasteria
2559 2155 2860 2217 aediﬁcant,
2920 2167 2973 2210 et
3024 2167 3299 2226 sumptum
3345 2159 3611 2214 sufﬁcien-

2050 2251 2158 2298 tem
2191 2259 2300 2298 non
2337 2245 2558 2311 habent,
2592 2247 2659 2300 ad
2681 2262 2869 2302 omnes
2901 2249 3106 2303 scilicet
3145 2249 3332 2314 laicos,
3353 2253 3606 2314 clericos,

2051 2335 2365 2406 episcopos,
2400 2338 2697 2395 monachos
2726 2349 2779 2392 et
2807 2341 3045 2410 reliquos
3076 2346 3327 2397 extende.
3362 2346 3608 2412 [ἱστιητο-

2031 2427 2121 2480 .rit
2169 2438 2347 2482 autem
2405 2431 2698 2506 quispiam,
2758 2431 2818 2484 Et
2856 2444 3093 2501 quantus
3145 2447 3396 2505 sumptus
3433 2439 3499 2493 ab
3545 2455 3611 2493 eo

2049 2517 2317 2584 exigetur,
2342 2519 2436 2586 qui
2458 2520 2586 2572 velit
2609 2521 2998 2574 monasterium
3026 2524 3347 2577 exstruere?
3374 2525 3608 2577 Mnltano

2051 2611 2170 2664 auri
2201 2611 2424 2672 talenta,
2448 2627 2512 2664 an
2537 2613 2766 2666 statores
2799 2613 3037 2681 aliqum?
3078 2611 3302 2670 Salutio.
3325 2615 3606 2675 Neutrum.

2051 2702 2170 2756 Non
2201 2703 2343 2756 enim
2375 2710 2600 2771 cogetur
2631 2704 2900 2773 qniSpiam
2947 2707 3291 2774 magniﬁcam
3333 2718 3386 2761 et
3431 2713 3608 2779 magni

2051 2795 2210 2864 pretii
2266 2794 2374 2848 Deo
2415 2794 2610 2850 oﬂ'erre
2660 2797 3018 2861 oblationem,
3067 2815 3164 2852 nec
3210 2801 3474 2856 minumla
3513 2792 3627 2857 ah:

2054 2891 2186 2954 quot
2231 2885 2347 2937 auri
2398 2886 2751 2950 numismata,
2808 2887 2872 2939 ad
2906 2902 2966 2940 ea
3011 2902 3130 2956 qua:
3176 2893 3459 2958 proposuit
3499 2909 3605 2946 non

2054 2975 2427 3031 sufﬁcientiam
2459 2977 2693 3032 aﬂerens
2738 2981 3079 3047 exaudiatur.
3116 2980 3219 3035 Sed
3262 2987 3385 3046 quia
3417 3001 3609 3040 mona-

398 3083 900 3152 είσακουσθήσεται.
982 3086 1121 3139 Ἀλλ’
1182 3088 1305 3139 ἐπεὶ
1377 3090 1436 3141 τὸ
1504 3090 1789 3160 ἐλάχιστον
1851 3094 1951 3147 ὑπὸ

2058 3073 2282 3126 sterium
2314 3088 2341 3125 a
2376 3073 2552 3129 tribus
2589 3074 2654 3126 ad
2685 3073 2969 3126 minimum
3011 3078 3289 3130 monachis
3321 3081 3610 3134 constitui-

400 3176 568 3246 τριῶν
613 3178 863 3247 μοναχῶν
907 3178 1224 3233 συνίσταται
1279 3183 1661 3252 μονοιστήριον,
1705 3189 1950 3254 ἀναγκα-

397 3265 658 3336 σθήσεται
726 3269 754 3318 ό
809 3269 987 3321 κτίσαι
1067 3269 1274 3336 μέλλων
1342 3277 1704 3339 προσαγαγεῖν
1770 3276 1818 3326 ει
1877 3261 1964 3345 μὴ’

394 3357 637 3422 πλείονα,
669 3359 804 3422 τέως
831 3358 886 3411 δὲ
919 3359 988 3411 τὰ
1019 3360 1290 3428 ἀρκοῦντα
1328 3362 1405 3422 είς
1452 3363 1797 3432 ἀπαρτισμὸν
1823 3365 1950 3417 ναοῦ

394 3447 491 3500 καὶ
535 3448 849 3516 οἰκονομίαν
899 3448 1068 3500 αὐτοῦ
1121 3451 1213 3503 καὶ
1274 3451 1440 3520 τριῶν
1488 3451 1754 3519 μοναχῶν.
1815 3455 1950 3522 Φησὶ

392 3541 562 3608 γάρὴ
596 3536 655 3590 ιδ’
686 3538 852 3608 νεαρά
888 3539 981 3590 τοῦ
1031 3539 1294 3608 βασιλέως
1355 3541 1548 3610 κυρίου
1590 3541 1816 3606 Λέοντος
1857 3545 1950 3597 τοῦ

389 3622 690 3697 Φιλοσόῖρου
749 3633 887 3700 μετά
941 3633 1001 3684 τὸ
1054 3634 1336 3703 προοίμιον
1384 3633 1591 3687 ταῦτα’
1623 3637 1808 3704 Φαμὲν
1857 3633 1951 3689 οὖν

391 3721 491 3785 ὡς,
528 3721 650 3774 ἐπεὶ
682 3722 742 3773 τὺ
771 3723 912 3775 θεῖον
962 3722 1138 3792 ἐπῆγε
1181 3724 1352 3792 στόμα
1377 3740 1391 3753 ·
1437 3725 1628 3778 ’Ὅπου
1669 3726 1785 3779 εἰσὶ
1843 3729 1952 3780 δύο

391 3812 431 3879 ἣ
479 3811 638 3879 τρεῖς
691 3813 1059 3882 συνηγμένοι
1110 3813 1178 3865 ἐν
1228 3811 1306 3877 τῷ
1372 3815 1616 3882 ὀνόματί
1639 3833 1780 3883 μου,
1830 3817 1958 3870 ἐκεῖ

391 3905 512 3971 ειμι
545 3903 801 3972 ἐνμέσῳ
843 3905 1063 3968 αὐτῶν,
1108 3905 1304 3975 χρῆναι
1341 3906 1402 3958 τὸ
1444 3906 1726 3975 ἐλάχιστον
1776 3910 1950 3977 τρισὶν

394 3993 664 4063 ἐπαρκεῖν
692 3995 752 4046 τὸ
803 3998 1169 4065 μοναστηρίου
1214 3999 1408 4067 κλῆσιν
1447 3998 1813 4067 ὑποδυόμενον
1858 3999 1950 4064 ἔρ-

390 4100 515 4150 γον,
555 4083 794 4154 δηλονότι
826 4086 1056 4139 καὶτῶν
1095 4086 1269 4141 ἄλλων
1307 4088 1465 4157 ἱερῶν
1491 4088 1806 4157 κειμηλίων,
1855 4092 1964 4144 ὅσα·

391 4193 452 4228 τε
486 4177 622 4246 πρὸς
647 4178 926 4245 ἀγιστείαν
956 4180 1050 4231 καὶ
1078 4178 1383 4246 δοξολογίαν
1409 4181 1630 4250 ὁρῶσιν,
1674 4183 1951 4254 ὑπαρχού-

393 4284 498 4336 σης
527 4269 628 4338 τῆς
655 4270 931 4338 εὐπορίας.
960 4269 1051 4341 Τῷ
1086 4272 1185 4340 μὲν
1233 4270 1326 4323 οὖν
1359 4273 1492 4342 πρὸς
1524 4274 1812 4340 ἀνιέρωσιν
1851 4294 1949 4344 μο-

392 4361 692 4430 ναστηρίου
753 4363 1030 4417 ἀκώλυτον
1078 4363 1254 4428 ἕξοντι
1312 4363 1410 4433 τὴν
1462 4366 1824 4435 ἐπιχείρησιν,
1871 4369 1952 4430 είς

2057 3171 2164 3227 tur,
2192 3175 2435 3234 cogetur,
2458 3165 2550 3233 qui
2577 3165 2687 3218 vult
2712 3165 3002 3230 aediﬁcare,
3036 3166 3226 3220 air-erro
3247 3168 3408 3238 320
3435 3171 3478 3224 si
3505 3188 3608 3225 non

2053 3255 2230 3322 plura,
2294 3271 2355 3309 ea
2403 3257 2620 3325 quidem
2663 3268 2808 3310 certe
2842 3273 2958 3326 qua:
3014 3258 3287 3321 sullicinnt
3331 3262 3395 3312 ad
3429 3265 3611 3333 tempii

2057 3346 2460 3414 perfectionem,
2528 3363 2788 3418 suamque
2854 3359 2906 3402 et
2986 3351 3145 3403 trium
3217 3356 3608 3409 monachorum

2056 3439 2444 3495 habitationem
2475 3449 2527 3496 et
2556 3431 2946 3510 proﬁsionem.
3003 3444 3137 3495 Dicit
3163 3447 3302 3499 enim
3337 3449 3397 3500 ti
3441 3449 3606 3518 impe-

2056 3531 2254 3583 ratoris
2315 3531 2518 3584 domini
2587 3531 2783 3586 Leonis
2851 3532 3166 3604 Philosophi
3219 3535 3436 3592 Novella
3491 3551 3612 3609 pos:

2055 3625 2376 3689 prooemium
2427 3624 2571 3679 haec:
2622 3625 2861 3680 Dicimus
2919 3628 3098 3698 itaque
3150 3630 3293 3699 quod
3355 3635 3608 3700 quoniam

2055 3715 2239 3768 divino
2288 3717 2620 3782 oreJlictum
2653 3729 2754 3782 est,
2800 3718 2900 3772 Ubi
2937 3731 3055 3789 sunt
3097 3722 3201 3774 duo
3235 3727 3314 3776 vel
3354 3735 3458 3776 tres
3490 3743 3614 3779 con-

2053 3811 2254 3876 gregati
2287 3809 2339 3860 in
2361 3811 2567 3863 nomine
2615 3826 2747 3874 meo,
2781 3812 2891 3864 illic
2919 3829 3034 3865 sum
3062 3814 3116 3865 in
3143 3815 3312 3867 medio
3345 3833 3522 3869 eorum
3547 3821 3613 3881 "’,

2055 3913 2268 3971 oportet
2304 3904 2478 3959 tribus
2525 3907 2588 3958 ad
2642 3907 2926 3960 minimum
2975 3908 3218 3963 sulliccre
3259 3927 3416 3980 opus,
3470 3919 3610 3982 quod

2056 3995 2374 4049 monasterii
2408 3995 2557 4049 subit
2590 3997 3009 4065 appellationem
3039 4039 3053 4062 ,
3106 4007 3161 4054 et
3204 4003 3436 4055 aliorum
3467 4005 3612 4058 scili-

2055 4095 2140 4141 cet
2170 4088 2530 4157 pretiosorum
2561 4089 3073 4155 instrumentorum,
3107 4109 3229 4160 qua:
3257 4094 3322 4146 ad
3365 4109 3607 4150 ceremo-

2055 4183 2174 4235 nias
2207 4179 2409 4249 Deique
2438 4182 2644 4234 cultum
2685 4191 2738 4234 et
2770 4183 3010 4235 nominis
3029 4183 3447 4237 celebrationem
3493 4201 3614 4254 per-

2057 4273 2248 4333 tinent,
2285 4288 2391 4326 non
2418 4272 2608 4327 deesse
2645 4273 2978 4327 facultatem.
3015 4273 3147 4327 Eum
3191 4288 3337 4340 ergo,
3369 4277 3460 4344 qui
3495 4291 3610 4328 mo-

2058 4365 2352 4419 nasterium
2401 4379 2726 4419 consecrare
2776 4366 2902 4418 velit
2944 4366 3159 4433 aggredi
3190 4365 3327 4418 citra
3365 4368 3610 4436 prohibi-

389 4452 650 4506 τοσοῦτον
681 4455 862 4524 δεήσει
913 4455 972 4508 τὸ
1005 4457 1288 4526 ἐλάχιστον
1325 4457 1385 4508 τὸ
1435 4456 1731 4527 ἁφιέρωμοί
1770 4477 1951 4512 συντε-

2057 4458 2282 4519 tionem,
2316 4473 2381 4510 co
2422 4472 2592 4526 usque
2630 4457 2706 4509 ad
2754 4457 3034 4509 minimum
3068 4457 3339 4526 Oportebit
3388 4460 3451 4513 ad
3491 4461 3612 4522 ejus

391 4543 532 4597 λεῖν.
577 4543 700 4596 ’Ότι
732 4545 787 4596 δὲ
814 4547 862 4597 οί
915 4547 1180 4609 πλεῖστοι,
1218 4547 1354 4616 πρὸς
1392 4548 1490 4619 τὴν
1543 4550 1796 4617 τοιαύτην
1827 4553 1960 4603 ’ἐπιο

391 4635 648 4704 χείρησιν
682 4638 906 4699 ἑαυτοὺς
933 4638 1286 4700 ἐπιδιδόντες,
1327 4641 1497 4691 ἐνίοτε
1527 4641 1710 4693 ’ὀπίσω
1758 4641 1952 4712 βουλῆς

389 4728 812 4792 ἀπολείπονται,
845 4729 1212 4799 προλαϐόντος
1257 4731 1351 4782 τοῦ
1408 4733 1662 4798 θανάτου,
1711 4736 1803 4785 καὶ
1857 4737 1954 4804 τῆς

389 4821 454 4870 ὲν
486 4818 792 4888 ἀνθρώποις
821 4822 1016 4882 αὐτοὺς
1046 4825 1491 4894 συναναστροφῆς
1514 4825 1952 4891 ἐξαφανίζοντος,

387 4913 571 4962 ἐκεῖνο
617 4914 744 4980 ἡμῖν
798 4913 1108 4975 θεσπίζεται
1160 4914 1234 4974 ὡς
1265 4955 1277 4974 ,
1331 4915 1711 4977 διατυπώσεως
1761 4917 1956 4986 προελ-

387 5001 618 5071 θούσης,
662 5005 730 5056 τά
771 5005 828 5055 ὲν
860 5007 995 5075 αὐτῇ
1030 5006 1366 5076 διορισθέντα
1401 5006 1554 5060 ἔσται
1589 5011 1682 5075 τῆς
1718 5008 1947 5078 Ἐκκληο

388 5098 538 5158 σίας.
575 5098 634 5147 Εἰ
664 5096 740 5161 δὲ,
771 5097 929 5149 ὁποῖα
970 5099 1141 5150 πολλὰ
1171 5099 1326 5168 φέρει
1359 5101 1417 5150 τὸ
1442 5098 1657 5168 ἄδηλον,
1700 5100 1805 5170 πρὸ
1855 5104 1955 5171 τῆς

381 5189 505 5242 τῶν
560 5189 776 5241 οἰκείων
832 5191 1209 5260 ἀναρπασθείη
1257 5192 1681 5255 διατυπώσεως,
1745 5194 1951 5264 παίδων

383 5281 496 5351 μὲν
526 5281 767 5333 ὑπόντων
792 5282 918 5352 ἄχρι
948 5283 1138 5351 τριῶν,
1173 5299 1433 5352 τέταρτον
1467 5284 1630 5352 μέρος
1653 5284 1751 5351 τῆς
1782 5285 1956 5355 ὑπάρ-

379 5378 529 5440 ξεως
554 5371 896 5424 οἰκειώσεται
928 5374 959 5441 ἡ
989 5375 1122 5442 μονή
1164 5389 1178 5403 ⁸
1230 5373 1488 5424 ἐπέκεινα
1529 5373 1584 5424 δὲ
1617 5372 1710 5423 τοῦ
1761 5372 1946 5441 τρίτου

351 5465 628 5538 ,ἀριθμοῦ
653 5467 932 5538 προϊόντος
961 5465 1054 5518 τοῦ
1089 5465 1188 5534 τῆς
1217 5466 1380 5534 γονῆς
1425 5464 1686 5531 πλήθους,
1740 5482 1949 5531 συγκα-

378 5557 674 5622 ταλέξεται
705 5560 764 5611 τὸ
821 5561 1181 5629 μοναστήριον
1217 5561 1329 5618 τοῖς
1368 5560 1548 5619 παισὶ,
1597 5557 1691 5608 καὶ
1739 5557 1806 5607 τὰ
1860 5557 1951 5609 ἴσα

379 5652 602 5706 τούτων
669 5651 880 5721 ἑκάστῳ
935 5651 1158 5720 λήψεται
1204 5651 1267 5703 ἐκ
1306 5649 1486 5717 πάσης
1512 5649 1847 5716 περιουσίας,
1882 5645 1948 5719 ἧς

464 5747 509 5779 ⁸⁸
543 5746 732 5800 Matth.
767 5761 923 5812 xvm,
957 5745 1048 5798 20.

2060 4552 2526 4604 consecrationem
2577 4549 2910 4617 impendere.
2951 4549 3216 4614 Quoniam
3265 4561 3442 4605 autem
3497 4555 3613 4622 plu-

2059 4634 2204 4704 rimi,
2237 4641 2328 4709 qui
2362 4658 2418 4694 se
2449 4641 2539 4692 tali
2586 4641 2662 4693 rei
2720 4641 3100 4709 aggrediundm
3127 4641 3414 4702 dedidere,
3471 4633 3603 4696 non-

2058 4748 2336 4802 nunquam
2380 4742 2566 4802 postea
2600 4731 2828 4785 consilio
2871 4733 3224 4796 frustrantur,
3258 4746 3435 4788 morte
3476 4750 3610 4803 pra:-

2056 4823 2326 4883 veniente,
2380 4831 2433 4873 et
2465 4835 2648 4874 eorum
2689 4820 2827 4873 inter
2862 4821 3105 4874 homines
3141 4823 3607 4876 conversationem
3661 4886 3663 4889 ι

2057 4913 2298 4974 tollente,
2347 4913 2478 4964 illud
2517 4929 2544 4962 a
2589 4912 2743 4965 nobis
2775 4913 3116 4976 decernitur;
3157 4912 3298 4980 quod
3345 4913 3388 4965 si
3441 4921 3604 4965 testa.

2060 5014 2304 5057 mentum
2356 5004 2726 5073 praecesserit,
2783 5019 2902 5072 quae
2951 5005 3002 5055 in
3051 5020 3116 5057 eo
3162 5005 3421 5072 disposita
3463 5014 3609 5060 sunt.

2057 5107 2219 5151 erunt
2292 5097 2603 5150 Ecclesiae:
2674 5097 2758 5149 sin
2823 5105 3004 5147 autem
3076 5095 3379 5162 cujusomdi
3445 5096 3610 5146 inulta

2058 5203 2240 5242 rerum
2295 5187 2450 5241 δῦθι-ι
2491 5186 2834 5246 incertitudo,
2888 5195 3012 5237 ante
3080 5187 3281 5239 factum
3325 5187 3392 5239 de
3450 5187 3614 5240 rebus
3669 5225 3680 5242 ι

2061 5281 2174 5335 suis
2207 5289 2587 5334 testamentum
2630 5296 2658 5330 e
2697 5279 2875 5331 medio
2920 5279 3170 5331 sublatus
3207 5279 3389 5337 fuerit,
3421 5279 3464 5329 si
3502 5279 3611 5328 sint

2063 5371 2280 5440 quidem
2339 5382 2447 5424 tres
2507 5371 2708 5432 liberi,
2762 5377 3009 5436 quartam
3086 5368 3350 5420 honorum
3407 5377 3611 5435 partem

2059 5463 2160 5516 sibi
2215 5461 2507 5514 vindicabit
2579 5461 3022 5512 monasterium:
3082 5459 3166 5511 sin
3212 5469 3414 5510 .autem
3474 5457 3610 5509 ultr;

2062 5555 2278 5606 tertium
2344 5564 2628 5618 numerum
2690 5549 2860 5616 prolis
2910 5547 3236 5615 processerit
3306 5545 3609 5600 multitudo.

2060 5646 2446 5707 monasterium
2508 5658 2788 5698 unacnm
2847 5643 3033 5697 liberis
3090 5641 3501 5699 numerabitur.
3560 5652 3617 5695 et

3050 5765 3072 5774 ς
