4074 6214
601 191 707 253 975

603 310 978 380 unusquisque
1025 325 1211 363 eorum
1242 311 1501 380 aequalem
1531 319 1734 377 partem
1773 312 2003 380 accipiet
2034 316 2151 363 uni-

599 416 879 455 versarum
902 400 1240 462 facultatum,
1260 417 1393 470 quas
1411 401 1651 455 defuncti
1672 403 1849 455 debita
1869 418 1974 456 non
1992 403 2154 455 attin-

600 506 755 561 gunt.
792 494 848 545 Si
872 500 1051 547 autem
1086 494 1287 547 liberos
1324 509 1429 547 nou
1456 480 1651 547 haheat
1678 494 1769 562 qui
1812 494 1920 547 vita
1960 509 2149 549 exces-

597 590 704 652 sit,
744 587 834 640 sed
877 584 1093 644 irelictis
1120 586 1434 654 parentibus
1473 585 1787 648 decesserit,
1816 585 1884 638 iis
1908 602 2027 655 qua:
2053 586 2150 639 ha-

598 681 688 734 bet
720 678 965 732 bifariam
991 677 1202 742 divisis,
1226 678 1393 733 altera
1416 677 1631 745 quidem
1668 694 1792 744 pars
1814 679 2149 745 parentibus,

597 774 763 827 altera
809 784 934 824 vero
997 770 1329 823 monasterio
1362 769 1622 823 tradetur.
1656 769 1711 822 Si
1768 777 1947 823 autem
1981 771 2143 823 haeres

596 864 756 917 dibus
791 859 1209 916 ascendentibus
1243 861 1536 917 destitutus
1568 859 1750 925 fuerit,
1800 875 1895 914 eos
1945 870 2150 923 autem,

594 955 686 1026 qui
757 971 853 1023 per
918 953 1349 1031 trausversalenr
1398 952 1595 1007 lineam
1654 954 2149 1024 eum‘attin‘gunt,

591 1050 772 1102 clerus
802 1045 1119 1100 admiserit:
1161 1044 1261 1113 ipsi
1291 1044 1530 1113 quidem,
1557 1046 1872 1113 quicunque
1925 1045 2148 1109 fuerint,

592 1142 822 1214 tertiam
866 1148 1074 1207 partem
1124 1137 1509 1207 possidebunt,
1565 1136 1683 1191 duae
1733 1145 1911 1191 autem
1966 1146 2150 1207 partes

591 1232 847 1285 Ecclesiae
861 1229 1134 1283 accedent.
1158 1229 1221 1281 Et
1239 1231 1351 1283 haec
1378 1230 1594 1298 quidem
1631 1230 1695 1282 de
1721 1230 1787 1283 iis
1811 1230 1902 1299 qui
1961 1244 2149 1283 mona-

590 1325 755 1380 steria
792 1322 1082 1376 aedificant.
1130 1320 1483 1391 Interrogatio
1520 1338 1537 1385 ;
1582 1321 1636 1374 Si
1686 1322 1809 1390 quis
1837 1331 2014 1375 autem
2047 1322 2149 1376 do-

582 1435 737 1473 mum
788 1417 1133 1480 oratoriam,
1202 1430 1309 1469 non
1386 1414 1826 1477 m0uasterium,
1881 1412 2150 1467 aediﬁcare

588 1511 1149 1573 vol‘ueritrtantamne
1180 1518 1240 1560 ιιι
1275 1504 1465 1559 afferat
1508 1508 1838 1574 impensam,
1867 1504 2018 1574 abjeo
2055 1519 2150 1573 po-

587 1597 1210 1656 stulabitur?~Solutio:
1257 1597 1628 1665 Nequaquam.
1686 1595 1809 1651 llaec
1884 1598 2025 1650 enim
2085 1598 2148 1650 tle

588 1695 720 1748 solis
765 1691 1117 1745 monasteriis
1164 1688 1271 1741 lata
1302 1697 1448 1742 sunt.
1491 1685 1589 1753 Qui
1632 1696 1878 1756 estergo
1909 1688 2144 1741 aedifica-

588 1797 745 1839 turus
797 1784 994 1837 oﬂerre
1056 1790 1279 1851 cogetur
1324 1782 1469 1849 quod
1500 1779 1631 1835 satis
1669 1789 1771 1842 est,
1798 1796 1863 1834 ex
1906 1780 2157 1849 episcopi

584 1877 1018 1931 examinationet
1054 1873 1150 1929 His
1195 1888 1325 1942 ergo
1350 1874 1425 1926 ita
1464 1889 1524 1927 se
1564 1872 1919 1933 habentibus,
1961 1873 2012 1926 iu
2055 1888 2146 1926 ur—

586 1970 736 2025 bium
774 1956 990 2038 quidem
1032 1966 1214 2036 regina
1260 1964 1326 2019 ab
1355 1978 1441 2029 eo,
1475 1965 1567 2033 qui
1613 1965 1769 2019 statis
1810 1964 2144 2033 temporibus

584 2072 667 2117 est
710 2059 1125 2129 chartephylax,
1170 2057 1351 2112 crucis
1390 2056 1514 2110 ﬁxio
1543 2064 1695 2111 extra
1728 2058 1917 2111 urbem
1952 2058 2142 2124 alicui,

585 2154 845 2224 templum
900 2151 1141 2206 excitare
1194 2148 1396 2204 volenti
1442 2163 1549 2202 non
1601 2148 1784 2212 datur,
1834 2148 1940 2202 nisi
1985 2149 2147 2217 juxta

583 2247 820 2317 primum
863 2257 1127 2298 canouem
1195 2241 1382 2311 primae
1429 2249 1483 2295 et
1538 2241 2029 2312 secundae‘synodi
2088 2242 2143 2296 in

586 2340 808 2409 scriptis
850 2336 1193 2407 deposuerit,
1265 2350 1327 2390 se
1387 2335 1573 2389 omnia
1615 2335 1866 2391 attulisse
1912 2351 2034 2405 qua:
2079 2336 2144 2390 ad

580 2434 698 2503 ejus
747 2430 1133 2502 perfectionem
1187 2429 1483 2499 pertinent,
1534 2434 1594 2482 ut
1643 2429 1897 2498 snperius
1932 2429 2140 2482 dictum

586 2533 709 2589 est,
744 2533 798 2577 et
818 2538 880 2576 ea
906 2522 1212 2577 minutatim
1254 2520 1656 2575 conﬁrmaverit
1682 2520 1735 2574 iu
1770 2521 2145 2599 ecclesiastico

588 2615 793 2671 codice.
816 2614 876 2669 In
906 2612 1147 2668 externis
1174 2614 1352 2666 autem
1391 2611 1798 2681 regionibusmt
1853 2612 1979 2665 mihi
2021 2613 2143 2681 qui-

581 2712 704 2763 dem
722 2709 954 2769 videtur,
974 2704 1109 2760 nihil
1153 2701 1421 2773 ejusmodi
1464 2702 1761 2757 subtilitate
1778 2703 2140 2772 ,disquirilur;

584 2803 677 2855 sed
707 2801 834 2854 licet
870 2798 1018 2853 omni
1050 2796 1251 2851 volenti
1276 2795 1481 2863 absque
1505 2794 1607 2849 ulla
1633 2794 1877 2850 molestia
1905 2798 2139 2848 oratoria

583 2892 875 2947 :t-dilicare.
931 2889 1072 2955 Quin
1106 2898 1158 2942 et
1196 2889 1283 2941 hic
1306 2890 1469 2941 etiam
1527 2885 1680 2940 multi
1723 2888 1931 2956 absque
1968 2888 2142 2941 scien-

585 2988 659 3040 tia
694 2986 934 3053 cpisc0pi
964 2983 1129 3036 multa
1149 2980 1351 3036 audent
1376 2982 1663 3052 ejusmodi.
1689 2980 1828 3046 Quia
1853 2990 2032 3035 autem
2053 2997 2142 3035 so-
2169 2973 2212 3031 C

575 3076 685 3129 lius
707 3077 889 3145 templi
918 3081 1169 3141 sumptus
1194 3071 1671 3135 meminit'canou';
1690 3081 1938 3140 sumptus
1962 3084 2139 3125 autem

580 3170 824 3231 nomine,
858 3165 1038 3221 omnia
1070 3179 1193 3234 qute
1233 3172 1363 3218 sunt
1409 3164 1743 3219 monasterio
1769 3165 1917 3218 utilia
1958 3175 2012 3218 et
2050 3166 2138 3227 iis,

579 3261 669 3330 qui
724 3260 778 3313 iu
823 3258 940 3327 ipso
973 3266 1321 3320 exercentur,
1370 3255 1942 3325 comprehenduntur:
1973 3256 2140 3311 debes

586 3364 644 3407 tu
683 3364 958 3422 sumptum
996 3366 1211 3420 quoque
1250 3351 1329 3404 sic
1356 3336 1631 3419 accipere.

653 3445 907 3513 ZONAR.
941 3445 985 3497 Δ
1035 3442 1317 3497 monachis
1354 3441 1684 3517 monasteria
1719 3440 2040 3495 exaediﬁcari
2074 3457 2141 3497 ne

583 3542 761 3603 iiceat,
806 3540 894 3593 hic
927 3553 1101 3591 canon
1125 3537 1404 3591 decernit:
1438 3536 1506 3590 ab
1540 3537 1841 3605 imperandi
1869 3536 2138 3605 siquidem

480 3636 485 3645 ί
584 3634 766 3689 studio
800 3631 1137 3701 parendique
1182 3630 1524 3699 impatientia
1556 3631 1811 3687 homines
1835 3632 1887 3684 in
1916 3630 1966 3685 id
1992 3632 2142 3684 ‘con-

584 3727 765 3781 silium
804 3724 1005 3794 impelli
1053 3724 1208 3793 dicit.
1233 3722 1369 3778 Cum
1401 3723 1544 3777 enim
1591 3723 1733 3787 illos,
1765 3722 1964 3792 inquit,
2007 3723 2139 3778 obe-

582 3818 801 3871 tlieutiae
849 3815 1084 3870 twdiutn‘
1116 3816 1295 3885 cepit,
1359 3814 1795 3879 aediﬁcationem
1821 3816 2137 3870 moliuntur.

584 3911 706 3969 Mox
755 3925 887 3964 cum
934 3904 1017 3963 ad'
1051 3907 1443 3977 perliciendum
1477 3905 1767 3961 facultates
1792 3924 1911 3961 non
1940 3922 2141 3977 suppe-

583 4012 739 4066 tant.
799 4015 961 4069 opera
1025 3999 1277 4053 inchoata
1340 3998 1680 4068 relinquunt.
1753 3998 1809 4054 Id
1864 4014 1934 4054 ne
2004 3998 2139 4063 ﬁat,

580 4083 816 4166 cpis'copi
870 4092 1050 4147 studio
1095 4091 1277 4145 curari
1339 4093 1513 4161 jubet.
1543 4092 1697 4157 Quod
1732 4092 1891 4146 sicui
1929 4100 2138 4146 tantum

568 4193 831 4256 suppetat
883 4184 938 4238 in
981 4194 1281 4253 sumptum,
1316 4192 1587 4252 quantum
1607 4188 1757 4254 operi
1810 4182 2141 4238 absolvenda

582 4280 721 4334 Satis
744 4292 866 4335 esse
901 4278 1100 4345 possit,
1135 4276 1204 4329 ab
1242 4290 1307 4329 eo
1337 4275 1549 4343 eogiata
1582 4275 1766 4345 perlici
1799 4275 1933 4328 nihil
1973 4282 2140 4329 vetat.

586 4367 841 4423 Eamdem
893 4362 1075 4435 porro'
1108 4367 1553 4420 constitutionem
1598 4364 1665 4417 ad
1717 4364 1943 4421 clericos
1985 4373 2042 4418 et
2076 4365 2143 4419 ad

584 4460 751 4512 laicos
792 4459 995 4526 pariter
1023 4456 1240 4510 extendi
1286 4458 1488 4525 placet.

586 4549 816 4605 ARIST.
858 4566 877 4599 ι
908 4548 1011 4613 Qui
1061 4551 1448 4603 monasterium
1481 4557 1766 4604 exstruere
1793 4548 1945 4613 vult,
1976 4549 2020 4603 si
2052 4553 2149 4603 ha-

663 4662 681 4695 ι
724 4644 842 4695 beat
866 4641 1081 4710 quidem
1120 4641 1321 4709 quibus
1365 4642 1647 4711 perﬁciat,
1692 4656 1831 4712 opus
1866 4642 2150 4713 aggredia-

660 4753 679 4787 ι
718 4745 827 4797 tur,
869 4743 923 4787 et
948 4732 1014 4786 ad
1054 4733 1213 4787 tinem
1247 4734 1389 4789 istud
1422 4735 1705 4804 perducat.
1743 4733 1839 4789 Sin
1869 4734 2070 4797 minus,
2115 4748 2145 4786 a

580 4812 587 4821 ’
661 4847 681 4879 ι
732 4832 831 4883 loci
867 4836 1124 4891 episcopo
1164 4821 1545 4891 prohibeatur.
1572 4821 1717 4878 Idem
1750 4822 1890 4877 etde
1916 4822 2068 4878 laicis
2096 4831 2148 4877 et

717 4916 999 4973 monachis
1024 4915 1179 4969 valet.
1214 4931 1233 4963 ι
1856 4938 1859 4939 ν

1044 5090 1201 5160 321
1246 5085 1497 5153 canon.
1525 5087 1715 5145 xvnt.

595 5204 611 5234 ι
661 5185 787 5239 Siue
822 5183 1125 5239 olIensione
1168 5192 1283 5240 este
1326 5183 1491 5237 etiam
1526 5182 1593 5238 iis
1624 5184 1715 5253 qui
1743 5193 1897 5239 extra
1927 5197 2056 5241 sunt
2079 5190 2146 5256 ε’,

662 5295 679 5327 ι
723 5277 897 5346 inquit
926 5276 1144 5331 divinus
1174 5276 1473 5347 Apostolus
1504 5292 1521 5329 :
1564 5278 1826 5332 mulieres
1860 5288 2044 5335 autem
2092 5285 2142 5340 in

664 5466 708 5495 ⁶⁹
740 5463 760 5515 l
788 5462 914 5519 Cur.
950 5478 1002 5524 Χ,
1034 5462 1125 5518 5‘2.

667 5630 778 5696 (39)
810 5634 1276 5700 Σταυροπήγιογ.
1309 5635 1442 5693 Vide
1476 5638 1759 5697 Suicerum
1794 5643 1894 5699 sub
1922 5661 2070 5702 voce.

1893 195 2163 255 THEOD.

2204 195 2596 256 BALSAMON

2184 322 2224 369 Α
2253 336 2350 402 οὐχ

3676 216 3758 276 S76

2403 334 2635 388 ἆτττεται
2702 337 2837 405 χρέα
2887 336 2980 388 τοῦ
3036 337 3372 407 τεθνηκότος.
3421 343 3660 410 ’Λπαιδος
3709 352 3755 402 δὲ

2256 425 2591 495 ὑπάρχοντος
2622 427 2716 479 τοῦ
2750 428 2839 479 τὸν
2872 428 2985 496 βίον
3018 429 3400 496 ἀπολιπόντος,
3440 434 3525 486 ἐπὶ
3571 439 3756 502 γονεῦσι

2252 519 2309 571 δὲ
2374 520 2643 586 λιπόντος,
2692 522 2813 591 διχῆ
2848 524 2955 575 τῶν
2990 525 3298 592 προσόντων
3326 525 3757 604 διαιρουμένωνλ

2256 610 2355 678 μὲν
2384 613 2621 677 γονεῦσι,
2654 615 2686 683 ἡ
2717 614 2761 665 δ’
2783 616 2945 682 ἑτέρα
2966 620 3130 685 μοῖρα
3146 617 3221 685 τῷ
3248 622 3581 691 μοναστηρίῳ
3608 641 3757 694 παρα-

2255 704 2597 772 σχεθήσεται.
2631 706 2760 758 Εἰδ’
2788 708 2992 778 ἕρημος
3014 710 3098 776 εἴη
3132 698 3481 779 κληρονόμων
3513 715 3759 783 ἀνιόντων,

2250 797 2375 858 τοὺς
2402 802 2461 849 ἐκ
2492 797 2720 865 πλαγίου
2744 799 2799 852 δὲ
2823 803 3087 863 εἰσιόντας
3103 803 3130 852 ὁ
3148 802 3347 872 κλῆρος
3366 805 3634 872 προσίεται
3652 825 3663 837 ο
3684 812 3760 861 αὖ,

2250 889 2333 939 τοὶ
2358 888 2475 957 μὲν,
2494 891 2606 942 ὅσοι
2636 890 2699 942 ἂν
2724 894 2815 944 καὶ
2833 887 2932 944 ὦσι
2960 933 2972 952 ,
2994 892 3054 943 τὸ
3073 895 3249 962 τρίτον
3268 895 3430 963 μέρος
3451 895 3764 968 διανεμήσον.

2251 996 2360 1044 ται,
2393 983 2451 1032 τ’)
2481 982 2727 1051 δίμοιρον
2762 985 2816 1035 δὲ
2848 987 3195 1054 προχωρήσει
3224 990 3286 1055 τῇ
3329 988 3633 1059 Ἐκκλησία.
3673 994 3763 1045 Καὶ

2249 1074 2421 1127 ταῦτα
2456 1076 2552 1144 μὲν
2583 1078 2660 1139 είς
2681 1078 2801 1138 τοὺς
2830 1078 3109 1141 κτίζοντας
3162 1082 3512 1149 μοναστήρια.
3549 1083 3762 1151 Ἐρώτη·

2249 1165 2367 1231 σιξ.
2409 1167 2471 1220 Εἰ
2514 1168 2567 1219 δέ
2614 1187 2695 1231 τις
2739 1170 3019 1253 εὐκτήριον
3057 1168 3223 1236 οἷκον,
3261 1172 3381 1241 ούχὶ
3422 1178 3759 1245 μοναστήριον,

2251 1259 2466 1327 θελήσει
2514 1261 2718 1324 κτίσαι,
2792 1262 3059 1330 τοσαύτην
3119 1263 3367 1333 δαπάνην
3429 1270 3761 1333 προσαγαγεῖν

2249 1352 2708 1420 ἀπαιτηθήσεταις
2744 1354 2954 1418 Λύσις.
3007 1353 3292 1423 Οὐδαμῶς.
3330 1357 3460 1424 Περὶ
3496 1359 3597 1425 γὰρ
3626 1375 3763 1426 μονα-

2251 1446 2486 1513 στηρίων
2560 1444 2732 1497 ταῦτα
2792 1445 3227 1515 νενομοθέτηται.
3297 1448 3763 1519 ’Λναγκασθήσεται

2224 1536 2342 1589 ὀὖν
2373 1539 2400 1588 ὁ
2430 1536 2612 1589 κτίσαι
2644 1536 2854 1606 μέλλων
2886 1543 3276 1607 προσαγαγεῖν,
3314 1544 3458 1594 κατὰ
3481 1542 3762 1612 δοκιμασίαν

2181 1642 2219 1695 Β
2249 1626 2343 1678 τοῦ
2375 1627 2696 1688 ἐπισκόπου,
2734 1628 2793 1679 τὸ
2814 1630 3039 1698 ἀρκοῦν.
3077 1632 3293 1684 Τούτων
3347 1632 3516 1693 οὓτως
3545 1634 3760 1701 ἐχόντων,

2248 1722 2305 1772 ἐν
2328 1720 2423 1787 μὲν
2441 1723 2505 1789 τῇ
2531 1718 2887 1792 βασιλευούσῃ
2904 1722 3012 1774 τῶν
3035 1723 3242 1777 πόλεων
3274 1724 3453 1787 ἄλλως
3498 1729 3763 1795 σταυροπή-

2246 1829 2362 1880 γιον
2395 1814 2507 1881 (59)
2539 1813 2690 1882 παρὰ
2722 1812 2813 1865 τοῦ
2847 1814 2985 1867 κατὰ
3017 1815 3243 1884 καιροὺς
3279 1815 3679 1885 χαρτοφύλακος
3713 1818 3759 1870 οὐ

2245 1905 2442 1956 δίδοταί
2472 1922 2580 1956 τινι
2616 1904 2719 1969 ἔξω
2748 1906 2846 1974 τῆς
2878 1908 3085 1968 πόλεως
3128 1908 3340 1976 ταύτης
3381 1909 3645 1978 ἀνεγεῖραι
3692 1909 3760 1961 θέ-

2245 1994 2390 2047 λοντι
2421 1994 2564 2059 ναὸν,
2599 1996 2746 2066 εἰμὴ
2794 1999 2933 2049 κατὰ
2971 1995 3063 2048 τὸν
3091 1998 3139 2049 α’
3189 2000 3397 2051 κανόνα
3434 1999 3528 2067 τῆς
3581 2000 3761 2069 πρώτης

2248 2087 2340 2138 καὶ
2366 2085 2621 2156 δευτέρας
2650 2086 2868 2139 συνόδου
2901 2088 3203 2159 κατάθηται
3232 2089 3603 2161 δι’τὲγγραφῆς
3625 2109 3761 2161 προσ-

2238 2182 2488 2248 ενεγκεῖν
2516 2198 2533 2222 ι
2559 2180 2736 2233 πάντα
2786 2183 2855 2235 τὰ
2909 2183 3045 2251 πρὸς
3088 2174 3444 2255 ἀπαρτισμδν
3479 2184 3669 2249 τούτου,
3704 2185 3760 2247 ὡς

2206 2274 2488 2343 ,εἴρηταῃ
2537 2278 2631 2329 καὶ
2679 2276 2948 2349 βεϐαιώσῃ
3004 2278 3145 2332 αὐτὰ
3192 2280 3346 2333 κατὰ
3391 2280 3579 2333 λεπτὸν
3619 2283 3669 2332 ἐν
3702 2281 3760 2348 τῷ

2244 2367 2684 2438 ἐκκλησιαστικῷ
2729 2370 2918 2423 κώδικι
2958 2388 2973 2402 ·
3005 2372 3063 2424 ἐν
3114 2371 3172 2424 δὲ
3234 2375 3367 2435 ταῖς
3426 2371 3525 2436 ἔξω
3572 2374 3757 2443 χώραι;,

2243 2459 2318 2521 ὡς
2347 2462 2472 2527 ἐμοὶ
2511 2461 2679 2525 δοκεῖ,
2723 2461 2880 2514 οὐδέν
2919 2481 2971 2516 τι
3020 2462 3263 2516 τοιοῦτον
3309 2464 3715 2535 ἁκριϐολογείται
3745 2481 3756 2494 ο

2244 2550 2380 2603 ἀλλὰ
2406 2553 2570 2602 παντὶ
2589 2551 2666 2621 τῷ
2688 2548 2998 2623 βουλομένῳ
3033 2556 3245 2621 ἐφεῖται
3296 2555 3759 2625 ἀπολυπραγμονή-

2242 2658 2349 2706 τως
2377 2643 2584 2705 κτίζειν
2615 2646 2905 2714 εύκτήρια.
2972 2645 3081 2698 Καὶ
3134 2646 3381 2700 ἐνταῦθα
3407 2648 3461 2701 δὲ
3488 2652 3532 2701 ot
3584 2649 3759 2710 πλείους

2242 2740 2412 2807 χωρὶς
2428 2738 2685 2807 εἰδήσεως
2706 2739 3070 2810 ἐπισκοπικῆς
3091 2739 3258 2792 πολλὰ
3281 2742 3529 2811 τολμῶσι
3554 2742 3754 2794 τοιαῦτα.

2257 2829 2411 2881 Ἐπεὶ
2443 2831 2498 2883 δὲ
2524 2831 2693 2901 μόνης
2722 2831 2967 2900 δαπάνης
2991 2831 3086 2883 τοῦ
3105 2833 3245 2886 ’ναοῦ
3270 2834 3523 2904 ἐμνήσθη
3546 2837 3571 2887 ὁ
3597 2834 3754 2896 κανὼν,

2244 2923 2322 2993 τῷ
2350 2925 2570 2991 ὀνόματι
2593 2924 2651 2976 δέ
2688 2924 2785 2994 τῆς
2824 2924 3066 2993 δαπάνης
3112 2927 3296 2980 πάντα
3346 2928 3411 2980 τὰ
3438 2928 3660 2997 ’χρειώδη
3698 2927 3754 2995 τῷ

2247 3018 2599 3088 μοναστηρίῳ
2634 3018 2729 3069 καὶ
2763 3019 2875 3079 τοῖς
2906 3018 3266 3087 ἁσκουμένοις
3309 3022 3368 3073 ὲν
3409 3022 3553 3089 αύτῷ
3586 3036 3757 3089 συμπε-

2248 3106 2687 3175 ριλαμϐάνονται,
2725 3106 2961 3175 ὀφείλεις
2993 3110 3086 3161 καὶ
3139 3110 3201 3162 σὺ
3247 3109 3429 3177 οὕτως
3477 3111 3756 3165 ἐκλαὸέσθαι

2245 3197 2342 3267 τὴν
2373 3199 2640 3267 δαπάνην.
3316 3200 3321 3209 “

2321 3441 2560 3496 ΖΩΝΑΡ.
2595 3442 2812 3497 Κωλύει
2840 3446 2867 3496 ὁ
2901 3441 3083 3497 κανὼν
3114 3446 3175 3497 τὸ
3210 3463 3285 3500 πα
3298 3446 3369 3516 ρὰ
3399 3464 3529 3517 μονα
3535 3447 3633 3517 χῶν
3657 3444 3749 3498 κτί-
3848 3480 3851 3483 λ

2247 3534 2435 3599 ζεσθαι
2490 3536 2850 3606 μοναστήρια,
2901 3536 3194 3607 φιλαρχίας
3231 3538 3411 3607 λέγων
3455 3535 3583 3592 εἶναι
3634 3538 3758 3590 τοῦτο

2247 3631 2343 3683 καὶ
2367 3630 2755 3697 ἁνυποταείας.
2806 3634 3258 3701 Ἀπαναινόμενοι
3300 3636 3431 3703 γὰρ,
3462 3635 3606 3703 φησὶ,
3633 3648 3760 3684 τουτ-

2247 3718 2394 3772 έστιν
2452 3721 2773 3790 ἀρνούμενοι
2817 3722 2915 3791 τὴν
2964 3723 3251 3792 ὑπακοὴν,
3298 3716 3623 3796 ἐπιχειροῦσι
3672 3724 3759 3775 κτί-

2247 3815 2379 3891 ζειν.
2406 3814 2515 3868 Καὶ
2539 3815 2613 3886 μὴ
2642 3815 2994 3884 εὐποροῦντες
3025 3818 3326 3887 ἀπαρτίσαι
3353 3821 3488 3873 αὐτὰ
3534 3819 3761 3884 καταλιμ-

2249 3908 2509 3961 πάνουσιν
2539 3906 2726 3977 ἀτελῆ.
2762 3906 2933 3959 Τοῦτο
2981 3907 3287 3962 κωλύεσθαι
3344 3912 3493 3980 παρὰ
3516 3912 3613 3961 τῶν
3663 3910 3756 3959 ἐπι·

2251 3999 2470 4052 σκόπων
2503 3999 2699 4069 ὁρίζει.
2739 4000 2798 4051 El
2843 3998 2899 4051 δὲ
2951 4000 3063 4069 ἔχει
3124 4002 3407 4071 ἀρκοῦσαν
3457 4004 3677 4069 δαπάνην
3700 4002 3760 4060 εἰς

2247 4091 2307 4143 τὸ
2339 4095 2567 4159 ποιῆσαι
2593 4081 2799 4144 τέλειον
2853 4090 3034 4161 ἔργον,
3087 4092 3114 4144 ὃ
3158 4094 3515 4147 ἐϐουλεύσατο
3551 4092 3757 4162 γινέσθω.

2248 4183 2323 4235 Τὸ
2354 4185 2485 4236 αὐτὸ
2523 4184 2605 4253 δὲΓ
2637 4183 2935 4253 διορίζεται
2984 4188 3210 4254 κρατεῖν
3248 4189 3344 4239 καὶ
3398 4188 3492 4239 ἐπὶ
3524 4184 3760 4255 κληρικών

2250 4278 2347 4332 καὶ
2376 4275 2604 4330 λαῖκῶν.
3299 4314 3326 4323 ..

2250 4544 2471 4599 ΑΡΙΣΤ.
2539 4561 2557 4593 ι
2599 4542 2660 4595 Ὅ
2713 4542 3034 4611 βουλόμενος
3095 4546 3276 4597 κτίσαι
3341 4547 3695 4617 μοναστήριον,
3728 4542 3765 4592 εἰ

2326 4655 2344 4688 ι
2394 4637 2493 4704 μὲν
2548 4634 2663 4703 ἔχοι
2717 4633 2788 4685 τὰ
2834 4634 2970 4704 πρὸς
3023 4634 3656 4719 ἀπαρτισμὺνλάρχέσθω
3684 4632 3756 4684 τοῦ

2328 4749 2347 4782 ι
2391 4729 2575 4797 ἔργου,
2611 4727 2705 4778 καί
2739 4726 2816 4788 είς
2849 4726 3024 4799 πέρας
3049 4718 3267 4795 άγέσθω
3298 4718 3460 4781 τοῦτο
3490 4744 3503 4760 ο
3533 4731 3577 4780 εἰ
3604 4727 3652 4779 δέ
3684 4726 3761 4793 μὴ.

2328 4842 2346 4872 ‹
2394 4818 2683 4874 κωλυέσθω
2737 4819 2887 4887 παρὰ
2932 4818 3027 4871 τοῦ
3078 4822 3217 4873 κατὰ
3269 4820 3456 4891 χώραν
3508 4819 3763 4873 ἐπισκόπου

2242 4966 2249 4987 π
2330 4933 2347 4965 ι
2396 4911 2586 4967 τούτου
2617 4910 2951 4981 κρατοῦντος
2981 4912 3077 4964 καὶ
3101 4914 3193 4965 ἐπὶ
3240 4913 3448 4967 λαῖκῶν
3492 4914 3579 4966 καὶ
3624 4926 3764 4980 μονα-

2330 5027 2347 5058 ι
2396 5006 2525 5077 χῶν.
2572 5024 2590 5056 ι

2321 5170 2331 5177 _
2396 5068 2426 5077 ”
2822 5068 3062 5152 ΚΑΝΩΝ
3117 5098 3219 5153 ttt'.

2263 5212 2280 5243 ι
2337 5191 2703 5259 Ἀπρόσκοποι
2742 5191 2960 5258 γίνεσθε
2997 5191 3089 5243 καὶ
3133 5193 3241 5254 τοῖ;
3296 5190 3514 5256 ἔξωθεν,
3562 5190 3706 5259 φησιν
3743 5185 3764 5235 ὁ

2330 5305 2349 5336 ι
2398 5284 2537 5346 θεῖος
2584 5282 2908 5345 ’Λπόστολος
2970 5299 2984 5312 ’
3042 5284 3099 5337 τὸ
3143 5284 3198 5337 δὲ
3244 5288 3504 5352 γυναῖκας
3542 5278 3775 5335 ἐνδιαιτᾱ-χ
