4074 6214
361 385 459 444 977

425 523 443 550 ε
495 501 619 554 σθαι
657 500 713 552 ἐν
743 504 1109 569 ἐπισκοπείοις
1164 508 1198 578 ἥ
1257 509 1644 580 μοναστηρίοις
1695 506 1976 572 παντὺςΑ

426 617 442 646 ι
493 597 921 666 προσκόμματος
981 602 1170 656 αἴτιον.
1227 603 1293 656 Εἴ
1340 621 1423 666 τις
1482 600 1574 657 οὖν
1618 604 1811 674 δούλην
1863 606 1896 675 ἢ

427 707 444 736 ι
493 687 782 758 ἐλευθέραν
806 689 860 742 ἐν
887 688 964 760 τῷ
991 693 1321 762 ἐπισκοπείῳ
1375 693 1653 763 κτώμενος
1695 707 1900 764 ’φωρα-

427 793 444 829 ι
492 778 630 846 θείη,
685 778 718 849 ἢ
768 782 824 832 ἐν
865 783 1212 853 μοναστηρίῳ
1263 785 1398 855 πρὸς
1448 787 1758 856 ἐγχείρησιν
1786 787 1899 840 δια-

1290 396 1371 454 IN
1411 394 1576 455 CAN-
1603 393 1808 454 XVIII
1850 393 1886 451 C

1984 392 2067 454 lC.
2089 395 2212 472 ΝΠ
2249 397 2596 460 (ECUMEN.
3448 408 3548 466 978

2080 525 2099 558 ι
2146 510 2436 579 episcopiis
2472 511 2554 564 vel
2594 511 2938 565 monasteriis
2970 512 3200 577 versari,
3254 521 3336 567 est
3375 517 3554 566 omnis

2078 617 2096 648 ι
2140 600 2457 656 offensionis
2508 615 2697 655 causa.
2729 601 2803 656 .Si
2852 603 2976 672 quis
3019 617 3148 668 ergo
3178 602 3431 656 ancillam
3473 604 3554 654 vel

2077 710 2096 741 ι
2145 693 2366 748 lihcram
2430 695 2483 747 in
2533 694 2811 764 episcopio
2853 695 3134 764 possidere
3182 696 3555 762 deprehensus

2076 804 2093 835 ι
2138 784 2322 850 fuerit,
2352 787 2436 838 vel
2469 786 2520 838 in
2562 787 2916 851 monasterio,
2958 787 3024 840 ad
3054 787 3416 841 ministerium
3450 787 3550 840 ali-

3237 877 3320 932 sin
3374 886 3555 936 autem

409 889 444 937 is
490 870 676 931 κονίας
704 873 869 938 τινὸς,
899 876 1238 944 ἐπιτιμᾶσθω
1260 894 1273 906 ·
1302 878 1573 948 ἐπιμένων
1597 879 1674 940 δὲ.
1699 881 1895 934 καθαι-

423 982 439 1012 ι
492 963 711 1032 ρείσθω.
755 967 815 1019 Εί
841 966 897 1019 δὲ
929 969 1022 1021 καὶ⁴
1051 967 1200 1040 τύχοι
1231 972 1288 1022 ἐν
1323 972 1670 1041 προαστείοις
1709 975 1897 1040 γυναῖ·
1929 970 1931 972 ’

420 1077 438 1108 ι
485 1075 587 1121 κας
629 1054 790 1124 εἶναι,
824 1063 918 1115 καὶ
950 1061 1166 1131 θελὴσοι
1198 1063 1496 1128 ἐπίσκοπος
1526 1064 1557 1133 ἢ
1592 1065 1896 1135 ἡγούμενος

420 1171 438 1202 ι
488 1153 714 1222 πορείαν
740 1155 798 1206 ἐν
829 1158 940 1212 τοῖς
991 1156 1166 1209 ἐκεῖσε
1217 1157 1572 1226 ποιήσασθαι,
1627 1161 1896 1230 παρόντος

418 1265 436 1294 ι
483 1240 840 1316 ἐπισκόπουῆ
874 1248 1193 1317 ἡγουμένου,
1236 1249 1360 1319 μηδ’
1403 1249 1537 1313 ὅλως
1579 1251 1896 1321 ἐγχείρησιν

417 1357 432 1386 ι
480 1336 759 1399 διακονίας
789 1337 1062 1392 ποιεῖσθαι
1113 1340 1236 1394 κατ’
1281 1341 1486 1395 ἐκεῖνον
1560 1342 1655 1395 τὸν
1702 1342 1895 1411 καιρὸν

415 1445 434 1475 ι
482 1427 642 1497 γυνὴ,
684 1427 803 1481 ἀλλ’
836 1429 1086 1493 ίδιαζέτω
1119 1433 1178 1484 ἐν
1224 1433 1398 1504 ἑτέρῳ
1430 1435 1597 1503 τόπῳ,
1644 1435 1752 1496 ἕως
1829 1433 1894 1487 ἂν

414 1518 572 1587 «γτήν
595 1518 1012 1590 ἐπαναχὼρησιν
1044 1523 1339 1593 ποιήσηται
1374 1526 1402 1577 ό
1432 1524 1759 1590 ἐπίσκοπος,
1805 1525 1894 1578 διὰ

414 1627 431 1656 ι
464 1611 523 1662 τὸ
551 1610 939 1683 ἀνεπίληπτον.
988 1632 1008 1664 ι

358 1709 360 1711 ’
407 1699 601 1756 ΒΑΛΣ.
637 1700 935 1772 Μαθόντες,
967 1707 1042 1769 ὼς
1072 1707 1268 1774 ἔοικεν,
1323 1711 1375 1763 oi
1437 1709 1583 1777 ἅγιοι
1644 1710 1890 1781 Πατέρες

336 1791 417 1844 ὅτι
449 1793 528 1850 είς
559 1795 887 1848 ἐπισκοπεῖα
948 1798 1044 1852 καὶ
1095 1801 1176 1863 είς
1246 1803 1585 1873 μοναστὴρια
1640 1802 1890 1870 διάγουσι

337 1885 614 1949 γυναῖκες,
653 1880 806 1938 εἷπον
839 1888 934 1952 ῶς,
967 1890 1090 1942 ἐπεὶ
1119 1893 1146 1945 ὁ
1192 1891 1362 1961 μέγας
1399 1892 1694 1957 ἀπόστολος
1741 1896 1889 1950 Παῦι

337 1975 424 2033 lo;
459 1977 596 2046 πρὸς
625 1978 952 2047 Κορινθίους
995 1983 1325 2061 ἐπιστέλλων
1352 1985 1640 2056 διωρίσατο
1686 1989 1891 2056 ἀπροσ-

334 2070 536 2132 κόπους
588 2064 726 2125 εἶναι
763 2073 911 2142 ἡμᾶς
937 2114 951 2138 ,
997 2075 1070 2144 μή
1127 2076 1308 2146 μόνοις
1351 2081 1464 2140 τοῖς
1520 2079 1691 2144 ἐντὸς,
1756 2062 1889 2152 ἀλλὰ

336 2162 424 2214 καὶ
449 2163 558 2223 τοῖς
589 2161 808 2228 ἔξωθεν,
839 2165 1006 2235 ἡγουν
1031 2165 1103 2236 μὴ
1132 2169 1313 2236 μόνοις
1349 2173 1459 2236 τοῖς
1493 2175 1724 2235 πιστοῖς,
1751 2173 1887 2227 ἀλλὰ

333 2255 426 2305 καὶ
455 2257 564 2317 τοῖς
592 2256 839 2320 ἀπίστοις
871 2276 886 2291 ·
911 2259 971 2312 τὸ
1005 2261 1061 2312 δὲ
1097 2262 1402 2331 συνδιάγειν
1435 2267 1572 2335 μετὰ
1597 2269 1877 2332 γυναικῶν

334 2346 666 2410 ἐπισκόπους
691 2349 724 2420 ἢ
750 2350 1088 2420 ἡγουμένους
1128 2356 1185 2406 ἐν
1214 2357 1564 2429 μοναστηρίῳ
1597 2358 1628 2430 ἧ
1668 2360 1727 2414 ἐν
1763 2362 1886 2412 ἐπι-

331 2439 573 2520 σκοπείῳ
631 2443 832 2520 παντός
887 2444 1006 2498 ἐστι
1065 2446 1493 2516 προσκόμματος
1555 2451 1749 2516 αἴτιον,
1794 2453 1888 2506 καὶ

331 2513 566 2594 λοιδορία
605 2527 667 2581 οὗ
700 2513 936 2601 έυχοῦσα
969 2531 1069 2602 τῆς
1116 2513 1582 2608 ἐκκλήσιαστικῆς
1605 2513 1886 2595 καταστάς

332 2632 466 2678 σεως
489 2635 504 2650 ·
556 2618 864 2686 ὀφείλουσιν
911 2624 1268 2696 ἐπιτιμᾶσθαι
1298 2629 1347 2680 oi
1383 2630 1622 2684 τοιοῦτόν
1643 2650 1691 2685 τι
1730 2634 1889 2703 ποιή-

331 2723 535 2771 σοντες.
571 2711 919 2780 ἐπιμένοντες
965 2716 1020 2770 δὲ
1065 2718 1461 2789 καθαιρεῖσθαι.
1509 2723 1598 2786 Ὦς
1653 2725 1708 2777 δέ
1738 2743 1883 2786 τινος

329 2799 570 2865 εἰπόντος
623 2803 936 2876 ἀδιάκριτον
983 2804 1210 2864 εἶναιτὸ
1266 2798 1586 2879 κολάζεσθαι
1643 2819 1886 2884 τούτους,

331 2891 682 2963 ὁπωσδήποτε
739 2899 876 2967 μετὰ
907 2903 1182 2967 γυναικῶν
1207 2903 1693 2976 συνδιαιτωμένους
1719 2915 1887 2980 (συμ-

333 2983 508 3039 ϐαίνει
539 2987 646 3057 γάρ
666 3006 789 3043 τινα
821 2989 883 3056 ἐξ
907 2991 1087 3046 αὐτῶν
1131 2997 1271 3049 κατὰ
1319 2999 1547 3066 πάροδον
1585 3002 1886 3056 καταλῦσαι

331 3077 412 3139 είς
451 3080 771 3146 προάστειόν
817 3101 868 3136 τι
913 3089 1176 3153 γυναῖκας
1205 3088 1348 3156 ἕχον,
1380 3090 1471 3142 καὶ
1509 3093 1570 3144 οὐ
1607 3091 1828 3148 δύναται
1858 3097 1886 3148 ὁ

327 3168 620 3233 ἐπίσκοπος
672 3171 771 3241 τὴν
796 3174 935 3244 μετὰ
983 3175 1186 3230 τούτων
1238 3179 1509 3251 διαγωγήν
1559 3183 1886 3255 ἀποπέμψα-

327 3263 498 3331 σθαι),
516 3253 740 3333 ὥρισαν,
757 3269 806 3320 εί
831 3269 1006 3340 συμϐῇ
1033 3270 1209 3338 τοῦτο,
1235 3273 1356 3344 μηδ’
1377 3275 1514 3339 ὅλως
1533 3277 1766 3348 δρῶντος
1789 3253 1882 3335 τοῦ

328 3355 624 3409 ἐπισκόπου
653 3358 684 3426 ἢ
712 3357 806 3412 τοῦ
837 3361 1136 3431 ἡγουμένου
1170 3365 1437 3419 διακονεῖν
1459 3369 1558 3433 τὰς
1589 3374 1873 3441 γυναῖκας,

327 3443 442 3496 ἀλλ’
469 3447 527 3497 ἐν
553 3449 702 3516 τόπῳ
742 3449 916 3520 ἑτέρῳ
968 3451 1172 3516 ταύτας
1207 3455 1510 3526 ἀναχωρεῖν
1540 3459 1634 3513 καὶ
1672 3461 1882 3532 ἡσυχά-

327 3534 441 3599 ζειν
491 3535 604 3590 Eat’
660 3538 726 3592 ἂν
757 3534 904 3595 οὗτοι
954 3544 1525 3616 ἀποχωρήσωσι⁶”τὴν
1565 3550 1620 3603 δὲ
1678 3554 1883 3608 τούτων

325 3627 601 3684 διακονίαν
624 3631 866 3700 γίνεσθαι
893 3635 1109 3701 πάντως
1139 3637 1292 3709 παρὰ
1321 3640 1550 3712 ἀνδρῶν.
1588 3642 1743 3698 οὕτω
1775 3645 1883 3718 γὰρ

326 3720 388 3771 τὸ
414 3723 774 3794 ἀνεπίληπτον
807 3728 924 3796 ἡτοι
954 3729 1376 3785 ἀσκανδάλιστον
1407 3734 1492 3788 ἐπ’
1531 3735 1715 3796 αὐτοῖς
1761 3754 1885 3790 συν-

326 3803 614 3888 τηρηοεῑη-
645 3815 790 3890 Ἀρα
839 3820 916 3885 δὲ,
954 3822 1048 3876 ἐὰν
1083 3823 1142 3888 ἐξ
1195 3824 1603 3896 ἀντιδιαστολῆς
1655 3829 1712 3881 ἐν
1756 3831 1881 3881 ἐπι-

327 3911 567 3978 σκοπείῳ
602 3911 632 3980 ἦ
665 3915 1009 3986 μοναστηρίῳ
1041 3915 1115 3986 μή
1149 3916 1475 3986 συνδιάγωσι
1520 3935 1659 3990 μετα
1689 3939 1883 3989 γυναιπ

325 4002 462 4065 κῶν,
493 4003 608 4055 ἀλλ’
635 4006 692 4056 ἐν
727 4005 887 4077 ἑτέρᾳ
911 4008 1186 4079 κατοικία,
1220 4013 1880 4084 συγγνωμονηθήσονταις

323 4095 537 4161 Λύσις.
589 4096 652 4150 υί
689 4098 786 4163 μὲν
838 4099 1081 4163 κανόνες,
1114 4101 1296 4166 καθὼς
1329 4104 1587 4168 πολλάκις
1628 4107 1882 4176 εἴπομεν,

322 4188 508 4241 καὶτὸ
542 4188 617 4255 νίζ’
652 4207 776 4258 κεφ.
826 4191 918 4244 τοῦ
964 4199 1013 4244 α’
1061 4193 1238 4247 τίτλου
1282 4194 1376 4249 τοῦ
1415 4203 1462 4264 γ’
1506 4196 1712 4268 βιϐλίου
1773 4202 1883 4255 τῶν

320 4283 629 4353 Βασιλικῶν
701 4285 1138 4355 ἀπαγορεύουσιν
1210 4289 1507 4358 ἱερωμένον
1557 4292 1681 4346 τινα
1742 4295 1883 4362 μετά

320 4376 569 4434 ὑπέπτου
605 4378 863 4445 γυναικὸς
900 4371 1233 4447 συνδιάγειν,
1269 4381 1399 4434 ἄνευ
1441 4383 1670 4453 μητρὸς,
1715 4386 1884 4454 θυγα-

318 4468 470 4537 τρδς.
505 4470 757 4539 ἀδελφῆς,
791 4473 883 4525 καὶ
934 4471 1043 4524 τῶν
1069 4471 1270 4525 λοιπῶν
1301 4475 1624 4530 ἀνυπόπτων
1666 4481 1882 4549 προσώ-

2074 893 2092 926 ι
2130 876 2272 944 quod
2324 876 2664 952 obeundum,
2695 879 3121 947 reprehendatur
3164 895 3178 931 ε

2076 988 2094 1020 ι
2138 978 2464 1039 perseveret,
2519 971 2842 1040 deponatur.
2878 971 2932 1024 Si
2966 986 3093 1038 vero
3131 971 3292 1025 etiam
3322 972 3378 1024 in
3423 972 3557 1024 snh-

2073 1078 2093 1110 r
2139 1061 2310 1115 urbiis
2337 1062 2589 1117 mulieres
2611 1077 2732 1118 esse
2765 1062 3072 1132 contigerit,
3110 1075 3163 1116 et
3187 1064 3412 1116 voluerit
3445 1062 3557 1130 epi—

2075 1171 2092 1203 ι
2135 1168 2367 1222 scopus,
2413 1155 2496 1206 vel
2555 1156 2872 1210 monasterii
2925 1155 3215 1224 praefectus
3265 1155 3395 1210 illnc
3458 1157 3560 1208 iter

2073 1262 2091 1294 ι
2134 1245 2313 1300 facere
2355 1248 2611 1315 prwsenti
2661 1247 2919 1315 episcopo
2946 1249 3026 1300 vel
3067 1248 3383 1301 monasterii
3417 1262 3558 1314 pra:-

2074 1355 2093 1387 ‹
2135 1337 2300 1399 fecto,
2336 1339 2534 1392 mulier
2560 1353 2624 1392 eo
2657 1349 2903 1407 tempore
2932 1340 3082 1393 nullo
3111 1339 3271 1393 modo
3308 1338 3558 1391 ministe-

2071 1445 2090 1480 ι
2139 1427 2276 1480 rium
2299 1429 2492 1492 obeat;
2545 1430 2637 1484 sed
2689 1431 2796 1483 alio
2827 1431 2879 1483 in
2913 1431 3036 1483 loco
3077 1446 3327 1484 seorsum
3375 1429 3556 1499 degat,

2076 1537 2094 1569 ι
2136 1519 2309 1574 donec
2338 1523 2634 1576 recesserit
2673 1523 2966 1592 episcopus
2999 1541 3015 1588 ;
3065 1533 3122 1577 ut
3167 1523 3342 1578 omnis
3377 1539 3558 1593 repre-

2067 1629 2086 1660 ‹
2131 1612 2408 1669 hensionis
2439 1615 2654 1669 occasio
2679 1615 2901 1670 vitetur.
2935 1635 2955 1669 ι

2080 1699 2270 1757 BALS.
2317 1702 2453 1758 Cum
2499 1705 2917 1770 intellexissent,
2972 1716 3032 1760 ut
3081 1705 3321 1772 videtur,
3378 1695 3557 1763 sancti

1979 1791 2214 1858 'Patres,
2243 1795 2392 1868 quod
2430 1797 2480 1850 in
2495 1797 2792 1874 episc0piis
2823 1806 2877 1850 et
2911 1799 3262 1854 monasteriis
3303 1800 3556 1854 mulieres

1991 1897 2300 1953 versantur,
2343 1889 2620 1951 dixerunt.
2669 1889 2812 1957 quod
2848 1891 3108 1960 quoniam
3148 1905 3379 1960 magnus
3420 1905 3554 1960 apo-

1989 1981 2164 2035 stolus
2211 1976 2412 2052 Paulus
2456 1982 2522 2035 ad
2567 1981 2884 2051 Corinthios
2918 1981 3169 2036 scribens
3202 1983 3418 2045 statuit,
3451 1997 3556 2035 nos

1991 2072 2112 2126 sine
2155 2069 2456 2129 offensione
2502 2087 2627 2128 esse
2659 2073 2900 2138 debere,
2959 2088 3069 2126 non
3111 2072 3293 2127 solum
3340 2073 3410 2126 iis
3462 2073 3553 2142 qui

1988 2166 2155 2223 intus.
2190 2167 2282 2222 sed
2318 2166 2387 2221 iis
2413 2166 2576 2222 etiam
2605 2166 2697 2236 qui
2721 2177 2876 2220 extra
2902 2173 3054 2232 sunt,
3087 2165 3297 2220 scilicet
3324 2182 3428 2219 non
3465 2182 3554 2220 so-

1990 2257 2098 2310 lum
2148 2255 2437 2322 fidelibus,
2487 2259 2591 2311 sed
2622 2266 2676 2312 et
2719 2257 3072 2323 infidelibus;
3123 2259 3412 2327 episcopos
3452 2273 3556 2311 au-

1989 2356 2096 2401 tem
2154 2348 2236 2403 vel
2289 2349 2603 2404 monasterii
2646 2348 2930 2417 praefectos
2991 2365 3115 2403 cum
3165 2349 3385 2404 feminis
3435 2365 3558 2404 τρι·-
3637 2345 3646 2356 “

1989 2440 2123 2500 sari.
2153 2442 2206 2495 in
2238 2440 2573 2496 monasterio
2601 2441 2685 2495 vel
2715 2441 2768 2494 in
2801 2441 3104 2512 episcOpio.
3142 2451 3228 2496 est
3265 2441 3444 2495 omnis
3475 2440 3556 2493 of-

1990 2531 2254 2587 fensionis
2299 2546 2467 2586 causa
2503 2539 2560 2586 et
2600 2547 2711 2588 non
2745 2531 2970 2600 viﬂgare
3003 2532 3264 2600 probrum
3295 2532 3560 2586 ecclesia-

1989 2623 2139 2677 stica:
2166 2623 2621 2688 constitutionis;
2656 2624 2880 2685 debent,
2918 2624 3010 2692 qui
3042 2623 3150 2677 tale
3185 2607 3313 2690 q‘uid
3360 2623 3555 2676 fa‘cturi

1989 2725 2137 2777 sunt,
2173 2715 2354 2784 puniri
2383 2731 2399 2766 :
2433 2715 2517 2770 sin
2554 2723 2734 2770 autem
2780 2722 3148 2783 perseverent,
3171 2713 3391 2784 deponi.
3426 2715 3558 2768 Pcr-

1989 2807 2116 2862 inde
2149 2814 2326 2860 autem
2381 2821 2448 2861 ac
2484 2806 2528 2862 si
2553 2805 2781 2862 dixisset
2803 2806 3029 2876 aliquis,
3076 2821 3106 2859 a
3154 2817 3302 2860 recto
3345 2806 3553 2862 discer-

1991 2898 2152 2954 nendi
2183 2898 2393 2968 judicio
2431 2912 2552 2952 esse
2589 2895 2828 2952 alienum
2851 2937 2865 2962 ,
2913 2904 2973 2950 ut
3007 2897 3304 2967 puniantur
3350 2897 3408 2958 ii.
3461 2897 3553 2967 qui

1987 2992 2480 3062 quomodocunque
2521 3005 2647 3045 cum
2695 2991 3013 3046 mulieribus
3063 2999 3351 3045 versantur
3397 2988 3557 3057 (con-

1990 3083 2160 3153 tingit!
2188 3085 2335 3138 enim
2391 3094 2449 3139 ut
2481 3083 2682 3155 aliquis
2716 3098 2907 3138 eorum
2944 3084 2998 3138 in
3043 3082 3280 3138 transitu
3319 3081 3557 3138 divertat

1913 3203 1958 3264 η
1991 3177 2044 3230 in
2073 3178 2414 3240 suburbano,
2449 3178 2503 3232 in
2532 3193 2642 3248 quo
2670 3186 2801 3232 sunt
2842 3173 3124 3240 mulieres,
3156 3183 3209 3230 et
3237 3191 3345 3230 non
3377 3183 3558 3245 potest

1987 3273 2459 3343 conversationem
2492 3285 2614 3325 cum
2636 3270 2745 3324 illis
2775 3268 3112 3340 repudiare),
3143 3277 3477 3334 Statuerunt,
3507 3271 3554 3323 si

1987 3363 2090 3417 hoc
2132 3363 2441 3434 contigerit,
2489 3365 2642 3420 nullo
2685 3367 2862 3447 modo.
2894 3367 3118 3422 vidente
3158 3365 3417 3436 episcopo
3471 3365 3555 3420 vel

1987 3455 2302 3510 monasterii
2331 3456 2583 3526 praefecto
2636 3459 2949 3514 ministrare
2992 3458 3272 3523 mulieres,
3321 3457 3417 3513 sed
3465 3471 3557 3512 cas

1985 3549 2040 3603 in
2075 3550 2240 3603 alium
2267 3550 2444 3604 locum
2477 3549 2753 3614 secedere,
2787 3561 2840 3605 et
2876 3554 2928 3605 in
2955 3551 3174 3606 silentio
3200 3550 3418 3620 degere,
3453 3539 3559 3603 ldo-

1985 3656 2084 3696 nec
2124 3641 2202 3696 illi
2235 3642 2567 3697 recesserint
2594 3661 2609 3708 ;
2635 3643 2787 3698 viros
2814 3652 2996 3698 autem
3039 3644 3106 3698 iis
3130 3641 3357 3697 omnino
3387 3631 3554 3697 mini-

1983 3743 2181 3787 strare.
2216 3731 2306 3787 Sic
2349 3734 2494 3788 enim
2530 3735 2711 3814 omnis
2745 3736 3193 3804 reprehensionis
3235 3736 3351 3790 sive
3393 3749 3550 3790 scan-

1983 3823 2090 3877 dali
2119 3825 2385 3881 vitabitur
2409 3827 2673 3883 ‘occasio.
2705 3825 2965 3898 Nunquid
3013 3839 3195 3882 autem
3232 3837 3558 3898 argumento

1985 3930 2014 3968 a
2039 3917 2316 3980 contrario
2345 3925 2566 3987 sumpto
2590 3958 2606 3984 ,
2646 3920 2691 3974 si
2725 3919 2778 3973 in
2815 3919 3096 3990 episcopio
3139 3919 3222 3972 vel
3257 3919 3311 3972 in
3361 3932 3557 3972 mona-

1985 4008 2322 4083 sreriovcnm
2375 4011 2703 4066 mulieribus
2742 4027 2852 4066 non
2897 4004 3314 4073 conversentur,
3358 4014 3452 4065 sed
3497 4011 3554 4064 in

1984 4101 2106 4154 aliis
2157 4101 2388 4167 aedibus,
2421 4103 2502 4157 eis
2531 4103 2689 4158 venia
2725 4102 2991 4157 dabitur?
3039 4101 3273 4156 Salutio.
3302 4100 3556 4156 Canones

1984 4190 2226 4259 quidem,
2261 4203 2322 4248 ut
2355 4209 2501 4265 saepe
2524 4194 2783 4260 diximus,
2814 4203 2871 4250 et
2895 4209 3016 4262 cap.
3039 4195 3131 4260 57,
3160 4196 3242 4246 tit.
3279 4194 3329 4253 1.
3359 4193 3454 4247 lib.
3493 4185 3554 4247 in

1985 4284 2204 4340 Basilio.
2233 4285 2513 4356 prohibet,
2555 4301 2624 4355 ne
2671 4288 2798 4358 quis
2831 4301 3020 4342 eorum
3051 4286 3146 4356 qui
3176 4297 3306 4340 sunt
3339 4301 3405 4340 ex
3449 4300 3553 4339 sa-

1984 4377 2244 4430 cerdotali
2297 4377 2493 4433 ordine
2548 4393 2682 4433 cum
2711 4388 2962 4449 suspecta
3005 4378 3235 4432 muliere
3282 4386 3552 4442 versetur,

1984 4477 2341 4536 prmierquain
2402 4483 2525 4522 cum
2573 4471 2747 4524 matre
2783 4511 2798 4535 ,
2855 4483 3086 4534 sorore,
3143 4469 3252 4522 filia
3297 4477 3352 4524 et
3423 4469 3554 4522 reli-

319 4579 478 4616 πων·
509 4564 570 4616 τὸ
615 4564 682 4624 δὲ,
721 4562 795 4628 νζ
870 4582 996 4634 κεφ.
1049 4567 1236 4631 αύτοῦ,
1289 4568 1454 4640 μέρος
1503 4571 1562 4624 ὃν
1609 4574 1704 4642 τῆς
1773 4575 1882 4644 ρλζν

1988 4559 2109 4627 quis
2177 4561 2429 4623 personis.
2497 4560 2564 4615 de
2620 4562 2817 4631 quibus
2882 4561 3032 4616 nulla
3096 4565 3306 4616 oriatur
3374 4562 3556 4630 suspi-

329 4657 760 4708 Ἰούστινιανείου
806 4657 1027 4726 νεαρᾶς,
1079 4656 1227 4725 λέγει
1271 4659 1444 4713 ταῦτα
1477 4662 1655 4731 ῥητῶς
1679 4679 1690 4690 ·
1726 4664 1881 4717 Ἐπί-

318 4764 529 4800 σκοπον
561 4746 616 4801 δέ
644 4748 908 4818 μηδεμίαν
934 4749 1206 4813 παντελῶς
1242 4754 1474 4819 γυναῖκα
1501 4753 1644 4821 ἐχειν
1673 4756 1704 4824 ἣ
1741 4757 1882 4824 μετὰ

314 4840 492 4908 αὐτῆς
525 4842 690 4908 οίκεῖν
721 4841 1109 4911 συγχωροῦμεν
1129 4859 1144 4876 ο
1179 4844 1227 4895 εί
1253 4843 1308 4895 δὲ
1332 4844 1674 4916 ἀποδειχθείη
1701 4848 1880 4910 τοῦτο,

311 4934 422 4995 vi:
466 4934 767 5002 ἐπισκοπῆς
814 4934 1175 4990 ἐκϐαλλέσθω.
1212 4938 1270 4989 Ei
1324 4936 1454 5005 γοῦν
1488 4942 1514 4988 ὁ
1547 4939 1732 5002 ἁπλῶς
1762 4959 1882 4993 συν-

312 5024 484 5076 οικῶν
529 5024 823 5088 ἐπίσκοπος
877 5025 1029 5100 μετὰ¹
1082 5027 1334 5093 γυναικὸς
1366 5028 1696 5094 οἱασδήτινος
1749 5030 1882 5082 καθ-

242 5137 244 5140 ·
311 5122 580 5192 αιρεῖται,
627 5118 805 5189 πολλῷ
867 5117 1027 5171 πλέον
1071 5120 1100 5171 ό
1156 5120 1214 5172 ἐν
1251 5119 1583 5190 ἐπισκοπείῳ
1640 5120 1880 5174 τοιοῦτόν

309 5232 365 5266 τι
427 5211 659 5280 ποιήσας
706 5209 1035 5263 ἀπεντεῦθεν
1087 5209 1583 5282 καθαιρεθήσεται,
1640 5215 1715 5278 ὡς
1760 5217 1883 5286 ἐμοὶ

307 5305 484 5369 δοκεῖ,
520 5304 606 5358 διὰ
632 5303 694 5356 τὸ
720 5304 817 5373 τῆς
839 5307 1035 5373 νεαρᾶς
1057 5303 1419 5359 ἀδιάστικτόν.
1452 5307 1524 5358 Τὸ
1567 5307 1750 5376 μέντοι
1821 5309 1881 5363 ιε’

309 5415 444 5464 κεερ.
475 5396 567 5448 τού
594 5403 640 5449 α’
666 5393 849 5448 τίτλου
881 5397 976 5450 τοῦ
1027 5393 1067 5448 δ’
1105 5397 1308 5466 βιϐλίου
1375 5399 1575 5452 κωλύει
1613 5402 1673 5452 ού
1721 5403 1882 5473 μόνον

309 5492 373 5544 τὸ
409 5493 740 5558 καταμεῖναι.
761 5493 995 5558 γυναῖκα
1022 5494 1077 5542 ἐν
1106 5495 1453 5564 μοναστηρίῳ
1478 5494 1724 5566 ἁνδρῴῳ,
1760 5497 1792 5566 ἢ
1820 5497 1882 5548 τὸ

309 5583 608 5645 ἀνάπαλιν,
634 5581 768 5634 ἀλλά
797 5583 892 5635 καὶ
918 5583 976 5634 τὸ
999 5582 1133 5644 ὅλως
1162 5584 1425 5636 εἰσελθεῖν
1455 5587 1513 5637 ἐν
1544 5587 1690 5656 αὐτῷ
1721 5589 1881 5657 χάριν

306 5676 655 5745 οἱασδήτινος
690 5675 1020 5738 ὑποθέσεως.
1064 5677 1375 5746 Σημείωσαι
1405 5673 1497 5730 οὗν
1540 5681 1629 5731 τὸν
1684 5681 1913 5752 κανόνα,

302 5772 540 5836 λέγοντα
570 5769 651 5820 ὅτι
680 5767 800 5820 οὐδὲ
825 5767 985 5834 δούλη
1027 5768 1145 5830 οὖδέ
1190 5768 1455 5836 ἐλευθέρα
1499 5770 1702 5836 ὀφείλει
1750 5787 1880 5822 συν-

301 5863 526 5929 διάγειν
562 5859 699 5930 μετὰ
727 5860 1022 5915 ἐπισκόπου
1065 5860 1095 5929 ἢ
1143 5859 1445 5929 ἡγουμένου
1497 5863 1618 5915 καθ’
1675 5862 1882 5930 οἷο-δῖ-

1987 4652 2090 4703 cio.
2156 4652 2223 4706 57
2281 4664 2464 4708 autem
2514 4654 2643 4724 ‘ejus
2703 4665 2901 4725 caput,
2940 4655 3091 4726 quod
3142 4663 3227 4711 est
3276 4669 3402 4724 pars
3453 4656 3550 4708 I37

1977 4741 2273 4832 :Iustianini
2300 4745 2555 4809 Novella,
2581 4748 2694 4802 hac
2724 4749 2858 4802 dicit
2887 4763 3150 4817 expresse
3176 4765 3192 4806 :
3221 4748 3556 4818 Episcopum

1987 4847 2165 4889 autem
2201 4838 2404 4892 nullam
2442 4839 2657 4907 penitus
2687 4839 2890 4895 habere
2921 4839 3180 4895 feminam
3214 4842 3298 4896 vel
3330 4854 3454 4894 cum
3486 4852 3549 4892 ea

1985 4925 2234 4988 habitare
2283 4931 2690 5001 permittimus:
2728 4932 2771 4988 si
2823 4931 2926 4986 hoc
2973 4942 3156 4987 autem
3206 4933 3552 4987 demonstra-

1988 5028 2100 5072 tum
2139 5021 2320 5086 fuerit,
2357 5025 2678 5095 episcopatu
2705 5027 2978 5092 ejiciatur.
3028 5025 3086 5080 Si
3117 5041 3283 5095 ergo,
3317 5025 3408 5095 qui
3455 5038 3552 5079 so-

1987 5110 2267 5166 lummodo
2297 5130 2420 5168 cum
2473 5131 2802 5186 quacunque
2852 5113 3079 5171 muliere
3121 5117 3403 5171 cohabitat
3431 5117 3551 5186 epi-

1985 5218 2185 5273 scOpns
2237 5205 2574 5274 deponitur:
2624 5209 2798 5263 multo
2828 5210 3000 5278 magis
3041 5209 3140 5279 qui
3178 5210 3284 5264 tale
3327 5210 3457 5278 quid
3497 5210 3550 5263 in
3593 5275 3600 5288 ‘

1986 5298 2264 5382 episcopio
2298 5297 2507 5367 fecerit,
2528 5303 2651 5357 ideo
2679 5302 3009 5372 deponetur,
3067 5311 3126 5356 ut
3158 5304 3288 5358 mihi
3317 5303 3550 5365 videtur.

1987 5394 2112 5463 quia
2146 5390 2369 5449 Novella
2397 5395 2712 5451 indistincte
2738 5393 2998 5466 loquitur.
3025 5395 3144 5451 lam
3168 5413 3297 5452 vero
3319 5413 3437 5466 cap.
3459 5398 3548 5458 15.

1987 5487 2073 5543 tit.
2113 5485 2165 5551 ί,
2197 5487 2290 5540 lih.
2331 5503 2404 5552 IV,
2442 5487 2724 5556 prohibet,
2757 5503 2864 5542 non
2893 5489 3069 5544 solum
3102 5490 3384 5544 mulierem
3436 5507 3552 5543 ma-

1986 5594 2118 5633 nere
2182 5582 2234 5631 in
2280 5582 2519 5632 virorum
2579 5580 2932 5640 monasterio,
2983 5581 3068 5634 vel
3130 5589 3320 5634 contra
3368 5584 3549 5639 :.sed

1986 5674 2151 5725 etiam
2210 5670 2437 5726 omnino
2505 5671 2557 5724 in
2633 5671 2806 5740 ipsum
2860 5673 3066 5742 ingredi
3125 5689 3451 5743 quacunque
3483 5676 3551 5727 de

1988 5779 2178 5818 causa.
2211 5763 2346 5816 Nola
2382 5779 2513 5832 ergo
2538 5773 2812 5818 canonem‘
2838 5767 2929 5833 qui
2964 5761 3137 5828 dicit,
3187 5766 3334 5834 quod
3381 5780 3548 5840 neque

1989 5856 2183 5909 ancilla
2213 5870 2387 5926 neque
2419 5856 2584 5912 libera
2614 5857 2916 5912 debetcum
2947 5857 3207 5928 episcopo
3244 5857 3323 5912 vel
3357 5870 3537 5910 mona-
