4074 6214
386 359 487 447 ass

1366 354 1449 414 IN
1474 352 1637 415 CAN.
1663 349 1800 412 XIX
1840 350 2028 410 CONC
2094 357 2198 415 VII
2237 356 2587 423 (ECUMEN.

3489 357 3590 418 98”»

385 473 556 534 ἄλλως
578 470 685 523 ἀπὸ
715 470 902 539 φήμης
927 467 1081 521 τινῶν
1107 467 1137 538 ἢ
1166 465 1259 519 καὶ
1283 466 1401 529 ἐνὸς
1431 465 1658 537 ἀκούσῃ,
1690 466 1809 517 τότε
1833 465 1916 516 είσ

2053 473 2108 517 οι
2169 471 2533 537 patriarcham
2587 472 2842 528 delictum
2897 473 2950 527 in
3006 471 3336 525 monasterio
3386 468 3587 524 factum

386 560 688 622 ελεύσεται,
739 558 812 620 ὠς
860 560 1095 627 εἴρηται,
1148 557 1242 609 καὶ
1291 558 1570 625 ἐρευνήσει
1617 555 1684 607 τὰ
1737 552 1942 621 ψυχικᾲ

390 652 703 720 σφάλματα,
750 650 850 703 κᾶν
888 650 960 720 μὴ
1006 651 1032 701 ὁ
1084 648 1253 701 εἰπὼν
1297 648 1556 717 βούληται
1611 647 1942 699 ύπεισελθείν
1988 680 1995 687 ο

390 744 574 811 ἀγῶνα
634 743 981 806 ἀποδείξεως.
1030 742 1087 793 Ὀ
1135 741 1244 809 γὰρ
1298 740 1619 810 Χριστιανὸς
1657 739 1941 807 ἄνθρωπος

387 837 547 905 χρέος
580 834 715 904 ἔχει,
742 836 868 886 ὅταν
901 851 952 886 τι
992 834 1198 903 ἀκούσῃ
1230 834 1521 899 γενόμενον
1550 832 1815 896 ἐναντίον,
1851 831 1941 883 λέ-

385 940 501 989 γειν
526 924 685 976 τοῦτο
709 922 783 993 τῷ
808 922 968 991 κοινῷ
998 923 1349 991 πνευματικῷ
1369 923 1542 989 Πατρὶ
1559 923 1649 973 καὶ
1672 924 1935 991 ἀρχιερεῖ.

388 1019 547 1079 Ἰσωζ
576 1018 631 1070 δὲ
676 1020 736 1070 ού
781 1019 854 1087 μὴ
911 1018 1155 1086 βούλεται
1206 1018 1541 1070 ὑπεισελθεῖν
1610 1019 1702 1070 τὸν
1750 1018 1938 1083 ἀγῶνα

380 1104 569 1169 τοῦτον
591 1120 605 1133 ·
638 1106 731 1156 καὶ
779 1105 836 1158 τὸ
869 1104 1371 1169 καταλιμπάνεσθαι
1412 1106 1499 1158 διὰ
1530 1106 1628 1177 τὴν
1683 1108 1936 1175 τοιαύτην

382 1197 563 1249 αἰτίαν
596 1198 666 1250 τὰ
697 1198 903 1268 ψυχικὰ
933 1200 1222 1268 σφάλματα
1245 1202 1613 1270 άνεπιτήρητα
1642 1201 1735 1253 καὶ
1759 1202 1937 1271 ἀδιόρ-

380 1292 551 1354 θωτα,
589 1292 702 1344 ἔστι
728 1292 886 1345 τοῦτο
929 1294 1104 1361 πάντη
1128 1294 1349 1357 ἄτοπον,
1386 1294 1611 1364 μηδενὸς
1659 1294 1934 1365 ἐγγράφου

378 1383 704 1452 οἱουδήτινος
731 1384 1012 1452 βασιλικοῦ
1052 1388 1085 1455 ἦ
1117 1385 1508 1457 πατριαρχικοῦ
1537 1386 1832 1451 κωλύοντος
1857 1389 1935 1452 είς

378 1474 560 1525 τοῦτο.
585 1474 730 1543 Πλὴν
761 1476 827 1526 τὰ
866 1482 1204 1546 μοναστήρια
1248 1476 1518 1542 ὀφείλουσι
1565 1477 1934 1547 διατηρείσθαι

381 1567 790 1635 άκαινοτόμητα
819 1568 877 1619 ὲν
898 1567 1013 1628 ταῖς
1034 1567 1278 1636 ὲρεύναις
1303 1567 1409 1618 τῶν
1438 1555 1929 1636 ἀποστελλομένων,

381 1656 653 1724 μηδεμιᾶς
710 1654 961 1708 ἐντεῦθεν
1011 1655 1296 1726 διδομένης
1348 1656 1613 1725 δαπάνης.
1661 1656 1932 1727 Τότε’γὰρ

379 1749 475 1799 καὶ
506 1748 537 1816 ή
573 1748 856 1817 διόρθωσις
884 1748 989 1801 τῶν
1036 1749 1283 1817 ψυχικῶν
1332 1750 1661 1817 σφαλμάτων
1694 1750 1929 1812 εὐκόλως

380 1844 477 1894 σὺν
507 1842 624 1912 Θεῷ
655 1843 960 1911 γενήσεται.
1008 1844 1129 1897 Ἐπὶ
1152 1845 1209 1897 δέ
1263 1862 1323 1912 γε
1360 1846 1469 1906 τοῖς
1522 1846 1641 1899 κατ’
1694 1845 1932 1897 ἐπίδοσιν

376 1934 578 1986 δοθεῖσι
628 1934 1013 2003 μοναστηρίοις
1074 1936 1168 1987 καὶ
1221 1937 1341 1989 κατ’
1380 1936 1692 2006 ἐφορείανῆ
1730 1936 1934 1987 οἰκονο-

381 2026 532 2095 μίαν,
572 2026 603 2095 ἦ
664 2027 941 2089 παντελῶς
992 2028 1324 2098 ἐλευθερίαν,
1372 2029 1433 2080 ού
1478 2028 1638 2093 μόνον
1694 2027 1761 2079 τὰ
1797 2026 1934 2079 ἄλλα

374 2116 577 2186 ψυχικὰ
608 2104 895 2185 σφάλματα
926 2118 1263 2189 ἐπιζητήσει,
1289 2118 1423 2173 ἀλλὰ
1448 2118 1541 2172 καὶ
1562 2120 1611 2171 εἰ
1635 2116 1931 2186 κατελύθη·

376 2225 497 2271 σαν,
530 2208 562 2278 ἢ
597 2209 957 2262 καταλύονται
993 2210 1236 2279 μερικῶς
1281 2208 1313 2279 ἢ
1371 2209 1599 2262 καθόλου
1650 2208 1798 2277 παρὰ
1824 2207 1931 2259 τῶν

376 2301 651 2353 λαϐόντων
674 2301 847 2355 ταῦτα
870 2317 883 2331 ·
922 2302 1014 2355 καὶ
1044 2303 1093 2354 εί
1143 2302 1364 2372 εὑρήσει
1392 2302 1546 2364 τινὰς
1588 2300 1843 2369 μειώσεις
1875 2302 1931 2352 ὲν

374 2390 558 2454 αὐτοῖς
608 2392 918 2457 γινομένας,
963 2392 1369 2459 καταναγκάσει
1409 2393 1533 2451 τοὺς
1560 2390 1732 2443 ταῦτα
1774 2389 1932 2442 κατέ-

373 2499 568 2551 χοντας
591 2482 963 2554 ἁποκαθιστᾷν
996 2484 1190 2547 ταῦτα,
1243 2481 1425 2544 καθὼς
1461 2482 1793 2553 παρέλαϐον,
1835 2484 1930 2534 καὶ
1964 2504 1977 2509 -

373 2572 515 2623 κατὰ
539 2571 635 2642 τὴν
670 2571 928 2641 εὐπορίαν
958 2572 1049 2624 τοῦ
1081 2573 1442 2641 μοναστηρίου
1471 2590 1484 2603 -
1522 2571 1658 2639 πλὴν
1682 2570 1768 2623 ἐπ’
1790 2571 1929 2623 ἐκεί-

373 2681 487 2729 νοις
518 2666 631 2728 τοῖς
677 2664 866 2726 ἐνδεῶς
902 2664 1083 2735 ἔχουσι
1139 2666 1273 2735 πρὸς
1304 2665 1403 2734 τὴν
1449 2665 1778 2717 κατάστασιν
1808 2664 1929 2717 καθ’

371 2757 441 2827 ἢν
492 2756 663 2811 ταῦτα
713 2757 1047 2826 παρέλαϐον’
1090 2758 1157 2810 τὰ
1226 2757 1282 2810 δέ
1329 2773 1392 2823 γε
1440 2755 1793 2826 βελτιωθέντα
1836 2756 1928 2808 καὶ

372 2847 777 2918 ἐπαυξηθέντα,
819 2849 998 2912 καλῶς
1048 2848 1260 2919 ἔχοντα,
1314 2850 1413 2902 οὐκ
1448 2848 1925 2916 ὲλαττωθήσονται,

368 2939 505 2991 ἀλλὰ
537 2942 792 3008 μένουσιν
832 2941 905 3004 ὡς
937 2940 1169 3011 ἔχουσιν.
1204 2942 1339 2994 Οίδὲ
1376 2943 1495 2993 κατ’
1523 2942 1774 3009 ἐφορείαν
1808 2957 1928 2992 και-

371 3033 531 3101 ρικὴν
559 3034 653 3087 καὶ
683 3032 874 3102 ἑτέραν
912 3034 1223 3103 οἰκονομίαν
1262 3024 1548 3087 ὲῖιδοθέντα
1585 3032 1922 3101 κατέχοντες,

2046 563 2373 627 pervenerit,
2412 565 2528 618 sive
2576 565 2776 633 alioqui
2821 580 2887 619 ex
2940 564 3079 617 fama
3137 564 3468 631 aliquorum,
3506 562 3588 613 vel
3672 614 3679 621 .

2042 654 2203 707 etiam
2236 649 2397 711 unius
2426 657 2718 721 audiverit,
2751 666 2903 721 tunc,
2942 667 2999 711 ut
3036 657 3243 711 dictum
3278 665 3381 715 est.
3412 656 3587 723 ingreo
3640 680 3645 685 τ

2042 743 2248 807 dietur,
2280 756 2332 800 et
2385 749 2820 815 perscrutabitur
2876 748 3070 801 delicta
3108 747 3321 805 animae,
3375 744 3584 797 etiamsi

2042 836 2089 890 is
2142 837 2250 905 qui.
2295 837 2451 900 dixit,
2510 840 2647 893 nolit
2702 840 2884 894 subire
2943 839 3205 907 probandi
3264 837 3584 906 periculum.

2042 926 2214 985 Homo
2243 930 2385 983 enim
2418 930 2791 994 Christianus,
2819 932 3039 996 quando
3074 929 3275 998 aliquid
3305 944 3411 982 non
3442 936 3589 983 recte

2042 1021 2245 1077 faetum
2280 1023 2565 1084 audiverit,
2615 1025 2778 1079 dehet
2830 1026 2931 1077 hoc
2965 1024 3143 1077 dicere
3166 1021 3441 1075 communi
3480 1020 3589 1086 spi-

2040 1113 2223 1168 rituali
2254 1114 2403 1168 Patri
2448 1125 2502 1169 et
2536 1118 2791 1171 antistiti.
2831 1114 3086 1173 Fortasse
3117 1122 3296 1168 autem
3338 1128 3447 1168 non
3472 1114 3586 1164 vult

2037 1203 2139 1257 hoc
2159 1204 2341 1258 subire
2368 1206 2701 1274 periculum;
2735 1216 2788 1261 et
2811 1215 3026 1276 propter
3046 1204 3311 1276 ejusmodi
3339 1219 3583 1265 causam,

2039 1296 2234 1351 delicta
2266 1298 2461 1352 animae
2490 1298 2831 1352 inobservata
2866 1308 2921 1352 et
2951 1299 3258 1351 incorreeta
3278 1295 3588 1365 relinquere

2038 1396 2120 1441 est
2160 1388 2317 1442 valde
2345 1388 2657 1451 absurdum,
2690 1389 2841 1443 nullo
2871 1403 3197 1458 quocunque
3246 1387 3450 1455 scripto
3481 1387 3586 1438 im-

2037 1481 2315 1550 peratorio
2359 1481 2443 1534 vel
2493 1478 2844 1549 patriarchali
2898 1482 3001 1533 hoc
3059 1480 3409 1549 prohibente.
3477 1476 3585 1532 Sed

2040 1576 2374 1628 monasteria
2401 1575 2619 1643 quidem
2643 1574 2841 1628 debent
2860 1589 2966 1627 non
2993 1574 3239 1626 innovata
3267 1569 3584 1625 conservari

2042 1665 2097 1719 in
2131 1668 2660 1735 perscrutationibus
2693 1682 2877 1721 eorum
2929 1666 3022 1734 qui
3060 1666 3367 1731 mittuntur,
3420 1665 3585 1717 nullis

2042 1758 2239 1815 exinde
2286 1759 2427 1814 datis
2474 1760 2812 1829 sumptibus.
2861 1757 3015 1811 Tunc
3063 1757 3205 1811 enim
3254 1756 3446 1809 anima:
3487 1756 3584 1808 de-

2038 1851 2290 1905 lictorum
2342 1851 2614 1905 correctio
2659 1850 2840 1913 facile,
2877 1851 2922 1903 si
2976 1850 3117 1904 Deus
3163 1849 3330 1909 volet,
3378 1848 3488 1901 fiet.
3524 1848 3580 1900 lu

2034 1943 2382 1998 monasteriis
2416 1953 2597 1997 autem
2631 1958 2748 2011 qum
2778 1942 2843 1995 ad
2881 1941 3295 2004 incrementum,
3338 1950 3391 1994 et
3439 1940 3583 2008 regi-

2034 2050 2158 2088 men
2187 2034 2298 2089 sive
2326 2035 2882 2097 administrationem,
2914 2042 3009 2086 aut
3036 2034 3255 2087 omnino
3279 2034 3579 2087 libertatem

2033 2128 2156 2182 data
2192 2136 2341 2191 sunt,
2376 2143 2483 2182 non
2518 2127 2692 2181 solum
2730 2128 2836 2180 alia
2866 2128 3059 2179 anima!
3086 2126 3283 2181 delicta
3316 2126 3578 2194 inquiret,

2034 2225 2127 2278 sed
2158 2226 2321 2278 etiam
2358 2240 2423 2277 an
2471 2224 2729 2278 dissoluta
2780 2225 2911 2283 sint,
2966 2224 3048 2276 vel
3102 2222 3473 2277 dissolvantur
3524 2222 3578 2273 in

2034 2326 2185 2386 parte
2210 2317 2295 2370 vel
2322 2317 2374 2370 in
2406 2316 2717 2372 universum
2753 2316 2820 2370 ab
2852 2315 2937 2378 iis,
2974 2315 3066 2383 qui
3098 2329 3159 2367 ea
3197 2326 3452 2381 accepere
3486 2320 3578 2366 :et

2032 2407 2077 2461 si
2111 2406 2349 2460 inveniet
2377 2406 2430 2460 in
2463 2405 2531 2460 iis
2560 2407 2774 2475 aliquas
2810 2404 2924 2459 fieri
2964 2404 3389 2461 imminutiones.
3422 2393 3579 2471 coget

2030 2501 2334 2556 detinentes
2357 2514 2418 2554 ea
2442 2500 2749 2561 restituere,
2781 2496 3233 2567 quemadmodum
3294 2510 3575 2564 accepere,

2030 2603 2084 2648 et
2119 2592 2421 2647 secundum
2452 2591 2768 2645 monasterii
2814 2590 3163 2656 facultatem;
3214 2588 3307 2641 sed
3356 2587 3409 2640 in
3472 2586 3579 2640 ill-is

2030 2685 2274 2754 quidem,
2325 2684 2417 2751 qui
2472 2692 2692 2750 propter
2745 2681 2982 2751 impiam
3042 2696 3149 2735 non
3208 2680 3483 2735 sulliciunt
3510 2680 3574 2732 ad

2029 2786 2226 2829 statum
2252 2777 2305 2828 in
2325 2790 2432 2844 quo
2456 2788 2516 2827 ea
2552 2788 2808 2841 accepere
2832 2789 2846 2837 ;
2878 2788 2999 2843 qum
3031 2781 3157 2826 euut
3180 2758 3359 2825 autem
3385 2769 3576 2826 effecta

2030 2869 2252 2923 meliora
2282 2876 2336 2921 et
2366 2874 2551 2932 aucta,
2587 2882 2708 2921 cum
2740 2873 2888 2920 recte
2916 2880 2976 2919 se
3011 2864 3265 2929 habeant,
3315 2878 3421 2917 non
3480 2864 3579 2937 mi-

2029 2971 2293 3025 nuentur,
2332 2961 2422 3015 sed
2458 2960 2759 3013 manebunt
2802 2965 2863 3011 ut
2893 2971 2952 3012 se
2982 2957 3203 3011 habent.
3242 2954 3343 3021 Qui
3396 2962 3573 3009 autem

2028 3071 2091 3110 ea
2125 3055 2391 3117 detinent,
2431 3068 2551 3122 quae
2584 3058 2712 3106 sunt
2742 3050 2850 3105 illis
2886 3048 3111 3113 tradita,
3142 3057 3203 3102 ut
3236 3048 3475 3117 regimen
3497 3031 3577 3100 'et

367 3126 468 3177 καὶ
498 3125 1011 3196 καταλυμηνάμενοι
1060 3126 1253 3191 ταῦτα,
1295 3127 1341 3178 εί
1380 3126 1455 3198 μὴ
1494 3126 1767 3196 βούλονται
1790 3126 1922 3178 ἀπο-

2030 3147 2557 3201 administrationem
2621 3145 2686 3199 ad
2748 3153 2961 3212 tempus
3015 3141 3352 3211 suscipiant,
3396 3151 3449 3195 et
3495 3140 3576 3194 eis

366 3217 630 3288 καθιστᾷν
660 3219 829 3272 ταῦτα
854 3220 933 3281 είς
967 3219 994 3271 ὃ
1042 3218 1349 3288 παρέλαϐον
1391 3219 1595 3289 σχῆμα,
1631 3220 1715 3271 ενα
1761 3219 1925 3283 ἀφαι-

368 3310 593 3378 ρῶνται,
624 3310 699 3381 μὴ
740 3310 1103 3380 ὠφελούμενοι
1127 3310 1221 3379 ἀφ’
1251 3303 1325 3364 ὧν
1366 3310 1580 3380 ἔχουσιν
1611 3311 1923 3380 ἐγγράφων,

362 3401 701 3471 προθεσμίας
730 3401 1005 3471 διδομένης
1038 3402 1218 3465 αὐτοῖς
1249 3402 1610 3472 ἁρμοζούσης.
1629 3402 1844 3466 Μεταξὺ
1868 3402 1923 3454 δὲ

362 3492 468 3561 τῆς
492 3492 826 3563 προθεσμίας
861 3493 1163 3560 ὀφείλουσιν
1192 3495 1587 3565 ὲπιτηρεῖσθαι,
1623 3496 1672 3546 εί
1702 3494 1921 3563 φροντί-

363 3587 553 3649 ζουσιν
580 3586 763 3655 ἔργοις
796 3588 979 3649 αύτσῖς
1024 3568 1153 3653 περὶ
1187 3587 1285 3655 τῆς
1319 3586 1399 3649 εἰς
1447 3586 1512 3639 τὸ
1558 3587 1785 3656 ἀρχαῖον
1824 3585 1922 3638 αὐ-

359 3678 475 3730 τῶν
504 3660 908 3741 καταστάσεως,
936 3678 1010 3741 ὡς
1064 3679 1380 3747 δεδήλωται.
1418 3677 1548 3731 Τότε
1579 3678 1687 3747 γὰρ
1726 3679 1753 3747 ἡ
1790 3695 1923 3747 προ-

361 3769 570 3839 θεσμία
616 3771 1037 3841 φυλαχθήσεται.
1074 3774 1135 3825 At
1173 3774 1227 3824 δὲ
1268 3774 1556 3839 ἀποταγαὶ,
1613 3772 1733 3825 ἐπεὶ
1771 3772 1920 3841 παρὰ

362 3856 599 3925 κανόνας
625 3865 852 3917 δίδονται
875 3867 968 3918 καὶ
1006 3866 1395 3934 λαμϐάνονται,
1426 3863 1741 3936 σχολάσουσι
1777 3881 1915 3915 πιν-

359 3956 536 4019 τελῶς
556 3959 664 4011 ἀπὸ
692 3959 784 4013 τοῦ
822 3958 935 4021 νῦν,
973 3961 1063 4012 καὶ
1091 3961 1118 4012 ὁ
1150 3960 1533 4029 εὑρισκόμενος
1562 3959 1852 4028 λαμϐάνων
1880 3960 1914 4028 ἦ

357 4050 560 4115 διδοὺς,
594 4054 643 4105 εἰ
677 4056 777 4121 μέν
816 4055 964 4107 ἐστιν
990 4052 1308 4122 ἡγούμενος,
1341 4054 1426 4106 ἵνα
1459 4054 1785 4121 ὲκδιὼκηται
1814 4053 1919 4106 ἀπὸ

357 4127 466 4213 τῆς
498 4146 853 4214 ἡγουμενείας
874 4161 887 4173 ·
922 4146 968 4198 εί
1007 4144 1063 4197 δὲ
1096 4145 1522 4213 χαριστικόῳιος,
1555 4143 1917 4214 ὲκδιωχθήσε-

356 4256 455 4292 ται
500 4237 605 4291 ἀπὸ
632 4239 731 4305 τῆς
769 4238 957 4308 μονῆς.
998 4238 1064 4289 Δί
1092 4236 1146 4289 δὲ
1181 4237 1285 4289 ἀπὸ
1330 4239 1437 4290 τῶν
1469 4238 1916 4307 προσερχομένων

358 4332 447 4394 εις
483 4332 789 4401 ἀπόκαρσιν
824 4331 1109 4398 γινόμεναι
1156 4330 1417 4392 ἑκουσίοις
1456 4330 1550 4382 καὶ
1608 4330 1749 4381 κατὰ
1784 4328 1917 4395 γνώ-

362 4441 477 4493 μην
507 4426 612 4477 τῶν
662 4426 1078 4493 προσφερόντων,
1105 4424 1445 4495 προσενέξεις
1494 4424 1916 4494 προσδεχθήσον-

355 4535 479 4583 ται,
516 4521 609 4569 καὶ
634 4518 1117 4588 ἀπογραφήσονται
1172 4520 1230 4571 ὲν
1276 4517 1351 4588 τῷ
1376 4518 1576 4589 βρεϐίῳ
1606 4518 1702 4588 τῆς
1727 4520 1913 4588 μονῆς,

357 4613 624 4682 εἰδήσεως
651 4612 933 4681 διδομένης
956 4612 1082 4680 περὶ
1110 4611 1218 4664 τῶν
1246 4613 1706 4683 προσφερομένων
1725 4611 1815 4663 καὶ
1841 4611 1918 4681 τῷ

359 4705 652 4775 ἁγιωτάτῳ
684 4705 1016 4775 πατριάρχῃ,
1043 4708 1143 4757 κᾶν
1169 4707 1216 4756 oi
1238 4705 1300 4757 τὰ
1341 4709 1673 4775 μοναστήρια
1704 4704 1917 4773 ἔχοντες

359 4797 729 4867 ὑπομνήματα
751 4797 1041 4867 κέκτηνται
1066 4798 1298 4865 περὶτοῦ
1322 4799 1616 4868 λαμϐάνειν
1637 4800 1917 4865 ἁποταγὰς

361 4892 459 4944 καὶ
486 4891 850 4960 προσενέξεις,
882 4893 977 4944 καὶ
1021 4892 1433 4961 ἀποκερδυιίνειν
1465 4892 1666 4952 ταύτας
1690 4909 1704 4922 ·
1759 4890 1916 4944 τοῦτο

358 4984 470 5053 γὰρ
496 4985 602 5035 ἀπὸ
625 4983 717 5036 τοῦ
761 4983 854 5036 νῦν
879 4983 1079 5049 ὀφείλει
1110 4984 1383 5053 σχολάσαι,
1417 4984 1510 5036 καὶ
1539 4984 1780 5051 γίνεσθαι
1818 5003 1915 5038 κα-

364 5075 473 5138 Θὼς
496 5075 698 5129 ἄνωθεν
723 5080 937 5146 εἴρηται
964 5094 977 5105 ·
1019 5076 1153 5129 ἀλλὰ
1192 5079 1282 5130 καὶ
1308 5079 1363 5130 αἱ
1395 5078 1693 5146 σωζόμεναι
1722 5097 1914 5148 προσε-
1966 5128 1969 5129 ,

359 5173 535 5237 νέξεις
559 5176 657 5225 οὐκ
684 5173 989 5243 ὀφείλουσιν
1032 5172 1388 5241 ὲκποιηθῆναι
1430 5176 1494 5243 τῇ
1549 5175 1768 5244 ἀφορμῇ
1803 5176 1911 5228 τῶν

355 5265 790 5334 ὑπομνημάτων.
835 5266 899 5318 Ἡ
926 5265 1109 5331 μέντοι
1140 5264 1357 5333 φροντὶς
1382 5265 1442 5315 ού
1476 5264 1635 5333 μόνον
1677 5265 1784 5317 τῶν
1810 5267 1910 5334 ψυ-

350 5356 468 5428 χῶν
492 5356 602 5407 τῶν
636 5355 907 5425 μοναχῶν,
938 5354 1071 5409 ἀλλά
1106 5355 1198 5407 καὶ
1237 5353 1413 5406 αὐτῶν
1459 5354 1569 5406 τῶν
1608 5358 1903 5425 κοσμικῶν,

350 5448 438 5516 τῷ
482 5448 765 5515 ἁγιωτάτῳ
800 5447 1447 5518 πατριάρχῃίὲπίκειται·
1482 5448 1580 5499 κατ
1612 5449 1736 5500 ὅταν
1783 5449 1907 5501 θεά-

355 5536 523 5606 σηταί
553 5553 672 5589 τινα
701 5538 808 5589 τῶν
832 5539 1111 5605 κοσμικῶν
1130 5537 1368 5607 διψῶντα
1388 5538 1486 5607 τὴν
1501 5537 1705 5589 οἰκείαν
1729 5554 1904 5607 auita-

360 5634 507 5701 ρίαν,
550 5632 665 5693 πῶς
708 5632 982 5701 ἐνδέχεται
1032 5633 1120 5684 ἵνα
1154 5632 1429 5701 κωλύηται
1465 5630 1558 5683 τοῦ
1598 5634 1817 5684 τάσσειν
1846 5634 1904 5686 ἐν

352 5731 423 5795 τῇ
460 5704 594 5794 μονῇ
620 5722 711 5776 ἐπὶ
730 5723 967 5793 ψυχικῆς
1000 5726 1267 5794 σωτηρίας
1294 5724 1387 5775 τοῦ
1416 5725 1850 5792 προσερχομένου
1882 5748 1895 5791 ;

361 5815 515 5881 "Ege:
584 5814 691 5884 γὰρ
743 5814 1017 5869 ἀκώλυτον
1064 5818 1091 5867 ὁ
1135 5814 1431 5883 ἁγιώτατος
1472 5813 1804 5882 πατριάρχης
1836 5821 1895 5872 τὸ

2026 3240 2284 3299 damnum
2315 3238 2571 3301 afferunt,
2602 3240 2647 3291 si
2680 3237 2856 3291 nolint
2892 3238 2944 3291 in
2998 3251 3144 3300 eum,
3202 3248 3312 3304 quo
3358 3247 3575 3301 accepe-

2024 3342 2172 3398 runt,
2211 3341 2410 3387 statum
2443 3348 2503 3386 ea
2532 3333 2843 3394 restituere,
2880 3330 3221 3393 auferantur,
3260 3342 3360 3382 nec
3408 3327 3476 3380 ab
3506 3324 3573 3378 iis

2024 3442 2145 3496 quas
2174 3427 2371 3481 habent
2399 3424 2618 3493 scriptis
2655 3424 2932 3492 juventur,
2957 3422 3037 3478 eis
3066 3423 3196 3477 dato
3226 3418 3571 3476 convenienti

2022 3520 2111 3574 die
2152 3518 2445 3589 praefinito.
2474 3518 2680 3572 Interea
2713 3525 2914 3580 autem,
2963 3516 3087 3569 dum
3129 3512 3326 3584 pendet
3380 3509 3570 3565 termi-

2024 3630 2149 3677 nus,
2192 3608 2468 3667 observari
2505 3611 2723 3671 debent,
2767 3624 2834 3664 an
2890 3609 2991 3679 ipsi
3032 3606 3190 3677 operi
3246 3605 3313 3658 de
3352 3602 3571 3657 restitu-

2025 3704 2170 3759 tione
2209 3704 2419 3759 scilicet
2462 3703 2516 3773 in
2584 3702 2849 3771 integrum
2904 3705 3120 3760 vacent,
3179 3704 3567 3749 uLostensnm

2023 3804 2128 3851 est.
2162 3795 2297 3849 Tum
2329 3796 2472 3849 enim
2500 3795 2661 3849 etiam
2696 3792 2963 3847 terminus
2993 3789 3322 3845 servabitur.
3346 3786 3570 3841 Renun-

2021 3888 2273 3941 tiationes
2305 3898 2510 3947 autem,
2542 3885 2803 3955 quoniam
2855 3893 3050 3952 praeter
3084 3894 3323 3934 canones
3360 3880 3561 3931 dantur

2021 3989 2074 4034 et
2105 3966 2473 4046 accipiuntur,
2503 3976 2703 4031 dehinc
2734 3975 2964 4028 omnino
3018 3975 3334 4033 cessabunt,
3369 3980 3421 4022 et
3473 3970 3565 4036 qui
3652 4005 3663 4013 .

2022 4071 2270 4140 accipere
2310 4068 2391 4123 vel
2423 4069 2556 4123 dare
2600 4068 2856 4120 inventus
2891 4065 3072 4126 fuerit,
3122 4063 3166 4116 si
3227 4062 3296 4115 sit
3351 4059 3567 4129 quidem

2020 4162 2335 4218 monasterii
2371 4162 2688 4231 praefectus,
2725 4174 2790 4212 ex
2840 4156 3158 4225 praefectura
3214 4152 3518 4221 expellatur
3551 4167 3565 4203 :

2021 4258 2104 4313 sin
2143 4264 2324 4310 autem
2352 4252 2785 4325 praebendarius,
2826 4268 2855 4303 e
2889 4247 3217 4302 mOnasterio
3247 4245 3565 4311 expelletur.

2019 4348 2148 4423 ρυφ
2179 4355 2359 4401 autem
2389 4346 2455 4397 ab
2489 4346 2576 4409 iis,
2612 4343 2700 4412 qui
2734 4342 2797 4395 ad
2837 4344 3118 4394 tonsuram
3148 4339 3391 4399 veniunt,
3428 4334 3563 4387 fiunt
3652 4370 3675 4385 ο

2020 4438 2361 4495 offerentium
2385 4449 2678 4507 spontanea
2709 4434 2985 4487 voluntate
3017 4430 3340 4488 oblationes,
3378 4425 3554 4480 susci-

2023 4533 2238 4602 pientur
2273 4538 2325 4585 et
2364 4528 2747 4582 describentur
2795 4525 2848 4577 in
2907 4520 3179 4576 breviario
3227 4515 3565 4579 monasterii,

2018 4625 2086 4681 de
2113 4625 2178 4678 iis
2206 4638 2325 4691 quae
2354 4620 2660 4683 oﬂeruutur
2686 4620 2847 4673 etiam
2870 4615 3215 4671 sanctissimo
3245 4609 3567 4681 patriarcha:

2017 4716 2329 4786 cognitione
2366 4714 2530 4779 data;
2560 4710 2776 4766 etiamsi
2808 4706 3134 4763 monasteria
3179 4712 3421 4760 tenentes
3465 4701 3565 4755 do-

2017 4818 2270 4862 cumenta
2304 4804 2543 4858 habeant
2569 4802 2637 4855 de
2689 4799 3024 4869 accipiendis
3067 4792 3564 4851 renuntiationibus

2015 4908 2067 4955 et
2091 4896 2480 4958 oblationibus,
2528 4902 2581 4947 et
2628 4894 2693 4947 iis
2741 4889 3149 4947 lucrifaciendis
3204 4904 3219 4941 :
3272 4886 3374 4939 hoc
3418 4882 3560 4938 enim

2014 5002 2230 5045 cessare
2254 5003 2398 5042 nunc
2440 4985 2617 5051 debet,
2651 4994 2704 5038 et
2734 4984 2846 5039 fieri
2878 4978 3338 5052 quemadmodum
3386 4989 3553 5043 supe-

2011 5084 2131 5147 rius
2162 5082 2364 5137 dictum
2396 5090 2512 5143 est;
2544 5078 2638 5134 sed
2672 5078 2834 5147 etiam
2873 5083 3099 5130 servata:
3122 5070 3427 5127 oblationes
3450 5081 3561 5119 non

2010 5174 2210 5229 debent
2270 5174 2492 5225 alienari
2556 5175 2820 5239 praetextu
2872 5168 3340 5220 documentorum.
3392 5158 3561 5212 Porro

2009 5277 2191 5321 autem
2229 5280 2337 5317 non
2372 5264 2549 5335 solum
2607 5276 2736 5317 cura
2795 5258 3097 5310 animarum
3143 5252 3559 5310 monachorum,

2010 5358 2103 5413 sed
2132 5358 2374 5426 ipsorum
2405 5355 2570 5409 etiam
2608 5352 2976 5410 saecularium,
3009 5346 3275 5402 incumbit
3315 5343 3550 5399 sanctis-

2007 5451 2145 5506 simo
2171 5449 2491 5517 patriarchae
2525 5463 2537 5497 :
2588 5454 2642 5500 et
2675 5444 2893 5514 quando
2942 5442 3136 5495 viderit
3168 5440 3403 5507 aliquem
3451 5450 3557 5489 sae-

2006 5541 2273 5595 cularium
2331 5538 2606 5591 sitientem
2640 5535 2916 5604 propriam
2974 5533 3224 5593 salutem,
3280 5527 3551 5597 quomodo

2004 5633 2284 5701 continget
2310 5628 2586 5698 prohiberi
2621 5630 2914 5698 quominus
2955 5627 3033 5687 iu~
3058 5622 3408 5693 monasterio’
3423 5636 3545 5677 eum

2004 5729 2252 5789 collocct,
2278 5725 2343 5776 ad
2374 5722 2605 5775 salutem
2634 5722 2829 5774 anima:
2854 5720 2971 5789 ejus
2998 5718 3092 5787 qui
3129 5716 3366 5773 accedit?
3398 5712 3544 5768 Citra

2009 5823 2179 5877 ullum
2216 5819 2357 5871 enim
2390 5815 2832 5884 impedimentum
2857 5812 3202 5868 sanctissimo
3228 5809 3544 5882 patriarcha:
