4074 6214
395 4430 404 4437 '
492 4434 565 4471 ria
627 4420 739 4473 dici
803 4420 1046 4474 nonnulli
1112 4420 1473 4487 afﬁrmabant,

517 326 617 387 9η

592 552 609 581 ‹
650 533 878 601 accipiat
934 537 1249 592 monasterii
1298 542 1580 601 muliebris
1628 548 1899 617 praefecta,
1939 568 2061 607 cum

583 642 600 674 ι
642 625 817 693 aliqua
855 641 961 681 anu
1004 632 1285 688 monacha.
1320 633 1376 690 Si
1404 646 1587 693 autem
1614 643 1830 697 eveniat
1864 653 1922 697 ut
1964 647 2065 700 ali-

592 738 607 762 ι
653 732 814 783 quam
893 721 1022 775 velit
1075 733 1361 803 cognatam
1420 730 1721 785 monachus
1774 736 2062 803 aspicere,
2142 720 2145 731 λ

594 827 612 858 ι
654 800 917 875 praesente
951 800 1202 880 praefecta
1232 832 1355 872 cum
1402 835 1463 874 ea
1504 823 1844 893 colloquatur
1869 824 2065 896 exiguo

596 922 615 951 ε
653 913 706 956 et
741 902 888 957 brevi
919 921 1191 973 sermone,
1236 917 1289 964 et
1321 926 1443 965 mox
1476 915 1543 969 ab
1572 930 1633 970 ea
1663 919 1905 974 recedat.
1933 937 1950 970 ι

587 1175 776 1231 BALS.
811 1175 866 1230 ln
897 1178 1074 1247 primo
1114 1176 1335 1249 quidem
1388 1197 1507 1249 cap.
1539 1182 1605 1237 12
1656 1184 1737 1238 tit.
1782 1197 2065 1254 prmsentrs

513 1271 693 1338 operis
731 1272 961 1328 diversa:
991 1274 1135 1344 leges
1169 1275 1236 1330 de
1265 1278 1607 1333 monasteriis
1649 1278 1861 1335 traditae
1888 1292 2015 1336 sunt
2048 1300 2063 1337 :

519 1378 758 1430 praesens
792 1374 967 1418 autem
1009 1380 1178 1419 canon
1213 1368 1487 1435 eontituit,
1521 1384 1625 1424 non
1666 1386 1786 1426 esse
1821 1364 2063 1428 facienda

511 1458 747 1527 duplicia
785 1460 1138 1526 manasteria,
1177 1476 1245 1514 ne
1276 1462 1430 1515 multi
1484 1479 1551 1517 ex
1597 1480 1662 1520 eo
1698 1466 2061 1525 oﬂ‘endantur.

509 1546 789 1619 Tanquam
829 1564 1008 1606 autem
1053 1554 1250 1609 dixerit
1302 1557 1597 1626 quispiam,
1652 1560 1753 1615 hoc
1793 1577 1913 1617 esse
1962 1563 2063 1617 ho-

513 1653 724 1697 nestum
757 1646 953 1712 ctjure
1002 1649 1419 1713 admittendum,
1457 1652 1894 1723 quandoquidem
1920 1673 2065 1726 qua:-

510 1734 632 1789 dam
665 1738 905 1805 suspicio
937 1738 1189 1803 inciderit
1222 1751 1442 1811 propter
1484 1760 1744 1813 personas
1789 1763 1892 1803 non
1918 1751 2054 1803 satis

514 1828 703 1883 firmas
740 1838 792 1885 et
825 1831 1072 1899 stabiles,
1110 1834 1177 1900 (si
1232 1835 1374 1890 enim
1431 1850 1459 1889 a
1514 1840 1825 1908 suspicione
1875 1842 2056 1906 alieni,
2092 1810 2131 1867 Β

522 1922 751 1990 cognati
777 1923 1005 1979 fortasse
1034 1927 1118 1980 vel
1153 1927 1349 1983 fratres
1388 1930 1469 1984 vel
1502 1929 1591 1986 alii
1628 1932 1921 2000 ejusmodi,
1966 1950 2061 1989 ve-

511 2016 614 2067 lint
667 2032 809 2093 esse,
844 2020 1119 2083 monachi,
1155 2036 1255 2075 cur
1309 2038 1415 2077 non
1447 2024 1525 2077 eis
1558 2024 1742 2079 licebit
1773 2027 1826 2080 in
1857 2028 2059 2097 duplici

512 2112 844 2162 monasterio
894 2110 1222 2185 habitare?)
1286 2114 1475 2169 dicunt
1535 2118 1747 2180 Patres,
1799 2112 2061 2189 quodne

508 2212 639 2256 tunc
689 2203 906 2277 qpidem
967 2217 1230 2275 cognatos
1277 2210 1438 2263 simul
1492 2210 1739 2267 habitare
1792 2222 2077 2283 oporteat,.

509 2312 575 2351 ne
617 2297 784 2366 aliqui
819 2315 886 2353 ex
922 2314 986 2356 eo
1008 2300 1394 2359 oﬂ‘eudantur:
1446 2306 1541 2361 sed
1592 2307 1676 2361 vir
1730 2308 1947 2376 quidem
2006 2310 2057 2364 in

506 2392 748 2445 virorum
811 2396 1090 2462 proprium
1152 2400 1540 2453 monasterium
1609 2404 1803 2466 abeat,
1868 2404 2060 2457 mulier

506 2494 686 2536 autem
726 2484 778 2537 in
812 2485 1118 2539 mulierum.
1164 2486 1255 2541 Sic
1308 2490 1451 2541 enim
1509 2491 1748 2561 viventes
1797 2496 2055 2563 separati,

508 2575 616 2631 Deo
643 2578 852 2647 accepti
911 2580 1171 2634 servient.
1224 2581 1354 2647 Quae
1407 2584 1556 2651 prius
1606 2596 1785 2639 autem
1845 2587 2058 2644 fuerant

502 2670 740 2738 duplicia
782 2673 1119 2725 monasteria
1162 2688 1226 2727 ex
1267 2673 1491 2729 decreto
1553 2684 1608 2730 et
1667 2679 2057 2737 constitutione

504 2763 683 2829 magni
728 2761 904 2817 Patris
958 2763 1144 2819 Basilii
1198 2766 1566 2822 administrari
1607 2768 1913 2838 jusserunt,
1951 2773 2056 2827 sci-

501 2850 626 2907 licet
656 2860 715 2906 ut
748 2869 855 2909 non
888 2865 1302 2922 converseutur,
1336 2858 1438 2911 hoc
1462 2870 1565 2923 est,
1602 2876 1707 2914 non
1741 2861 2053 2917 cohabitelt

500 2943 599 2996 viri
664 2953 717 2997 et
789 2944 1045 3001 mulieres
1115 2947 1167 3000 in
1238 2964 1343 3013 uno
1394 2951 1752 3015 monasterio;
1796 2953 2050 3020 quoniam

501 3032 749 3087 adulterii
808 3037 1044 3104 suspicio
1105 3037 1281 3092 oritur
1339 3056 1403 3094 ex
1463 3041 1888 3099 cohabitatione.
1947 3047 2048 3100 Sed

1766 342 2042 407 THEOD.
2086 345 2379 409 BALSAM
2386 349 2483 410 ON

593 462 609 489 ιι
654 442 870 510 gularcs
904 439 1137 497 feminas
1166 445 1507 509 deferuntur.
1541 462 1690 507 extra
1718 467 1928 524 portam
1954 459 2068 512 hazc
2096 460 2143 515 Α

3621 368 3731 425 992

2247 478 2265 509 ι
2303 460 2547 531 ἀνδρείου
2607 462 2804 532 μέρους
2854 466 2990 535 πρὸς
3033 465 3131 530 τὰς
3179 469 3470 533 κανονικάς
3525 473 3733 529 ἀποκο-

2249 569 2269 601 ι
2309 551 2576 616 μίζονται,
2608 554 2804 621 ἔξωθεν
2828 557 2927 625 τῆς
2967 558 3140 629 πύλης
3191 560 3364 615 ταῦτα
3396 563 3729 633 λαμϐανέτω

2246 662 2263 695 ι
2301 646 2333 713 ἡ
2366 646 2641 716 ἡγουμένη
2672 648 2762 701 τοῦ
2789 653 3102 730 γυναικείου
3142 657 3529 725 μοναστηρίου,
3586 668 3728 730 μετά

2244 754 2262 787 ι
2300 739 2468 807 γραός
2505 757 2648 804 τινος
2673 728 3002 816 μοναστρίας
3022 764 3035 777 ·
3079 750 3131 800 εἰ
3168 749 3224 801 δὲ
3247 740 3450 823 συμϐῇ,
3475 756 3568 808 καὶ
3589 728 3731 826 συγ-

2237 844 2256 876 ι
2292 828 2419 897 γενῆ
2449 846 2567 881 τινα
2611 832 2751 885 θέλει
2788 834 3132 889 θεάσασθαιδ
3164 843 3418 911 μοναχδς,
3455 847 3546 898 ἐπὶ
3581 865 3727 920 παρ-

2244 937 2262 969 (
2302 921 2457 992 ουσία
2504 926 2603 990 τῆς
2655 927 2966 999 ἡγουμένης
2995 931 3163 1003 ταύτῃ
3209 938 3609 1007 προσομιλείτω
3636 941 3727 995 διὰ

2246 1030 2266 1064 ι
2310 1016 2522 1085 μικρῶν
2560 1018 2654 1071 καὶ
2687 1020 2930 1090 βραχέων
2967 1023 3165 1095 λόγων,
3201 1028 3296 1081 καὶ
3333 1034 3613 1103 συντόμως
3663 1036 3723 1100 ἐξ

2243 1123 2261 1155 ι
2302 1105 2469 1177 αὐτῆς
2500 1108 2947 1183 ἀπαναχωρείτω.
2988 1134 3005 1166 ›
3483 1188 3495 1199 ε

2226 1194 2421 1251 mas.
2459 1199 2546 1251 ’Ev
2601 1201 2697 1270 μὲν
2727 1203 2803 1274 τῷ
2835 1212 2882 1260 α’
2916 1207 3108 1274 κεφαλ.
3139 1208 3233 1262 τοῦ
3285 1212 3350 1281 ιβ’
3417 1194 3597 1271 τίτλου
3629 1220 3731 1273 τοδε

2164 1287 2429 1356 παρόντος
2454 1292 2829 1364 συντάγματος
2889 1301 3347 1373 κατεστρώθησαν
3383 1307 3615 1380 διάφορα
3639 1312 3741 1364 νόο’

2166 1398 2315 1473 μιμα,
2345 1386 2502 1454 χάριν
2559 1387 2666 1441 τῶν
2719 1393 3096 1462 μοναστηρίων
3120 1413 3134 1427 ’
3165 1398 3193 1451 ό
3219 1399 3277 1452 δὲ
3312 1402 3503 1473 παρὼν
3540 1408 3722 1460 κανὼν

2160 1469 2450 1542 διορίζεται
2502 1477 2575 1547 μὴ
2620 1479 2865 1546 γίνεσθαι
2918 1486 3083 1575 διπλοῖ
3130 1496 3489 1564 μοναστήρια,
3528 1498 3616 1552 διὰ
3660 1481 3724 1553 τὸ

2166 1561 2241 1631 μὴ
2287 1565 2734 1631 σκανδαλίζεσθαι
2758 1574 2822 1625 ὲκ
2859 1574 3049 1631 τούτου
3070 1561 3202 1643 τοὺς
3234 1561 3484 1649 πολλούς.
3522 1586 3613 1650 Ὠς
3660 1590 3721 1643 δέ

2160 1669 2304 1717 τινος
2336 1659 2769 1724 είπόντοςίκαλδν
2813 1661 2951 1721 εἶναι
2984 1670 3076 1722 καὶ
3102 1673 3514 1743 εύπαράδεκτον
3536 1681 3713 1748 τοῦτο,

2161 1742 2289 1796 ὅταν
2318 1745 2520 1813 ὑποψία
2555 1768 2639 1814 τις
2675 1754 2943 1829 ὑποτρέχῃ
2974 1758 3061 1812 διὰ
3106 1762 3173 1815 τὰ
3198 1742 3501 1836 ἀστήρικτοι
3543 1742 3717 1843 πρόεςἑ

2161 1850 2281 1930 cum
2302 1874 2319 1900 ,
2346 1835 2413 1903 (εἰ
2444 1838 2549 1909 γὰρ
2592 1842 2907 1908 ἀνύποπτοι,
2963 1856 3243 1920 συγγενεῖς
3267 1835 3447 1926 τυχὸν,
3492 1835 3711 1930 ἀδελφοὶ

2162 1924 2398 1997 ῆὲτεροι
2452 1933 2697 1999 τοιοῦτοι,
2725 1937 3030 2008 θελήσουσι
3091 1947 3311 2014 μονάσαι
3340 1991 3355 2015 ,
3416 1952 3499 2004 ἵνα
3543 1938 3595 2007 τί
3646 1957 3709 2009 οὑ

2164 2021 2730 2091 παραχωρηθήσονται
2780 2031 2860 2094 είς
2890 2033 3110 2088 διπλοῦν
3138 2045 3404 2093 κατοικεῖν
3433 2049 3710 2117 μοναστή-

2163 2128 2276 2181 ριον
2298 2113 2337 2181 ;)
2407 2119 2568 2182 φασὶν
2597 2120 2646 2172 οἱ
2674 2123 2915 2193 Πατέρες
2967 2126 3042 2191 ὡς
3074 2128 3193 2181 οὐδὲ
3223 2133 3525 2202 τηνικαῦτα
3586 2141 3717 2203 τοὺς

2163 2208 2447 2272 συγγενεῖς
2471 2209 2589 2262 δέον
2638 2212 2756 2267 ἐστὶ
2808 2222 3097 2283 συνοικεῖν,
3152 2221 3239 2275 ἵνα
3300 2227 3373 2297 μὴ
3413 2229 3481 2281 ὲκ
3522 2230 3721 2285 τούτου

2160 2298 2745 2390 προσκόπτωσίτινεςο
2802 2307 2917 2360 ἀλλ’
2960 2312 2988 2362 ὁ
3037 2312 3138 2381 μὲν
3184 2316 3325 2386 ἀνὴρ
3384 2320 3586 2375 ἀνιέτω
3641 2325 3723 2390 είς

2158 2376 2363 2458 ἀνδρῶν
2409 2396 2767 2465 μοναστήριον
2823 2376 3141 2456 ἰδιαίτατον·
3176 2376 3305 2475 qua;
3341 2410 3479 2479 γυνὴ
3509 2414 3592 2475 είς
3621 2376 3716 2481 γυΣ

2157 2484 2410 2537 ναικεῖον.
2446 2483 2603 2539 Οὕτω
2643 2490 2750 2559 γὰρ
2796 2491 2999 2556 ζῶντες
3061 2502 3483 2571 κεχωρισμένοι,
3532 2506 3716 2576 εὐαρέ-

2156 2589 2301 2634 στως
2334 2575 2677 2632 δουλεύσουσι
2706 2582 2783 2652 τῷ
2805 2585 2946 2656 Θεῷ.
2992 2588 3071 2640 Τά
3103 2591 3289 2658 μέντοι
3347 2575 3707 2664 προγεγονότα

2156 2663 2319 2717 διπλᾶ
2375 2671 2706 2739 μοναστήρια
2767 2678 3241 2744 παρεκελεύσαντο
3314 2686 3701 2753 πολιτεύεσθαι,

2157 2756 2298 2848 κέατά
2339 2760 2430 2811 τὸν
2472 2763 2698 2832 ὁρισμὸν
2740 2769 2834 2820 καὶ
2873 2769 2970 2840 τὴν
3013 2770 3277 2841 διαταγὴν
3328 2777 3421 2829 τοῦ
3467 2780 3702 2848 μεγάλου

2156 2838 2368 2921 Πατρδς
2395 2853 2697 2923 Βασιλείου,
2739 2838 3019 2931 ἧγουνὴμὴ
3076 2838 3493 2933 συνδιαιτᾶσθαί,
3549 2889 3703 2926 τουτ-

2154 2942 2268 2996 έστι
2294 2946 2366 3014 μὴ
2400 2952 2661 3002 συνοικεῖν
2718 2953 2914 3041 ἄνδρας
2945 2955 3039 3007 καὶ
3077 2961 3342 3024 γυναῖκας
3402 2964 3457 3015 ἐν
3490 2964 3568 3017 ἑνὶ
3612 2982 3706 3033 p.0-

2158 3041 2468 3110 ναστηρίῳ·
2508 3042 2587 3095 ὅτι
2633 3043 2831 3113 ὑποψία
2885 3047 2998 3100 ἐστὶ
3038 3051 3283 3119 μοιχείας
3332 3054 3440 3107 ἀπὸ
3475 3058 3575 3124 τῆς
3617 3076 3711 3111 συ-

500 3140 677 3194 neque
708 3127 1009 3205 monachus
1043 3138 1365 3197 poteStatcm
1409 3131 1751 3205 habeatcum
1784 3136 2046 3191 monacha

2155 3130 2472 3198 νοικήσεως.
2521 3133 2681 3187 Ἀλλά
2718 3136 2851 3204 μηδὲ
2894 3140 3125 3209 μονοψὶς
3155 3144 3327 3213 ἐχέτω
3365 3146 3547 3200 ἄδειαν
3574 3151 3710 3219 μετὰ

498 3230 743 3271 seorsum
782 3219 1201 3286 confabulandi,
1228 3223 1309 3276 vel
1350 3224 1689 3289 comedendi,
1726 3227 1807 3280 vel
1838 3226 1891 3281 in
1928 3244 2048 3281 mu-

499 3309 654 3362 liebri
722 3314 1053 3368 monasterio
1132 3317 1522 3384 pernoctandi;
1594 3318 2049 3385 quemadmodum

499 3422 599 3460 nec
630 3416 842 3462 contra.
878 3407 1008 3472 Qua:
1062 3418 1241 3463 autem
1300 3418 1427 3463 sunt
1484 3412 1808 3467 monialihus
1854 3414 1920 3467 ad
1970 3415 2053 3470 vi-

497 3509 642 3552 ctum
694 3499 1017 3563 necessaria.
1074 3516 1102 3552 a
1144 3502 1274 3554 viris
1325 3502 1691 3571 recipiantur,
1748 3520 1851 3559 non
1906 3506 2049 3561 intra

497 3590 915 3654 monasterium,
950 3590 1044 3645 sed
1081 3600 1234 3645 extra
1266 3601 1476 3662 portam
1514 3593 1651 3660 ejus,
1685 3610 1780 3663 per
1829 3612 2045 3651 manum

497 3681 811 3735 monasterii
866 3683 1133 3750 pra'fectae
1181 3692 1234 3738 et
1283 3672 1421 3739 anus
1469 3687 1766 3741 monachae.
1822 3689 1875 3742 Si
1926 3690 2048 3760 quis

498 3784 674 3827 autem
706 3774 1004 3829 monachus
1051 3775 1180 3829 velit
1214 3776 1531 3831 monacham
1579 3790 1862 3848 cognatam
1892 3797 2047 3837 suam
2080 3838 2092 3847 ,

494 3863 760 3934 aspicere,
796 3881 861 3919 ne
888 3865 1048 3920 liceat
1101 3868 1149 3920 ei
1181 3883 1427 3922 seorsum
1461 3884 1584 3923 cum
1632 3886 1695 3924 ea
1755 3887 2041 3930 sermones

493 3957 787 4012 conferre:
827 3958 918 4012 sed
957 3958 1008 4011 in
1045 3960 1334 4027 prmsentia
1383 3960 1651 4025 praefecte:
1702 3966 2042 4032 monasterii,

491 4056 544 4103 et
596 4048 847 4117 protinus
891 4051 1167 4104 recedere.
1211 4049 1415 4104 Nomen
1457 4063 1635 4106 autem
1682 4052 1879 4119 δίαιτα,
1914 4072 2045 4125 non,

494 4152 551 4195 ut
584 4142 723 4210 apud
783 4143 1191 4212 grammaticos.
1234 4146 1634 4223 proconvivio,
1682 4148 1777 4201 sed
1820 4164 1915 4217 pro
1948 4151 2043 4203 ha-

490 4233 754 4289 bitatione
812 4237 1113 4301 accipitur:
1169 4237 1348 4291 δίαιτα
1397 4238 1539 4291 enim
1592 4241 1733 4307 apud
1771 4242 2046 4309 juriscon-

490 4316 665 4380 sultds
712 4336 795 4382 est
834 4328 1235 4383 habitaculum.
1270 4328 1511 4398 Duplicia
1555 4342 1737 4386 autem
1769 4346 2044 4390 monaste-

1549 4440 1655 4478 non
1709 4441 1829 4495 qua:
1880 4428 2040 4482 simul

2159 3222 2395 3293 μοναχῆς
2425 3226 2545 3277 κατ’
2602 3225 2736 3287 ἰδίαν
2770 3232 3117 3301 προσομιλεῖν
3147 3233 3178 3303 ἢ
3214 3237 3535 3303 συνεσθίειν,
3590 3242 3621 3309 ἧ
3653 3245 3711 3294 ἐν

2151 3316 2444 3385 γυναικείῳ
2477 3322 2821 3392 μοναστηρίῳ
2847 3323 3284 3398 διανυκτερεύειν
3305 3348 3317 3361 ·
3350 3331 3538 3403 ὥσπερ
3585 3338 3708 3389 οὐδὲ

2148 3406 2208 3458 τὸ
2245 3406 2533 3465 ἀνάπαλιν.
2600 3411 2681 3464 Τά
2738 3412 2793 3467 δὲ
2842 3416 3118 3485 ἀναγκαῖα
3157 3424 3277 3484 ταῖς
3348 3427 3708 3493 μοναζούσαις

2149 3500 2582 3570 ἀποκομίζεσθαι
2611 3504 2702 3558 διά
2758 3507 2986 3575 ἀνδρῶν,
3035 3512 3153 3583 οὐχ).
3206 3515 3359 3578 ἐντὸς
3391 3517 3487 3568 τοῦ
3537 3538 3706 3585 μονα-

2151 3594 2393 3663 στηρίου,
2424 3594 2557 3649 ἀλλά
2592 3596 2749 3661 ἐκτὸς
2777 3600 2874 3667 τῆς
2934 3600 3107 3671 πύλης
3167 3605 3332 3658 αὑτοῦ
3385 3608 3475 3661 δεά
3524 3615 3706 3681 χειρὸς

2147 3683 2457 3754 ἡγουμένης
2489 3688 2579 3741 καὶ
2615 3682 3149 3763 μοναστρίαςγραός.
3187 3696 3247 3749 Εἰ
3278 3698 3475 3766 δήποτέ
3500 3719 3590 3766 τις
3610 3724 3708 3772 μοι

2147 3775 2306 3844 ναχὺς
2333 3775 2549 3844 θελήσει
2582 3778 2875 3834 θεάσασθαι
2918 3785 3254 3852 μονάζουσαν
3306 3793 3541 3861 συγγενῆ
3601 3798 3705 3847 a6-

2144 3866 2258 3932 τοῦ,
2297 3867 2368 3937 μὴ
2417 3872 2849 3942 παραχωρείσθω
2888 3878 3003 3927 κατ’
3038 3877 3167 3929 ίίίαν
3208 3881 3325 3946 μετ’
3372 3883 3540 3951 αὐτῆς
3571 3903 3704 3938 συν-

2145 3958 2312 4026 είρειν
2349 3958 2562 4027 λόγους,
2595 3963 2728 4016 ἀλλὰ
2784 3967 2923 4018 κατὰ
2955 3970 3255 4037 παρουσίαν
3277 3974 3705 4046 τῆς-ἡγουμένης

2144 4053 2235 4104 καὶ
2263 4053 2321 4103 ἐν
2355 4053 2602 4124 συντόμῳ
2631 4055 2949 4127 ἀναχωρεῖν.
2998 4062 3070 4113 Τὸ
3116 4062 3287 4134 ὄνομα
3328 4044 3705 4137 δὲ’ήτῆςδιαίο

2143 4161 2239 4211 της
2286 4144 2384 4198 οὐκ
2456 4146 2855 4215 ὲκλαμὸἀνεται
2918 4153 3000 4214 εἰς
3059 4154 3330 4224 εὐωχίαν,
3382 4160 3523 4213 κατά
3572 4163 3701 4225 τοὺς

2143 4239 2580 4326 γραμματικοὺς,
2632 4240 2745 4294 ἀλλ’
2803 4243 2883 4311 εἰς
2957 4246 3306 4317 κατοίκησιν·
3354 4249 3535 4305 δίαιτα
3590 4254 3702 4326 γὰρ

2145 4315 2293 4399 παρᾶ
2327 4333 2457 4395 τοῖς-
2481 4336 2721 4401 νομικοῖς
2760 4335 2789 4403 ἡ
2830 4338 3082 4391 κατοικία
3129 4340 3267 4397 ἐστί.
3306 4343 3479 4396 Διπλᾶ
3514 4345 3571 4397 δὲ
3604 4364 3703 4412 μο-

2143 4424 2407 4490 ναστήρια
2458 4419 2611 4477 εἶπόν
2641 4443 2787 4489 τινες
2844 4427 3098 4496 λέγεσθαι
3144 4432 3204 4484 ού
3265 4434 3333 4486 τὰ
3391 4435 3585 4504 ἔχοντα
3644 4442 3703 4491 ὲν

488 4508 688 4561 habent
720 4508 866 4563 viros
905 4518 959 4563 et
986 4510 1253 4576 feminas,
1297 4514 1386 4566 sed
1421 4530 1542 4583 qua:
1600 4531 1766 4585 pr0pe
1809 4526 1861 4571 et
1909 4532 2040 4573 con-

2148 4514 2325 4582 ταυτῷ
2353 4516 2444 4569 καὶ
2474 4516 2671 4587 ἄνδρας
2698 4520 2793 4572 καὶ
2843 4493 3126 4589 γυναῖκας,
3167 4524 3301 4579 ἀλλὰ
3352 4493 3450 4580 τάη
3472 4529 3703 4598 πλησίον

480 4600 669 4667 juncte
703 4601 963 4655 aedificata
988 4600 1137 4666 sant,
1163 4614 1502 4674 et-tanquam
1531 4622 1697 4662 unum
1722 4619 2041 4678 reputantur

488 4701 703 4760 propter
736 4694 957 4748 multam
994 4698 1271 4755 unionem.
1305 4697 1409 4751 Sed
1439 4714 1504 4753 ex
1546 4699 1649 4753 hoc
1694 4716 1901 4756 canone
1942 4717 2037 4772 ap-

485 4792 660 4850 paret,
696 4800 800 4839 non
827 4786 929 4840 dici
968 4796 1251 4857 propterea
1281 4778 1514 4859 duplicia
1542 4793 1871 4846 monasteria
1896 4833 1911 4857 ,
1941 4794 2036 4847 sed

484 4876 630 4944 quod
689 4876 741 4931 in
802 4893 907 4932 uno
985 4881 1286 4950 eodemque
1343 4882 1678 4955 monasterio
1735 4884 2039 4941 habitarent

483 4969 778 5038 aliquando
809 5012 823 5035 ,
872 4978 931 5025 ut
989 4980 1071 5027 est
1130 4974 1466 5039 verisimile,
1516 4976 1614 5029 viri
1666 4985 1719 5030 et
1760 4978 2033 5033 mulieres.

481 5062 776 5118 Constituit
810 5065 979 5129 enim,
1009 5078 1068 5121 ut
1092 5068 1303 5137 cognati
1354 5068 1572 5133 abeant,
1614 5068 1690 5122 illi
1735 5069 1949 5138 quidem
1982 5070 2034 5125 in

484 5153 748 5218 virorum,
796 5155 877 5210 hae
907 5172 1036 5211 vero
1084 5158 1136 5212 in
1188 5157 1472 5213 mulierum
1516 5163 1881 5227 monasteria;
1919 5171 2037 5216 tan-

483 5256 643 5310 quam
678 5254 824 5298 esset
859 5247 1126 5313 prohiblta
1160 5246 1213 5300 in
1244 5263 1352 5302 uno
1382 5256 1435 5303 et
1466 5248 1657 5303 eodem
1704 5251 1827 5305 loco
1849 5267 2033 5305 eorum

482 5333 772 5389 habitatio.
824 5335 1087 5394 Similiter
1132 5340 1287 5408 jubet
1336 5356 1407 5395 ne
1463 5354 1886 5408 conversentur,
1934 5346 2036 5399 hoc

481 5435 585 5485 est,
616 5440 685 5479 ne
717 5427 769 5479 in
800 5441 910 5483 uno
950 5432 1286 5485 monasterio
1341 5433 1651 5487 cohabiteut
1678 5434 1775 5486 viri
1816 5439 1867 5489 et
1912 5450 2033 5489 mu-

482 5515 665 5574 lieres.
724 5520 862 5591 Lege
910 5530 963 5576 et
1024 5532 1194 5577 totum
1254 5526 1497 5594 primum
1532 5527 1617 5580 tit.
1671 5541 1725 5579 tv
1772 5526 1895 5589 lib.,
1938 5528 2032 5597 qui

484 5608 749 5678 ejusmodi
788 5616 953 5669 multa
986 5615 1145 5683 docet
1183 5628 1235 5671 et
1262 5619 1473 5683 Statuit,
1509 5627 1568 5674 ut
1617 5635 1794 5690 neque
1846 5612 2035 5675 mona-

486 5702 623 5756 chus
655 5718 753 5758 nec
780 5706 953 5761 laicus
981 5709 1247 5764 muliebre
1276 5713 1664 5787 monasterium
1700 5716 2034 5784 ingrediatur

490 5811 871 5867 quamcunque
928 5802 997 5855 ob
1056 5819 1271 5857 causam
1304 5823 1315 5858 :
1354 5818 1407 5861 et
1453 5806 1637 5861 definit
1692 5808 1756 5861 de
1815 5788 1901 5871 iis,
1944 5810 2034 5879 qui

2143 4606 2239 4659 καὶ
2276 4607 2567 4678 ήνωμένως
2599 4612 2903 4677 κτισθέντα,
2936 4614 3029 4667 καὶ
3051 4615 3371 4687 λογιζόμενα
3408 4619 3467 4672 ἒν
3494 4623 3704 4676 ὡσανεὶ

2100 4696 2222 4750 διά
2276 4700 2373 4769 τὴν
2452 4702 2651 4771 πολλὴν
2719 4706 2963 4777 ἑνότητα.
3043 4708 3175 4762 Ἀπὸ
3216 4710 3274 4763 δὲ
3320 4711 3413 4763 τοῦ
3476 4716 3705 4779 κανόνος

2138 4791 2492 4860 ἀναφαίνεται
2523 4796 2594 4865 μὴ
2628 4795 2880 4863 λέγεσθαι
2908 4799 2997 4852 διὰ
3031 4801 3187 4855 τοῦτο
3231 4802 3397 4855 διπλᾶ
3424 4809 3701 4877 μοναστή-

2142 4901 2254 4954 ρια,
2280 4884 2422 4938 Γἀλλά
2456 4886 2535 4938 ὅτι
2567 4889 2623 4939 ἐν
2652 4889 2731 4941 ἐνὶ
2758 4892 2851 4942 καὶ
2881 4891 2956 4960 τῷ
2990 4893 3136 4961 αύτῷ
3193 4898 3538 4966 μοναστηρίρ
3573 4917 3706 4952 κατ-

2138 4974 2313 5046 ῴκουν
2348 4978 2498 5041 ποτε,
2527 4978 2601 5040 ὡς
2659 4980 2853 5044 ἔοικεν,
2879 4982 3069 5052 ἄνδρες
3117 4986 3208 5037 καὶ
3252 4990 3532 5052 γυναῖκες.
3584 4993 3701 5043 Διο-

2140 5066 2349 5135 ρίζεται
2375 5067 2479 5136 γὰρ
2503 5069 2627 5132 τοὺς
2657 5075 2976 5141 προσγενεῖς
3012 5075 3344 5143 ἀφίστασθαι
3380 5079 3459 5141 εἰς
3483 5080 3697 5150 ἀνδρῷα

2138 5158 2232 5209 καὶ
2255 5161 2536 5224 γυναικεῖα
2566 5162 2926 5232 μοναστήρια,
2959 5163 3035 5225 ὡς
3088 5164 3253 5234 οὔσης
3309 5168 3693 5240 κεκωλυμένη(

2136 5248 2236 5316 τῆς
2282 5249 2361 5311 είς
2409 5250 2537 5302 αὐτὸ
2592 5252 2682 5304 καὶ
2706 5252 2765 5304 ἓν
2816 5256 3095 5317 κατοικίας
3146 5256 3369 5314 τούτων.
3421 5260 3684 5321 Ὡσαύτως

2139 5340 2571 5410 παρακελεύεται
2606 5343 2680 5413 μὴ
2720 5344 3049 5406 διαιτᾶσθαι,
3103 5349 3353 5401 τουτέστι
3384 5352 3465 5420 μὴ
3522 5370 3679 5405 συνοι⁸

2136 5440 2273 5499 κεῖν,
2339 5438 2396 5489 ἐν
2449 5437 2529 5488 ἑνὶ
2594 5439 2941 5509 μοναστηρίῳ
3008 5440 3209 5510 ἄνδρας
3258 5446 3353 5495 καὶ
3404 5450 3681 5512 γυναῖκας.’

2147 5528 2443 5597 Ἀνάγνωθι
2476 5530 2677 5582 καὶτὸν
2707 5531 2826 5583 ὅλον
2854 5533 3066 5602 πρῶτον
3109 5533 3288 5586 τίτλον
3338 5537 3433 5589 τοῦ
3507 5540 3549 5591 δ’
3606 5536 3679 5605 βι-

2136 5620 2306 5687 ϐλίου,
2342 5621 2663 5675 διδάσκοντα
2707 5625 2837 5693 περὶ
2884 5625 3144 5678 τοιούτων
3199 5627 3438 5691 πολλῶν,
3467 5630 3675 5698 διοριζό-

2120 5722 2296 5785 μενον
2354 5718 2488 5785 μήτε
2522 5716 2755 5784 μοναχὸν
2792 5717 2929 5786 μήτε
2969 5717 3155 5770 λαῖκὸν
3221 5722 3447 5773 εἰσιέναι
3480 5725 3553 5783 εἰς
3580 5732 3683 5786 γυέ

2135 5810 2371 5860 ναικεῖον
2438 5808 2795 5877 μοναστήριον
2857 5809 3018 5878 χάριν
3083 5811 3416 5881 οἱασδήτινος
3473 5811 3675 5874 αἰτίας·
