4074 6214
401 333 506 393 ἓθῗῒ

1348 335 1428 395 ΙΝ
1464 334 1630 397 CAN.
1660 333 1808 394 ΧΧΙ-
1835 334 2038 395 CONC.
2081 332 2192 394 VII
2229 333 2574 393 (ECUMEN.

3497 335 3597 399 994

399 447 752 502 διατυποῦντα
798 449 853 502 δὲ
892 451 985 502 καὶ
1011 451 1079 503 τὰ
1112 449 1238 518 napi.
1265 448 1371 500 τῶν
1394 447 1710 515 ὀφειλόντων
1741 450 1943 518 ἱερουρ-

2056 447 2251 502 debent
2300 446 2608 502 ministrare
2655 447 2708 502 in
2737 450 3086 506 muliebribus
3132 453 3494 518 monasteriis,
3545 466 3601 509 et

399 545 514 609 γεῐν
544 546 602 594 ὲν
629 545 746 604 ταῖς
775 546 1109 609 γυναικείαις
1150 543 1335 610 μοναϊς
1382 542 1476 593 καὶ
1533 541 1602 593 τὰ
1653 541 1781 611 περὶ
1841 539 1946 593 τῶν

399 635 825 704 ἁποκρισιαριων
857 634 1035 687 αὐτῶν
1065 637 1158 688 καὶ
1185 633 1390 712 λοιπῶν*
1418 632 1770 704 διακονητιῖη.

471 727 707 779 ΖΩΝΛΡ.
747 726 957 779 κωλύει
981 729 1018 779 ὁ·
1056 725 1234 780 κανὼν
1262 726 1428 780 διπλᾶ
1471 724 1715 793 γίνεσθαι
1779 744 1946 796 μονα-

403 823 615 887 στήρια.
651 821 760 889 Οὐχ
787 819 923 889 ὁμοῦ
965 820 1022 873 δὲ
1066 821 1254 890 διῆγον
1281 823 1394 882 τοῖς
1425 821 1719 890 μονασταῑς
1746 819 1803 871 αἱ
1848 837 1945 888 μο-

401 911 737 972 νάζουσαιὲν
764 914 877 974 τοῖς
907 911 1173 975 τοιούτοις
1223 913 1643 988 μοναστηριοιςξο
1694 911 1809 964 ἀλλ’
1856 911 1948 979 ἐγ-

303 1023 309 1028 ·
398 1017 556 1066 γιστα
589 1000 870 1070 κατῴκουν
894 1002 1137 1072 ἀλλήλων
1159 1019 1174 1034 ο
1210 1003 1368 1090 ὢστεγ
1390 1004 1482 1056 καὶ
1508 1002 1673 1072 ἄμφω
1701 1002 1946 1072 ἀλλήλων

395 1084 630 1148 ἀκούειν.
680 1095 866 1149 Τοῦτο
908 1096 1021 1161 οὖν,
1086 1084 1373 1160 ύποκνίζον
1429 1113 1488 1149 τε
1531 1099 1611 1159 εἰς
1655 1096 1949 1166 λογισμοὺς

396 1182 682 1251 ἐμπαθεῖς,
720 1184 752 1252 ἢ
801 1187 892 1239 καὶ
918 1187 997 1248 εἰς
1024 1187 1092 1240 τὰ
1145 1186 1294 1258 πάθη
1345 1186 1505 1248 αὐτὰ,
1534 1185 1630 1240 καὶ
1671 1189 1752 1252 εἰς
1785 1188 1950 1242 σκάνο

395 1273 550 1325 δαλον
576 1273 634 1327 δὲ
665 1278 777 1337 τοῖς
809 1275 1022 1341 πολλοῖς
1038 1260 1342 1347 γινόμενόν,
1371 1278 1539 1348 ἐρῶσι
1565 1279 1748 1350 σχεδὸν
1771 1297 1948 1333 συνοι-

395 1366 592 1426 κούσας
621 1368 845 1438 ἀνδράσι
873 1373 1158 1438 γυναῖκας,
1186 1370 1273 1424 διὰ
1305 1371 1406 1440 τὴν
1432 1371 1572 1425 πάνυ
1603 1371 1712 1425 τῶν
1758 1389 1948 1427 κατοι-

393 1462 532 1514 κιὼν
559 1464 834 1533 ἑκατέρων
871 1464 1168 1535 ἐγγύτητα,
1227 1465 1528 1533 ἀποτρέπει
1557 1464 1591 1537 ἡ
1625 1467 1840 1530 σύνοδος
1860 1467 1947 1535 γίο

393 1553 601 1610 νεσθαι.
635 1555 695 1606 Et
725 1554 782 1608 δέ
814 1573 980 1620 τινες,
1032 1557 1184 1626 φησι,
1254 1558 1392 1627 μετὰ
1448 1559 1723 1627 συγγενῶν
1757 1576 1951 1628 προαι-

296 1647 298 1652 ’
393 1642 612 1716 ροῦνται
671 1647 1067 1722 ἀποτάξασθαι,
1097 1651 1144 1700 οἱ
1191 1650 1290 1718 μὲν
1352 1649 1543 1720 ἄνδρες
1596 1651 1676 1715 εἰς
1739 1652 1950 1722 ἀνδρῶν

389 1737 810 1808 ἀπερχέσθωσαν
850 1743 1225 1812 μοναστήριον,
1253 1743 1307 1795 αἱ
1336 1742 1392 1795 δὲ
1417 1745 1666 1811 γυναῖκες
1722 1745 1804 1807 εἰς
1842 1760 1944 1812 γυ-

389 1832 641 1898 ναικεῖον.
687 1831 842 1885 Οὕτω
876 1834 982 1902 γὰρ
1021 1834 1440 1902 εὐαρεστεῖταιό
1483 1834 1633 1898 Θεὸς,
1666 1836 1784 1889 ἀντὶ
1823 1834 1940 1905 τοῦ⁸

387 1919 557 1983 οὕτως
596 1924 903 1993 εὐαρέστως
929 1925 1274 1979 δουλεύσουσι
1297 1927 1374 1996 τῷ
1402 1926 1540 1998 θεῷ,
1573 1919 1676 1998 ἰδία
1713 1927 1940 1996 ζῶντες,

388 2015 484 2068 καὶ⁵
516 2015 610 2067 ἀπ’
643 2015 886 2087 ἀλλήλων
912 2019 1330 2089 κεχωρισμένοι,
1356 2017 1497 2073 ὥστε
1516 2019 1770 2091 ἀλλήλοις
1803 2006 1941 2092 μήτε

386 2108 467 2169 εἰς
488 2107 834 2180 παροξυσμὸν
865 2105 1005 2164 εἶναι
1037 2111 1222 2182 βιοτῆς
1253 2111 1554 2182 ὲμπαθοῦς,
1585 2115 1722 2183 μήτε
1761 2113 1944 2176 ἄλλοις

385 2202 468 2262 εἰς
499 2201 816 2255 σκάνδαλον.
862 2203 1012 2256 Ὅσα
1045 2203 1238 2277 δὲ-ἦδη
1292 2208 1549 2274 γεγόνασι
1576 2206 1738 2262 διπλᾶ
1784 2219 1948 2276 μονα-

389 2292 609 2360 στήρια,
673 2293 984 2360 Ἔστωσαν,
1046 2299 1202 2366 φησι,
1286 2299 1378 2350 καὶ
1448 2297 1946 2367 οἱκονομείσθωσαν

389 2384 531 2438 κατά
562 2385 659 2456 τὴν
679 2386 940 2458 διαταγὴν
979 2390 1075 2442 καὶ⁵
1105 2391 1196 2444 τὸν
1222 2390 1392 2443 τύπον
1418 2389 1511 2444 τοῦ
1547 2386 1784 2461 μεγᾶλου
1843 2393 1949 2446 Βα-

389 2476 609 2544 σιλείου,
642 2478 737 2532 καὶ
783 2479 858 2550 μὴ
911 2479 1310 2535 διαιτάσθωσαν
1357 2482 1415 2532 ὲν
1473 2480 1553 2533 ἑνὶ
1594 2484 1946 2554 μοναστηρίῳ

369 2569 616 2641 ῖιοναχοὶ
631 2573 724 2627 καὶ
755 2575 1097 2646 μονάστριαι.
1125 2575 1313 2630 Atat-rat
1339 2577 1380 2629 δ’
1404 2577 1635 2630 ἐνταῦθα
1656 2579 1716 2630 ού
1744 2582 1802 2631 τὸ
1828 2596 1951 2633 συν-

388 2661 590 2718 εσθιειν
625 2665 761 2734 ὁμοῦ
801 2665 1064 2732 καλεῖται,
1109 2666 1267 2737 ἀλλίἠ
1300 2667 1417 2738 μετ’
1447 2668 1690 2739 ante,th
1739 2671 1950 2723 συνδια-

385 2754 540 2821 γωγὴ
567 2754 659 2805 καὶ
685 2754 1024 2825 ἀναστροφή.
1053 2755 1192 2824 Μηδ’
1218 2756 1489 2824 ἐχέτωσαν
1519 2757 1656 2826 πρὸς
1684 2756 1948 2841 ἀλλήλους

384 2845 700 2913 παρρησίαν
733 2846 964 2914 μοναχός
990 2851 1048 2898 τε
1071 2848 1164 2899 καὶ
1183 2848 1413 2917 μοναχῆ,
1433 2847 1572 2901 ὥστε
1595 2850 1830 2901 συνιέναι
1857 2850 1946 2902 ὅτε

381 2932 668 3001 βούλοιντο.
687 2936 780 2988 καὶ
812 2923 1058 3008 ἀλλήλοις
1074 2939 1440 3009 προσομιλεῖν,
1458 2940 1591 3010 μηδὲ
1616 2941 1946 3004 κοιταζέσθω

382 3025 614 3095 μοναχδς
636 3028 693 3078 ἐν
714 3029 1010 3098 γυναικείῳ
1054 3032 1419 3101 μοναστηριῳ,
1455 3032 1591 3104 μηδὲ
1626 3032 1946 3107 συνεσθιᾷτω

2049 539 2114 593 de
2144 539 2385 607 ipsorum
2427 540 2796 609 apocrisia’riis
2825 555 2877 595 et
2907 543 3135 612 reliquis
3167 545 3456 600 ministris.

2121 715 2374 774 ZONAR.
2425 721 2668 791 Duplicia
2707 723 2796 779 hic
2848 739 3024 779 canon
3081 728 3419 784 monasteria
3482 729 3596 786 tieri

2047 821 2216 867 vetat.
2250 811 2307 866 In
2338 812 2406 869 iis
2436 823 2615 870 autem
2641 831 2758 906 [non
2789 832 2913 873 cum
2951 819 3084 874 viris
3116 821 3281 875 simul
3329 821 3382 876 in
3409 823 3595 906 eodem

2047 902 2170 959 loco
2223 903 2448 961 feminte
2499 898 2809 976 degebant,
2861 912 2954 965 sed
3003 911 3076 966 ita
3141 898 3485 983 propinquo,
3521 931 3593 984 _nt
3678 959 3690 973 .

2047 1010 2210 1051 voces
2237 996 2423 1052 audire
2456 999 2793 1069 reddereque
2820 1002 3049 1056 invicem
3090 1008 3306 1074 utrique
3350 1020 3592 1076 possent.

2047 1087 2104 1141 ιιι
2156 1104 2309 1160 ergo,
2370 1090 2497 1159 quia
2549 1091 2806 1146 nimirum
2860 1109 2925 1149 ex
2985 1111 3050 1150 eo
3131 1098 3198 1152 ad
3239 1102 3596 1170 cogitationes

2047 1180 2239 1236 molles
2275 1195 2339 1234 ac
2371 1191 2604 1244 teneras,
2636 1192 2732 1238 aut
2757 1186 2823 1239 ad
2853 1187 2997 1255 ipsas
3029 1203 3246 1260 quoque
3276 1192 3596 1250 libidinosas

2047 1269 2384 1336 affectiones,
2418 1270 2656 1327 titillatio
2691 1275 2960 1332 exsistere
2986 1277 3141 1354 facile
3186 1293 3386 1348 posset,
3425 1284 3596 1340 offen-

2048 1359 2368 1432 sionemque
2395 1362 2584 1419 multis
2615 1363 2838 1421 atl‘erret
2872 1367 2963 1420 illa
3003 1370 3275 1436 vicinitas,
3309 1390 3428 1444 quae
3472 1391 3597 1447 spn-
3629 1425 3636 1432 ,

2047 1451 2183 1507 ciem
2231 1453 2286 1508 in
2356 1455 2546 1510 eodem
2609 1459 2763 1527 quasi
2798 1459 3091 1518 'domicilio
3146 1471 3594 1524 cammorantium

2046 1542 2286 1596 virorum
2324 1559 2389 1599 ac
2415 1545 2703 1601 mulierum
2732 1548 3032 1620 exh‘iberet,
3061 1552 3210 1606 nullo
3251 1557 3410 1610 modo
3436 1573 3597 1628 syno:

2047 1634 2150 1689 dus
2184 1634 2345 1690 licere
2375 1636 2640 1691 decernit.
2674 1639 2829 1704 Quod
2866 1641 2911 1694 si
2938 1641 3052 1708 qui,
3090 1641 3284 1711 inquit,
3319 1661 3423 1700 una
3471 1663 3593 1701 cum

2026 1725 2296 1795 cognatis
2355 1729 2562 1782 mundo
2611 1732 2922 1787 renuntiare
2967 1734 3210 1803 cupiant,
3246 1737 3348 1790 viri
3379 1740 3598 1806 quidem

2048 1818 2113 1872 ad
2145 1819 2407 1884 virorum,
2443 1822 2702 1878 mulieres
2753 1835 2932 1878 autem
3001 1827 3068 1880 ad
3115 1827 3435 1883 feminarum
3486 1848 3603 1884 mn-

2048 1911 2285 1966 nasteria
2315 1928 2372 1966 se
2392 1914 2696 1969 conferant.
2721 1915 2809 1970 Sic
2832 1918 2973 1972 enim
3004 1918 3116 1973 Deo
3139 1931 3416 1992 acceptum
3437 1924 3598 1994 327
3663 1939 3673 1950 '

2044 2013 2150 2068 est,
2183 2003 2292 2058 Deo
2317 2006 2400 2060 sic
2435 2008 2643 2077 accepti
2676 2010 2936 2073 servient,
2968 2012 3012 2066 si
3071 2014 3302 2081 sejunCti
3352 2014 3592 2072 ‘invicem

2047 2111 2112 2150 ac
2143 2096 2303 2168 divisi
2333 2099 2498 2152 vitam
2530 2109 2714 2170 agant,
2734 2118 2832 2157 nec
2861 2104 2996 2158 alter
3017 2086 3169 2161 alteri
3195 2109 3598 2167 incitamentum

2049 2190 2117 2242 ad
2167 2189 2475 2258 libidinem,
2537 2207 2715 2261 neque
2760 2195 3281 2255 aliisofl‘ensionem
3341 2205 3596 2272 praebeat.

2049 2280 2180 2347 Quae
2207 2291 2384 2337 autem
2418 2283 2654 2354 duplicia
2672 2290 3002 2342 monasteria
3025 2290 3135 2358 jam
3166 2288 3414 2348 instituta
3449 2308 3596 2355 sunt.

2047 2383 2325 2439 maneant,
2357 2374 2555 2444 inquit,
2587 2391 2650 2432 ac
2674 2377 2826 2446 juxta
2857 2383 3034 2450 magni
3106 2382 3289 2439 Basilii
3336 2389 3601 2442 constitu-

2046 2459 2264 2520 tionem
2291 2480 2649 2538 normamque
2678 2469 3158 2528 administrentur:
3195 2491 3371 2546 neque
3397 2479 3451 2534 in
3491 2497 3602 2534 ttttu

2045 2557 2380 2612 monasterio
2436 2562 2688 2615 monachi
2741 2562 2904 2618 simul
2961 2575 3016 2620 et
3068 2557 3344 2631 monachae
3385 2571 3602 2643 degant.

2043 2649 2236 2703 Δίαιτα
2283 2655 2516 2722 namque
2568 2652 2672 2708 hoc
2724 2654 2866 2722 loco,
2937 2673 3044 2712 non
3096 2661 3340 2730 ejusdem
3399 2681 3599 2720 mensae

2048 2742 2515 2807 communionem,
2550 2746 2644 2800 sed
2693 2749 2814 2800 vita:
2861 2758 3104 2804 mutuam
3150 2757 3595 2812 consuetudinem

2044 2831 2576 2905 familiaritatemque
2603 2838 2898 2908 significat.
2932 2839 3118 2912 Neque
3148 2859 3274 2900 vero
3304 2861 3367 2900 ea
3396 2863 3594 2905 concc-

2029 2925 2207 3002 ⁸ιίίιῑιιι·
2236 2925 2329 2979 ulli
2357 2927 2624 2984 monacho
2654 2930 2737 2984 vel
2769 2934 3048 2988 monachae
3086 2935 3325 3004 licentia,
3352 2947 3408 2994 ttt
3438 2940 3600 2997 simul

2045 3017 2282 3087 colloqui
2316 3027 2545 3089 uterque
2571 3023 2939 3093 congredique
2984 3041 3082 3095 pro
3113 3027 3340 3083 arbitrio
3375 3043 3602 3101 queant,

379 3118 690 3189 καταμόνας
717 3121 1208 3192 μοναζούσῃοἋλλὰ
1232 3123 1334 3176 κᾶν
1368 3127 1622 3195 χορηγεῖν
1663 3125 1853 3188 αὐταῖς
1875 3125 1943 3203 τὰ

2048 3125 2224 3179 neque
2255 3111 2308 3164 in
2338 3112 2589 3166 muliebri
2616 3117 2948 3171 monasterio
2970 3119 3270 3176 monachus
3298 3134 3601 3192 pernoctet,

379 3209 653 3276 ἀναγκαῖα
681 3211 925 3280 μέλλοιεν
947 3216 1008 3266 ἐκ
1030 3217 1128 3284 τῆς
1151 3213 1392 3286 ἀνδρῴας
1428 3215 1617 3286 μονῆς,
1639 3218 1712 3286 μὴ
1738 3216 1945 3270 εἰσίτω-

379 3316 484 3380 σιΞν
508 3305 728 3373 μοναχοὶ
751 3306 900 3372 ἐντὸς
929 3307 1022 3360 τοῦ
1047 3309 1354 3375 γυναικείου
1387 3309 1781 3380 μονσιστηρίου⁹
1807 3309 1940 3364 ἀλλὰ

384 3359 552 3462 μὶχρι
587 3359 685 3464 τῆξ
741 3359 914 3469 πύλης
950 3359 1202 3463 exeam;
1230 3359 1697 3472 tangant;
1742 3401 1867 3468 ἔξω,
1904 3403 1936 3471 ὴ

375 3481 435 3537 δὲ
462 3488 777 3553 προεστῶσα
830 3492 977 3561 ’μετὰ
1002 3493 1249 3563 γηραιῶν
1305 3489 1648 3564 μοναζουσῶν
1709 3492 1936 3546 ἐλθοῦσα

377 3577 520 3645 πρὸς
543 3579 644 3649 τὴν
675 3579 847 3649 πύλην
887 3584 1215 3653 λαμϐανέτω
1267 3586 1338 3638 τὰ
1396 3587 1743 3656 κομισθέντα.
1768 3586 1829 3637 Ei
1879 3584 1936 3637 δὲ

373 3668 478 3721 καὶ
511 3672 748 3741 συγγενῆ
791 3673 1001 3728 οἰκείαν
1055 3676 1182 3730 ἰδεῖν
1221 3678 1376 3748 ζητεῖ
1424 3680 1674 3748 μοναχὸς,
1728 3676 1938 3747 παρού-

373 3775 482 3827 σης
512 3759 611 3828 τῆς
643 3763 950 3833 ἡγουμένης
973 3764 1260 3818 θεασάσθω
1295 3764 1497 3835 αὐτὴν,
1525 3765 1618 3818 καὶ
1651 3779 1942 3838 προσομι-

372 3851 538 3905 Αείτω
563 3853 630 3906 δι’
651 3854 844 3922 ὀλίγων
877 3855 1069 3924 λόγων,
1100 3856 1245 3909 ὥστε
1283 3856 1489 3926 ταχέως
1523 3856 1845 3926 ὑποχωρεῖν.

259 3973 265 3990 .-
371 3960 499 4014 quae
521 3944 820 4000 afferuntur
868 3947 1115 4015 accipiat.
1158 3949 1214 4000 Si
1266 3949 1390 4017 quis
1445 3962 1571 4002 vero
1614 3946 1774 4001 etiam
1839 3945 2120 4013 cognatam
2193 3938 2371 3992 visere
2452 3943 2751 4000 monachus
2825 3944 3045 4014 cupiat,

2048 3217 2222 3268 neque
2251 3216 2498 3258 seorsum
2529 3219 2652 3259 cum
2689 3208 3124 3280 monialialiqua
3170 3213 3348 3288 cibum
3400 3216 3598 3286 capiat.

2046 3291 2248 3348 Verum
2296 3295 2509 3350 etiamsi
2565 3298 2890 3370 quandoque
2931 3302 2996 3356 ad
3048 3305 3244 3359 victum
3293 3310 3598 3364 necessaria
3679 3305 3681 3310 “

2044 3400 2110 3441 ex
2166 3386 2408 3441 virorum
2481 3391 2815 3444 monasterio
2879 3393 3210 3452 monialibus
3268 3400 3598 3468 suppeditari

2055 3480 2370 3550 contingat,
2442 3495 2789 3552 nequaquam
2871 3485 3009 3540 intra
3068 3499 3217 3558 septa
3287 3495 3597 3548 monasterii

2046 3571 2331 3626 muliebris
2364 3573 2616 3627 monachi
2653 3575 3026 3644 ingrediantur
3055 3597 3070 3634 :
3117 3581 3212 3634 sed
3252 3575 3340 3636 ubi
3373 3586 3439 3638 ad
3473 3600 3600 3654 por.

2051 3671 2159 3717 tam
2191 3666 2556 3732 pervenerint,
2587 3680 2738 3720 extra
2779 3667 2924 3724 fores
2961 3673 3295 3740 consistant;
3348 3676 3596 3744 praefecta

2047 3767 2178 3806 vero
2255 3765 2483 3821 earum,
2537 3771 2658 3824 quae
2743 3767 2898 3814 aetate
2973 3765 3338 3830 provectiores
3421 3780 3594 3833 sunt,

2046 3845 2362 3899 monialium
2413 3849 2672 3903 comitatu
2720 3859 2892 3919 septa,
2944 3865 3112 3921 porta:
3159 3860 3596 3933 appropinquans

3136 3959 3398 4016 prasente
3484 3971 3594 4011 uto-

355 4023 603 4092 ~t‘tasterii
663 4036 911 4105 pratfecta
976 4038 1030 4092 id
1097 4038 1280 4103 faciat,
1344 4041 1602 4109 brevique
1654 4037 1928 4106 colloquio
1969 4043 2102 4086 usus
2129 4029 2550 4099 quamprimum
2580 4038 2818 4087 recedat.

371 4129 598 4183 ΔΡΙΣΤ.
657 4148 676 4181 ι
720 4130 809 4200 Μὴ
856 4131 970 4200 ἢτω
1023 4130 1188 4183 διπλᾶ
1230 4131 1578 4201 μοναστήρια,
1628 4129 1759 4199 μηδὲ
1792 4129 1929 4180 διαι-

457 4239 476 4272 ι
522 4221 807 4276 τάσθωσαν
851 4222 909 4274 ὲν
969 4220 1120 4288 αύτῷ
1173 4221 1396 4290 μοναχοῖ
1442 4223 1537 4274 καὶ
1584 4220 1927 4290 μονὰστριαι,

455 4331 476 4362 ι
521 4313 659 4384 μηδὲ
697 4311 1008 4380 καταμόνας
1035 4311 1412 4380 δμιλείτωσαν·
1458 4309 1590 4364 ἀλλὰ
1643 4311 1738 4364 καῖ
1789 4311 1841 4362 εἴ
1876 4326 1929 4362 τι

2033 4119 2258 4178 ARIST.
2315 4139 2334 4173 ι
2397 4119 2638 4190 Duplicia
2703 4140 2770 4179 ne
2816 4125 2945 4179 fiant
2986 4130 3356 4197 monasteria,
3419 4150 3594 4206 neque

2110 4235 2128 4266 ι
2167 4214 2414 4269 monachi
2444 4223 2498 4268 et
2519 4216 2795 4272 monachae
2821 4219 2872 4272 in
2901 4219 3088 4275 eodem
3120 4223 3450 4291 cobabitent,
3496 4246 3588 4284 ne-

2109 4326 2128 4359 ι
2159 4322 2266 4375 que
2295 4306 2522 4361 seorsim
2554 4310 2976 4365 confabulemur
3010 4329 3026 4366 :
3071 4315 3367 4384 quinetiam
3411 4320 3593 4390 siquid

456 4423 475 4457 ι
519 4403 824 4473 διακομίσει
865 4400 1002 4472 ἀνὴρ
1052 4404 1330 4472 κανονικῇ,
1376 4401 1480 4466 ἔξω
1523 4401 1696 4471 μένων
1722 4399 1928 4464 διδότω,

2103 4417 2123 4450 ι
2161 4399 2240 4452 vir
2273 4398 2483 4454 femina
2508 4400 2742 4470 regulari
2767 4405 3007 4457 attulerit
3033 4445 3048 4468 ,
3099 4417 3250 4460 extra
3301 4409 3446 4466 fores
3493 4431 3592 4468 ex:

457 4515 476 4548 ι
525 4495 618 4547 καὶ
646 4495 743 4564 τὴν
770 4493 1004 4562 συγγενῆ
1033 4492 1135 4546 ὑπὸ
1177 4493 1475 4564 παρουσίας
1499 4493 1598 4563 τῆς
1627 4491 1932 4562 ἡγουμένης
1957 4491 2020 4562 “’,

457 4607 473 4640 ι
519 4586 750 4640 θεάσθω.
801 4604 819 4636 ι
1584 4625 1586 4627 -
1777 4613 1784 4617 -

455 4680 641 4732 Πᾶσαν
692 4676 991 4745 ἀσφάλειαν
1035 4676 1218 4730 ἔθεντο
1239 4677 1287 4728 oi
1320 4676 1579 4746 Πατέρες,
1610 4678 1698 4731 ἵνα
1748 4677 1823 4747 μὴ
1859 4678 1928 4748 τῇ

369 4770 644 4842 μοναδικῇ
705 4768 948 4840 πολιτείᾳ
1004 4768 1194 4839 μῶμός
1243 4783 1348 4835 ετις
1407 4767 1772 4840 ἔπιτρίόηται,
1837 4769 1930 4822 καὶ

364 4863 720 4933 προσέταξαν
767 4861 841 4930 μὴ
895 4863 952 4913 ὲν
979 4861 1163 4930 ταυτῴ
1207 4859 1506 4913 συνεσθίειν
1550 4862 1815 4930 μοναχοὺς
1838 4861 1934 4913 καὶ

367 4955 735 5028 μοναστρίας,
769 4953 901 5022 μηδὲ
935 4951 1070 5022 ’πρὸς
1097 4951 1362 5020 ἀλλήλους
1386 4949 1595 5018 ὁμιλεῖν
1622 4949 1743 5002 κατ’
1771 4950 1927 5004 ἰδίαν·

359 5046 513 5101 ἀλλὰ
546 5046 645 5097 κᾶν
678 5044 912 5111 συγγενῆ
962 5058 1082 5094 τινα
1137 5041 1269 5110 θέλῃ
1321 5040 1617 5092 θεάσασθαι
1677 5041 1928 5108 μοναχὸς,

360 5134 778 5207 παρουσίᾳ.τῆς
807 5133 1111 5203 ἡγουμένης
1142 5133 1311 5200 ταύτῃ
1339 5118 1709 5201 προσομιλεῖν.
1747 5129 1852 5181 Καὶ
1881 5129 1935 5183 εἴ

350 5249 419 5283 τι
454 5228 562 5283 τῶν
594 5225 902 5291 αναγκαίων
931 5224 1022 5276 τοῦ
1054 5222 1170 5292 βίου
1202 5223 1310 5274 ἀπὸ
1340 5219 1434 5273 τοῦ
1485 5217 1724 5289 ἁνδρῴου
1760 5237 1929 5289 μοντιι.⁴

331 5320 599 5388 ,στηρίου
623 5314 915 5385 διακομεσῃ
949 5313 1083 5381 πρὸς
1113 5313 1208 5373 τὰς
1246 5309 1589 5380 μοναςούσας
1617 5312 1644 5361 ὁ
1673 5311 1926 5378 μοναχὸς,

353 5410 480 5474 ἔξω
506 5407 603 5476 τῆς
631 5404 796 5474 μονῆς
827 5403 1036 5456 ἑστῶτα
1065 5402 1258 5454 διδόναι
1289 5399 1444 5451 τοῦτο
1468 5403 1532 5469 τῇ
1561 5400 1857 5470 ἡγουμένῃ.

973 5493 1211 5548 ΚἉΝΩΝ
1251 5493 1379 5545 KA'.

367 5609 392 5643 ε
446 5592 522 5644 οὐ
548 5590 630 5642 δεῖ
661 5589 893 5660 μοναχὸν
922 5587 954 5658 ἢ
990 5586 1316 5656 μονάστριαν
1349 5584 1784 5654 καταλιμπάνειν
1831 5587 1928 5657 τὴν

455 5703 473 5733 ‹
515 5683 719 5737 οἰκείαν
765 5683 948 5751 μονὴν,
997 5682 1087 5732 καὶ
1119 5682 1196 5740 εις
1253 5679 1444 5749 ἑτέραν
1487 5680 1850 5749 ἀπέρχεσθαι·
1881 5685 1928 5734 εἰ

459 5794 478 5824 (
519 5777 571 5831 δὲ
603 5777 782 5843 συμδῆ
805 5772 986 5839 τοῦτο,
1012 5771 1395 5840 ξενοδοχεῖσθαι
1422 5771 1581 5825 αὑτὸν
1607 5775 1928 5842 ἀναγκαῖαν,

2116 4511 2136 4542 ι
2177 4502 2452 4559 spectans,
2486 4491 2679 4555 tradat,
2707 4501 2760 4548 et
2790 4504 3070 4563 cognatam
3090 4498 3144 4552 in
3170 4500 3432 4568 praelecta:
3455 4519 3592 4572 pra»:

2115 4601 2135 4633 ι
2171 4584 2342 4638 sentia
2382 4583 2542 4640 visat.
2581 4603 2599 4636 ι

2104 4673 2328 4728 Omnem
2357 4691 2557 4730 curam'
2580 4677 2942 4732 adhibuerunt
2970 4678 3159 4756 Patres
3191 4687 3204 4744 .'
3237 4700 3304 4739 ne
3327 4699 3584 4756 probrum

2037 4765 2254 4833 aliquod
2281 4766 2403 4820 vitae
2431 4769 2745 4824 monasticae
2765 4751 3158 4837 inferretur,‘et
3183 4751 3506 4834 mandarunt
3536 4783 3586 4834 in

2035 4857 2221 4912 eodem
2273 4859 2604 4913 monasterio
2660 4867 2956 4918 monachos
3030 4876 3084 4919 et
3140 4871 3434 4923 monachas
3481 4886 3587 4924 non

2035 4946 2306 5012 convesei,
2334 4961 2436 5002 nec
2465 4947 2604 5003 inter
2636 4964 2695 5004 se
2715 4954 2886 5006 seorsi
2970 4956 3307 5012 confabulari
3339 5001 3354 5022 ,
3394 4961 3486 5012 sed
3535 4969 3590 5012 ct

2034 5038 2080 5093 si
2130 5048 2414 5107 cognatam
2464 5039 2698 5108 aliquam
2755 5044 2901 5112 aspic
2959 5061 2998 5099 'e
3047 5049 3198 5116 cupit
3250 5049 3589 5113 monachus,

2034 5131 2313 5199 praesentia
2343 5132 2605 5200 prtefectae
2638 5148 2760 5187 cum
2807 5151 2868 5189 ea
2922 5139 3178 5206 colloqui.
3234 5137 3295 5192 Et
3353 5141 3398 5192 si
3459 5141 3587 5207 quid

2033 5211 2245 5288 eorum,
2280 5237 2399 5291 quae
2432 5223 2552 5278 vitae
2583 5236 2712 5279 sunt
2751 5227 3087 5291 necessaria,
3136 5242 3164 5280 a
3207 5228 3442 5280 virorum
3471 5245 3586 5280 mo-

2034 5317 2272 5368 nasterio
2329 5314 2394 5368 ad
2451 5319 2742 5372 monachus
2801 5320 3192 5389 transportabit
3245 5321 3588 5390 monachus,

2034 5416 2187 5461 extra
2216 5405 2550 5462 mansionem
2589 5418 2742 5463 stans
2780 5409 2909 5461 illttd
2942 5409 3208 5478 praefecti!)
3242 5411 3438 5466 tradat.

2343 5563 2347 5567 ,
2591 5500 2818 5556 canon
2858 5500 2998 5558 XXI.

2012 5610 2058 5648 ,ι
2094 5589 2210 5644 Non
2242 5600 2453 5660 oportet
2483 5591 2807 5646 monachum
2842 5592 2922 5648 vel
2949 5596 3266 5648 monacham
3303 5610 3580 5666 proprium

2109 5703 2128 5736 ι
2167 5685 2467 5755 relinquere
2488 5685 2892 5754 monasterium,
2921 5695 2975 5740 et
2991 5686 3056 5740 ad
3078 5687 3220 5740 aliud
3239 5701 3298 5742 se
3319 5692 3584 5745 conterre:

2115 5799 2132 5830 ‹
2171 5780 2213 5835 si
2239 5779 2341 5835 hoc
2367 5789 2546 5835 autent
2579 5779 2889 5848 contigerit,
2927 5780 3100 5840 ipsum
3143 5781 3374 5843 hospitio
3411 5783 3582 5852 excipi
