4074 6214
521 266 624 332 995

599 401 616 433 ι
649 388 734 436 est
765 379 1169 442 necessarium;
1212 376 1306 432 sed
1329 379 1465 435 .sine
1511 376 1701 430 notitia
1745 371 2054 428 monasterii
2089 377 2135 432 Α

597 491 615 525 ι
654 473 893 544 praefecti
923 487 1044 524 eum
1077 470 1240 539 recipi
1273 484 1378 523 non
1408 469 1681 523 convenit.
1718 485 1736 518 ι

594 585 785 639 BALS.
848 583 1139 652 Postquam
1189 582 1458 651 pollicitus
1501 582 1572 636 sit
1629 581 1826 650 aliquis
1861 589 1914 634 et
1961 579 2068 634 Deo

519 680 794 752 professus
826 694 884 732 se
913 679 966 731 in
998 676 1421 742 Inonasterio,.in
1453 691 1558 745 quo
1579 683 1768 730 tonsus
1789 685 1893 740 est,
1920 690 2070 729 nian-

488 780 497 790 '
522 789 740 835 surum,
777 769 1047 839 quomodo
1067 769 1116 824 ei
1147 769 1484 839 permittetur
1507 783 1660 822 suam
1682 768 2064 837 professionem

523 851 794 918 infirmare
818 901 833 926 ,
882 871 932 916 et
966 863 1018 914 in
1065 855 1210 914 aliud
1242 863 1628 915 monasterium
1657 861 1842 914 abire?
1871 859 2068 914 Statuit

519 971 645 1026 ergo
670 970 870 1018 canon,
895 969 960 1007 ne
986 955 1285 1007 monachos
1313 953 1394 1006 vel
1420 953 1678 1006 monacha
1699 968 1765 1006 ex
1819 967 1918 1006 suo
1961 967 2072 1006 mo-

522 1050 759 1102 nasterio
795 1047 1098 1100 inordinate
1128 1046 1386 1110 recedat,
1430 1055 1484 1098 et
1525 1045 1576 1098 in
1619 1044 1761 1099 aliud
1805 1056 2073 1100 monaste-

522 1142 658 1192 rium
689 1156 744 1194 se
775 1139 1036 1202 conferat,
1058 1148 1110 1192 ut
1143 1139 1195 1191 in
1229 1155 1292 1192 eo
1317 1138 1631 1191 collocetur.
1671 1138 1726 1190 Si
1762 1139 1861 1191 hoc
1888 1147 2068 1192 autem

523 1242 742 1299 propter
775 1232 1029 1300 pusillum
1065 1240 1116 1285 et
1137 1231 1404 1298 abjectum
1436 1232 1675 1284 animum
1713 1245 1852 1299 saepe
1884 1231 1996 1295 fiat,
2027 1231 2072 1284 is

521 1328 678 1397 nemo
707 1342 770 1380 eo
799 1327 891 1393 qui
927 1335 1126 1395 praeest
1169 1325 1502 1393 recipiatur,
1557 1326 1676 1378 sine
1727 1327 1952 1379 scientia
2011 1341 2075 1380 ac

521 1419 713 1472 notitia
740 1418 880 1486 ejus,
909 1419 1000 1488 qui
1025 1418 1169 1473 illius
1197 1432 1380 1471 curam
1408 1418 1571 1486 gerit,
1604 1418 1913 1472 monasterii
1939 1433 2073 1487 prae-

523 1507 644 1561 fecti
676 1549 691 1570 ,
743 1510 949 1563 scilicet
1007 1513 1123 1563 sine
1144 1509 1449 1561 dimissoria
1507 1508 1624 1575 ejus
1677 1508 1901 1576 episrola
1933 1525 1950 1562 :
1981 1509 2071 1561 sed

522 1589 695 1654 solum
753 1601 985 1668 hospitio
1008 1601 1343 1668 excipiatur,
1381 1617 1446 1654 ne
1494 1600 1560 1654 ad
1607 1600 1886 1654 saecularia
1928 1600 2076 1653 abire

523 1701 748 1759 rogatur
795 1702 849 1747 et
879 1707 1000 1746 cum
1038 1692 1185 1747 laicis
1214 1697 1378 1744 vitam
1413 1706 1590 1760 agere.
1627 1691 1794 1745 Porro
1846 1686 2075 1761 magnus

526 1783 759 1838 Basilius
789 1785 842 1838 in
873 1785 988 1840 suis
1020 1785 1270 1839 asceticis
1302 1786 1568 1851 capitibus
1603 1785 1792 1838 statuit
1819 1823 1833 1846 ,
1867 1791 1924 1836 ut
1955 1799 2075 1836 mo-

526 1873 754 1936 nachus,
786 1873 879 1942 qui
909 1873 1093 1926 animo
1121 1872 1412 1926 ollenditur
1435 1912 1449 1934 ,
1481 1873 1700 1926 recedat
1753 1874 1817 1926 ab
1870 1889 1968 1937 eo,
2024 1874 2076 1927 in

523 1979 629 2030 quo
655 1973 843 2018 tonsus
875 1974 980 2030 est,
1012 1965 1342 2018 monasterio
1373 1982 1386 2017 :
1418 1972 1471 2018 et
1518 1965 1621 2017 hoe
1678 1964 1874 2028 faciat,
1933 1974 2082 2034 post-

524 2071 685 2124 quam
709 2056 1020 2111 monasterii
1045 2057 1295 2123 prtefecto
1318 2056 1549 2112 insemel
1572 2066 1622 2110 et
1646 2059 1837 2110 iterum
1861 2057 2074 2118 dixerit,

522 2159 577 2201 et
603 2148 761 2200 etiam
795 2148 1094 2212 monachis,
1119 2164 1218 2202 nec
1250 2150 1450 2201 malum
1485 2150 1796 2218 corrigitur.
1852 2148 2076 2217 Hospitii

525 2250 706 2293 autem
735 2240 952 2294 nomine
981 2254 1046 2293 ne
1079 2239 1230 2293 dicas
1267 2241 1585 2293 monachum
1614 2281 1628 2303 ,
1658 2241 1750 2308 qui
1805 2241 1927 2293 alibi
1958 2247 2079 2293 ton-

529 2347 624 2384 sus
653 2341 757 2394 est,
780 2331 866 2384 diu
901 2331 1099 2385 debere
1126 2331 1332 2385 versari
1388 2333 1440 2384 in
1495 2332 1668 2385 alieno
1712 2335 2077 2398 monasterio;

528 2422 628 2474 hac
661 2424 802 2474 enim
833 2423 1041 2475 ratione
1071 2423 1127 2474 fit
1159 2421 1302 2476 fraus
1330 2423 1524 2475 canoni
1553 2439 1570 2480 :
1596 2422 1686 2476 sed
1738 2424 1923 2491 paucis
1965 2424 2082 2475 die-

529 2515 648 2567 bus.
687 2514 760 2567 Ne
793 2514 1004 2568 mireris
1033 2523 1212 2568 autem
1244 2553 1258 2577 ,
1313 2515 1587 2581 quomodo
1639 2531 1666 2566 a
1720 2531 1926 2577 canone
1975 2532 2080 2569 non

528 2605 748 2667 punitur
781 2605 844 2666 is,
877 2604 967 2671 qui
1005 2620 1128 2656 eum
1164 2605 1576 2673 transgreditur.
1605 2603 1744 2674 Lege
1769 2618 1824 2658 ct
1869 2605 1934 2658 80
1961 2623 2079 2660 ean.

529 2712 652 2766 syn.
687 2695 899 2760 Cartli.,
931 2706 982 2749 et
1011 2697 1150 2750 scies
1172 2697 1440 2764 quomodo
1470 2698 1786 2766 puniuntur,
1829 2700 1917 2766 qui
1955 2699 2080 2753 alibi

529 2789 673 2843 tonsi
705 2797 851 2850 sunt,
885 2797 939 2842 et
965 2789 1055 2857 qui
1083 2804 1176 2844 eos
1210 2789 1517 2859 suscipiunt

1757 255 1857 313 ΤΗ
1866 254 2036 314 1301)..
2068 252 2159 310 ΒΛ
2169 247 2465 310 LSAMON
3409 249 3424 271 ‘

3607 240 3716 301 996

2236 382 2254 414 ι
2303 343 2814 433 προσλαμϐάνεσθαι
2845 358 2897 410 δὲ
2927 357 3056 408 (ii/eu
3101 341 3323 424 γνώμης
3354 353 3446 407 τοῦ
3471 353 3718 422 ἡγουμέ-

2239 474 2257 507 ι
2301 473 2392 508 νου
2425 454 2586 508 αὐτοῦ
2614 453 2674 504 οὐ
2705 452 2984 520 προσήκει.
3035 466 3052 498 ι
3484 517 3487 521 ι

2235 566 2432 618 ΒΑΛΣ.
2468 562 2622 617 Μετά
2652 562 2713 614 τὸ
2743 559 2925 614 δοῦναί
2957 575 3077 612 τινα
3104 557 3377 627 συνθήκας
3403 556 3498 610 καὶ
3525 556 3725 624 ὁμολο-

2168 660 2291 729 γίας
2324 660 2401 712 είς
2453 657 2583 709 Θεὸν
2618 655 2774 724 χάριν
2806 653 2895 706 τοῦ
2931 651 3254 720 προσμένειν
3289 652 3346 702 ὲν
3400 645 3723 723 ᾖάπεκάρη

2172 753 2328 820 μονῇ,
2359 750 2476 812 πῶς
2525 744 3053 817 παραχωρηθήσεται
3083 741 3180 811 τὴν
3219 741 3429 794 οἰκείαν
3458 740 3727 810 ἀθετῆσαι

2169 842 2474 910 ὁμολογίαν,
2521 841 2613 892 καὶ
2647 841 2724 900 είς
2773 839 2968 906 ἑτέραν
3002 834 3254 887 ἀπελθεῖν
3310 835 3515 905 μονήν;
3545 835 3729 901 Διορίς

2171 934 2321 997 ζεται
2354 928 2444 985 οὖν
2484 931 2512 982 ὁ
2541 930 2717 983 κανὼν
2753 931 2887 999 μήτε
2933 927 3164 996 μοναχὸν
3211 927 3348 996 μήτε
3392 928 3726 996 μονάστριαν

2171 1025 2520 1086 ἀσυντάκτως
2554 1022 2853 1091 ἀναχωρεῖν
2900 1021 3007 1072 ἀπὸ
3039 1020 3137 1087 τῆς
3176 1019 3382 1081 οἰκείας
3413 1013 3602 1087 μονῆς.
3631 1019 3727 1070 καὶ

2171 1119 2251 1180 εἰς
2273 1117 2460 1186 ἕτερον
2485 1114 2813 1183 ἀπέρχεσθαι
2847 1113 3206 1180 μοναστήριον
3233 1109 3393 1180 χάριν
3432 1109 3528 1161 τοῦ
3557 1127 3728 1162 κατα·

2172 1210 2401 1278 ταγῆναι
2432 1209 2488 1258 ἐν
2520 1204 2684 1274 αὐτῷ.
2719 1204 2778 1255 ΕΞ
2808 1203 2862 1256 δὲ
2908 1202 3165 1262 πολλάκις
3219 1201 3306 1254 ea
3355 1201 3728 1270 μικροψυχίαν

2173 1295 2396 1363 γένηται
2446 1291 2621 1356 τοῦτο,
2672 1291 2746 1360 μὴ
2805 1289 3318 1360 προσλαμϐάνεσθαι
3362 1290 3524 1343 αὑτὸν
3576 1296 3728 1359 ποιρά

2173 1385 2265 1436 τοῦ
2315 1383 2654 1453 προεστῶτος
2700 1383 2828 1435 ἄνευ
2881 1382 3134 1450 εἰδήσεως
3187 1382 3281 1434 τοῦ
3329 1384 3726 1452 κουρεὺσαντος

2175 1473 2335 1526 αὐτὸν
2365 1474 2685 1543 ἡγουμένου,
2729 1470 2968 1541 δηλονότι
3018 1470 3185 1540 χωρὶς
3228 1471 3559 1545 ἀπολυτικῆς
3593 1488 3731 1540 γρα-

2177 1566 2284 1632 φῆς
2313 1563 2497 1616 αὐτοῦ·
2545 1562 2680 1615 ἀλλὰ
2729 1561 2885 1628 μόνον
2915 1560 3301 1631 ξενοδοχεῖσθαι
3323 1579 3336 1592 ’
3367 1562 3452 1614 ἵνα
3504 1561 3579 1631 μὴ
3612 1562 3731 1631 βια-

2179 1658 2275 1723 σθῇ
2304 1657 2383 1717 είς
2411 1657 2645 1724 κοσμικέι
2673 1656 2909 1716 ἀπιέναι,
2939 1655 3031 1706 καὶ
3073 1654 3280 1718 διάγειν
3312 1657 3450 1722 μετά
3498 1655 3726 1708 λαῑκών.

2108 1712 2147 1766 Β
2188 1745 2246 1798 ’0
2285 1747 2462 1814 μέντοι
2494 1745 2663 1813 μέγας
2684 1743 2958 1808 Βασίλειος
2983 1747 3039 1796 ὲν
3069 1747 3180 1807 τοῖς
3207 1748 3518 1814 ἀσκητικοῖς
3551 1747 3720 1798 αὐτοῦ

2178 1819 2486 1904 κεφαλαίοις
2507 1836 2797 1899 διορίζεται
2826 1838 2916 1887 τὸν
2950 1837 3198 1906 μοναχὸν,
3225 1837 3593 1906 βλαπτόμενον
3619 1839 3728 1907 ψυ-

2177 1929 2362 1997 χικῶς,
2395 1929 2689 1996 ἀναχωρεῖν
2720 1927 2810 1994 ἀφ’
2841 1922 2908 1998 ἦς
2938 1930 3184 1998 ἀπεκάρη
3215 1930 3402 1998 μονῆς·
3433 1931 3526 1983 καὶ
3562 1931 3723 1984 τοῦτο

2179 2019 2233 2071 δὲ
2267 2020 2438 2071 ποιεῖν
2473 2019 2610 2089 μετὰ
2638 2018 2696 2071 τὸ
2740 2021 2912 2072 εἰπεῖν
2955 2019 3048 2072 καὶ
3091 2019 3229 2084 ἀπαξ
3262 2024 3353 2074 καὶ
3385 2021 3464 2084 δὶς
3491 2023 3561 2075 τά
3589 2024 3724 2093 περὶ

2179 2112 2364 2165 τούτου
2401 2113 2535 2180 πρὸς
2565 2112 2654 2166 τὸν
2704 2114 3116 2184 καθηγούμενον
3143 2117 3383 2178 καὶτοὺς
3431 2119 3725 2186 μοναχοῦς,

2180 2197 2272 2258 καὶ
2305 2205 2378 2274 μὴ
2412 2205 2764 2276 διορθωθῆναι
2809 2207 2868 2259 τὸ
2911 2209 3100 2262 κακόν.
3144 2209 3233 2277 Τῷ
3279 2209 3503 2279 ὀνόματι
3548 2210 3605 2263 δὲ
3634 2212 3733 2279 τῆς

2182 2296 2480 2365 ξενοδοχίας
2531 2297 2604 2367 μὴ
2633 2296 2792 2369 εἴπῃς
2825 2299 2915 2352 ἐπὶ
2963 2299 3130 2352 πολὺν
3154 2301 3342 2372 καιρὸν
3371 2302 3463 2354 τὸν
3492 2301 3736 2367 ξενοκου·

2183 2390 2335 2459 ρίτην
2373 2388 2601 2460 μοναχὸν
2641 2379 2848 2458 διάγειν
2882 2393 2963 2454 εἰς
3010 2392 3297 2463 ἀλλοτρίαν
3347 2394 3535 2464 μονὴν,
3584 2396 3766 2458 τοῦτο,

2180 2479 2288 2549 γὰρ
2317 2481 2409 2532 καὶ
2437 2482 2750 2551 περιγραφὴ
2779 2482 2871 2535 τοῦ
2903 2485 3120 2548 κανόνος
3148 2487 3315 2559 ἐστίν·
3342 2485 3460 2540 ἀλλ’
3483 2489 3570 2555 ἐφ’
3595 2491 3731 2558 ήμέ-

2186 2565 2306 2641 ραις
2337 2573 2605 2642 μετρίαις.
2651 2575 2740 2644 Μὴ
2771 2575 3058 2647 θαυμάσῃς
3103 2577 3158 2629 δὲ
3188 2579 3304 2640 πῶς
3338 2580 3398 2631 οὐ
3448 2581 3728 2645 κολάζεται

2184 2663 2331 2732 παρὰ
2358 2664 2450 2717 τοῦ
2483 2666 2698 2726 κανόνος
2734 2668 2761 2718 ὁ
2791 2668 3111 2738 παραϐάτης
3146 2669 3362 2725 τούτου.
3399 2671 3726 2738 Ἀνάγνωσον

2184 2758 2410 2808 καὶτὸν·
2432 2762 2482 2806 π’
2537 2758 2734 2809 κανόνα
2786 2759 2879 2827 τῆς
2911 2763 2967 2811 ἐν
2999 2755 3327 2834 Καρθαγένῃ
3365 2764 3592 2828 συνόδου,
3632 2767 3724 2817 καὶ

2187 2847 2362 2919 μάθῃς
2396 2849 2542 2911 ὅπως
2565 2851 2612 2901 οἱ
2645 2849 3013 2934 ξενοκουρῖται
3055 2855 3393 2922 κολάζονται,
3417 2856 3502 2910 καὶ
3527 2859 3574 2908 οἱ
3600 2856 3738 2910 τοὺ-·

2183 2958 2304 3003 τους
2334 2940 2625 3010 δεχῦμενοι.

580 3058 764 3147 ‘32s
793 3074 1041 3132 ZONAR.
1071 3076 1386 3141 Monaclios,
1422 3092 1528 3162 quo
1561 3077 1678 3130 luco
1728 3077 1963 3147 primum
1998 3096 2082 3132 re-

2257 3056 2499 3112 ΖΩΝΑΡ.
2552 3059 2691 3122 Τοὺς
2755 3063 3042 3132 μοναχοὺς,
3096 3062 3222 3117 ἔνθα
3269 3067 3605 3132 ἀπετάξαντο
3655 3071 3734 3138 τῷ

533 3167 635 3222 lius
663 3168 913 3221 humanis
941 3182 970 3219 a
1009 3183 1066 3222 se
1120 3168 1436 3234 alijtttlicatis
1486 3167 1796 3221 monasticae
1839 3169 1959 3221 vitae
2005 3169 2087 3220 in-

534 3261 782 3313 stitutum
813 3259 1040 3327 amplexi
1070 3269 1214 3321 sunt,
1250 3259 1303 3310 in
1341 3274 1405 3310 eo
1443 3273 1658 3312 manere
1685 3299 1699 3324 ,
1765 3275 1867 3314 nec
1923 3262 2082 3314 ali-am
2134 3333 2143 3342 .

533 3350 635 3404 sibi
671 3349 957 3405 stationem
1009 3365 1252 3417 qumrere
1305 3359 1537 3414 oportet.
1576 3349 1727 3412 Ouod
1779 3352 1824 3410 si
1872 3352 1994 3420 quis
2032 3353 2082 3404 in

535 3445 762 3495 alterunt
799 3443 1181 3495 monasterium
1220 3481 1234 3505 ,
1270 3442 1459 3496 relicto
1511 3442 1726 3511 priore,
1783 3443 1901 3497 dem
1929 3453 2084 3512 gret;

537 3533 770 3601 hospitio
801 3533 1004 3586 scilicet
1048 3532 1318 3586 hominem
1370 3532 1542 3600 excipi
1593 3547 1810 3587 necesse
1843 3524 1972 3597 est,
2022 3549 2088 3586 ne

491 3607 495 3610 l
537 3600 759 3694 profana
787 3624 1081 3678 diversoria
1112 3622 1342 3686 ingredi,
1375 3633 1428 3676 et
1459 3628 1580 3676 cuni
1638 3625 1704 3678 iis
1731 3667 1745 3692 ,
1800 3627 1892 3694 qui
1941 3627 2094 3684 nulla

539 3714 605 3765 ad
636 3693 859 3776 honeste
880 3715 1164 3768 vivendum
1190 3713 1469 3782 disciplina
1499 3714 1747 3786 instructi
1777 3724 1903 3769 sunt
1923 3718 2086 3769 vitam

535 3820 695 3872 agere
721 3815 944 3873 cogatur
977 3823 990 3859 :
1025 3806 1218 3861 ascribi
1273 3821 1397 3859 vero
1421 3805 1634 3868 ordini,
1669 3815 1722 3860 et
1777 3806 1827 3858 in
1860 3806 2084 3862 fratrum

540 3911 822 3949 numerum
858 3897 1072 3961 referri,
1111 3898 1214 3952 nisi
1247 3899 1366 3966 ejus
1417 3899 1557 3951 unde
1598 3898 1850 3953 discessit
1903 3915 2088 3954 mona-

536 3989 685 4042 s*erii
713 3988 965 4057 prmfccto
990 4002 1286 4048 annuente.
1316 4008 1422 4046 non
1450 3993 1596 4045 licet.
1631 3995 1805 4060 Atque
1843 3993 1932 4046 hic
1959 3994 2088 4061 qui-

535 4079 656 4132 dem
695 4070 869 4132 canon
897 4095 1133 4145 omnem,
1171 4082 1288 4136 sine
1323 4082 1432 4135 ullo
1456 4083 1786 4148 discrimine,
1822 4085 2089 4139 secessio-

541 4183 658 4220 nem
692 4169 1032 4223 interdictam
1059 4186 1180 4224 esse
1212 4171 1450 4224 decernit
1494 4189 1507 4224 :
1558 4189 1781 4242 magnus
1824 4181 1950 4228 vero
1992 4173 2093 4226 Ba-

537 4257 710 4320 silius,
744 4258 794 4310 in
826 4261 1073 4318 asceticis
1105 4259 1218 4314 suis
1247 4260 1515 4327 capitibus
1541 4298 1555 4322 ,
1581 4261 1792 4316 diverso
1827 4265 1986 4317 modo
2022 4263 2089 4319 de

2187 3148 2395 3219 κόσμῳ,
2417 3152 2773 3218 συνετάξαντο
2809 3153 2863 3206 δὲ
2894 3159 2957 3224 τῇ
2986 3162 3248 3229 μοναχικῇ
3281 3160 3544 3232 πολιτείᾳ,
3569 3179 3734 3231 προσ-

2189 3243 2371 3312 μένειν
2407 3229 2688 3312 προσήκει,
2737 3250 2831 3300 καὶ
2880 3251 2954 3318 μὴ
2991 3251 3197 3304 ἐκεῖθεν
3229 3229 3553 3324 ἀναχωρεῖν.
3587 3229 3648 3308 Ιέί
3680 3257 3736 3340 ὓ

2185 3353 2267 3398 τις
2289 3337 2631 3410 ἀναχωρήσῃ,
2666 3340 2758 3404 καὶ
2785 3344 2864 3404 εἰς
2898 3344 3086 3411 ἑτέραν
3121 3347 3327 3417 ἀπέλθῃ
3373 3349 3564 3419 μονὴν,
3593 3337 3738 3413 ξενοο

2185 3429 2457 3497 δοκεῖσθαι
2494 3432 2591 3497 μὲν
2632 3432 2828 3484 τοῦτον⁶
2847 3427 3161 3501 ἀναγκαῖον,
3189 3439 3272 3490 ἵνα
3296 3440 3374 3508 μὴ
3415 3442 3613 3513 βιασθῇ
3660 3446 3741 3506 εἰς

2187 3522 2478 3590 κοσμικοὺς
2507 3523 2744 3584 ἀπιέναι.
2772 3525 2863 3585 καὶ
2910 3528 3214 3595 συνδιάγειν
3241 3534 3347 3596 τοῖς
3377 3532 3545 3596 ζῶσιν
3585 3538 3738 3590 eam-

2188 3616 2385 3685 φόρως·
2416 3616 2929 3685 προσλαμϐάνεσθαι
2955 3621 3010 3672 δὲ
3045 3622 3205 3674 αὐτὸν
3237 3629 3331 3677 καὶ
3381 3628 3741 3682 κατατάττειν

2187 3711 2251 3777 τῇ
2285 3707 2604 3778 ἀδελφότητι
2633 3711 2693 3761 οὺ
2723 3709 2822 3772 δεῖ,
2877 3713 2924 3763 εί
2957 3713 3031 3784 μὴ
3061 3717 3088 3765 ὁ
3121 3716 3420 3786 ἡγούμενος
3469 3721 3743 3793 ἐπιτρέψῃ

2186 3801 2286 3868 τῆς
2316 3801 2500 3871 μονῆς,
2527 3804 2620 3871 ἀφ’
2649 3797 2716 3873 ἧς
2748 3805 2988 3876 ἐξῆλθεν.
3037 3807 3097 3861 '0
3133 3809 3235 3879 μὲν
3261 3811 3355 3864 οὖν
3382 3815 3564 3866 κανὼν
3587 3812 3744 3879 οὗτος

2187 3893 2556 3978 ἀδιάστικτονε
2585 3896 2695 3967 ἔχει
2724 3898 2822 3967 τὴν
2851 3897 3084 3954 κώλυσιν
3117 3904 3212 3972 τῆς
3242 3903 3644 3975 ἀναχωρήσεως
3669 3925 3686 3940 ο
3716 3911 3746 3960 ὁ

2189 3991 2245 4042 δὲ
2277 3992 2446 4060 μέγας
2479 3993 2753 4056 Βασίλειος
2781 3997 2838 4047 ἐν
2865 3999 2975 4058 τοῖς
3025 3999 3343 4068 ἀσκητικοῖς
3373 4001 3541 4055 αὑτοῦ
3567 4021 3744 4074 κεφα-

2187 4082 2356 4147 λαίοις
2375 4084 2586 4171 διαστίς
2590 4103 2638 4138 ει
2658 4086 2902 4156 περὶτῆς
2922 4088 3028 4142 τῶν
3051 4075 3296 4160 μοναχῶν
3318 4096 3744 4168 ἀναχωρήσεως,

2189 4177 2284 4228 καὶ
2306 4176 2404 4229 οὐκ
2433 4178 2605 4241 ἄλλως
2634 4180 2812 4244 αὐτοῖς
2835 4184 3134 4253 ἀναχωρεῖν
3161 4187 3396 4254 δίδωσιν,
3443 4191 3490 4242 εξ
3519 4191 3597 4262 μὴ
3630 4194 3742 4260 apu-

2189 4268 2357 4337 χικῶς
2391 4269 2710 4338 βλάπτοιντο
2733 4287 2746 4300 ·
2781 4275 2876 4326 καὶ
2901 4275 3022 4326 τότε
3053 4276 3108 4328 δὲ
3141 4269 3238 4346 τὴν
3263 4281 3442 4333 αἰτίαν
3469 4281 3572 4352 τῆς
3617 4285 3750 4354 βλά-

538 4349 922 4401 monacliorum
947 4350 1279 4410 discessione
1299 4352 1556 4418 loquitur,
1581 4367 1740 4418 quam
1778 4353 1849 4405 ita
1867 4354 2082 4408 demum

2189 4358 2291 4427 6ης
2322 4361 2674 4428 ἐπαγγέλλειν
2705 4363 2792 4434 τῷ
2821 4363 3123 4436 ἡγουμένῳ,
3184 4372 3278 4422 καὶ
3324 4374 3370 4424 εἰ
3429 4349 3536 4441 μὲν*
3579 4349 3752 4446 θερα-

536 4442 758 4493 comedi
797 4442 1018 4510 probat,
1071 4442 1114 4493 si
1167 4451 1445 4496 manentes
1472 4443 1730 4510 spirituali
1760 4445 2086 4500 detrimento

538 4529 838 4583 alliciantur
860 4549 874 4596 ;
899 4547 962 4585 ac
985 4540 1094 4584 tum
1129 4533 1344 4600 quidem
1376 4533 1493 4598 ejus
1530 4533 1839 4589 detrimenti
1864 4552 2080 4590 causam

539 4618 790 4686 praefecto
815 4623 1041 4689 aperire.
1067 4637 1131 4676 ac
1157 4625 1200 4676 si
1236 4625 1450 4691 quidem
1495 4639 1557 4678 ea
1589 4626 1828 4690 tollatur,
1880 4627 1934 4681 in
1984 4643 2081 4682 sua

2192 4450 2406 4504 πεύοιτο
2449 4454 2509 4506 τὸ
2563 4456 2733 4510 αῐτιον
2781 4453 2954 4524 αὖθις,
2986 4460 3195 4528 διάγειν
3227 4463 3474 4531 βούλεται
3514 4467 3753 4522 ἕκαστον

2190 4541 2249 4593 ὲν
2288 4545 2353 4612 τῇ
2389 4544 2563 4617 οἰκείᾳ
2594 4550 2727 4617 μονῇ
2753 4564 2768 4578 ο
2797 4550 2846 4600 εί
2889 4549 2944 4602 δὲ
2996 4549 3366 4620 ἀθεράπευτον
3465 4557 3525 4609 τὸ
3558 4560 3753 4622 κακδν,

2191 4628 2367 4697 λέγειν
2395 4633 2549 4688 τοῦτο
2579 4638 2670 4689 ἐπὶ
2698 4639 2796 4705 τῆς
2824 4641 3196 4713 ἀδελφότητος,

538 4725 808 4780 quemque
843 4713 1071 4768 statione
1099 4716 1424 4786 persistere;
1469 4716 1556 4770 illa
1597 4733 1723 4773 vero
1764 4722 1940 4776 adhuc
1971 4730 2253 4789 manente,
2287 4742 2397 4780 rem
2472 4738 2652 4800 totam.
2716 4733 2770 4786 in
2819 4733 3049 4790 fratrum
3125 4750 3394 4795 conventu
3460 4744 3756 4804 enuntiare

539 4807 706 4873 jttlict.

539 4919 760 4974 ANST.
799 4939 818 4970 ι
861 4920 1122 4975 Monaclio
1147 4923 1230 4977 vel
1268 4927 1542 4981 monachae
1571 4942 1725 4983 suam
1783 4928 2088 4997 relinquere

555 5077 564 5082 ν
617 5034 633 5063 ‹
676 5014 1046 5075 mansionem.
1090 5025 1144 5070 et
1196 5015 1353 5071 aliam
1387 5020 1590 5087 ingredi
1631 5037 1734 5075 non
1771 5022 1922 5077 IiCeat
1955 5039 1968 5075 :
2004 5023 2087 5076 sin

618 5124 633 5153 ι
677 5104 1024 5171 ingrediatur,
1062 5113 1119 5158 ut
1147 5105 1344 5175 hospes
1405 5111 1739 5178 accipiatur;
1793 5120 1847 5163 at
1899 5123 2087 5178 praeter

618 5215 634 5245 ι
680 5197 912 5264 praefecti
944 5198 1266 5252 sententiam
1301 5200 1704 5255 ite—admittatur
1736 5213 1826 5256 aut
1860 5205 2088 5272 hospitio

619 5303 636 5336 ι
673 5286 990 5355 excipiatur.
1031 5306 1050 5338 ι

613 5391 795 5462 Recipi
827 5386 1041 5464 quidem
1079 5406 1132 5452 et
1158 5397 1388 5468 hospitio
1438 5399 1610 5468 excipi
1657 5402 1973 5456 monachum
2007 5404 2089 5458 vel

543 5487 896 5548 monacham,
941 5489 1008 5542 ad
1057 5490 1215 5544 aliam
1263 5492 1595 5547 mansionem
1637 5496 2083 5563 proﬁciscentem,

547 5589 784 5641 przesens
811 5592 979 5631 canon
1015 5595 1116 5633 non
1149 5583 1428 5649 permittit,
1467 5602 1532 5638 ne
1560 5586 1624 5638 ad
1657 5591 1945 5643 saeculares
1995 5608 2089 5645 ne-

551 5671 788 5725 cessario
815 5672 1103 5738 diverteris,
1137 5675 1208 5730 ibi
1244 5687 1554 5744 permaneat
1585 5697 1598 5744 ;
1633 5693 1686 5733 at
1725 5697 1842 5736 eam
1897 5684 2093 5738 admit-

2194 4928 2415 4981 ΑΡΙΣΤ.
2466 4947 2485 4979 ι
2518 4930 2762 4999 Μοναχδν
2815 4933 2846 5002 ἢ
2883 4936 3210 5006 μονάστριαν
3243 4939 3316 5010 μὴ
3343 4940 3548 5006 ἐξέστω
3575 4965 3745 5001 x311-

2269 5037 2289 5070 ι
2335 5020 2623 5089 λιμπάνειν
2649 5025 2745 5093 τὴν
2773 5025 2977 5078 οίκείαν
3002 5027 3188 5099 μονὴν,
3217 5034 3309 5083 καὶ
3330 5034 3494 5104 ἑτέρᾳ
3527 5039 3740 5106 προ-σιέ-

2269 5132 2287 5163 ι
2332 5131 2440 5166 ναι’
2489 5117 2536 5166 εί
2565 5115 2610 5167 δ’
2645 5117 2912 5184 ἀφίκοιτο,
2967 5120 3380 5193 ξενοδοχείσθωο
3428 5129 3504 5197 μὴ
3559 5133 3732 5200 μέντοι

2269 5221 2288 5253 ι
2335 5205 2728 5276 προσδεχέσθω,
2781 5209 2874 5261 καὶ
2928 5200 3305 5282 ξενοδοχείσθω
3338 5220 3486 5288 παρά
3519 5216 3731 5290 γνώμην

2272 5313 2290 5345 ι
2337 5294 2429 5347 τοῦ
2463 5298 2785 5366 ἡγουμένου.
2832 5319 2851 5351 ι
2993 5301 2998 5306 ’
3410 5310 3416 5315 ’

2268 5408 2340 5461 Τὸ
2375 5410 2475 5478 μὲν
2503 5412 2852 5490 ὑποδέχεσθαι
2887 5417 2980 5468 καὶ
3013 5416 3400 5490 ξενοδοχεῖσθαι
3433 5425 3657 5496 μοναχὸν
3706 5427 3746 5488 ἢ

2199 5503 2437 5572 μοναχὴν
2474 5505 2546 5573 ,ἐν
2599 5506 2760 5577 ἑτέρᾳ
2797 5513 2930 5579 μονῇ
2975 5513 3240 5566 ἀπιοῦσαν
3284 5519 3311 5568 ὁ
3349 5519 3540 5582 παρὼν
3569 5519 3756 5572 κανὼν

2197 5594 2294 5645 οὐκ
2325 5596 2622 5663 ἐπιτρέπει,
2683 5599 2764 5650 ἵνα
2804 5600 2876 5670 μὴ
2905 5602 2992 5654 διά
3023 5605 3270 5674 ἀνάγκην
3317 5611 3396 5669 εὶς
3441 5613 3753 5675 χοε-μικοὺς

2200 5684 2469 5764 ἁπέλθοιῆ
2498 5686 2676 5756 μείνῃ·
2705 5690 2764 5741 τὸ
2800 5689 2854 5742 δὲ
2885 5693 3209 5760 προσλαὸεῐν
3235 5701 3326 5750 καὶ
3351 5698 3759 5770 προσδέξασθαι
