4074 6214
347 219 445 285 997

1445 181 1544 274 'IN
1583 213 1743 274 CAN.
1787 212 1919 273 xw.
1957 211 2162 273 conc.
2200 213 2311 274 vn
2354 211 2702 270 (acuum
3456 212 3554 268 sua

295 406 297 408 η
344 329 532 404 αὐτὴν,
562 335 653 388 καὶ
683 334 935 397 συντάξαι
958 333 1024 402 τῇ
1049 332 1368 402 ἁᾷελφὸτητι
1391 332 1540 402 παρὰ
1560 334 1782 401 γνώμην
1799 330 1896 398 τῆς
1922 374 1932 389 η

2036 343 2128 393 are,
2166 338 2219 384 et
2249 338 2504 399 praeterea
2529 330 2772 395 accipere
2799 367 2812 386 ,
2865 334 2918 379 et
2977 325 3116 379 inter
3165 340 3380 379 sorores
3438 328 3550 380 sine

344 427 675 498 ἡγουμένης,
701 428 801 482 οὐκ
820 430 1134 494 ἐπιτρέπει.

926 515 1163 598 ΙςΔΝΩΝ
1193 512 1318 568 ΚΒ’.

352 627 369 660 ι
417 607 536 678 Θεῷ
571 609 667 678 μὲν
699 607 757 659 τὺ
794 610 905 660 πᾶν
938 608 1310 672 ἀνατίθεσθαι,
1343 607 1438 660 καὶ
1480 608 1539 660 οὐ
1583 610 1697 669 τοῖς
1753 606 1903 662 ἰδίοις

422 720 440 752 ι
488 701 752 769 θελήμασι
801 700 1137 766 δουλὸὗσθαι,
1193 702 1334 771 μέγα
1380 702 1565 770 χρῆμα
1609 699 1900 769 τυγχάνειο

425 809 443 842 ι
484 792 618 843 Ehe
645 793 754 860 γὰρ
809 792 1059 855 ἐσθίετε,
1096 792 1216 845 εἴτε
1264 793 1486 856 πίνετε,
1512 793 1538 842 ὁ
1568 790 1707 852 θεῖος
1739 789 1902 841 Ἀπό-

420 904 437 931 ι
485 881 666 944 στολάς
695 899 849 952 φησι,
888 883 1082 936 πάντα
1115 887 1200 949 εἰς
1238 883 1422 946 δόξαν
1465 881 1609 936 Θεοῦ
1663 872 1901 934 ποιεῖτὲ.

420 989 439 1022 ι
488 972 720 1042 Χριστὸς
773 973 827 1025 δὲ
855 975 884 1026 ὁ
931 973 1060 1037 Θεὸς
1099 974 1259 1044 ἡμῶν
1309 975 1366 1026 ὲν
1398 979 1508 1036 τοῖς
1559 973 1904 1040 Εὑαγγελίοις

423 1082 440 1113 ι
486 1063 649 1116 αὑτοῦ
697 1064 793 1127 τὰς
823 1064 996 1134 ἀρχὰς
1025 1065 1132 1117 τῶν
1180 1065 1587 1135 ἁμαρτημάτων
1618 1064 1905 1116 ἐκκόπτειν

425 1174 442 1204 ι
495 1156 882 1226 προστέταχεν.
935 1158 1006 1210 Οὐ
1036 1157 1142 1225 γὰρ
1167 1160 1198 1227 ἡ
1230 1159 1444 1227 μοιχεία
1470 1156 1625 1226 μόνον
1655 1155 1781 1225 παρ’
1810 1155 1905 1208 αύ-

421 1267 439 1298 σ
486 1247 576 1300 τοῦ
608 1249 914 1314 κολάζεται,
939 1237 1074 1303 ἀλλὰ
1107 1252 1257 1319 καὶὴ
1286 1253 1497 1321 κίνησις
1523 1252 1614 1302 τοῦ
1646 1250 1904 1319 λογισμοῦ

425 1359 442 1388 ι
489 1340 624 1408 πρὸς
653 1341 753 1410 τὴν
799 1341 898 1410 τῆς
952 1343 1196 1410 μοιχείας
1237 1343 1547 1411 ἐγχείρησιν
1574 1343 1909 1413 κατακέκρι-

425 1454 442 1483 ι
488 1429 597 1495 ται,
649 1433 898 1501 λ’έγοντος
948 1436 1112 1487 αὑτοῦ
1143 1453 1156 1464 ο
1221 1436 1284 1486 '0
1324 1436 1627 1503 ἐμϐλέψας
1657 1436 1911 1506 γυναῖκα

426 1541 444 1572 ι
490 1522 639 1587 πρὸς
666 1523 733 1575 τὸ
785 1523 1148 1592 ἐπιθυμῆσαι
1185 1524 1376 1592 αὐτῆς
1411 1524 1526 1594 ἤδη
1556 1527 1911 1597 ἐμοίχευσεν

426 1633 444 1663 ι
489 1611 682 1679 αὐτὴν
702 1616 770 1666 ἐν
791 1615 864 1682 τῇ
906 1615 1116 1683 καρδίᾳ
1168 1617 1374 1670 αὐτοῦ’
1429 1617 1579 1670 ἔνθεν
1611 1619 1701 1671 οὖν
1733 1620 1909 1688 μαθη-

427 1724 444 1754 ι
493 1706 796 1772 τευθέντες,
831 1708 1126 1777 λογισμοὺς
1179 1709 1464 1778 ὀφείλομεν
1505 1711 1810 1780 καθαίρειν.
1849 1713 1907 1763 Εἰ

429 1813 448 1846 ι
493 1797 600 1864 γὰρ
630 1797 724 1848 καὶ
755 1797 930 1850 πάντα
964 1799 1192 1864 ἔξεστιν,
1228 1800 1343 1851 ἀλλ’
1385 1803 1443 1852 ού
1471 1803 1670 1872 ,πάντα
1703 1802 1912 1869 συμφέ-

425 1905 446 1938 ‹
495 1906 599 1958 ρει,
646 1892 720 1952 ὡς
768 1892 826 1954 ἐξ
889 1892 1250 1960 ἁποστολικῆς
1297 1894 1480 1961 φωνῆς
1518 1894 1908 1963 διδασκόμεθα.

430 1996 449 2028 ι
487 1972 840 2046 ’Ἒπάναγκες
891 1981 984 2033 οὖν
1030 1985 1146 2034 ἐστι
1191 1983 1354 2035 παντὶ
1385 1985 1539 2052 ἀνδρὶ
1584 1977 1670 2037 διὰ
1718 1986 1777 2038 τὸ
1814 1985 1912 2054 ζῇν

431 2089 448 2120 ι
493 2074 708 2125 ἐσθίειν.
742 2076 848 2127 Καὶ
876 2073 958 2137 οἷς
988 2076 1084 2145 μὲν
1108 2076 1221 2146 βίος
1246 2079 1361 2130 ἐστὶ
1387 2081 1562 2148 γάμου
1591 2080 1683 2132 καὶ
1709 2081 1912 2133 τέκνων

431 2181 448 2210 ι
496 2165 588 2214 καὶ⁴
639 2164 831 2229 λαῖκῆς
881 2166 1194 2230 διαθέσεως,
1240 2169 1440 2239 ἀναμὶξ
1486 2170 1686 2222 ἐσθίειν
1716 2171 1913 2238 ἄνδρας

438 2271 455 2302 ι
500 2255 593 2305 καὶ
623 2258 886 2320 γυναῖκας
918 2256 1025 2307 τῶν
1072 2259 1410 2329 ἁδιαϐλήτων
1443 2261 1580 2321 ἐστὶ,
1631 2262 1789 2330 μόνον
1837 2262 1913 2331 τῷ

441 2363 456 2392 ι
503 2345 913 2416 διδόντιτροφὴν
933 2349 1030 2418 τὴν
1051 2351 1396 2418 εὐχαριστίαν
1421 2352 1812 2420 προσάγοντας,
1842 2357 1914 2424 μὴ

441 2452 456 2483 ι
505 2434 642 2502 μετά
689 2452 850 2488 τινων
884 2438 1186 2506 θυμελικῶν
1233 2440 1692 2511 ἐπιτηδευμάτων,
1740 2443 1914 2496 εἵτουν

437 2543 457 2575 ι
505 2529 813 2582 σατανικῶν
841 2529 1122 2599 ᾀσμάτων,
1155 2531 1397 2603 κιθαρῶν
1428 2551 1487 2586 τε
1523 2536 1614 2586 καὶ
1648 2535 1916 2606 πορνικῶν

439 2632 463 2672 ι
508 2617 878 2690 λυγισμάτων,
907 2618 988 2684 οἷς
1020 2624 1308 2692 ἐπέρχεται
1336 2629 1642 2697 προφητικὴ
1667 2630 1794 2694 ἀρὰ,
1821 2629 1916 2680 οὖ-

441 2729 458 2763 ι
502 2729 610 2776 τως
636 2716 670 2785 ἡ
721 2715 1169 2786 λέγουσα·’οὐαὶ
1211 2722 1265 2772 οί
1315 2723 1466 2788 μετὰ
1509 2724 1751 2791 κιθάρας
1816 2726 1914 2779 καί

439 2824 461 2854 ε
504 2807 846 2875 ψαλτηρίου
897 2810 1009 2864 τὸν
1050 2807 1218 2865 οἶνον
1241 2813 1537 2896 πίνοντες,
1585 2819 1655 2867 τὰ
1683 2817 1750 2869 δὲ
1777 2819 1916 2886 ἔργα

440 2916 460 2948 ι
505 2900 723 2967 Κυρίου
774 2904 880 2956 οὐκ
914 2903 1305 2972 ἐμϐλέπουσι,
1360 2907 1457 2960 καὶ
1507 2909 1576 2962 τὰ
1624 2909 1767 2978 ἔργα
1802 2910 1918 2963 τῶν

440 3008 459 3044 ι
506 2990 722 3059 χειρῶν
767 2995 951 3049 αὑτοῦ
1017 2997 1088 3049 οὐ
1135 2999 1514 3054 κατανοοῦσι.
1577 3002 1680 3053 Καὶ
1720 3002 1771 3055 εί
1812 3002 1911 3055 πού
1940 3007 1982 3064 c

442 3101 460 3132 ι
507 3100 637 3135 ποτε
670 3080 777 3138 εἷεν
801 3086 1028 3141 τοιοῦτοι
1058 3090 1115 3140 ὲν
1143 3093 1255 3152 τοῖς
1284 3092 1646 3160 Χριστιανοῖς,
1680 3096 1920 3166 διορθού-

443 3191 463 3223 ι
511 3171 744 3228 σθωσανο
775 3177 823 3228 εἰ
849 3176 904 3228 δὲ
931 3179 1005 3247 μή
1034 3195 1116 3246 γε,
1145 3182 1513 3248 κρατείτωσαν
1541 3184 1627 3236 ἐπ’
1648 3186 1828 3249 αὐτοῖς
1852 3189 1918 3240 τὰ

444 3281 461 3313 ι
508 3264 660 3332 παρὰ
689 3265 799 3317 τῶν
829 3269 931 3336 πρὸ
958 3270 1113 3338 ἡμῶν
1144 3275 1441 3336 κανονικῶς
1483 3277 1788 3330 ἐκτεθέντα.
1823 3274 1918 3340 Οἷς

447 3372 465 3403 ι
511 3351 567 3404 δὲ
598 3359 624 3408 ὁ
654 3355 762 3423 βίος
796 3359 942 3410 ἐστὶν
973 3359 1191 3429 ἡσύχιος
1237 3362 1329 3414 καὶ
1362 3365 1710 3434 μονότροπος,
1742 3369 1768 3418 ὁ
1793 3384 1910 3420 συν·

446 3465 464 3498 ι
509 3449 806 3517 ταξάμενος
840 3450 1029 3520 Κυρίῳ
1062 3454 1137 3522 τῷ
1169 3454 1286 3523 Θεῷ
1315 3455 1476 3523 ζυγὸν
1522 3459 1730 3528 μονήρη
1762 3455 1917 3529 ἆραι,

447 3559 464 3590 ι
513 3540 794 3594 καθίσεται
829 3542 970 3595 κατὰ
1008 3543 1175 3613 μόνας
1206 3547 1300 3598 καὶ
1329 3548 1606 3624 σιωπήσῃ·
1646 3550 1779 3602 ἀλλὰ
1812 3552 1919 3620 μὴν

410 3629 414 3634 ’
447 3649 467 3684 ι
513 3635 608 3686 καὶ
637 3636 746 3696 τοῖς
778 3635 1049 3705 ἱερατικὸν
1084 3637 1464 3706 ἐκλεξαμένοις
1513 3639 1626 3708 βίον
1659 3641 1765 3692 οὐδ’
1784 3643 1922 3703 ὅλως

448 3743 467 3775 ‹
510 3723 683 3789 ἔξεστι
711 3727 832 3778 κατ’
873 3727 1007 3779 ἰδίαν
1040 3727 1254 3794 γυναιξὶ
1286 3728 1602 3793 συνεσθίειν,
1639 3731 1687 3781 εί
1719 3732 1790 3800 μή
1822 3747 1922 3782 που

448 3834 467 3866 ι
516 3819 653 3885 μετά
678 3836 836 3871 τινων
881 3818 1155 3888 θεοφόρων
1190 3820 1280 3871 καὶ
1309 3819 1550 3872 εὐλαδὼν
1580 3821 1786 3891 ἀνδρῶν
1832 3822 1923 3873 καὶ

447 3925 466 3959 ι
511 3909 800 3975 γυναικῶν,
822 3910 905 3962 ἵνα
935 3910 1027 3978 καὶ
1053 3906 1239 3981 αὑτὴή
1269 3909 1606 3972 συνεστίασις
1631 3911 1763 3979 πρὸς
1795 3927 1926 3963 κατ-

445 4017 466 4053 (
509 4002 738 4072 όρθωσιν
782 4002 1151 4071 πνευματικὴν
1201 4003 1415 4074 ἀπάγῃ.
1482 4003 1591 4056 Καὶ
1651 4003 1742 4056 ἐπὶ
1793 4021 1923 4074 συγ-

447 4110 464 4141 ι
511 4093 684 4159 γενῶν
731 4093 788 4145 δὲ
841 4092 901 4143 τὸ
954 4091 1084 4144 αὐτὸ
1125 4093 1367 4145 ποιείτω.
1419 4093 1481 4146 Εί
1528 4093 1583 4145 δὲ
1638 4097 1728 4148 καὶ
1770 4093 1925 4160 αὖθις

448 4204 466 4236 ι
514 4183 571 4237 ὲν
603 4186 878 4255 ὁδοιπορίᾳ
905 4185 1083 4255 συμϐῇ
1101 4184 1278 4254 τὰτῆς
1305 4187 1606 4252 ἀναγκαίας
1635 4189 1820 4257 χρείας
1847 4191 1923 4261 μὴ

449 4295 467 4328 ι
513 4279 867 4347 ἐπιφέρεσθαι
922 4278 1217 4347 μοναχδνῆ
1273 4279 1545 4347 ἱερατικὸν
1591 4280 1777 4351 ἄνδρα,
1829 4284 1919 4335 καὶ

447 4390 468 4421 ι
513 4370 684 4424 διὰτὸ
733 4372 1028 4437 ἀναγκαῖον
1076 4368 1375 4422 καταλῦσαι
1436 4369 1683 4439 βούλεται
1729 4373 1838 4427 εἴτε
1867 4376 1922 4427 ὲν

451 4479 470 4512 ι
516 4463 817 4529 πανδοκείῳ
844 4462 953 4512 εἴτε
982 4465 1039 4513 ὲν
1074 4461 1206 4530 οἴκῳ
1244 4462 1406 4525 τινὸς,
1430 4463 1611 4515 ἄδειαν
1642 4463 1785 4534 ἔχειν
1820 4467 1920 4519 αὖ·

454 4571 472 4603 ι
518 4553 610 4604 τὸν
631 4551 786 4603 τοῦτο
809 4554 1000 4613 ποιεῖν,
1023 4552 1096 4614 ὡς
1117 4555 1212 4621 τῆς
1231 4554 1418 4624 χρείας
1436 4556 1884 4626 κατεπειγούσης.
1900 4575 1935 4607 »-

451 4645 645 4699 ΒΑΛΣ.
715 4645 772 4696 '0
807 4642 996 4713 παρὼν
1048 4643 1226 4697 κανὼν
1273 4645 1471 4699 κωλύει
1528 4648 1653 4712 τοὺς
1707 4649 1928 4712 λαῖκοὺς

383 4737 520 4805 μετὰ
547 4737 852 4807 θυμελικῶν
876 4738 1145 4805 παιγνίων
1175 4740 1268 4812 καί
1292 4741 1570 4810 ὀρχήσεων
1593 4741 1807 4808 ἐσθίειν,
1837 4743 1928 4796 καὶ

379 4833 758 4901 παρεγγυᾶται
807 4833 920 4892 τοῖς
968 4831 1208 4884 τοιοῦτόν
1234 4851 1286 4885 τι
1326 4833 1534 4886 ποιοῦσι
1587 4835 1930 4906 Χριστιανοίς

378 4921 741 4993 διορθοῦσθαι·
769 4923 818 4975 ει
851 4922 909 4976 δὲ
949 4924 1045 4992 μὴ,
1085 4925 1304 4997 κρατεῖν
1337 4925 1422 4975 ἐπ’
1455 4927 1638 4987 αὐτοῖς
1672 4927 1740 4978 τὰ
1778 4927 1930 4995 παρὰ

377 5017 488 5068 τῶν
519 5014 756 5068 κανόνων
808 5013 1223 5085 προορισθέντα.
1256 5012 1397 5077 Τοὺς
1430 5016 1612 5084 μέντοι
1666 5016 1930 5085 μοναχοὺς

380 5107 626 5168 καὶτοὺς
669 5106 992 5176 ίερωμένους
1040 5106 1471 5176 παρακελεύεται
1527 5107 1599 5175 μὴ
1632 5107 1930 5160 συνεσθίειν

383 5195 522 5264 μετὰ
538 5196 810 5262 γυναικῶν
834 5195 952 5248 κατ’
976 5195 1134 5260 ίδίαν,
1158 5194 1260 5248 κᾶν
1289 5197 1352 5264 τῇ
1383 5195 1608 5265 ἀληθείᾳ
1632 5189 1731 5248 ὦσι
1759 5211 1929 5264 προσ-

382 5287 561 5352 γενεῖς
613 5284 789 5339 αὐτῶν
830 5302 844 5316 ·
874 5284 988 5338 ἀλλ’
1019 5287 1077 5336 ἐν
1120 5285 1258 5351 φωτὶ
1293 5286 1384 5335 καὶ
1416 5285 1553 5353 μετὰ
1592 5283 1830 5335 εύλαὸῶν
1853 5299 1931 5334 τι·-

380 5394 512 5442 νων,
549 5375 637 5428 διὰ
683 5376 742 5428 τὺ
787 5377 922 5446 μήτε
969 5376 1168 5437 αὐτοὺς
1213 5375 1316 5428 ὑπὸ
1361 5375 1633 5443 λογισμῶν
1672 5374 1930 5427 ἐναντίων

384 5469 789 5534 κατασείεσθαι,
830 5472 965 5540 μήτε
1008 5469 1199 5530 ἄλλους
1241 5466 1632 5528 σκανδαλίζειν.
1674 5466 1762 5517 Ἐν
1791 5465 1931 5517 ὁδοι-

2040 5461 2328 5516 tationibus
2391 5469 2745 5525 moveantur,
2809 5473 2980 5526 neque
3045 5457 3163 5511 aliis
3229 5452 3577 5510 offensionem

2004 420 2268 490 prafecta:
2298 423 2573 474 voluntate
2602 421 2870 473 collocare
2900 433 3005 471 non
3037 419 3316 487 permittit.

2567 511 2796 566 CANON
2836 511 3032 587 xxn._

2009 627 2028 660 ι
2061 608 2170 663 Deo
2207 610 2420 677 quidem
2443 609 2755 693 universum
2786 606 3056 668 dedicare,
3083 614 3136 659 et
3165 620 3272 664 non
3321 605 3556 675 propriis

2083 721 2100 752 ‹
2141 704 2506 758 voluntatibus
2536 706 2776 765 servire,
2832 716 2918 755 res
2964 714 3154 766 magna
3197 709 3277 753 est
3313 717 3325 752 :
3366 719 3384 751 ι
3432 699 3556 755 Sive

1999 796 2007 804 “
2082 813 2099 846 ι
2137 796 2280 860 enim
2309 793 2629 860 comeditis,
2673 796 2784 849 sive
2815 794 3000 848 bibitis
3031 832 3045 856 ,
3097 794 3275 862 inquit
3337 793 3556 849 divinus

2084 903 2101 935 ι
2137 885 2451 952 Apostolus,
2509 883 2688 940 omnia
2735 884 2786 935 in
2853 881 2941 935 Dei
2969 881 3192 951 gloriam
3231 880 3390 938 facite
3424 881 3492 934 "°.
3531 899 3552 931 ι

2087 997 2102 1028 ι
2142 977 2393 1031 Christus
2426 983 2604 1029 autem
2633 974 2773 1030 Deus
2808 985 2993 1028 noster
3023 979 3075 1047 in
3105 973 3217 1028 suis
3252 973 3558 1042 Evangeliius

2085 1090 2102 1120 ‹
2141 1070 2302 1138 jussit
2337 1076 2674 1136 peccatorum
2724 1064 2983 1132 principia
3002 1063 3559 1119 resecare.Noneuim

2086 1180 2102 1211 (
2145 1160 2472 1213 adulterium
2524 1159 2697 1209 solum
2731 1158 2870 1226 apud
2924 1158 3097 1224 ipsum
3156 1158 3406 1224 punitur;
3466 1156 3556 1208 sed

2085 1275 2102 1306 ‹
2144 1255 2304 1308 etiam
2336 1252 2660 1324 cognitionis
2688 1261 2862 1304 motus
2887 1250 2948 1302 ad
2970 1250 3383 1318 aggrediendnm
3403 1248 3560 1301 aclu‘t-
3625 1292 3632 1310 κ

2085 1368 2103 1400 ι
2149 1350 2342 1413 acrium
2369 1347 2782 1409 condemnatur,
2808 1347 2926 1412 ipso
2948 1341 3162 1396 dicente
3186 1359 3200 1394 :
3224 1360 3240 1390 ι
3274 1342 3372 1406 Qui
3404 1355 3562 1408 aspr-

2086 1460 2103 1491 r
2141 1442 2217 1493 xit
2249 1441 2526 1494 mulierem
2560 1439 2625 1491 ad
2658 1435 3144 1505 concupiscendam
3180 1434 3354 1503 ipsam
3383 1474 3399 1495 ,
3438 1449 3558 1488 eam

2087 1551 2104 1582 ι
2136 1533 2244 1602 jam
2277 1532 2329 1588 in
2360 1530 2522 1585 corde
2571 1545 2668 1585 suo
2713 1526 3034 1581 adulteravit
3079 1526 3122 1556 τι
3159 1542 3173 1577 :
3210 1543 3227 1574 ›
3271 1524 3411 1578 unde
3460 1539 3558 1576 nos

2091 1640 2109 1673 ι
2150 1637 2366 1689 quoque
2394 1620 2593 1684 edocti,
2628 1618 2884 1672 debemus
2918 1614 3273 1684 cngitationes
3305 1628 3557 1682 purgare.

2089 1733 2108 1766 ι
2143 1716 2251 1769 Etsi
2279 1715 2428 1780 enim
2453 1714 2632 1766 omnia
2663 1711 2843 1773 licent,
2870 1724 2976 1766 non
3007 1715 3185 1761 tamen
3236 1705 3416 1758 omnia
3466 1719 3562 1756 ex-

2087 1827 2104 1858 ι
2142 1809 2361 1876 pedittut
2390 1807 2457 1870 τ’,
2495 1824 2512 1856 ι
2551 1815 2605 1858 nt
2664 1821 2691 1857 a
2741 1820 2871 1859 voce
2925 1801 3223 1872 apostolica
3285 1798 3560 1851 docemur.

2092 1919 2109 1950 ι
2147 1900 2330 1955 Cuivis
2356 1914 2485 1970 ergo
2518 1899 2720 1951 homini
2771 1911 2992 1950 necesse
3047 1902 3134 1947 est
3177 1889 3461 1945 comedere
3506 1897 3564 1941 ut

2093 2013 2109 2043 ι
2145 1993 2310 2046 vivat.
2342 1988 2403 2044 Et
2431 1989 2627 2058 quibus
2652 1995 2734 2040 est
2771 1986 2901 2044 ,_vita
2952 1983 3165 2052 quidem
3231 1979 3564 2033 matrimonii

2093 2107 2109 2138 ι
2147 2094 2197 2139 et
2252 2068 2541 2137 liberorum
2577 2088 2630 2134 et
2679 2079 2826 2133 laica:
2874 2074 3320 2142 constitutionis,
3354 2072 3561 2126 mixtim

2091 2199 2108 2229 ‹
2145 2175 2428 2232 comedere
2454 2165 2601 2226 viros
2634 2182 2686 2225 et
2729 2172 2981 2224 mulieres
3008 2209 3022 2232 ,
3055 2176 3138 2222 est
3171 2169 3238 2221 ab
3278 2167 3423 2221 omni
3472 2181 3564 2219 rc-

2088 2287 2106 2317 ‹
2148 2265 2502 2333 prehensione
2528 2261 2757 2314 alienum
2785 2277 2799 2326 ;
2831 2262 2873 2314 si
2909 2259 3068 2313 modo
3097 2261 3145 2312 ei
3175 2299 3190 2323 ,
3223 2260 3310 2324 qni
3339 2259 3431 2312 dat
3459 2274 3564 2326 ιιιιτ

2092 2377 2110 2410 ι
2145 2358 2454 2430 trimentnm
2480 2349 2512 2413 .’
2553 2353 2757 2422 gratias
2809 2355 3154 2420 agant,'non
3187 2367 3306 2404 cum
3337 2351 3564 2405 scenicis
3639 2345 3642 2348 ’

2089 2438 2108 2500 ἰ
2149 2437 2468 2517 quibusdam
2498 2445 2694 2499 studiis
2725 2445 2840 2498 sive
2895 2443 3162 2498 Satanicis
3194 2445 3418 2498 canticis
3445 2480 3464 2508 ,
3511 2456 3569 2500 et

2095 2559 2112 2591 ‹
2151 2537 2514 2593 citliarmdicis
2538 2552 2599 2590 ac
2629 2537 2949 2589 meretriciis
2976 2535 3216 2600 vocibus,
3248 2551 3385 2605 quos
3440 2552 3564 2604 pro-

2093 2650 2111 2682 (
2149 2631 2360 2700 phetica
2387 2631 2690 2684 exsecratio
2722 2626 3045 2681 ﬂexionibus
3069 2644 3160 2682 seu
3198 2627 3537 2692 gesticulatio

2094 2743 2112 2775 ι
2156 2725 2310 2777 nibus
2343 2722 2705 2790 per-sequitur,
2761 2719 2839 2772 sic
2894 2718 3120 2773 dicens:
3158 2739 3174 2769 ι
3215 2717 3302 2772 Va:
3361 2721 3428 2773 iis
3474 2719 3565 2787 qui

2095 2838 2112 2870 ι
2152 2833 2272 2872 cum
2303 2816 2504 2870 cithara
2532 2821 2586 2867 et
2616 2811 2874 2882 psalterio
2907 2812 3088 2864 vinum
3120 2811 3330 2870 bibunt,
3361 2811 3565 2863 Domini

2095 2929 2113 2958 ι
2154 2919 2330 2960 autem
2359 2920 2519 2972 opera
2552 2919 2654 2956 non
2693 2902 3007 2969 respiciunt,
3031 2910 3083 2954 et
3108 2917 3268 2970 opera
3311 2916 3567 2954 manuum

2093 3018 2111 3050 ‹
2146 3000 2264 3065 ejus
2297 3011 2400 3049 non
2431 2994 2777 3048 considerant
2808 2993 2877 3044 ⁷³.
2911 3011 2928 3043 ι
2967 2993 3028 3044 Et
3063 2993 3233 3046 sicubi
3273 2991 3404 3047 tales
3451 2993 3570 3045 fuc-

2095 3109 2113 3142 ι
2149 3090 2260 3162 rint
2292 3089 2432 3140 inter
2460 3085 2822 3151 Christianos,
2844 3085 3188 3154 corrigantur
3215 3104 3228 3139 :
3261 3086 3343 3139 sin
3369 3087 3569 3150 minus,

2096 3203 2114 3236 ι
2152 3184 2411 3237 adversus
2439 3195 2530 3234 eos
2563 3179 2728 3232 robur
2756 3190 2914 3232 Suum
2958 3179 3238 3230 obtineant
3262 3221 3275 3240 ,
3332 3193 3450 3246 qum
3499 3183 3566 3232 ab

2094 3296 2112 3329 ι
2148 3273 2579 3342 antecessoribus
2611 3271 2871 3322 canonice
2929 3269 3120 3322 tradita
3174 3279 3320 3324 sunt.
3361 3271 3568 3335 Quibus

2093 3388 2110 3419 ι
2148 3380 2324 3421 autem
2361 3369 2542 3433 quieta
2573 3371 2652 3416 est
2686 3363 2793 3413 vita
2822 3371 2872 3415 ct
2904 3345 3167 3420 solitaria,
3215 3369 3268 3413 ttt
3318 3363 3404 3428 qui
3464 3362 3570 3414 Do-

2093 3481 2110 3512 ι
2153 3461 2300 3514 mino
2334 3457 2441 3511 Deo
2489 3458 2674 3525 jugunt
2729 3454 3087 3508 monastienm
3143 3454 3326 3508 tollere
3373 3464 3573 3508 statue-

2099 3573 2114 3604 ι
2155 3555 2280 3615 rint,
2316 3552 2367 3603 in
2398 3549 2688 3604 solitudine
2714 3555 2765 3601 et
2810 3547 3022 3600 silentio
3062 3546 3250 3616 sedere
3285 3547 3568 3599 convenit:

2096 3655 2114 3696 ι
2150 3644 2242 3698 sed
2278 3657 2373 3696 nec
2404 3641 2468 3696 iis
2500 3641 2685 3696 etiam.
2719 3638 2808 3708 qtti
2838 3639 2996 3691 vitam
3030 3639 3419 3692 sacerdotalem
3460 3638 3571 3692 ele-

2098 3755 2116 3786 ‹
2153 3737 2347 3805 gerint,
2373 3733 2496 3788 licet
2526 3731 2744 3787 omnino
2793 3745 3034 3784 seorsum
3080 3744 3202 3782 cum
3260 3729 3571 3783 mulieribus

2099 3846 2118 3878 ι
2149 3828 2426 3882 comedere
2453 3843 2466 3890 ;
2502 3825 2603 3879 nisi
2633 3825 2819 3892 utique
2844 3837 2965 3875 cum
2995 3821 3196 3875 divinis
3223 3830 3274 3874 et
3308 3822 3572 3890 religiosis

2013 3979 2018 3985 _
2102 3938 2119 3970 ι
2159 3917 2290 3970 viris
2315 3931 2376 3968 ac
2408 3915 2744 3973 mulieribus,
2783 3921 2839 3966 ιιι
2867 3913 3040 3978 ipsum
3073 3911 3235 3965 etiam
3257 3913 3568 3972 convivium

2102 4028 2120 4061 ι
2165 4009 2228 4062 ad
2258 3998 2588 4076 spiritualem
2613 4005 2997 4057 correctionem
3041 4004 3291 4056 adducat.
3321 4003 3488 4057 Porro
3519 4004 3570 4055 id

2101 4121 2117 4153 ι
2161 4100 2336 4170 ipsum
2373 4097 2532 4152 etiam
2570 4097 2622 4150 in
2651 4096 2895 4166 cognatis
2924 4095 3034 4149 fiat.
3087 4096 3141 4148 Si
3176 4101 3352 4147 autem
3385 4108 3575 4148 rursus

2098 4210 2116 4242 ‹
2153 4191 2444 4257 contingat,
2483 4194 2539 4239 ut
2562 4201 2680 4255 quae
2732 4191 2856 4238 sunt
2913 4185 2975 4237 ad
3005 4179 3014 4189 ’
3041 4201 3194 4238 usum
3256 4185 3565 4238 necessaria

2102 4302 2120 4333 ‹
2153 4297 2255 4334 non
2288 4277 2476 4332 aﬂ‘erat
2506 4276 2802 4329 monachus
2832 4275 2912 4353 vel
2945 4274 3233 4336 sacerdos,
3264 4281 3316 4326 et
3354 4285 3574 4342 propter

2102 4391 2122 4424 ι
2157 4373 2526 4425 necessitatem
2557 4367 2703 4429 velit,
2734 4367 2847 4420 sive
2875 4366 2939 4418 ad
3003 4365 3277 4432 publicum
3330 4365 3577 4418 diverso-

2105 4463 2122 4517 ι
2159 4465 2322 4526 rium,
2355 4461 2467 4516 sive
2497 4461 2562 4513 ad
2594 4459 2826 4525 alicujus
2878 4463 3100 4525 domum
3159 4455 3467 4518 divertere;
3527 4459 3574 4510 ei

2105 4575 2124 4607 ι
2163 4555 2321 4608 liceat
2350 4552 2454 4606 hoc
2480 4551 2674 4615 facere,
2713 4557 2897 4617 utpote
2917 4553 3140 4616 urgente
3172 4549 3516 4603 necessitate.
3550 4566 3589 4597 ››

2100 4644 2292 4699 BALS.
2330 4643 2572 4696 Prtesens
2613 4655 2786 4693 canon
2824 4639 3069 4708 prohibet
3112 4638 3300 4703 laicis,
3334 4653 3402 4690 ne
3455 4654 3575 4691 cum

2031 4733 2261 4789 scenicis
2291 4729 2511 4785 ludicris
2542 4738 2594 4782 et
2625 4728 3000 4782 saltationibus
3031 4721 3331 4786 comcdant.
3354 4738 3406 4781 et
3456 4743 3580 4782 sua-

2031 4828 2120 4881 det
2147 4824 2469 4879 Christianis
2500 4821 2660 4891 329
2690 4821 2779 4888 qui
2816 4819 2919 4874 tale
2952 4820 3078 4890 quid
3113 4819 3356 4883 faciunt,
3412 4829 3470 4874 ut
3521 4834 3580 4872 se

2031 4917 2304 4986 corrigant
2340 4931 2354 4967 :
2385 4915 2467 4968 sin
2499 4913 2673 4965 minus
2703 4950 2716 4975 ,
2745 4913 3000 4966 adversus
3054 4925 3146 4964 eos
3199 4911 3375 4963 valere
3397 4947 3412 4972 ,
3461 4924 3579 4977 quae

2032 5009 2330 5064 canonibus
2360 5014 2516 5080 antea
2548 5007 2834 5057 constituta
2873 5003 3019 5057 fuere
3045 5043 3062 5068 ,
3122 5002 3388 5056 decernit.“
3414 4998 3581 5052 Porro

2034 5109 2086 5154 et
2117 5097 2398 5152 monachis
2430 5104 2482 5149 et
2509 5095 2882 5151 sacerdotibus
2913 5092 3152 5164 praecipit
3178 5133 3193 5157 ,
3242 5107 3306 5145 ne
3332 5105 3577 5145 seorsum

2039 5205 2160 5244 cum
2192 5187 2506 5243 mulieribus
2535 5185 2848 5248 comedam,
2893 5173 3108 5239 etiamsi
3153 5198 3337 5236 revera
3393 5197 3576 5236 eorum

2039 5291 2277 5352 cognatae
2308 5281 2545 5344 fuerint;
2574 5279 2668 5333 sed
2705 5281 2900 5348 palam,
2938 5284 2991 5330 et
3021 5291 3139 5328 cum
3175 5274 3445 5343 aliquibus
3484 5274 3582 5326 bo-

2039 5377 2122 5424 nis
2153 5385 2214 5423 ac
2254 5370 2540 5438 religiosis,
2569 5379 2625 5421 ut
2692 5383 2861 5436 neque
2893 5367 2993 5435 ipsi
3026 5381 3055 5417 a
3087 5363 3373 5418 contrariis
3433 5363 3574 5430 cogi.

465 5611 701 5706 "tuor.
739 5651 912 5715 κει.
996 5652 1036 5682 τι
1080 5648 1266 5704 Matth.
1308 5649 1482 5713 nas.
1569 5649 1658 5701 "l
1695 5647 1817 5703 Cor.
1845 5662 1915 5715 νι,

2036 5685 2039 5696 .
2118 5645 2162 5677 "
2189 5643 2291 5700 lsa.
2324 5659 2376 5708 ν,
2408 5641 2498 5706 Η,
2534 5641 2616 5696 19..
