4074 6214
504 275 609 338 999

1754 264 2032 324 TlIEOD.
2070 258 2473 318 BALSAMONr

3601 252 3736 316 1000

508 392 935 459 scandalumque
974 390 1267 458 praebcant.
1308 387 1363 441 Si
1397 389 1521 457 quis
1560 396 1736 441 autem
1787 370 1980 438 horum
2014 382 2068 434 in

2193 377 2338 446 τορίᾳ
2359 378 2412 429 δὲ
2441 376 2471 445 ἢ
2495 378 2553 429 ἐν
2580 377 2743 446 ἑτέρᾳ
2770 375 3048 445 ἀναγκαίᾳ
3076 374 3321 444 διακονίᾳ
3354 372 3742 441 ἀποδημοῦντά

508 487 704 540 itinere
736 482 815 537 vel
852 483 903 536 in
946 482 1053 535 alio
1089 496 1196 534 non
1235 480 1551 550 negligendo
1604 478 1905 533 ministerio
1952 490 2071 543 per-

507 594 635 650 egre
664 577 935 639 versetur,
964 584 1021 628 et
1061 590 1167 627 non
1209 573 1401 627 habeat
1427 588 1487 625 ea
1515 587 1634 641 quae
1655 580 1783 625 sunt
1811 570 1878 621 ad
1905 569 2067 619 vitam

511 670 840 728 necessaria,
879 672 1212 727 statuerunt,
1243 678 1366 717 eum
1398 661 1601 735 absque
1630 660 1737 714 ullo
1759 656 2071 729 pra-judicio

510 761 568 814 in
601 755 837 826 hospitio
866 755 1081 826 publico
1107 754 1188 808 vel
1217 755 1270 806 in
1310 752 1504 807 alienis
1541 751 1749 805 (edibus
1776 746 2060 809 diversari,

509 856 730 920 propter
757 857 1040 918 urgentem
1083 848 1461 900 necessitatem
1491 844 1734 913 corporei
1761 841 2073 895 nutrimenli

510 948 564 995 et
597 939 816 1008 quietis.
845 942 1020 1008 Atque
1080 938 1167 991 hic
1221 938 1441 1011 quidem
1495 943 1577 990 est
1635 934 1797 1001 hujus
1855 929 2077 986 canonis

496 1019 732 1101 'scopus.
770 1031 900 1100 Ejus
930 1041 1109 1085 autem
1159 1029 1484 1099 prommium
1531 1038 1615 1083 est
1670 1042 1734 1082 ex
1777 1025 1951 1097 prima
2009 1023 2076 1076 ad

511 1121 827 1177 Corinthios
855 1118 1092 1190 Epistola
1135 1117 1314 1187 magni
1351 1116 1581 1184 apostoli
1611 1114 1785 1177 Pauli,
1815 1129 1933 1182 qua:
1991 1111 2071 1165 sic

512 1228 769 1283 expresse
801 1212 931 1267 dicit
964 1228 977 1264 :
1012 1209 1130 1263 Sive
1161 1207 1449 1268 comeditis,
1471 1192 1576 1261 sive
1602 1206 1797 1268 bibitis,
1817 1204 1995 1255 omnia
2024 1202 2078 1253 in

516 1307 612 1360 Dei
642 1305 886 1359 honorem
932 1304 1105 1372 facile.
1142 1300 1275 1354 Illud
1320 1310 1533 1363 autem,
1576 1298 1829 1352 Debemus
1879 1295 2077 1364 cogita-

514 1401 685 1452 tiones
713 1412 940 1466 purgare
961 1438 977 1461 ,
1007 1410 1071 1449 ex
1130 1392 1366 1448 secunda
1402 1394 1467 1447 ad
1487 1391 1795 1447 Corinthios
1823 1389 2079 1458 Epistola.

514 1490 651 1545 Illud
688 1508 702 1543 :
738 1489 931 1544 Omnia
960 1487 1138 1551 licent,
1170 1484 1258 1539 sed
1294 1503 1396 1538 non
1422 1485 1597 1545 omnia
1641 1482 1919 1552 expediunt
1950 1524 1962 1546 ,
2012 1498 2079 1537 ex

520 1583 690 1652 prima
727 1582 792 1635 ad
829 1581 1141 1655 Corinthios
1172 1577 1432 1647 Epistola.
1472 1576 1534 1629 Et
1574 1575 1702 1630 illud
1722 1596 1751 1638 ,ι
1780 1572 1870 1628 Vw
1926 1575 2031 1627 illis
2063 1615 2076 1639 ,

516 1677 606 1743 qui
637 1692 754 1727 cum
782 1674 989 1728 cithara
1016 1668 1064 1727 et
1101 1671 1349 1741 psalterio
1396 1673 1567 1725 vinum
1602 1670 1813 1730 bibunt,
1858 1676 1908 1722 et
1961 1684 2080 1736 quae

2173 484 2292 519 τινα
2327 470 2389 518 ἐκ
2435 466 2661 529 τούτων,
2710 466 2804 519 καὶ.
2848 467 2916 518 τά
2953 463 3089 533 πρὸς
3135 463 3279 534 ζωὴν
3316 461 3616 531 ἐπιτήδεια
3662 464 3739 531 μὴ

2124 542 2127 545 ’
2173 560 2387 629 ἔχοντα,
2440 559 2731 630 διωρίσατο
2800 557 3283 627 άποκριματίστως
3332 554 3629 609 καταλύειν
3682 556 3741 607 ἐν

2177 650 2489 721 ξενοδοχείῳ
2526 650 2649 721 ἢέν
2685 647 3147 719 ἁλλοτρίῳ.οἰ’κῳ,
3183 646 3272 698 διὰ
3316 646 3378 698 τὸ
3412 648 3743 714 κατεπεῖγον

2172 744 2272 812 τῆς
2302 742 2619 811 σωματικῆς
2649 743 2857 811 τροφῆς
2891 740 2988 793 καὶ
3018 737 3407 799 ἀναπαύσεως.
3440 738 3549 789 Kal.
3579 737 3609 789 ὁ
3640 736 3743 805 μὲν

2178 836 2378 897 σκοπὸς
2431 834 2526 887 τοῦ
2566 834 2787 896 κανόνος
2821 827 2996 892 οὗτος.
3033 831 3105 883 Τὸ
3151 830 3439 900 προοίμιον
3484 829 3541 881 δὲ
3571 830 3744 883 αὐτοῦ

2174 928 2321 979 ὲστιν
2360 927 2468 979 άπὸ
2499 926 2599 994 τῆς
2634 926 2772 996 πρὸς
2808 923 3130 995 Κορινθίους
3156 921 3381 992 πρώτης
3406 921 3747 992 ,Ἐπιστολῆς

2176 1019 2268 1071 τοῦ
2306 1018 2542 1089 μεγάλου
2575 1018 2877 1070 ἀποστόλου
2930 1016 3163 1079 Παύλου,
3215 1014 3362 1067 οὕτω
3389 1013 3655 1083 λεγούσης
3689 1014 3748 1065 ἐν

2181 1112 2354 1180 μέρειο
2394 1090 2529 1163 ἑῑτε
2575 1111 2829 1174 ἐσθίετε,
2858 1110 2978 1163 εἴτε
3030 1110 3253 1172 πίνετε,
3295 1106 3492 1160 πάντα
3534 1108 3622 1170 είς
3651 1104 3754 1158 δό-

2179 1206 2294 1269 ξαν
2347 1200 2493 1258 Θεοῦ
2538 1204 2777 1257 ποιεῖτε·
2831 1204 2890 1255 τὺ
2922 1202 3000 1267 δὲ,
3065 1203 3416 1270 Ὀφείλομεν
3444 1200 3756 1267 καθαίρειν

2177 1296 2525 1365 λογισμοὺς,
2547 1297 2653 1347 ἀπὸ
2672 1298 2769 1365 τῆς
2796 1295 2928 1365 πρὸς
2954 1293 3266 1365 Κορινθίους
3295 1294 3560 1363 δευτέρας
3597 1294 3753 1346 Ἐπι-

2180 1388 2392 1454 στολῆς·
2425 1387 2507 1453 ab,
2554 1387 2754 1440 Πάντα
2781 1387 3046 1450 ἔξεστιν,
3074 1385 3213 1440 ἀλλ’
3257 1386 3331 1439 οὐ
3361 1385 3559 1438 πάντα
3601 1399 3759 1453 συμς

2178 1481 2364 1550 φέρει,
2396 1480 2502 1532 ἀπὸ
2533 1481 2629 1549 τῆς
2660 1482 2795 1549 πρὸς
2815 1478 3131 1550 Κορινθίους
3146 1478 3373 1546 πρώτης
3405 1475 3754 1544 Ἐπιστολῆς

2181 1574 2276 1626 καὶ
2328 1574 2408 1637 τὸ,
2456 1574 2599 1625 Οὐαὶ
2667 1576 2719 1625 οί
2750 1572 2900 1640 μετὰ
2968 1570 3212 1637 κιθάρας
3256 1569 3355 1622 καί
3410 1570 3757 1638 ⁸ψαλτηρίου

2184 1666 2289 1718 τὸν
2313 1661 2478 1718 οἶνον
2494 1667 2793 1729 πίνοντες,
2814 1663 2908 1715 καὶ
2926 1664 2994 1714 τά
3016 1662 3166 1731 ἑξῆς,
3190 1665 3251 1713 ὲκ
3276 1663 3374 1731 τῆς
3402 1660 3498 1713 τοῦ
3527 1647 3757 1713 Ἠσάῒου

523 1766 779 1836 deinceps
833 1776 1158 1835 sequuntur,
1196 1780 1259 1818 ex
1303 1765 1441 1817 lsaia
1482 1764 1757 1831 pmpheta.
1786 1759 2085 1815 Canonieas

2193 1754 2539 1825 προφητείας.
2580 1754 2882 1815 Κανονικὲις
2928 1752 2982 1805 δὲ
3038 1752 3366 1821 παραδόσεις
3425 1752 3473 1803 οἱ
3506 1751 3757 1820 Πατέρες

520 1866 697 1911 autem
735 1858 1054 1913 traditiones
1085 1858 1273 1912 dicunt
1304 1855 1492 1909 Patres
1522 1857 1590 1908 49.
1612 1864 1665 1909 et
1693 1856 1761 1909 45
1801 1870 1921 1908 can.
1960 1868 2085 1906 san-

519 1962 732 2006 ctorum
765 1952 1159 2021 apostolorum.
1185 1959 1235 2003 et
1264 1950 1332 2004 60
1350 1949 1606 2018 Carthag.
1634 1963 1754 2019 syn.
1784 1954 1837 2001 ct
1863 1947 1930 2001 62
1962 1963 2081 2018 syn.

523 2044 579 2098 in
610 2040 821 2096 Trullo.

590 2132 839 2189 ZONAR.
875 2133 1173 2190 Monachus
1205 2142 1259 2187 et
1314 2134 1484 2188 sacris
1538 2132 1780 2203 initiatos
1836 2132 2083 2188 homines

522 2227 768 2296 privatim
802 2228 855 2281 in
885 2225 1083 2281 eadem
1111 2240 1292 2279 mensa
1323 2239 1446 2279 cum
1498 2223 1713 2279 feminis
1766 2224 2086 2279 accumbere

525 2319 615 2373 hic
666 2333 841 2373 canon
900 2328 1063 2374 vetat.
1120 2317 1356 2372 Exordio
1419 2333 1551 2372 vero
1586 2318 1755 2371 utitur
1785 2331 1985 2387 ,atque
2016 2318 2085 2371 ad

524 2410 693 2466 Deum
724 2412 906 2466 omnia
937 2410 1219 2467 referenda
1254 2426 1375 2466 esse
1421 2410 1764 2466 demonstrat
1789 2453 1805 2477 ,
1851 2411 2085 2465 dictum-

528 2520 636 2574 que
668 2504 912 2573 Aposmli
976 2504 1182 2574 profert
1229 2505 1458 2559 dicentis
1489 2522 1503 2557 :
1539 2502 1657 2558 Sive
1715 2505 2045 2557 manducetis
2070 2542 2087 2569 ,

530 2597 634 2649 sive
682 2595 854 2648 bibitis
883 2637 897 2657 ,
945 2595 1124 2648 omnia
1154 2596 1207 2647 in
1243 2595 1462 2664 gloriam
1508 2594 1605 2647 Dei
1654 2594 1831 2662 facite.
1887 2594 2089 2649 Deinde

531 2698 833 2738 sermonem
875 2683 1207 2752 aggreditur,
1251 2694 1413 2753 atque
1455 2699 1519 2737 ex
1562 2683 1768 2738 Christi
1820 2692 2087 2754 praecepto

531 2783 877 2847 peccatorum
917 2774 1071 2829 initia
1101 2790 1130 2827 a
1161 2774 1404 2846 ﬁdelibus
1428 2774 1719 2829 rcsecanda
1742 2791 1867 2845 esse
1899 2785 2083 2830 osten-

534 2868 633 2920 dit.
673 2865 785 2920 illis
815 2880 1047 2934 namque
1080 2867 1280 2930 verbis,
1311 2865 1417 2932 Qui
1464 2866 1654 2919 viderit
1698 2866 1965 2923 mulierem
2019 2868 2087 2921 ad

534 2957 997 3019 concupiscendum
1023 2973 1159 3021 eam,
1216 2959 1334 3028 jam
1390 2959 1674 3012 moechatus
1724 2970 1799 3012 est
1852 2976 1965 3013 eam
2032 2962 2085 3014 in

2194 1847 2327 1913 φασὶ
2358 1845 2448 1897 τὸν
2476 1842 2563 1912 μοι
2596 1845 2689 1896 καὶ
2732 1841 2821 1913 μγ¹
2849 1844 2955 1896 τῶν
2983 1845 3153 1911 ἁγίων
3185 1842 3515 1903 ἀποστόλων,
3572 1841 3666 1892 τὸν
3712 1840 3755 1896 ξ’

2186 1941 2283 2006 τῆς
2318 1940 2374 1989 ἐν
2430 1937 2754 2006 Καρθαγένῃ
2787 1936 3007 1989 συνόδου
3039 1938 3135 1988 καὶ
3167 1935 3259 2005 τὸν
3289 1935 3365 1999 ξδ’
3438 1937 3538 2002 τῆς
3566 1934 3623 1986 ὲν
3672 1932 3756 2001 τῷ

2185 2029 2456 2103 Τρούλλῳ.

2260 2121 2501 2174 ΖΩΝΑΡ.
2547 2120 2603 2171 Ὀ
2652 2119 2841 2190 παρὼν
2870 2117 3050 2171 κανὼν
3104 2118 3304 2173 κωλύει
3339 2118 3610 2188 μοναχοϋς
3657 2119 3759 2170 καὶ

2201 2213 2527 2284 ἱερωμένους
2554 2210 2671 2263 κατ’
2705 2210 2841 2261 ίδίαν
2872 2208 3170 2262 συνεσθίειν
3202 2208 3440 2277 γυναιξί.
3478 2207 3759 2278 Προοιμάο

2187 2305 2340 2370 ζεται
2374 2303 2453 2365 δὲ,
2497 2302 2588 2355 καί
2620 2318 2783 2371 φησιν
2822 2302 2904 2354 ὅτι
2938 2301 3114 2353 πάντα
3150 2300 3257 2371 χρὴ
3309 2300 3388 2370 τῷ
3419 2298 3540 2371 Θεῷ
3565 2299 3753 2353 ἀνατί-

2188 2396 2397 2461 θεσθαι,
2428 2396 2520 2448 καὶ
2548 2394 2744 2464 χρῆσιν
2777 2395 2842 2446 ὲκ
2876 2393 2972 2446 τοῦ
3011 2391 3341 2445 Ἀποστόλου
3372 2394 3632 2460 παράγει,
3662 2392 3753 2443 λέ-

2186 2506 2391 2559 γοντος.
2422 2488 2559 2542 Εἴτε
2600 2486 2851 2551 ἐσθίετε,
2880 2486 3001 2539 εἴτε
3045 2485 3271 2551 πίνετε,
3299 2484 3498 2539 πάντα
3537 2487 3623 2551 είς
3649 2484 3749 2539 δό-

2188 2566 2303 2650 ξάν
2333 2583 2479 2637 Θεοῦ
2523 2583 2775 2636 ποιεῖτε-
2811 2577 2947 2634 Εἶτα
2979 2578 3420 2651 μεταχειρίζεται
3450 2578 3538 2632 τὸν
3567 2578 3745 2645 λόγον,

2188 2678 2411 2748 φάσκων
2432 2677 2514 2729 ὅτι
2544 2677 2570 2728 ὁ
2595 2673 2829 2743 Χριστὸς
2850 2674 2949 2735 τὰς
2988 2672 3163 2742 ἀρχὰς
3192 2671 3303 2724 τῶν
3339 2672 3743 2741 ἁμαρτημάτων

2190 2770 2495 2841 περιαιρεῖν
2548 2768 2673 2830 τοὺς
2723 2766 2945 2828 πιστοὺς
2996 2764 3243 2819 κελεύει..
3277 2764 3362 2820 Ἐν
3403 2763 3508 2835 γάρ
3551 2763 3628 2832 τῷ
3655 2762 3742 2815 λέ·-

2188 2880 2325 2933 γειν,
2367 2862 2431 2915 Ὀ
2466 2859 2770 2929 ἐμϐλέψας
2822 2859 3058 2929 γυναικὶ
3096 2859 3249 2928 πρὸς
3292 2859 3355 2912 τό
3387 2855 3741 2926 ἐπιθυμῆσαι

2190 2954 2379 3023 αὐτῆς
2421 2954 2537 3022 ἤδη
2565 2954 2920 3023 ἐμοίχευσεν
2952 2952 3148 3021 αὐτὴν
3198 2953 3271 3007 ἐν
3298 2950 3373 3020 τῇ
3416 2950 3621 3020 καρδίᾳ
3644 2952 3753 3004 αὐ·-

537 3045 690 3098 corde
713 3062 828 3111 suo,
857 3061 965 3101 non
1014 3047 1337 3101 adulterium
1390 3048 1772 3115 solummodo,
1819 3053 1914 3105 sed
1973 3051 2089 3121 ipsa

2195 3050 2323 3111 τοῦ,
2353 3051 2414 3101 ού
2444 3049 2539 3117 τὴν
2570 3049 2813 3118 μοιχείαν
2841 3045 3060 3110 κολάζει
3092 3046 3272 3116 μόνον,
3294 3044 3433 3098 ἀλλὰ
3462 3044 3556 3097 καὶ
3582 3042 3751 3113 αὐτὴν

540 3152 757 3207 quoque
787 3141 937 3209 pravi
974 3148 1154 3194 motus
1191 3140 1340 3194 initia
1366 3141 1613 3209 castigat.
1665 3143 1801 3197 Cum
1836 3145 1978 3198 enim
2037 3145 2089 3198 in

541 3229 782 3284 mulieris
832 3218 1004 3284 forma
1055 3232 1471 3302 contemplanda
1527 3233 1795 3303 quispiam
1844 3236 2094 3293 curiosus

541 3330 646 3386 est,
671 3322 910 3377 admisso
944 3337 1124 3391 pravae
1154 3322 1451 3379 alfectionis
1490 3324 1663 3392 initio,
1696 3342 1887 3396 nempe
1942 3328 2094 3397 cupi-

538 3414 728 3479 ditate,
763 3430 827 3467 ex
857 3430 922 3469 eo
940 3416 1124 3483 ,ipsi‘us
1171 3432 1387 3485 quoque
1444 3420 1702 3489 cogitatio
1728 3430 1780 3475 et
1828 3421 1967 3475 ratio
2028 3420 2093 3473 ad

546 3509 749 3560 crimen
796 3507 1200 3577 suscipiendum
1249 3510 1559 3580 impellitur.
1614 3511 1848 3567 Proinde
1890 3515 2095 3583 cogita-

544 3599 743 3661 tiones,
795 3600 989 3668 inquit,
1052 3600 1357 3655 interimere
1400 3602 1656 3659 dehemus
1713 3605 1836 3675 (est
1884 3614 1937 3659 et
1994 3606 2097 3657 hoc

546 3707 762 3759 quoque
795 3692 1195 3761 apostolicum),
1232 3694 1283 3747 id
1308 3703 1412 3757 est,
1438 3705 1657 3765 propter
1685 3696 1786 3749 hoc
1816 3705 2098 3749 nascentes

546 3784 805 3837 debemus
833 3785 1184 3854 exstinguere
1211 3826 1223 3848 ,
1256 3786 1571 3855 priusquam
1632 3802 1751 3841 sese
1782 3836 1787 3845 η,
1803 3784 1964 3841 altius
2022 3788 2100 3841 ef-

549 3876 689 3929 ferre
722 3890 784 3927 ac
818 3877 1099 3930 nobiscum
1149 3862 1429 3931 colluctari
1478 3880 1707 3947 possint.
1768 3878 1862 3934 Vel
1913 3879 2101 3932 καθαί-

551 3985 691 4039 ρειν,
732 3968 783 4021 id
824 3979 907 4023 est
956 3982 1183 4037 purgare
1216 3968 1463 4039 (utraque
1503 3971 1645 4023 enim
1694 3969 1853 4024 lectio
1890 3970 2101 4024 admitti

549 4061 770 4131 potest),
801 4076 865 4115 ne
896 4058 1144 4114 videlicet
1166 4070 1396 4115 mentem
1428 4061 1656 4130 impuris
1690 4061 2131 4132 cogitationibus-

550 4153 902 4207 contaminari
937 4152 1219 4217 sinamus,
1272 4152 1364 4208 sed
1419 4168 1513 4209 eas
1562 4169 1722 4222 quam
1788 4153 2100 4224 longissime

551 4244 937 4309 amandemus;
969 4247 1050 4299 vel
1075 4246 1235 4300 etiam
1266 4255 1541 4311 mentem,
1572 4244 1643 4301 ob
1683 4246 1949 4301 admissas
1999 4247 2103 4300 im-

554 4353 715 4407 pnras
740 4337 1091 4407 cogitationes
1140 4337 1479 4407 inquinatam
1504 4379 1521 4403 ,
1576 4353 1938 4408 expurgemus
1964 4379 1979 4403 ,
2039 4352 2103 4393 ac

2193 3144 2294 3210 τὴν
2344 3142 2436 3195 τοῦ
2489 3140 2691 3202 πάθους
2726 3140 2920 3209 ἀρχήν.
2967 3138 3135 3192 Ὅταν
3164 3138 3271 3207 γάρ
3309 3154 3395 3199 τις
3445 3136 3753 3207 περιέργως

2198 3237 2303 3308 ἴδῃ,
2334 3235 2623 3303 δεξάμενος
2642 3232 2741 3302 τὴν
2765 3231 2858 3284 τοῦ
2884 3230 3091 3292 πάθους
3115 3230 3310 3301 ἀρχὴν,
3336 3228 3437 3300 τὴν
3457 3228 3752 3297 ἐπιθυμίαν

2194 3326 2414 3397 δηλαδὴ,
2440 3326 2560 3377 τότε
2584 3323 2731 3393 αύτῷ
2756 3324 2783 3375 ὁ
2810 3322 3067 3394 λογισμὸς
3086 3325 3317 3376 κινεῖται
3340 3323 3477 3394 πρὸς
3496 3323 3558 3375 τὸ
3576 3322 3755 3392 ἁμάρ-

2195 3436 2365 3488 τημα.
2396 3419 2603 3482 Ἔνθεν,
2638 3418 2790 3487 φησὶ,
2821 3416 3117 3485 λογισμοὺς
3148 3416 3440 3484 ὀφείλομεν
3472 3414 3757 3481 καθαιρεῖν

2198 3508 2485 3578 (καὶτοῦτο
2503 3510 2557 3561 δὲ
2577 3506 2978 3576 ἀποστολικὸν),
3004 3509 3271 3572 τουτέστι,
3295 3507 3382 3559 διὰ
3402 3506 3563 3559 τοῦτο
3588 3522 3760 3573 χρεω-

2198 3601 2322 3653 στοῦ
2330 3620 2427 3669 μεν
2466 3599 2819 3654 καταϐάλλειν
2840 3600 2964 3661 τοὺς
2982 3599 3291 3666 λογισμοϋς,
3309 3599 3401 3651 καὶ
3425 3598 3500 3667 μὴ
3533 3599 3627 3667 ἐᾷν
3657 3597 3759 3649 αὖ.

2199 3698 2321 3757 τοὺς
2346 3693 2657 3765 ἐπαίρεσθλιι
2676 3694 2767 3743 καὶ
2788 3692 3266 3758 κατεξανίστασθαι
3298 3692 3475 3760 ἡμῶν
3515 3691 3547 3760 ἦ
3571 3691 3759 3743 καθαί-

2202 3787 2611 3857 ρειν(γρᾴιφεται
2628 3785 2733 3852 γὰρ
2748 3785 2842 3837 καὶ
2858 3783 3071 3848 οὕτως),
3091 3783 3210 3837 ἀντὶ
3225 3783 3342 3846 τοῦ,
3368 3782 3440 3853 μὴ
3471 3784 3568 3853 ἐᾷν
3608 3782 3762 3852 μολύο

2201 3879 2381 3931 νεσθαι
2428 3878 2517 3929 τὸν
2566 3875 2822 3945 λογισμὸν
2851 3875 2919 3927 δι’
2938 3875 3287 3945 ἐνθυμήσεων
3314 3875 3587 3945 πονηρῶν,
3645 3873 3760 3926 ἀλλ’

2199 3970 2622 4038 ἀποπέμπεσθαι
2647 3968 2865 4031 ταύτας·
2896 3968 2930 4039 ἢ
2959 3969 3053 4021 κα1⁵
3078 3968 3164 4021 διὰ
3184 3969 3282 4035 τῆς
3310 3967 3626 4037 παραδοχῆς
3648 3966 3760 4018 τῶν

2201 4062 2453 4115 ὑπόπτων
2485 4060 2851 4130 διαλογισμῶν
2877 4060 3202 4130 μολυνθέντα
3249 4060 3528 4130 καθαίρειν
3576 4059 3761 4125 αὑτὸν,

2204 4155 2491 4207 ἐκπλύνειν
2520 4154 2615 4207 τοῦ
2646 4153 2922 4229 μολυσμοῦ
2958 4154 3043 4207 διὰ
3079 4154 3383 4223 μετανοίας,
3428 4154 3523 4209 καὶ
3560 4155 3637 4224 μὴ
3666 4156 3762 4223 ἐᾷν

2196 4247 2508 4316 περαιτέρω
2534 4247 2797 4316 χωρῆσαι.
2824 4250 2893 4301 Ei
2912 4247 3019 4315 γὰρ
3038 4249 3137 4300 καί
3158 4247 3351 4300 πάντα
3369 4265 3467 4316 μοι
3490 4247 3757 4313 ἔξεστιν,

2202 4340 2341 4393 ἀλλ’
2372 4341 2442 4393 οὐ
2473 4339 2669 4393 πάντα
2702 4339 3017 4409 συμφέρει.
3060 4341 3244 4393 Ταῦτα
3271 4341 3327 4393 δὲ
3367 4339 3459 4393 τοῦ
3519 4341 3759 4411 μεγάλου

553 4430 862 4499 poenitentia
896 4438 1199 4484 contractas
1239 4430 1427 4484 sordes
1471 4431 1718 4484 eluamus
1746 4470 1760 4495 ,
1798 4445 1971 4499 neque
2020 4431 2092 4483 ul-

2206 4434 2417 4488 Παύλου
2440 4434 2507 4487 τὰ
2536 4436 2775 4505 ῥήματα.
2807 4436 3085 4499 Ἔξεστιν
3108 4432 3238 4501 οὖν,
3264 4452 3333 4507 φη
3345 4435 3416 4498 ai,
3438 4435 3503 4487 τὸ
3533 4436 3765 4490 ἐσθίειν

547 4522 721 4588 terius
755 4521 1001 4589 progredi
1037 4521 1326 4588 patiamur.
1362 4520 1505 4574 Nam
1539 4522 1635 4575 etsi
1665 4521 1791 4574 mihi
1832 4523 2006 4575 omnia
2031 4523 2103 4575 li-

546 4622 689 4677 ,cent,
724 4628 823 4663 non
876 4621 1047 4664 tamen
1099 4613 1274 4664 omnia
1344 4611 1674 4680 expediunt:
1712 4613 1824 4665 haec
1892 4622 2105 4680 quoqtte

550 4703 733 4773 urnagni
768 4701 924 4755 Pauli
964 4704 1121 4756 verba
1154 4713 1301 4758 sunt.
1331 4704 1473 4757 Licet
1517 4721 1637 4775 ergo
1662 4746 1677 4771 ,
1708 4706 1880 4775 inquit
1906 4745 1919 4767 .
1959 4708 2104 4760 edere

550 4809 610 4859 ,ιιι
651 4797 808 4850 vivas.
844 4794 907 4849 Et
946 4796 1038 4865 qui
1062 4800 1334 4851 communi
1375 4798 1589 4866 quidem
1620 4814 1768 4853 more
1814 4816 1935 4854 cum
1970 4816 2104 4853 uxo-

560 4892 708 4947 ribus
738 4892 853 4946 suis
883 4907 945 4945 ac
976 4891 1164 4945 liberis
1201 4890 1502 4946 habitantes
1526 4892 1725 4962 degunt
1750 4932 1765 4957 ,
1808 4909 1931 4947 cum
1988 4911 2105 4948 mu-

554 4982 780 5048 lieribus
812 4983 989 5036 cibum
1021 4998 1217 5052 capere
1274 4984 1495 5039 minime
1553 4982 1952 5054 prohibentur,
2008 5003 2106 5042 nec

554 5091 655 5129 eos
677 5078 961 5145 quisquam
992 5077 1063 5131 ob
1093 5078 1142 5131 id
1178 5077 1531 5149 reprehendat
1558 5116 1574 5141 ,
1621 5079 1664 5132 si
1695 5081 1907 5134 meritas
1937 5082 2106 5136 inter-

561 5182 627 5219 ea
656 5166 846 5220 divinae
895 5167 1202 5223 liberalitati
1256 5156 1455 5235 gratias
1507 5181 1699 5237 agant.
1746 5186 1918 5239 neque
1967 5172 2107 5225 inter

562 5260 750 5327 epulas
775 5258 980 5313 comica
1012 5261 1211 5326 studia,
1243 5260 1341 5314 hoc
1374 5271 1477 5324 est,
1522 5262 1804 5315 Satanieas
1835 5264 2107 5321 cautiones

566 5349 875 5405 adhibeant.
910 5350 1163 5416 Quantam
1223 5351 1333 5405 haec
1375 5366 1498 5403 vero
1520 5352 1542 5400 ’ί
1586 5350 1821 5405 Cithara:
1876 5354 2110 5406 meretri-

566 5439 768 5507 ciaequc
797 5438 1073 5495 ﬂexiones.
1108 5439 1422 5496 Flexionuni
1472 5454 1648 5494 autem
1709 5445 1965 5505 nomine,
2015 5454 2110 5497 aut

571 5530 877 5587 inconditas
902 5534 1233 5596 saltationes,
1260 5544 1351 5587 aut
1374 5550 1560 5587 vocum
1600 5536 1653 5588 in
1684 5536 1967 5589 cantilenis
1994 5553 2111 5591 mo-

570 5624 877 5680 dulationes
908 5625 1247 5693 signiﬁcavit.
1287 5625 1344 5678 In
1371 5641 1465 5680 eos
1512 5626 1813 5694 siquidem,
1868 5628 1973 5689 ait,
2024 5629 2112 5681 illa

570 5714 847 5783 propheta:
883 5718 1184 5771 exsecratio
1212 5718 1375 5782 cadit,
1415 5716 1526 5783 Vm,
1555 5721 1643 5787 qui
1680 5735 1793 5771 cum
1818 5722 2019 5774 cithara
2065 5732 2113 5774 et

2208 4526 2304 4579 διὰ
2321 4528 2413 4597 [τὸ
2436 4525 2562 4594 ζῇν.
2602 4528 2709 4579 Καὶ
2735 4529 2783 4579 οἱ
2816 4529 2914 4596 μὲν
2952 4529 3092 4581 κατὰ
3123 4530 3327 4595 κόσμον
3360 4526 3624 4596 βιοῦντες,
3667 4532 3765 4580 καὶ

2210 4617 2421 4685 γυναιξὶ
2448 4617 2713 4682 συζῶντες
2749 4620 2843 4670 καὶ
2874 4619 3098 4681 τέκνοις,
3125 4618 3188 4670 οὐ
3216 4617 3514 4670 κωλύονται
3540 4617 3766 4681 γυναιξὶ

2210 4710 2527 4774 συνεσθίειν,
2579 4710 2698 4763 οὐδὲ
2744 4710 2994 4779 διαϐολῆς
3040 4710 3225 4771 αὐτοῖς
3267 4711 3440 4763 αἴτιον
3491 4708 3669 4774 τοῦτο,
3715 4713 3772 4761 εί

2213 4803 2329 4870 μετ’
2354 4802 2702 4872 εὖχαριστίας
2729 4803 2826 4871 τῆς
2857 4784 2992 4871 πρὸς
3040 4802 3172 4857 Θεὸν
3202 4804 3422 4868 γίνοιτο.
3454 4805 3548 4855 καὶ
3569 4804 3633 4855 ού
3664 4819 3767 4871 με⁸

2212 4893 2526 4947 σολαὸοῦσιν
2559 4897 2614 4946 ἐν
2652 4896 2772 4956 ταῖς
2812 4892 3113 4963 τραπέζαις
3143 4894 3319 4947 αὐτῶν
3350 4893 3617 4955 θυμελικὰ
3643 4897 3769 4945 ἐπι-

2208 4983 2537 5052 τηδεύματα,
2585 4968 2751 5053 ἤγουν
2796 4986 3058 5037 σατανικά
3093 4984 3331 5053 ᾄσματα.
3384 4985 3448 5036 Τί
3488 4984 3545 5035 δὲ
3591 4984 3765 5037 ταῦτά

2212 5077 2349 5139 aiat;
2382 5076 2613 5145 Κιθάραι
2663 5074 2755 5128 καὶ
2788 5074 3095 5142 λυγίσματα
3142 5076 3395 5145 πορνικά.
3433 5074 3533 5127 Διὰ
3568 5074 3627 5126 δὲ
3654 5074 3761 5125 τῶι

2216 5167 2716 5234 λυγισμάτωνῆτάς
2740 5168 3009 5235 ἁσέμνους
3032 5168 3284 5237 ὀρχήσεις
3297 5166 3540 5237 ᾐνίξατο,
3562 5167 3595 5236 ἢ
3618 5167 3682 5217 τὰ
3704 5170 3755 5215 ἐν

2210 5260 2325 5318 ταῖς
2353 5258 2513 5327 ᾠδαῖς
2574 5258 2885 5328 λυγίσματα
2916 5261 3023 5313 τῶν
3068 5259 3277 5328 φωνῶν.
3312 5254 3405 5319 Οἷς
3449 5260 3723 5327 ἐπέρχεται

2214 5350 2364 5419 φησι,
2392 5352 2700 5421 προφητικῆ
2727 5354 2853 5422 ἀρὰ,
2880 5353 2959 5416 τὸ,
2992 5353 3132 5406 Οὐαί
3162 5356 3215 5407 οἱ
3230 5353 3380 5421 μετὰ
3402 5353 3639 5421 κιθάρας
3658 5352 3747 5402 καί

2213 5446 2550 5511 ψαλτηρίου
2567 5440 2734 5498 οἶνον
2758 5448 3056 5512 πίνοντες,
3080 5449 3172 5499 καὶ
3198 5448 3264 5499 τά
3285 5446 3434 5516 ἑξῆς.
3467 5446 3623 5500 Eiko
3651 5452 3756 5497 εἰσι

2212 5535 2439 5588 τοιοῦτοί
2463 5553 2605 5599 τινες
2648 5540 2704 5589 ἐν
2755 5539 3115 5609 Χριστιανοίς,
3146 5539 3591 5609 διορθούσθωσανο
3621 5540 3667 5589 εί
3699 5538 3760 5591 δὲ

2218 5629 2313 5697 μὴ,
2338 5631 2385 5682 οἱ
2417 5630 2633 5682 παλαιοὶ
2671 5632 2888 5693 κανόνες
2914 5632 3284 5701 κρατείτωσαν
3316 5634 3405 5683 ἐπ’
3429 5632 3619 5691 αὐτοῖς.
3650 5633 3771 5683 Καὶ

2222 5720 2391 5775 ταῦτα
2456 5721 2559 5792 μὲν
2592 5722 2715 5791 περὶ
2749 5721 2951 5776 λαῖκῶν
2976 5725 3001 5777 ὁ
3037 5723 3212 5777 κανὼν
3245 5723 3539 5791 διετάξατο.
3566 5716 3663 5787 Οἷς
3686 5723 3775 5792 δὲ,
3830 5732 3835 5739 ’
