4074 6214
348 318 477 384 1001

1336 305 1419 369 1N
1454 303 1620 367 CAN.
1653 300 1825 364 XXII
1851 296 2065 361 CONC.
2096 297 2210 362 ViI
2252 293 2609 357 (ECUMEN.

3470 276 3606 352 1002

347 429 536 501 φησὶν,
568 425 596 479 6
624 422 730 495 βίοι
763 419 988 492 ήσύχιος
1017 416 1111 472 καὶ
1140 415 1496 487 μονότροπος,
1521 411 1660 467 ἀλλὰ
1689 412 1798 481 μὴν
1821 409 1916 463 καὶ

2037 406 2275 461 nalterio
2308 406 2487 460 vinum
2512 402 2740 467 bibunt;
2774 408 2822 456 ct
2852 416 2968 473 qua:
3015 408 3345 471 sequuntur.
3398 401 3459 455 bl
3512 403 3605 469 qui

343 522 461 583 τοῖς
505 517 799 587 ἱερατικοῖς
830 512 929 563 ούκ
957 510 1134 575 ἔξεστι
1174 505 1295 561 κατ’
1347 505 1485 559 ίδίαν
1530 502 1747 572 γυναιξὶ
1794 517 1922 551 συν-

345 610 568 663 εσθίειν.
618 606 680 658 El
707 605 762 658 δέ
804 620 934 655 ποτε
978 600 1137 653 τοῦτο
1169 599 1412 668 γίνεσθαι
1437 597 1640 664 δεήσει,
1669 608 1925 660 συμπαρ-

345 704 515 755 όντων
548 697 730 760 αὐτοῖς
766 695 962 762 τιμίων
1011 692 1219 763 ἀνδρῶν
1249 708 1309 743 τε
1343 692 1436 743 καὶ
1476 688 1750 757 γυναικῶν
1796 702 1924 738 συν-

350 789 768 860 εστιαθήσονται
794 784 1080 854 γυναιξὶν,
1114 783 1201 836 ἵνα
1233 781 1329 835 καὶ⁵
1357 782 1390 851 ἡ
1414 778 1757 838 συνεστίασις
1788 774 1925 845 πρὸς

348 880 688 951 κατόρθωσιν
702 895 833 932 πνευ
841 895 945 949 ματ
955 874 1304 946 ικὴνόπάγῃ⁹
1325 870 1580 943 κατορθοῖ
1593 871 1702 939 γὰρ
1716 869 1743 920 6
1755 866 1928 928 οὕτως

346 974 674 1037 ἀνυπόπτως
731 969 1028 1024 συνεσθίων
1094 966 1311 1037 γυναιξὶ
1355 966 1415 1018 τὸ
1465 959 1787 1029 δοξάζεσθαι
1834 956 1928 1011 τὸν

350 1066 505 1120 Θεόν.
533 1067 597 1119 Oi
634 1065 743 1134 γὰρ
764 1060 998 1134 ὁρῶντες
1023 1059 1202 1113 αὐτῶν
1233 1058 1338 1124 ἔξω
1360 1055 1536 1125 πάσης
1566 1047 1928 1121 διατηροῦντα

352 1158 552 1212 ἑαυτὸν
580 1156 844 1227 ἀποψίας,
875 1146 1160 1221 δοξάζουσι
1182 1151 1271 1205 τὸν
1292 1146 1452 1213 Θεὸν,
1482 1147 1623 1201 κατὰ
1650 1145 1743 1198 τὸν
1767 1144 1929 1212 εὐαγ-

349 1248 569 1320 γελικδν
589 1249 745 1317 λόγον
773 1248 864 1302 τὸν
883 1246 1131 1314 λέγοντα*
1156 1240 1460 1312 Λαμψὰτω
1486 1240 1552 1294 τὸ
1581 1237 1710 1308 φῶς
1757 1234 1925 1306 ὑμῶν

349 1344 695 1414 ἔμπροσθεν
730 1340 848 1394 τῶν
876 1336 1224 1407 ἀνθρώπων,
1256 1336 1417 1400 ὅπως
1440 1332 1610 1387 ίδωσι
1659 1330 1732 1385 τὰ
1775 1328 1933 1384 καλὰ

349 1435 495 1504 ἔργα
524 1432 691 1503 ὑμῶν
715 1431 816 1486 καί
858 1429 1169 1494 δοξάσωσι
1200 1428 1305 1481 τὸν
1335 1425 1568 1494 Πατέρα
1612 1421 1779 1490 ὑμῶν
1824 1420 1933 1475 τόν

350 1529 421 1581 ἐν
445 1524 569 1593 τοῖς
588 1524 888 1593 οὐρανοῖς.
922 1524 1033 1576 Καὶ
1058 1520 1120 1574 οὐ
1158 1520 1319 1591 μόνον
1360 1517 1672 1588 ἀλλοτρίαις
1712 1513 1932 1584 γυναιξὶ

355 1616 656 1672 συνεσθίειν
684 1618 711 1671 6
750 1615 983 1686 μοναχδς
1028 1612 1061 1683 ἢ
1106 1614 1134 1666 6
1180 1611 1480 1683 ίερωμένος
1512 1610 1606 1664 ἐπὶ
1651 1606 1931 1677 παρουσίᾳ

356 1711 521 1764 τινῶν
561 1707 812 1762 εὐλασῶν
838 1707 1180 1769 ἀπαιτετται,
1213 1703 1350 1758 ἀλλὰ
1386 1702 1481 1755 καὶ
1506 1703 1596 1756 ὅτε
1632 1698 1927 1769 συγγενέσι

353 1797 569 1870 γυναιξὶ
620 1797 919 1853 συνεσθίει.
944 1796 1059 1848 ὶἘν
1091 1766 1524 1864 δὲ-όδοιπορίαις
1564 1766 1863 1861 ἱερωμένος
1897 1790 1929 1861 ἢ
1963 1766 2004 1821 Β

357 1892 611 1963 μοναχδς,
644 1892 692 1944 εί
726 1890 801 1960 μὴ
830 1888 943 1959 ἔχοι
973 1888 1105 1940 ὅπου
1134 1886 1538 1948 ἀναπαύσεται,
1570 1883 1726 1939 ἄδεια
1770 1881 1926 1937 ἔσται

354 1980 506 2052 αύτῷ
533 1981 627 2034 καὶ
656 1982 714 2034 ὲν
742 1975 1044 2047 πανδοκείῳ
1071 1976 1166 2028 καὶ
1192 1975 1251 2028 ὲν
1274 1973 1408 2044 οίκῳ
1438 1972 1586 2035 τινὸς
1617 1970 1927 2025 καταλῦσαι

354 2071 545 2143 χρείας
578 2067 1032 2137 κατεπειγούσης
1079 2063 1221 2133 πλὴν
1275 2063 1437 2117 κάκεῖ
1481 2058 1600 2133 μετ’
1643 2060 1929 2123 εὐλαϐείας

356 2160 611 2231 βούλεται
640 2160 668 2213 6
693 2156 873 2212 κανὼν
910 2155 1008 2210 καὶ
1040 2152 1334 2224 σωφρόνως
1364 2153 1566 2217 αὐτοὺς
1598 2150 1696 2224 τὴν
1725 2150 1932 2220 διαγω-

355 2251 461 2323 γὴν
496 2251 790 2304 ποιεῖσθαι.

2026 499 2193 571 igitur
2224 497 2537 568 hujusmodi
2581 496 2727 549 inter
2772 494 3119 550 Christianos
3165 495 3275 549 sint
3302 533 3317 557 ,
3359 494 3607 563 corrigi:

2026 592 2111 644 sin
2149 590 2353 653 minus,
2385 588 2734 657 antiquorum
2789 602 3061 641 canonum
3104 586 3524 641 constitutiones
3556 585 3608 637 in

2028 684 2157 752 ipsis
2189 682 2393 737 servari
2424 682 2616 750 placet.
2652 680 2720 733 Et
2756 681 2869 733 lucc
2900 679 3119 748 quidem
3159 681 3226 733 de
3255 679 3409 734 laicis
3430 694 3607 732 canon

2027 776 2235 830 statuit.
2274 772 2485 839 Quibus
2518 788 2667 837 vero,
2709 773 2921 842 inquit,
2955 774 3081 825 vitae
3129 787 3303 841 genus
3364 771 3611 839 quietum

2027 875 2081 919 et
2122 865 2455 928 solitarium,
2487 862 2615 932 quin
2647 872 2700 916 et
2732 863 2798 917 iis
2838 865 2929 932 qui
2982 863 3034 915 in
3098 878 3313 917 sarrum
3362 864 3612 915 ordinem

2027 956 2260 1025 cooptati
2298 963 2447 1019 sunt,
2515 954 2770 1023 privatim
2821 954 3145 1009 mulieribus
3195 956 3447 1009 convesci
3502 968 3612 1008 non

2030 1049 2180 1103 licet.
2213 1047 2269 1103 Id
2303 1064 2429 1102 vero
2470 1049 2515 1103 si
2544 1047 2876 1117 quandoque
2912 1048 3223 1104 necessario
3255 1046 3371 1111 ﬁat,
3401 1062 3613 1116 nequa—

2030 1156 2192 1208 quam
2226 1154 2350 1194 cum
2386 1138 2607 1195 feminis
2651 1139 3003 1194 discumbere
3029 1178 3045 1204 ,
3104 1139 3210 1195 nisi
3248 1138 3615 1208 praesentibus
3653 1192 3663 1209 ,

2033 1233 2276 1288 honestis
2304 1233 2436 1287 viris
2468 1248 2531 1286 ac
2564 1232 2890 1287 mulieribus
2921 1269 2937 1296 ,
3002 1233 3329 1302 permissum
3391 1234 3462 1286 sit
3491 1276 3505 1297 ,
3555 1242 3614 1287 ut
3655 1266 3661 1275 ο

2033 1325 2375 1395 spiritualem
2408 1325 2646 1394 aliquem
2678 1325 2912 1377 fructum
2967 1325 3085 1393 ipsa
3140 1324 3229 1378 illa
3285 1324 3613 1379 convivendi

2035 1418 2268 1474 societas
2309 1419 2504 1486 pariat.
2533 1416 2795 1486 Quisquis
2824 1415 2969 1471 enim
2999 1416 3101 1469 hoc
3140 1425 3297 1485 pacto
3337 1417 3473 1471 citra
3516 1432 3612 1472 su-

2038 1512 2337 1580 spicionem
2364 1524 2486 1565 cum
2510 1510 2829 1565 mulieribus
2848 1510 3108 1573 vescitur,
3129 1520 3354 1565 caeteros
3385 1512 3450 1565 ad
3479 1527 3618 1580 prae-

2036 1603 2259 1655 conium
2289 1600 2486 1658 divina:
2521 1601 2698 1655 laudis
2725 1602 2977 1670 impellit.
3014 1601 3148 1655 Nam
3204 1603 3297 1670 qui
3338 1603 3407 1656 ab
3445 1617 3510 1658 eo
3549 1618 3619 1657 ne

2036 1693 2373 1749 tenuissima!
2397 1693 2614 1763 quidem
2640 1694 2937 1762 suspicioni
2974 1695 3149 1748 locum
3179 1695 3410 1763 relinqui
3439 1695 3616 1749 anim-

2032 1776 2389 1847 adverterint,
2427 1784 2594 1840 Deum
2631 1786 2884 1841 laudibus
2928 1786 3182 1849 etl‘erunt,
3229 1797 3288 1840 ut
3338 1788 3393 1840 in
3440 1786 3616 1841 Evan-

2030 1877 2175 1946 gelio
2208 1881 2478 1947 scriptum
2509 1885 2618 1941 est,
2656 1878 2764 1932 illis
2804 1878 2988 1931 verbis
3022 1894 3035 1931 :
3069 1876 3157 1931 Sic
3201 1877 3375 1931 luceat
3414 1879 3508 1931 lux
3536 1895 3621 1934 re-

2030 1981 2145 2023 τινα
2178 1985 2359 2023 coram
2390 1970 2691 2024 hominibus
2736 1958 2899 2041 33o
2926 1979 2980 2023 ut
3021 1972 3230 2026 videant
3261 1989 3418 2040 opera
3443 1980 3618 2027 vestra

2030 2060 2168 2114 bona
2197 2100 2212 2126 ,
2275 2070 2326 2115 et
2371 2060 2673 2130 gloriﬁcent
2720 2060 2933 2115 Putrem
2979 2071 3206 2116 vestrum
3238 2102 3253 2125 ,
3303 2064 3393 2131 qui
3446 2071 3524 2118 est
3561 2064 3617 2117 in

2032 2153 2177 2208 cwlis
2205 2154 2273 2209 "‘.
2307 2151 2498 2222 Neque
2532 2152 2706 2207 solum
2740 2153 3184 2224 quandocunque
3233 2154 3616 2220 cunralienis,

2037 2244 2134 2301 sed
2162 2244 2326 2299 etiam
2352 2245 2397 2299 si
2427 2260 2552 2299 cum
2602 2246 3009 2316 prapinquitate
3045 2245 3253 2316 junctis
3299 2247 3618 2303 mulieribus

360 2343 614 2397 monachi
641 2354 732 2397 aut
754 2342 1144 2398 sacrisinitiati
1175 2340 1360 2398 cibum
1385 2338 1626 2409 capiant,
1684 2336 1949 2393 modestia
1978 2346 2259 2407 spectatos
2290 2338 2539 2393 homines
2563 2338 2810 2393 adhiberi
2838 2339 2941 2393 hoc
2972 2354 3184 2394 canone
3206 2348 3467 2395 statutum
3501 2350 3609 2397 est.

359 2433 418 2489 In
464 2436 655 2490 itinere
695 2444 901 2499 tamen.
934 2435 1024 2489 ubi
1073 2433 1211 2488 alius
1268 2431 1642 2488 commorandi
1696 2431 1850 2487 locus
1896 2446 2003 2486 non
2046 2440 2317 2503 suppetat,
2351 2441 2568 2488 sacrato
2602 2432 2806 2487 homini
2839 2442 2931 2487 aut
2959 2436 3230 2490 monacho
3274 2436 3496 2506 impune
3546 2434 3611 2487 ad

358 2544 660 2598 cauponam
683 2528 969 2591 divertere,
996 2530 1163 2585 autin
1190 2528 1414 2585 alterius
1435 2526 1742 2597 cuiuspiam
1768 2526 1931 2581 domo
1975 2527 2201 2584 instanti
2238 2528 2556 2585 necessitati
2588 2528 2905 2584 satisfacere
2936 2544 3263 2586 concessum
3332 2533 3405 2587 sit
3436 2551 3449 2587 :
3521 2532 3614 2587 sed

362 2624 415 2676 in
454 2624 522 2676 iis
552 2636 768 2691 quoque
802 2621 935 2677 locis
969 2621 1250 2689 religionis
1280 2619 1639 2675 nihilominus
1688 2632 1755 2673 ac
1786 2622 2161 2688 temperantiae
2198 2621 2466 2675 rationem
2501 2621 2569 2675 ab
2600 2620 2710 2675 illis
2764 2634 2941 2676 canon
2977 2622 3162 2677 haberi
3196 2623 3367 2693 jubet.

359 2714 586 2768 ΑΡΙΣΤ.
638 2730 657 2764 ι
688 2713 924 2777 Λαῖκοὺς
959 2713 1056 2782 μὲν
1089 2713 1289 2783 ἄνδρας
1348 2708 1652 2763 συνεσθίειν
1686 2709 1935 2777 γυναιξὶν

440 2824 457 2857 ι
504 2804 848 2874 ἀδιάϐλητον*
876 2805 1229 2875 μονοτρόποις
1254 2803 1311 2857 δὲ
1328 2802 1428 2856 ούκ
1448 2801 1628 2865 ἔξεστι
1648 2802 1770 2854 κατ’
1797 2800 1933 2853 ίδίαν

438 2916 455 2947 ι
506 2896 727 2964 γυναιξὶ
762 2896 1089 2959 συνεσθίειν,
1121 2898 1170 2947 εί
1213 2896 1287 2965 μή
1319 2911 1419 2947 που
1468 2893 1610 2963 μετὰ
1659 2892 1936 2961 θεοφόὸων

444 3009 462 3041 ι
513 2991 607 3043 καὶ
645 2989 890 3042 εὐλαὸὦν
918 2988 1128 3059 ἀνδρῶν
1152 3005 1213 3041 τε
1253 2989 1345 3041 καὶ
1369 2986 1663 3055 γυναικῶν.
1704 2987 1793 3039 Ἑν
1834 2985 1937 3056 ὁδῷ

442 3103 460 3134 ι
506 3082 563 3135 δὲ
599 3081 830 3152 μοναχὸς
863 3080 895 3151 ἢ
937 3081 1206 3151 ίερατικὺς
1233 3078 1393 3151 ἀνὴρ,
1431 3080 1506 3150 μὴ
1536 3078 1934 3150 ἐπιφερόμενος
1969 3131 2011 3188 C

445 3194 462 3227 ι
512 3176 580 3229 τὰ
613 3175 908 3242 ἀναγκαῖα,
942 3175 1001 3226 ἐν
1033 3172 1337 3244 πανδοκείῳ
1371 3171 1759 3227 καταλύσουσι.
1810 3190 1830 3222 ι

440 3445 514 3499 Τὸ
550 3442 649 3514 μὲν
685 3443 804 3513 μετ’
837 3444 1189 3515 εὐχαριστίας
1235 3444 1328 3499 καὶ
1362 3443 1532 3512 φόϐου
1566 3441 1725 3508 Θεοῦ,
1752 3441 1827 3513 μὴ
1853 3441 1943 3493 διά

367 3553 533 3589 τινων
565 3536 871 3606 θυμελικῶν
914 3537 1007 3590 καὶ
1044 3534 1363 3589 σατανικῶν
1388 3533 1673 3605 ᾀσμάτων,
1722 3531 1943 3594 λαῖκοὺς

370 3629 568 3699 ἄνδρας
592 3627 809 3696 γυναιξὶ
842 3627 1142 3681 συνεσθίειν
1164 3627 1273 3681 τῶν
1297 3625 1641 3696 ἀδιαὸλήτων
1667 3624 1803 3676 ἐστί·
1828 3626 1944 3683 τοῖς

372 3722 467 3774 καὶ
496 3719 608 3790 βίον
647 3719 872 3790 ἡσύχιον
922 3719 1125 3789 ἔχουσι,
1164 3720 1259 3773 καὶ
1292 3718 1660 3789 μονοτρόπως,
1704 3716 1781 3779 ὡς
1816 3732 1942 3767 συν-

370 3810 698 3881 ταξαμένοις
735 3810 855 3879 Θεῷ
905 3813 997 3862 καὶ
1034 3810 1349 3881 καταμόνας
1384 3808 1631 3868 καθίσαι.
1665 3807 1762 3861 καί
1818 3823 1946 3859 σιω-

372 3902 567 3971 πῆσαι,
596 3903 716 3955 κατ’
739 3902 875 3955 ίδίαν
896 3903 1031 3965 ὅλως
1054 3902 1152 3955 οὐκ
1177 3901 1355 3966 ἔξεστι
1383 3899 1597 3969 γυναιξὶ
1623 3896 1942 3961 συνεσθίειν,

371 3997 421 4048 εί
456 3998 531 4066 μή
567 4012 668 4048 που
708 3994 850 4066 μετά
879 4012 1042 4049 τινων
1069 3993 1347 4063 θεοφόϐων
1379 3993 1590 4062 ἀνδρῶν
1624 4010 1685 4045 τε
1720 3994 1816 4045 καὶ
1845 4008 1942 4058 γυ-

371 4089 575 4141 ναικῶν
610 4087 1032 4157 συνεστιαθῆναι
1085 4086 1425 4156 θελήσουσιν·
1481 4086 1569 4139 ἴνα
1604 4085 1700 4140 καὶ
1740 4084 1878 4155 αύτὴ
1910 4086 1944 4154 ἡ

389 4180 728 4243 συνεστίασις
756 4179 891 4250 πρὸς
924 4179 1265 4249 κατόρθωσιν
1288 4177 1668 4250 πνευματικὴν
1694 4176 1943 4245 γένηται.

400 4271 488 4324 Ἐν
530 4270 633 4341 ὁδῷ
660 4270 736 4335 δὲ,
764 4270 814 4322 εί
846 4268 914 4322 τὰ
941 4271 1213 4337 ἀναγκαῖα
1245 4269 1346 4323 οὐκ
1376 4270 1755 4340 ἐπιφέρονται,
1790 4266 1946 4322 ἄδεια

375 4359 579 4415 δίδοται
609 4360 703 4412 καὶ
736 4358 957 4430 μοναχῷ
986 4360 1081 4412 καὶ
1106 4359 1368 4431 ἱερατικῷ
1392 4359 1550 4431 ἀνδρὶ
1565 4362 1622 4413 ὲν
1645 4357 1948 4429 πανδοκείῳ

376 4456 490 4507 εἴτε
536 4453 631 4505 καὶ
662 4454 718 4508 ὲν
752 4454 889 4521 οίκῳ
925 4454 1215 4510 καταλύειν
1249 4455 1339 4511 διὰ
1372 4455 1470 4529 τὴν
1510 4455 1947 4525 κατεπείγουσαν

374 4544 587 4617 χρείαν.

446 4717 498 4756 ’δ
523 4722 714 4780 Matth.
752 4741 805 4793 ν,
841 4702 937 4780 is;

633 5808 907 5870 Parnoe.
937 5809 1052 5868 Gn.
1097 5801 1443 5870 CXXXVII.

2044 2710 2275 2768 ARIST.
2318 2731 2336 2764 ι
2391 2711 2591 2767 Laicos
2640 2711 2858 2781 quidem
2912 2713 3061 2768 viros
3112 2729 3234 2767 cum
3301 2716 3621 2771 mulieribus

2119 2823 2136 2854 ι
2180 2804 2431 2859 convesci
2465 2813 2547 2859 est
2588 2803 2655 2857 ab
2687 2804 2836 2858 omni
2866 2802 3289 2872 reprehensione
3324 2805 3561 2860 alienum
3598 2825 3613 2861 :

2118 2916 2135 2947 ι
2176 2897 2440 2953 solitariis
2465 2906 2646 2952 autem
2688 2896 2820 2952 viris
2855 2911 2978 2950 cum
3014 2898 3334 2953 mulieribus
3366 2899 3617 2967 privatim

2118 3006 2139 3039 ι
2183 2989 2462 3042 convivari
2494 3004 2600 3044 non
2641 2989 2767 3042 licet
2797 3004 2811 3053 ;
2844 2990 2947 3043 nisi
2979 2988 3206 3043 forsitan
3239 3006 3344 3044 una
3369 3006 3491 3045 cum
3527 2993 3619 3046 Dei

2122 3099 2141 3132 ι
2179 3081 2496 3138 timentibus
2526 3088 2580 3136 et
2614 3081 2885 3152 religiosis
2912 3082 3046 3137 viris
3075 3089 3129 3137 ct
3183 3083 3527 3140 mulieribus.
3565 3085 3619 3140 ln

2123 3190 2141 3223 ι
2182 3175 2376 3229 itinere
2409 3183 2590 3229 autem
2632 3175 2935 3230 monachus
2969 3176 3048 3230 vel
3082 3182 3135 3229 et
3168 3177 3341 3231 sacris
3379 3178 3623 3232 initiatus
3686 3172 3694 3180 ’

2120 3280 2140 3316 ι
2186 3263 2291 3329 vir,
2329 3278 2515 3318 secum
2545 3264 2856 3319 necessaria
2894 3279 3001 3317 non
3043 3263 3297 3332 alIcreiis,
3325 3265 3379 3320 in
3446 3267 3624 3335 publi-

2120 3374 2139 3407 ι
2180 3371 2305 3410 cum
2339 3354 2705 3412 diversorium
2731 3356 2987 3412 divertat.
3024 3372 3043 3407 ι

2114 3446 2250 3502 Cum
2282 3448 2581 3519 gratiarum
2612 3448 2830 3517 quidem
2865 3449 3082 3504 actione
3127 3458 3182 3503 et
3228 3448 3321 3505 Dei
3380 3451 3573 3505 timore
3602 3493 3617 3516 ,

2046 3556 2154 3597 non
2189 3543 2423 3599 scenicis
2471 3543 2745 3614 aliquibus
2773 3551 2827 3598 et
2861 3543 3121 3599 satanieis
3200 3545 3430 3601 canticis
3460 3587 3477 3612 ,
3526 3544 3623 3604 laié

2044 3650 2140 3691 cos
2171 3635 2318 3689 viros
2373 3650 2497 3689 cum
2557 3636 2883 3691 mulieribus
2942 3636 3236 3699 convesci,
3298 3637 3620 3707 reprehendi

2048 3725 2255 3794 nequit.
2294 3727 2382 3779 Eis
2415 3736 2618 3791 autem,
2644 3727 2736 3796 qui
2776 3728 2938 3780 vitam
2965 3728 3205 3795 quietam
3237 3737 3290 3783 et
3318 3730 3621 3783 solitariam

2047 3817 2354 3885 elegerunt,
2386 3826 2442 3872 ut
2475 3819 2567 3888 qui
2594 3819 2700 3871 {leo
2726 3819 3137 3888 spoponderunt
3168 3819 3413 3875 solitarie
3435 3824 3624 3877 sedere

2048 3911 2101 3957 et
2131 3903 2311 3967 silere,
2347 3920 2454 3958 non
2490 3906 2712 3959 omnino
2752 3908 2880 3961 licet
2907 3922 3030 3960 cum
3062 3907 3386 3963 mulieribus
3439 3913 3622 3979 priva-

2047 3995 2144 4048 tim
2176 3994 2462 4050 romedcre
2494 4013 2507 4049 :
2544 3994 2650 4049 nisi
2687 3995 2826 4051 forte
2887 4012 3011 4049 cum
3058 3997 3332 4065 religiosis
3388 4000 3619 4067 quibus-

2048 4086 2174 4140 dam
2217 4087 2354 4141 viris
2381 4096 2469 4140 aut
2508 4087 2835 4142 mulieribus
2863 4088 3140 4141 convivari
3187 4088 3349 4143 velint
3382 4106 3398 4156 ;
3462 4099 3520 4145 ut
3570 4102 3625 4146 et

2050 4178 2227 4247 ipsum
2266 4179 2429 4232 etiam
2467 4179 2779 4233 convivium
2816 4180 2886 4233 ad
2942 4178 3281 4248 spiritualem
3323 4183 3626 4237 correctio-

2048 4285 2172 4323 nem
2206 4270 2413 4327 tendat.
2444 4270 2501 4325 hi
2537 4270 2734 4325 itinere
2771 4280 2951 4325 autem
2983 4310 2999 4333 ,
3053 4270 3099 4325 si
3152 4275 3460 4327 necessaria
3516 4289 3624 4328 non

2051 4360 2379 4427 alieruntur,
2410 4361 2535 4417 licet
2564 4362 2838 4416 monacho
2896 4370 2990 4416 aut
3033 4362 3241 4418 homini
3295 4366 3624 4420 sacerdotali

2052 4452 2107 4506 in
2149 4450 2428 4522 publicum
2460 4451 2848 4516 diversorium,
2884 4451 2966 4505 vel
3012 4450 3070 4505 in
3122 4450 3358 4523 alicujus
3397 4452 3622 4509 domum

1969 4557 2025 4618 Β
2053 4545 2324 4600 divertere
2360 4551 2583 4615 propter
2612 4550 2895 4613 urgentem
2930 4541 3105 4613 ipsius
3140 4543 3545 4601 necessitatem.
3630 4576 3633 4579 -

3152 5816 3227 5881 32
