4074 6214
381 311 475 378 ιοι
491 311 527 375 5
1610 296 1693 358 1N
1733 295 1905 360 CAN.
1946 296 1973 355 l

2080 294 2226 357 ZNC.
2269 292 2478 358 Cl’OL.
3510 292 3645 357 1006

382 423 493 477 τῶν
531 418 879 492 λαληθέντων
910 417 1004 470 καὶ
1037 409 1428 478 συνδοξάντωνυ,
1469 408 1556 462 ὅτε
1591 409 1685 462 καὶ
1734 407 1808 483 οἱ.
1837 405 1968 458 ὑπο-

2080 406 2352 461 numentis
2385 404 2762 460 commendata
2796 411 2911 458 tum
2953 402 3173 458 demum
3231 401 3422 457 fuisse.
3476 404 3648 471 Atque

382 508 710 580 τεταγμένοι
747 506 973 567 κανόνες
1015 499 1464 570 ἐξεφωνήθησαν.

2080 510 2140 550 ex
2176 496 2279 550 hoc
2311 495 2515 550 factum
2559 497 2732 560 aiunt,
2771 505 2831 550 ut
2867 497 3002 559 haec,
3037 495 3161 550 licet
3213 511 3317 549 una
3377 496 3645 565 synodus,

383 616 564 672 mmen
593 601 663 656 ob
686 599 875 654 Patres
909 597 992 652 bis
1029 603 1386 656 convocatos,
1413 590 1587 662 prima
1613 601 1667 644 ct
1733 587 1978 646 secunda
2057 590 2250 644 merito
2308 592 2585 644 noniiinata
2637 590 2820 644 fuerit.
2876 591 2932 643 lu
2982 591 3222 645 secuuda
3284 590 3465 659 itaque
3511 607 3647 672 con-7

381 692 663 759 gressione
690 691 780 757 iis,
819 705 944 760 Qtue
981 689 1260 758 disputata
1292 696 1457 756 atque
1507 684 1755 738 omnium
1815 697 2090 737 consensu
2129 683 2348 739 decreta
2420 684 2660 751 fuerant,
2716 685 2938 754 scripto
3001 685 3337 747 commissis,
3413 681 3645 753 subjcct‘

382 795 598 852 quoque
627 796 868 838 canones
897 779 1224 852 promulgati
1257 779 1433 834 fuere.

1001 899 1242 953 ΚΔΝΩΝ
1276 901 1355 953 A'.

447 1015 687 1087 Πρᾶγμα
716 1031 772 1067 σε
784 1014 914 1084 μνον
937 1014 1080 1068 οὕτω
1096 1015 1402 1086 καὶτίμιον,
1426 1014 1520 1067 καὶ
1536 1015 1650 1075 τοῖς
1670 1011 1968 1084 μακαρίοις

457 1127 475 1160 1
511 1108 606 1162 καὶ
621 1107 786 1172 ὁσίοις
805 1107 1081 1177 Πατράσιν
1096 1107 1253 1176 ἡμῶν
1269 1106 1436 1161 πάλαι
1453 1105 1636 1168 καλῶς
1655 1105 1964 1177 ἐπινοηθέν,

467 1222 486 1255 1
517 1202 551 1272 ἡ
572 1200 680 1255 τῶν
696 1197 1363 1270 μοναστηρίωνοίκοεομὴ,
1385 1197 1567 1260 κακῶς
1587 1197 1968 1268 ὁρᾶταιπρατ-

460 1317 484 1344 1
522 1293 750 1363 τόμενον
788 1296 1050 1364 σήμερον.
1079 1292 1234 1355 Τινὲς
1256 1290 1366 1362 γὰρ
1394 1291 1568 1360 ὄνομα
1595 1290 1966 1360 μοναστηρίου

469 1400 489 1433 ‹
526 1384 647 1444 ταῖς
674 1382 908 1445 οἰκείαις
937 1381 1278 1452 περιουσίαις
1306 1382 1399 1434 καὶ
1424 1380 1692 1452 ὑπάρξεσι
1747 1379 1970 1451 περιθεῖ.

466 1494 486 1527 1
521 1492 696 1546 μενοι,
725 1477 818 1529 καὶ
847 1475 968 1546 Θεῷ
998 1474 1358 1542 καθαγιάςειν
1391 1474 1595 1537 ταύτας
1631 1473 1968 1542 ἐπαγγελλό-

469 1587 488 1620 1
531 1585 708 1638 μενοι,
763 1570 995 1638 κυρίους
1033 1585 1091 1621 τε
1137 1568 1245 1621 τῶν
1292 1566 1722 1638 ἀφιερωθέντων
1741 1565 1969 1630 ἑαυτοὺς

461 1682 481 1716 1
522 1663 925 1735 ἀναγράφουσι,
953 1663 1050 1715 καὶ
1083 1661 1223 1736 μόνῃ
1253 1665 1317 1733 τῇ
1345 1663 1694 1734 προσηγορίᾳ
1732 1661 1794 1715 τὸ
1825 1661 1970 1714 θεῖον

450 1776 470 1809 1
514 1755 772 1825 ἀφοσιοῦν
816 1756 1234 1827 ἐκμηχανᾶσθαι
1271 1755 1624 1826 διεγνώκασι.
1656 1753 1769 1825 Τὴν
1795 1754 1968 1825 αὐτὴν

466 1865 485 1899 1
523 1849 633 1918 γάρ
699 1845 951 1913 ἐξουσίαν
1010 1847 1106 1901 καὶ
1157 1851 1297 1917 μετὰ
1341 1849 1444 1918 τὴν
1501 1847 1806 1920 ἀφιέρωσιν
1860 1849 1960 1900 οὐκ

463 1958 484 1990 1
521 1937 822 2010 ἐρυθριῶσι
897 1937 1357 2010 σφετερίζεσθαι,
1415 1938 1595 2010 ἥνπερ
1654 1938 1803 2008 ἔχειν
1851 1938 1954 1991 οὒκ

467 2048 487 2082 1
527 2027 828 2083 ἐκωλύοντο
873 2028 1175 2099 πρότερονο
1238 2029 1332 2082 καὶ
1398 2027 1636 2099 τοσαύτη
1687 2027 1964 2098 καπηλεία

457 2139 478 2174 1
519 2121 854 2192 προσετρίδη
906 2122 986 2192 τῷ
1054 2120 1365 2191 πράγματι,
1414 2119 1558 2173 ὥστε
1625 2119 1797 2174 πολλὰ
1852 2119 1964 2173 τῶν

459 2230 479 2264 1
521 2211 941 2284 ἁφιερωθέντων
973 2213 1107 2283 παρ’
1138 2211 1319 2264 αὐτῶν
1348 2228 1412 2281 γε
1455 2212 1566 2265 τῶν
1616 2212 1963 2282 ἀφιερώσαν-

461 2321 483 2356 1
520 2319 630 2358 των
677 2303 912 2373 ὁρᾶσθαι
942 2303 1391 2374 πιπρασκόμενα,
1426 2302 1634 2372 θάμϐος
1681 2302 1776 2355 καὶ
1810 2303 1965 2372 μῖσος

467 2418 488 2452 1
523 2400 634 2462 τοῖς
660 2398 828 2470 ὁρῶσι
851 2397 1207 2467 παρεχόμενα
1230 2411 1244 2424 °
1277 2398 1372 2449 καὶ
1401 2397 1462 2449 οὐ
1498 2397 1662 2465 μόνον
1696 2397 1795 2449 οὐκ
1817 2395 1965 2448 ἔστιν

463 2510 484 2544 1
525 2492 708 2554 αὐτοῖς
756 2489 1114 2560 μεταμέλεια,
1146 2489 1232 2557 ἐφ’
1257 2483 1338 2553 οἷς
1370 2489 1481 2542 τῶν
1510 2488 1659 2554 ἅπαξ
1686 2487 1967 2542 ἀνατεθει-

465 2602 484 2635 1
523 2583 702 2654 μένων
732 2581 851 2652 Θεῷ
886 2581 984 2652 τὴν
1031 2581 1280 2646 ἐξουσίαν
1306 2583 1517 2644 ἑαυτοῖς
1548 2578 1963 2651 ἐπιτρέπουσιν,

474 2695 492 2728 1
527 2676 781 2731 ἀλλὰκαὶ
813 2674 1023 2746 ἑτέροις
1067 2675 1277 2744 ταύτην
1332 2673 1504 2736 ἀδεῶς
1557 2672 1968 2743 παραπέμπων·
2018 2683 2024 2690 ·

460 2786 480 2820 1
532 2786 636 2822 σιν.
676 2768 902 2838 Ὤρισεν
949 2763 1042 2821 οὖν
1096 2765 1186 2821 διὰ
1242 2766 1417 2820 ταῦτα
1469 2767 1502 2837 ἠ
1559 2765 1689 2835 άγία
1745 2765 1966 2829 σύνοδος

463 2874 484 2906 1
529 2855 727 2927 μηδενὶ
762 2855 962 2920 ἐξεῖναι
988 2859 1353 2928 μοναστήριον
1379 2857 1684 2927 οἰκοδομεῖν
1711 2856 1842 2911 ἄνευ
1867 2857 1964 2928 τῆς

468 2967 488 3000 1
522 2948 614 3002 τοῦ
647 2947 946 3001 ἐπισκόπου
978 2947 1204 3018 γνώμης
1243 2950 1334 3002 καὶ
1378 2948 1598 3020 βουλῆς.
1646 2948 1883 3002 Ἐκείνου
1910 2949 1966 3001 δὲ

461 3060 480 3092 1
519 3040 821 3104 συνειδότος
864 3041 958 3093 καὶ
1005 3042 1420 3110 ἐπιτρέποντος,
1480 3043 1573 3093 καὶ
1608 3041 1704 3111 τὴν
1750 3041 1963 3110 ὀφειλο-

461 3151 482 3182 1
522 3133 692 3202 μένην
723 3129 1095 3192 ἐπιτελοῦντος
1126 3131 1310 3202 εὑέὴν,
1351 3123 1427 3195 ὡς
1477 3133 1588 3194 τοῖς
1645 3131 1813 3186 πάλαι
1851 3133 1967 3185 θεο-
1992 3139 2038 3202 ο

471 3243 491 3277 1
527 3223 697 3293 φιλῶς
751 3224 1191 3294 νενομοθέτηται,
1273 3224 1674 3295 οἰκοδομεῖσθαι
1754 3226 1856 3296 μὲν
1905 3228 1967 3279 τὸ

469 3335 490 3370 ι
529 3317 893 3388 μοναστηριον
962 3314 1217 3370 πάνταδέ
1242 3317 1312 3369 ’.ὰ
1338 3319 1397 3367 ἐν
1430 3316 1582 3388 αὐτῷ
1615 3318 1968 3388 προσήκοντα

473 3427 492 3460 1
531 3411 627 3463 σὺν
692 3408 843 3478 αὐτῷ
902 3407 1095 3478 ἐκείνῳ
1153 3405 1357 3478 βρε6.’ῳ
1412 3409 1963 3480 ἐγκαταγράφεσθαι,

459 3523 496 3574 ι,
523 3504 620 3559 καὶ
647 3505 758 3568 τοῖς
810 3504 1192 3566 ἐπισκοπεθιιοῖς
1249 3504 1491 3574 ἀρχείοις
1526 3503 1965 3569 ἐναποτίθεσθσιι,

475 3622 492 3649 1
536 3597 801 3670 μηδαμῶς
823 3597 1005 3652 ἄδειαν
1036 3596 1250 3666 ἔχοντος
1273 3595 1362 3648 τοῦ
1401 3597 1778 3667 άφιεροῦντος,
1818 3599 1970 3668 παρὰ

472 3709 493 3742 1
532 3691 756 3764 γνώμην
816 3691 911 3745 τοῦ
963 3690 1264 3744 ἐπισκόπου
1328 3691 1518 3743 ἑαυτὸν
1569 3689 1872 3761 ἡγούμενον
1932 3690 1966 3759 ἥ

467 3804 487 3837 ι
526 3785 641 3838 ἀνθ’
673 3783 868 3838 ἐαυτοῦ
899 3783 1088 3855 ἕτερον
1119 3779 1406 3853 καθ’στᾷν.
1445 3781 1498 3834 ει
1530 3785 1641 3850 γάρ
1686 3780 1833 3850 ἅπερ
1883 3797 1968 3844 τις

473 3895 492 3929 1
526 3875 795 3948 ἀνθρώπῳ
826 3859 1136 3947 χαρίζεται,
1172 3877 1379 3927 τούτων
1413 3873 1595 3927 λύκὲτι
1617 3872 1807 3942 κύριος
1825 3867 1968 3926 εἶναι

471 3988 490 4021 1
527 3968 770 4035 δθναται,
808 3969 926 4032 πῶς
988 3970 1133 4037 ἆπερ
1166 3984 1251 4030 τις
1303 3967 1420 4035 Θεῳ
1482 3964 1808 4034 καθαγιάζει
1874 3965 1971 4019 καὶ

470 4079 494 4113 1
529 4061 817 4131 ἀνατίθησι
857 4060 1066 4112 τούτων
1118 4056 1466 4128 ὑφαρπάζειν
1515 4055 1615 4128 τὴν
1672 4055 1970 4130 κυριότητα

469 4169 488 4204 ι
526 4147 904 4222 παράχωρηθή
913 4164 1066 4201 σεται
1087 4163 1104 4214 ;
1131 4165 1150 4200 ι

465 4242 663 4296 ΒΑΛΣ.
706 4241 794 4293 Ἐν
840 4239 920 4309 τῷ
948 4236 992 4302 ζ’
1027 4237 1214 4292 κανόνι
1261 4241 1361 4310 τῆς
1422 4243 1472 4308 η’
1524 4236 1743 4290 συνόδου
1801 4237 1968 4305 ἐγρά-

392 4335 584 4406 ⁶ςννιμεν
615 4331 853 4404 διάφορά
875 4348 998 4384 τινα
1016 4328 1261 4401 περὶτοῦ
1284 4329 1400 4394 πῶς
1419 4328 1697 4398 ὀφείλουσι
1723 4327 1968 4398 γίνεσθαι

387 4427 459 4480 τά
491 4427 866 4496 μοναστήριαο
923 4423 1015 4476 καὶ
1043 4421 1318 4491 ἀνάγνωθι
1365 4421 1558 4477 ταῦτα.
1600 4423 1660 4475 '0
1689 4421 1746 4475 δὲ
1777 4421 1969 4487 παρὼν

392 4517 573 4573 κανών
609 4533 774 4587 φησιν
799 4516 896 4582 ὡς,
928 4518 1054 4568 ἐπεί
1090 4532 1235 4578 τινες
1262 4515 1486 4586 ὀνόματι
1515 4515 1658 4586 μόνῳ
1691 4531 1968 4584 μοναστη-

391 4607 513 4678 ρίου
547 4609 640 4664 τὸν
675 4607 807 4661 Θεὸν
847 4606 1170 4674 δεξιοῦνται,
1203 4609 1317 4671 τοῖς
1376 4606 1665 4677 πράγμασι
1692 4605 1748 4659 δὲ
1779 4605 1873 4659 καὶ
1901 4607 1968 4677 τῇ

392 4701 620 4774 ἀληθείᾳ
650 4701 865 4756 θέλουσι
909 4701 1073 4754 πάλιν
1107 4699 1554 4768 κατεξουσιάζειν
1589 4701 1698 4752 τῶν
1724 4702 1968 4769 ἀφιερω-

393 4792 594 4846 θέντων
625 4793 796 4864 αὐτῷ,
821 4793 1210 4862 ἐκποιούμενοι
1241 4790 1417 4847 ταῦτα
1454 4789 1639 4854 καθὼς
1693 4791 1761 4845 ἂν
1812 4789 1970 4862 θελή-

393 4901 603 4950 σουσιν,
639 4886 740 4940 οὐκ
773 4885 979 4955 όςρείλει
1011 4883 1393 4955 ἁνεγείρεσθσιι
1435 4881 1806 4954 μοναστήριον
1839 4881 1967 4934 ἄνευ

392 4977 653 5049 εἰδήσεως
680 4977 772 5032 τοῦ
798 4977 1066 5049 ἐγχωρίου
1100 4976 1427 5029 ἐπισκόπου.
1463 4968 1629 5036 Οὗτος
1665 4974 1774 5042 γὰρ
1832 4971 1970 5042 μετὰ

390 5069 454 5122 τὸ
482 5069 705 5140 ποιῆσαι
725 5069 822 5141 τὴν
849 5067 1207 5139 ὀφειλομένην
1252 5066 1418 5136 εὐχὴν
1441 5064 1519 5136 τῷ
1560 5062 1795 5132 θεμελίῳ
1835 5061 1972 5132 (45),

389 5161 558 5233 ἦγουν
586 5163 647 5215 τὸ
697 5165 1120 5233 σταυροπήγιον,
1172 5158 1459 5229 ἐπιτρέψει
1499 5156 1598 5226 μὲν
1641 5154 1738 5224 τὴν
1772 5155 1972 5207 οἰκοδο-

389 5254 523 5326 μὴν,
553 5253 1034 5325 ἐγκαταγράψεται
1093 5251 1151 5304 δὲ
1202 5251 1300 5304 καὶ
1343 5251 1402 5302 ἐν
1462 5247 1662 5338 βρεόίῳ
1707 5247 1778 5299 τὰ
1832 5247 1972 5338 πρίς

387 5348 700 5415 οἰκονομίαν
729 5349 826 5417 τῆς
856 5347 1023 5417 μονῆς
1057 5343 1153 5397 καὶ
1201 5340 1538 5410 αὐτάρκειαν
1569 5337 1677 5390 τῶν
1716 5337 1968 5406 μοναχῶν

391 5440 664 5510 μέλλοντα
693 5440 912 5510 δοθῆναι
943 5436 1097 5508 παρᾶ
1124 5433 1220 5488 τοῦ
1265 5433 1565 5503 δομήτορος
1599 5431 1695 5484 καὶ
1724 5429 1854 5483 αὐτὸ
1904 5429 1967 5482 τὸ

1997 4484 2049 4544 Ι)

2706 890 2935 947 CANON
2975 893 3014 944 l-.

2077 1028 2095 1060 1
2137 1007 2246 1064 Res
2277 1007 2413 1063 adeo
2443 1008 2754 1062 veneranda
2787 1015 2839 1061 et
2873 1008 3234 1076 honorabilis,
3291 1017 3346 1064 et
3395 1025 3425 1063 a
3473 1010 3652 1068 beatis

2146 1119 2164 1152 1
2202 1109 2257 1156 et
2292 1101 2501 1156 sanctis
2550 1099 2806 1156 Pati-ibus
2856 1101 3059 1156 nostris
3096 1101 3206 1172 jam
3260 1103 3388 1156 olim
3428 1104 3654 1172 pulchre

2149 1211 2166 1244 1
2207 1191 2542 1262 excogitata,
2611 1193 3071 1247 moliasteriorum
3121 1193 3434 1257 wdiih-atio.
3494 1195 3654 1250 hodie

2144 1305 2162 1337 1
2203 1285 2344 1340 male
2403 1275 2631 1354 geritur.
2709 1282 2963 1338 Nonnulli
3027 1285 3171 1340 cuitu
3208 1288 3323 1343 suis
3379 1289 3553 1357 copiis
3602 1303 3650 1342 et

2143 1395 2163 1429 1
2203 1376 2561 1432 facultatibus
2593 1392 2790 1431 nomen
2842 1379 3160 1433 monasterii
3199 1380 3566 1450 imponi-ntcs,
3599 1392 3652 1437 et

2143 1487 2161 1520 1
2202 1483 2298 1524 eas
2359 1467 2467 1523 Deo
2519 1469 2867 1525 sanctiliearc
2924 1470 3266 1540 profitentes,
3323 1488 3383 1527 se
3461 1488 3650 1527 eorum

2145 1578 2166 1611 1
2205 1575 2326 1630 qua:
2357 1571 2483 1614 sunt
2519 1570 2841 1614 consecrata
2910 1559 3162 1633 dominos
3214 1562 3544 1628 inscribunt,
3599 1577 3655 1619 et

2142 1668 2160 1703 1
2202 1649 2310 1706 Deo
2340 1650 2595 1706 dedicare
2651 1651 2765 1706 sola
2798 1652 3162 1722 appellatione
3210 1655 3512 1709 machinari
3569 1656 3657 1710 de-

2148 1763 2167 1796 1
2210 1751 2521 1800 creverunt.
2577 1745 2836 1799 Eamdem
2909 1745 3054 1800 enim
3115 1756 3442 1816 potestatem
3487 1749 3652 1803 etiam

2147 1855 2164 1888 1
2210 1844 2331 1907 post
2363 1839 2835 1892 consecrationem
2885 1835 2990 1892 sibi
3049 1853 3319 1908 usurpare
3379 1855 3490 1895 non
3525 1855 3656 1895 eru-

2141 1949 2159 1982 1
2207 1931 2457 1995 hoscunt,
2490 1946 2650 2001 quam
2684 1930 2836 1998 prius
2891 1929 3093 1986 habere
3141 1946 3246 1986 non
3283 1932 3607 1987 vetabantur
3640 1953 3652 1987 :

2142 2043 2162 2077 1
2201 2033 2256 2080 et
2286 2031 2435 2078 tanta
2468 2024 2542 2079 rei
2570 2024 2903 2094 eauponatio
2959 2023 3200 2080 adhibita
3231 2035 3338 2093 cst,
3376 2035 3434 2080 ut
3484 2029 3653 2082 ιιιιιιιςι

2147 2131 2167 2164 ι
2203 2129 2395 2168 eorum
2441 2128 2563 2183 qua:
2616 2123 2744 2168 sunt
2775 2122 3118 2181 consecrata,
3165 2115 3335 2170 abiis
3386 2117 3516 2186 ipsis
3562 2119 3656 2188 qui

2146 2224 2164 2257 1
2201 2211 2620 2271 consecrarunt,
2643 2204 2855 2258 vendita
2883 2217 3198 2273 cernantur,
3240 2205 3656 2263 admiratio:qu

2146 2317 2164 2348 1
2201 2307 2254 2352 et
2301 2295 2487 2351 odium
2542 2296 2597 2350 iu
2651 2296 2785 2366 ipsis
2856 2297 3166 2354 videntibus
3215 2299 3546 2367 cxcitantiu;
3603 2312 3659 2355 1t

2145 2411 2164 2443 1
2209 2400 2418 2446 tantum
2471 2389 2626 2446 abest
2673 2399 2731 2444 ut
2763 2389 2925 2444 ullam
2980 2400 3142 2462 agant
3173 2394 3546 2462 pmnitentiam
3589 2398 3658 2446 oh

2146 2505 2163 2537 1
2203 2485 2279 2552 id,
2308 2484 2452 2556 quod
2480 2499 2670 2539 eorum
2741 2501 2862 2556 qua}
2911 2483 3016 2538 Dto
3071 2486 3321 2540 dedicata
3379 2496 3504 2542 sunt
3552 2489 3657 2542 sibi

2148 2598 2166 2629 1
2204 2585 2530 2648 potestatem
2560 2576 2882 2642 attribuant,
2918 2585 2978 2632 ut
3006 2577 3168 2631 etiam
3232 2593 3352 2633 eam
3402 2580 3466 2634 ad
3519 2583 3660 2636 alios

2146 2689 2165 2721 1
2212 2667 2332 2725 sine
2359 2675 2505 2722 metu
2541 2668 2934 2723 transmittant.
2993 2667 3156 2740 332
3192 2666 3486 2739 Pr0ptcrca
3527 2687 3658 2740 ergo

2148 2783 2166 2816 1
2206 2770 2396 2818 sancta
2457 2760 2703 2817 deﬁnivit
2762 2762 3048 2832 synodus,
3106 2771 3163 2818 ut
3243 2765 3441 2819 nemini
3503 2766 3660 2819 liceat

2151 2874 2168 2906 1
2215 2855 2608 2910 monasterium
2674 2853 2949 2910 a‘diiicare
2999 2857 3206 2926 absque
3249 2859 3488 2928 episcopi
3536 2876 3662 2916 scn-

2145 2969 2163 3000 1
2206 2948 2374 3003 trntia
2407 2956 2464 3002 et
2512 2947 2762 3002 consilio.
2816 2947 2911 3002 Illo
2959 2955 3140 3002 autem
3187 2950 3393 3005 sciente
3442 2959 3496 3005 ct
3538 2968 3660 3022 per-

2149 3061 2165 3090 1
2207 3043 2480 3103 mittente,
2511 3049 2565 3092 et
2609 3037 2849 3093 debitam
2907 3039 3211 3095 orationem
3256 3053 3570 3111 perage-nte,
3605 3053 3662 3097 ut

2149 3152 2166 3185 1
2213 3133 2280 3188 ab
2309 3131 2550 3201 antiquis
2587 3131 2673 3202 pie
2719 3147 2782 3184 ac
2838 3131 3092 3199 religioso
3117 3143 3336 3186 cantum
3387 3142 3491 3200 est,
3539 3151 3658 3188 mo-

2148 3244 2166 3273 ε
2213 3225 2510 3278 nastcrium
2535 3222 2758 3293 quidem
2824 3221 3171 3279 aediﬁcetur:
3221 3230 3404 3278 omnia
3454 3238 3659 3292 autem,

2148 3334 2164 3365 1
2203 3332 2323 3384 qum
2376 3315 2441 3368 ad
2493 3314 2666 3383 ipsum
2752 3315 3046 3384 pertinent,
3105 3331 3228 3368 enm
3283 3318 3375 3370 illo
3433 3319 3550 3387 ipso
3604 3321 3658 3374 iu

2151 3427 2170 3459 1
2211 3407 2365 3462 Brevi
2398 3408 2793 3472 inscribuntur,
2826 3419 2878 3462 et
2911 3410 2963 3462 in
3005 3411 3411 3480 episcopalibus
3470 3414 3657 3468 archi-

2151 3518 2167 3550 1
2211 3501 2292 3554 vis
2357 3508 2723 3570 reponantur;
2776 3498 2922 3553 nullo
2977 3500 3136 3554 modo
3189 3509 3512 3570 potestatem
3562 3502 3661 3556 ha-

2148 3614 2166 3643 1
2209 3593 2370 3648 bentc
2393 3608 2458 3646 eo
2479 3591 2570 3663 qui
2591 3602 2893 3658 consecrat,
2913 3593 3153 3662 seipsum
3201 3608 3398 3664 praeter
3417 3598 3658 3666 episcopi

2149 3703 2168 3735 1
2209 3685 2537 3759 sententiam
2569 3684 2908 3754 praefectum,
2945 3687 3024 3741 vel
3082 3702 3179 3757 pro
3210 3703 3269 3742 se
3296 3689 3485 3754 alium,
3517 3704 3655 3742 con-

2152 3795 2170 3826 1
2204 3779 2458 3830 stituerc.
2514 3776 2570 3829 Si
2629 3778 2775 3830 enim
2827 3793 3048 3842 eorum,
3101 3795 3225 3848 quae
3274 3780 3482 3833 homini
3529 3781 3656 3851 quis

2147 3885 2164 3917 1
2209 3867 2456 3936 largitur,
2505 3866 2761 3922 dominus
2803 3870 3037 3940 amplius
3084 3886 3207 3924 esse
3257 3886 3366 3924 non
3427 3884 3651 3940 potest:

2143 3975 2162 4008 1
2201 3959 2480 4028 quomodo
2575 3974 2763 4014 eorum
2836 3976 2959 4030 quae
3045 3960 3156 4015 Deo
3224 3963 3534 4018 sanctiﬁcat
3605 3975 3658 4018 ct
3743 3956 3748 3961 ’

2156 4070 2175 4103 ι
2210 4051 2425 4108 dedicat
2483 4051 2754 4123 quispiam
2805 4054 2907 4109 sibi
2949 4054 3250 4109 dominimn
3294 4056 3540 4126 arripere
3581 4059 3656 4111 si-

2152 4164 2170 4198 1
2209 4145 2408 4201 netur?
2431 4164 2453 4198 ι

2143 4238 2343 4294 DALS.
2374 4237 2431 4293 lu
2465 4238 2703 4309 septimo
2738 4253 2952 4294 canone
2984 4239 3015 4291 7
3052 4254 3174 4310 syn.
3205 4241 3481 4312 permulta
3507 4244 3655 4298 scri-

2075 4332 2308 4402 psimus,
2359 4339 2636 4402 quomodo
2699 4331 2818 4386 fieri
2868 4332 3113 4388 debeant
3165 4335 3548 4390 monasteria:
3601 4344 3657 4389 et

2075 4425 2194 4496 lege
2222 4441 2306 4480 ea.
2354 4424 2605 4480 Praesens
2632 4433 2813 4479 autem
2864 4439 3042 4480 canon
3097 4425 3265 4490 dicit,
3323 4426 3468 4496 quod
3515 4443 3656 4495 quo-

2079 4518 2225 4572 niam
2284 4517 2544 4572 nonnulli
2623 4518 2746 4572 solo
2810 4518 3031 4572 nomine
3105 4519 3423 4572 monasterii
3488 4518 3656 4572 Deum

2077 4609 2546 4678 complectuntur,
2579 4624 2638 4664 re
2667 4615 2852 4662 autem
2882 4619 2936 4663 et
2974 4609 3207 4664 veritate
3244 4615 3437 4665 volunt
3469 4610 3524 4666 iu
3569 4628 3655 4674 ea,

2075 4715 2200 4772 quae
2233 4699 2308 4754 illi
2337 4699 2588 4755 dedicata
2617 4711 2769 4765 sunt,
2803 4707 3126 4770 potestatem
3155 4703 3354 4758 iterum
3377 4704 3654 4766 obtinere,

2074 4808 2138 4849 ea
2171 4802 2228 4848 ut
2259 4795 2822 4860 voluntalienantes,
2874 4796 3283 4851 monasterium
3340 4798 3460 4852 sine
3509 4798 3656 4849 illius

2079 4887 2322 4955 regionis
2351 4885 2598 4956 episcopi
2628 4900 2904 4944 consensu
2932 4887 3196 4942 aediﬁcari
3243 4903 3347 4942 non
3387 4887 3571 4941 debet.
3610 4887 3655 4936 I.~

2074 4978 2220 5032 enim
2257 4988 2550 5048 postquam
2586 4979 2827 5035 debitam
2877 4983 3180 5038 orationem
3215 4981 3268 5034 in
3293 4981 3658 5033 fundamento

2076 5071 2142 5122 ad
2178 5068 2347 5122 Deum
2403 5069 2633 5134 fuderit,
2691 5085 2786 5127 seu
2819 5087 2918 5142 pos
2973 5073 3156 5127 crucis
3204 5070 3486 5132 lixionem,
3527 5085 3656 5138 per-

2076 5162 2256 5215 mittet
2303 5161 2520 5232 quidem
2564 5165 3014 5226 mliiicatiouem.
3071 5170 3126 5217 et
3181 5161 3234 5214 in
3285 5159 3440 5214 Brevi
3486 5164 3652 5214 etiam

2072 5253 2374 5320 describet,
2411 5270 2532 5322 quae
2576 5256 2644 5310 ad
2697 5253 3020 5309 monasterii
3079 5253 3546 5321 dispensationem
3603 5265 3656 5307 et

2080 5347 2486 5400 monachorum
2519 5347 2907 5402 suiﬁcientiam
2949 5345 3018 5399 ab
3066 5353 3418 5400 exstrue-tort-
3473 5345 3654 5400 danda

2079 5448 2229 5501 sunt,
2261 5446 2315 5490 et
2347 5437 2526 5506 ipsum
2561 5444 2728 5492 etiam
2759 5436 3154 5494 monasterium
3194 5452 3209 5491 :
3267 5444 3326 5490 ut
3380 5435 3550 5492 Brcvc
3600 5440 3653 5492 in

1603 5543 1791 5608 Guill.
1829 5547 2151 5627 Beveregii
2196 5559 2387 5614 noue.

434 5677 577 5758 .(45)
607 5673 817 5745 Εὐχὴν
843 5671 924 5740 τῷ
969 5669 1242 5743 θεμελίῳ.
1307 5667 1623 5740 Legendum
1666 5669 1831 5742 εὐχὴν
1865 5670 1958 5724 ἐπὶ

2100 5675 2360 5750 θεμελίῳ,
2396 5675 2554 5748 juxta
2614 5692 2751 5736 mss.
2832 5677 3332 5735 Amerbachianum
3393 5691 3444 5737 et
3503 5681 3658 5736 Αῖιο-

398 5762 639 5804 mensem
