4074 6214
501 321 598 382 9³1

576 547 595 578 ‹
633 529 863 598 accipiat
918 531 1231 586 monasterii
1279 537 1562 595 muliebris
1610 542 1881 611 praefecta,
1920 561 2044 600 cum

567 639 585 670 ι
627 621 801 689 aliqua
839 635 945 675 anu
987 627 1267 682 monacha.
1301 627 1357 684 Si
1385 640 1569 688 autem
1596 637 1812 691 eveniat
1846 647 1904 690 ut
1946 641 2046 693 ali-

576 733 592 756 ι
637 728 798 778 quam
877 715 1005 768 velit
1057 728 1343 787 cognatam
1403 724 1702 779 monachus
1756 729 2044 797 aspicere,

579 823 596 853 σ
637 796 900 870 prae'soute
933 806 1184 875 praelecta
1213 826 1336 866 cum
1383 829 1445 867 ea
1485 818 1827 887 colloquatur
1851 820 2047 890 exiguo

579 919 598 946 σ
636 908 690 950 et
724 898 870 952 brevi
901 916 1174 967 sermone,
1218 911 1270 958 et
1302 920 1424 960 mox
1458 909 1525 963 ab
1553 925 1616 964 ea
1645 914 1887 970 recedat.
1915 931 1933 964 ι

569 1169 759 1226 BALS.
794 1169 849 1225 ln
880 1173 1056 1242 primo
1097 1169 1317 1244 quidem
1369 1191 1489 1244 cap.
1521 1176 1588 1230 12
1638 1178 1719 1231 tit.
1765 1191 2047 1247 praesentis

496 1265 676 1331 operis
714 1266 944 1322 diversae
973 1269 1118 1338 leges
1151 1270 1218 1324 de
1248 1272 1590 1327 monasteriis
1631 1272 1842 1328 tradita:
1870 1285 1998 1330 sunt
2029 1293 2045 1330 :

503 1372 742 1424 prmsens
775 1367 950 1412 autem
992 1374 1162 1413 canon
1195 1362 1469 1427 contituit,
1504 1377 1607 1417 non
1648 1379 1768 1419 esse
1804 1366 2046 1421 facienda

495 1451 731 1517 «triplicia
769 1454 1121 1519 mniuasteria,
1161 1470 1228 1508 ne
1259 1455 1413 1510 multi
1466 1472 1532 1511 ex
1579 1473 1645 1514 eo
1680 1459 2043 1516 oﬂ'endantur.

493 1540 773 1613 Tanquam
812 1557 992 1599 autem
1035 1548 1234 1602 dixerit
1285 1551 1580 1619 quispiam,
1634 1553 1736 1607 hoc
1775 1569 1896 1610 esse
1944 1556 2045 1610 ho-

496 1648 708 1691 nestum
740 1639 937 1706 etjure
985 1642 1402 1706 admittendum.
1440 1644 1876 1717 quandoquidem
1902 1665 2047 1718 quae-

493 1727 616 1782 dam
649 1731 889 1799 suspicio
921 1732 1173 1796 inciderit
1205 1744 1425 1804 propter
1467 1752 1726 1806 personas
1771 1755 1874 1795 non
1900 1743 2036 1796 satis

498 1821 687 1876 firmas
723 1831 776 1878 et
808 1824 1055 1892 stabiles,
1093 1827 1159 1892 (si
1215 1828 1357 1883 enim
1414 1843 1441 1882 a
1467 1804 1808 1901 suspicione
1857 1835 2039 1899 alieni,
2073 1804 2114 1860 Β

505 1916 723 1982 Cognati
761 1917 989 1972 fortasse
1018 1921 1100 1974 vel
1136 1919 1332 1976 fratres
1371 1923 1452 1977 vel
1485 1923 1573 1978 alii
1611 1925 1918 1996 ejusmodi,
1948 1943 2043 1982 ve.

496 2008 598 2061 lint
651 2025 771 2062 esse
828 2013 1102 2076 monachi,
1138 2029 1239 2069 cur
1293 2031 1398 2070 non
1429 2017 1508 2070 eis
1541 2017 1724 2072 licebit
1755 2019 1808 2073 in
1839 2020 2040 2090 duplici

497 2104 828 2156 monasterio
879 2103 1206 2177 habitare?)
1269 2106 1458 2162 dicunt
1517 2111 1730 2172 Patres,
1781 2113 1925 2182 quod
1976 2130 2044 2170 ne

493 2204 621 2249 tunc
673 2195 890 2266 quidem
951 2210 1213 2267 cognatos
1259 2202 1421 2256 simul
1476 2202 1722 2260 habitare
1774 2215 2058 2276 Oporteat,.

494 2305 560 2344 ne
601 2289 768 2359 aliqui
803 2307 868 2345 ex
905 2306 970 2348 eo
992 2293 1377 2350 offenduntur:
1429 2298 1524 2352 sed
1575 2299 1659 2352 vir
1713 2300 1929 2367 quidem
1988 2303 2040 2356 in

491 2384 732 2438 virorum
796 2387 1073 2455 proprium
1136 2392 1524 2445 monasterium
1591 2395 1785 2458 abeat,
1850 2396 2042 2448 mulier

491 2486 670 2529 autem
712 2476 762 2530 in
796 2477 1101 2531 mulierum.
1148 2478 1237 2534 Sic
1291 2483 1434 2534 enim
1491 2483 1730 2554 viventes
1779 2489 2038 2555 separati.

492 2567 601 2623 Deo
627 2571 836 2640 accepti
894 2572 1154 2627 servient.
1207 2573 1338 2640 Quae
1390 2577 1539 2644 prius
1589 2587 1767 2632 autem
1827 2579 2041 2636 fuerant

486 2661 724 2731 duplicia
767 2665 1102 2717 monasteria
1145 2680 1208 2719 ex
1250 2665 1474 2721 decreto
1535 2676 1590 2722 et
1649 2671 2039 2729 constitutione

488 2755 666 2819 magni
712 2753 888 2810 Patris
942 2755 1127 2813 Basilii
1181 2758 1548 2815 administrari
1589 2761 1895 2831 jusserunt,
1933 2765 2039 2820 sci-

486 2843 610 2900 licet
640 2853 699 2900 ut
733 2861 839 2902 non
872 2857 1285 2914 converseutur,
1319 2850 1420 2904 hoc
1445 2862 1548 2916 est,
1585 2868 1690 2906 non
1723 2853 2036 2910 cohabitent

484 2935 584 2990 viri
647 2945 701 2990 et
774 2937 1028 2993 mulieres
1098 2939 1150 2992 in
1221 2955 1327 3006 uno
1377 2944 1735 3008 monasterio;
1779 2946 2032 3014 quoniam

485 3025 732 3080 adulterii
792 3029 1028 3097 suspicio
1089 3029 1264 3086 oritur
1321 3049 1387 3086 ex
1445 3033 1870 3091 cohabitatione.
1929 3039 2031 3092 Sed

1747 336 2024 400 THEOD.
2067 338 2299 401 BALSA
2308 343 2464 403 ΒΙοΧ

578 456 596 478 ι
638 439 856 505 gulares
889 434 1120 492 feminas
1148 439 1489 504 deferuntur.
1522 456 1672 501 extra
1699 462 1910 518 portam
1936 453 2051 505 hac
2077 454 2126 508 Δ

3589 365 3700 420 9‘32

2229 472 2248 502 ‹
2285 453 2528 524 ἀνδρείου
2587 457 2785 526 μέρους
2835 459 2970 529 πρὸς
3014 460 3113 524 τὶς
3159 465 3446 528 κανονικὰς
3497 469 3702 524 (amica.

2231 562 2251 594 ι
2291 545 2557 609 μεζονται,
2589 548 2785 614 ἔξωθεν
2808 551 2907 620 τῆς
2947 553 3123 623 πύλης
3172 555 3344 610 ταῦτα
3372 559 3698 627 λαμῆσνέτω

2227 656 2245 688 ι
2282 640 2314 706 ἡ
2348 639 2622 709 ἡγουμένη
2653 643 2744 695 τοῦ
2769 648 3084 712 γυναικείου
3123 652 3504 720 μοναστηρίου,
3558 664 3698 723 μετὰ

2226 747 2244 779 ι
2282 733 2451 800 γραός
2486 751 2628 797 τινος
2653 742 2984 809 μοναστρίας
3003 759 3018 772 ο
3062 745 3114 794 εἰ
3149 744 3205 796 δὲ
3227 748 3426 818 συμϐῇ,
3451 751 3542 802 καὶ
3566 768 3702 819 συτο

2219 838 2238 870 ι
2275 822 2401 889 γενῆ
2431 839 2549 875 τινα
2592 827 2731 878 θέλει
2769 829 3066 883 θεάσασθαι
3087 833 3114 884 6
3145 838 3394 906 μοναχὸς,
3432 841 3522 892 ἐπὶ
3555 859 3698 914 παρ-

2225 930 2244 962 ι
2283 915 2439 986 ουσία
2485 919 2584 983 τῆς
2635 921 2948 992 ἡγουμένης
2977 925 3145 997 ταύτῃ
3190 932 3583 1000 προσομιλείτω
3607 935 3697 988 διὰ

2228 1024 2248 1058 r
2291 1009 2504 1078 μικρῶν
2541 1013 2636 1064 καὶ
2667 1014 2911 1084 βραχέων
2948 1017 3146 1088 λόγων,
3181 1022 3276 1075 καὶ
3312 1027 3586 1096 συντόμως
3633 1030 3696 1094 ἐξ

2225 1116 2244 1148 ι
2283 1099 2451 1170 αὐτῆς
2482 1102 2928 1177 ἀπαναχωρείτω.
2968 1129 2986 1160 ι
3459 1182 3472 1192 Φ

2208 1187 2403 1244 ΒΑΑΣ.
2441 1193 2528 1245 Ἐν
2581 1195 2678 1264 μὲν
2708 1197 2783 1267 τῷ
2815 1206 2863 1253 α’
2895 1202 3088 1268 κεφαλ.
3120 1202 3214 1256 τοῦ
3265 1205 3330 1274 ιβ’
3395 1187 3571 1264 τίτλον
3601 1214 3698 1265 τοῦ

2146 1281 2411 1349 παρόντος
2435 1286 2810 1356 συντάγματος
2870 1295 3327 1366 κατεστρώθησαν
3361 1301 3588 1373 διάφορα
3610 1306 3698 1357 νό-

2148 1391 2298 1466 μιμα
2327 1379 2484 1447 χάριν
2539 1381 2648 1434 τῶν
2700 1387 3078 1456 μοναστηρίων
3101 1407 3114 1420 ·
3145 1392 3173 1444 δ
3199 1392 3256 1445 δὲ
3291 1396 3480 1466 παρὼν
3515 1401 3694 1453 κανὼν

2142 1463 2432 1557 διορίζεται
2483 1471 2557 1540 μὴ
2602 1473 2847 1539 γίνεσθαι
2899 1479 3062 1557 διπλᾷ
3110 1463 3466 1557 μοναστήρια,
3503 1492 3588 1545 διὰ

2148 1554 2224 1624 μὴ
2269 1558 2716 1624 σκανδαλίζεσθαι
2739 1568 2804 1618 ἐκ
2839 1568 3031 1623 τούτου
3052 1553 3183 1636 τοὺς
3214 1575 3462 1642 πολλούς.
3498 1579 3585 1642 Ὦς
3632 1584 3692 1637 δέ

2142 1662 2286 1710 τινος
2318 1652 2752 1716 είπόντος¹καλδν
2794 1655 2932 1714 εἶναι
2965 1663 3056 1714 καὶ
3083 1667 3492 1736 εὐπαράδεκτον
3512 1674 3684 1738 τοῦτο,

2143 1735 2271 1788 ὅταν
2300 1737 2502 1835 ὑποψία
2536 1761 2622 1807 τις
2656 1746 2924 1822 ύποτρέχῃ
2954 1752 3042 1805 διὰ
3087 1755 3154 1808 τὰ
3179 1735 3480 1829 ἀστήρικτα

2142 1843 2264 1877 ωπα
2284 1866 2301 1892 ,
2327 1828 2396 1895 (εί
2426 1832 2531 1901 γὰρ
2573 1835 2888 1902 ἀνύποπτοι,
2943 1848 3226 1913 συγγενεῖς
3252 1852 3429 1920 τυχὸν,
3472 1855 3684 1922 deiciam".

2143 1916 2380 1990 ἧὲτεροι
2433 1926 2678 1991 τοιοῦτοι,
2706 1930 3012 2000 -θελήσουσι
3071 1939 3297 2007 μονάσαι
3324 1983 3339 2008 ,
3399 1944 3480 1997 ἵνα
3522 1949 3572 1999 τί
3621 1951 3680 2002 σύ

2145 2015 2711 2084 παραχωρηθὴσονται
2761 2023 2842 2087 είς
2871 2026 3091 2080 διπλοῦν
3121 2037 3387 2086 κατοικεῖν
3415 2044 3686 2108 μοναστήο

2145 2120 2258 2174 ριον
2280 2107 2320 2173 ;)
2389 2112 2550 2175 φασὶν
2579 2113 2628 2164 oi
2656 2115 2896 2186 Πατέρες
2947 2119 3023 2184 ὡς
3053 2120 3178 2174 οὐδὲ
3209 2127 3505 2196 τηνικαῦτα
3564 2135 3694 2195 τοὶς

2145 2201 2429 2264 συγγενεῖς
2452 2201 2571 2255 δέον
2619 2205 2738 2259 ἐστὶ¹
2789 2215 3079 2276 συνοικεῖν,
3132 2214 3220 2268 ἵνα
3282 2219 3355 2290 μὴ
3394 2221 3462 2274 ὲκ
3501 2224 3696 2278 τούτου

2142 2291 2529 2383 προσκόπτωσί
2551 2313 2727 2359 τινες·
2783 2299 2898 2353 ἀλλ’
2941 2304 2969 2355 ὁ
3018 2304 3118 2373 μὲν
3165 2308 3306 2379 ἀνὴρ
3365 2313 3565 2368 ἀνιέτω
3617 2319 3698 2383 εἰς

2139 2368 2346 2451 ἀνδρῶν
2391 2388 2749 2458 μοναστὴριον
2804 2368 3122 2449 ἰδιαίτατον·
3156 2368 3286 2468 ήίδξ
3321 2403 3459 2472 γυνὴ
3488 2407 3570 2468 είς
3597 2368 3692 2475 γυΣ

2139 2476 2393 2530 ναικεῖον.
2428 2476 2586 2532 Οὕτω
2625 2482 2732 2552 γὰρ
2777 2483 2981 2549 ζῶντες
3042 2495 3464 2563 κεχωρισμένοι,
3510 2499 3696 2569 εὐαρέ-

2139 2581 2284 2626 στως
2315 2567 2660 2626 δουλεύσουσι
2688 2575 2766 2645 τῷ
2787 2577 2928 2648 Θεῷ.
2973 2580 3052 2632 Τὰ
3085 2583 3270 2650 μέντοι
3327 2567 3690 2657 προγεγονδτα

2138 2655 2301 2710 διπλᾶ
2357 2663 2689 2732 μοναστήρια
2750 2671 3222 2736 παρεκελεύσαντο
3293 2678 3686 2748 πολιτεύεσθαι,

2138 2749 2280 2841 κατὰ
2321 2752 2413 2804 τὸν
2454 2755 2680 2825 ὁρισμὸν
2722 2761 2816 2812 καὶ
2855 2761 2953 2833 τὴν
2995 2762 3258 2834 διαταγὴν
3308 2770 3406 2822 τοῦ
3452 2774 3685 2841 μεγάλου

2139 2831 2350 2914 Πατρὶς
2378 2846 2680 2916 Βασιλείου,
2721 2831 3002 2923 ῆγουνήμὴ
3057 2831 3479 2924 συνδιαιτᾶσθαι,
3533 2882 3683 2919 τουτο

2137 2935 2251 2989 ἐστι
2276 2939 2348 3008 μὴ
2382 2944 2644 2995 συνοικεῖν
2700 2945 2896 3034 ἄνδρας
2927 2947 3022 3000 καὶ
3059 2953 3322 3017 γυναῖκας
3380 2957 3441 3008 ὲν
3473 2957 3554 3010 ἐνὶ
3595 2975 3687 3028 p.0-

2141 3034 2452 3102 ναστηρίῳ·
2491 3035 2570 3087 ὅτι
2616 3035 2814 3106 ὑποψία
2867 3039 2981 3093 ἐστὶ
3020 3043 3264 3112 μοιχείας
3312 3047 3423 3100 ἀπὸ
3457 3050 3560 3117 τῆς
3601 3070 3693 3105 cu-

484 3133 662 3188 neque
692 3119 993 3198 monachus
1028 3130 1348 3190 potestatem
1392 3123 1586 3180 habeat
1615 3142 1734 3180 cum
1767 3128 2029 3184 monacha

2137 3123 2455 3192 νοικήσεως.
2504 3127 2664 3180 Ἀλλὰ
2700 3129 2834 3197 μηδὲ
2876 3133 3106 3202 μοναχὸς
3137 3136 3308 3205 ἐχέτω
3345 3139 3531 3194 ἄδειαν
3557 3146 3694 3212 μετὰ

483 3224 728 3264 seorsum
767 3211 1184 3279 confabulandi,
1211 3214 1292 3268 vel
1333 3216 1672 3282 comedendi,
1708 3219 1790 3272 vel
1821 3218 1874 3274 in
1911 3237 2031 3274 mu-

484 3302 638 3356 liebri
707 3306 1037 3360 monasterio
1117 3309 1505 3376 pernoctandi;
1577 3311 2032 3378 quemadmodum

485 3379 584 3454 nec
614 3408 826 3455 contra.
862 3399 992 3464 Qua:
1047 3409 1225 3455 autem
1284 3410 1410 3456 sunt
1467 3405 1791 3459 monialihus
1837 3406 1902 3460 ad
1952 3407 2036 3463 vi-

481 3502 627 3546 ctum
679 3491 1002 3556 necessaria,
1059 3507 1086 3544 a
1127 3494 1258 3546 viris
1308 3495 1674 3564 recipiantur,
1731 3513 1834 3552 non
1889 3499 2031 3554 intra

483 3583 899 3646 monasterium,
935 3583 1028 3637 sed
1066 3591 1218 3637 extra
1249 3593 1460 3655 portam
1497 3585 1634 3653 ejus,
1669 3603 1762 3656 per
1812 3605 2028 3644 manum

482 3673 796 3727 monasterii
851 3674 1117 3742 praelecta}
1164 3685 1217 3730 et
1266 3665 1404 3732 anus
1453 3680 1749 3734 monachae.
1805 3681 1858 3735 Si
1909 3683 2031 3753 quis

483 3776 660 3820 autem
692 3766 988 3822 monachus
1035 3767 1164 3822 velit
1198 3768 1514 3824 monacham
1563 3783 1846 3841 cognatam
1875 3789 2031 3830 suam
2063 3831 2075 3840 ,

480 3856 746 3927 aspicere,
781 3873 846 3912 ne
873 3857 1033 3913 liceat
1085 3860 1132 3913 ei
1164 3876 1411 3915 seorsum
1445 3877 1567 3916 cum
1616 3879 1678 3918 ea
1738 3879 2024 3924 sermones

479 3951 771 4006 conferre:
811 3951 902 4005 sed
941 3951 992 4004 in
1029 3953 1318 4020 prmsentia
1367 3952 1635 4019 praefertze
1685 3959 2026 4025 monasterii,

476 4050 530 4097 et
581 4041 832 4111 protinus
876 4044 1151 4098 recedere.
1195 4042 1399 4098 Nomen
1440 4057 1618 4100 autem
1666 4045 1863 4112 δίαιτα,
1897 4065 2029 4119 non,

479 4145 536 4190 nt
569 4136 707 4204 apud
767 4137 1175 4206 grammaticos.
1218 4139 1618 4218 proconvivio,
1667 4142 1760 4195 sed
1803 4158 1898 4210 pro
1929 4144 2027 4197 ha-

475 4227 738 4283 bitatione
796 4231 1098 4296 accipitur:
1153 4231 1332 4285 δίαιτα
1381 4233 1522 4286 enim
1575 4235 1715 4302 apud
1755 4235 2029 4303 juriseon-

475 4313 649 4375 sulto's
696 4330 779 4377 est
819 4323 1218 4376 habitaculum.
1255 4322 1496 4392 Duplicia
1539 4335 1720 4380 autem
1753 4338 2028 4382 monaste-

380 4425 387 4432 '
476 4429 549 4466 ria
611 4415 722 4468 diei
787 4415 1029 4469 nonnulli
1097 4414 1458 4481 afﬁrmabant,
1533 4433 1638 4471 non
1693 4433 1812 4488 qua:
1863 4419 2024 4475 simul

471 4503 672 4555 habent
704 4502 850 4558 viros
889 4512 942 4557 et
970 4503 1237 4570 feminas,
1280 4507 1370 4560 sed
1405 4523 1526 4576 quae
1584 4524 1750 4578 prope
1793 4518 1846 4565 et
1892 4525 2024 4566 con-

464 4594 652 4662 juncte
686 4595 946 4650 aediﬁcata
973 4605 1121 4660 sunt,
1147 4608 1486 4668 et°tanquam
1515 4615 1681 4655 unum
1706 4612 2026 4672 reputantur

471 4696 687 4755 propter
719 4687 941 4742 multam
979 4691 1254 4750 unionem.
1289 4690 1393 4745 Sed
1423 4707 1487 4746 ex
1531 4692 1632 4747 hoc
1678 4709 1885 4749 canone
1925 4709 2022 4764 ap-

469 4785 644 4846 paret.
679 4794 785 4833 non
811 4779 914 4834 dici
953 4788 1236 4851 propterea
1265 4770 1497 4853 duplicia
1526 4786 1854 4840 monasteria
1880 4826 1895 4851 ,
1925 4787 2020 4841 sed

468 4870 614 4940 quod
675 4870 726 4925 in
786 4887 892 4925 uno
969 4873 1270 4943 cadentque
1328 4876 1662 4948 monasterio
1719 4876 2023 4934 habitarent

467 4963 762 5032 aliquando
794 5005 808 5029 ,
857 4972 916 5019 ut
973 4974 1056 5021 est
1115 4967 1450 5032 verisimile,
1500 4969 1599 5023 viri
1650 4977 1702 5024 et
1743 4971 2017 5027 mulieres.

466 5056 761 5113 Constituit
793 5058 964 5124 enim,
994 5071 1052 5114 ut
1077 5060 1287 5131 cognati
1339 5060 1556 5128 abeant,
1598 5061 1674 5116 illi
1719 5062 1932 5132 quidem
1966 5063 2018 5118 in

469 5147 732 5213 virorum.
781 5149 862 5204 lue
892 5166 1020 5206 vero
1070 5150 1122 5206 in
1174 5151 1457 5206 mulierqu
1500 5156 1864 5221 monasteria;
1902 5164 2021 5209 tan-

467 5251 628 5305 quam
663 5248 808 5293 esset
844 5240 1111 5307 prohiblta
1145 5239 1198 5294 in
1228 5256 1337 5296 uno
1367 5249 1420 5297 et
1450 5241 1641 5297 eodem
1689 5243 1810 5298 loco
1833 5260 2017 5298 eorum

469 5327 756 5383 habitatio.
809 5329 1071 5388 Similiter
1117 5333 1271 5402 jubet
1321 5349 1392 5389 ne
1447 5347 1870 5400 conversentur,
1918 5339 2020 5392 hoc

465 5429 570 5480 est,
602 5434 670 5474 ne
703 5421 754 5474 in
785 5435 894 5477 uno
935 5426 1270 5478 monasterio
1325 5426 1636 5481 cohabitent
1662 5427 1759 5480 viri
1800 5430 1852 5482 et
1896 5442 2017 5482 mu-

468 5510 651 5567 lieres.
709 5513 847 5585 Lege
894 5523 948 5570 et
1009 5525 1178 5570 tntum
1239 5519 1481 5588 primum
1517 5521 1601 5574 tit.
1655 5535 1709 5573 tv
1756 5519 1878 5582 lib..
1922 5520 2016 5590 qui

468 5602 734 5672 ejusmodi
773 5609 938 5663 multa
971 5608 1129 5682 docet
1168 5622 1220 5665 ct
1246 5613 1458 5678 Statuit,
1493 5621 1552 5668 ut
1602 5629 1778 5684 neque
1830 5629 2018 5668 mona-

470 5695 608 5749 chus
640 5710 737 5751 nec
765 5699 938 5755 laicus
967 5702 1232 5759 mulhhre
1260 5706 1648 5780 monasterium
1683 5708 2018 5777 ingrediatur

474 5803 855 5862 quamcunque
913 5796 983 5848 oh
1041 5812 1300 5852 causam:
1339 5811 1391 5855 et
1437 5799 1619 5855 definit
1675 5801 1741 5855 de
1799 5802 1884 5864 iis.
1927 5803 2018 5871 qui

2141 3215 2377 3286 μοναχῆς
2408 3219 2528 3270 κατ’
2585 3218 2719 3279 ἰδίαν
2754 3224 3100 3294 προσομιλεῖν
3129 3225 3160 3296 ἢ
3196 3230 3519 3297 συνεσθίειν,
3574 3236 3604 3304 ἦ
3637 3238 3693 3288 ἐν

2133 3309 2427 3377 γυναικείῳ
2459 3315 2804 3385 μοναστηρίῳ
2829 3316 3298 3391 διανυκτερεύειν·
3331 3323 3522 3396 ὥσπερ
3570 3331 3691 3384 οὐδὲ

2132 3399 2191 3451 τὸ
2229 3399 2517 3458 ἀνάπαλιν.
2583 3404 2664 3457 Τὰ
2721 3405 2777 3459 δὲ
2825 3409 3100 3478 ἀναγκαῖα
3138 3416 3258 3477 ταῖς
3329 3420 3692 3487 μοναζούσαις

2132 3492 2565 3562 ἀποκομίζεσθαι
2594 3497 2686 3550 διὰ
2741 3499 2968 3569 ἀνδρῶν,
3017 3505 3135 3575 οὐχὶ
3187 3508 3340 3572 ἐντὸς
3372 3510 3469 3562 τοῦ
3521 3532 3687 3579 μονα-

2135 3587 2376 3656 στηρίου,
2407 3586 2540 3640 ἀλλὰ
2575 3589 2732 3654 ἐκτὸς
2761 3592 2858 3661 τῆς
2916 3593 3089 3664 πύλης
3149 3597 3314 3651 αὐτοῦ
3366 3600 3457 3654 διὰ
3507 3609 3688 3676 χιιρὸς

2130 3675 2440 3746 ἡγουμένης·
2472 3680 2563 3733 καὶ
2598 3675 3132 3757 μοναστρίαςγραός.
3169 3689 3230 3742 Εἰ
3260 3691 3458 3759 δήποτέ
3482 3713 3574 3759 τις
3595 3717 3690 3766 μοο

2130 3767 2289 3837 ναχὸς
2317 3768 2533 3836 θελήσει
2565 3771 2859 3826 θεάσασθαι
2901 3777 3237 3844 μονάζουσαν
3288 3787 3525 3854 συγγενῆ
3586 3791 3687 3842 αὑ-

2128 3858 2242 3924 τοῦ,
2280 3859 2352 3929 μὴ
2401 3864 2833 3934 παραχωρείσθω
2871 3869 2986 3920 κατ’
3021 3869 3150 3922 ἰξίαν
3191 3874 3308 3939 μετ’
3354 3876 3524 3945 αὐτῆς
3555 3897 3686 3943 συνο

2129 3950 2297 4020 είρειν
2333 3951 2546 4020 λόγους,
2579 3955 2712 4009 ἀλλὰ
2767 3959 2906 4011 κατὰ
2938 3963 3238 4030 παρουσίαν
3260 3967 3689 4041 τῆςμὴγουμένης

2127 4045 2218 4098 καὶ
2247 4045 2305 4096 ὲν
2339 4039 2586 4117 συντόμῳ
2615 4047 2933 4120 ἀναχωρεῖν.
2981 4054 3054 4105 Τὸ
3099 4055 3272 4126 ὄνομα
3311 4036 3689 4129 δὲ”τῆςῠδιαί-

2125 4153 2222 4204 της
2269 4137 2368 4190 οὐκ
2439 4138 2839 4209 ὲκλαμδάνεται
2902 4145 2984 4206 είς
3042 4145 3313 4216 εὐωχίαν,
3365 4153 3506 4206 κατὰ
3555 4156 3685 4219 τοὺς

2127 4232 2564 4321 γραμματικοὺς,
2615 4232 2729 4286 ἀλλ’
2787 4235 2867 4304 εἰς
2940 4238 3290 4310 κατοίκησιν·
3337 4242 3517 4298 δίαιτα
3575 4247 3686 4321 γὰρ

2128 4306 2276 4392 παρᾶ
2311 4326 2442 4387 τοῖςν
2465 4328 2705 4394 νομικοῖς
2743 4328 2773 4396 ἡ
2813 4330 3066 4384 κατοικία
3113 4306 3251 4390 ἐστί.
3289 4335 3462 4390 Διπλᾶ
3497 4338 3556 4390 δὲ

2127 4416 2391 4484 ναστήρια
2442 4411 2595 4470 εἶπῦν
2625 4435 2771 4482 τινες
2827 4419 3081 4489 λέγεσθαι
3128 4423 3188 4477 οὐ
3248 4426 3318 4478 τὰ
3375 4428 3568 4498 ἔχοντα
3627 4435 3686 4485 ἐν

2055 4485 2100 4545 D
2125 4507 2308 4576 ταυτῷ
2337 4508 2428 4562 καὶ⁵
2457 4509 2655 4580 ἄνδρας
2682 4513 2776 4565 καὶ
2827 4485 3110 4581 γυναῖκας,
3150 4517 3286 4572 ἀλλὰ
3336 4485 3434 4573 ad“
3457 4523 3686 4593 πλησίον

2126 4600 2222 4653 καὶ
2259 4601 2551 4671 ἡνωμένως
2582 4605 2886 4670 κτισθέντα,
2918 4607 3013 4660 καὶ
3034 4607 3356 4680 λογιζόμενα
3391 4611 3451 4666 ἓν
3477 4616 3686 4670 ὡσανεὶ

2083 4689 2205 4743 διὰ
2259 4693 2356 4762 τὴν
2435 4694 2634 4764 πολλὴν
2702 4698 2947 4770 ἑνότητα.
3027 4701 3159 4755 Ἀπὸ
3201 4702 3258 4756 δὲ
3304 4704 3396 4757 τοῦ
3461 4710 3686 4772 κανόνος

2121 4784 2476 4853 ἀναφαίνεται
2505 4788 2578 4858 μὴ
2611 4785 2864 4857 λέγεσθαι
2891 4792 2981 4845 διὰ
3014 4794 3171 4848 τοῦτο
3215 4795 3381 4849 διπλᾶ
3407 4802 3682 4871 μοναστή-

2126 4894 2237 4947 ρια,
2261 4877 2406 4930 ’ἀλλὰ
2439 4878 2519 4931 δτι
2551 4882 2607 4932 ἐν
2636 4882 2715 4934 ἐνὶ
2741 4885 2835 4935 καὶ
2865 4883 2940 4953 τῷ
2973 4885 3120 4954 αὐτῷ
3177 4891 3521 4960 μοναστηρίερ
3555 4910 3686 4946 κατ-

2121 4967 2297 5040 ῴκουν
2331 4970 2481 5032 ποτὲ,
2511 4971 2585 5033 ὡς
2642 4972 2837 5036 ἔοικεν,
2863 4974 3053 5045 ἄνδρες
3101 4979 3193 5030 καὶ
3236 4983 3514 5046 γυναῖκες.
3565 4986 3680 5037 Διο-

2123 5058 2332 5128 ρίζεται
2358 5060 2463 5128 γὰρ
2486 5062 2611 5125 τοὺς
2641 5067 2960 5134 προσγενείς
2995 5067 3328 5136 ἀφίστασθαι
3364 5073 3442 5134 εἰς
3466 5073 3677 5143 ἅνδρῷα

2121 5151 2216 5202 καὶ
2238 5153 2519 5217 γυναικεῖα
2549 5154 2910 5224 μοναστήρια,
2943 5155 3018 5217 ὡς
3071 5156 3237 5227 οὔσης
3293 5161 3674 5233 κεκωλυμένης

2119 5241 2219 5309 τῆς
2264 5242 2344 5304 είς
2392 5242 2521 5295 αὐτὸ
2575 5244 2666 5297 καὶ
2690 5244 2748 5296 ἓν
2800 5248 3079 5309 κατοικίας
3131 5249 3354 5308 τούτων,
3403 5253 3668 5314 Ὡσαύτως

2122 5333 2555 5402 παρακελεύεται
2589 5336 2664 5406 μὴ
2704 5337 3033 5399 διαιτᾶσθαι,
3088 5341 3337 5394 τουτέστι
3368 5345 3448 5413 μὴ
3500 5361 3668 5397 συνοι-

2119 5431 2256 5491 κεῖν,
2323 5431 2380 5482 ἐν
2432 5430 2512 5481 ἐνὶ
2577 5431 2924 5502 μοναστηρίῳ
2993 5433 3193 5503 ἄνδρας
3242 5439 3338 5488 καὶ
3387 5440 3672 5505 γυναῖκας.’

2131 5521 2426 5589 ’Δνάγνωθι
2459 5522 2660 5575 καὶτὸν
2691 5524 2810 5577 ὅλον
2838 5525 3051 5594 πρῶτον
3094 5526 3273 5580 τίτλον
3322 5530 3415 5582 τοῦ
3484 5531 3526 5582 δ’
3592 5530 3678 5599 βι-

2119 5613 2290 5678 6λίου,
2326 5614 2646 5668 διδάσκοντα
2691 5617 2821 5686 περὶ
2869 5617 3129 5671 τοιούτων
3183 5620 3419 5684 πολλῶν,
3448 5621 3680 5690 διοριζό-

2123 5725 2280 5778 μενον
2338 5711 2472 5778 μήτε
2505 5709 2739 5777 μοναχὸν
2776 5709 2913 5778 μήτε
2953 5710 3140 5763 λαῑκὸν
3205 5716 3428 5766 εἰσιέναι
3460 5717 3536 5775 εἰς
3567 5729 3682 5781 γυέ

2119 5802 2354 5854 ναικεῖον
2420 5801 2780 5870 μοναστήριον
2841 5801 3002 5870 χάριν
3067 5804 3397 5874 οἱασδήτινος
3454 5805 3670 5869 uitia;-
