4074 6214
354 297 461 357 995i

1300 299 1381 359 IN
1419 298 1584 361 CAN.
1614 299 1761 358 XXI
1789 299 1992 360 CONC.
2036 297 2145 358 VII
2183 298 2528 358 (ECUMEN.

3451 300 3550 363 995

352 412 705 467 διατυποῦντα
752 413 807 467 δὲ
846 415 938 467 καί¹
964 415 1033 467 τὰ
1066 414 1192 482 περὶ
1220 412 1325 464 τῶν
1347 412 1664 480 ὀφειλόντων
1695 414 1897 483 ἱερουρ-

2010 411 2205 466 debent
2253 411 2562 467 miuiSIrare
2609 412 2661 466 in
2691 414 3040 469 muliebribus
3086 417 3447 481 monasteriis,
3499 431 3554 473 et

352 510 468 573 γεῖν
498 510 556 559 ὲν
583 510 700 569 ταῖς
729 511 1062 573 γυναικείαις
1104 508 1288 575 μοναῖς
1336 506 1430 558 καὶ
1487 505 1555 557 τὰ
1607 505 1735 575 περὶ
1796 504 1901 556 τῶν

352 600 778 667 ἀποκρισιαρίων
811 598 989 651 αὐτῶν
1019 601 1112 651 καὶ
1139 597 1339 651 λοιπῶν
1371 596 1723 668 διακονητιῖη.

424 691 660 743 ΖΩΝΑΡ.
701 690 910 742 κωλύει
936 694 971 743 ὁ
1010 689 1188 743 κανὼν
1216 691 1382 743 διπλᾶ
1425 689 1669 757 γίνεσθαι
1732 708 1900 760 μονα-

356 787 569 851 στήρια.
605 783 876 853 Ούχνόμοῦ
919 785 975 836 δὲ
1020 785 1207 855 διῆγον
1235 788 1348 845 τοῖς
1379 786 1673 853 μονασταῖς
1700 784 1756 835 αἱ
1802 801 1899 852 μοι

353 875 690 936 νάξουσαιὲν
718 879 829 938 τοῖς
860 876 1127 939 τοιούτοις
1176 876 1596 947 μοναστηρίοιςξο
1648 875 1762 928 ἀλλ’
1810 875 1902 943 ἐγ·-

258 986 259 989 η
351 980 509 1031 γιστα
542 964 824 1034 κατῴκουν
848 967 1090 1036 ἀλλήλων
1112 983 1127 998 ·
1164 967 1321 1053 (bare,
1344 968 1435 1020 καὶ
1461 966 1627 1037 ἄμφω
1654 967 1899 1037 ἀλλήλων

348 1048 583 1112 ἀκούειν.
634 1060 803 1113 Τοῦτο
861 1060 974 1125 οὖν,
1039 1048 1326 1125 ὑποκνίζον
1382 1077 1441 1113 τε
1485 1063 1565 1123 εἰς
1609 1061 1903 1131 λογισμοὺς

348 1147 635 1215 ἐμπαθεῖς,
673 1148 705 1217 ἢ
754 1152 845 1203 καὶ
872 1151 950 1212 είς
978 1152 1045 1203 τὰ
1098 1150 1247 1221 πάθη
1299 1150 1458 1212 αὐτὰ,
1488 1150 1583 1205 καὶ
1625 1154 1706 1216 εἰς
1739 1153 1904 1206 σκάν-

348 1238 503 1289 δαλον
529 1238 586 1291 δὲ
617 1243 730 1301 τοῖς
763 1240 975 1305 πολλοῖς
991 1224 1295 1311 γινόμενον,
1325 1243 1493 1313 ὁρῶσι
1519 1243 1702 1315 σχεδὸν
1725 1262 1901 1297 συνοι-

348 1330 544 1390 κούσας
574 1333 797 1403 ἀνδράσι
826 1336 1110 1402 γυναῖκας,
1140 1334 1227 1389 διὰ
1259 1335 1358 1404 τὴν
1386 1336 1526 1389 πάνυ
1558 1335 1666 1389 τῶν
1712 1354 1902 1391 κατοι-

347 1427 485 1478 κιῶν
512 1429 787 1497 ἑκατέρων
824 1428 1121 1499 ἐγγύτητα,
1180 1430 1482 1496 ἀποτρέπει
1511 1430 1545 1501 ή
1579 1431 1793 1494 σύνοδος
1813 1432 1900 1499 γί-

347 1518 555 1574 νεσθαι.
588 1520 648 1570 El
677 1519 734 1572 δέ
766 1537 933 1583 τινες,
985 1522 1138 1591 φησι,
1208 1523 1344 1591 μετὰ
1402 1523 1676 1591 συγγενῶν
1711 1541 1903 1593 προαι-

346 1607 566 1683 ροῦνται
625 1611 1020 1687 ἀποτάξασθαι,
1051 1615 1099 1665 oi
1144 1614 1243 1682 μὲν
1306 1614 1496 1684 ἄνδρες
1550 1616 1629 1679 εἰς
1693 1616 1903 1686 ἀνδρῶν

342 1702 763 1772 ἀπερχέσθωσαν
803 1708 1179 1776 μοναστήριον,
1206 1708 1260 1759 αί
1289 1707 1345 1759 δὲ
1371 1710 1621 1775 γυναῖκες
1677 1710 1757 1771 είς
1796 1725 1897 1777 γυ-

342 1797 596 1863 ναικοεῖον.
641 1796 796 1849 Οὕτω
829 1798 936 1867 γὰρ
975 1798 1340 1867 εὐαρεστεῖται
1366 1801 1393 1851 ό
1437 1798 1587 1863 Θεὸς,
1620 1800 1738 1853 ἀντὶ
1777 1799 1893 1869 τοῦ,

341 1885 511 1948 οὕτως
550 1889 856 1957 εὐαρέστως
883 1889 1227 1943 δουλεύσουσι
1251 1891 1327 1960 τῷ
1356 1891 1495 1962 Θεῷ,
1526 1892 1631 1962 ἰδίᾳ
1667 1891 1893 1960 ζῶντες,

342 1980 437 2032 καὶ
470 1980 564 2032 ἀπ’
597 1980 839 2051 ἀλλήλων
866 1983 1283 2053 κεχωρισμένοι,
1310 1982 1450 2037 ὥστε
1470 1984 1724 2055 ἀλλήλοις
1756 1986 1894 2056 μήτε

339 2073 420 2134 είς
442 2071 788 2144 παροξυσμὸν
819 2070 959 2128 εῖναι
991 2076 1175 2146 βιοτῆς
1207 2075 1508 2146 ἐμπαθοῦς,
1539 2079 1675 2147 μήτε
1716 2077 1898 2141 ἄλλοις

338 2168 421 2227 είς
453 2166 769 2220 σκάνδαλον.
816 2168 967 2221 ’Ὅσα
1000 2168 1057 2221 δὲ
1092 2170 1191 2241 ἤδη
1246 2172 1503 2238 γεγόνασι
1530 2170 1692 2226 διπλᾶ
1738 2182 1902 2240 μονα-

342 2258 562 2326 στήρια,
626 2258 937 2325 Ἔστωσαν,
1000 2263 1156 2331 φησὶ,
1240 2263 1332 2314 καὶ
1403 2262 1899 2331 οίκονομείσθωσαν

341 2350 484 2403 κατά
516 2351 612 2421 τὴν
632 2352 894 2423 διαταγὴν
933 2354 1029 2408 καὶ
1060 2356 1151 2408 τὸν
1177 2355 1345 2408 τύπον
1371 2354 1464 2408 τοῦ
1500 2351 1738 2426 μεγᾶλου
1798 2357 1903 2410 Βα-

342 2442 563 2509 σιλείου,
596 2443 690 2497 καὶ
737 2444 812 2516 μὴ
865 2445 1264 2501 διαιτάσθωσαν
1311 2446 1369 2497 ὲν
1427 2445 1506 2498 ἑνὶ
1548 2449 1900 2518 μοναστηρίῳ

322 2536 570 2607 Ῑιοναχοὶ
585 2539 678 2592 καὶ
708 2541 1051 2610 μονάστριαι.
1079 2540 1268 2595 Δίαιτα
1294 2541 1334 2594 δ’
1358 2542 1589 2595 ἐνταῦθα
1610 2544 1671 2595 οὐ
1698 2546 1757 2595 τὸ
1783 2560 1904 2597 συν-

342 2626 543 2682 εσθίειν
579 2630 715 2700 όμοῦ
754 2630 1017 2696 καλεῖται,
1063 2631 1221 2702 ἀλλἰἠ
1254 2633 1371 2703 μετ’
1401 2633 1644 2703 ἀλλῆλων
1693 2635 1903 2687 συνδια-

339 2720 494 2786 γωγὴ
522 2719 613 2770 καὶ
639 2720 978 2790 ἀναστροφή.
1007 2720 1146 2789 Μηδ’
1172 2721 1443 2788 ἐχέτωσαν
1472 2720 1609 2790 πρὸς
1638 2721 1901 2792 ἀλλήλους

339 2810 654 2879 παρρησίαν
686 2812 917 2879 μοναχός
944 2817 1002 2864 τε
1025 2812 1119 2864 καὶ
1138 2813 1367 2881 μοναχῆ,
1387 2812 1525 2866 ὥστε
1549 2815 1784 2866 συνιέναι
1812 2795 1901 2866 ὅτε

339 2897 623 2966 βούλοιντο.
640 2901 734 2954 καὶ
766 2890 1012 2972 ἀλλήλοις
1028 2904 1394 2973 προσομιλεῖν,
1413 2904 1545 2975 μηδὲ
1570 2905 1901 2969 κοιταζέσθω

339 2991 568 3061 μοναχδς
590 2994 647 3044 ἐν
668 2995 964 3064 γυναικείῳ
1007 2997 1372 3065 μοναστηρῆμ,
1410 2997 1544 3067 μηδὲ
1580 2996 1900 3069 συνεσθιετω

2004 504 2068 557 de
2099 503 2338 571 ipsorum
2381 504 2750 573 apocrisia’riis
2779 520 2831 560 et
2861 508 3088 577 reliquis
3121 509 3410 564 ministris.

2075 680 2328 739 ZONAR.
2379 686 2621 755 Duplicia
2661 687 2750 743 hic
2802 704 2977 744 canon
3036 692 3372 747 monasteria
3437 693 3549 750 fieri

2001 786 2169 830 vetat.
2204 776 2261 831 In
2293 778 2361 833 iis
2390 787 2569 834 autem
2604 796 2712 835 non
2744 797 2866 837 cum
2904 784 3038 839 viris
3069 787 3235 840 simul
3283 787 3336 840 in
3362 788 3548 844 eodem

2000 866 2123 923 loco
2178 868 2401 925 feminae
2452 848 2762 941 degebant,
2814 876 2907 929 sed
2958 875 3029 930 ita
3095 864 3439 948 propinquo,
3476 896 3547 949 ut
3631 923 3643 937 .

2001 975 2163 1015 voces
2191 961 2377 1016 audire
2410 964 2747 1033 reddereque
2774 967 3002 1021 invicem
3044 973 3260 1039 utrique
3303 984 3545 1041 possent.

2000 1052 2057 1105 Id
2110 1068 2261 1124 ergo,
2324 1055 2449 1123 quia
2502 1055 2759 1110 nimirum
2814 1074 2878 1113 ex
2938 1076 3003 1115 eo
3086 1063 3152 1117 ad
3192 1067 3549 1135 cogitationes

2000 1139 2194 1200 molles
2228 1159 2293 1199 ac
2324 1155 2557 1209 teneras,
2590 1156 2685 1202 aut
2711 1151 2777 1203 ad
2807 1151 2950 1219 ipsas
2982 1168 3199 1223 quoque
3230 1157 3549 1214 libidinosas

2001 1233 2338 1299 affectiones,
2371 1236 2610 1291 titillatio
2644 1240 2914 1295 exsistere
2940 1241 3094 1317 facile
3140 1256 3339 1312 posset,
3379 1248 3549 1303 oﬂ‘en-

1986 1318 2321 1397 'sionemque
2349 1326 2537 1383 multis
2569 1327 2791 1385 afferret
2825 1331 2916 1384 illa
2956 1334 3228 1399 vicinitas,
3262 1354 3381 1407 quae
3426 1354 3550 1409 sps-
3582 1388 3589 1395 ,

2000 1416 2136 1471 ciem
2184 1417 2240 1472 in
2310 1419 2500 1475 eodem
2563 1423 2716 1491 quasi
2752 1424 3044 1481 'domicilio
3098 1434 3548 1487 commorantium

2000 1506 2240 1560 virorum
2278 1524 2342 1564 ac
2370 1510 2656 1565 mulierum
2686 1512 2985 1584 exhiberet,
3016 1515 3163 1570 nullo
3204 1520 3363 1573 tuodo
3390 1536 3551 1591 syno:

2001 1599 2103 1653 dus
2138 1599 2299 1654 licere
2329 1600 2594 1655 decernit.
2628 1602 2783 1667 Quod
2820 1604 3005 1673 siqui,
3043 1604 3237 1675 inquit,
3272 1624 3376 1663 una
3425 1626 3546 1663 cum

1980 1691 2249 1758 cognatis
2309 1693 2516 1747 mundo
2565 1696 2875 1751 renuntiare
2920 1698 3163 1767 cupiant,
3200 1700 3301 1753 viri
3332 1703 3551 1769 quidem

2002 1782 2066 1836 ad
2099 1784 2360 1848 virorum,
2396 1786 2655 1841 mulieres
2707 1799 2885 1842 autem
2955 1791 3020 1844 ad
3069 1791 3388 1847 feminarum
3438 1812 3556 1848 mn-

2002 1876 2239 1930 nasteria
2268 1892 2325 1931 se
2346 1878 2649 1933 conferant.
2674 1879 2762 1934 Sic
2785 1882 2926 1935 enim
2957 1883 3069 1938 Deo
3092 1896 3369 1956 acceptum
3390 1889 3551 1958 327
3618 1902 3625 1913 ί

1998 1977 2103 2032 est,
2136 1968 2245 2023 Deo
2270 1970 2352 2024 sic
2388 1972 2596 2041 accepti
2630 1974 2889 2038 servient,
2921 1977 2965 2031 si
3024 1980 3254 2046 sejunCIi
3306 1978 3545 2035 ‘invicem

2002 2075 2065 2114 ac
2097 2060 2257 2131 divisi
2287 2063 2451 2116 vitam
2484 2073 2668 2134 agant,
2688 2082 2785 2120 nec
2815 2069 2949 2122 alter
2970 2054 3123 2125 alteri
3148 2073 3551 2130 incitamentum

2003 2155 2070 2206 ad
2120 2154 2428 2221 libidinem,
2491 2171 2668 2225 neque
2713 2159 3234 2218 aliis~olfensionem
3293 2168 3549 2236 praebeat.

2003 2245 2133 2311 Quae
2160 2256 2337 2301 autem
2371 2248 2607 2317 duplicia
2625 2254 2956 2306 monasteria
2979 2254 3089 2321 jam
3120 2252 3368 2312 instituta
3402 2272 3549 2319 Sunt.

2001 2348 2278 2403 maneant,
2310 2338 2509 2408 inquit,
2541 2355 2603 2395 ac
2628 2342 2780 2411 juxta
2810 2347 2988 2414 magni
3060 2345 3241 2402 Basilii
3290 2353 3554 2406 constitu-

2000 2422 2217 2483 tionem
2243 2445 2603 2502 normamque
2632 2434 3113 2491 administrentur:
3149 2455 3325 2510 neque
3352 2443 3405 2497 in
3445 2460 3554 2497 uno

1999 2522 2333 2576 monasterio
2390 2526 2641 2578 monachi
2695 2526 2857 2583 simul
2915 2540 2969 2584 et
3022 2522 3298 2593 monachae
3340 2535 3555 2607 degant.

1997 2613 2188 2667 Δίαιτα
2237 2624 2470 2686 namque
2522 2616 2626 2672 hoc
2678 2619 2820 2687 loco,
2890 2637 2997 2677 non
3050 2626 3294 2694 ejusdem
3354 2644 3553 2683 mensae

2003 2707 2468 2772 communionem,
2505 2710 2597 2764 sed
2647 2713 2768 2765 vita:
2815 2722 3057 2768 mutuam
3103 2721 3548 2776 consuetudinem

1998 2796 2529 2869 familiaritatemque
2556 2803 2850 2873 significat.
2885 2804 3081 2876 Neque
3101 2824 3227 2865 vero
3257 2826 3319 2864 ea
3350 2827 3548 2868 conce-

1984 2889 2161 2967 .datur
2190 2890 2282 2944 ulli
2311 2892 2577 2948 monacho
2607 2894 2691 2948 vel
2723 2899 3001 2952 monacha:
3040 2899 3279 2968 licentia,
3306 2912 3361 2958 ut
3391 2904 3553 2960 simul

2000 2982 2236 3052 colloqui
2270 2992 2498 3053 uterque
2524 2987 2892 3057 congredique
2938 3005 3036 3059 pro
3067 2991 3294 3047 arbitrio
3329 3007 3556 3064 queant,

338 3084 644 3153 καταμόνας
671 3086 1162 3158 μοναζούσῃ.⁹Αλλᾶι
1187 3088 1288 3140 κᾶν
1322 3092 1575 3160 χορηγεῖν
1617 3091 1806 3152 αὐταῖς
1829 3089 1897 3143 τὰ

2003 3090 2178 3144 neque
2209 3075 2263 3129 in
2292 3077 2542 3131 muliebri
2570 3082 2900 3135 monasterio
2923 3084 3223 3139 monachus
3252 3098 3555 3155 pernoctet,

338 3173 607 3241 ἀναγκαῖα
636 3177 879 3245 μέλλοιεν
901 3181 962 3232 ἐκ
985 3182 1082 3249 τῆς
1106 3178 1347 3250 ἁνδρῴας
1382 3180 1571 3250 μονῆς,
1593 3183 1665 3251 μὴ
1693 3181 1898 3234 εἰσίτω-

340 3281 438 3344 σαν
462 3270 682 3338 μοναχοὶ
705 3271 854 3336 ἐντὸς
883 3273 975 3325 τοῦ
1001 3274 1308 3340 γυναικείου
1342 3274 1735 3344 μοναστηρίουο
1762 3273 1894 3328 ἀλλὰ

345 3326 505 3427 μῖχρι
541 3326 639 3429 τῆῗς
695 3326 867 3433 πύλης
904 3326 1148 3427 ἐλθόντες
1190 3326 1651 3437 Ὕπροσμενὲτωσαν
1696 3366 1820 3432 ἔξω,
1858 3368 1890 3435 ἡ

336 3445 391 3501 δὲ
416 3453 731 3518 προεστῶσα
782 3457 931 3525 μετὰ
956 3458 1204 3527 γηραιῶν
1260 3452 1602 3527 μοναζουσῶν
1664 3457 1889 3510 ἐλθοῦσα

340 3542 474 3610 πρὸς
498 3543 597 3613 τὴν
630 3544 802 3614 πύλην
842 3548 1169 3617 λαμϐανέτω
1223 3550 1292 3602 τὰ
1350 3552 1697 3621 κομισθέντα.
1722 3551 1783 3602 Εἰ
1833 3549 1890 3601 δὲ

338 3632 433 3685 καὶ
465 3637 702 3705 συγγενῆ
746 3638 956 3691 οἰκείαν
1010 3641 1136 3693 ἰδεῖν
1176 3643 1330 3711 ζητεῖ
1379 3644 1629 3712 μοναχὺς,
1682 3641 1892 3711 παρού-

338 3739 436 3791 σης
466 3724 565 3792 τῆς
597 3728 905 3797 ἡγουμένης
928 3728 1214 3782 θεασάσθω
1262 3729 1452 3798 αὐτὴν.
1479 3730 1572 3782 καὶ
1633 3744 1897 3797 προσομι-

336 3816 492 3869 λείτω
517 3817 584 3870 δι’
606 3818 798 3886 ὀλίγων
832 3819 1024 3887 λόγων,
1055 3820 1199 3873 ὥστε
1238 3820 1443 3890 ταχέως
1478 3820 1799 3889 ὑποχωρεῖν.

238 3936 243 3953 ι
336 3923 453 3978 ηοω
476 3909 774 3963 afferuntur
823 3911 1070 3979 accipiat.
1113 3912 1169 3964 Si
1221 3914 1345 3981 quis
1400 3927 1525 3966 vero
1568 3911 1728 3965 etiam
1793 3910 2074 3977 cognatam
2148 3903 2325 3955 visere
2407 3907 2705 3959 monachus
2779 3909 2999 3978 cupiat,

2003 3182 2177 3233 neque
2206 3181 2451 3221 seorsum
2482 3184 2605 3223 cum
2643 3173 2861 3226 moniali
2895 3175 3077 3244 aliqua
3124 3177 3301 3249 cibum
3354 3180 3552 3250 capiat.

2000 3255 2201 3313 Verum
2250 3260 2463 3314 etiamsi
2519 3263 2844 3333 quandoque
2885 3266 2950 3320 ad
3002 3269 3198 3323 victum
3247 3274 3552 3327 necessaria
3632 3268 3635 3273 ’

1998 3364 2065 3405 ex
2120 3350 2362 3405 virorum
2435 3356 2768 3409 monasterio
2833 3357 3163 3416 monialibus
3222 3364 3553 3432 suppeditari

2010 3444 2324 3513 contingat,
2396 3460 2743 3516 nequaquam
2824 3449 2963 3503 intra
3022 3464 3171 3522 septa
3241 3459 3551 3513 monasterii

2001 3536 2285 3590 muliebris
2318 3537 2570 3591 monachi
2607 3539 2981 3607 ingrediantur
3009 3561 3024 3597 :
3072 3545 3165 3599 sed
3206 3548 3294 3601 ubi
3327 3549 3393 3601 ad
3426 3564 3555 3618 por-

2004 3635 2112 3682 tam
2146 3630 2510 3696 pervenerint,
2541 3644 2691 3684 extra
2734 3631 2878 3688 fores
2914 3637 3249 3703 consistant;
3303 3640 3550 3709 prmfecta

2001 3732 2132 3771 vero
2209 3732 2438 3785 earum,
2492 3736 2611 3788 qua:
2696 3732 2852 3778 aetate
2927 3730 3292 3795 provectiores
3376 3745 3549 3797 sunt,

2000 3810 2316 3864 monialium
2368 3813 2626 3867 comitatu
2674 3824 2846 3883 septa,
2897 3830 3065 3886 porta:
3114 3825 3551 3896 appropinquans

3090 3924 3352 3980 praesente
3439 3936 3548 3974 Ino-

337 4003 558 4056 nasterii
618 4001 865 4070 Praefecta
931 4002 984 4055 id
1051 4002 1234 4068 faciat,
1297 4004 1556 4073 brevique
1608 4000 1884 4071 colloquio
1924 4008 2056 4049 usus
2083 3993 2504 4063 quamprimum
2535 4002 2772 4051 recedat.

336 4094 553 4147 ΑΡΙΣΤ.
612 4113 631 4145 ι
674 4095 763 4164 Μὴ
810 4096 924 4165 ήτω
977 4094 1137 4147 διπλᾶ
1184 4097 1532 4166 μοναστήρια,
1582 4094 1713 4164 μηδὲ
1746 4094 1884 4145 διαι-

412 4204 430 4237 ι
477 4186 761 4241 τάσθωσαν
805 4187 862 4239 ὲν
923 4185 1073 4254 αύτῷ
1127 4187 1349 4256 μοναχοὶ
1396 4188 1491 4239 καὶ⁵
1538 4186 1881 4255 μονάστριαι,

410 4296 430 4327 1
476 4279 613 4349 μηδὲ
650 4278 961 4346 καταμόνας
989 4278 1365 4345 ὁμιλείτωσαν·
1412 4276 1545 4330 ἀλλὰ
1598 4278 1692 4329 καὶ
1744 4276 1796 4328 εἴ
1831 4292 1884 4327 τι

1989 4083 2212 4141 ARIST.
2270 4103 2289 4137 ι
2352 4083 2592 4154 Duplicia
2656 4103 2725 4142 ne
2771 4088 2899 4142 fiant
2940 4094 3310 4161 monasteria,
3374 4114 3549 4169 neque

2066 4199 2084 4229 ι
2123 4178 2368 4233 monachi
2399 4172 2453 4232 et
2475 4180 2750 4235 monachae
2776 4183 2826 4235 in
2856 4183 3042 4238 eodem
3075 4187 3405 4254 cohabitcnt,
3451 4209 3543 4247 ne»-

2065 4290 2084 4323 ι
2116 4286 2220 4339 que
2250 4270 2477 4325 seorsim
2509 4274 2930 4328 confabulentur
2965 4293 2980 4329 :
3026 4278 3321 4347 quinetiam
3366 4284 3547 4353 siquid

411 4388 429 4422 ¢
473 4369 777 4439 διακομίσει
818 4367 955 4439 ἀνὴρ
1006 4370 1284 4438 κανονικῇ,
1330 4367 1434 4432 ἔξω
1477 4367 1650 4437 μένων
1677 4364 1882 4430 διδότω,

2058 4382 2078 4414 ι
2116 4364 2195 4417 vir
2229 4362 2438 4417 femina
2465 4364 2697 4434 regulari
2722 4368 2961 4421 attulerit
2988 4408 3003 4431 ,
3054 4380 3204 4423 extra
3255 4372 3400 4429 fores
3448 4394 3547 4431 ex»

411 4480 431 4513 ‹
479 4461 571 4513 καὶ
599 4462 695 4531 τὴν
723 4461 956 4529 συγγενῆ
987 4459 1088 4512 ὑπὸ
1131 4459 1429 4529 παρουσίας
1455 4459 1553 4529 τῆς
1582 4457 1886 4528 ἡγουμένης
1912 4457 1973 4525 ’,

412 4572 427 4605 ι
474 4552 703 4605 θεάσθω.
754 4571 772 4602 ι
1734 4578 1739 4583 ·

409 4644 594 4696 Πᾶσαν
646 4642 946 4710 ἀσφάλειαν
990 4641 1171 4695 ἔθεντο
1194 4642 1242 4694 οἱ
1276 4641 1535 4711 Πατέρες,
1566 4643 1654 4696 ἵνα
1704 4642 1778 4712 μὴ
1815 4644 1883 4712 τῇ

341 4734 598 4804 μοναδικῇ
659 4734 902 4804 πολιτείᾳ
960 4732 1150 4803 μῶμός
1200 4751 1305 4800 ιτις
1364 4732 1729 4805 ὲπιτρίϐηται,
1794 4735 1886 4787 καὶ

339 4827 675 4897 προσέταξαν
722 4826 796 4895 μὴ
850 4828 906 4878 ἐν
936 4826 1119 4895 ταυτῷ
1167 4825 1463 4878 συνεσθίειν
1507 4828 1772 4895 μοναχοὺς
1795 4826 1891 4878 καὶ

342 4919 690 4990 μοναστρίας,
726 4918 856 4987 μηδὲ
891 4917 1026 4987 πρὸς
1055 4916 1318 4986 ἀλλήλους
1344 4915 1552 4985 ὁμιλεῖν
1580 4914 1700 4967 κατ’
1728 4916 1883 4969 ἰδίαν·

336 5010 469 5063 ἀλλὰ
501 5010 601 5061 κᾶν
634 5008 869 5076 συγγενῆ
919 5024 1039 5058 τινα
1094 5006 1227 5077 θέλῃ
1279 5006 1573 5059 θεάσασθαι
1634 5006 1885 5073 μοναχὸς,

337 5100 735 5171 παρουσίᾳηῆς
764 5097 1068 5168 ἡγουμένης
1099 5099 1269 5166 ταύτῃ
1297 5085 1666 5167 προσομιλεῖν.
1704 5096 1808 5147 Καὶ
1838 5095 1891 5149 εἴ

330 5211 381 5246 τι
410 5192 518 5247 τῶν
551 5191 859 5256 ἀναγκαίων
888 5189 979 5242 τοῦ
1012 5187 1126 5257 βίου
1159 5189 1267 5240 ἀπὸ
1298 5186 1391 5239 τοῦ
1442 5184 1680 5255 ἁνδρῴου
1716 5202 1886 5256 μοναη

316 5285 555 5350 ⁵στηρίου
580 5278 871 5350 διακομίσῃ
905 5278 1040 5347 πρὸς
1070 5279 1164 5339 τὰς
1204 5275 1545 5345 μοναςούσας
1574 5279 1600 5327 ὁ
1629 5277 1883 5344 μοναχὸς,

331 5373 433 5437 ἔξω
462 5372 559 5441 τῆς
587 5369 752 5439 μονῆς
784 5369 992 5421 ἑστῶτα
1021 5368 1215 5420 διδόναι
1246 5366 1400 5419 τοῦτο
1425 5369 1489 5436 τῇ
1518 5366 1647 5436 ἠγου
1657 5368 1813 5436 μένῃ.

930 5460 1167 5514 ΚᾺΝΩΝ
1208 5461 1336 5512 KA'.

343 5573 361 5605 ι
404 5558 476 5610 Οὐ
503 5556 585 5607 δεῖ
617 5554 848 5626 μοναχὸν
876 5554 909 5625 ἢ
945 5552 1273 5623 μονάστριαν
1307 5552 1741 5621 καταλιμπάνειν
1790 5553 1886 5623 τὴν

410 5668 425 5699 ι
470 5650 674 5703 οἰκείαν
720 5650 903 5717 μονὴν,
952 5650 1042 5700 καὶ
1076 5650 1153 5707 είς
1210 5648 1400 5716 ἑτέραν
1445 5645 1809 5714 ἀπέρχεσθαι·
1840 5650 1888 5699 εί

414 5760 432 5791 ι
473 5744 524 5797 δὲ
558 5760 619 5795 συ
630 5744 736 5810 μόῆ
761 5740 942 5807 τοῦτο,
967 5738 1353 5809 ξενοδοχεῖσθαι
1379 5738 1539 5791 αὑτὸν
1565 5742 1889 5807 ἀναγκαῖον,

2071 4475 2090 4506 ι
2133 4465 2407 4523 spectans,
2441 4455 2634 4518 tradat,
2663 4465 2715 4511 et
2746 4468 3025 4526 cognatam
3046 4462 3099 4514 in
3126 4463 3387 4531 praefectte
3410 4482 3548 4536 prata

2069 4566 2089 4598 α
2127 4548 2298 4602 sentia
2338 4547 2497 4603 \‘isal.
2537 4567 2555 4600 ι

2059 4638 2283 4693 Omnem
2313 4655 2498 4693 curant
2537 4640 2898 4695 adhibuerunt
2926 4641 3114 4717 Patres
3146 4686 3159 4707 ,
3193 4663 3259 4701 ne
3282 4663 3539 4717 pronrum

1993 4730 2209 4797 aliquod
2237 4730 2358 4784 vita:
2387 4734 2700 4787 monasticze
2720 4714 3114 4800 inferretur,‘et
3139 4740 3460 4795 mandarunt
3491 4744 3541 4796 in

1992 4822 2176 4877 eodem
2230 4823 2560 4877 monasterio
2617 4831 2912 4881 monachos
2986 4839 3040 4882 et
3096 4833 3389 4885 monachas
3436 4848 3543 4886 non

1992 4910 2263 4976 convesei,
2290 4926 2391 4966 nec
2421 4912 2559 4967 inter
2592 4928 2651 4968 se
2673 4917 2842 4969 δοίη-εξ
2926 4920 3263 4974 confabulari
3296 4963 3310 4985 ,
3350 4923 3442 4974 sed
3492 4931 3546 4974 et

1990 5003 2037 5057 si
2086 5011 2370 5071 cognatam
2420 5003 2655 5072 aliquam
2712 5007 2857 5075 aspic
2916 5024 2955 5062 σε
3004 5012 3154 5079 cupit
3206 5012 3546 5076 monachus,

1991 5096 2270 5163 praesentia
2300 5097 2562 5165 praetecta:
2594 5113 2716 5151 cmn
2764 5115 2824 5153 ea
2879 5102 3134 5169 colloqui.
3190 5101 3251 5156 Et
3310 5104 3355 5156 si
3416 5104 3543 5171 quid

1990 5176 2203 5251 eorum,
2237 5202 2356 5255 qua:
2389 5187 2509 5241 vitae
2539 5200 2668 5243 sunt
2709 5190 3043 5254 necessaria,
3094 5206 3120 5243 a
3164 5192 3399 5245 virorum
3428 5210 3543 5245 Ino-

1991 5280 2230 5333 nasterio
2286 5279 2351 5332 ad
2408 5283 2700 5336 monachus
2758 5284 3149 5352 transportabit
3203 5284 3544 5353 monachus,

1992 5381 2145 5426 extra
2175 5370 2508 5426 mansionem
2546 5382 2700 5427 stans
2738 5374 2867 5426 illud
2899 5374 3166 5443 prazfecta:
3199 5375 3394 5430 tradat.

2301 5528 2305 5531 τ
2549 5464 2776 5521 CANON
2817 5465 2955 5523 XXI.

2001 5576 2017 5607 ι
2053 5554 2169 5609 Νυη
2201 5566 2410 5624 oportet
2442 5556 2765 5611 monachum
2801 5557 2880 5612 vel
2907 5562 3223 5613 monacham
3260 5574 3537 5629 preprtutn

2069 5668 2087 5701 ι
2125 5650 2425 5719 relinquere
2446 5650 2851 5718 monasterium,
2878 5659 2932 5705 et
2949 5651 3014 5703 ad
3036 5652 3177 5705 aliud
3197 5666 3255 5706 se
3277 5657 3541 5708 conferre:

2075 5763 2092 5794 ι
2131 5744 2173 5799 si
2199 5744 2300 5799 hoc
2327 5754 2505 5800 autem
2538 5743 2847 5811 contigerit,
2885 5744 3058 5803 ipsum
3101 5745 3331 5807 hospi-tio
3368 5745 3539 5813 excipi
