4074 6214
537 251 640 316 995

614 385 632 418 ι
666 372 751 420 est
783 364 1187 428 necessarium;
1230 363 1325 419 sed
1347 365 1484 422 .sine
1529 364 1718 417 notitia
1763 360 2072 416 monasterii
2107 365 2152 420 Α

613 476 632 509 ι
671 457 910 528 praefecti
940 471 1062 510 eum
1094 457 1259 526 recipi
1291 471 1396 510 non
1427 456 1699 511 convenit.
1735 473 1754 506 ι

611 569 802 624 BALS.
866 568 1157 638 Postquam
1206 569 1476 638 pollicitus
1519 570 1589 624 sit
1647 569 1843 638 aliquis
1879 577 1932 622 et
1979 567 2085 623 Deo

535 665 812 737 professus
843 680 902 719 se
931 665 984 717 in
1015 663 1438 728 monasterio,.in
1471 679 1576 732 quo
1597 671 1786 719 tonsus
1807 673 1911 728 est,
1937 679 2087 717 man-

505 765 514 775 '
539 773 758 819 surum,
793 756 1064 825 quomodo
1084 755 1134 810 ei
1164 757 1502 826 permittetur
1524 771 1678 810 suam
1699 756 2081 824 professionem

539 837 811 903 infirmare
835 886 850 911 ,
899 859 950 902 et
983 848 1034 901 in
1082 839 1226 900 aliud
1259 851 1644 902 monasterium
1674 849 1859 902 abire?
1888 847 2085 903 Statuit

536 957 662 1011 ergo
687 956 886 1004 canon,
912 955 977 993 ne
1002 941 1302 993 monachtIs
1330 939 1410 994 vel
1437 940 1695 993 nionacha
1716 956 1781 994 ex
1835 956 1934 994 suo
1977 956 2089 994 Ilio-

539 1036 776 1087 nasterio
811 1033 1115 1087 inordinate
1144 1033 1402 1096 recedat,
1447 1042 1500 1086 et
1541 1033 1592 1086 in
1635 1032 1778 1087 aliud
1821 1044 2089 1089 monaste-

538 1127 674 1178 rium
705 1142 760 1178 se
791 1125 1053 1189 conferat,
1075 1135 1126 1178 ut
1160 1126 1211 1178 in
1245 1142 1308 1179 eo
1334 1125 1648 1178 collocetur.
1688 1126 1742 1178 Si
1778 1126 1878 1179 hoc
1905 1136 2084 1180 autem

539 1228 757 1284 propter
791 1218 1045 1286 pusillum
1080 1226 1132 1271 et
1153 1217 1420 1285 abjeetum
1451 1220 1691 1271 animum
1729 1233 1868 1286 saepe
1900 1219 2012 1284 fiat,
2042 1219 2088 1273 is

536 1313 693 1384 Περὶ)
723 1328 786 1366 eo
814 1313 906 1379 qui
942 1322 1142 1381 praeest
1184 1312 1480 1380 recipiatur
1504 1353 1518 1376 ,
1573 1314 1692 1366 sine
1742 1315 1968 1367 scientia
2026 1330 2091 1369 ac

537 1404 729 1458 notitia
755 1403 896 1472 ejus,
924 1406 1015 1474 qui
1040 1405 1184 1459 illius
1212 1420 1396 1458 curam
1423 1405 1586 1473 gerit,
1620 1407 1929 1460 monasterii
1955 1421 2088 1475 prae-

539 1492 706 1555 fecti,
759 1496 964 1548 scilicet
1021 1499 1138 1550 sine
1159 1495 1463 1548 dimissoria
1521 1496 1640 1563 ejus
1692 1495 2087 1564 epis:ola:sed

537 1588 710 1638 solum
768 1588 1000 1654 hospitio
1023 1588 1358 1654 excipiatur,
1397 1604 1461 1641 ne
1509 1588 1576 1641 ad
1623 1589 1901 1642 saecularia
1943 1589 2091 1642 abire

537 1687 763 1744 cogatur
811 1688 864 1732 et
893 1693 1014 1732 cum
1052 1679 1200 1733 laicis
1229 1684 1392 1732 vitam
1427 1693 1605 1747 agere.
1642 1679 1810 1733 Porro
1861 1675 2089 1750 magnus
2123 1701 2162 1756 Β

540 1767 774 1823 Basilius
803 1770 856 1823 in
887 1771 1002 1826 suis
1035 1772 1284 1825 asceticis
1316 1773 1582 1838 capitibus
1617 1773 1807 1826 statuit
1834 1812 1848 1834 ,
1882 1781 1939 1825 ut
1970 1787 2089 1824 mo-
2161 1829 2163 1832 ,

539 1859 768 1920 nachns,
799 1858 893 1928 qui
923 1860 1107 1913 animo
1135 1859 1426 1913 offenditur
1450 1900 1463 1922 ,
1495 1861 1714 1914 recedat
1767 1862 1832 1914 ab
1884 1877 1982 1926 eo,
2038 1863 2090 1916 in

537 1964 643 2016 quo
669 1958 856 2003 tonsus
889 1958 994 2016 cst,
1027 1953 1356 2005 monasterio
1387 1970 1400 2004 :
1432 1959 1486 2004 et
1532 1953 1635 2006 hoc
1693 1952 1888 2017 faciat,
1947 1963 2096 2023 post-

537 2056 698 2109 quam
723 2043 1034 2097 monasterii
1059 2043 1309 2110 przefecto
1331 2045 1380 2097 id
1402 2044 1564 2100 semel
1585 2054 1636 2098 et
1660 2047 1850 2098 iterum
1874 2047 2088 2106 dixerit.

535 2143 590 2186 et
617 2133 774 2186 etiam
808 2134 1108 2198 monachis,
1133 2151 1232 2189 nec
1263 2137 1463 2188 malum
1499 2138 1810 2205 corrigitur.
1866 2136 2090 2206 Hospitii

539 2235 720 2278 autem
747 2226 965 2280 nomine
994 2240 1060 2279 ne
1093 2225 1243 2280 dicas
1280 2227 1598 2280 monachum
1627 2269 1641 2290 ,
1672 2228 1764 2295 qui
1818 2229 1940 2281 alibi
1972 2236 2092 2281 ton-

541 2331 637 2368 sus
666 2326 770 2380 est,
793 2317 878 2370 diu
914 2317 1112 2372 debere
1139 2319 1344 2372 versari
1401 2319 1453 2372 in
1508 2320 1681 2373 alieno
1725 2323 2091 2386 monasterio;

541 2407 641 2460 hac
674 2409 814 2459 enim
846 2409 1054 2462 ratione
1083 2409 1140 2460 ﬁt
1171 2408 1316 2462 fraus
1343 2411 1538 2462 cauoui
1567 2427 1582 2468 :
1609 2409 1699 2464 sed
1750 2413 1936 2479 paucis
1979 2412 2094 2464 die‘

541 2499 661 2552 bus.
699 2499 772 2553 Ne
805 2501 1016 2555 mireris
1047 2510 1225 2554 autem
1257 2541 1270 2564 ,
1325 2503 1600 2568 quomodo
1652 2519 1679 2554 a
1733 2519 1939 2566 canone
1987 2521 2094 2558 non

541 2590 761 2652 punitur
793 2591 857 2651 is,
889 2590 980 2657 qui
1018 2607 1140 2642 eum
1177 2593 1588 2660 transgreditur.
1618 2591 1756 2662 Lege
1781 2607 1835 2647 et
1881 2593 1946 2647 80
1973 2612 2092 2649 eam

542 2697 664 2751 syn.
700 2681 911 2746 Carth.,
942 2693 994 2735 et
1023 2684 1163 2736 scies
1184 2685 1453 2751 quomodo
1482 2685 1798 2754 puniuntur,
1841 2689 1929 2755 qui
1967 2687 2093 2742 alibi

542 2775 684 2827 tonsi
717 2782 863 2837 sunt,
897 2783 950 2829 et
977 2775 1067 2843 qui
1094 2790 1188 2831 eos
1222 2777 1528 2846 suscipiunt

1775 243 1876 301 ΤΗ
1883 242 2053 302 EOD.
2086 237 2483 299 BALSAMON
3427 240 3441 263 ‘

3624 231 3730 293 996

2254 371 2272 404 ι
2322 333 2833 422 προσλαμϐάνεσθαι
2863 349 2916 400 δὲ
2945 347 3074 400 ἄνευ
3120 333 3340 415 γνώμης
3371 344 3462 398 τοῦ
3487 344 3730 414 ἡγουμέ-

2257 464 2275 496 ι
2318 462 2410 497 νου
2443 443 2604 498 αὑτοῦ
2632 443 2692 494 οὐ
2723 443 3003 510 προσήκει.
3053 457 3071 489 ι
3500 509 3503 512 _

2253 555 2450 608 ΒᾹΛΣ.
2485 553 2640 607 Μετά
2671 552 2731 604 τὸ
2762 550 2942 605 δοῦναί
2976 566 3094 603 τινα
3123 549 3394 618 συνθήκας
3419 548 3513 601 καὶ⁷
3541 547 3737 616 ὁμολο-

2185 649 2308 718 γίας
2341 650 2418 703 εἰς
2471 647 2600 700 Θεὸν
2637 646 2793 714 χάριν
2825 644 2914 696 τοῦ
2949 642 3272 712 προσμένειν
3305 643 3363 693 ὲν
3417 636 3737 714 ᾖάπεκάρη

2189 742 2345 810 μονῇ,
2377 739 2493 802 πῶς
2542 735 3070 808 παραχωρηθήσεται
3101 733 3197 802 τὴν
3237 731 3444 785 οἰκείαν
3474 731 3740 802 ἀθετῆσαι

2186 831 2490 900 ὁμολογίαν,
2538 832 2631 884 καὶ
2664 831 2742 890 είς
2791 831 2986 898 ἑτέραν
3019 825 3270 878 ἀπελθεῖν
3327 827 3531 896 μονήν;
3561 826 3744 893 Δωρί-ο

2187 923 2337 986 (stat
2371 918 2461 974 οὖν
2501 921 2530 972 ὁ
2558 920 2734 973 κανὼν
2771 922 2904 990 μήτε
2949 918 3181 988 μοναχὸν
3226 919 3364 987 μήτε
3408 919 3740 987 μονάστριαν

2187 1014 2536 1076 ἀσυντάκτως
2571 1013 2871 1082 ἀναχωρεῖν
2917 1012 3023 1064 ἀπὸ
3056 1011 3152 1078 τῆς
3192 1010 3398 1072 οἰκείας
3430 1008 3618 1078 μονῆς.
3646 1010 3742 1061 καὶ

2188 1109 2267 1170 εἰς
2290 1107 2476 1176 ἕτερον
2501 1104 2829 1174 ἀπέρχεσθαι
2863 1103 3221 1171 μοναστήριον
3248 1100 3408 1171 χάριν
3448 1099 3542 1152 τοῦ
3571 1118 3742 1153 καταο

2188 1199 2417 1267 ταγῆναι
2447 1199 2504 1248 ἐν
2537 1194 2700 1264 αὐτῷ.
2735 1194 2794 1246 ΕΞ
2825 1193 2878 1248 δε
2925 1192 3180 1254 πολλάκις
3234 1193 3322 1246 διὰ
3371 1192 3742 1262 μικροψυχίαν

2188 1285 2412 1352 γένηται
2461 1281 2636 1347 τοῦτο,
2688 1282 2762 1352 μὴ
2822 1281 3333 1352 προσλαμϐάνεσθαι
3377 1282 3539 1335 αὑτὸν
3589 1287 3743 1351 παρὰ

2188 1374 2280 1426 τοῦ
2331 1373 2669 1443 προεστῶτος
2716 1374 2845 1425 ἄνευ
2896 1373 3149 1442 εἰδήσεως
3202 1373 3296 1426 τοῦ
3344 1375 3742 1443 κουρεὺσαντος

2189 1462 2350 1516 αὐτὸν
2380 1464 2700 1533 ἡγουμένου,
2745 1461 2984 1532 δηλονότι
3033 1461 3200 1532 χωρὶς
3242 1462 3573 1535 ἀπολυτικῆς
3606 1480 3746 1532 γρα-

2193 1555 2299 1622 φῆς
2328 1553 2512 1606 αὐτοῦ·
2560 1553 2696 1606 ἀλλὰ
2745 1552 2901 1620 μόνον
2930 1552 3316 1622 ξενοδοχείσθαι
3338 1570 3351 1583 ο
3382 1554 3468 1606 ἵνα
3519 1553 3593 1623 μὴ
3626 1554 3746 1624 βια-

2193 1647 2290 1713 σθῇ
2319 1646 2398 1706 εἰς
2426 1647 2661 1715 κοσμικὲι
2688 1647 2924 1708 ἀπιέναι,
2955 1647 3046 1696 καὶ
3088 1646 3294 1708 διάγειν
3327 1648 3465 1714 μετά
3513 1647 3740 1700 λαῖκῶν.

2203 1734 2261 1787 Ὁ
2299 1736 2477 1804 μέντοι
2508 1735 2678 1804 μέγας
2698 1735 2973 1797 Βασίλειος
2998 1739 3053 1788 ἐν
3084 1739 3194 1798 τοῖς
3221 1739 3532 1806 ἀσκητικοῖς
3564 1739 3734 1791 αὐτοῦ

2192 1809 2500 1894 κεφαλαίοις
2522 1827 2812 1889 διορίζεται
2841 1828 2931 1878 τὸν
2965 1828 3215 1897 μοναχὸν,
3243 1828 3606 1898 βλαπτόμενον
3633 1831 3742 1899 ψυα

2191 1918 2376 1986 χικῶς,
2409 1919 2704 1987 ἀναχωρεῖν
2734 1917 2825 1985 ἀφ’
2856 1913 2922 1990 ἧς
2952 1921 3205 1990 άπεκάρη
3235 1922 3418 1990 μονῆςο
3448 1923 3540 1976 καὶ
3575 1923 3737 1976 τοῦτο

2192 2009 2247 2060 δὲ
2281 2011 2452 2061 ποιεῖν
2487 2009 2624 2079 μετά
2652 2009 2710 2061 τὸ
2754 2012 2926 2063 εἰπεῖν
2968 2011 3061 2064 καὶ⁹
3105 2011 3249 2076 ἅπαξ
3281 2016 3370 2066 καὶ
3400 2013 3478 2076 δὶς
3505 2015 3574 2067 τὰ
3602 2017 3738 2086 περὶ

2193 2102 2378 2154 τούτου
2415 2104 2549 2170 πρὸς
2579 2103 2668 2156 τὸν
2717 2105 3130 2175 καθηγούμενον
3159 2109 3398 2170 καὶτοὺς
3445 2110 3738 2178 μοναχοὺς,

2194 2193 2286 2247 καὶ
2319 2194 2392 2264 μὴ
2425 2195 2778 2267 διορθωθῆναι
2823 2198 2881 2250 τὸ
2925 2199 3113 2253 κακόν.
3159 2201 3248 2270 Τῷ
3293 2201 3516 2271 ὀνόματι
3561 2203 3618 2255 δὲ
3648 2205 3746 2272 τῆς

2195 2285 2494 2355 ξενοδοχέας
2545 2288 2618 2358 μὴ
2647 2287 2806 2360 εἴπῃς
2838 2290 2928 2344 ἐπὶ
2976 2291 3143 2343 πολὺν
3167 2294 3356 2364 καιρὸν
3385 2293 3477 2346 τὸν
3504 2293 3749 2359 ξενοκου-

2196 2379 2349 2448 ρίτην
2387 2379 2615 2450 μοναχδν
2655 2381 2861 2448 διάγειν
2895 2385 2976 2445 εἰς
3023 2385 3308 2455 ἀλλοτρίαν
3360 2386 3548 2456 μονὴν,
3596 2389 3778 2452 τοῦτο,

2193 2469 2301 2538 γάρ
2330 2470 2422 2522 καὶ⁵
2451 2473 2763 2542 περιγραφὴ
2792 2473 2884 2526 τοῦ
2915 2476 3132 2539 κανόνος
3161 2479 3328 2551 ἐστίν’
3355 2477 3472 2532 ἀλλ’
3496 2481 3583 2547 ἐφ’
3607 2483 3744 2549 ὴμέ-

2199 2553 2318 2630 ραις
2350 2563 2618 2631 μετρίαις.
2664 2565 2753 2634 Μὴ
2784 2565 3071 2637 θαυμάσῃς
3115 2569 3170 2621 δὲ
3199 2570 3316 2633 πῶς
3350 2572 3411 2624 οὐ
3462 2573 3742 2638 κολάζεται

2196 2653 2344 2722 παρά
2371 2654 2463 2706 τοῦ
2495 2656 2710 2716 κανόνος
2747 2659 2773 2708 ὁ
2804 2659 3122 2729 παραϐάτης
3159 2660 3372 2717 τούτου.
3413 2663 3740 2730 Ἀνάγνωσον

2196 2747 2287 2797 καὶ
2315 2751 2423 2796 τὸν·
2444 2751 2494 2794 π’
2550 2748 2746 2800 κανόνα
2798 2750 2892 2818 τῆς
2923 2754 2979 2802 ἐν
3011 2753 3338 2826 Καρθαγένῃ
3377 2757 3605 2820 συνόδου,
3645 2755 3738 2810 καὶ

2136 2863 2138 2868 ν
2200 2837 2374 2908 μάθῃς
2409 2839 2554 2900 ὅπως
2577 2841 2624 2891 οἱ
2658 2839 3024 2924 ξενοκουρῖται
3066 2845 3412 2915 κολάζονται,
3432 2849 3516 2902 καὶ
3540 2851 3586 2902 οἱ
3611 2849 3752 2902 τοῦ-’

2195 2947 2316 2992 τους
2345 2929 2637 3000 δεχόμενοι.

592 3042 775 3132 ’328
805 3060 1053 3118 ZONAR.
1081 3062 1397 3128 Monachos,
1433 3078 1539 3132 quo
1573 3064 1688 3119 luco
1739 3066 1975 3135 primum
2008 3084 2094 3120 re-

2267 3046 2510 3102 ΖΩΝΑΡ.
2563 3049 2702 3112 Τοὺς
2767 3054 3053 3123 μοναχοὺς,
3107 3053 3234 3109 ἔνθα
3281 3059 3616 3125 ἀπετάξαντο
3665 3063 3745 3131 τῷ

545 3152 646 3207 bus
675 3153 924 3207 humanis
953 3169 981 3206 a
1020 3169 1078 3207 se
1131 3155 1448 3221 abjndicatis
1497 3154 1808 3208 monasticae
1850 3157 1970 3209 vitae
2016 3158 2098 3210 in-

545 3246 793 3298 stitutum
823 3245 1052 3312 amplexi
1081 3255 1225 3306 sunt,
1261 3245 1314 3297 in
1352 3261 1416 3297 eo
1453 3260 1670 3299 manere
1695 3287 1710 3312 ,
1777 3263 1879 3302 nec
1934 3250 2094 3302 aliam

544 3335 646 3390 sibi
682 3335 968 3390 stationem
1020 3351 1262 3403 quaerere
1315 3346 1548 3401 oportet.
1587 3336 1738 3400 Ouod
1790 3341 1834 3392 si
1883 3341 2004 3408 qnis
2043 3342 2094 3393 in

546 3430 772 3480 alterum
809 3429 1191 3481 monasterium
1230 3468 1245 3492 ,
1281 3429 1470 3483 relicto
1521 3429 1737 3499 priore,
1793 3431 1912 3485 dem
1940 3443 2094 3500 gret;

547 3517 780 3587 hospitio
811 3519 1015 3572 scilicet
1058 3519 1328 3572 hominem
1379 3520 1552 3587 excipi
1602 3535 1820 3575 necesse
1853 3533 1937 3576 est
1968 3563 1982 3586 ,
2032 3539 2098 3576 ne

499 3593 504 3596 ’
549 3585 768 3682 profana
797 3610 1090 3664 diversoria
1121 3609 1351 3673 ingredi,
1385 3619 1438 3664 ct
1469 3616 1590 3664 cum
1648 3613 1715 3666 iis
1741 3655 1756 3680 ,
1811 3616 1902 3682 qui
1951 3615 2104 3674 nulla

548 3699 615 3750 ad
646 3677 868 3761 honeste
889 3701 1172 3755 vivendum
1199 3699 1479 3769 disciplina
1509 3701 1757 3774 instructi
1787 3714 1913 3757 sunt
1933 3707 2096 3758 vitam

545 3805 705 3857 agere
731 3799 953 3858 cogatur
987 3809 1000 3845 :
1034 3793 1227 3846 ascribi
1282 3808 1407 3846 vero
1431 3793 1644 3856 ordini,
1679 3802 1732 3848 et
1787 3795 1838 3847 in
1871 3795 2094 3851 fratrum

549 3896 832 3934 nmnerum
867 3882 1080 3948 referri,
1121 3885 1224 3938 nisi
1257 3885 1375 3952 ejus
1427 3886 1566 3939 unde
1608 3887 1860 3942 discessit
1912 3904 2098 3943 mona-

545 3975 694 4026 sterii
722 3974 974 4043 praefecto
999 3989 1295 4040 annuente,
1325 3995 1431 4032 non
1460 3980 1605 4032 licet.
1640 3983 1814 4048 Atque
1854 3982 1942 4035 hic
1968 3983 2097 4051 qui-

543 4063 664 4118 dem
703 4055 877 4118 canon
906 4081 1142 4130 omnem,
1181 4069 1297 4123 sine
1332 4070 1440 4122 ullo
1466 4071 1796 4136 discrimine,
1832 4075 2098 4128 secessio-

549 4169 667 4205 nem
699 4154 1041 4208 interdictam
1068 4172 1188 4210 esse
1221 4157 1458 4211 decernit
1503 4176 1516 4211 :
1567 4177 1790 4230 magnus
1833 4171 1960 4216 vero
2001 4163 2102 4216 Ba-

545 4243 718 4305 silius,
753 4244 802 4295 in
834 4247 1081 4302 asceticis
1113 4246 1226 4300 suis
1256 4247 1524 4314 capitibus
1550 4286 1564 4310 ,
1589 4249 1802 4304 diverso
1836 4254 1994 4306 modo
2031 4252 2098 4307 de

2197 3137 2406 3208 κόσμῳ,
2428 3142 2784 3207 συνετάξαντο
2820 3144 2874 3196 δὲ
2905 3149 2968 3214 τῇ
2997 3153 3259 3221 μοναχικῇ
3292 3152 3556 3224 πολιτείᾳ,
3579 3172 3746 3224 προσ-

2199 3232 2382 3301 μένειν
2417 3238 2699 3303 προσήκει,
2748 3240 2842 3290 καὶ
2891 3241 2964 3309 μὴ
2997 3243 3207 3295 ,ἐκεῖθεν
3241 3247 3564 3317 ἀναχωρεῖν.
3598 3250 3660 3301 Εἰ
3691 3250 3748 3332 ἤ

2145 3323 2154 3330 ’
2195 3342 2278 3388 τις
2300 3328 2641 3400 ἀναχωρήσῃ,
2676 3331 2769 3394 καί
2796 3335 2875 3394 εξς
2909 3335 3097 3403 ἑτέραν
3132 3338 3338 3410 ἀπέλθῃ
3384 3342 3575 3412 μονὴν.
3605 3323 3748 3406 ξενο-

2196 3419 2467 3487 δοκεῖσθαι
2504 3423 2601 3486 μὲν
2641 3419 3172 3494 τοῦτον”ἀναγκαῖον,
3199 3431 3284 3491 ἵνα
3308 3431 3384 3501 μὴ
3425 3434 3624 3506 βιασθῇ
3671 3439 3750 3500 είς

2197 3513 2487 3580 κοσμικοὺς
2517 3514 2754 3575 ἀπιέναι,
2782 3517 2873 3576 καὶ
2921 3519 3225 3587 συνδιάγειν
3251 3526 3357 3587 τοῖς
3387 3524 3556 3589 ζῶσιν
3597 3530 3747 3583 ἀδιαο

2197 3605 2395 3675 φόρωςο
2426 3607 2938 3676 προσλαμϐάνεσθαι
2965 3612 3020 3664 δὲ
3055 3613 3215 3666 αὐτὸν
3247 3621 3341 3668 καὶ
3391 3621 3750 3675 κατατάττειν

2197 3700 2261 3766 τῇ
2294 3697 2612 3768 ἀδελφότητι
2643 3702 2702 3751 οὐ
2732 3700 2832 3764 δεῖ,
2886 3704 2934 3754 εὶ
2966 3705 3040 3776 μὴ
3070 3708 3098 3758 ὁ
3131 3708 3430 3778 ἡγούμενος
3479 3714 3768 3786 ἐπιτρέψῃ

2196 3791 2295 3858 τῆς
2325 3791 2509 3861 μονῆς,
2537 3794 2629 3862 ἀφ’
2658 3788 2724 3864 ἦς
2757 3796 2997 3867 ἐξῆλθεν.
3046 3798 3106 3853 ’0
3143 3801 3245 3871 μὲν
3271 3803 3364 3856 οὖν
3391 3808 3574 3859 κανὼν
3598 3805 3750 3871 οζτος

2197 3882 2565 3967 ἀδιάστικτον.
2593 3886 2704 3957 ἔχει
2733 3889 2831 3958 τὴν
2861 3889 3092 3946 κώλυσιν
3125 3895 3222 3964 τῆς
3252 3896 3652 3968 ἀναχωρήσεως
3676 3917 3693 3932 ⁶
3723 3904 3752 3952 ὁ

2197 3981 2254 4032 δὲ
2285 3981 2455 4050 μέγας
2488 3983 2762 4046 Βασίλειος
2790 3987 2846 4038 ἐν
2874 3990 2984 4050 τοῖς
3034 3991 3353 4068 ἀσκητικοῖς
3381 3994 3549 4047 αὐτοῦ
3576 4015 3749 4068 κεφα-

2196 4071 2364 4136 λαίοις
2384 4074 2646 4161 διαστίζει
2667 4079 2792 4147 περὶ
2812 4077 2911 4147 τῆς
2930 4079 3036 4133 τῶν
3059 4066 3305 4152 μοναχῶν
3327 4088 3582 4160 ἀναχωρή
3593 4066 3750 4154 σεως,

2198 4166 2292 4218 καὶ
2315 4167 2413 4218 οὐκ
2442 4168 2614 4232 ἄλλως
2643 4171 2820 4234 αὐτοῖς
2843 4175 3143 4244 ἀναχωρεῖν
3169 4179 3405 4246 δίδωσιν,
3452 4185 3500 4234 εί
3528 4185 3608 4255 μὴ
3639 4187 3746 4253 ψυ-

2198 4258 2365 4326 χικῶς
2400 4259 2718 4328 βλάπτοιντο
2741 4278 2754 4290 ·
2789 4265 2884 4318 καὶ
2909 4266 3030 4318 τότε
3061 4267 3116 4320 δὲ
3149 4259 3246 4339 τὴν
3272 4272 3450 4326 αἰτίαν
3477 4274 3582 4345 τῆς
3626 4278 3754 4347 βλάο

547 4334 930 4387 monachorum
955 4336 1288 4396 discessione
1308 4339 1566 4405 loquitur,
1591 4355 1750 4407 quam
1787 4341 1858 4393 ita
1876 4342 2091 4397 demum

2197 4348 2299 4417 6ης
2329 4350 2681 4418 ἐπαγγέλλειν
2713 4354 2802 4425 τῷ
2829 4357 3131 4428 ἡγουμένῳ,
3191 4334 3286 4414 καὶ
3332 4367 3378 4416 εἰ
3436 4334 3756 4438 μὲννθεραο

545 4427 766 4478 concedi
816 4428 1026 4496 probat,
1079 4429 1122 4480 si
1176 4438 1454 4483 manentes
1480 4431 1739 4497 spirituali
1769 4434 2095 4489 detrimento

547 4515 846 4568 alliciantur
868 4535 882 4582 ;
908 4533 970 4571 ac
993 4527 1102 4570 tum
1137 4520 1352 4587 quidem
1385 4520 1502 4586 ejus
1539 4521 1847 4577 detrimenti
1873 4540 2088 4580 causam

547 4604 798 4670 praefecto
822 4609 1050 4675 aperire.
1075 4623 1138 4663 ac
1165 4612 1208 4663 si
1244 4611 1458 4678 quidem
1503 4627 1566 4666 ea
1597 4614 1836 4678 tollatur,
1887 4616 1942 4669 in
1993 4632 2089 4670 sua

2201 4440 2414 4494 πεύοιτο
2456 4445 2517 4497 τὸ
2571 4447 2741 4500 αἴτιον
2789 4444 2962 4516 αὖθις,
2994 4451 3202 4520 διάγειν
3235 4455 3483 4524 βούλεται
3523 4460 3759 4515 ἕκαστον

2199 4531 2257 4582 ἐν
2295 4534 2360 4601 τῇ
2396 4534 2570 4607 οίκείᾳ
2601 4541 2775 4608 μονῇ·
2805 4541 2853 4591 εί
2897 4541 2952 4592 δὲ
3003 4542 3374 4611 ἀθεράπευτον
3474 4550 3533 4602 τὸ
3567 4553 3758 4615 κακὸν,

2199 4617 2374 4687 λέγειν
2402 4623 2556 4678 τοῦτο
2587 4628 2677 4679 ἐπὶ
2705 4631 2803 4695 τῆς
2831 4632 3204 4705 ἀδελφότητος.

546 4711 816 4765 quemque
851 4699 1080 4754 statione
1106 4704 1433 4772 persistere;
1477 4704 1564 4758 illa
1605 4721 1730 4761 vero
1772 4710 1948 4764 adhuc
1979 4719 2260 4778 manente,
2294 4731 2404 4770 rem
2479 4728 2642 4774 totam
2723 4723 2777 4777 in
2827 4699 3090 4782 fratrum.
3132 4743 3401 4788 conventu
3469 4738 3761 4797 enuntiare

547 4791 713 4857 jubet.

546 4904 767 4959 ARIST.
807 4925 824 4956 ‹
868 4906 1129 4962 Monacho
1154 4910 1237 4964 vel
1276 4915 1549 4969 monachae
1578 4930 1732 4971 suam
1791 4917 2096 4986 relinquere

561 5063 572 5066 _
623 5019 640 5049 ι
683 5000 1014 5058 mansionem
1040 5042 1054 5062 ,
1097 5012 1152 5057 et
1204 5002 1360 5058 aliain
1394 5007 1598 5074 ingredi
1637 5025 1741 5063 non
1777 5011 1929 5066 liceat
1962 5027 1975 5064 :
2011 5011 2095 5064 sin

625 5109 639 5138 ι
683 5090 1032 5156 ingrediatur,
1069 5100 1126 5145 ut
1154 5092 1376 5162 hospes
1413 5098 1746 5166 accipiatur;
1801 5109 1854 5152 at
1905 5112 2093 5168 praeter

625 5200 641 5230 ι
687 5184 918 5249 praefecti
951 5185 1272 5238 sententiam
1309 5188 1711 5243 tie-admittatur
1742 5202 1833 5244 aut
1866 5193 2094 5261 hosriitio

625 5289 642 5321 ι
680 5271 996 5340 excipiatur.
1038 5292 1056 5325 ι

619 5377 802 5448 Recipi
833 5375 1047 5449 quidem
1085 5392 1138 5438 et
1164 5384 1395 5454 hospitio
1445 5387 1616 5455 excipi
1663 5391 1978 5444 monachum
2013 5393 2094 5448 vel

551 5472 902 5533 monacham,
947 5475 1014 5528 ad
1063 5476 1222 5530 aliam
1270 5479 1601 5535 mansionem
1643 5484 2087 5551 proficiscentem,

553 5574 790 5626 przesens
817 5577 985 5616 canon
1020 5581 1122 5620 non
1155 5570 1433 5635 permittit,
1473 5588 1538 5625 ne
1565 5574 1629 5626 ad
1663 5578 1949 5630 saeculares
2000 5596 2094 5634 ne-

555 5656 794 5710 cessario
820 5657 1108 5725 divertens,
1143 5662 1214 5717 ibi
1249 5674 1559 5730 permaneat
1590 5684 1603 5732 ;
1637 5680 1691 5722 at
1730 5685 1846 5724 eam
1901 5673 2097 5726 admit-

2201 4917 2422 4970 ΑΡΙΣΤ.
2473 4937 2490 4969 ι
2524 4920 2769 4990 Μοναχὺν
2821 4923 2852 4992 ἢ
2889 4927 3216 4998 μονάστριαν
3249 4931 3322 5002 μὴ
3349 4933 3554 4998 ἐξέστω
3585 4958 3752 4995 καταο

2277 5027 2296 5059 ι
2341 5009 2629 5079 λιμπάνειν
2655 5015 2752 5083 τὴν
2779 5016 2983 5070 οἰκείαν
3008 5019 3194 5090 μονὴν,
3224 5026 3314 5074 καὶ
3336 5026 3501 5098 ἑτέρᾳ
3533 5034 3747 5100 1:90-3:5-

2275 5121 2294 5152 ι
2338 5120 2446 5155 ναι·
2494 5106 2542 5156 εξ
2571 5105 2616 5157 δ’
2651 5107 2917 5175 ἀφίκοιτο,
2971 5111 3386 5184 ξενοδοχείσθωο
3434 5123 3511 5191 μὴ
3569 5126 3738 5193 μέντοι

2276 5210 2294 5242 ι
2342 5194 2734 5265 προσδεχέσθω,
2787 5201 2879 5252 καὶ
2934 5193 3310 5274 ξενοδοχείσθω
3343 5213 3492 5281 παρά
3525 5213 3737 5284 γνώμην

2278 5303 2296 5334 ‹
2343 5283 2435 5336 τοῦ
2468 5288 2790 5355 ἡγουμένου.
2837 5309 2856 5342 ι
3415 5302 3420 5306 ’

2273 5397 2346 5450 Τὸ
2381 5399 2480 5467 μὲν
2508 5402 2857 5481 ὑποδέχεσθαι
2892 5407 2985 5460 καὶ
3018 5407 3404 5482 ξενοδοχεῖσθαι
3437 5421 3670 5491 μοναχὸν
3716 5422 3752 5482 ἢ

2204 5492 2443 5562 μοναχὴν
2494 5494 2551 5544 ἐν
2605 5496 2765 5567 ἑτέρα
2801 5503 2935 5570 μονῇ
2981 5504 3244 5557 ἀπιοῦσαν
3289 5511 3316 5560 ὁ
3353 5511 3545 5575 παρὼν
3578 5513 3763 5567 κανὼν

2202 5583 2300 5634 οὐκ
2330 5585 2627 5652 ἐπιτρέπει,
2687 5589 2769 5640 ἵνα
2808 5591 2881 5661 μὴ
2909 5592 2996 5645 διὰ
3029 5597 3274 5666 ἀνάγκην
3321 5603 3400 5662 είς
3446 5608 3761 5669 κοτμικοὺς

2205 5673 2473 5752 mmora,
2503 5675 2681 5747 μείνῃ·
2710 5681 2769 5731 τὸ
2804 5679 2859 5732 δὲ
2889 5684 3214 5752 προσλαϐεῖν
3239 5693 3330 5742 καὶ
3355 5691 3768 5762 προσδέξασθαι
