4074 6214
278 5383 303 5420 \

313 179 414 244 997

1421 141 1520 233 ἰιι
1558 173 1720 233 CAN.
1764 172 1896 233 xw.
1935 171 2139 233 conc.
2177 174 2288 234 v11
2331 173 2678 231 (acuum.
3439 170 3538 226 ms

313 294 502 364 αὐτὴν,
533 295 625 348 καὶ
655 293 909 356 συντάξαι
933 293 998 361 τῇ
1023 291 1343 361 ἀᾷελφὸτητι
1366 291 1515 362 παρὰ
1536 293 1759 360 γνώμην
1777 291 1874 359 τῆς

2005 303 2106 354 are,
2143 299 2197 344 et
2228 298 2482 359 praeterea
2507 290 2749 356 accipere
2775 327 2788 347 .
2841 296 2894 340 et
2954 288 3092 341 inter
3141 304 3360 340 sorores
3418 288 3530 339 sim:

313 387 646 458 ἡγουμένης,
673 387 774 441 οὐκ
793 389 1107 454 ἐπιτρέπει.

900 474 1137 556 nemori
1166 471 1292 527 κδ’.

321 587 339 620 ι
387 567 506 638 Θεῷ
541 569 638 637 μὲν
670 567 730 619 τὸ
767 569 877 620 πᾶν
910 567 1283 631 ἀνατίθεσθαι,
1317 566 1412 619 καὶ
1454 567 1514 619 οὐ
1559 570 1674 629 τοῖς
1729 565 1882 621 ἰδίοις

391 680 409 712 ι
458 661 724 729 Θελὴμασι
773 659 1110 724 δουλοῦσθαι,
1166 661 1308 730 μέγα
1353 661 1540 730 χρῆμα
1584 659 1878 728 τυγχάνειο

394 769 412 801 ι
454 752 588 803 Εῖτε
615 751 725 820 γὰρ
781 752 1032 813 ἐσθίετε,
1069 751 1190 804 εἴτε
1237 752 1459 815 πίνετε,
1485 753 1512 802 ὀ
1542 750 1682 811 θεῖος
1715 748 1878 800 Ἀπό-

389 864 407 891 ι
454 841 636 903 στολός
666 859 821 911 φησι,
861 843 1054 896 πάντα
1088 846 1173 908 εὶς
1211 842 1394 905 δόξαν
1438 841 1583 896 Θεοῦ
1637 831 1874 894 ποιεῖτε.

390 949 409 981 t
457 932 691 1002 Χριστὸς
745 931 798 984 δὲ
827 934 856 984 ὁ
903 933 1032 995 Θεὸς
1071 933 1232 1003 ἡμῶν
1280 935 1338 985 ὲν
1370 938 1481 994 τοῖς
1531 932 1877 999 Εὐαγγελίοις

358 1075 365 1083 ,
393 1041 410 1072 ι
457 1022 620 1074 αὑτοῦ
668 1023 764 1086 τὰς
795 1023 969 1093 ἀρχὰς
997 1023 1103 1076 τῶν
1152 1025 1560 1094 ἁμαρτημάτων
1591 1023 1878 1075 ἐκκόπτειν

395 1133 413 1163 ι
466 1115 854 1184 προστέταχεν.
907 1117 978 1168 Οὐ
1007 1116 1170 1186 γὰρὴ
1203 1119 1415 1186 μοιχεία
1442 1115 1596 1185 μόνον
1627 1115 1752 1184 παρ’
1782 1115 1876 1166 αὖ-

395 1225 411 1256 ι
458 1206 548 1258 τοῦ
581 1207 886 1271 κολάζεται,
911 1196 1046 1261 ἀλλὰ
1079 1211 1229 1278 καὶὴ
1258 1212 1469 1279 κίνησις
1494 1211 1585 1261 τοῦ
1617 1208 1874 1278 λογισμοῦ

398 1316 414 1346 ι
462 1298 597 1366 πρὸς
626 1298 726 1367 τὴν
771 1299 870 1368 τῆς
925 1302 1167 1369 μοιχείας
1209 1302 1518 1369 ἐγχείρησιν
1546 1302 1878 1371 κατακέκρι-

399 1411 415 1440 σ
461 1407 570 1455 ται,
622 1391 871 1458 λ’έγοντος
921 1394 1084 1444 αὑτοῦ
1114 1411 1128 1423 ο
1193 1394 1256 1444 '0
1295 1395 1598 1462 ἐμϐλέψας
1627 1394 1880 1464 γυναῖκα

399 1499 417 1530 ι
463 1479 612 1544 πρὸς
640 1481 706 1533 τὸ
758 1481 1121 1550 ἐπιθυμῆσαι
1158 1483 1348 1551 αὐτῆς
1381 1483 1497 1552 ἤδη
1527 1485 1880 1555 ἐμοίχευσεν

398 1590 417 1621 ι
461 1571 656 1638 αὐτὴν
674 1573 742 1624 ἐν
763 1573 837 1641 τῇ
879 1573 1089 1642 καρδίᾳ
1139 1575 1344 1628 αὐτοῦ’
1400 1576 1550 1628 ἐνθεν
1580 1577 1670 1629 οὖν
1703 1578 1878 1647 μαθηο

398 1681 417 1712 ι
465 1664 767 1730 τευθέντες,
802 1666 1098 1735 λογισμοὺς
1150 1667 1435 1736 ὀφείλομεν
1475 1669 1778 1739 καθαίρειν.
1817 1671 1876 1721 Ei

399 1771 418 1803 ι
464 1755 571 1824 γὰρ
602 1755 695 1806 καὶ
726 1755 902 1807 πάντα
936 1756 1163 1821 ἔξεστιν,
1199 1757 1314 1810 ἀλλ’
1355 1761 1413 1810 οὐ
1441 1761 1640 1829 ¹πάν-ικιι
1672 1761 1880 1828 συμφέ-

396 1862 416 1895 ι
457 1863 570 1934 ρει,
617 1849 692 1910 ὡς
739 1848 798 1911 ἐξ
860 1850 1221 1918 ἀποστολικῆς
1267 1852 1449 1918 φωνῆς
1488 1852 1877 1922 διδασκόμεθα.

400 1953 420 1986 ι
473 1935 812 2004 Ἐπάναγκες
863 1938 955 1991 οὖν
1001 1943 1117 1991 ἐστι
1162 1941 1324 1992 παντὶ
1355 1943 1509 2010 ἀνδρὶ
1554 1936 1639 1995 διὰ
1688 1945 1747 1996 τὸ
1784 1943 1881 2012 ζῇν

401 2046 419 2078 ι
463 2031 678 2083 ἐσθίειν.
711 2033 819 2085 Καὶ
847 2030 929 2094 οἷς
959 2034 1055 2103 μὲν
1079 2034 1191 2103 βίος
1216 2036 1330 2088 ἐστὶ
1355 2039 1532 2106 γάμου
1561 2038 1652 2091 καὶ
1678 2039 1882 2091 τέκνων

399 2139 418 2168 ι
467 2122 557 2172 κα)⁵
609 2121 801 2188 λαῖκῆς
852 2123 1164 2189 διαθέσεως,
1209 2115 1410 2197 ἀναμὶξ
1455 2129 1656 2181 ἐσθίειν
1685 2129 1884 2196 ἄνδρας

405 2230 422 2260 ι
468 2214 561 2264 καὶ
591 2217 856 2279 γυναῖκας
888 2215 994 2266 τῶν
1041 2217 1378 2288 ἀδιαϐλήτων
1412 2220 1548 2281 ἐστὶ,
1600 2221 1758 2288 μόνον
1807 2221 1883 2290 τῷ

408 2323 422 2352 ι
470 2304 882 2376 διδόντιτροφὴν
902 2309 998 2378 τὴν
1021 2310 1364 2378 εὐχαριστίαν
1389 2312 1781 2380 προσάγοντας,
1811 2316 1883 2383 μὴ

407 2412 422 2443 ι
472 2395 609 2462 μετά
656 2409 818 2448 τινων
852 2398 1154 2466 θυμελικῶν
1201 2399 1660 2471 ἐπιτηδευμάτων,
1709 2403 1883 2455 είτουν

405 2504 424 2535 ι
472 2489 781 2541 σατανικῶν
809 2489 1090 2559 ᾀσμάτων,
1123 2491 1365 2562 κιθαρῶν
1396 2510 1455 2546 τε
1491 2496 1582 2545 καὶ
1616 2495 1885 2565 πορνικῶν

407 2592 432 2632 I
477 2578 847 2650 λυγισμάτων,
876 2578 956 2642 οἷς
989 2583 1276 2651 ἐπέρχεται
1304 2588 1610 2656 προφητικὴ
1635 2590 1762 2654 ἀρὰ,
1789 2577 1884 2640 οὖ-

411 2690 428 2722 ι
472 2689 579 2736 τως
605 2675 639 2744 ἡ
690 2675 1138 2744 λέγουσα’”οὺαὶ
1180 2683 1233 2732 οἱ
1284 2682 1434 2748 μετὰ
1478 2683 1719 2751 κιθάρας
1784 2686 1882 2738 καὶ

411 2783 431 2814 ι
475 2767 816 2834 ψαλτηρίου
867 2769 978 2823 τὸν
1019 2767 1188 2824 οἶνον
1211 2772 1505 2846 πίνοντες,
1553 2778 1622 2827 τὰ
1651 2777 1719 2829 δὲ
1745 2779 1886 2846 ἔργα

411 2875 430 2908 ι
475 2859 693 2927 Κυρίου
743 2863 850 2915 οὐκ
884 2863 1274 2931 ἐμϐλέπουσι,
1329 2839 1426 2919 καὶ
1476 2839 1545 2922 τὰ
1593 2869 1735 2938 ἔργα
1770 2839 1887 2922 των

412 3061 430 3092 ι

412 3151 433 3184 4

415 3519 433 3550 (

477 2949 692 3019 χειρῶν
737 2954 920 3008 αὐτοῦ
986 2957 1057 3009 οὐ
1104 2958 1482 3014 κατανοοῦσι.
1545 2961 1648 3013 Καὶ
1688 2962 1740 3014 εί
1781 2962 1879 3014 πού
1909 2967 1952 3023 C

477 3060 607 3095 ποτε
640 3039 747 3097 εἷεν
772 3046 998 3101 τοιοῦτοι
1027 3050 1084 3100 ὲν
1113 3053 1224 3112 τοῖς
1253 3052 1615 3120 Χριστιανοῖς,
1649 3056 1888 3126 διορθού-

482 3131 714 3188 σθωσαν’
745 3137 793 3188 εί
819 3135 875 3188 δὲ
901 3139 975 3207 μή
1003 3155 1085 3207 γε,
1113 3141 1482 3208 κρατείτωσαν
1511 3144 1596 3196 ἐπ’
1617 3146 1797 3209 αὐτοῖς
1821 3149 1888 3200 τὰ

478 3223 631 3292 παρὰ
660 3225 769 3278 τῶν
798 3229 901 3296 πρὸ
928 3230 1082 3298 ἡμῶν
1113 3235 1411 3296 κανονικῶς
1452 3237 1757 3290 ἐκτεθέντα.
1791 3234 1888 3300 Οἷς

481 3312 537 3365 δὲ
567 3319 594 3368 ὁ
624 3314 732 3383 βίος
767 3319 912 3370 ἐστὶν
942 3319 1160 3389 ἡσύχιος
1207 3323 1299 3374 καὶ
1331 3325 1679 3394 μονότροπος,
1711 3329 1738 3377 ὁ
1763 3343 1880 3379 συν·

479 3408 777 3477 ταξάμενος
810 3410 1000 3480 Κυρίῳ
1032 3414 1107 3481 τῷ
1139 3414 1255 3483 Θεῷ
1284 3414 1446 3483 ζυγὸν
1491 3420 1700 3488 μονήρη
1731 3415 1887 3488 ἆραι,

482 3500 765 3554 καθίσεται
800 3502 942 3554 κατὰ
980 3503 1145 3570 μόνας
1176 3506 1270 3558 καὶ
1299 3509 1575 3584 σιωπήσῃ·
1615 3509 1748 3562 ἀλλὰ
1781 3513 1889 3581 μὴν

483 3594 577 3646 κα)⁵
607 3596 717 3655 τοῖς
748 3594 1020 3664 ἱερατικὸν
1055 3596 1434 3666 ἐκλεξαμένοις
1483 3599 1595 3668 βίον
1627 3601 1734 3652 οὐδ’
1754 3603 1892 3663 ὅλως

479 3684 653 3748 ἔξεστι
681 3685 802 3737 κατ’
845 3685 978 3737 [δίαν
1011 3687 1224 3752 γυναιξὶ
1256 3687 1571 3753 συνεσθίειν,
1608 3690 1656 3741 εί
1688 3693 1760 3760 μή
1791 3708 1891 3742 που

486 3779 622 3845 μετά
648 3795 807 3830 τινων
852 3776 1126 3847 θεοφόρων
1160 3779 1250 3830 καὶ
1279 3779 1520 3832 εὐλαδῶν
1549 3781 1756 3851 ἀνδρῶν
1801 3782 1892 3833 καὶ

481 3868 770 3935 γυναικῶν,
792 3869 876 3921 ἵνα
905 3869 998 3936 καὶ
1024 3865 1210 3940 αὐτὴή
1239 3869 1575 3933 συνεστίασις
1599 3871 1732 3939 πρὸς
1765 3886 1897 3922 κατ-

479 3962 708 4032 όρθωσιν
752 3961 1122 4030 πνευματικὴν
1171 3962 1385 4033 ἀπάγῃ.
1453 3963 1561 4015 Καὶ
1620 3963 1711 4015 ἐπὶ
1764 3980 1894 4032 συγ-

481 4053 654 4118 γενῶν
701 4052 758 4105 δὲ
812 4052 871 4103 τὸ
924 4051 1056 4104 αὐτὸ
1096 4052 1338 4104 ποιεί-τω.
1389 4052 1451 4105 El
1497 4053 1553 4104 δὲ
1608 4057 1698 4107 καὶ
1740 4052 1895 4119 αὖθις

484 4142 542 4197 ὲν
574 4146 848 4216 ὁδοιπορίᾳ
875 4145 1053 4216 συμϐῇ
1071 4144 1248 4215 τὰτῆς
1275 4146 1575 4213 ἀναγκαίας
1604 4149 1790 4216 χρείας
1817 4149 1894 4220 μὴ

484 4239 837 4308 ἐπιφέρεσθαι
893 4238 1187 4309 μοναχδνῆ
1242 4239 1514 4307 ἱερατικὸν
1560 4241 1747 4311 ἄνδρα,
1799 4243 1890 4294 καὶ

417 4351 438 4382 ι
483 4331 655 4384 διὰτὸ
703 4332 998 4398 ἀναγκαῖον
1046 4329 1345 4383 καταλῦσαι
1406 4330 1652 4400 βούλεται
1699 4333 1808 4386 εἴτε
1838 4335 1893 4386 ἐν

421 4441 440 4473 ι
486 4423 786 4491 πανδοκείῳ
814 4423 922 4474 εῐτε
952 4426 1009 4474 ὲν
1044 4422 1176 4491 οἴκῳ
1213 4423 1376 4486 τινὸς,
1399 4423 1580 4476 ἄδειαν
1611 4425 1755 4494 ἔχειν
1789 4427 1890 4479 αὖ·

423 4533 442 4564 ι
489 4514 580 4566 τὸν
601 4513 756 4565 τοῦτο
779 4516 970 4575 ποιεῖν,
993 4513 1066 4575 ὠς
1087 4516 1181 4583 τῆς
1200 4515 1388 4585 χρείας
1405 4517 1854 4587 κατεπειγούσης.
1870 4535 1905 4568 ιι

420 4606 614 4661 ΒΑΛΣ.
684 4606 742 4658 '0
776 4604 965 4675 παρὼν
1017 4605 1195 4658 κανὼν
1241 4606 1440 4660 κωλύει
1497 4609 1623 4673 τοὺς
1676 4610 1898 4672 λαῖκοὺς

353 4698 490 4766 μειτὰ
517 4698 820 4768 θυμελικῶν
847 4700 1115 4766 παιγνίων
1145 4701 1236 4774 καί
1262 4701 1539 4772 ὀρχήσεων
1564 4703 1777 4769 ἐσθίειν,
1807 4703 1899 4756 καὶ

349 4793 728 4861 παρεγγυᾶται
778 4794 890 4854 τοῖς
939 4792 1178 4846 τοιοῦτόν
1204 4813 1256 4847 τι
1295 4795 1505 4848 ποιοῦσι
1558 4797 1900 4866 Χριστιανοῖς

349 4882 712 4954 διορθοῦσθαιο
740 4885 788 4936 εἰ
823 4883 880 4938 δὲ
920 4885 1016 4954 μὴ,
1056 4888 1274 4956 κρατεῖν
1307 4887 1392 4937 ἐπ’
1426 4888 1609 4947 αὐτοῖς
1643 4887 1710 4938 τὰ
1749 4886 1900 4955 παρὰ

349 4976 459 5028 τῶν
490 4975 728 5029 κανόνων
780 4974 1194 5048 προορισθέντα.
1228 4974 1368 5038 Τοὺς
1401 4977 1584 5045 μέντοι
1637 4976 1901 5044 μοναχοῦς

351 5068 446 5120 καὶ
475 5067 599 5128 τοὺς
641 5066 966 5136 ίερωμένους
1013 5067 1443 5137 παρακελεύεται
1498 5067 1570 5136 μὴ
1604 5067 1902 5119 συνεσθίειν

353 5156 493 5226 μετὰ
509 5156 783 5222 γυναικῶν
807 5156 925 5208 κατ’
949 5156 1106 5220 ίδίαν,
1131 5154 1234 5208 κᾶν
1261 5157 1325 5224 τῇ
1356 5156 1581 5224 ἀληθείᾳ
1604 5149 1703 5207 ὦσι
1730 5171 1901 5224 προσ-

352 5248 532 5312 γενεῖς
586 5245 762 5299 αὐτῶν
804 5262 818 5276 ο
848 5245 962 5299 ἀλλ’
993 5248 1051 5296 ἐν
1094 5246 1233 5311 φωτὶ
1267 5246 1358 5295 καὶ
1390 5244 1526 5313 μετὰ
1565 5243 1802 5295 εὐλαὸῶν
1825 5259 1904 5294 τι-

350 5354 483 5401 νων,
521 5335 610 5388 διὰ
656 5336 714 5388 τὸ
761 5337 896 5406 μήτε
944 5336 1142 5398 αὐτοὺς
1188 5335 1291 5388 ὑπὸ
1335 5335 1606 5403 λογισμῶν
1646 5319 1903 5387 ἐναντίων

354 5429 764 5494 κατασείεσθαι,
804 5433 940 5501 μήτε
983 5429 1174 5491 ἄλλους
1216 5425 1607 5487 σκανδαλίζειν.
1648 5426 1735 5476 Ἐν
1765 5425 1904 5476 ὁδοι-

434 5611 475 5642 ⁷⁶
503 5611 518 5664 I
548 5613 673 5669 Cor.
712 5629 763 5678 ιι,
797 5614 886 5669 5|.
971 5614 1012 5645 τι
1055 5610 1241 5666 Matth.
1283 5628 1340 5674 v,
1367 5608 1458 5663 28.

1544 5608 1587 5640 "
1616 5607 1633 5660 Ι
1670 5606 1791 5661 Cor.
1820 5621 1889 5673 v1,
1925 5601 2014 5661 i2.

1983 380 2246 450 prafecta:
2276 383 2550 434 voluntate
2580 381 2846 433 collocare
2879 395 2982 430 non
3014 382 3228 446 permilt
3253 391 3293 434 t.

2545 471 2772 525 canos
2813 470 3009 545 xxu._

1987 587 2006 619 ι
2037 568 2146 622 Deo
2183 569 2398 637 quidem
2421 568 2732 653 universum
2763 566 3034 626 dedicare,
3061 574 3114 618 et
3145 581 3251 623 non
3301 568 3533 635 propriis

2059 681 2076 712 ι
2117 664 2483 716 voluntatibus
2513 665 2752 724 servire,
2808 676 2895 714 res
2941 673 3132 724 magna
3176 669 3256 711 est
3291 677 3305 710 :
3344 679 3363 710 ι
3410 659 3532 714 Sive

1974 755 1982 763 “
2057 773 2074 804 ι
2112 755 2254 808 enim
2284 753 2606 819 comeditis,
2649 754 2760 808 sive
2792 754 2978 806 bibitis
3008 791 3023 815 ,
3075 753 3254 820 inquit
3315 752 3534 807 divinus

2057 862 2075 894 ι
2110 844 2425 911 Apostolus,
2484 843 2664 899 omnia
2711 843 2762 894 in
2831 840 2918 894 Dei
2945 840 3170 910 gloriam
3209 839 3368 895 facite
3403 839 3472 891 “.
3511 856 3532 888 ι

2059 956 2074 987 ι
2115 935 2367 990 Christus
2400 943 2578 989 autem
2607 934 2747 990 Deus
2783 943 2970 988 noster
3000 939 3052 1007 in
3082 932 3195 986 suis
3229 930 3538 995 Evangeliis

2056 1049 2073 1079 ι
2111 1029 2273 1097 jussit
2309 1035 2648 1096 pecratorum
2699 1025 2958 1092 principia
2979 1038 3243 1078 resecare.
3263 1020 3378 1074 Non
3397 1020 3539 1073 enim

2057 1139 2072 1170 ι
2115 1119 2445 1172 adulterium
2497 1119 2670 1169 solum
2705 1118 2844 1185 apud
2899 1118 3071 1184 ipsum
3130 1115 3384 1183 punitur;
3445 1111 3536 1163 sed

2055 1234 2071 1264 ι
2114 1215 2275 1267 etiam
2306 1211 2633 1282 cognitionis
2661 1221 2836 1264 motus
2860 1210 2922 1262 ad
2945 1207 3360 1277 aggrediendum
3381 1204 3540 1256 adut-

2055 1327 2072 1358 ι
2118 1308 2313 1371 terium
2341 1307 2754 1368 condemnatur,
2781 1306 2899 1371 ipso
2921 1301 3135 1354 dicente
3160 1318 3172 1352 :
3198 1318 3214 1348 ι
3249 1298 3348 1363 Qui
3380 1310 3542 1364 aspr-

2054 1418 2087 1449 ι·
2111 1400 2187 1451 xit
2220 1399 2497 1452 mulierem
2531 1397 2597 1450 ad
2629 1395 3117 1464 concupiscendam
3154 1393 3329 1461 ipsam
3358 1430 3374 1452 ,
3414 1403 3536 1444 eam

2056 1509 2073 1540 ι
2105 1491 2214 1559 jam
2247 1490 2300 1546 in
2331 1489 2493 1544 corde
2542 1504 2640 1542 suo
2685 1485 3006 1539 adulteravit
3051 1485 3094 1514 '“
3131 1501 3144 1536 :
3182 1502 3200 1533 ι
3243 1481 3385 1535 unde
3435 1493 3534 1531 nos

2060 1598 2078 1632 ι
2119 1596 2336 1648 quoque
2364 1578 2564 1643 edocti,
2599 1577 2856 1631 debemus
2891 1573 3245 1643 cogitationes
3278 1584 3533 1639 purgare.

2057 1691 2076 1724 ι
2110 1675 2220 1728 Etsi
2249 1675 2396 1740 enim
2423 1673 2601 1725 omnia
2634 1669 2814 1731 licent,
2843 1682 2948 1722 non
2979 1674 3156 1719 tamen
3207 1663 3388 1717 omnia
3439 1676 3537 1713 ex-

2055 1785 2072 1816 ι
2111 1767 2330 1835 pediunt
2359 1766 2426 1830 τί,
2465 1783 2482 1815 ι
2520 1775 2576 1817 ιιι
2635 1779 2662 1816 a
2713 1779 2842 1818 voce
2896 1760 3194 1831 apostolica
3255 1757 3533 1809 docemur.

2060 1879 2077 1909 ι
2115 1858 2298 1915 Cuivis
2324 1873 2454 1928 ergo
2487 1857 2691 1910 homini
2742 1869 2963 1909 necesse
3018 1859 3104 1906 est
3148 1848 3432 1904 comedere
3477 1855 3537 1899 ut

2061 1973 2078 2002 ι
2115 1953 2278 2006 vivat.
2310 1947 2371 2003 Et
2399 1947 2596 2017 quibus
2621 1954 2704 2000 est
2743 1945 2872 2002 ,vita
2923 1941 3136 2010 quidem
3202 1937 3534 1992 matrimonii

2061 2066 2078 2097 ι
2116 2054 2165 2099 et
2220 2027 2510 2096 liberorum
2547 2047 2599 2093 et
2648 2038 2798 2091 laicze
2845 2032 3270 2095 constitutionis,
3324 2030 3532 2084 mixtim

2060 2157 2077 2188 ‹
2115 2135 2397 2191 comedere
2423 2133 2570 2185 viros
2604 2141 2656 2184 et
2699 2131 2952 2182 mulieres
2979 2168 2993 2190 ,
3027 2134 3109 2180 est
3142 2127 3208 2179 ab
3249 2125 3394 2180 omni
3443 2139 3536 2177 re-

2058 2247 2075 2276 ‹
2118 2225 2471 2293 prehensione
2497 2221 2770 2284 alienum;
2801 2221 2843 2272 si
2879 2217 3040 2271 modo
3069 2219 3116 2271 ei
3145 2257 3160 2281 ,
3195 2219 3280 2282 qtti
3310 2218 3401 2270 dat
3431 2232 3535 2284 nn:

2061 2337 2079 2369 ι
2114 2318 2422 2392 trimentum
2448 2307 2480 2373 ,’
2522 2313 2727 2382 gratias
2779 2313 3125 2379 agant,‘non
3157 2325 3276 2363 cum
3308 2309 3535 2364 scenicis
3612 2302 3614 2304 ’

2061 2429 2077 2460 ι
2117 2397 2436 2477 quihusdam
2466 2405 2663 2459 studiis
2695 2404 2810 2457 sive
2865 2401 3132 2456 Satanicis
3164 2403 3389 2456 canticis
3415 2438 3435 2466 ,
3482 2413 3539 2458 et

2063 2519 2081 2550 ι
2119 2497 2483 2552 citharmdicis
2506 2512 2568 2550 ac
2599 2496 2918 2549 meretriciis
2947 2494 3187 2559 vocibus,
3218 2509 3356 2564 quos
3411 2510 3534 2562 pro-

2062 2610 2079 2642 ι
2119 2591 2328 2660 phetica
2355 2591 2659 2644 exsecratio
2691 2586 3015 2641 ﬂexionihus
3039 2604 3130 2642 seu
3167 2585 3508 2652 gesticulatio

2063 2703 2080 2735 ι
2124 2685 2278 2737 nibus
2311 2683 2674 2751 persequitur,
2731 2679 2808 2732 sic
2863 2679 3088 2733 dicens:
3127 2699 3144 2729 ι
3185 2677 3271 2732 Va:
3331 2680 3398 2732 iis
3444 2677 3536 2747 qui

2064 2797 2081 2830 ι
2121 2791 2240 2831 cum
2271 2776 2472 2829 cithara
2501 2782 2554 2827 et
2584 2771 2843 2843 psalterio
2876 2772 3056 2824 vinum
3089 2772 3298 2830 bibunt,
3331 2771 3535 2823 Domitii

2064 2889 2084 2920 ι
2123 2879 2299 2920 autem
2328 2879 2487 2932 opera
2520 2878 2623 2916 non
2662 2862 2976 2929 respiciunt,
3000 2870 3051 2914 et
3077 2877 3236 2930 opera
3279 2876 3535 2914 manuum

2063 2977 2080 3010 ι
2115 2959 2232 3024 ejus
2266 2971 2368 3008 non
2399 2953 2746 3007 considerant
2777 2953 2846 3005 ⁷³.
2879 2971 2896 3003 ι
2936 2953 2997 3004 Et
3032 2953 3202 3006 sicubi
3241 2951 3372 3007 tales
3420 2953 3539 3005 fur-

2064 3068 2082 3101 ι
2119 3049 2230 3122 rint
2261 3048 2401 3100 inter
2428 3045 2791 3110 Christianos,
2813 3045 3156 3114 corrigantur
3183 3064 3196 3098 :
3229 3046 3311 3099 sin
3337 3047 3537 3110 minus,

2065 3163 2083 3196 ι
2121 3143 2380 3198 adversus
2408 3155 2499 3194 eos
2531 3139 2698 3191 robur
2726 3149 2883 3191 suum
2927 3139 3243 3200 obtineant,
3300 3153 3418 3206 qua:
3468 3143 3534 3192 ab

2063 3256 2082 3290 ι
2117 3233 2548 3289 antecessoribus
2579 3230 2841 3282 canonice
2899 3229 3090 3281 tradita
3143 3239 3288 3283 sunt.
3329 3230 3537 3294 Quibus

2063 3347 2080 3379 ι
2118 3340 2293 3382 autem
2330 3327 2511 3392 quieta
2542 3330 2623 3375 est
2656 3321 2762 3372 vita
2792 3329 2843 3373 et
2874 3304 3136 3379 soliiaria,
3184 3329 3236 3372 ut
3286 3322 3373 3388 qui
3433 3322 3539 3374 Do-

2063 3440 2080 3472 ι
2122 3421 2270 3474 mino
2303 3417 2410 3470 Deo
2458 3417 2644 3484 jugum
2699 3413 3056 3466 monasticum
3113 3413 3295 3468 tollere
3341 3425 3542 3468 statue-

2068 3533 2084 3564 ι
2124 3515 2250 3574 rint,
2286 3511 2336 3562 iu
2367 3508 2658 3562 solitudine
2685 3513 2735 3559 et
2780 3505 2992 3558 silentio
3032 3504 3220 3574 sedere
3254 3506 3536 3559 convenit:

2065 3619 2083 3656 ι
2120 3603 2212 3658 sed
2247 3616 2342 3654 nec
2373 3600 2438 3654 iis
2469 3600 2655 3654 etiam.
2689 3597 2778 3666 qui
2809 3597 2967 3649 vitam
3001 3597 3388 3650 sacerdotalem
3429 3598 3539 3651 ele-

2067 3715 2084 3746 ‹
2123 3695 2317 3764 gerint,
2344 3691 2466 3746 licet
2495 3689 2714 3745 omnino
2763 3703 3004 3743 seorsum
3051 3703 3172 3740 cum
3231 3689 3540 3742 mulieribus

2068 3805 2088 3838 ι
2118 3787 2436 3847 comedere;
2472 3784 2572 3837 nisi
2604 3783 2790 3850 utique
2815 3795 2936 3833 cum
2967 3780 3167 3833 divinis
3193 3788 3244 3832 et
3278 3780 3542 3847 religiosis

1985 3939 1990 3943 _
2072 3897 2090 3928 ι
2129 3876 2260 3928 viris
2285 3889 2346 3926 ac
2379 3873 2714 3931 mulieribus.
2754 3878 2810 3923 ut
2838 3871 3011 3936 ipsum
3044 3869 3206 3922 etiam
3227 3870 3540 3929 convivium

2073 3986 2091 4019 ι
2136 3967 2198 4020 ad
2229 3955 2558 4034 spiritualem
2583 3962 2969 4015 correctionem
3012 3961 3262 4012 adducat.
3292 3960 3458 4012 Porro
3491 3959 3540 4010 id

2072 4079 2089 4112 ι
2132 4059 2308 4128 ipsum
2344 4056 2504 4110 ctiatn
2541 4045 2593 4108 in
2621 4053 2866 4123 cognatis
2895 4052 3006 4105 ﬁat.
3059 4052 3112 4104 Si
3147 4057 3323 4103 autem
3355 4063 3546 4102 rursus

2069 4169 2087 4201 ‹
2124 4150 2415 4215 contingat,
2454 4153 2651 4212 utqure
2702 4148 2828 4195 sunt
2884 4135 3166 4194 ad'usum
3227 4139 3536 4192 necessaria

2074 4261 2092 4292 ι
2125 4256 2227 4294 ιιοιι
2260 4236 2447 4290 aﬂ‘erat
2477 4233 2773 4287 monachus
2803 4231 2883 4310 vel
2915 4229 3205 4292 sacerdos,
3236 4236 3288 4282 et
3325 4239 3546 4296 propter

2074 4350 2094 4384 ι
2130 4331 2497 4384 necessitatem
2527 4325 2674 4386 velit,
2705 4325 2818 4377 sive
2846 4322 2910 4375 ad
2972 4320 3249 4389 publicum
3302 4319 3548 4372 ιΙὶνει-εο-

2076 4421 2094 4476 ι
2131 4424 2293 4484 rium,
2326 4420 2438 4474 sive
2468 4419 2532 4471 ad
2565 4416 2798 4482 alicujus
2848 4419 3071 4482 domum
3130 4411 3439 4473 divertere;
3499 4413 3545 4464 ei

2077 4533 2096 4566 ι
2133 4514 2292 4567 liceat
2321 4510 2425 4563 hoc
2451 4508 2646 4572 facere,
2685 4515 2868 4574 utpote
2889 4509 3112 4572 urgente
3145 4503 3487 4556 necessitate.
3523 4519 3541 4550 ›

2071 4603 2264 4658 BALS.
2302 4601 2544 4654 Praesens
2585 4612 2756 4650 canon
2795 4594 3041 4664 prohibet
3083 4593 3272 4657 laicis,
3307 4608 3374 4644 ne
3427 4607 3547 4645 cum

2002 4691 2232 4748 scenicis
2262 4688 2483 4743 ludicris
2513 4696 2565 4741 et
2596 4685 2972 4740 saltationibus
3003 4682 3304 4740 comedam.
3326 4691 3378 4735 et
3427 4697 3552 4735 sua-

2003 4787 2092 4840 det
2119 4782 2441 4838 Christianis
2471 4779 2631 4848 329
2662 4778 2750 4846 qui
2787 4776 2890 4830 tale
2925 4775 3050 4845 quid
3085 4774 3290 4827 faciunt
3315 4815 3329 4837 ,
3385 4782 3442 4827 ut
3493 4788 3552 4826 se

2003 4874 2276 4945 corrigant
2311 4890 2325 4926 :
2357 4873 2440 4927 sin
2471 4872 2644 4923 minus
2674 4908 2688 4933 ,
2717 4870 2972 4922 adversus
3027 4881 3118 4919 eos
3172 4864 3347 4918 valere
3370 4902 3385 4927 ,
3434 4879 3552 4932 qua:

2003 4967 2302 5024 canonibus
2331 4973 2488 5017 antea
2520 4965 2805 5015 constituta
2845 4959 2992 5013 l‘nere
3018 4997 3035 5023 ,
3095 4957 3361 5011 decernit:
3386 4953 3555 5008 Porro

2006 5069 2058 5114 et
2090 5057 2370 5111 monachis
2402 5062 2454 5108 et
2482 5053 2853 5109 sacerdotibus
2885 5047 3126 5120 prmeipit
3151 5089 3166 5113 ,
3215 5062 3280 5100 ne
3306 5061 3552 5100 seorsum

2011 5164 2131 5203 cum
2164 5146 2478 5202 mulieribus
2507 5143 2820 5205 comedam,
2865 5133 3080 5196 etiamst
3126 5153 3310 5193 revera
3367 5153 3550 5192 eorum

2011 5250 2248 5310 cognata:
2280 5239 2518 5301 fuerint;
2546 5237 2640 5291 sed
2677 5238 2872 5305 palam,
2911 5242 2964 5289 et
2993 5250 3112 5287 cum
3149 5231 3419 5302 aliquibus
3457 5231 3555 5284 bo-

2011 5335 2095 5383 nls
2126 5344 2186 5382 ac
2227 5328 2514 5397 religiosis,
2541 5337 2598 5380 ut
2665 5341 2834 5394 neque
2865 5325 2966 5394 ipsi
2999 5339 3028 5377 ιι
3060 5322 3346 5377 contrariis
3407 5321 3548 5389 cogi-

2013 5420 2302 5476 tationibus
2365 5427 2718 5482 moveantur,
2783 5432 2952 5486 neque
3018 5415 3136 5471 aliis
3202 5403 3551 5470 olfensionem

2093 5603 2137 5636 "
2164 5601 2266 5657 lsa.
2299 5615 2350 5665 ν,
2383 5597 2473 5662 Η,
2509 5597 2591 5653 19..
