4074 6214
520 289 624 353 999

1769 274 2047 337 TIIEOD.
2085 271 2487 330 BALSAMONr

3616 264 3754 327 1000

523 404 950 473 scandalumque
990 402 1281 471 praebcant.
1323 400 1378 455 Si
1412 403 1536 470 quis
1575 409 1751 454 autem
1802 382 1996 451 horum
2029 394 2084 447 in

2210 389 2353 459 τορία
2374 391 2427 441 δὲ
2456 389 2486 457 ἦ
2511 390 2568 441 ἐν
2594 390 2759 459 ἑτέρᾳ
2786 387 3063 458 ἀναγκαίᾳ
3090 386 3335 456 διακονίᾳ
3369 383 3762 453 ἀποδημοῦντα

523 501 719 553 itinere
751 496 831 550 vel
867 496 919 550 in
962 495 1068 549 alio
1104 509 1211 548 non
1250 493 1566 564 negligendo
1618 491 1920 546 ministerio
1967 502 2086 557 per-

522 607 650 663 egre
679 590 950 652 versetur,
980 598 1036 641 et
1076 603 1181 641 non
1224 586 1416 640 habeat
1442 601 1502 638 ea
1530 600 1649 654 quae
1669 593 1798 639 sunt
1826 582 1893 634 ad
1920 582 2082 632 vitam

526 681 856 741 necessaria,
894 685 1227 741 statuerunt,
1258 691 1381 731 eum
1413 675 1616 749 absque
1644 674 1753 727 ullo
1774 669 2087 742 praajudicio

526 775 584 827 in
616 769 853 840 hospitio
882 768 1096 839 publico
1122 768 1204 822 vel
1232 768 1285 819 in
1326 766 1519 821 alienis
1556 764 1764 819 mdibus
1792 759 2075 822 diversari,

524 871 746 933 propter
773 871 1056 932 urgentem
1100 862 1475 914 necessitatem
1506 857 1749 927 corporei
1776 854 2089 909 nutrimenti

526 962 580 1009 et
613 953 833 1022 quietis.
860 955 1036 1021 Atque
1095 952 1183 1005 hic
1237 951 1456 1027 quidem
1511 957 1593 1003 est
1650 947 1813 1014 hujus
1870 942 2093 999 canonis

512 1032 749 1115 'sc0pus.
785 1046 916 1114 Ejus
946 1055 1125 1099 autem
1175 1028 1499 1112 prooemium
1546 1051 1630 1096 est
1685 1056 1749 1095 ex
1793 1038 1966 1110 prima
2024 1036 2091 1089 ad

527 1135 842 1191 Corinthios
871 1132 1108 1204 Epistola
1149 1130 1330 1200 magni
1366 1129 1597 1197 apostoli
1626 1127 1800 1190 Pauli,
1830 1141 1949 1195 quae
2007 1124 2087 1177 sic

529 1242 785 1297 expresse
817 1226 946 1281 dicit
980 1242 993 1277 :
1029 1223 1146 1277 Sive
1176 1220 1465 1282 comeditis,
1486 1204 1591 1274 sine
1617 1219 1812 1280 bibitis,
1832 1217 2011 1269 omnia
2040 1215 2093 1266 in

532 1321 628 1373 Dei
658 1319 901 1372 honorem
947 1317 1121 1386 facite.
1158 1314 1291 1367 Illud
1335 1323 1548 1375 autem,
1591 1312 1845 1365 Debemus
1895 1308 2093 1377 cogita-

531 1415 701 1466 tiones
729 1426 956 1480 purgare
978 1451 994 1475 ,
1023 1424 1087 1462 ex
1146 1406 1381 1461 secunda
1418 1406 1483 1459 ad
1503 1404 1811 1460 Corinthios
1838 1401 2095 1471 Epistola.

530 1504 667 1559 Illud
705 1521 718 1557 :
754 1503 947 1557 Omnia
976 1500 1154 1564 licent,
1185 1498 1273 1553 sed
1310 1516 1411 1551 non
1438 1499 1613 1557 omnia
1656 1495 1935 1565 expediunt
1966 1536 1977 1559 ,
2027 1510 2094 1550 ex

537 1597 706 1666 prima
743 1596 809 1648 ad
845 1594 1157 1667 Corinthios
1189 1590 1448 1661 Epistola.
1488 1589 1550 1643 Et
1589 1588 1718 1643 illud
1738 1610 1767 1650 ,~
1796 1584 1885 1640 Va:
1942 1587 2047 1639 illis
2078 1628 2092 1651 ,

532 1690 623 1757 qui
653 1705 770 1741 cum
798 1688 1005 1741 cithara
1032 1680 1079 1739 et
1118 1684 1365 1754 psalterio
1410 1685 1583 1738 rinam
1618 1683 1828 1743 bibunt,
1873 1689 1923 1735 et
1977 1696 2095 1749 quae

2188 496 2307 532 τινα
2342 482 2405 531 ὲκ
2450 478 2676 541 τούτων,
2724 479 2818 531 καὶ
2863 479 2931 530 τὰ
2969 476 3104 545 πρὸς
3150 475 3294 546 ζωὴν
3330 472 3633 545 ,ἐπιτήδεια
3682 475 3760 542 μὴ

2188 572 2402 643 ἔχοντα,
2455 571 2746 643 διωρίσατο
2815 569 3297 640 ἀποκριματίστως
3347 566 3647 620 καταλύειν
3705 568 3762 617 ἐν

2192 662 2504 733 ξενοδοχείῳ
2542 664 2665 733 ἢέν
2701 659 3163 732 ἀλλοτρίῳρίκῳ,
3198 658 3287 710 διὰ
3332 658 3393 710 τὸ
3426 659 3764 725 κατεπεῖγον

2187 756 2287 825 τῆς
2317 754 2635 823 σωματικῆς
2664 755 2872 823 τροφῆς
2905 752 3003 805 καὶ
3032 748 3421 811 ἀναπαύσεως.
3454 749 3565 801 Καὶ
3596 749 3629 800 ὁ
3661 748 3763 817 μὲν

2193 849 2393 910 σκοπὸς
2446 846 2541 899 τοῦ
2580 846 2803 908 κανόνος
2836 839 3012 903 οὗτος.
3048 844 3121 895 Τὸ
3166 842 3454 912 προοίμιον
3498 840 3557 893 δὲ
3588 841 3763 894 αὑτοῦ

2190 940 2336 991 ἐστιν
2375 939 2483 991 ἀπὸ
2514 939 2614 1006 τῆς
2649 938 2787 1008 πρὸς
2823 935 3145 1008 Κορινθίους
3171 932 3396 1004 πρώτης
3420 932 3765 1003 ,Ἐπιστολῆς

2191 1032 2283 1084 τοῦ
2321 1031 2557 1101 μεγάλου
2590 1030 2893 1083 ἀποστόλου
2946 1028 3178 1092 Παύλου,
3230 1026 3376 1078 οὕτω
3404 1024 3677 1095 λεγούσης
3697 1026 3764 1086 μὲν

2196 1124 2370 1193 μέρεν
2410 1102 2543 1175 ὲῖτε
2590 1123 2845 1186 ἐσθίετε,
2873 1122 2994 1175 εἴτε
3045 1122 3268 1184 πίνετε,
3310 1117 3508 1171 πάντα
3550 1119 3643 1181 εὶς
3672 1116 3769 1169 δό-

2194 1218 2310 1281 ξαν
2363 1212 2509 1270 Θεὸῦ
2553 1216 2794 1269 ποιεῖτε
2847 1216 2906 1268 τὸ
2938 1214 3026 1280 δὲ,
3080 1215 3430 1282 Ὀφείλομεν
3460 1212 3771 1279 καθαίρειν

2193 1309 2541 1377 λογισμοὺς,
2562 1310 2668 1360 ἀπὸ
2687 1310 2785 1377 τῆς
2812 1307 2944 1377 πρὸς
2969 1305 3281 1377 Κορινθίους
3309 1305 3575 1375 δευτέρας
3614 1305 3767 1358 Ἐπι-

2196 1401 2408 1467 στολῆς·
2441 1399 2522 1465 τὸ,
2569 1400 2769 1453 Πάντα
2796 1400 3061 1463 ἔξεστιν,
3089 1397 3229 1452 ἀλλ’
3272 1398 3345 1451 οὐ
3376 1396 3574 1449 πάντα
3617 1411 3771 1464 συμε

2193 1493 2380 1562 φέρει,
2412 1492 2517 1545 ἀπὸ
2548 1493 2645 1561 τῆς
2676 1495 2811 1561 πρὸς
2830 1491 3146 1562 Κορινθίους
3162 1489 3387 1558 πρώτης
3420 1486 3765 1555 Ἐπιστολῆς·

2197 1586 2291 1638 καὶ
2344 1586 2423 1649 τὸ,
2471 1586 2615 1637 Οὐαί
2683 1588 2734 1638 οἱ
2766 1584 2917 1653 μετὰ
2984 1581 3227 1649 κιθάρας
3270 1581 3370 1634 καὶ
3426 1581 3767 1650 ψαλτηρίου

2200 1678 2305 1731 τὸν
2329 1674 2493 1730 οἶνον
2510 1679 2808 1741 πίνοντες,
2831 1675 3009 1727 καὶτὰ
3032 1674 3181 1743 ἑξῆς,
3204 1677 3265 1725 ἐκ
3290 1675 3388 1744 τῆς
3416 1672 3513 1725 τοῦ
3541 1658 3765 1725 Ἦοῖιῖου

539 1780 794 1849 deinceps
849 1789 1175 1848 sequuntur,
1212 1793 1274 1831 ex
1320 1778 1456 1830 Isaia
1497 1776 1774 1844 prOpbcta.
1802 1768 2100 1827 Canonieis

2210 1766 2556 1837 προφητείας.
2594 1766 2897 1827 Κανονικὰς
2943 1764 2999 1818 δὲ
3053 1764 3381 1833 παραδόσεις
3440 1764 3488 1815 οἱ
3519 1763 3764 1832 Πατέρες

537 1880 714 1925 autem
750 1872 1071 1926 traditiones
1100 1872 1289 1925 dicunt
1320 1869 1508 1921 Patres
1538 1870 1607 1921 42
1627 1877 1680 1922 et
1709 1869 1777 1922 45
1816 1882 1936 1921 can.
1976 1880 2100 1919 san-

536 1975 749 2020 ctorum
782 1964 1175 2034 apostolorum.
1201 1972 1251 2016 et
1280 1963 1347 2017 60
1366 1961 1622 2031 Carthag.
1650 1976 1769 2031 syn.
1800 1967 1854 2014 ct
1879 1960 1947 2014 6?.
1978 1975 2098 2030 syn.

539 2056 595 2111 in
627 2052 838 2109 Trullo.

606 2145 856 2201 ZONAR.
892 2146 1189 2203 Monaehos
1221 2154 1275 2201 et
1330 2146 1500 2201 sacris
1554 2145 1796 2200 initiatos
1852 2144 2099 2201 homines

538 2240 784 2309 privatim
818 2241 871 2294 in
902 2238 1099 2293 eadem
1127 2253 1309 2292 mensa
1339 2251 1462 2291 cum
1514 2235 1729 2292 feminis
1782 2237 2102 2292 accumbere

542 2332 631 2387 hic
683 2346 857 2385 canon
915 2340 1080 2387 vetat.
1136 2330 1372 2384 Exordio
1435 2346 1567 2385 vero
1602 2330 1771 2384 utitur
1801 2343 2001 2399 ,atque
2032 2330 2100 2383 ad

541 2424 709 2479 Deum
741 2425 923 2479 omnia
954 2423 1236 2481 referenda
1271 2439 1391 2478 esse
1437 2422 1780 2479 demonstrat
1806 2465 1821 2489 ,
1868 2424 2101 2477 dictqu-

545 2533 653 2588 que
684 2517 929 2586 Apostoli
992 2516 1198 2587 profert
1245 2517 1474 2572 dicentis
1505 2534 1520 2570 :
1555 2514 1673 2570 Sive
1730 2517 2061 2569 manducatis
2085 2554 2103 2581 ,

546 2610 651 2662 sive
699 2608 870 2661 bibitis
900 2650 913 2671 ,
962 2608 1141 2662 omnia
1170 2608 1223 2660 in
1259 2608 1479 2677 gloriam
1524 2606 1621 2660 Dei
1670 2606 1847 2674 facite.
1904 2606 2105 2662 Deinde

548 2711 850 2752 sermonem
892 2696 1223 2765 aggreditur,
1267 2707 1429 2767 atque
1472 2712 1536 2750 ex
1578 2696 1785 2750 ChriSIi
1836 2704 2103 2766 praecepto

548 2798 894 2860 peccatorum
933 2787 1087 2841 initia
1118 2802 1147 2840 a
1178 2787 1420 2858 ﬁdelibus
1444 2786 1734 2841 resecanda
1759 2803 1879 2843 esse
1915 2797 2099 2842 osten-

551 2880 650 2933 dlt.
689 2878 802 2934 lllis
832 2893 1063 2947 namque
1098 2880 1297 2942 verbis,
1327 2878 1433 2944 Qui
1481 2878 1671 2931 viderit
1714 2879 1982 2935 mulierem
2034 2880 2103 2934 ad

552 2969 1013 3033 concupiscendum
1039 2986 1175 3033 eam,
1232 2971 1350 3041 jam
1406 2972 1691 3025 moechatus
1740 2981 1814 3025 est
1868 2988 1981 3025 eam
2048 2974 2101 3026 in

2209 1860 2343 1926 φασὶ
2374 1857 2464 1909 τὸν
2492 1856 2579 1924 με’
2612 1858 2705 1909 καὶ
2749 1853 2837 1925 μγ¹
2865 1856 2970 1908 τῶν
2999 1856 3168 1923 ἁγίων
3200 1854 3529 1914 ἀποστόλων,
3584 1853 3675 1903 τὸν
3719 1851 3759 1908 E’

2201 1954 2299 2019 τῆς
2334 1952 2389 2001 ἐν
2446 1949 2770 2018 Καρθαγένῃ
2803 1949 3022 2000 συνόδου
3054 1950 3150 1999 καὶ
3182 1946 3277 2015 τὸν
3306 1946 3380 2011 ξδ’
3452 1948 3550 2013 τῆς
3576 1946 3631 1997 ὲν
3678 1942 3757 2013 τῷ

2201 2041 2472 2113 ἰ’ρουλλῳ.

2276 2133 2518 2186 ΖΩΝΑΡ.
2563 2132 2619 2183 '0
2668 2130 2857 2201 παρὼν
2886 2129 3076 2183 κανὼν
3119 2130 3319 2184 κωλύει
3353 2128 3616 2199 μοναχοϋς
3662 2130 3760 2181 καὶ

2217 2224 2543 2296 ἱερωμένους
2570 2222 2688 2275 κατ’
2722 2222 2857 2273 ἰδίαν
2888 2220 3186 2273 συνεσθίειν
3218 2219 3454 2288 γυναιξί.
3491 2218 3761 2288 Πρωιμὰρ

2203 2317 2356 2382 ζεται
2390 2315 2469 2378 δὲ,
2512 2314 2605 2367 καί
2637 2329 2800 2383 φησιν
2838 2313 2921 2365 ὅτι
2955 2312 3129 2365 πάντα
3165 2312 3272 2382 χρὴ
3324 2310 3401 2382 τῷ
3432 2310 3551 2381 Θεῷ
3575 2310 3755 2364 ἀνατί-

2204 2408 2414 2474 θεσθαι,
2443 2407 2535 2460 καὶ
2563 2406 2761 2476 χρῆσιν
2794 2406 2859 2457 ὲκ
2893 2404 2988 2458 τοῦ
3027 2402 3355 2457 Ἀποστόλου
3386 2405 3640 2471 παράγει,
3669 2402 3755 2454 λέ-

2202 2517 2407 2571 γοντος,
2438 2499 2575 2554 Εἴτε
2617 2498 2867 2563 ἐσθίετε,
2896 2497 3018 2551 εἴτε
3061 2496 3286 2563 πίνετε,
3315 2495 3513 2550 πάντα
3551 2498 3633 2561 είς
3658 2495 3749 2550 δό-

2204 2580 2319 2662 ξαν
2348 2595 2495 2649 Θεοῦ
2539 2594 2791 2648 ποιεῖτε-
2828 2588 2963 2646 Εἶτα
2996 2589 3438 2662 μεταχειρίζεται
3468 2589 3555 2643 τὸν
3583 2590 3745 2657 λόγον,

2203 2690 2427 2760 φάσκων
2448 2689 2530 2741 ὅτι
2560 2689 2587 2740 ὁ
2611 2685 2845 2756 Χριστὸς
2867 2685 2966 2746 τὶς
3004 2684 3179 2754 ἀρχὰς
3207 2682 3317 2736 τῶν
3356 2682 3745 2753 ἁμαρτημάτων

2206 2782 2511 2853 περιαιρεῖν
2563 2779 2689 2842 τοὺς
2739 2778 2962 2840 πιστοὺς
3014 2776 3258 2831 κελεύει..
3292 2775 3382 2831 Ἐν
3428 2774 3528 2846 γὰρ
3567 2774 3639 2843 τῷ
3663 2773 3743 2826 λέ-

2204 2892 2341 2945 γειν,
2384 2874 2446 2927 Ὀ
2483 2871 2786 2941 ἐμϐλέψας
2838 2870 3075 2940 γυναικί
3112 2870 3264 2939 πρὸς
3306 2871 3372 2923 τό
3407 2867 3740 2936 ἐπιθυμῆσαι

2206 2966 2395 3035 αὐτῆς
2438 2966 2553 3035 ἤδη
2581 2965 2937 3035 ἐμοίχευσεν
2969 2962 3164 3033 αὐτὴν
3214 2964 3287 3018 ἐν
3313 2962 3388 3032 τῇ
3434 2961 3632 3031 καρδίᾳ
3652 2962 3752 3015 αὺ-

554 3059 707 3111 corde
729 3075 845 3125 suo,
874 3074 982 3113 non
1031 3060 1354 3113 adulterium
1406 3060 1789 3127 solummodo,
1835 3065 1929 3116 sed
1989 3064 2105 3132 ipsa

2212 3062 2339 3123 τοῦ,
2369 3063 2430 3113 οὐ
2460 3061 2555 3129 τὴν
2586 3060 2830 3130 μοιχείαν
2857 3057 3077 3121 κολάζει
3108 3058 3288 3127 μόνον,
3310 3056 3448 3109 ἀλλά
3478 3055 3572 3108 καὶ
3597 3053 3752 3122 αὐτὴν

558 3166 774 3220 quoque
804 3153 955 3221 pravi
991 3161 1171 3207 motus
1207 3153 1357 3207 initia
1382 3154 1630 3223 castigat.
1682 3155 1817 3209 Cum
1852 3157 1994 3210 enim
2053 3157 2105 3210 in

558 3242 799 3297 mulieris
849 3232 1021 3297 forma
1072 3245 1489 3314 contemplanda
1544 3245 1811 3316 quispiam
1860 3248 2111 3304 curiosus

559 3343 663 3399 est,
688 3334 927 3389 admisso
962 3349 1141 3403 pravae
1172 3334 1468 3391 affectionis
1506 3336 1679 3407 initio,
1712 3354 1904 3409 nempe
1958 3340 2111 3409 cupi-

554 3426 745 3492 ditate,
780 3443 844 3480 ex
874 3428 1141 3496 eolipsi'us
1187 3444 1404 3497 quoque
1461 3424 1718 3501 cogitatio
1744 3442 1797 3487 et
1845 3433 1983 3487 ratio
2044 3431 2109 3485 ad

563 3522 766 3573 crimen
813 3520 1217 3589 suscipiendum
1266 3522 1576 3592 impellitur.
1630 3523 1866 3579 Proinde
1906 3527 2112 3595 cogita-

560 3612 759 3674 tiones,
812 3612 1007 3681 inquit,
1069 3613 1375 3667 interimere
1417 3614 1673 3671 debemus
1730 3617 1853 3686 (est
1900 3626 1953 3671 et
2011 3617 2115 3669 hoc

563 3719 779 3772 quoque
811 3704 1212 3774 apostolicum),
1248 3707 1301 3759 id
1324 3715 1429 3768 est,
1455 3718 1674 3777 propter
1702 3707 1804 3761 hoc
1833 3717 2115 3761 nascentes

564 3797 822 3850 debemus
850 3797 1201 3867 exstinguere
1228 3838 1240 3861 ,
1273 3798 1587 3867 priusquam
1650 3814 1768 3853 sese
1800 3796 1981 3861 ,altius
2038 3800 2117 3852 ef—

566 3888 706 3942 ferre
739 3902 801 3940 ac
834 3890 1116 3943 nobiscum
1166 3889 1447 3944 colluctari
1494 3892 1723 3960 possint.
1784 3889 1879 3946 Vel
1930 3891 2117 3944 καθαί-

568 3998 708 4052 ρειν,
749 3981 800 4034 id
841 3991 925 4035 est
973 3994 1199 4050 purgare
1234 3980 1480 4052 (utraque
1521 3982 1663 4035 enim
1710 3981 1869 4036 lectio
1907 3982 2118 4036 admitti

566 4073 787 4144 potest),
818 4088 883 4128 ne
914 4070 1161 4127 videlicet
1183 4083 1413 4127 mentem
1445 4072 1674 4142 impuris
1707 4074 2149 4144 cogitationibus.

567 4166 919 4220 contaminari
955 4165 1237 4230 sinamus,
1289 4164 1382 4221 sed
1437 4180 1531 4220 eas
1579 4181 1739 4235 quam
1805 4166 2117 4236 longissime

569 4256 955 4323 amandcmus;
987 4259 1067 4311 vel
1092 4258 1252 4312 etiam
1283 4267 1516 4314 mentem
1542 4297 1559 4323 ,
1589 4252 1659 4313 Ob
1700 4258 1966 4313 admissas
2015 4259 2119 4313 im-

572 4366 733 4420 puras
758 4350 1109 4420 cogitationes
1158 4349 1538 4419 inquinatam,
1593 4336 1996 4420 expurgentus,
2056 4364 2120 4406 ac

2210 3156 2311 3222 τὴν
2360 3154 2453 3207 τοῦ
2506 3152 2707 3213 πάθους
2743 3151 2937 3221 ἀρχήν.
2983 3150 3151 3204 Ὅταν
3180 3148 3287 3218 γάρ
3325 3165 3411 3211 τις
3460 3147 3755 3218 περιέργως

2214 3248 2319 3319 ἴδῃ,
2350 3246 2639 3315 δεξάμενος
2658 3244 2757 3313 τὴν
2781 3243 2874 3295 τοῦ
2900 3242 3107 3303 πάθους
3131 3242 3325 3311 ἀρχὴν,
3351 3239 3452 3311 τὴν
3473 3238 3759 3308 ἐπιθυμίαν

2210 3338 2431 3408 δηλαδὴ,
2457 3338 2576 3389 τότε
2601 3335 2747 3404 αὐτῷ
2772 3336 2799 3386 ὁ
2826 3333 3084 3405 λογισμὸς
3102 3337 3333 3388 κινεῖται
3356 3334 3493 3405 πρὸς
3513 3334 3578 3387 τὸ
3596 3332 3764 3403 ἁμάρ-

2212 3448 2381 3500 τημα.
2412 3430 2620 3493 Ἔνθεν,
2654 3429 2807 3498 φησι,
2837 3427 3133 3496 λογισμοὺς
3165 3426 3455 3495 ὀφείλομεν
3488 3426 3768 3493 καθαιρεῖν

2215 3522 2330 3591 (καὶ
2349 3520 2502 3573 τοῦτο
2519 3520 2574 3572 δὲ
2593 3517 2995 3589 ἁποστολικὸν),
3020 3520 3288 3583 τουτέστι,
3311 3518 3399 3570 διὰ
3418 3518 3585 3570 τοῦτο
3610 3532 3772 3585 χρεωο

2214 3613 2338 3665 στοῠ
2347 3631 2444 3681 μεν
2482 3611 2836 3665 καταϐάλλειν
2856 3610 2981 3673 τοὺς
2999 3610 3307 3678 λογισμοῦς,
3325 3610 3416 3662 καὶ
3441 3609 3519 3678 μὴ
3556 3610 3648 3680 ἐᾷν
3677 3608 3773 3660 αὖ·

2215 3709 2338 3769 τοὺς
2362 3704 2674 3776 ἐπαίρεσθλι
2693 3706 2784 3755 καὶ
2805 3703 3282 3769 κατεξανίστασθαι
3314 3702 3494 3771 ἡμῶν*
3536 3703 3572 3773 ἦ
3596 3702 3773 3755 καθαί-

2218 3798 2628 3869 ρειν(γρᾲφεται
2645 3796 2749 3864 γὰρ
2765 3796 2859 3848 καὶ
2875 3794 3088 3860 οὕτως),
3108 3794 3227 3849 ἀντὶ
3242 3794 3358 3857 τοῦ,
3383 3793 3457 3864 μὴ
3489 3796 3595 3865 ὲᾷν
3634 3794 3776 3864 μολύ-

2217 3891 2398 3942 νεσθαι
2445 3890 2533 3941 τὸν
2583 3887 2839 3956 λογισμὸν
2869 3887 2935 3939 δι’
2955 3886 3302 3956 ἐνθυμήσεων
3331 3872 3614 3956 πονηρῶν,
3670 3883 3775 3938 ἀλλ’

2215 3982 2639 4050 ἀποπέμπεσθαι
2664 3979 2882 4042 ταύτας·
2913 3980 2946 4050 ἢ
2976 3980 3070 4032 καὶ
3094 3979 3181 4032 διὰ
3201 3980 3299 4047 τῆς
3326 3978 3653 4049 παραδοχῆς
3674 3978 3776 4030 τῶν

2218 4074 2470 4126 ὑπόπτων
2502 4072 2868 4141 διαλογισμῶν
2894 4072 3219 4143 μολυνθέντα
3265 4072 3554 4141 καθαίρειν
3604 4070 3778 4136 αὑτὸν,

2220 4167 2508 4220 ἐκπλύνειν
2537 4166 2631 4219 τοῦ
2662 4165 2939 4241 μολυσμοῦ
2975 4165 3061 4219 διὰ
3096 4166 3399 4235 μετανοίας,
3445 4167 3549 4220 κοιλ⁵
3588 4167 3664 4237 μὴ
3693 4167 3779 4235 ἐᾷν

2212 4259 2525 4329 περαιτέρω
2551 4258 2814 4328 χωρῆσαι.
2841 4261 2910 4312 Ei
2927 4258 3037 4326 γὰρ
3056 4260 3154 4311 καὶ
3175 4258 3369 4311 πάντα
3386 4277 3483 4327 μοι
3510 4260 3776 4325 ἔξεστιν,

2219 4352 2359 4406 ἀλλ’
2388 4353 2459 4405 οὐ
2490 4351 2685 4405 πάντα
2719 4351 3035 4421 συμφέρει.
3076 4352 3261 4404 Ταῦτα
3289 4352 3345 4404 δὲ
3384 4350 3476 4403 τοῦ
3544 4353 3778 4423 μεγάλου

570 4442 881 4512 poenitentia
913 4450 1216 4497 contractas
1256 4442 1445 4496 sordes
1488 4442 1736 4496 eluamus
1762 4482 1778 4507 ,
1816 4457 1987 4511 neque
2037 4443 2108 4495 ul-

2223 4447 2434 4501 Παύλου
2457 4447 2524 4499 τὰ
2552 4448 2792 4517 ῥήματα.
2824 4447 3102 4511 Ἔξεστιν
3125 4443 3255 4513 οὖν,
3281 4463 3351 4518 φη
3362 4446 3434 4510 σι,
3454 4448 3526 4499 τὸ
3559 4449 3783 4503 ἐσθίειν

566 4535 738 4600 terius
773 4534 1018 4603 progredi
1054 4534 1344 4600 patiamur.
1372 4532 1523 4587 Nam
1556 4534 1653 4587 etsi
1682 4533 1808 4586 mihi
1849 4535 2023 4587 omnia
2048 4535 2120 4587 li-

564 4634 706 4691 ,caut,
742 4642 841 4677 non
894 4634 1065 4677 tamen
1116 4626 1291 4677 omnia
1362 4623 1691 4692 expediunt:
1730 4625 1842 4678 haec
1910 4632 2122 4692 quoque

576 4717 751 4785 magni
785 4715 942 4768 Pauli
981 4717 1138 4770 verba
1171 4726 1319 4770 sunt.
1348 4716 1491 4770 Licet
1534 4733 1655 4787 ergo
1679 4758 1695 4784 ,
1726 4718 1898 4787 inquit
1924 4757 1937 4778 ,
1977 4720 2122 4773 edere

567 4822 629 4874 ,ιιι
669 4810 826 4863 vivas.
860 4807 925 4863 Et
963 4809 1055 4879 qui
1079 4813 1351 4863 communi
1392 4811 1607 4880 quidem
1638 4826 1786 4865 more
1832 4828 1953 4866 cum
1988 4829 2121 4866 uxo-

578 4905 726 4961 ribus
755 4905 871 4959 suis
901 4920 963 4959 ac
990 4904 1181 4959 liberis
1218 4904 1519 4959 habitantes
1543 4905 1743 4975 degunt
1768 4945 1783 4970 ,
1826 4921 1948 4959 cum
2006 4923 2122 4960 mu-

572 4996 798 5050 lieribus
829 4996 1007 5049 cibum
1038 5012 1234 5066 capere
1292 4997 1513 5053 minime
1570 4992 1927 5067 prohibentur
1953 5041 1969 5061 ,
2025 5015 2123 5054 nec

574 5104 673 5142 cos
695 5091 978 5159 quisquam
1009 5089 1080 5144 ob
1111 5091 1159 5144 id
1194 5090 1548 5161 reprehendat
1575 5128 1591 5153 ,
1639 5091 1682 5144 si
1712 5094 1925 5147 meritas
1954 5094 2123 5148 inter-

578 5195 644 5232 ea
673 5179 864 5234 divinae
914 5180 1219 5236 liberalitati
1273 5166 1473 5248 gratias
1523 5192 1717 5249 agant.
1764 5198 1936 5251 neque
1984 5184 2124 5237 inter

580 5273 767 5341 epulas
793 5272 998 5326 comica
1030 5273 1229 5337 studia,
1260 5272 1359 5325 hoc
1392 5283 1495 5337 est,
1539 5274 1822 5327 Satanicas
1853 5277 2124 5331 cautiones

584 5362 893 5417 adhibeant.
928 5362 1182 5428 Quamam
1241 5363 1351 5416 haec
1394 5377 1517 5415 vero
1538 5364 1560 5412 Ὺ
1603 5360 1839 5419 Cithara
1894 5366 2127 5418 meretri-

584 5451 786 5521 ciaeque
815 5451 1092 5507 ﬂexiones.
1126 5451 1441 5509 Flexionum
1490 5466 1665 5507 autem
1726 5456 1983 5517 nomine,
2033 5466 2128 5509 aut

588 5543 895 5599 inconditas
920 5546 1251 5609 saltationes,
1278 5556 1369 5599 aut
1392 5561 1578 5599 vocum
1618 5549 1671 5599 in
1702 5548 1984 5602 cantilenis
2012 5564 2129 5603 mo-

586 5637 896 5692 dulationes
927 5637 1266 5705 signiﬁcavit.
1306 5638 1363 5691 In
1389 5653 1484 5692 eos
1530 5638 1832 5707 siquidem,
1887 5640 1992 5702 ait,
2043 5641 2130 5693 illa

588 5727 865 5796 propheta:
902 5731 1203 5783 exsecratio
1230 5730 1393 5794 cadit,
1433 5728 1544 5796 Vw,
1574 5733 1661 5799 qui
1698 5747 1811 5783 cum
1836 5734 2037 5786 cit/rara
2083 5744 2130 5786 et

2225 4538 2320 4592 διὰ
2338 4540 2431 4609 [τὸ
2452 4537 2580 4607 ζῇν.
2619 4540 2726 4592 Καὶ
2752 4541 2800 4592 οἱ
2833 4540 2930 4608 μὲν
2969 4540 3109 4592 κατὰ
3140 4541 3344 4607 κόσμον
3376 4538 3652 4607 βιοῦντες,
3696 4543 3783 4591 καὶ

2227 4629 2438 4697 γυναιξὶ
2466 4629 2731 4694 συζῶντες
2767 4632 2859 4682 καὶ
2890 4631 3115 4692 τέκνοις,
3142 4630 3204 4681 οὐ
3233 4628 3538 4681 κωλύονται
3567 4628 3787 4694 γυναιξὶ

2227 4722 2543 4785 συνεσθίειν,
2596 4722 2715 4775 οὐδὲ
2761 4722 3010 4790 διαϐολῆς
3057 4721 3242 4783 αὐτοῖς
3284 4722 3457 4775 αἴτιον
3512 4721 3697 4786 τοῦτο,
3741 4723 3794 4771 cf

2230 4815 2346 4883 μετ’
2370 4814 2719 4884 εὐχαριστίας
2746 4815 2844 4883 τῆς
2874 4796 3008 4883 πρὸς
3057 4814 3189 4869 Θεὸν
3219 4816 3439 4881 γίνοιτο,
3470 4818 3575 4868 καὶ
3596 4815 3659 4867 οὐ
3693 4830 3789 4883 με·-

2229 4905 2542 4959 σολαὸοὖσιν
2576 4908 2631 4957 ἐν
2669 4909 2788 4968 ταῖς
2829 4904 3128 4975 τραπέζαις
3159 4905 3336 4959 αὐτῶν
3367 4906 3645 4966 θυμελικὰ
3671 4909 3790 4956 ἑπι-

2226 4994 2554 5064 τηδεύματα,
2602 4978 2767 5064 ἡγουν
2813 4997 3075 5049 σατανικὰ
3110 4996 3348 5065 ᾅσματα.
3401 4996 3466 5047 Τί
3508 4997 3570 5047 δὲ
3618 4994 3785 5048 ταῦτά

2229 5089 2367 5151 aiat;
2400 5088 2630 5157 Κιθάραι
2680 5086 2772 5140 καὶ
2805 5086 3112 5154 λυγίσματα
3158 5088 3411 5157 πορνικά.
3450 5087 3557 5139 Διὰ
3595 5087 3655 5139 δὲ
3682 5085 3782 5137 τῶν

2234 5180 2577 5245 λυγισμάτων
2593 5179 2623 5247 ἢ
2639 5182 2733 5241 τὰς
2756 5180 3025 5247 ἁσέμνους
3048 5179 3300 5249 ὀρχήσεις
3314 5177 3563 5249 ᾐνίξατο,
3588 5180 3621 5247 ἦ
3645 5178 3709 5229 τὰ
3730 5180 3777 5225 ἐν

2227 5272 2343 5330 ταῖς
2371 5269 2531 5339 ᾠδαῖς
2592 5270 2901 5339 λυγίσματα
2932 5273 3040 5323 τῶν
3084 5270 3294 5339 φωνῶν.
3328 5265 3420 5331 Οἷς
3464 5273 3750 5339 ἐπέρχεται

2232 5362 2382 5431 φησι,
2409 5363 2717 5433 προφητικὴ
2744 5364 2871 5433 ἀρὰ,
2897 5364 2976 5427 τὸ,
3009 5365 3149 5418 Οὐαὶ
3179 5368 3231 5418 oi
3247 5364 3396 5432 μετὰ
3417 5364 3670 5432 κιθάρας
3690 5363 3774 5413 καί

2230 5458 2567 5523 ψαλτηρίου
2584 5451 2751 5509 οἶνον
2775 5459 3073 5523 πίνοντες,
3098 5460 3189 5511 καὶ
3215 5460 3280 5510 τὰ
3301 5457 3449 5527 ἑξῆς.
3482 5458 3547 5511 Εἰ
3563 5458 3660 5513 οὖν
3688 5465 3787 5508 εἱσι

2230 5546 2457 5599 τοιοῦτοί
2481 5565 2622 5610 τινες
2665 5550 2721 5600 ὲν
2772 5550 3132 5620 Χριστιανοίς,
3163 5551 3624 5621 διορθούσθωσαν·
3659 5550 3789 5603 εἰδὲ

2237 5640 2331 5709 μὴ,
2356 5642 2403 5693 οἱ
2435 5640 2650 5693 παλαιοὶ
2688 5643 2906 5705 κανόνες
2932 5643 3301 5712 κρατείτωσαν
3333 5645 3419 5695 ἐπ’
3444 5644 3651 5704 αὐτοῖς.
3684 5643 3794 5693 Καὶ

2240 5731 2409 5787 ταῦτα
2474 5732 2577 5803 μὲν
2609 5733 2734 5802 περὶ
2768 5732 2967 5787 λαῖκῶν
2993 5736 3018 5788 ὁ
3054 5734 3229 5788 κανὼν
3262 5734 3558 5802 διετάξατο.
3589 5726 3683 5795 Οἷς
3708 5732 3789 5799 δὲ,
