  <div class='ocr_page' id='page_1' title='image "/cluster/home/n/w/nwhite01/storage/ocr_20150623/137/hvd.32044073502536/548.png"; bbox 0 0 4074 6214; ppageno 0'>
   <div class='ocr_carea' id='block_1_1' title="bbox 345 281 3603 385">
    <p class='ocr_par' dir='ltr' id='par_1_1' title="bbox 345 281 3603 385">
     <span class='ocr_line' id='line_1_1' title="bbox 345 281 3603 385; baseline -0.012 0"><span class='ocrx_word' id='word_1_1' title='bbox 345 319 475 385; x_wconf 79' lang='lat' dir='ltr'><strong>100i</strong></span> <span class='ocrx_word' id='word_1_2' title='bbox 1333 308 1416 372; x_wconf 82' lang='grc' dir='ltr'><strong>ΙΝ</strong></span> <span class='ocrx_word' id='word_1_3' title='bbox 1451 305 1617 369; x_wconf 77' lang='lat' dir='ltr'><strong>CAN.</strong></span> <span class='ocrx_word' id='word_1_4' title='bbox 1650 303 1822 366; x_wconf 87' lang='lat' dir='ltr'><strong>XXII</strong></span> <span class='ocrx_word' id='word_1_5' title='bbox 1849 299 2062 364; x_wconf 87' lang='lat' dir='ltr'><strong>CONC.</strong></span> <span class='ocrx_word' id='word_1_6' title='bbox 2094 299 2208 364; x_wconf 83' lang='lat' dir='ltr'><strong>ViI</strong></span> <span class='ocrx_word' id='word_1_7' title='bbox 2250 297 2607 360; x_wconf 81' lang='lat' dir='ltr'><strong>(ECUMEN.</strong></span> <span class='ocrx_word' id='word_1_8' title='bbox 3467 281 3603 357; x_wconf 70' lang='lat'><strong>1002</strong></span> 
     </span>
    </p>
   </div>
   <div class='ocr_carea' id='block_1_2' title="bbox 343 406 1936 501">
    <p class='ocr_par' dir='ltr' id='par_1_2' title="bbox 343 411 1913 501">
     <span class='ocr_line' id='line_1_2' title="bbox 343 411 1913 501; baseline -0.012 -19"><span class='ocrx_word' id='word_1_9' title='bbox 343 429 532 501; x_wconf 67' lang='grc' dir='ltr'>φησιν,</span> <span class='ocrx_word' id='word_1_10' title='bbox 565 426 593 479; x_wconf 99' lang='lat'><strong>6</strong></span> <span class='ocrx_word' id='word_1_11' title='bbox 621 422 727 495; x_wconf 70' lang='grc' dir='ltr'>βίο,</span> <span class='ocrx_word' id='word_1_12' title='bbox 760 421 986 493; x_wconf 80' lang='grc' dir='ltr'>ήσύχιος</span> <span class='ocrx_word' id='word_1_13' title='bbox 1014 418 1108 474; x_wconf 88' lang='grc' dir='ltr'>καὶ</span> <span class='ocrx_word' id='word_1_14' title='bbox 1138 418 1493 490; x_wconf 75' lang='grc' dir='ltr'>μονότροπος,</span> <span class='ocrx_word' id='word_1_15' title='bbox 1518 415 1657 470; x_wconf 76' lang='grc' dir='ltr'>ἀλλὰ</span> <span class='ocrx_word' id='word_1_16' title='bbox 1686 414 1795 484; x_wconf 77' lang='grc' dir='ltr'>μὴν</span> <span class='ocrx_word' id='word_1_17' title='bbox 1818 411 1913 465; x_wconf 74' lang='grc' dir='ltr'>καὶ</span> 
     </span>
    </p>
   </div>
   <div class='ocr_carea' id='block_1_3' title="bbox 2037 406 3601 501">
    <p class='ocr_par' dir='ltr' id='par_1_3' title="bbox 2037 406 3601 477">
     <span class='ocr_line' id='line_1_3' title="bbox 2037 406 3601 477; baseline -0.004 -14"><span class='ocrx_word' id='word_1_18' title='bbox 2037 408 2273 467; x_wconf 63' lang='lat' dir='ltr'><strong>psalterio</strong></span> <span class='ocrx_word' id='word_1_19' title='bbox 2306 410 2485 463; x_wconf 78' lang='lat' dir='ltr'><strong>vinum</strong></span> <span class='ocrx_word' id='word_1_20' title='bbox 2511 406 2737 471; x_wconf 84' lang='lat' dir='ltr'><strong>bibunl;</strong></span> <span class='ocrx_word' id='word_1_21' title='bbox 2772 412 2820 460; x_wconf 91' lang='lat' dir='ltr'><strong>et</strong></span> <span class='ocrx_word' id='word_1_22' title='bbox 2849 420 2966 477; x_wconf 67' lang='lat' dir='ltr'><strong>qua:</strong></span> <span class='ocrx_word' id='word_1_23' title='bbox 3012 412 3342 476; x_wconf 86' lang='lat' dir='ltr'><strong>sequuntur.</strong></span> <span class='ocrx_word' id='word_1_24' title='bbox 3395 406 3456 460; x_wconf 69' lang='lat' dir='ltr'><strong>bi</strong></span> <span class='ocrx_word' id='word_1_25' title='bbox 3509 409 3601 474; x_wconf 66' lang='lat' dir='ltr'><strong>qui</strong></span> 
     </span>
    </p>
   </div>
   <div class='ocr_carea' id='block_1_4' title="bbox 340 498 1936 588">
    <p class='ocr_par' dir='ltr' id='par_1_4' title="bbox 340 498 1918 588">
     <span class='ocr_line' id='line_1_4' title="bbox 340 498 1918 588; baseline -0.013 -15"><span class='ocrx_word' id='word_1_26' title='bbox 340 498 457 583; x_wconf 58' lang='grc' dir='ltr'>τοῖς</span> <span class='ocrx_word' id='word_1_27' title='bbox 502 517 796 588; x_wconf 72' lang='grc' dir='ltr'><strong>ἱερατικοῖς</strong></span> <span class='ocrx_word' id='word_1_28' title='bbox 828 514 927 565; x_wconf 80' lang='grc' dir='ltr'>οὐκ</span> <span class='ocrx_word' id='word_1_29' title='bbox 954 512 1130 578; x_wconf 76' lang='grc' dir='ltr'>ἔξεστι</span> <span class='ocrx_word' id='word_1_30' title='bbox 1171 508 1292 564; x_wconf 84' lang='grc' dir='ltr'>κατ’</span> <span class='ocrx_word' id='word_1_31' title='bbox 1344 507 1482 561; x_wconf 91' lang='grc' dir='ltr'>ίδίαν</span> <span class='ocrx_word' id='word_1_32' title='bbox 1526 504 1744 574; x_wconf 79' lang='grc' dir='ltr'>γυναιξὶ</span> <span class='ocrx_word' id='word_1_33' title='bbox 1790 520 1918 554; x_wconf 92' lang='grc' dir='ltr'>συν-</span> 
     </span>
    </p>
   </div>
   <div class='ocr_carea' id='block_1_5' title="bbox 2037 498 3605 588">
    <p class='ocr_par' dir='ltr' id='par_1_5' title="bbox 2037 498 3605 574">
     <span class='ocr_line' id='line_1_5' title="bbox 2037 498 3605 574; baseline -0.004 -17"><span class='ocrx_word' id='word_1_34' title='bbox 2037 502 2190 574; x_wconf 74' lang='lat' dir='ltr'><strong>gitur</strong></span> <span class='ocrx_word' id='word_1_35' title='bbox 2222 500 2535 571; x_wconf 88' lang='lat' dir='ltr'><strong>hujusmodi</strong></span> <span class='ocrx_word' id='word_1_36' title='bbox 2579 500 2725 553; x_wconf 89' lang='lat' dir='ltr'><strong>inter</strong></span> <span class='ocrx_word' id='word_1_37' title='bbox 2770 499 3116 555; x_wconf 86' lang='lat' dir='ltr'><strong>Christianos</strong></span> <span class='ocrx_word' id='word_1_38' title='bbox 3162 499 3272 554; x_wconf 90' lang='lat' dir='ltr'><strong>sint</strong></span> <span class='ocrx_word' id='word_1_39' title='bbox 3300 537 3315 562; x_wconf 92' lang='lat'><strong>,</strong></span> <span class='ocrx_word' id='word_1_40' title='bbox 3356 498 3556 568; x_wconf 77' lang='lat' dir='ltr'><strong>corrigi</strong></span> <span class='ocrx_word' id='word_1_41' title='bbox 3590 515 3605 550; x_wconf 86' lang='lat'><strong>:</strong></span> 
     </span>
    </p>
   </div>
   <div class='ocr_carea' id='block_1_6' title="bbox 342 590 1936 670">
    <p class='ocr_par' dir='ltr' id='par_1_6' title="bbox 342 599 1921 670">
     <span class='ocr_line' id='line_1_6' title="bbox 342 599 1921 670; baseline -0.013 -6"><span class='ocrx_word' id='word_1_42' title='bbox 342 611 565 664; x_wconf 81' lang='grc' dir='ltr'>εσθίειν.</span> <span class='ocrx_word' id='word_1_43' title='bbox 616 608 677 659; x_wconf 83' lang='grc' dir='ltr'><strong>Εἰ</strong></span> <span class='ocrx_word' id='word_1_44' title='bbox 705 606 759 659; x_wconf 79' lang='grc' dir='ltr'><em>δέ</em></span> <span class='ocrx_word' id='word_1_45' title='bbox 802 622 932 657; x_wconf 79' lang='grc' dir='ltr'>ποτε</span> <span class='ocrx_word' id='word_1_46' title='bbox 975 602 1133 656; x_wconf 80' lang='grc' dir='ltr'>τοῦτο</span> <span class='ocrx_word' id='word_1_47' title='bbox 1165 601 1408 670; x_wconf 83' lang='grc' dir='ltr'>γίνεσθαι</span> <span class='ocrx_word' id='word_1_48' title='bbox 1433 599 1636 666; x_wconf 79' lang='grc' dir='ltr'>δεήσει,</span> <span class='ocrx_word' id='word_1_49' title='bbox 1665 611 1921 663; x_wconf 73' lang='grc' dir='ltr'>συμπαρ-</span> 
     </span>
    </p>
   </div>
   <div class='ocr_carea' id='block_1_7' title="bbox 2037 590 3605 670">
    <p class='ocr_par' dir='ltr' id='par_1_7' title="bbox 2037 590 3605 661">
     <span class='ocr_line' id='line_1_7' title="bbox 2037 590 3605 661; baseline -0.003 -14"><span class='ocrx_word' id='word_1_50' title='bbox 2037 595 2108 647; x_wconf 77' lang='lat' dir='ltr'><strong>;in</strong></span> <span class='ocrx_word' id='word_1_51' title='bbox 2145 594 2350 656; x_wconf 89' lang='lat' dir='ltr'><strong>minus,</strong></span> <span class='ocrx_word' id='word_1_52' title='bbox 2383 591 2731 661; x_wconf 86' lang='lat' dir='ltr'><strong>antiquorum</strong></span> <span class='ocrx_word' id='word_1_53' title='bbox 2786 607 3058 645; x_wconf 88' lang='lat' dir='ltr'><strong>canonum</strong></span> <span class='ocrx_word' id='word_1_54' title='bbox 3101 591 3521 646; x_wconf 72' lang='lat' dir='ltr'><strong>constitutiones</strong></span> <span class='ocrx_word' id='word_1_55' title='bbox 3554 590 3605 642; x_wconf 91' lang='lat' dir='ltr'><strong>in</strong></span> 
     </span>
    </p>
   </div>
   <div class='ocr_carea' id='block_1_8' title="bbox 342 684 1936 765">
    <p class='ocr_par' dir='ltr' id='par_1_8' title="bbox 342 691 1920 765">
     <span class='ocr_line' id='line_1_8' title="bbox 342 691 1920 765; baseline -0.011 -9"><span class='ocrx_word' id='word_1_56' title='bbox 342 705 512 756; x_wconf 73' lang='grc' dir='ltr'>όντων</span> <span class='ocrx_word' id='word_1_57' title='bbox 544 699 727 762; x_wconf 81' lang='grc' dir='ltr'>αὐτοῖς</span> <span class='ocrx_word' id='word_1_58' title='bbox 763 698 959 764; x_wconf 81' lang='grc' dir='ltr'><strong>τιμίων</strong></span> <span class='ocrx_word' id='word_1_59' title='bbox 1008 695 1216 765; x_wconf 79' lang='grc' dir='ltr'>ἀνδρῶν</span> <span class='ocrx_word' id='word_1_60' title='bbox 1245 711 1305 746; x_wconf 87' lang='grc' dir='ltr'><strong>τε</strong></span> <span class='ocrx_word' id='word_1_61' title='bbox 1339 694 1432 746; x_wconf 69' lang='grc' dir='ltr'>καὶ</span> <span class='ocrx_word' id='word_1_62' title='bbox 1473 691 1746 758; x_wconf 82' lang='grc' dir='ltr'>γυναικῶν</span> <span class='ocrx_word' id='word_1_63' title='bbox 1792 705 1920 740; x_wconf 84' lang='grc' dir='ltr'>συν-</span> 
     </span>
    </p>
   </div>
   <div class='ocr_carea' id='block_1_9' title="bbox 2037 684 3605 765">
    <p class='ocr_par' dir='ltr' id='par_1_9' title="bbox 2046 684 3605 755">
     <span class='ocr_line' id='line_1_9' title="bbox 2046 684 3605 755; baseline -0.001 -16"><span class='ocrx_word' id='word_1_64' title='bbox 2046 688 2154 755; x_wconf 87' lang='lat' dir='ltr'><strong>psis</strong></span> <span class='ocrx_word' id='word_1_65' title='bbox 2186 686 2390 741; x_wconf 86' lang='lat' dir='ltr'><strong>servari</strong></span> <span class='ocrx_word' id='word_1_66' title='bbox 2422 686 2614 754; x_wconf 83' lang='lat' dir='ltr'><strong>placet.</strong></span> <span class='ocrx_word' id='word_1_67' title='bbox 2649 685 2717 738; x_wconf 80' lang='lat' dir='ltr'><strong>Et</strong></span> <span class='ocrx_word' id='word_1_68' title='bbox 2753 686 2866 739; x_wconf 81' lang='lat' dir='ltr'><strong>haec</strong></span> <span class='ocrx_word' id='word_1_69' title='bbox 2897 684 3116 753; x_wconf 82' lang='lat' dir='ltr'><strong>quidem</strong></span> <span class='ocrx_word' id='word_1_70' title='bbox 3156 686 3223 738; x_wconf 85' lang='lat' dir='ltr'><strong>de</strong></span> <span class='ocrx_word' id='word_1_71' title='bbox 3252 685 3405 739; x_wconf 78' lang='lat' dir='ltr'><strong>laicis</strong></span> <span class='ocrx_word' id='word_1_72' title='bbox 3427 699 3605 737; x_wconf 86' lang='lat' dir='ltr'><strong>canon</strong></span> 
     </span>
    </p>
   </div>
   <div class='ocr_carea' id='block_1_10' title="bbox 346 777 1936 861">
    <p class='ocr_par' dir='ltr' id='par_1_10' title="bbox 346 778 1921 861">
     <span class='ocr_line' id='line_1_10' title="bbox 346 778 1921 861; baseline -0.01 -15"><span class='ocrx_word' id='word_1_73' title='bbox 346 790 765 861; x_wconf 85' lang='grc' dir='ltr'>εστιαθήσονται</span> <span class='ocrx_word' id='word_1_74' title='bbox 792 786 1076 856; x_wconf 67' lang='grc' dir='ltr'>γυναιξὶν,</span> <span class='ocrx_word' id='word_1_75' title='bbox 1109 786 1198 838; x_wconf 75' lang='grc' dir='ltr'>ἵνα</span> <span class='ocrx_word' id='word_1_76' title='bbox 1229 784 1325 837; x_wconf 74' lang='grc' dir='ltr'>καὶ</span> <span class='ocrx_word' id='word_1_77' title='bbox 1354 780 1753 854; x_wconf 84' lang='grc' dir='ltr'>ήσυνεστίασις</span> <span class='ocrx_word' id='word_1_78' title='bbox 1784 778 1921 849; x_wconf 73' lang='grc' dir='ltr'>πρὸς</span> 
     </span>
    </p>
   </div>
   <div class='ocr_carea' id='block_1_11' title="bbox 2037 777 3608 861">
    <p class='ocr_par' dir='ltr' id='par_1_11' title="bbox 2037 777 3608 847">
     <span class='ocr_line' id='line_1_11' title="bbox 2037 777 3608 847; baseline -0.004 -13"><span class='ocrx_word' id='word_1_79' title='bbox 2037 780 2232 834; x_wconf 73' lang='lat' dir='ltr'><strong>statuit.</strong></span> <span class='ocrx_word' id='word_1_80' title='bbox 2270 777 2483 844; x_wconf 84' lang='lat' dir='ltr'><strong>Quibus</strong></span> <span class='ocrx_word' id='word_1_81' title='bbox 2516 793 2665 842; x_wconf 77' lang='lat' dir='ltr'><strong>vero,</strong></span> <span class='ocrx_word' id='word_1_82' title='bbox 2706 778 2918 847; x_wconf 90' lang='lat' dir='ltr'><strong>inquit,</strong></span> <span class='ocrx_word' id='word_1_83' title='bbox 2952 779 3078 830; x_wconf 82' lang='lat' dir='ltr'><strong>vitae</strong></span> <span class='ocrx_word' id='word_1_84' title='bbox 3126 793 3300 847; x_wconf 80' lang='lat' dir='ltr'><strong>genus</strong></span> <span class='ocrx_word' id='word_1_85' title='bbox 3360 777 3608 845; x_wconf 87' lang='lat' dir='ltr'><strong>quietum</strong></span> 
     </span>
    </p>
   </div>
   <div class='ocr_carea' id='block_1_12' title="bbox 343 867 1936 952">
    <p class='ocr_par' dir='ltr' id='par_1_12' title="bbox 343 869 1924 952">
     <span class='ocr_line' id='line_1_12' title="bbox 343 869 1924 952; baseline -0.009 -15"><span class='ocrx_word' id='word_1_86' title='bbox 343 882 685 952; x_wconf 86' lang='grc' dir='ltr'>κατόρθωσιν</span> <span class='ocrx_word' id='word_1_87' title='bbox 699 897 831 933; x_wconf 82' lang='grc' dir='ltr'>πνευ</span> <span class='ocrx_word' id='word_1_88' title='bbox 838 896 941 951; x_wconf 88' lang='grc' dir='ltr'><strong>ματ</strong></span> <span class='ocrx_word' id='word_1_89' title='bbox 951 877 1300 948; x_wconf 59' lang='grc' dir='ltr'>ικὴναπάγῃ*</span> <span class='ocrx_word' id='word_1_90' title='bbox 1321 873 1576 946; x_wconf 80' lang='grc' dir='ltr'><strong>κατορθοῖ</strong></span> <span class='ocrx_word' id='word_1_91' title='bbox 1589 874 1699 942; x_wconf 82' lang='grc' dir='ltr'>γὰρ</span> <span class='ocrx_word' id='word_1_92' title='bbox 1712 872 1739 923; x_wconf 86' lang='grc' dir='ltr'>ὁ</span> <span class='ocrx_word' id='word_1_93' title='bbox 1751 869 1924 932; x_wconf 79' lang='grc' dir='ltr'>οὕτως</span> 
     </span>
    </p>
   </div>
   <div class='ocr_carea' id='block_1_13' title="bbox 2037 867 3609 952">
    <p class='ocr_par' dir='ltr' id='par_1_13' title="bbox 2037 867 3609 938">
     <span class='ocr_line' id='line_1_13' title="bbox 2037 867 3609 938; baseline -0.003 -15"><span class='ocrx_word' id='word_1_94' title='bbox 2037 880 2078 923; x_wconf 55' lang='lat' dir='ltr'><strong>et</strong></span> <span class='ocrx_word' id='word_1_95' title='bbox 2119 870 2452 933; x_wconf 72' lang='lat' dir='ltr'><strong>solitariurn,</strong></span> <span class='ocrx_word' id='word_1_96' title='bbox 2483 867 2613 938; x_wconf 88' lang='lat' dir='ltr'><strong>quin</strong></span> <span class='ocrx_word' id='word_1_97' title='bbox 2644 877 2697 922; x_wconf 89' lang='lat' dir='ltr'><strong>et</strong></span> <span class='ocrx_word' id='word_1_98' title='bbox 2728 869 2794 923; x_wconf 91' lang='lat' dir='ltr'><strong>iis</strong></span> <span class='ocrx_word' id='word_1_99' title='bbox 2835 870 2926 937; x_wconf 90' lang='lat' dir='ltr'><strong>qui</strong></span> <span class='ocrx_word' id='word_1_100' title='bbox 2978 868 3031 921; x_wconf 93' lang='lat' dir='ltr'><strong>in</strong></span> <span class='ocrx_word' id='word_1_101' title='bbox 3096 884 3311 922; x_wconf 72' lang='lat' dir='ltr'><strong>sarrum</strong></span> <span class='ocrx_word' id='word_1_102' title='bbox 3359 870 3609 922; x_wconf 85' lang='lat' dir='ltr'><strong>ordinem</strong></span> 
     </span>
    </p>
   </div>
   <div class='ocr_carea' id='block_1_14' title="bbox 341 960 1936 1039">
    <p class='ocr_par' dir='ltr' id='par_1_14' title="bbox 341 961 1924 1039">
     <span class='ocr_line' id='line_1_14' title="bbox 341 961 1924 1039; baseline -0.009 -10"><span class='ocrx_word' id='word_1_103' title='bbox 341 975 671 1037; x_wconf 78' lang='grc' dir='ltr'><strong>ἀνυπόπτως</strong></span> <span class='ocrx_word' id='word_1_104' title='bbox 728 970 1024 1026; x_wconf 85' lang='grc' dir='ltr'>συνεσθίων</span> <span class='ocrx_word' id='word_1_105' title='bbox 1090 969 1307 1039; x_wconf 75' lang='grc' dir='ltr'>γυναιξὶ</span> <span class='ocrx_word' id='word_1_106' title='bbox 1351 969 1412 1021; x_wconf 72' lang='grc' dir='ltr'>τὸ</span> <span class='ocrx_word' id='word_1_107' title='bbox 1461 963 1783 1033; x_wconf 71' lang='grc' dir='ltr'><strong>δοξάζεσθαι</strong></span> <span class='ocrx_word' id='word_1_108' title='bbox 1831 961 1924 1015; x_wconf 79' lang='grc' dir='ltr'>τὸν</span> 
     </span>
    </p>
   </div>
   <div class='ocr_carea' id='block_1_15' title="bbox 2037 960 3609 1039">
    <p class='ocr_par' dir='ltr' id='par_1_15' title="bbox 2037 960 3609 1030">
     <span class='ocr_line' id='line_1_15' title="bbox 2037 960 3609 1030; baseline 0.001 -17"><span class='ocrx_word' id='word_1_109' title='bbox 2037 961 2257 1030; x_wconf 80' lang='lat' dir='ltr'><strong>:ooptati</strong></span> <span class='ocrx_word' id='word_1_110' title='bbox 2295 968 2444 1024; x_wconf 85' lang='lat' dir='ltr'><strong>sunt,</strong></span> <span class='ocrx_word' id='word_1_111' title='bbox 2512 960 2765 1029; x_wconf 75' lang='lat' dir='ltr'><strong>privatim</strong></span> <span class='ocrx_word' id='word_1_112' title='bbox 2817 960 3141 1015; x_wconf 79' lang='lat' dir='ltr'><strong>mulieribus</strong></span> <span class='ocrx_word' id='word_1_113' title='bbox 3192 963 3444 1014; x_wconf 89' lang='lat' dir='ltr'><strong>convesci</strong></span> <span class='ocrx_word' id='word_1_114' title='bbox 3499 974 3609 1014; x_wconf 93' lang='lat' dir='ltr'><strong>non</strong></span> 
     </span>
    </p>
   </div>
   <div class='ocr_carea' id='block_1_16' title="bbox 346 1052 1936 1135">
    <p class='ocr_par' dir='ltr' id='par_1_16' title="bbox 346 1052 1924 1135">
     <span class='ocr_line' id='line_1_16' title="bbox 346 1052 1924 1135; baseline -0.01 -14"><span class='ocrx_word' id='word_1_115' title='bbox 346 1067 501 1121; x_wconf 78' lang='grc' dir='ltr'>θεόν.</span> <span class='ocrx_word' id='word_1_116' title='bbox 528 1068 593 1119; x_wconf 87' lang='grc' dir='ltr'><strong>Οί</strong></span> <span class='ocrx_word' id='word_1_117' title='bbox 630 1066 740 1135; x_wconf 86' lang='grc' dir='ltr'><strong>γὰρ</strong></span> <span class='ocrx_word' id='word_1_118' title='bbox 761 1062 994 1135; x_wconf 81' lang='grc' dir='ltr'>δρῶντες</span> <span class='ocrx_word' id='word_1_119' title='bbox 1019 1061 1198 1114; x_wconf 81' lang='grc' dir='ltr'>αὐτῶν</span> <span class='ocrx_word' id='word_1_120' title='bbox 1229 1060 1334 1126; x_wconf 78' lang='grc' dir='ltr'><strong>ἔξω</strong></span> <span class='ocrx_word' id='word_1_121' title='bbox 1356 1058 1533 1129; x_wconf 82' lang='grc' dir='ltr'><strong>πάσης</strong></span> <span class='ocrx_word' id='word_1_122' title='bbox 1562 1052 1924 1125; x_wconf 73' lang='grc' dir='ltr'><strong>διατηροῦντα</strong></span> 
     </span>
    </p>
   </div>
   <div class='ocr_carea' id='block_1_17' title="bbox 2037 1052 3609 1135">
    <p class='ocr_par' dir='ltr' id='par_1_17' title="bbox 2037 1052 3609 1122">
     <span class='ocr_line' id='line_1_17' title="bbox 2037 1052 3609 1122; baseline 0 -17"><span class='ocrx_word' id='word_1_123' title='bbox 2037 1054 2176 1108; x_wconf 71' lang='lat' dir='ltr'><strong>lii-ct.</strong></span> <span class='ocrx_word' id='word_1_124' title='bbox 2209 1052 2265 1107; x_wconf 87' lang='lat' dir='ltr'><strong>Id</strong></span> <span class='ocrx_word' id='word_1_125' title='bbox 2299 1068 2426 1107; x_wconf 84' lang='lat' dir='ltr'><strong>vero</strong></span> <span class='ocrx_word' id='word_1_126' title='bbox 2467 1053 2512 1108; x_wconf 91' lang='lat' dir='ltr'><strong>si</strong></span> <span class='ocrx_word' id='word_1_127' title='bbox 2540 1052 2872 1122; x_wconf 78' lang='lat' dir='ltr'><strong>quandoque</strong></span> <span class='ocrx_word' id='word_1_128' title='bbox 2908 1054 3220 1109; x_wconf 82' lang='lat' dir='ltr'><strong>necessario</strong></span> <span class='ocrx_word' id='word_1_129' title='bbox 3252 1052 3367 1116; x_wconf 82' lang='lat' dir='ltr'><strong>ﬁat,</strong></span> <span class='ocrx_word' id='word_1_130' title='bbox 3397 1069 3609 1122; x_wconf 82' lang='lat' dir='ltr'><strong>nequa-</strong></span> 
     </span>
    </p>
   </div>
   <div class='ocr_carea' id='block_1_18' title="bbox 347 1147 1925 1227">
    <p class='ocr_par' dir='ltr' id='par_1_18' title="bbox 347 1147 1925 1227">
     <span class='ocr_line' id='line_1_18' title="bbox 347 1147 1925 1227; baseline -0.008 -14"><span class='ocrx_word' id='word_1_131' title='bbox 347 1158 547 1213; x_wconf 77' lang='grc' dir='ltr'>ἑαυτὸν</span> <span class='ocrx_word' id='word_1_132' title='bbox 575 1156 841 1227; x_wconf 73' lang='grc' dir='ltr'>ἀποψίας,</span> <span class='ocrx_word' id='word_1_133' title='bbox 872 1147 1156 1222; x_wconf 78' lang='grc' dir='ltr'>δοξάζουσι</span> <span class='ocrx_word' id='word_1_134' title='bbox 1177 1154 1267 1207; x_wconf 81' lang='grc' dir='ltr'>τὸν</span> <span class='ocrx_word' id='word_1_135' title='bbox 1289 1148 1449 1217; x_wconf 82' lang='grc' dir='ltr'>Θεὸν,</span> <span class='ocrx_word' id='word_1_136' title='bbox 1478 1151 1619 1205; x_wconf 83' lang='grc' dir='ltr'>κατὰ</span> <span class='ocrx_word' id='word_1_137' title='bbox 1647 1149 1739 1202; x_wconf 82' lang='grc' dir='ltr'>τὸν</span> <span class='ocrx_word' id='word_1_138' title='bbox 1764 1148 1925 1216; x_wconf 82' lang='grc' dir='ltr'>εύαγ-</span> 
     </span>
    </p>
   </div>
   <div class='ocr_carea' id='block_1_19' title="bbox 344 1238 1920 1320">
    <p class='ocr_par' dir='ltr' id='par_1_19' title="bbox 344 1238 1920 1320">
     <span class='ocr_line' id='line_1_19' title="bbox 344 1238 1920 1320; baseline -0.008 -15"><span class='ocrx_word' id='word_1_139' title='bbox 344 1249 563 1320; x_wconf 84' lang='grc' dir='ltr'>γελικδν</span> <span class='ocrx_word' id='word_1_140' title='bbox 584 1248 741 1317; x_wconf 86' lang='grc' dir='ltr'>λόγον</span> <span class='ocrx_word' id='word_1_141' title='bbox 769 1248 861 1303; x_wconf 80' lang='grc' dir='ltr'>τὸν</span> <span class='ocrx_word' id='word_1_142' title='bbox 879 1247 1126 1315; x_wconf 81' lang='grc' dir='ltr'>λέγοντα·</span> <span class='ocrx_word' id='word_1_143' title='bbox 1152 1243 1456 1315; x_wconf 72' lang='grc' dir='ltr'>Λαμψάτω</span> <span class='ocrx_word' id='word_1_144' title='bbox 1482 1244 1549 1297; x_wconf 85' lang='grc' dir='ltr'>τὸ</span> <span class='ocrx_word' id='word_1_145' title='bbox 1578 1241 1706 1312; x_wconf 71' lang='grc' dir='ltr'>φῶς</span> <span class='ocrx_word' id='word_1_146' title='bbox 1753 1238 1920 1311; x_wconf 83' lang='grc' dir='ltr'><strong>ὑμῶν</strong></span> 
     </span>
    </p>
   </div>
   <div class='ocr_carea' id='block_1_20' title="bbox 344 1332 1929 1414">
    <p class='ocr_par' dir='ltr' id='par_1_20' title="bbox 344 1332 1929 1414">
     <span class='ocr_line' id='line_1_20' title="bbox 344 1332 1929 1414; baseline -0.009 -14"><span class='ocrx_word' id='word_1_147' title='bbox 344 1345 690 1414; x_wconf 72' lang='grc' dir='ltr'>ἔμπροσθεν</span> <span class='ocrx_word' id='word_1_148' title='bbox 725 1340 843 1394; x_wconf 82' lang='grc' dir='ltr'><strong>τῶν</strong></span> <span class='ocrx_word' id='word_1_149' title='bbox 872 1338 1220 1408; x_wconf 75' lang='grc' dir='ltr'>ἀνθρώπων,</span> <span class='ocrx_word' id='word_1_150' title='bbox 1251 1338 1413 1404; x_wconf 81' lang='grc' dir='ltr'>ὅπως</span> <span class='ocrx_word' id='word_1_151' title='bbox 1436 1335 1606 1390; x_wconf 75' lang='grc' dir='ltr'>ἴδωσι</span> <span class='ocrx_word' id='word_1_152' title='bbox 1655 1334 1729 1388; x_wconf 81' lang='grc' dir='ltr'>τὰ</span> <span class='ocrx_word' id='word_1_153' title='bbox 1771 1332 1929 1387; x_wconf 79' lang='grc' dir='ltr'>καλὰ</span> 
     </span>
    </p>
   </div>
   <div class='ocr_carea' id='block_1_21' title="bbox 344 1423 1929 1505">
    <p class='ocr_par' dir='ltr' id='par_1_21' title="bbox 344 1423 1929 1505">
     <span class='ocr_line' id='line_1_21' title="bbox 344 1423 1929 1505; baseline -0.006 -17"><span class='ocrx_word' id='word_1_154' title='bbox 344 1436 490 1505; x_wconf 68' lang='grc' dir='ltr'>ἔργα</span> <span class='ocrx_word' id='word_1_155' title='bbox 518 1432 686 1504; x_wconf 79' lang='grc' dir='ltr'><strong>ὑμῶν</strong></span> <span class='ocrx_word' id='word_1_156' title='bbox 711 1431 811 1486; x_wconf 81' lang='grc' dir='ltr'><strong>καί</strong></span> <span class='ocrx_word' id='word_1_157' title='bbox 854 1430 1165 1496; x_wconf 79' lang='grc' dir='ltr'><strong>δοξάσωσι</strong></span> <span class='ocrx_word' id='word_1_158' title='bbox 1195 1430 1302 1483; x_wconf 77' lang='grc' dir='ltr'><strong>τὸν</strong></span> <span class='ocrx_word' id='word_1_159' title='bbox 1330 1428 1563 1496; x_wconf 83' lang='grc' dir='ltr'>Πατέρα</span> <span class='ocrx_word' id='word_1_160' title='bbox 1607 1425 1775 1493; x_wconf 79' lang='grc' dir='ltr'><strong>ὑμῶν</strong></span> <span class='ocrx_word' id='word_1_161' title='bbox 1820 1423 1929 1479; x_wconf 81' lang='grc' dir='ltr'><strong>τὸν</strong></span> 
     </span>
    </p>
   </div>
   <div class='ocr_carea' id='block_1_22' title="bbox 346 1517 1928 1595">
    <p class='ocr_par' dir='ltr' id='par_1_22' title="bbox 346 1517 1928 1595">
     <span class='ocr_line' id='line_1_22' title="bbox 346 1517 1928 1595; baseline -0.008 -13"><span class='ocrx_word' id='word_1_162' title='bbox 346 1530 415 1581; x_wconf 76' lang='grc' dir='ltr'><strong>ἐν</strong></span> <span class='ocrx_word' id='word_1_163' title='bbox 440 1525 564 1594; x_wconf 86' lang='grc' dir='ltr'>τοῖς</span> <span class='ocrx_word' id='word_1_164' title='bbox 583 1525 883 1595; x_wconf 81' lang='grc' dir='ltr'>οὐρανοῖς.</span> <span class='ocrx_word' id='word_1_165' title='bbox 918 1525 1028 1577; x_wconf 78' lang='grc' dir='ltr'><strong>Καὶ</strong></span> <span class='ocrx_word' id='word_1_166' title='bbox 1054 1523 1115 1576; x_wconf 86' lang='grc' dir='ltr'>οὐ</span> <span class='ocrx_word' id='word_1_167' title='bbox 1153 1522 1315 1593; x_wconf 86' lang='grc' dir='ltr'>μόνον</span> <span class='ocrx_word' id='word_1_168' title='bbox 1356 1520 1667 1591; x_wconf 80' lang='grc' dir='ltr'>ἀλλοτρίαις</span> <span class='ocrx_word' id='word_1_169' title='bbox 1708 1517 1928 1587; x_wconf 69' lang='grc' dir='ltr'>γυναιξὶ</span> 
     </span>
    </p>
   </div>
   <div class='ocr_carea' id='block_1_23' title="bbox 350 1608 1927 1687">
    <p class='ocr_par' dir='ltr' id='par_1_23' title="bbox 350 1608 1927 1687">
     <span class='ocr_line' id='line_1_23' title="bbox 350 1608 1927 1687; baseline -0.008 -14"><span class='ocrx_word' id='word_1_170' title='bbox 350 1617 652 1673; x_wconf 70' lang='grc' dir='ltr'>συνεσθίειν</span> <span class='ocrx_word' id='word_1_171' title='bbox 680 1620 707 1672; x_wconf 93' lang='lat'><strong>6</strong></span> <span class='ocrx_word' id='word_1_172' title='bbox 745 1617 979 1687; x_wconf 83' lang='grc' dir='ltr'>μοναχὸς</span> <span class='ocrx_word' id='word_1_173' title='bbox 1023 1614 1056 1685; x_wconf 75' lang='grc' dir='ltr'>ἢ</span> <span class='ocrx_word' id='word_1_174' title='bbox 1101 1616 1129 1668; x_wconf 88' lang='lat'><strong>6</strong></span> <span class='ocrx_word' id='word_1_175' title='bbox 1176 1614 1475 1685; x_wconf 83' lang='grc' dir='ltr'>ίερωμένος</span> <span class='ocrx_word' id='word_1_176' title='bbox 1508 1613 1601 1666; x_wconf 75' lang='grc' dir='ltr'><strong>ἐπὶ</strong></span> <span class='ocrx_word' id='word_1_177' title='bbox 1647 1608 1927 1680; x_wconf 76' lang='grc' dir='ltr'>παρουσίᾳ</span> 
     </span>
    </p>
   </div>
   <div class='ocr_carea' id='block_1_24' title="bbox 351 1702 1923 1772">
    <p class='ocr_par' dir='ltr' id='par_1_24' title="bbox 351 1702 1923 1772">
     <span class='ocr_line' id='line_1_24' title="bbox 351 1702 1923 1772; baseline -0.006 -7"><span class='ocrx_word' id='word_1_178' title='bbox 351 1712 516 1765; x_wconf 82' lang='grc' dir='ltr'>τινῶν</span> <span class='ocrx_word' id='word_1_179' title='bbox 556 1709 806 1764; x_wconf 78' lang='grc' dir='ltr'>εύλαδών</span> <span class='ocrx_word' id='word_1_180' title='bbox 834 1709 1176 1772; x_wconf 83' lang='grc' dir='ltr'>ἀπαιτεῖται,</span> <span class='ocrx_word' id='word_1_181' title='bbox 1208 1706 1346 1759; x_wconf 77' lang='grc' dir='ltr'>ἀλλὰ</span> <span class='ocrx_word' id='word_1_182' title='bbox 1382 1705 1477 1758; x_wconf 82' lang='grc' dir='ltr'>καὶ</span> <span class='ocrx_word' id='word_1_183' title='bbox 1502 1705 1593 1758; x_wconf 84' lang='grc' dir='ltr'>ὅτε</span> <span class='ocrx_word' id='word_1_184' title='bbox 1628 1702 1923 1772; x_wconf 86' lang='grc' dir='ltr'>συγγενέσι</span> 
     </span>
    </p>
   </div>
   <div class='ocr_carea' id='block_1_25' title="bbox 2026 1143 3659 1215">
    <p class='ocr_par' dir='ltr' id='par_1_25' title="bbox 2026 1143 3659 1215">
     <span class='ocr_line' id='line_1_25' title="bbox 2026 1143 3659 1215; baseline 0.002 -18"><span class='ocrx_word' id='word_1_185' title='bbox 2026 1161 2188 1213; x_wconf 83' lang='lat' dir='ltr'><strong>quain</strong></span> <span class='ocrx_word' id='word_1_186' title='bbox 2222 1159 2347 1199; x_wconf 86' lang='lat' dir='ltr'><strong>cum</strong></span> <span class='ocrx_word' id='word_1_187' title='bbox 2382 1143 2603 1199; x_wconf 79' lang='lat' dir='ltr'><strong>feminis</strong></span> <span class='ocrx_word' id='word_1_188' title='bbox 2647 1144 2999 1199; x_wconf 83' lang='lat' dir='ltr'><strong>discumbere</strong></span> <span class='ocrx_word' id='word_1_189' title='bbox 3025 1184 3041 1209; x_wconf 95' lang='lat'><strong>,</strong></span> <span class='ocrx_word' id='word_1_190' title='bbox 3100 1145 3205 1200; x_wconf 91' lang='lat' dir='ltr'><strong>nisi</strong></span> <span class='ocrx_word' id='word_1_191' title='bbox 3243 1144 3610 1213; x_wconf 67' lang='lat' dir='ltr'><strong>praesentibus</strong></span> <span class='ocrx_word' id='word_1_192' title='bbox 3649 1197 3659 1215; x_wconf 72' lang='grc'><em>,</em></span> 
     </span>
    </p>
   </div>
   <div class='ocr_carea' id='block_1_26' title="bbox 2029 1237 3656 1306">
    <p class='ocr_par' dir='ltr' id='par_1_26' title="bbox 2029 1237 3656 1306">
     <span class='ocr_line' id='line_1_26' title="bbox 2029 1237 3656 1306; baseline 0 -15"><span class='ocrx_word' id='word_1_193' title='bbox 2029 1238 2272 1293; x_wconf 88' lang='lat' dir='ltr'><strong>honestis</strong></span> <span class='ocrx_word' id='word_1_194' title='bbox 2300 1238 2432 1293; x_wconf 83' lang='lat' dir='ltr'><strong>viris</strong></span> <span class='ocrx_word' id='word_1_195' title='bbox 2463 1253 2527 1291; x_wconf 87' lang='lat' dir='ltr'><strong>ac</strong></span> <span class='ocrx_word' id='word_1_196' title='bbox 2560 1237 2886 1291; x_wconf 80' lang='lat' dir='ltr'><strong>mulieribus</strong></span> <span class='ocrx_word' id='word_1_197' title='bbox 2917 1274 2933 1301; x_wconf 85' lang='lat'><strong>,</strong></span> <span class='ocrx_word' id='word_1_198' title='bbox 2998 1238 3325 1306; x_wconf 84' lang='lat' dir='ltr'><strong>permissum</strong></span> <span class='ocrx_word' id='word_1_199' title='bbox 3386 1239 3458 1291; x_wconf 88' lang='lat' dir='ltr'><strong>sit</strong></span> <span class='ocrx_word' id='word_1_200' title='bbox 3486 1281 3500 1302; x_wconf 93' lang='lat'><strong>,</strong></span> <span class='ocrx_word' id='word_1_201' title='bbox 3550 1247 3609 1292; x_wconf 88' lang='lat' dir='ltr'><strong>ut</strong></span> <span class='ocrx_word' id='word_1_202' title='bbox 3650 1272 3656 1279; x_wconf 90' lang='lat'><strong>-</strong></span> 
     </span>
    </p>
   </div>
   <div class='ocr_carea' id='block_1_27' title="bbox 2029 1329 3609 1399">
    <p class='ocr_par' dir='ltr' id='par_1_27' title="bbox 2029 1329 3609 1399">
     <span class='ocr_line' id='line_1_27' title="bbox 2029 1329 3609 1399; baseline -0.001 -16"><span class='ocrx_word' id='word_1_203' title='bbox 2029 1329 2371 1399; x_wconf 88' lang='lat' dir='ltr'><strong>spiritualem</strong></span> <span class='ocrx_word' id='word_1_204' title='bbox 2404 1330 2641 1397; x_wconf 88' lang='lat' dir='ltr'><strong>aliquem</strong></span> <span class='ocrx_word' id='word_1_205' title='bbox 2673 1329 2908 1381; x_wconf 84' lang='lat' dir='ltr'><strong>fructum</strong></span> <span class='ocrx_word' id='word_1_206' title='bbox 2963 1330 3080 1398; x_wconf 90' lang='lat' dir='ltr'><strong>ipsa</strong></span> <span class='ocrx_word' id='word_1_207' title='bbox 3136 1329 3224 1383; x_wconf 89' lang='lat' dir='ltr'><strong>illa</strong></span> <span class='ocrx_word' id='word_1_208' title='bbox 3280 1329 3609 1383; x_wconf 87' lang='lat' dir='ltr'><strong>convivandi</strong></span> 
     </span>
    </p>
   </div>
   <div class='ocr_carea' id='block_1_28' title="bbox 2030 1420 3607 1491">
    <p class='ocr_par' dir='ltr' id='par_1_28' title="bbox 2030 1420 3607 1491">
     <span class='ocr_line' id='line_1_28' title="bbox 2030 1420 3607 1491; baseline -0.002 -13"><span class='ocrx_word' id='word_1_209' title='bbox 2030 1423 2264 1478; x_wconf 83' lang='lat' dir='ltr'><strong>societas</strong></span> <span class='ocrx_word' id='word_1_210' title='bbox 2306 1423 2500 1491; x_wconf 86' lang='lat' dir='ltr'><strong>pariat.</strong></span> <span class='ocrx_word' id='word_1_211' title='bbox 2529 1420 2790 1490; x_wconf 85' lang='lat' dir='ltr'><strong>Quisquis</strong></span> <span class='ocrx_word' id='word_1_212' title='bbox 2820 1420 2965 1475; x_wconf 81' lang='lat' dir='ltr'><strong>enim</strong></span> <span class='ocrx_word' id='word_1_213' title='bbox 2994 1421 3097 1474; x_wconf 84' lang='lat' dir='ltr'><strong>hoc</strong></span> <span class='ocrx_word' id='word_1_214' title='bbox 3134 1429 3293 1489; x_wconf 89' lang='lat' dir='ltr'><strong>pacto</strong></span> <span class='ocrx_word' id='word_1_215' title='bbox 3333 1422 3469 1475; x_wconf 89' lang='lat' dir='ltr'><strong>citra</strong></span> <span class='ocrx_word' id='word_1_216' title='bbox 3511 1436 3607 1476; x_wconf 85' lang='lat' dir='ltr'><strong>su-</strong></span> 
     </span>
    </p>
   </div>
   <div class='ocr_carea' id='block_1_29' title="bbox 2034 1514 3613 1584">
    <p class='ocr_par' dir='ltr' id='par_1_29' title="bbox 2034 1514 3613 1584">
     <span class='ocr_line' id='line_1_29' title="bbox 2034 1514 3613 1584; baseline 0.002 -17"><span class='ocrx_word' id='word_1_217' title='bbox 2034 1516 2333 1583; x_wconf 88' lang='lat' dir='ltr'><strong>spicionem</strong></span> <span class='ocrx_word' id='word_1_218' title='bbox 2360 1529 2481 1569; x_wconf 91' lang='lat' dir='ltr'><strong>cum</strong></span> <span class='ocrx_word' id='word_1_219' title='bbox 2505 1514 2825 1569; x_wconf 85' lang='lat' dir='ltr'><strong>mulieribus</strong></span> <span class='ocrx_word' id='word_1_220' title='bbox 2844 1514 3103 1578; x_wconf 81' lang='lat' dir='ltr'><strong>vescitur,</strong></span> <span class='ocrx_word' id='word_1_221' title='bbox 3124 1524 3350 1569; x_wconf 82' lang='lat' dir='ltr'><strong>caeteros</strong></span> <span class='ocrx_word' id='word_1_222' title='bbox 3380 1516 3445 1569; x_wconf 91' lang='lat' dir='ltr'><strong>ad</strong></span> <span class='ocrx_word' id='word_1_223' title='bbox 3475 1531 3613 1584; x_wconf 80' lang='lat' dir='ltr'><strong>prae-</strong></span> 
     </span>
    </p>
   </div>
   <div class='ocr_carea' id='block_1_30' title="bbox 2032 1604 3614 1675">
    <p class='ocr_par' dir='ltr' id='par_1_30' title="bbox 2032 1604 3614 1675">
     <span class='ocr_line' id='line_1_30' title="bbox 2032 1604 3614 1675; baseline 0.002 -17"><span class='ocrx_word' id='word_1_224' title='bbox 2032 1606 2254 1659; x_wconf 83' lang='lat' dir='ltr'><strong>conium</strong></span> <span class='ocrx_word' id='word_1_225' title='bbox 2284 1604 2481 1662; x_wconf 71' lang='lat' dir='ltr'><strong>divina:</strong></span> <span class='ocrx_word' id='word_1_226' title='bbox 2516 1605 2694 1660; x_wconf 84' lang='lat' dir='ltr'><strong>laudis</strong></span> <span class='ocrx_word' id='word_1_227' title='bbox 2721 1606 2973 1675; x_wconf 83' lang='lat' dir='ltr'><strong>impellit.</strong></span> <span class='ocrx_word' id='word_1_228' title='bbox 3010 1605 3143 1659; x_wconf 85' lang='lat' dir='ltr'><strong>Nam</strong></span> <span class='ocrx_word' id='word_1_229' title='bbox 3200 1607 3292 1675; x_wconf 90' lang='lat' dir='ltr'><strong>qui</strong></span> <span class='ocrx_word' id='word_1_230' title='bbox 3333 1606 3401 1661; x_wconf 87' lang='lat' dir='ltr'><strong>ab</strong></span> <span class='ocrx_word' id='word_1_231' title='bbox 3440 1622 3505 1662; x_wconf 90' lang='lat' dir='ltr'><strong>eo</strong></span> <span class='ocrx_word' id='word_1_232' title='bbox 3544 1622 3614 1661; x_wconf 89' lang='lat' dir='ltr'><strong>ne</strong></span> 
     </span>
    </p>
   </div>
   <div class='ocr_carea' id='block_1_31' title="bbox 2032 1697 3611 1768">
    <p class='ocr_par' dir='ltr' id='par_1_31' title="bbox 2032 1697 3611 1768">
     <span class='ocr_line' id='line_1_31' title="bbox 2032 1697 3611 1768; baseline 0.002 -18"><span class='ocrx_word' id='word_1_233' title='bbox 2032 1697 2369 1752; x_wconf 61' lang='lat' dir='ltr'><strong>tenuissimae</strong></span> <span class='ocrx_word' id='word_1_234' title='bbox 2393 1698 2609 1767; x_wconf 86' lang='lat' dir='ltr'><strong>quidem</strong></span> <span class='ocrx_word' id='word_1_235' title='bbox 2636 1698 2933 1767; x_wconf 88' lang='lat' dir='ltr'><strong>suspicioni</strong></span> <span class='ocrx_word' id='word_1_236' title='bbox 2968 1699 3144 1753; x_wconf 82' lang='lat' dir='ltr'><strong>locum</strong></span> <span class='ocrx_word' id='word_1_237' title='bbox 3174 1699 3404 1768; x_wconf 90' lang='lat' dir='ltr'><strong>relinqui</strong></span> <span class='ocrx_word' id='word_1_238' title='bbox 3434 1700 3611 1754; x_wconf 87' lang='lat' dir='ltr'><strong>anim-</strong></span> 
     </span>
    </p>
   </div>
   <div class='ocr_carea' id='block_1_32' title="bbox 348 1770 1936 1871">
    <p class='ocr_par' dir='ltr' id='par_1_32' title="bbox 348 1770 1924 1871">
     <span class='ocr_line' id='line_1_32' title="bbox 348 1770 1924 1871; baseline -0.005 -16"><span class='ocrx_word' id='word_1_239' title='bbox 348 1798 565 1871; x_wconf 74' lang='grc' dir='ltr'>γυναιξί</span> <span class='ocrx_word' id='word_1_240' title='bbox 616 1798 915 1853; x_wconf 81' lang='grc' dir='ltr'>συνεσθίει.</span> <span class='ocrx_word' id='word_1_241' title='bbox 939 1797 1054 1850; x_wconf 66' lang='grc' dir='ltr'>ιἘν</span> <span class='ocrx_word' id='word_1_242' title='bbox 1086 1770 1520 1866; x_wconf 12' lang='grc' dir='ltr'>δὲήόδοιπορίαις</span> <span class='ocrx_word' id='word_1_243' title='bbox 1560 1770 1859 1865; x_wconf 68' lang='grc' dir='ltr'>ἱερωμένος</span> <span class='ocrx_word' id='word_1_244' title='bbox 1892 1793 1924 1865; x_wconf 79' lang='grc' dir='ltr'><strong>ἢ</strong></span> 
     </span>
    </p>
   </div>
   <div class='ocr_carea' id='block_1_33' title="bbox 2037 1770 3611 1871">
    <p class='ocr_par' dir='ltr' id='par_1_33' title="bbox 2037 1779 3611 1855">
     <span class='ocr_line' id='line_1_33' title="bbox 2037 1779 3611 1855; baseline 0.002 -12"><span class='ocrx_word' id='word_1_245' title='bbox 2037 1779 2384 1851; x_wconf 74' lang='lat' dir='ltr'><strong>advenerim,</strong></span> <span class='ocrx_word' id='word_1_246' title='bbox 2422 1788 2589 1844; x_wconf 88' lang='lat' dir='ltr'><strong>Deum</strong></span> <span class='ocrx_word' id='word_1_247' title='bbox 2626 1790 2880 1846; x_wconf 83' lang='lat' dir='ltr'><strong>laudibus</strong></span> <span class='ocrx_word' id='word_1_248' title='bbox 2923 1791 3177 1855; x_wconf 80' lang='lat' dir='ltr'><strong>eﬂ‘erunt,</strong></span> <span class='ocrx_word' id='word_1_249' title='bbox 3224 1803 3283 1844; x_wconf 91' lang='lat' dir='ltr'><strong>ut</strong></span> <span class='ocrx_word' id='word_1_250' title='bbox 3333 1793 3387 1846; x_wconf 92' lang='lat' dir='ltr'><strong>in</strong></span> <span class='ocrx_word' id='word_1_251' title='bbox 3434 1791 3611 1846; x_wconf 84' lang='lat' dir='ltr'><strong>Evan-</strong></span> 
     </span>
    </p>
   </div>
   <div class='ocr_carea' id='block_1_34' title="bbox 352 1881 1936 1964">
    <p class='ocr_par' dir='ltr' id='par_1_34' title="bbox 352 1884 1922 1964">
     <span class='ocr_line' id='line_1_34' title="bbox 352 1884 1922 1964; baseline -0.005 -17"><span class='ocrx_word' id='word_1_252' title='bbox 352 1893 607 1964; x_wconf 77' lang='grc' dir='ltr'>μοναχδς,</span> <span class='ocrx_word' id='word_1_253' title='bbox 639 1894 689 1945; x_wconf 87' lang='grc' dir='ltr'><strong>εί</strong></span> <span class='ocrx_word' id='word_1_254' title='bbox 722 1891 797 1962; x_wconf 81' lang='grc' dir='ltr'>μὴ</span> <span class='ocrx_word' id='word_1_255' title='bbox 826 1889 939 1961; x_wconf 77' lang='grc' dir='ltr'>ἔχοι</span> <span class='ocrx_word' id='word_1_256' title='bbox 968 1890 1101 1941; x_wconf 83' lang='grc' dir='ltr'>ὅπου</span> <span class='ocrx_word' id='word_1_257' title='bbox 1130 1888 1534 1951; x_wconf 84' lang='grc' dir='ltr'>ἀναπαύσεται,</span> <span class='ocrx_word' id='word_1_258' title='bbox 1565 1886 1722 1941; x_wconf 75' lang='grc' dir='ltr'>ἄδεια</span> <span class='ocrx_word' id='word_1_259' title='bbox 1765 1884 1922 1940; x_wconf 75' lang='grc' dir='ltr'>ἔσται</span> 
     </span>
    </p>
   </div>
   <div class='ocr_carea' id='block_1_35' title="bbox 2037 1881 3615 1964">
    <p class='ocr_par' dir='ltr' id='par_1_35' title="bbox 2037 1881 3615 1951">
     <span class='ocr_line' id='line_1_35' title="bbox 2037 1881 3615 1951; baseline 0.004 -18"><span class='ocrx_word' id='word_1_260' title='bbox 2037 1881 2169 1950; x_wconf 73' lang='lat' dir='ltr'><strong>gelio</strong></span> <span class='ocrx_word' id='word_1_261' title='bbox 2203 1884 2473 1951; x_wconf 79' lang='lat' dir='ltr'><strong>scriptum</strong></span> <span class='ocrx_word' id='word_1_262' title='bbox 2504 1890 2613 1945; x_wconf 90' lang='lat' dir='ltr'><strong>est,</strong></span> <span class='ocrx_word' id='word_1_263' title='bbox 2651 1883 2759 1937; x_wconf 92' lang='lat' dir='ltr'><strong>illis</strong></span> <span class='ocrx_word' id='word_1_264' title='bbox 2800 1883 2984 1937; x_wconf 82' lang='lat' dir='ltr'><strong>verbis</strong></span> <span class='ocrx_word' id='word_1_265' title='bbox 3016 1899 3031 1936; x_wconf 90' lang='lat'><strong>:</strong></span> <span class='ocrx_word' id='word_1_266' title='bbox 3064 1881 3151 1936; x_wconf 83' lang='lat' dir='ltr'><strong>Sic</strong></span> <span class='ocrx_word' id='word_1_267' title='bbox 3196 1883 3368 1937; x_wconf 84' lang='lat' dir='ltr'><strong>luceat</strong></span> <span class='ocrx_word' id='word_1_268' title='bbox 3408 1885 3503 1936; x_wconf 75' lang='lat' dir='ltr'><strong>tua:</strong></span> <span class='ocrx_word' id='word_1_269' title='bbox 3530 1901 3615 1939; x_wconf 80' lang='lat' dir='ltr'><strong>re-</strong></span> 
     </span>
    </p>
   </div>
   <div class='ocr_carea' id='block_1_36' title="bbox 351 1972 1936 2053">
    <p class='ocr_par' dir='ltr' id='par_1_36' title="bbox 351 1972 1923 2053">
     <span class='ocr_line' id='line_1_36' title="bbox 351 1972 1923 2053; baseline -0.006 -17"><span class='ocrx_word' id='word_1_270' title='bbox 351 1982 501 2053; x_wconf 89' lang='grc' dir='ltr'><strong>αύτῴ</strong></span> <span class='ocrx_word' id='word_1_271' title='bbox 528 1983 622 2035; x_wconf 77' lang='grc' dir='ltr'>καὶ</span> <span class='ocrx_word' id='word_1_272' title='bbox 652 1983 710 2034; x_wconf 83' lang='grc' dir='ltr'>ὲν</span> <span class='ocrx_word' id='word_1_273' title='bbox 738 1977 1040 2049; x_wconf 85' lang='grc' dir='ltr'>πανδοχείῳ</span> <span class='ocrx_word' id='word_1_274' title='bbox 1066 1978 1161 2030; x_wconf 76' lang='grc' dir='ltr'>καὶ</span> <span class='ocrx_word' id='word_1_275' title='bbox 1188 1977 1246 2030; x_wconf 81' lang='grc' dir='ltr'>ὲν</span> <span class='ocrx_word' id='word_1_276' title='bbox 1269 1975 1403 2047; x_wconf 80' lang='grc' dir='ltr'>οίκῳ</span> <span class='ocrx_word' id='word_1_277' title='bbox 1433 1974 1581 2038; x_wconf 81' lang='grc' dir='ltr'>τινὸς</span> <span class='ocrx_word' id='word_1_278' title='bbox 1612 1972 1923 2028; x_wconf 83' lang='grc' dir='ltr'>καταλῦσαι</span> 
     </span>
    </p>
   </div>
   <div class='ocr_carea' id='block_1_37' title="bbox 2037 1972 3612 2053">
    <p class='ocr_par' dir='ltr' id='par_1_37' title="bbox 2037 1974 3612 2046">
     <span class='ocr_line' id='line_1_37' title="bbox 2037 1974 3612 2046; baseline 0.003 -20"><span class='ocrx_word' id='word_1_279' title='bbox 2037 1985 2140 2027; x_wconf 75' lang='lat' dir='ltr'><strong>itm</strong></span> <span class='ocrx_word' id='word_1_280' title='bbox 2172 1989 2354 2027; x_wconf 85' lang='lat' dir='ltr'><strong>coram</strong></span> <span class='ocrx_word' id='word_1_281' title='bbox 2385 1974 2686 2028; x_wconf 81' lang='lat' dir='ltr'><strong>hominibus</strong></span> <span class='ocrx_word' id='word_1_282' title='bbox 2731 1975 2894 2046; x_wconf 81' lang='lat'><strong>330</strong></span> <span class='ocrx_word' id='word_1_283' title='bbox 2921 1985 2975 2029; x_wconf 85' lang='lat' dir='ltr'><strong>ut</strong></span> <span class='ocrx_word' id='word_1_284' title='bbox 3016 1977 3224 2031; x_wconf 81' lang='lat' dir='ltr'><strong>videant</strong></span> <span class='ocrx_word' id='word_1_285' title='bbox 3255 1994 3413 2046; x_wconf 84' lang='lat' dir='ltr'><strong>opera</strong></span> <span class='ocrx_word' id='word_1_286' title='bbox 3438 1985 3612 2032; x_wconf 73' lang='lat' dir='ltr'><strong>vestra</strong></span> 
     </span>
    </p>
   </div>
   <div class='ocr_carea' id='block_1_38' title="bbox 350 2061 1936 2143">
    <p class='ocr_par' dir='ltr' id='par_1_38' title="bbox 350 2061 1924 2143">
     <span class='ocr_line' id='line_1_38' title="bbox 350 2061 1924 2143; baseline -0.006 -18"><span class='ocrx_word' id='word_1_287' title='bbox 350 2072 540 2143; x_wconf 81' lang='grc' dir='ltr'>χρείας</span> <span class='ocrx_word' id='word_1_288' title='bbox 574 2068 1027 2138; x_wconf 60' lang='grc' dir='ltr'>κατεπειγούσης</span> <span class='ocrx_word' id='word_1_289' title='bbox 1073 2064 1217 2135; x_wconf 76' lang='grc' dir='ltr'>πλὴν</span> <span class='ocrx_word' id='word_1_290' title='bbox 1271 2066 1433 2119; x_wconf 81' lang='grc' dir='ltr'>κάκεῖ</span> <span class='ocrx_word' id='word_1_291' title='bbox 1477 2061 1596 2135; x_wconf 84' lang='grc' dir='ltr'>μετ’</span> <span class='ocrx_word' id='word_1_292' title='bbox 1639 2062 1924 2127; x_wconf 80' lang='grc' dir='ltr'>εὐλαϐείας</span> 
     </span>
    </p>
   </div>
   <div class='ocr_carea' id='block_1_39' title="bbox 2037 2061 3611 2143">
    <p class='ocr_par' dir='ltr' id='par_1_39' title="bbox 2037 2064 3611 2136">
     <span class='ocr_line' id='line_1_39' title="bbox 2037 2064 3611 2136; baseline 0.003 -21"><span class='ocrx_word' id='word_1_293' title='bbox 2037 2064 2163 2117; x_wconf 69' lang='lat' dir='ltr'><strong>bona</strong></span> <span class='ocrx_word' id='word_1_294' title='bbox 2191 2104 2207 2131; x_wconf 85' lang='lat'><strong>,</strong></span> <span class='ocrx_word' id='word_1_295' title='bbox 2270 2074 2321 2119; x_wconf 74' lang='lat' dir='ltr'><strong>et</strong></span> <span class='ocrx_word' id='word_1_296' title='bbox 2366 2064 2668 2135; x_wconf 77' lang='lat' dir='ltr'><strong>gloriﬁcent</strong></span> <span class='ocrx_word' id='word_1_297' title='bbox 2716 2065 2929 2120; x_wconf 79' lang='lat' dir='ltr'><strong>Putrem</strong></span> <span class='ocrx_word' id='word_1_298' title='bbox 2973 2078 3248 2129; x_wconf 83' lang='lat' dir='ltr'><strong>vestrum,</strong></span> <span class='ocrx_word' id='word_1_299' title='bbox 3297 2069 3387 2136; x_wconf 84' lang='lat' dir='ltr'><strong>qui</strong></span> <span class='ocrx_word' id='word_1_300' title='bbox 3440 2076 3518 2123; x_wconf 75' lang='lat' dir='ltr'><strong>est</strong></span> <span class='ocrx_word' id='word_1_301' title='bbox 3556 2069 3611 2121; x_wconf 78' lang='lat' dir='ltr'><strong>in</strong></span> 
     </span>
    </p>
   </div>
   <div class='ocr_carea' id='block_1_40' title="bbox 352 2153 1927 2231">
    <p class='ocr_par' dir='ltr' id='par_1_40' title="bbox 352 2153 1927 2231">
     <span class='ocr_line' id='line_1_40' title="bbox 352 2153 1927 2231; baseline -0.005 -17"><span class='ocrx_word' id='word_1_302' title='bbox 352 2160 606 2231; x_wconf 86' lang='grc' dir='ltr'>βούλεται</span> <span class='ocrx_word' id='word_1_303' title='bbox 635 2161 663 2214; x_wconf 90' lang='lat'><strong>6</strong></span> <span class='ocrx_word' id='word_1_304' title='bbox 688 2157 869 2213; x_wconf 87' lang='grc' dir='ltr'>κανὼν</span> <span class='ocrx_word' id='word_1_305' title='bbox 906 2156 1004 2211; x_wconf 67' lang='grc' dir='ltr'>καὶ</span> <span class='ocrx_word' id='word_1_306' title='bbox 1034 2154 1330 2226; x_wconf 77' lang='grc' dir='ltr'>σωφρόνως</span> <span class='ocrx_word' id='word_1_307' title='bbox 1360 2155 1561 2220; x_wconf 80' lang='grc' dir='ltr'>αὐτοὺς</span> <span class='ocrx_word' id='word_1_308' title='bbox 1593 2153 1691 2226; x_wconf 81' lang='grc' dir='ltr'>τὴν</span> <span class='ocrx_word' id='word_1_309' title='bbox 1721 2153 1927 2222; x_wconf 87' lang='grc' dir='ltr'>διαγω-</span> 
     </span>
    </p>
   </div>
   <div class='ocr_carea' id='block_1_41' title="bbox 350 2252 785 2324">
    <p class='ocr_par' dir='ltr' id='par_1_41' title="bbox 350 2252 785 2324">
     <span class='ocr_line' id='line_1_41' title="bbox 350 2252 785 2324; baseline 0.005 -22"><span class='ocrx_word' id='word_1_310' title='bbox 350 2252 455 2324; x_wconf 81' lang='grc' dir='ltr'>γὴν</span> <span class='ocrx_word' id='word_1_311' title='bbox 490 2252 785 2305; x_wconf 87' lang='grc' dir='ltr'>ποιεῖσθαι.</span> 
     </span>
    </p>
   </div>
   <div class='ocr_carea' id='block_1_42' title="bbox 2027 2155 3610 2229">
    <p class='ocr_par' dir='ltr' id='par_1_42' title="bbox 2027 2155 3610 2229">
     <span class='ocr_line' id='line_1_42' title="bbox 2027 2155 3610 2229; baseline 0.003 -20"><span class='ocrx_word' id='word_1_312' title='bbox 2027 2156 2172 2211; x_wconf 75' lang='lat' dir='ltr'><strong>cmlis</strong></span> <span class='ocrx_word' id='word_1_313' title='bbox 2200 2157 2268 2212; x_wconf 77' lang='lat'><strong>&quot;.</strong></span> <span class='ocrx_word' id='word_1_314' title='bbox 2303 2155 2494 2227; x_wconf 84' lang='lat' dir='ltr'><strong>Neque</strong></span> <span class='ocrx_word' id='word_1_315' title='bbox 2527 2157 2701 2212; x_wconf 86' lang='lat' dir='ltr'><strong>solum</strong></span> <span class='ocrx_word' id='word_1_316' title='bbox 2735 2158 3178 2229; x_wconf 85' lang='lat' dir='ltr'><strong>quandocunque</strong></span> <span class='ocrx_word' id='word_1_317' title='bbox 3228 2158 3610 2225; x_wconf 63' lang='lat' dir='ltr'><strong>cum,alienis,</strong></span> 
     </span>
    </p>
   </div>
   <div class='ocr_carea' id='block_1_43' title="bbox 2032 2247 3612 2320">
    <p class='ocr_par' dir='ltr' id='par_1_43' title="bbox 2032 2247 3612 2320">
     <span class='ocr_line' id='line_1_43' title="bbox 2032 2247 3612 2320; baseline 0.002 -17"><span class='ocrx_word' id='word_1_318' title='bbox 2032 2247 2128 2303; x_wconf 90' lang='lat' dir='ltr'><strong>sed</strong></span> <span class='ocrx_word' id='word_1_319' title='bbox 2157 2248 2321 2302; x_wconf 85' lang='lat' dir='ltr'><strong>etiam</strong></span> <span class='ocrx_word' id='word_1_320' title='bbox 2347 2249 2392 2303; x_wconf 92' lang='lat' dir='ltr'><strong>si</strong></span> <span class='ocrx_word' id='word_1_321' title='bbox 2423 2264 2547 2304; x_wconf 90' lang='lat' dir='ltr'><strong>cum</strong></span> <span class='ocrx_word' id='word_1_322' title='bbox 2598 2250 3003 2320; x_wconf 85' lang='lat' dir='ltr'><strong>propinquitate</strong></span> <span class='ocrx_word' id='word_1_323' title='bbox 3040 2250 3247 2319; x_wconf 85' lang='lat' dir='ltr'><strong>junctis</strong></span> <span class='ocrx_word' id='word_1_324' title='bbox 3294 2251 3612 2307; x_wconf 82' lang='lat' dir='ltr'><strong>mulieribus</strong></span> 
     </span>
    </p>
   </div>
   <div class='ocr_carea' id='block_1_44' title="bbox 355 2339 3603 2411">
    <p class='ocr_par' dir='ltr' id='par_1_44' title="bbox 355 2339 3603 2411">
     <span class='ocr_line' id='line_1_44' title="bbox 355 2339 3603 2411; baseline 0 -14"><span class='ocrx_word' id='word_1_325' title='bbox 355 2344 608 2399; x_wconf 86' lang='lat' dir='ltr'><strong>monachi</strong></span> <span class='ocrx_word' id='word_1_326' title='bbox 636 2354 727 2398; x_wconf 82' lang='lat' dir='ltr'><strong>aut</strong></span> <span class='ocrx_word' id='word_1_327' title='bbox 750 2344 1139 2400; x_wconf 86' lang='lat' dir='ltr'><strong>sacrisiuitiati</strong></span> <span class='ocrx_word' id='word_1_328' title='bbox 1171 2342 1354 2400; x_wconf 87' lang='lat' dir='ltr'><strong>cibum</strong></span> <span class='ocrx_word' id='word_1_329' title='bbox 1380 2340 1621 2411; x_wconf 80' lang='lat' dir='ltr'><strong>capiant,</strong></span> <span class='ocrx_word' id='word_1_330' title='bbox 1679 2339 1945 2395; x_wconf 80' lang='lat' dir='ltr'><strong>modestia</strong></span> <span class='ocrx_word' id='word_1_331' title='bbox 1973 2348 2254 2410; x_wconf 86' lang='lat' dir='ltr'><strong>spectatos</strong></span> <span class='ocrx_word' id='word_1_332' title='bbox 2285 2342 2534 2397; x_wconf 84' lang='lat' dir='ltr'><strong>homines</strong></span> <span class='ocrx_word' id='word_1_333' title='bbox 2558 2342 2805 2397; x_wconf 85' lang='lat' dir='ltr'><strong>adhiberi</strong></span> <span class='ocrx_word' id='word_1_334' title='bbox 2833 2343 2936 2396; x_wconf 91' lang='lat' dir='ltr'><strong>hoc</strong></span> <span class='ocrx_word' id='word_1_335' title='bbox 2967 2358 3178 2397; x_wconf 86' lang='lat' dir='ltr'><strong>canone</strong></span> <span class='ocrx_word' id='word_1_336' title='bbox 3201 2352 3461 2399; x_wconf 87' lang='lat' dir='ltr'><strong>statutum</strong></span> <span class='ocrx_word' id='word_1_337' title='bbox 3496 2356 3603 2402; x_wconf 86' lang='lat' dir='ltr'><strong>est.</strong></span> 
     </span>
    </p>
   </div>
   <div class='ocr_carea' id='block_1_45' title="bbox 352 2433 3605 2510">
    <p class='ocr_par' dir='ltr' id='par_1_45' title="bbox 352 2433 3605 2510">
     <span class='ocr_line' id='line_1_45' title="bbox 352 2433 3605 2510; baseline 0 -21"><span class='ocrx_word' id='word_1_338' title='bbox 352 2434 412 2489; x_wconf 81' lang='grc' dir='ltr'><strong>ιη</strong></span> <span class='ocrx_word' id='word_1_339' title='bbox 458 2437 650 2491; x_wconf 83' lang='lat' dir='ltr'><strong>itinere</strong></span> <span class='ocrx_word' id='word_1_340' title='bbox 690 2444 896 2501; x_wconf 91' lang='lat' dir='ltr'><strong>tamen,</strong></span> <span class='ocrx_word' id='word_1_341' title='bbox 928 2436 1019 2490; x_wconf 91' lang='lat' dir='ltr'><strong>ubi</strong></span> <span class='ocrx_word' id='word_1_342' title='bbox 1068 2435 1206 2491; x_wconf 84' lang='lat' dir='ltr'><strong>alius</strong></span> <span class='ocrx_word' id='word_1_343' title='bbox 1263 2433 1638 2491; x_wconf 88' lang='lat' dir='ltr'><strong>commorandi</strong></span> <span class='ocrx_word' id='word_1_344' title='bbox 1691 2433 1846 2489; x_wconf 88' lang='lat' dir='ltr'><strong>locus</strong></span> <span class='ocrx_word' id='word_1_345' title='bbox 1891 2448 1999 2488; x_wconf 90' lang='lat' dir='ltr'><strong>non</strong></span> <span class='ocrx_word' id='word_1_346' title='bbox 2041 2443 2312 2506; x_wconf 77' lang='lat' dir='ltr'><strong>suppetat,</strong></span> <span class='ocrx_word' id='word_1_347' title='bbox 2346 2445 2563 2492; x_wconf 84' lang='lat' dir='ltr'><strong>sacrato</strong></span> <span class='ocrx_word' id='word_1_348' title='bbox 2597 2436 2801 2491; x_wconf 89' lang='lat' dir='ltr'><strong>homini</strong></span> <span class='ocrx_word' id='word_1_349' title='bbox 2833 2446 2926 2491; x_wconf 88' lang='lat' dir='ltr'><strong>aut</strong></span> <span class='ocrx_word' id='word_1_350' title='bbox 2954 2440 3225 2494; x_wconf 85' lang='lat' dir='ltr'><strong>monacho</strong></span> <span class='ocrx_word' id='word_1_351' title='bbox 3270 2440 3491 2510; x_wconf 87' lang='lat' dir='ltr'><strong>impune</strong></span> <span class='ocrx_word' id='word_1_352' title='bbox 3541 2439 3605 2492; x_wconf 85' lang='lat' dir='ltr'><strong>ad</strong></span> 
     </span>
    </p>
   </div>
   <div class='ocr_carea' id='block_1_46' title="bbox 352 2528 3609 2600">
    <p class='ocr_par' dir='ltr' id='par_1_46' title="bbox 352 2528 3609 2600">
     <span class='ocr_line' id='line_1_46' title="bbox 352 2528 3609 2600; baseline 0.001 -13"><span class='ocrx_word' id='word_1_353' title='bbox 352 2545 654 2600; x_wconf 78' lang='lat' dir='ltr'><strong>cauponam</strong></span> <span class='ocrx_word' id='word_1_354' title='bbox 678 2530 963 2593; x_wconf 85' lang='lat' dir='ltr'><strong>divertere,</strong></span> <span class='ocrx_word' id='word_1_355' title='bbox 991 2540 1081 2586; x_wconf 89' lang='lat' dir='ltr'><strong>aut</strong></span> <span class='ocrx_word' id='word_1_356' title='bbox 1105 2532 1159 2587; x_wconf 89' lang='lat' dir='ltr'><strong>in</strong></span> <span class='ocrx_word' id='word_1_357' title='bbox 1185 2530 1409 2587; x_wconf 80' lang='lat' dir='ltr'><strong>alterius</strong></span> <span class='ocrx_word' id='word_1_358' title='bbox 1430 2528 1737 2599; x_wconf 75' lang='lat' dir='ltr'><strong>cuiuspiam</strong></span> <span class='ocrx_word' id='word_1_359' title='bbox 1762 2528 1926 2584; x_wconf 91' lang='lat' dir='ltr'><strong>domo</strong></span> <span class='ocrx_word' id='word_1_360' title='bbox 1970 2530 2196 2587; x_wconf 77' lang='lat' dir='ltr'><strong>instanti</strong></span> <span class='ocrx_word' id='word_1_361' title='bbox 2234 2531 2551 2589; x_wconf 86' lang='lat' dir='ltr'><strong>necessitati</strong></span> <span class='ocrx_word' id='word_1_362' title='bbox 2582 2532 2900 2588; x_wconf 85' lang='lat' dir='ltr'><strong>satisfacere</strong></span> <span class='ocrx_word' id='word_1_363' title='bbox 2931 2548 3259 2590; x_wconf 89' lang='lat' dir='ltr'><strong>concessum</strong></span> <span class='ocrx_word' id='word_1_364' title='bbox 3327 2537 3400 2591; x_wconf 90' lang='lat' dir='ltr'><strong>sit</strong></span> <span class='ocrx_word' id='word_1_365' title='bbox 3431 2556 3444 2591; x_wconf 92' lang='lat'><strong>:</strong></span> <span class='ocrx_word' id='word_1_366' title='bbox 3516 2536 3609 2592; x_wconf 85' lang='lat' dir='ltr'><strong>sed</strong></span> 
     </span>
    </p>
   </div>
   <div class='ocr_carea' id='block_1_47' title="bbox 356 2622 3362 2698">
    <p class='ocr_par' dir='ltr' id='par_1_47' title="bbox 356 2622 3362 2698">
     <span class='ocr_line' id='line_1_47' title="bbox 356 2622 3362 2698; baseline 0.001 -20"><span class='ocrx_word' id='word_1_367' title='bbox 356 2626 409 2678; x_wconf 79' lang='lat' dir='ltr'><strong>in</strong></span> <span class='ocrx_word' id='word_1_368' title='bbox 449 2626 516 2679; x_wconf 86' lang='lat' dir='ltr'><strong>iis</strong></span> <span class='ocrx_word' id='word_1_369' title='bbox 546 2638 762 2693; x_wconf 92' lang='lat' dir='ltr'><strong>quoque</strong></span> <span class='ocrx_word' id='word_1_370' title='bbox 796 2623 929 2679; x_wconf 86' lang='lat' dir='ltr'><strong>locis</strong></span> <span class='ocrx_word' id='word_1_371' title='bbox 964 2623 1244 2692; x_wconf 78' lang='lat' dir='ltr'><strong>religionis</strong></span> <span class='ocrx_word' id='word_1_372' title='bbox 1274 2622 1634 2677; x_wconf 90' lang='lat' dir='ltr'><strong>nihilominus</strong></span> <span class='ocrx_word' id='word_1_373' title='bbox 1683 2635 1750 2676; x_wconf 90' lang='lat' dir='ltr'><strong>ac</strong></span> <span class='ocrx_word' id='word_1_374' title='bbox 1781 2625 2157 2691; x_wconf 64' lang='lat' dir='ltr'><strong>temperantia:</strong></span> <span class='ocrx_word' id='word_1_375' title='bbox 2192 2625 2460 2679; x_wconf 89' lang='lat' dir='ltr'><strong>rationem</strong></span> <span class='ocrx_word' id='word_1_376' title='bbox 2496 2624 2564 2679; x_wconf 89' lang='lat' dir='ltr'><strong>ab</strong></span> <span class='ocrx_word' id='word_1_377' title='bbox 2594 2624 2705 2679; x_wconf 85' lang='lat' dir='ltr'><strong>illis</strong></span> <span class='ocrx_word' id='word_1_378' title='bbox 2758 2638 2935 2679; x_wconf 89' lang='lat' dir='ltr'><strong>canon</strong></span> <span class='ocrx_word' id='word_1_379' title='bbox 2971 2626 3158 2681; x_wconf 85' lang='lat' dir='ltr'><strong>haberi</strong></span> <span class='ocrx_word' id='word_1_380' title='bbox 3190 2628 3362 2698; x_wconf 80' lang='lat' dir='ltr'><strong>jubet.</strong></span> 
     </span>
    </p>
   </div>
   <div class='ocr_carea' id='block_1_48' title="bbox 354 2711 1930 2785">
    <p class='ocr_par' dir='ltr' id='par_1_48' title="bbox 354 2711 1930 2785">
     <span class='ocr_line' id='line_1_48' title="bbox 354 2711 1930 2785; baseline -0.002 -17"><span class='ocrx_word' id='word_1_381' title='bbox 354 2716 581 2769; x_wconf 78' lang='grc' dir='ltr'><strong>ΑΡΙΣΤ.</strong></span> <span class='ocrx_word' id='word_1_382' title='bbox 633 2732 651 2766; x_wconf 84' lang='grc' dir='ltr'><strong>ι</strong></span> <span class='ocrx_word' id='word_1_383' title='bbox 682 2715 919 2778; x_wconf 81' lang='grc' dir='ltr'>Λαῖκοὺς</span> <span class='ocrx_word' id='word_1_384' title='bbox 953 2716 1051 2785; x_wconf 77' lang='grc' dir='ltr'>μὲν</span> <span class='ocrx_word' id='word_1_385' title='bbox 1084 2715 1284 2785; x_wconf 79' lang='grc' dir='ltr'>ἄνδρας</span> <span class='ocrx_word' id='word_1_386' title='bbox 1343 2711 1646 2767; x_wconf 77' lang='grc' dir='ltr'>συνεσθίειν</span> <span class='ocrx_word' id='word_1_387' title='bbox 1680 2712 1930 2780; x_wconf 80' lang='grc' dir='ltr'>γυναιξὶν</span> 
     </span>
    </p>
   </div>
   <div class='ocr_carea' id='block_1_49' title="bbox 435 2803 1929 2878">
    <p class='ocr_par' dir='ltr' id='par_1_49' title="bbox 435 2803 1929 2878">
     <span class='ocr_line' id='line_1_49' title="bbox 435 2803 1929 2878; baseline -0.001 -20"><span class='ocrx_word' id='word_1_388' title='bbox 435 2826 453 2858; x_wconf 82' lang='grc' dir='ltr'><strong>ι</strong></span> <span class='ocrx_word' id='word_1_389' title='bbox 499 2806 842 2876; x_wconf 65' lang='grc' dir='ltr'>ἀδιάδλητον*</span> <span class='ocrx_word' id='word_1_390' title='bbox 870 2808 1224 2878; x_wconf 71' lang='grc' dir='ltr'>μονοτρόποις</span> <span class='ocrx_word' id='word_1_391' title='bbox 1249 2806 1305 2860; x_wconf 83' lang='grc' dir='ltr'>δὲ</span> <span class='ocrx_word' id='word_1_392' title='bbox 1322 2806 1423 2859; x_wconf 81' lang='grc' dir='ltr'>οὐκ</span> <span class='ocrx_word' id='word_1_393' title='bbox 1443 2804 1623 2869; x_wconf 78' lang='grc' dir='ltr'>ἔξεστι</span> <span class='ocrx_word' id='word_1_394' title='bbox 1644 2805 1764 2857; x_wconf 81' lang='grc' dir='ltr'>κατ’</span> <span class='ocrx_word' id='word_1_395' title='bbox 1791 2803 1929 2857; x_wconf 90' lang='grc' dir='ltr'>ίδίαν</span> 
     </span>
    </p>
   </div>
   <div class='ocr_carea' id='block_1_50' title="bbox 433 2894 1931 2968">
    <p class='ocr_par' dir='ltr' id='par_1_50' title="bbox 433 2894 1931 2968">
     <span class='ocr_line' id='line_1_50' title="bbox 433 2894 1931 2968; baseline -0.003 -18"><span class='ocrx_word' id='word_1_396' title='bbox 433 2918 450 2950; x_wconf 87' lang='grc' dir='ltr'><strong>ι</strong></span> <span class='ocrx_word' id='word_1_397' title='bbox 501 2898 720 2966; x_wconf 73' lang='grc' dir='ltr'>γυναιξὶ</span> <span class='ocrx_word' id='word_1_398' title='bbox 757 2898 1084 2961; x_wconf 75' lang='grc' dir='ltr'>συνεσθίειν,</span> <span class='ocrx_word' id='word_1_399' title='bbox 1116 2900 1165 2950; x_wconf 90' lang='grc' dir='ltr'><strong>εί</strong></span> <span class='ocrx_word' id='word_1_400' title='bbox 1208 2899 1281 2968; x_wconf 87' lang='grc' dir='ltr'>μή</span> <span class='ocrx_word' id='word_1_401' title='bbox 1314 2914 1414 2950; x_wconf 88' lang='grc' dir='ltr'><strong>που</strong></span> <span class='ocrx_word' id='word_1_402' title='bbox 1464 2896 1605 2965; x_wconf 81' lang='grc' dir='ltr'>μετὰ</span> <span class='ocrx_word' id='word_1_403' title='bbox 1654 2894 1931 2963; x_wconf 80' lang='grc' dir='ltr'>θεοφόόων</span> 
     </span>
    </p>
   </div>
   <div class='ocr_carea' id='block_1_51' title="bbox 440 2988 1932 3061">
    <p class='ocr_par' dir='ltr' id='par_1_51' title="bbox 440 2988 1932 3061">
     <span class='ocr_line' id='line_1_51' title="bbox 440 2988 1932 3061; baseline -0.001 -18"><span class='ocrx_word' id='word_1_404' title='bbox 440 3011 457 3043; x_wconf 84' lang='grc' dir='ltr'><strong>ι</strong></span> <span class='ocrx_word' id='word_1_405' title='bbox 508 2993 602 3045; x_wconf 72' lang='grc' dir='ltr'><strong>καὶ</strong></span> <span class='ocrx_word' id='word_1_406' title='bbox 639 2991 885 3045; x_wconf 75' lang='grc' dir='ltr'>εὐλαόὦν</span> <span class='ocrx_word' id='word_1_407' title='bbox 912 2991 1123 3061; x_wconf 83' lang='grc' dir='ltr'>ἀνδρῶν</span> <span class='ocrx_word' id='word_1_408' title='bbox 1147 3008 1207 3043; x_wconf 82' lang='grc' dir='ltr'><strong>τε</strong></span> <span class='ocrx_word' id='word_1_409' title='bbox 1247 2993 1340 3043; x_wconf 68' lang='grc' dir='ltr'>καὶ</span> <span class='ocrx_word' id='word_1_410' title='bbox 1363 2989 1657 3059; x_wconf 85' lang='grc' dir='ltr'>γυναικῶν.</span> <span class='ocrx_word' id='word_1_411' title='bbox 1698 2990 1788 3042; x_wconf 86' lang='grc' dir='ltr'>Ἐν</span> <span class='ocrx_word' id='word_1_412' title='bbox 1829 2988 1932 3059; x_wconf 83' lang='grc' dir='ltr'><strong>ὁδῷ</strong></span> 
     </span>
    </p>
   </div>
   <div class='ocr_carea' id='block_1_52' title="bbox 437 3081 2006 3191">
    <p class='ocr_par' dir='ltr' id='par_1_52' title="bbox 437 3081 2006 3191">
     <span class='ocr_line' id='line_1_52' title="bbox 437 3081 2006 3191; baseline 0 -56"><span class='ocrx_word' id='word_1_413' title='bbox 437 3105 455 3135; x_wconf 81' lang='grc' dir='ltr'><strong>ι</strong></span> <span class='ocrx_word' id='word_1_414' title='bbox 501 3084 557 3137; x_wconf 77' lang='grc' dir='ltr'>δὲ</span> <span class='ocrx_word' id='word_1_415' title='bbox 594 3083 824 3154; x_wconf 78' lang='grc' dir='ltr'>μοναχδς</span> <span class='ocrx_word' id='word_1_416' title='bbox 858 3083 889 3153; x_wconf 84' lang='grc' dir='ltr'>ἢ</span> <span class='ocrx_word' id='word_1_417' title='bbox 931 3084 1201 3154; x_wconf 80' lang='grc' dir='ltr'>ἱερατικὸς</span> <span class='ocrx_word' id='word_1_418' title='bbox 1228 3081 1388 3153; x_wconf 84' lang='grc' dir='ltr'>ἀνὴρ,</span> <span class='ocrx_word' id='word_1_419' title='bbox 1426 3083 1501 3153; x_wconf 83' lang='grc' dir='ltr'>μὴ</span> <span class='ocrx_word' id='word_1_420' title='bbox 1530 3081 1929 3153; x_wconf 78' lang='grc' dir='ltr'>ἐπιφερόμενος</span> <span class='ocrx_word' id='word_1_421' title='bbox 1964 3134 2006 3191; x_wconf 76' lang='lat' dir='ltr'><strong><em>C</em></strong></span> 
     </span>
    </p>
   </div>
   <div class='ocr_carea' id='block_1_53' title="bbox 441 3174 1825 3247">
    <p class='ocr_par' dir='ltr' id='par_1_53' title="bbox 441 3174 1825 3247">
     <span class='ocr_line' id='line_1_53' title="bbox 441 3174 1825 3247; baseline -0.002 -19"><span class='ocrx_word' id='word_1_422' title='bbox 441 3195 457 3228; x_wconf 82' lang='lat' dir='ltr'><strong>i</strong></span> <span class='ocrx_word' id='word_1_423' title='bbox 508 3178 575 3230; x_wconf 75' lang='grc' dir='ltr'>τὰ</span> <span class='ocrx_word' id='word_1_424' title='bbox 607 3177 903 3245; x_wconf 82' lang='grc' dir='ltr'>ἀναγκαῖα,</span> <span class='ocrx_word' id='word_1_425' title='bbox 937 3178 995 3229; x_wconf 86' lang='grc' dir='ltr'>ὲν</span> <span class='ocrx_word' id='word_1_426' title='bbox 1028 3175 1332 3247; x_wconf 72' lang='grc' dir='ltr'>πανδοκείῳ</span> <span class='ocrx_word' id='word_1_427' title='bbox 1366 3174 1753 3230; x_wconf 73' lang='grc' dir='ltr'>καταλύσουσι.</span> <span class='ocrx_word' id='word_1_428' title='bbox 1805 3194 1825 3225; x_wconf 72' lang='grc' dir='ltr'><strong>ι</strong></span> 
     </span>
    </p>
   </div>
   <div class='ocr_carea' id='block_1_54' title="bbox 435 3444 1937 3516">
    <p class='ocr_par' dir='ltr' id='par_1_54' title="bbox 435 3444 1937 3516">
     <span class='ocr_line' id='line_1_54' title="bbox 435 3444 1937 3516; baseline -0.003 -16"><span class='ocrx_word' id='word_1_429' title='bbox 435 3445 508 3500; x_wconf 84' lang='lat' dir='ltr'><em>T6</em></span> <span class='ocrx_word' id='word_1_430' title='bbox 545 3444 644 3516; x_wconf 78' lang='grc' dir='ltr'>μὲν</span> <span class='ocrx_word' id='word_1_431' title='bbox 680 3446 798 3515; x_wconf 88' lang='grc' dir='ltr'>μετ’</span> <span class='ocrx_word' id='word_1_432' title='bbox 832 3446 1184 3516; x_wconf 79' lang='grc' dir='ltr'>εὐχαριστίας</span> <span class='ocrx_word' id='word_1_433' title='bbox 1230 3448 1323 3501; x_wconf 77' lang='grc' dir='ltr'>καὶ</span> <span class='ocrx_word' id='word_1_434' title='bbox 1357 3445 1527 3515; x_wconf 73' lang='grc' dir='ltr'>φόϐου</span> <span class='ocrx_word' id='word_1_435' title='bbox 1561 3444 1720 3511; x_wconf 81' lang='grc' dir='ltr'>Θεοῦ,</span> <span class='ocrx_word' id='word_1_436' title='bbox 1747 3444 1822 3516; x_wconf 87' lang='grc' dir='ltr'>μὴ</span> <span class='ocrx_word' id='word_1_437' title='bbox 1848 3445 1937 3497; x_wconf 83' lang='grc' dir='ltr'>διά</span> 
     </span>
    </p>
   </div>
   <div class='ocr_carea' id='block_1_55' title="bbox 361 3534 1937 3608">
    <p class='ocr_par' dir='ltr' id='par_1_55' title="bbox 361 3534 1937 3608">
     <span class='ocr_line' id='line_1_55' title="bbox 361 3534 1937 3608; baseline -0.003 -19"><span class='ocrx_word' id='word_1_438' title='bbox 361 3555 527 3591; x_wconf 86' lang='grc' dir='ltr'>τινων</span> <span class='ocrx_word' id='word_1_439' title='bbox 560 3537 865 3608; x_wconf 82' lang='grc' dir='ltr'>θυμελικῶν</span> <span class='ocrx_word' id='word_1_440' title='bbox 908 3538 1002 3591; x_wconf 68' lang='grc' dir='ltr'>καὶ</span> <span class='ocrx_word' id='word_1_441' title='bbox 1038 3537 1358 3591; x_wconf 86' lang='grc' dir='ltr'>σατανικῶν</span> <span class='ocrx_word' id='word_1_442' title='bbox 1383 3536 1668 3607; x_wconf 74' lang='grc' dir='ltr'>ᾀσμάτων,</span> <span class='ocrx_word' id='word_1_443' title='bbox 1717 3534 1937 3597; x_wconf 80' lang='grc' dir='ltr'>λαῖκοὺς</span> 
     </span>
    </p>
   </div>
   <div class='ocr_carea' id='block_1_56' title="bbox 363 3626 1937 3701">
    <p class='ocr_par' dir='ltr' id='par_1_56' title="bbox 363 3626 1937 3701">
     <span class='ocr_line' id='line_1_56' title="bbox 363 3626 1937 3701; baseline -0.004 -16"><span class='ocrx_word' id='word_1_444' title='bbox 363 3630 562 3701; x_wconf 75' lang='grc' dir='ltr'>ἄνδρας</span> <span class='ocrx_word' id='word_1_445' title='bbox 586 3629 803 3699; x_wconf 77' lang='grc' dir='ltr'>γυναιξὶ</span> <span class='ocrx_word' id='word_1_446' title='bbox 837 3628 1137 3682; x_wconf 81' lang='grc' dir='ltr'>συνεσθίειν</span> <span class='ocrx_word' id='word_1_447' title='bbox 1158 3628 1267 3683; x_wconf 84' lang='grc' dir='ltr'><strong>τῶν</strong></span> <span class='ocrx_word' id='word_1_448' title='bbox 1291 3627 1636 3697; x_wconf 80' lang='grc' dir='ltr'>ἀδιαὸλήτων</span> <span class='ocrx_word' id='word_1_449' title='bbox 1662 3626 1798 3679; x_wconf 78' lang='grc' dir='ltr'>ὲστί·</span> <span class='ocrx_word' id='word_1_450' title='bbox 1823 3628 1937 3686; x_wconf 83' lang='grc' dir='ltr'>τοῖς</span> 
     </span>
    </p>
   </div>
   <div class='ocr_carea' id='block_1_57' title="bbox 365 3718 1936 3792">
    <p class='ocr_par' dir='ltr' id='par_1_57' title="bbox 365 3718 1936 3792">
     <span class='ocr_line' id='line_1_57' title="bbox 365 3718 1936 3792; baseline -0.003 -18"><span class='ocrx_word' id='word_1_451' title='bbox 365 3724 461 3775; x_wconf 67' lang='grc' dir='ltr'><strong>καὶ</strong></span> <span class='ocrx_word' id='word_1_452' title='bbox 490 3721 603 3792; x_wconf 86' lang='grc' dir='ltr'>βίον</span> <span class='ocrx_word' id='word_1_453' title='bbox 642 3721 866 3792; x_wconf 74' lang='grc' dir='ltr'>ἡσύχιον</span> <span class='ocrx_word' id='word_1_454' title='bbox 916 3720 1120 3790; x_wconf 74' lang='grc' dir='ltr'>ἔχουσι,</span> <span class='ocrx_word' id='word_1_455' title='bbox 1158 3721 1253 3774; x_wconf 77' lang='grc' dir='ltr'>καὶ</span> <span class='ocrx_word' id='word_1_456' title='bbox 1286 3720 1655 3791; x_wconf 78' lang='grc' dir='ltr'>μονοτρόπως,</span> <span class='ocrx_word' id='word_1_457' title='bbox 1699 3718 1775 3781; x_wconf 85' lang='grc' dir='ltr'>ὡς</span> <span class='ocrx_word' id='word_1_458' title='bbox 1811 3734 1936 3770; x_wconf 61' lang='grc' dir='ltr'>συν-</span> 
     </span>
    </p>
   </div>
   <div class='ocr_carea' id='block_1_58' title="bbox 364 3809 1941 3883">
    <p class='ocr_par' dir='ltr' id='par_1_58' title="bbox 364 3809 1941 3883">
     <span class='ocr_line' id='line_1_58' title="bbox 364 3809 1941 3883; baseline -0.003 -18"><span class='ocrx_word' id='word_1_459' title='bbox 364 3812 692 3883; x_wconf 78' lang='grc' dir='ltr'>ταξαμένοις</span> <span class='ocrx_word' id='word_1_460' title='bbox 730 3812 849 3881; x_wconf 85' lang='grc' dir='ltr'><strong>Θεῷ</strong></span> <span class='ocrx_word' id='word_1_461' title='bbox 900 3814 991 3864; x_wconf 72' lang='grc' dir='ltr'>καὶ</span> <span class='ocrx_word' id='word_1_462' title='bbox 1028 3812 1343 3882; x_wconf 80' lang='grc' dir='ltr'>καταμόνας</span> <span class='ocrx_word' id='word_1_463' title='bbox 1378 3810 1625 3870; x_wconf 80' lang='grc' dir='ltr'>καθίσαι,</span> <span class='ocrx_word' id='word_1_464' title='bbox 1660 3809 1756 3863; x_wconf 73' lang='grc' dir='ltr'>καὶ</span> <span class='ocrx_word' id='word_1_465' title='bbox 1813 3825 1941 3861; x_wconf 87' lang='grc' dir='ltr'>σιω-</span> 
     </span>
    </p>
   </div>
   <div class='ocr_carea' id='block_1_59' title="bbox 366 3898 1937 3973">
    <p class='ocr_par' dir='ltr' id='par_1_59' title="bbox 366 3898 1937 3973">
     <span class='ocr_line' id='line_1_59' title="bbox 366 3898 1937 3973; baseline -0.004 -16"><span class='ocrx_word' id='word_1_466' title='bbox 366 3904 561 3973; x_wconf 80' lang='grc' dir='ltr'>πῆσαι,</span> <span class='ocrx_word' id='word_1_467' title='bbox 591 3905 710 3957; x_wconf 86' lang='grc' dir='ltr'>κατ’</span> <span class='ocrx_word' id='word_1_468' title='bbox 733 3904 868 3957; x_wconf 86' lang='grc' dir='ltr'>ίδίαν</span> <span class='ocrx_word' id='word_1_469' title='bbox 891 3904 1025 3966; x_wconf 78' lang='grc' dir='ltr'>ὅλως</span> <span class='ocrx_word' id='word_1_470' title='bbox 1048 3904 1147 3957; x_wconf 81' lang='grc' dir='ltr'>οὐκ</span> <span class='ocrx_word' id='word_1_471' title='bbox 1172 3903 1349 3967; x_wconf 78' lang='grc' dir='ltr'>ἔξεστι</span> <span class='ocrx_word' id='word_1_472' title='bbox 1377 3902 1590 3971; x_wconf 77' lang='grc' dir='ltr'>γυναιξὶ</span> <span class='ocrx_word' id='word_1_473' title='bbox 1617 3898 1937 3963; x_wconf 83' lang='grc' dir='ltr'>συνεσθίειν,</span> 
     </span>
    </p>
   </div>
   <div class='ocr_carea' id='block_1_60' title="bbox 365 3995 1937 4067">
    <p class='ocr_par' dir='ltr' id='par_1_60' title="bbox 365 3995 1937 4067">
     <span class='ocr_line' id='line_1_60' title="bbox 365 3995 1937 4067; baseline -0.002 -18"><span class='ocrx_word' id='word_1_474' title='bbox 365 3998 415 4049; x_wconf 90' lang='grc' dir='ltr'><strong>εί</strong></span> <span class='ocrx_word' id='word_1_475' title='bbox 449 4000 525 4067; x_wconf 82' lang='grc' dir='ltr'>μή</span> <span class='ocrx_word' id='word_1_476' title='bbox 561 4013 662 4050; x_wconf 84' lang='grc' dir='ltr'><strong>που</strong></span> <span class='ocrx_word' id='word_1_477' title='bbox 702 3996 844 4067; x_wconf 85' lang='grc' dir='ltr'>μετὰ</span> <span class='ocrx_word' id='word_1_478' title='bbox 873 4014 1036 4051; x_wconf 83' lang='grc' dir='ltr'>τινων</span> <span class='ocrx_word' id='word_1_479' title='bbox 1063 3995 1341 4064; x_wconf 76' lang='grc' dir='ltr'>θεοςρόϐων</span> <span class='ocrx_word' id='word_1_480' title='bbox 1374 3995 1584 4065; x_wconf 81' lang='grc' dir='ltr'>ἀνδρῶν</span> <span class='ocrx_word' id='word_1_481' title='bbox 1618 4012 1679 4048; x_wconf 90' lang='grc' dir='ltr'><strong>τε</strong></span> <span class='ocrx_word' id='word_1_482' title='bbox 1714 3996 1811 4047; x_wconf 73' lang='grc' dir='ltr'>καὶ</span> <span class='ocrx_word' id='word_1_483' title='bbox 1839 4010 1937 4061; x_wconf 78' lang='grc' dir='ltr'>γυ-</span> 
     </span>
    </p>
   </div>
   <div class='ocr_carea' id='block_1_61' title="bbox 365 4086 1939 4159">
    <p class='ocr_par' dir='ltr' id='par_1_61' title="bbox 365 4086 1939 4159">
     <span class='ocr_line' id='line_1_61' title="bbox 365 4086 1939 4159; baseline -0.001 -18"><span class='ocrx_word' id='word_1_484' title='bbox 365 4090 569 4142; x_wconf 83' lang='grc' dir='ltr'>ναικών</span> <span class='ocrx_word' id='word_1_485' title='bbox 603 4089 1026 4159; x_wconf 74' lang='grc' dir='ltr'>συνεστιαθῆναι</span> <span class='ocrx_word' id='word_1_486' title='bbox 1078 4089 1419 4159; x_wconf 84' lang='grc' dir='ltr'>θελήσουσιν·</span> <span class='ocrx_word' id='word_1_487' title='bbox 1475 4089 1562 4141; x_wconf 76' lang='grc' dir='ltr'>ἵνα</span> <span class='ocrx_word' id='word_1_488' title='bbox 1598 4088 1694 4142; x_wconf 75' lang='grc' dir='ltr'>καὶ</span> <span class='ocrx_word' id='word_1_489' title='bbox 1735 4086 1873 4158; x_wconf 82' lang='grc' dir='ltr'>αὑτὴ</span> <span class='ocrx_word' id='word_1_490' title='bbox 1905 4089 1939 4158; x_wconf 80' lang='grc' dir='ltr'>ἡ</span> 
     </span>
    </p>
   </div>
   <div class='ocr_carea' id='block_1_62' title="bbox 383 4179 1938 4253">
    <p class='ocr_par' dir='ltr' id='par_1_62' title="bbox 383 4179 1938 4253">
     <span class='ocr_line' id='line_1_62' title="bbox 383 4179 1938 4253; baseline -0.001 -20"><span class='ocrx_word' id='word_1_491' title='bbox 383 4181 722 4246; x_wconf 86' lang='grc' dir='ltr'>συνεστίασις</span> <span class='ocrx_word' id='word_1_492' title='bbox 750 4181 885 4252; x_wconf 77' lang='grc' dir='ltr'>πρὸς</span> <span class='ocrx_word' id='word_1_493' title='bbox 917 4182 1259 4252; x_wconf 83' lang='grc' dir='ltr'>κατόρθωσιν</span> <span class='ocrx_word' id='word_1_494' title='bbox 1282 4179 1662 4253; x_wconf 80' lang='grc' dir='ltr'>πνευματικὴν</span> <span class='ocrx_word' id='word_1_495' title='bbox 1688 4179 1938 4248; x_wconf 83' lang='grc' dir='ltr'>γένηται.</span> 
     </span>
    </p>
   </div>
   <div class='ocr_carea' id='block_1_63' title="bbox 395 4270 1940 4343">
    <p class='ocr_par' dir='ltr' id='par_1_63' title="bbox 395 4270 1940 4343">
     <span class='ocr_line' id='line_1_63' title="bbox 395 4270 1940 4343; baseline -0.001 -18"><span class='ocrx_word' id='word_1_496' title='bbox 395 4273 481 4325; x_wconf 86' lang='grc' dir='ltr'>Ἐν</span> <span class='ocrx_word' id='word_1_497' title='bbox 523 4272 627 4343; x_wconf 79' lang='grc' dir='ltr'><strong>ὁδῷ</strong></span> <span class='ocrx_word' id='word_1_498' title='bbox 654 4272 730 4338; x_wconf 80' lang='grc' dir='ltr'>δὲ,</span> <span class='ocrx_word' id='word_1_499' title='bbox 759 4274 807 4325; x_wconf 90' lang='grc' dir='ltr'><strong>εί</strong></span> <span class='ocrx_word' id='word_1_500' title='bbox 839 4271 907 4325; x_wconf 82' lang='grc' dir='ltr'>τὰ</span> <span class='ocrx_word' id='word_1_501' title='bbox 935 4274 1207 4341; x_wconf 83' lang='grc' dir='ltr'>ἀναγκαῖα</span> <span class='ocrx_word' id='word_1_502' title='bbox 1237 4273 1339 4326; x_wconf 82' lang='grc' dir='ltr'>οὐκ</span> <span class='ocrx_word' id='word_1_503' title='bbox 1371 4272 1750 4343; x_wconf 77' lang='grc' dir='ltr'>ἐπιφέρονται,</span> <span class='ocrx_word' id='word_1_504' title='bbox 1785 4270 1940 4326; x_wconf 80' lang='grc' dir='ltr'>ἄδεια</span> 
     </span>
    </p>
   </div>
   <div class='ocr_carea' id='block_1_64' title="bbox 369 4361 1942 4435">
    <p class='ocr_par' dir='ltr' id='par_1_64' title="bbox 369 4361 1942 4435">
     <span class='ocr_line' id='line_1_64' title="bbox 369 4361 1942 4435; baseline -0.001 -18"><span class='ocrx_word' id='word_1_505' title='bbox 369 4361 573 4417; x_wconf 78' lang='grc' dir='ltr'>δίδοται</span> <span class='ocrx_word' id='word_1_506' title='bbox 603 4363 697 4415; x_wconf 71' lang='grc' dir='ltr'>καὶ</span> <span class='ocrx_word' id='word_1_507' title='bbox 729 4362 950 4434; x_wconf 88' lang='grc' dir='ltr'>μοναχῷ</span> <span class='ocrx_word' id='word_1_508' title='bbox 979 4364 1073 4416; x_wconf 77' lang='grc' dir='ltr'>καὶ</span> <span class='ocrx_word' id='word_1_509' title='bbox 1098 4362 1361 4435; x_wconf 78' lang='grc' dir='ltr'>ἱερατικῷ</span> <span class='ocrx_word' id='word_1_510' title='bbox 1386 4363 1543 4434; x_wconf 78' lang='grc' dir='ltr'>ἀνδρὶ</span> <span class='ocrx_word' id='word_1_511' title='bbox 1559 4365 1616 4418; x_wconf 81' lang='grc' dir='ltr'>ὲν</span> <span class='ocrx_word' id='word_1_512' title='bbox 1640 4362 1942 4433; x_wconf 78' lang='grc' dir='ltr'>πανδοκείῳ</span> 
     </span>
    </p>
   </div>
   <div class='ocr_carea' id='block_1_65' title="bbox 370 4456 1941 4532">
    <p class='ocr_par' dir='ltr' id='par_1_65' title="bbox 370 4456 1941 4532">
     <span class='ocr_line' id='line_1_65' title="bbox 370 4456 1941 4532; baseline 0.004 -24"><span class='ocrx_word' id='word_1_513' title='bbox 370 4457 484 4509; x_wconf 76' lang='grc' dir='ltr'>εἴτε</span> <span class='ocrx_word' id='word_1_514' title='bbox 528 4456 625 4509; x_wconf 72' lang='grc' dir='ltr'>καὶ</span> <span class='ocrx_word' id='word_1_515' title='bbox 655 4457 712 4510; x_wconf 84' lang='grc' dir='ltr'>ὲν</span> <span class='ocrx_word' id='word_1_516' title='bbox 745 4457 881 4525; x_wconf 83' lang='grc' dir='ltr'>οίκῳ</span> <span class='ocrx_word' id='word_1_517' title='bbox 917 4457 1208 4512; x_wconf 78' lang='grc' dir='ltr'>καταλύειν</span> <span class='ocrx_word' id='word_1_518' title='bbox 1243 4459 1332 4514; x_wconf 87' lang='grc' dir='ltr'>διὰ</span> <span class='ocrx_word' id='word_1_519' title='bbox 1366 4458 1463 4532; x_wconf 79' lang='grc' dir='ltr'>τὴν</span> <span class='ocrx_word' id='word_1_520' title='bbox 1504 4459 1941 4530; x_wconf 83' lang='grc' dir='ltr'>κατεπείγουσαν</span> 
     </span>
    </p>
   </div>
   <div class='ocr_carea' id='block_1_66' title="bbox 368 4546 581 4617">
    <p class='ocr_par' dir='ltr' id='par_1_66' title="bbox 368 4546 581 4617">
     <span class='ocr_line' id='line_1_66' title="bbox 368 4546 581 4617; baseline 0.014 -20"><span class='ocrx_word' id='word_1_521' title='bbox 368 4546 581 4617; x_wconf 84' lang='grc' dir='ltr'>χρείαν.</span> 
     </span>
    </p>
   </div>
   <div class='ocr_carea' id='block_1_67' title="bbox 441 4718 921 4795">
    <p class='ocr_par' dir='ltr' id='par_1_67' title="bbox 441 4718 921 4795">
     <span class='ocr_line' id='line_1_67' title="bbox 441 4718 921 4795; baseline 0.004 -16"><span class='ocrx_word' id='word_1_522' title='bbox 441 4718 493 4756; x_wconf 75' lang='grc'>’⁸</span> <span class='ocrx_word' id='word_1_523' title='bbox 518 4723 707 4782; x_wconf 76' lang='lat' dir='ltr'><strong>Matth.</strong></span> <span class='ocrx_word' id='word_1_524' title='bbox 745 4743 799 4795; x_wconf 75' lang='grc' dir='ltr'><strong>ν,</strong></span> <span class='ocrx_word' id='word_1_525' title='bbox 834 4727 921 4782; x_wconf 76' lang='grc'><strong>16.</strong></span> 
     </span>
    </p>
   </div>
   <div class='ocr_carea' id='block_1_68' title="bbox 626 5806 1439 5877">
    <p class='ocr_par' dir='ltr' id='par_1_68' title="bbox 626 5806 1439 5877">
     <span class='ocr_line' id='line_1_68' title="bbox 626 5806 1439 5877; baseline 0 -3"><span class='ocrx_word' id='word_1_526' title='bbox 626 5810 901 5875; x_wconf 69' lang='grc' dir='ltr'>ΡΑῒιιοι..</span> <span class='ocrx_word' id='word_1_527' title='bbox 932 5815 1047 5874; x_wconf 83' lang='lat' dir='ltr'><strong>Gn.</strong></span> <span class='ocrx_word' id='word_1_528' title='bbox 1092 5806 1439 5877; x_wconf 72' lang='lat' dir='ltr'><strong>CXXXVII.</strong></span> 
     </span>
    </p>
   </div>
   <div class='ocr_carea' id='block_1_69' title="bbox 2039 2714 3614 2785">
    <p class='ocr_par' dir='ltr' id='par_1_69' title="bbox 2039 2714 3614 2785">
     <span class='ocr_line' id='line_1_69' title="bbox 2039 2714 3614 2785; baseline 0.004 -17"><span class='ocrx_word' id='word_1_529' title='bbox 2039 2714 2270 2771; x_wconf 78' lang='lat' dir='ltr'><strong>ARIST.</strong></span> <span class='ocrx_word' id='word_1_530' title='bbox 2313 2734 2331 2767; x_wconf 89' lang='grc' dir='ltr'><strong>ι</strong></span> <span class='ocrx_word' id='word_1_531' title='bbox 2386 2714 2586 2770; x_wconf 87' lang='lat' dir='ltr'><strong>Laicos</strong></span> <span class='ocrx_word' id='word_1_532' title='bbox 2635 2715 2853 2785; x_wconf 88' lang='lat' dir='ltr'><strong>quidem</strong></span> <span class='ocrx_word' id='word_1_533' title='bbox 2907 2717 3056 2773; x_wconf 84' lang='lat' dir='ltr'><strong>viros</strong></span> <span class='ocrx_word' id='word_1_534' title='bbox 3107 2733 3229 2770; x_wconf 91' lang='lat' dir='ltr'><strong>cum</strong></span> <span class='ocrx_word' id='word_1_535' title='bbox 3295 2719 3614 2774; x_wconf 85' lang='lat' dir='ltr'><strong>mulieribus</strong></span> 
     </span>
    </p>
   </div>
   <div class='ocr_carea' id='block_1_70' title="bbox 2114 2807 3607 2877">
    <p class='ocr_par' dir='ltr' id='par_1_70' title="bbox 2114 2807 3607 2877">
     <span class='ocr_line' id='line_1_70' title="bbox 2114 2807 3607 2877; baseline 0.005 -20"><span class='ocrx_word' id='word_1_536' title='bbox 2114 2826 2131 2857; x_wconf 82' lang='grc' dir='ltr'><strong>ι</strong></span> <span class='ocrx_word' id='word_1_537' title='bbox 2174 2807 2426 2863; x_wconf 81' lang='lat' dir='ltr'><strong>convesci</strong></span> <span class='ocrx_word' id='word_1_538' title='bbox 2460 2817 2542 2862; x_wconf 89' lang='lat' dir='ltr'><strong>est</strong></span> <span class='ocrx_word' id='word_1_539' title='bbox 2583 2807 2649 2861; x_wconf 90' lang='lat' dir='ltr'><strong>ab</strong></span> <span class='ocrx_word' id='word_1_540' title='bbox 2682 2808 2831 2862; x_wconf 90' lang='lat' dir='ltr'><strong>omni</strong></span> <span class='ocrx_word' id='word_1_541' title='bbox 2861 2807 3283 2877; x_wconf 69' lang='lat' dir='ltr'><strong>reprehensione</strong></span> <span class='ocrx_word' id='word_1_542' title='bbox 3318 2809 3556 2864; x_wconf 87' lang='lat' dir='ltr'><strong>alienum</strong></span> <span class='ocrx_word' id='word_1_543' title='bbox 3592 2829 3607 2864; x_wconf 88' lang='lat'><strong>:</strong></span> 
     </span>
    </p>
   </div>
   <div class='ocr_carea' id='block_1_71' title="bbox 2112 2900 3612 2971">
    <p class='ocr_par' dir='ltr' id='par_1_71' title="bbox 2112 2900 3612 2971">
     <span class='ocr_line' id='line_1_71' title="bbox 2112 2900 3612 2971; baseline 0.005 -20"><span class='ocrx_word' id='word_1_544' title='bbox 2112 2919 2129 2951; x_wconf 85' lang='grc' dir='ltr'><strong>ι</strong></span> <span class='ocrx_word' id='word_1_545' title='bbox 2170 2900 2435 2956; x_wconf 87' lang='lat' dir='ltr'><strong>solitariis</strong></span> <span class='ocrx_word' id='word_1_546' title='bbox 2460 2909 2641 2955; x_wconf 81' lang='lat' dir='ltr'><strong>autem</strong></span> <span class='ocrx_word' id='word_1_547' title='bbox 2683 2900 2814 2956; x_wconf 89' lang='lat' dir='ltr'><strong>viris</strong></span> <span class='ocrx_word' id='word_1_548' title='bbox 2850 2915 2972 2955; x_wconf 92' lang='lat' dir='ltr'><strong>cum</strong></span> <span class='ocrx_word' id='word_1_549' title='bbox 3009 2901 3328 2957; x_wconf 82' lang='lat' dir='ltr'><strong>mulieribus</strong></span> <span class='ocrx_word' id='word_1_550' title='bbox 3360 2903 3612 2971; x_wconf 78' lang='lat' dir='ltr'><strong>privatim</strong></span> 
     </span>
    </p>
   </div>
   <div class='ocr_carea' id='block_1_72' title="bbox 2113 2992 3613 3058">
    <p class='ocr_par' dir='ltr' id='par_1_72' title="bbox 2113 2992 3613 3058">
     <span class='ocr_line' id='line_1_72' title="bbox 2113 2992 3613 3058; baseline 0.004 -14"><span class='ocrx_word' id='word_1_551' title='bbox 2113 3010 2134 3042; x_wconf 78' lang='grc' dir='ltr'><strong>ι</strong></span> <span class='ocrx_word' id='word_1_552' title='bbox 2177 2992 2457 3046; x_wconf 86' lang='lat' dir='ltr'><strong>convivari</strong></span> <span class='ocrx_word' id='word_1_553' title='bbox 2488 3007 2595 3047; x_wconf 91' lang='lat' dir='ltr'><strong>non</strong></span> <span class='ocrx_word' id='word_1_554' title='bbox 2636 2993 2762 3046; x_wconf 82' lang='lat' dir='ltr'><strong>licet</strong></span> <span class='ocrx_word' id='word_1_555' title='bbox 2792 3008 2806 3058; x_wconf 88' lang='lat'><strong>;</strong></span> <span class='ocrx_word' id='word_1_556' title='bbox 2840 2995 2942 3047; x_wconf 86' lang='lat' dir='ltr'><strong>nisi</strong></span> <span class='ocrx_word' id='word_1_557' title='bbox 2974 2993 3200 3048; x_wconf 82' lang='lat' dir='ltr'><strong>forsitan</strong></span> <span class='ocrx_word' id='word_1_558' title='bbox 3233 3010 3339 3048; x_wconf 89' lang='lat' dir='ltr'><strong>una</strong></span> <span class='ocrx_word' id='word_1_559' title='bbox 3364 3011 3485 3049; x_wconf 91' lang='lat' dir='ltr'><strong>cum</strong></span> <span class='ocrx_word' id='word_1_560' title='bbox 3521 2997 3613 3051; x_wconf 87' lang='lat' dir='ltr'><strong>Dei</strong></span> 
     </span>
    </p>
   </div>
   <div class='ocr_carea' id='block_1_73' title="bbox 2116 3085 3613 3156">
    <p class='ocr_par' dir='ltr' id='par_1_73' title="bbox 2116 3085 3613 3156">
     <span class='ocr_line' id='line_1_73' title="bbox 2116 3085 3613 3156; baseline 0.005 -21"><span class='ocrx_word' id='word_1_561' title='bbox 2116 3102 2136 3135; x_wconf 80' lang='grc' dir='ltr'><strong>ι</strong></span> <span class='ocrx_word' id='word_1_562' title='bbox 2174 3085 2491 3141; x_wconf 86' lang='lat' dir='ltr'><strong>timentibus</strong></span> <span class='ocrx_word' id='word_1_563' title='bbox 2521 3092 2575 3140; x_wconf 88' lang='lat' dir='ltr'><strong>et</strong></span> <span class='ocrx_word' id='word_1_564' title='bbox 2609 3085 2879 3156; x_wconf 82' lang='lat' dir='ltr'><strong>religiosis</strong></span> <span class='ocrx_word' id='word_1_565' title='bbox 2907 3086 3041 3141; x_wconf 88' lang='lat' dir='ltr'><strong>viris</strong></span> <span class='ocrx_word' id='word_1_566' title='bbox 3070 3093 3123 3142; x_wconf 78' lang='lat' dir='ltr'><strong>et</strong></span> <span class='ocrx_word' id='word_1_567' title='bbox 3178 3088 3521 3144; x_wconf 92' lang='lat' dir='ltr'><strong>mulieribus.</strong></span> <span class='ocrx_word' id='word_1_568' title='bbox 3559 3089 3613 3144; x_wconf 91' lang='lat' dir='ltr'><strong>In</strong></span> 
     </span>
    </p>
   </div>
   <div class='ocr_carea' id='block_1_74' title="bbox 2117 3176 3688 3236">
    <p class='ocr_par' dir='ltr' id='par_1_74' title="bbox 2117 3176 3688 3236">
     <span class='ocr_line' id='line_1_74' title="bbox 2117 3176 3688 3236; baseline 0.006 -9"><span class='ocrx_word' id='word_1_569' title='bbox 2117 3193 2136 3227; x_wconf 86' lang='grc' dir='ltr'><strong>ι</strong></span> <span class='ocrx_word' id='word_1_570' title='bbox 2176 3179 2371 3233; x_wconf 89' lang='lat' dir='ltr'><strong>itinere</strong></span> <span class='ocrx_word' id='word_1_571' title='bbox 2404 3187 2585 3233; x_wconf 85' lang='lat' dir='ltr'><strong>autem</strong></span> <span class='ocrx_word' id='word_1_572' title='bbox 2628 3179 2931 3234; x_wconf 79' lang='lat' dir='ltr'><strong>monachus</strong></span> <span class='ocrx_word' id='word_1_573' title='bbox 2964 3180 3042 3233; x_wconf 89' lang='lat' dir='ltr'><strong>vel</strong></span> <span class='ocrx_word' id='word_1_574' title='bbox 3077 3187 3130 3233; x_wconf 79' lang='lat' dir='ltr'><strong>et</strong></span> <span class='ocrx_word' id='word_1_575' title='bbox 3163 3181 3335 3236; x_wconf 90' lang='lat' dir='ltr'><strong>sacris</strong></span> <span class='ocrx_word' id='word_1_576' title='bbox 3372 3182 3617 3236; x_wconf 79' lang='lat' dir='ltr'><strong>initiatus</strong></span> <span class='ocrx_word' id='word_1_577' title='bbox 3680 3176 3688 3184; x_wconf 85' lang='grc'><em>’</em></span> 
     </span>
    </p>
   </div>
   <div class='ocr_carea' id='block_1_75' title="bbox 2115 3266 3617 3339">
    <p class='ocr_par' dir='ltr' id='par_1_75' title="bbox 2115 3266 3617 3339">
     <span class='ocr_line' id='line_1_75' title="bbox 2115 3266 3617 3339; baseline 0.003 -19"><span class='ocrx_word' id='word_1_578' title='bbox 2115 3284 2135 3320; x_wconf 80' lang='grc' dir='ltr'><strong>ι</strong></span> <span class='ocrx_word' id='word_1_579' title='bbox 2180 3266 2286 3333; x_wconf 88' lang='lat' dir='ltr'><strong>vir,</strong></span> <span class='ocrx_word' id='word_1_580' title='bbox 2324 3282 2510 3322; x_wconf 87' lang='lat' dir='ltr'><strong>secum</strong></span> <span class='ocrx_word' id='word_1_581' title='bbox 2540 3266 2850 3322; x_wconf 85' lang='lat' dir='ltr'><strong>necessaria</strong></span> <span class='ocrx_word' id='word_1_582' title='bbox 2889 3282 2996 3321; x_wconf 90' lang='lat' dir='ltr'><strong>non</strong></span> <span class='ocrx_word' id='word_1_583' title='bbox 3038 3267 3291 3336; x_wconf 80' lang='lat' dir='ltr'><strong>alfereus,</strong></span> <span class='ocrx_word' id='word_1_584' title='bbox 3318 3270 3374 3323; x_wconf 89' lang='lat' dir='ltr'><strong>in</strong></span> <span class='ocrx_word' id='word_1_585' title='bbox 3440 3271 3617 3339; x_wconf 89' lang='lat' dir='ltr'><strong>publi-</strong></span> 
     </span>
    </p>
   </div>
   <div class='ocr_carea' id='block_1_76' title="bbox 2115 3358 3037 3415">
    <p class='ocr_par' dir='ltr' id='par_1_76' title="bbox 2115 3358 3037 3415">
     <span class='ocr_line' id='line_1_76' title="bbox 2115 3358 3037 3415; baseline 0.002 -6"><span class='ocrx_word' id='word_1_586' title='bbox 2115 3378 2133 3409; x_wconf 78' lang='grc' dir='ltr'><strong>ι</strong></span> <span class='ocrx_word' id='word_1_587' title='bbox 2175 3375 2300 3413; x_wconf 89' lang='lat' dir='ltr'><strong>cum</strong></span> <span class='ocrx_word' id='word_1_588' title='bbox 2334 3358 2700 3415; x_wconf 87' lang='lat' dir='ltr'><strong>diversorium</strong></span> <span class='ocrx_word' id='word_1_589' title='bbox 2726 3359 2981 3415; x_wconf 85' lang='lat' dir='ltr'><strong>divertat.</strong></span> <span class='ocrx_word' id='word_1_590' title='bbox 3019 3376 3037 3411; x_wconf 78' lang='grc' dir='ltr'><strong>ι</strong></span> 
     </span>
    </p>
   </div>
   <div class='ocr_carea' id='block_1_77' title="bbox 2108 3449 3611 3522">
    <p class='ocr_par' dir='ltr' id='par_1_77' title="bbox 2108 3449 3611 3522">
     <span class='ocr_line' id='line_1_77' title="bbox 2108 3449 3611 3522; baseline 0.003 -17"><span class='ocrx_word' id='word_1_591' title='bbox 2108 3449 2245 3506; x_wconf 87' lang='lat' dir='ltr'><strong>Cum</strong></span> <span class='ocrx_word' id='word_1_592' title='bbox 2277 3452 2576 3522; x_wconf 76' lang='lat' dir='ltr'><strong>gratiarum</strong></span> <span class='ocrx_word' id='word_1_593' title='bbox 2607 3452 2825 3520; x_wconf 85' lang='lat' dir='ltr'><strong>quidem</strong></span> <span class='ocrx_word' id='word_1_594' title='bbox 2860 3452 3077 3507; x_wconf 87' lang='lat' dir='ltr'><strong>actione</strong></span> <span class='ocrx_word' id='word_1_595' title='bbox 3122 3461 3176 3506; x_wconf 88' lang='lat' dir='ltr'><strong>et</strong></span> <span class='ocrx_word' id='word_1_596' title='bbox 3222 3450 3315 3508; x_wconf 84' lang='lat' dir='ltr'><strong>Dei</strong></span> <span class='ocrx_word' id='word_1_597' title='bbox 3374 3455 3567 3509; x_wconf 75' lang='lat' dir='ltr'><strong>timore</strong></span> <span class='ocrx_word' id='word_1_598' title='bbox 3596 3497 3611 3521; x_wconf 93' lang='lat'><strong>,</strong></span> 
     </span>
    </p>
   </div>
   <div class='ocr_carea' id='block_1_78' title="bbox 2040 3546 3617 3617">
    <p class='ocr_par' dir='ltr' id='par_1_78' title="bbox 2040 3546 3617 3617">
     <span class='ocr_line' id='line_1_78' title="bbox 2040 3546 3617 3617; baseline 0.002 -17"><span class='ocrx_word' id='word_1_599' title='bbox 2040 3560 2148 3601; x_wconf 77' lang='lat' dir='ltr'><strong>non</strong></span> <span class='ocrx_word' id='word_1_600' title='bbox 2184 3547 2418 3602; x_wconf 87' lang='lat' dir='ltr'><strong>scenicis</strong></span> <span class='ocrx_word' id='word_1_601' title='bbox 2464 3546 2740 3617; x_wconf 87' lang='lat' dir='ltr'><strong>aliquibus</strong></span> <span class='ocrx_word' id='word_1_602' title='bbox 2768 3554 2822 3601; x_wconf 90' lang='lat' dir='ltr'><strong>et</strong></span> <span class='ocrx_word' id='word_1_603' title='bbox 2856 3547 3115 3603; x_wconf 86' lang='lat' dir='ltr'><strong>satanicis</strong></span> <span class='ocrx_word' id='word_1_604' title='bbox 3194 3549 3424 3605; x_wconf 86' lang='lat' dir='ltr'><strong>canticis</strong></span> <span class='ocrx_word' id='word_1_605' title='bbox 3454 3591 3470 3616; x_wconf 92' lang='lat'><strong>,</strong></span> <span class='ocrx_word' id='word_1_606' title='bbox 3520 3549 3617 3607; x_wconf 47' lang='lat' dir='ltr'><strong>lai‘</strong></span> 
     </span>
    </p>
   </div>
   <div class='ocr_carea' id='block_1_79' title="bbox 2038 3638 3613 3711">
    <p class='ocr_par' dir='ltr' id='par_1_79' title="bbox 2038 3638 3613 3711">
     <span class='ocr_line' id='line_1_79' title="bbox 2038 3638 3613 3711; baseline 0.003 -20"><span class='ocrx_word' id='word_1_607' title='bbox 2038 3654 2135 3693; x_wconf 87' lang='lat' dir='ltr'><strong>eos</strong></span> <span class='ocrx_word' id='word_1_608' title='bbox 2166 3638 2312 3693; x_wconf 88' lang='lat' dir='ltr'><strong>viros</strong></span> <span class='ocrx_word' id='word_1_609' title='bbox 2366 3653 2491 3692; x_wconf 89' lang='lat' dir='ltr'><strong>cum</strong></span> <span class='ocrx_word' id='word_1_610' title='bbox 2552 3639 2877 3694; x_wconf 80' lang='lat' dir='ltr'><strong>mulieribus</strong></span> <span class='ocrx_word' id='word_1_611' title='bbox 2935 3639 3230 3703; x_wconf 86' lang='lat' dir='ltr'><strong>convesci,</strong></span> <span class='ocrx_word' id='word_1_612' title='bbox 3292 3641 3613 3711; x_wconf 88' lang='lat' dir='ltr'><strong>reprehendi</strong></span> 
     </span>
    </p>
   </div>
   <div class='ocr_carea' id='block_1_80' title="bbox 2042 3728 3614 3799">
    <p class='ocr_par' dir='ltr' id='par_1_80' title="bbox 2042 3728 3614 3799">
     <span class='ocr_line' id='line_1_80' title="bbox 2042 3728 3614 3799; baseline 0.003 -18"><span class='ocrx_word' id='word_1_613' title='bbox 2042 3728 2249 3797; x_wconf 75' lang='lat' dir='ltr'><strong>nequit.</strong></span> <span class='ocrx_word' id='word_1_614' title='bbox 2288 3730 2376 3782; x_wconf 86' lang='lat' dir='ltr'><strong>Eis</strong></span> <span class='ocrx_word' id='word_1_615' title='bbox 2409 3739 2612 3794; x_wconf 88' lang='lat' dir='ltr'><strong>autem,</strong></span> <span class='ocrx_word' id='word_1_616' title='bbox 2638 3731 2731 3799; x_wconf 90' lang='lat' dir='ltr'><strong>qui</strong></span> <span class='ocrx_word' id='word_1_617' title='bbox 2771 3732 2933 3784; x_wconf 89' lang='lat' dir='ltr'><strong>vitam</strong></span> <span class='ocrx_word' id='word_1_618' title='bbox 2959 3732 3199 3799; x_wconf 87' lang='lat' dir='ltr'><strong>quietam</strong></span> <span class='ocrx_word' id='word_1_619' title='bbox 3231 3741 3284 3786; x_wconf 89' lang='lat' dir='ltr'><strong>et</strong></span> <span class='ocrx_word' id='word_1_620' title='bbox 3312 3734 3614 3787; x_wconf 86' lang='lat' dir='ltr'><strong>solitariam</strong></span> 
     </span>
    </p>
   </div>
   <div class='ocr_carea' id='block_1_81' title="bbox 2041 3820 3617 3891">
    <p class='ocr_par' dir='ltr' id='par_1_81' title="bbox 2041 3820 3617 3891">
     <span class='ocr_line' id='line_1_81' title="bbox 2041 3820 3617 3891; baseline 0.003 -18"><span class='ocrx_word' id='word_1_621' title='bbox 2041 3820 2348 3888; x_wconf 81' lang='lat' dir='ltr'><strong>elegerunt,</strong></span> <span class='ocrx_word' id='word_1_622' title='bbox 2380 3828 2436 3874; x_wconf 90' lang='lat' dir='ltr'><strong>ut</strong></span> <span class='ocrx_word' id='word_1_623' title='bbox 2469 3821 2562 3890; x_wconf 92' lang='lat' dir='ltr'><strong>qui</strong></span> <span class='ocrx_word' id='word_1_624' title='bbox 2589 3822 2695 3874; x_wconf 81' lang='lat' dir='ltr'><strong>Deo</strong></span> <span class='ocrx_word' id='word_1_625' title='bbox 2722 3822 3131 3891; x_wconf 84' lang='lat' dir='ltr'><strong>spoponderunt.</strong></span> <span class='ocrx_word' id='word_1_626' title='bbox 3163 3823 3406 3879; x_wconf 86' lang='lat' dir='ltr'><strong>solitarie</strong></span> <span class='ocrx_word' id='word_1_627' title='bbox 3429 3828 3617 3880; x_wconf 86' lang='lat' dir='ltr'><strong>sedere</strong></span> 
     </span>
    </p>
   </div>
   <div class='ocr_carea' id='block_1_82' title="bbox 2043 3905 3615 3982">
    <p class='ocr_par' dir='ltr' id='par_1_82' title="bbox 2043 3905 3615 3982">
     <span class='ocr_line' id='line_1_82' title="bbox 2043 3905 3615 3982; baseline 0.006 -23"><span class='ocrx_word' id='word_1_628' title='bbox 2043 3914 2096 3959; x_wconf 85' lang='lat' dir='ltr'><strong>et</strong></span> <span class='ocrx_word' id='word_1_629' title='bbox 2125 3905 2305 3969; x_wconf 80' lang='lat' dir='ltr'><strong>silere.</strong></span> <span class='ocrx_word' id='word_1_630' title='bbox 2341 3922 2449 3960; x_wconf 84' lang='lat' dir='ltr'><strong>non</strong></span> <span class='ocrx_word' id='word_1_631' title='bbox 2483 3909 2708 3962; x_wconf 78' lang='lat' dir='ltr'><strong>Omnino</strong></span> <span class='ocrx_word' id='word_1_632' title='bbox 2747 3910 2874 3963; x_wconf 88' lang='lat' dir='ltr'><strong>licet</strong></span> <span class='ocrx_word' id='word_1_633' title='bbox 2901 3926 3024 3963; x_wconf 91' lang='lat' dir='ltr'><strong>cum</strong></span> <span class='ocrx_word' id='word_1_634' title='bbox 3057 3911 3380 3967; x_wconf 89' lang='lat' dir='ltr'><strong>mulieribus</strong></span> <span class='ocrx_word' id='word_1_635' title='bbox 3433 3917 3615 3982; x_wconf 84' lang='lat' dir='ltr'><strong>priva-</strong></span> 
     </span>
    </p>
   </div>
   <div class='ocr_carea' id='block_1_83' title="bbox 2041 3997 3612 4071">
    <p class='ocr_par' dir='ltr' id='par_1_83' title="bbox 2041 3997 3612 4071">
     <span class='ocr_line' id='line_1_83' title="bbox 2041 3997 3612 4071; baseline 0.006 -23"><span class='ocrx_word' id='word_1_636' title='bbox 2041 3997 2137 4051; x_wconf 90' lang='lat' dir='ltr'><strong>tim</strong></span> <span class='ocrx_word' id='word_1_637' title='bbox 2170 3997 2456 4052; x_wconf 78' lang='lat' dir='ltr'><strong>romedere</strong></span> <span class='ocrx_word' id='word_1_638' title='bbox 2489 4016 2502 4052; x_wconf 92' lang='lat'><strong>:</strong></span> <span class='ocrx_word' id='word_1_639' title='bbox 2539 3997 2645 4052; x_wconf 91' lang='lat' dir='ltr'><strong>nisi</strong></span> <span class='ocrx_word' id='word_1_640' title='bbox 2682 3998 2820 4054; x_wconf 78' lang='lat' dir='ltr'><strong>forte</strong></span> <span class='ocrx_word' id='word_1_641' title='bbox 2881 4015 3005 4053; x_wconf 90' lang='lat' dir='ltr'><strong>cum</strong></span> <span class='ocrx_word' id='word_1_642' title='bbox 3053 3999 3326 4068; x_wconf 80' lang='lat' dir='ltr'><strong>religiosis</strong></span> <span class='ocrx_word' id='word_1_643' title='bbox 3382 4004 3612 4071; x_wconf 89' lang='lat' dir='ltr'><strong>quibus-</strong></span> 
     </span>
    </p>
   </div>
   <div class='ocr_carea' id='block_1_84' title="bbox 2043 4089 3619 4159">
    <p class='ocr_par' dir='ltr' id='par_1_84' title="bbox 2043 4089 3619 4159">
     <span class='ocr_line' id='line_1_84' title="bbox 2043 4089 3619 4159; baseline 0.003 -17"><span class='ocrx_word' id='word_1_644' title='bbox 2043 4089 2168 4142; x_wconf 89' lang='lat' dir='ltr'><strong>dam</strong></span> <span class='ocrx_word' id='word_1_645' title='bbox 2212 4090 2349 4144; x_wconf 81' lang='lat' dir='ltr'><strong>viris</strong></span> <span class='ocrx_word' id='word_1_646' title='bbox 2376 4099 2466 4143; x_wconf 88' lang='lat' dir='ltr'><strong>aut</strong></span> <span class='ocrx_word' id='word_1_647' title='bbox 2503 4090 2829 4145; x_wconf 87' lang='lat' dir='ltr'><strong>mulieribus</strong></span> <span class='ocrx_word' id='word_1_648' title='bbox 2857 4090 3134 4144; x_wconf 85' lang='lat' dir='ltr'><strong>convivari</strong></span> <span class='ocrx_word' id='word_1_649' title='bbox 3182 4091 3392 4159; x_wconf 84' lang='lat' dir='ltr'><strong>velint;</strong></span> <span class='ocrx_word' id='word_1_650' title='bbox 3456 4102 3513 4148; x_wconf 86' lang='lat' dir='ltr'><strong>ut</strong></span> <span class='ocrx_word' id='word_1_651' title='bbox 3563 4104 3619 4149; x_wconf 91' lang='lat' dir='ltr'><strong>et</strong></span> 
     </span>
    </p>
   </div>
   <div class='ocr_carea' id='block_1_85' title="bbox 2045 4181 3619 4251">
    <p class='ocr_par' dir='ltr' id='par_1_85' title="bbox 2045 4181 3619 4251">
     <span class='ocr_line' id='line_1_85' title="bbox 2045 4181 3619 4251; baseline 0.003 -16"><span class='ocrx_word' id='word_1_652' title='bbox 2045 4181 2222 4251; x_wconf 83' lang='lat' dir='ltr'><strong>ipSum</strong></span> <span class='ocrx_word' id='word_1_653' title='bbox 2260 4182 2423 4236; x_wconf 86' lang='lat' dir='ltr'><strong>etiam</strong></span> <span class='ocrx_word' id='word_1_654' title='bbox 2462 4182 2773 4236; x_wconf 86' lang='lat' dir='ltr'><strong>convivium</strong></span> <span class='ocrx_word' id='word_1_655' title='bbox 2810 4182 2881 4235; x_wconf 88' lang='lat' dir='ltr'><strong>ad</strong></span> <span class='ocrx_word' id='word_1_656' title='bbox 2936 4181 3276 4251; x_wconf 85' lang='lat' dir='ltr'><strong>spiritualem</strong></span> <span class='ocrx_word' id='word_1_657' title='bbox 3317 4187 3619 4239; x_wconf 83' lang='lat' dir='ltr'><strong>correctio-</strong></span> 
     </span>
    </p>
   </div>
   <div class='ocr_carea' id='block_1_86' title="bbox 2042 4273 3617 4336">
    <p class='ocr_par' dir='ltr' id='par_1_86' title="bbox 2042 4273 3617 4336">
     <span class='ocr_line' id='line_1_86' title="bbox 2042 4273 3617 4336; baseline 0.003 -10"><span class='ocrx_word' id='word_1_658' title='bbox 2042 4288 2167 4327; x_wconf 89' lang='lat' dir='ltr'><strong>nem</strong></span> <span class='ocrx_word' id='word_1_659' title='bbox 2201 4273 2408 4330; x_wconf 83' lang='lat' dir='ltr'><strong>tendat.</strong></span> <span class='ocrx_word' id='word_1_660' title='bbox 2438 4274 2496 4329; x_wconf 91' lang='lat' dir='ltr'><strong>ln</strong></span> <span class='ocrx_word' id='word_1_661' title='bbox 2532 4273 2728 4329; x_wconf 89' lang='lat' dir='ltr'><strong>itinere</strong></span> <span class='ocrx_word' id='word_1_662' title='bbox 2765 4283 2945 4328; x_wconf 89' lang='lat' dir='ltr'><strong>autem</strong></span> <span class='ocrx_word' id='word_1_663' title='bbox 2978 4313 2993 4336; x_wconf 96' lang='lat'><strong>,</strong></span> <span class='ocrx_word' id='word_1_664' title='bbox 3048 4273 3093 4328; x_wconf 89' lang='lat' dir='ltr'><strong>si</strong></span> <span class='ocrx_word' id='word_1_665' title='bbox 3146 4278 3454 4330; x_wconf 87' lang='lat' dir='ltr'><strong>necessaria</strong></span> <span class='ocrx_word' id='word_1_666' title='bbox 3509 4292 3617 4331; x_wconf 90' lang='lat' dir='ltr'><strong>non</strong></span> 
     </span>
    </p>
   </div>
   <div class='ocr_carea' id='block_1_87' title="bbox 2045 4364 3617 4431">
    <p class='ocr_par' dir='ltr' id='par_1_87' title="bbox 2045 4364 3617 4431">
     <span class='ocr_line' id='line_1_87' title="bbox 2045 4364 3617 4431; baseline 0.003 -13"><span class='ocrx_word' id='word_1_667' title='bbox 2045 4364 2373 4431; x_wconf 81' lang='lat' dir='ltr'><strong>aﬂerttntnr,</strong></span> <span class='ocrx_word' id='word_1_668' title='bbox 2404 4365 2529 4421; x_wconf 87' lang='lat' dir='ltr'><strong>licet</strong></span> <span class='ocrx_word' id='word_1_669' title='bbox 2559 4365 2832 4419; x_wconf 85' lang='lat' dir='ltr'><strong>monacho</strong></span> <span class='ocrx_word' id='word_1_670' title='bbox 2890 4373 2985 4419; x_wconf 89' lang='lat' dir='ltr'><strong>aut</strong></span> <span class='ocrx_word' id='word_1_671' title='bbox 3027 4365 3235 4421; x_wconf 90' lang='lat' dir='ltr'><strong>homini</strong></span> <span class='ocrx_word' id='word_1_672' title='bbox 3289 4369 3617 4423; x_wconf 86' lang='lat' dir='ltr'><strong>sacerdotali</strong></span> 
     </span>
    </p>
   </div>
   <div class='ocr_carea' id='block_1_88' title="bbox 2046 4453 3615 4527">
    <p class='ocr_par' dir='ltr' id='par_1_88' title="bbox 2046 4453 3615 4527">
     <span class='ocr_line' id='line_1_88' title="bbox 2046 4453 3615 4527; baseline -0.001 -17"><span class='ocrx_word' id='word_1_673' title='bbox 2046 4456 2102 4510; x_wconf 89' lang='lat' dir='ltr'><strong>in</strong></span> <span class='ocrx_word' id='word_1_674' title='bbox 2144 4455 2422 4526; x_wconf 90' lang='lat' dir='ltr'><strong>publicum</strong></span> <span class='ocrx_word' id='word_1_675' title='bbox 2455 4454 2842 4519; x_wconf 88' lang='lat' dir='ltr'><strong>diversorium,</strong></span> <span class='ocrx_word' id='word_1_676' title='bbox 2878 4453 2961 4509; x_wconf 90' lang='lat' dir='ltr'><strong>vel</strong></span> <span class='ocrx_word' id='word_1_677' title='bbox 3006 4453 3063 4509; x_wconf 91' lang='lat' dir='ltr'><strong>in</strong></span> <span class='ocrx_word' id='word_1_678' title='bbox 3115 4454 3352 4527; x_wconf 85' lang='lat' dir='ltr'><strong>alicujus</strong></span> <span class='ocrx_word' id='word_1_679' title='bbox 3391 4456 3615 4512; x_wconf 88' lang='lat' dir='ltr'><strong>domum</strong></span> 
     </span>
    </p>
   </div>
   <div class='ocr_carea' id='block_1_89' title="bbox 1963 4545 3627 4622">
    <p class='ocr_par' dir='ltr' id='par_1_89' title="bbox 1963 4545 3627 4622">
     <span class='ocr_line' id='line_1_89' title="bbox 1963 4545 3627 4622; baseline 0 -19"><span class='ocrx_word' id='word_1_680' title='bbox 1963 4561 2018 4622; x_wconf 80' lang='lat' dir='ltr'><strong><em>D</em></strong></span> <span class='ocrx_word' id='word_1_681' title='bbox 2047 4548 2318 4603; x_wconf 84' lang='lat' dir='ltr'><strong>divertere</strong></span> <span class='ocrx_word' id='word_1_682' title='bbox 2354 4555 2577 4620; x_wconf 86' lang='lat' dir='ltr'><strong>propter</strong></span> <span class='ocrx_word' id='word_1_683' title='bbox 2607 4554 2889 4617; x_wconf 72' lang='lat' dir='ltr'><strong>urgentem</strong></span> <span class='ocrx_word' id='word_1_684' title='bbox 2924 4545 3099 4617; x_wconf 89' lang='lat' dir='ltr'><strong>ipsius</strong></span> <span class='ocrx_word' id='word_1_685' title='bbox 3134 4547 3539 4604; x_wconf 86' lang='lat' dir='ltr'><strong>necessitatem.</strong></span> <span class='ocrx_word' id='word_1_686' title='bbox 3622 4578 3627 4584; x_wconf 58' lang='grc' dir='ltr'><strong><em>ν</em></strong></span> 
     </span>
    </p>
   </div>
   <div class='ocr_carea' id='block_1_90' title="bbox 3146 5822 3221 5885">
    <p class='ocr_par' dir='ltr' id='par_1_90' title="bbox 3146 5822 3221 5885">
     <span class='ocr_line' id='line_1_90' title="bbox 3146 5822 3221 5885; baseline -0.027 0"><span class='ocrx_word' id='word_1_687' title='bbox 3146 5822 3221 5885; x_wconf 64' lang='lat'><strong>32</strong></span> 
     </span>
    </p>
   </div>
  </div>
