4074 6214
352 319 481 385 Ιθθί

1342 306 1423 370 1N
1458 304 1624 367 CAN.
1657 302 1829 365 XXII
1856 298 2069 363 CONC.
2100 298 2215 363 ViI
2257 295 2614 359 (ECUMEN.

3473 278 3609 355 1002

350 429 540 502 φησὶν,
572 426 600 479 6
628 422 735 495 βία,
768 420 993 492 ἡσύχιος
1022 418 1115 473 καὶ
1146 416 1375 488 μονότρο
1387 433 1500 479 πος,
1525 413 1664 468 ἀλλὰ
1693 413 1802 482 μὴν
1825 410 1920 464 καὶ

2041 407 2280 467 nalterio
2314 409 2492 462 vinum
2517 404 2699 460 bibunt
2725 421 2745 469 ;
2779 410 2827 459 ct
2856 418 2972 475 quae
3019 410 3349 474 sequuntur.
3402 404 3462 458 bl
3516 406 3608 472 qui

348 523 465 584 τοῖς
509 517 804 588 ἱερατικοῖς
835 512 934 564 οὐκ
962 512 1138 577 ἔξεστι
1178 506 1299 562 κατ’
1351 505 1489 560 ίδίαν
1534 503 1751 573 γυναιξὶ
1798 518 1925 552 συν-

349 611 572 664 εσθίειν.
622 607 684 659 El
712 605 766 658 δέ
810 620 939 656 ποτε
982 601 1141 655 τοῦτο
1173 599 1415 668 γίνεσθαι
1441 597 1644 665 δεήσει,
1673 610 1929 661 συμπαρ-

348 706 518 756 όντων
552 698 734 761 αὐτοῖς
770 696 967 763 τιμίων
1015 693 1223 764 ἀνδρῶν
1252 709 1312 744 τε
1347 692 1440 745 καὶ
1480 690 1754 758 γυναικῶν
1800 704 1928 738 συνο

352 790 773 860 εστιαθήσονται
800 785 1083 855 γυναιξὶν.
1117 784 1205 837 ἵνα
1237 782 1332 836 καὶ
1360 783 1394 852 ἡ
1417 778 1761 840 συνεστίασις
1792 776 1929 846 πρὸς

350 881 692 952 κατόρθωσιν
706 896 837 933 πνευ
846 895 949 950 ματ
959 875 1307 947 ικὴνύιπάγῃ·
1328 871 1584 945 κατορθοῖ
1597 872 1706 941 γὰρ
1720 871 1747 921 6
1759 867 1932 930 οὕτως

348 974 679 1037 ἀνυπόπτως
735 969 1031 1025 συνεσθίων
1097 967 1314 1038 γυναιξὶ
1358 967 1419 1019 τὸ
1469 960 1791 1031 δοξάζεσθαι
1838 958 1932 1013 τὸν

352 1067 508 1121 Θεόν.
535 1066 599 1119 Οί
637 1065 747 1134 γὰρ
768 1061 1002 1134 δρῶντες
1026 1060 1205 1113 αὐτῶν
1236 1059 1341 1125 ἔξω
1363 1056 1540 1126 πάσης
1570 1050 1932 1123 διατηροῦντα

354 1158 554 1213 ἑαυτὸν
582 1155 848 1227 ἁποψίας,
878 1145 1163 1221 δοξάζουσι
1184 1152 1274 1205 τὸν
1297 1148 1456 1215 Θεὸν,
1485 1148 1627 1203 κατὰ
1655 1147 1747 1200 τὸν
1771 1146 1933 1213 εύαγ-

352 1248 571 1320 γελικὸν
591 1248 747 1317 λόγον
775 1248 868 1301 τὸν
886 1246 1134 1314 λέγονταο
1160 1242 1463 1314 Λαμψὰτω
1488 1242 1556 1295 τὸ
1584 1239 1714 1310 φῶς
1761 1236 1929 1308 ὑμῶν

351 1345 697 1414 ἔμπροσθεν
731 1339 850 1393 τῶν
879 1337 1228 1407 ἀνθρώπων,
1258 1336 1421 1402 ὅπως
1442 1334 1613 1388 Ζδωσι
1662 1331 1736 1385 τὰ
1779 1330 1937 1385 καλὰ

352 1436 497 1504 ἔργα
526 1431 693 1503 ὑμῶν
718 1430 818 1486 καί
860 1429 1173 1494 δοξάσωσι
1202 1428 1308 1482 τὸν
1338 1426 1570 1495 Πατέρα
1615 1422 1782 1491 ὑμῶν
1827 1421 1936 1477 τὸν

354 1530 423 1581 ἐν
447 1525 572 1593 τοῖς
590 1524 890 1594 οὐρανοῖς.
924 1524 1035 1576 Καὶ
1061 1521 1123 1575 ού
1161 1521 1322 1592 μόνον
1363 1518 1675 1590 ἀλλοτρίαις
1716 1515 1935 1586 γυναιξὶ

358 1617 659 1673 συνεσθίειν
686 1620 714 1671 6
752 1616 986 1686 μοναχὸς
1030 1613 1063 1684 ἢ
1108 1615 1137 1667 6
1183 1612 1482 1683 ἱερωμένος
1514 1611 1609 1665 ἐπὶ
1654 1607 1934 1679 παρουσίᾳ

359 1712 524 1765 τινῶν
564 1708 814 1764 εύλαὸῶν
840 1708 1183 1771 ἀπαιτεῖται,
1216 1705 1353 1758 ἀλλὰ
1390 1704 1484 1757 καὶ
1508 1705 1598 1757 ὅτε
1635 1700 1930 1771 συγγενέσι

356 1799 572 1871 γυναιξὶ
624 1798 922 1853 συνεσθίει.
946 1797 1061 1849 εἘν
1093 1768 1526 1865 δὲ’ὀδοιπορίαις
1567 1768 1866 1864 ἱερωμένος
1900 1792 1933 1863 ἢ
1966 1768 2007 1823 Β

360 1893 614 1964 μοναχδς,
646 1894 696 1946 εί
729 1891 805 1962 μὴ
833 1889 947 1960 ἔχοι
976 1889 1109 1941 ὅπου
1137 1887 1541 1950 ἀναπαύσεται,
1572 1885 1729 1941 ἄδεια
1773 1883 1929 1939 ἐσται

357 1981 509 2053 αύτῷ
536 1982 630 2035 καὶ
659 1983 717 2034 ὲν
745 1977 1048 2049 πανδοκείῳ
1074 1977 1169 2029 καὶ
1195 1977 1254 2029 ὲν
1277 1975 1410 2046 οίκῳ
1441 1974 1599 2037 τινὸς·
1620 1971 1931 2027 καταλῦσαι

356 2072 548 2144 χρείας
582 2068 1035 2138 κατεπειγούσης·
1082 2064 1223 2135 πλὴν
1278 2065 1440 2118 κάκεῖ
1484 2060 1603 2135 μετ’
1646 2062 1932 2126 εὐλαϐείας

359 2160 613 2231 βούλεται
642 2161 671 2214 6
696 2157 877 2213 κανὼν
913 2156 1012 2211 καὶ
1043 2154 1337 2225 σωφρόνως
1367 2154 1568 2219 αὐτοὺς
1600 2152 1699 2226 τὴν
1728 2152 1934 2222 διαγω-

357 2252 462 2324 γὴν
497 2253 792 2306 ποιεῖσθαι.

2030 501 2197 572 igitur
2229 498 2541 570 huiusmodi
2586 498 2731 551 inter
2777 496 3122 553 Christianos
3168 497 3279 552 sint
3306 535 3321 560 ,
3363 496 3611 566 corrigi:

2031 594 2115 646 sin
2152 593 2357 656 minus,
2389 590 2738 660 antiquorum
2793 604 3065 643 canonum
3108 588 3528 643 constitutiones
3560 587 3612 639 in

2032 686 2161 754 ipsis
2193 684 2397 739 servari
2428 684 2621 753 placet.
2656 683 2723 735 Et
2759 683 2873 735 lnec
2903 681 3122 751 quidem
3163 684 3230 735 de
3258 682 3412 736 laicis
3434 696 3612 735 canon

2031 778 2239 832 statuit.
2277 776 2489 842 Quibus
2522 790 2670 839 vero,
2712 775 2925 844 inquit,
2959 776 3084 827 vitae
3133 790 3307 845 genus
3367 774 3614 843 quietum

2032 878 2085 921 et
2126 867 2459 930 solitarium,
2490 865 2619 935 quin
2651 874 2703 919 et
2735 866 2801 920 iis
2842 867 2933 935 (ιιιὶ
2985 866 3037 918 in
3102 881 3317 920 sarrum
3366 867 3616 918 ordinem

2032 958 2264 1027 cooptati
2302 966 2451 1021 sunt,
2519 957 2773 1026 privatim
2824 958 3148 1011 mulieribus
3198 959 3451 1012 convesci
3506 971 3616 1011 non

2034 1051 2184 1105 licet.
2217 1049 2272 1105 ld
2306 1065 2433 1104 vero
2473 1051 2518 1105 si
2547 1050 2879 1119 quandoque
2915 1051 3226 1106 necessario
3259 1049 3374 1114 ﬁat,
3405 1066 3616 1119 nequa—

2034 1157 2196 1210 quam
2230 1156 2354 1196 cum
2389 1140 2610 1196 feminis
2654 1142 3005 1196 discumbere
3032 1180 3047 1207 ,
3107 1142 3213 1197 nisi
3251 1142 3617 1210 prazsentibus
3656 1196 3666 1212 ,

2036 1234 2280 1290 honestis
2308 1234 2439 1289 viris
2470 1250 2534 1287 ac
2567 1234 2893 1288 mulieribus
2923 1271 2939 1298 ,
3004 1236 3331 1304 permissum
3393 1236 3465 1289 sit
3494 1278 3507 1300 ,
3558 1244 3617 1289 ut
3658 1269 3663 1277 -

2036 1326 2378 1396 spiritualem
2411 1326 2648 1395 aliquem
2681 1326 2915 1379 fructum
2969 1327 3087 1395 ipsa
3142 1326 3231 1380 illa
3288 1326 3616 1381 convivandi

2038 1420 2271 1475 societas
2312 1420 2508 1488 pariat.
2536 1417 2797 1488 Quisquis
2826 1417 2971 1472 enim
3002 1418 3104 1471 hoc
3142 1426 3301 1486 pacto
3340 1418 3476 1472 citra
3518 1433 3615 1473 su-

2041 1513 2341 1581 spicionem
2368 1526 2489 1566 cum
2513 1512 2832 1567 mulieribus
2850 1512 3110 1575 vesoitnr,
3132 1521 3357 1566 cmteros
3388 1513 3453 1566 ad
3482 1528 3621 1580 prae-

2039 1604 2261 1657 conium
2292 1602 2489 1659 divina:
2524 1602 2701 1658 laudis
2729 1603 2979 1672 impellit.
3018 1602 3151 1656 Nam
3208 1604 3299 1672 qui
3341 1603 3409 1657 ab
3448 1618 3513 1659 eo
3552 1619 3622 1658 ne

2039 1695 2377 1750 tcnuissinm
2401 1695 2617 1764 quidem
2644 1696 2941 1764 saspicioni
2976 1696 3152 1749 locum
3180 1696 3412 1764 relinqui
3441 1697 3619 1750 anitu-

2034 1777 2392 1849 adverterint,
2430 1786 2597 1842 Deum
2634 1788 2887 1843 laudibus
2931 1780 3185 1851 elTerunt,
3232 1799 3290 1841 ut
3340 1790 3395 1843 in
3442 1787 3618 1843 Evan-

2033 1879 2177 1948 gelio
2211 1883 2481 1949 scriptum
2512 1887 2621 1943 est,
2659 1880 2766 1934 illis
2806 1880 2991 1933 verbis
3024 1896 3038 1934 :
3071 1878 3160 1934 Sic
3203 1880 3376 1934 luceat
3416 1881 3510 1933 lux
3538 1898 3623 1936 re-

2033 1983 2147 2026 stra
2180 1988 2362 2025 coram
2393 1972 2694 2025 hominibus
2739 1972 2901 2043 330
2928 1982 2983 2026 ut
3023 1974 3232 2028 videant
3263 1991 3420 2042 opera
3445 1983 3620 2029 vestra

2033 2062 2171 2116 bona
2199 2103 2215 2128 ,
2277 2072 2329 2117 et
2374 2062 2676 2133 gloriﬁcent
2724 2062 2935 2117 Putrem
2981 2072 3207 2118 vestrum
3240 2104 3255 2127 ,
3305 2066 3395 2132 qui
3448 2073 3526 2119 est
3564 2066 3619 2118 in

2035 2155 2180 2210 cwlis
2208 2156 2276 2210 ".
2310 2153 2501 2224 Neque
2534 2155 2709 2209 solum
2743 2155 3186 2226 quandocunque
3236 2155 3618 2222 cum-alienis.

2040 2246 2136 2302 sed
2165 2246 2328 2300 etiam
2354 2247 2399 2301 si
2430 2262 2555 2302 cum
2604 2248 3011 2317 propinquitate
3047 2247 3255 2317 junctis
3301 2248 3621 2305 mulieribus

362 2345 616 2399 monachi
643 2356 735 2399 aut
756 2344 1146 2399 sacrisinitiati
1177 2341 1362 2400 cibum
1388 2339 1628 2410 capiant,
1686 2337 1953 2395 modestia
1981 2347 2261 2409 spectatos
2293 2340 2541 2395 homines
2565 2340 2813 2395 adhiberi
2841 2341 2944 2395 hoc
2975 2355 3186 2395 canone
3209 2349 3469 2396 statutum
3504 2352 3612 2399 est.

360 2434 419 2491 ιη
466 2438 659 2492 itinere
698 2445 903 2502 tamen.
936 2436 1027 2490 ubi
1074 2434 1212 2490 alius
1269 2432 1644 2490 commorandi
1698 2432 1853 2488 locus
1899 2448 2006 2487 non
2048 2442 2319 2504 suppetat,
2353 2442 2571 2490 sacrato
2604 2434 2809 2489 homini
2842 2444 2933 2488 aut
2962 2438 3233 2491 monacho
3277 2438 3499 2507 impune
3548 2436 3614 2489 ad

360 2546 662 2601 cauponam
685 2531 971 2593 divertere,
998 2539 1089 2586 aut
1113 2532 1166 2587 in
1192 2530 1416 2587 alterius
1437 2528 1745 2598 cujuspiam
1770 2527 1934 2582 domo
1978 2529 2204 2585 instanti
2241 2529 2559 2587 necessitati
2590 2530 2907 2586 satisfacere
2939 2546 3266 2587 concessum
3335 2535 3408 2589 sit
3439 2553 3452 2589 :
3524 2534 3617 2589 sed

365 2626 417 2679 in
457 2626 524 2679 iis
554 2638 770 2694 quoque
803 2622 937 2678 locis
971 2623 1251 2692 religionis
1282 2621 1642 2677 nihilominus
1691 2634 1757 2675 ac
1789 2623 2165 2689 temperantiae
2201 2623 2468 2677 rationem
2504 2622 2572 2677 ab
2602 2622 2713 2676 illis
2767 2636 2943 2677 canon
2980 2624 3166 2679 haberi
3199 2624 3370 2695 jubet.

363 2716 588 2770 ΑΡΙΣΤ.
640 2732 659 2766 ι
689 2715 926 2778 Λαῖκοὺς
960 2715 1058 2784 μὲν
1092 2715 1292 2784 ἄνδρας
1350 2710 1654 2766 συνεσθίειν
1688 2710 1938 2779 γυναιξὶν

443 2826 460 2858 ι
507 2806 850 2876 ἀδιάϐλητον·
878 2807 1231 2877 μονοτρόποις
1257 2805 1314 2859 δὲ
1330 2804 1431 2858 ούκ
1450 2802 1631 2867 ἔξεστι
1650 2804 1772 2856 κατ’
1799 2801 1936 2855 ἰδίαν

441 2918 459 2949 ι
509 2898 729 2966 γυναιξὶ
764 2898 1091 2960 συνεσθίειν,
1124 2899 1172 2949 εί
1215 2898 1289 2967 μή
1321 2912 1422 2949 που
1471 2894 1612 2965 μετὰ
1662 2894 1939 2963 θεοφόὸων

448 3010 465 3042 ι
516 2993 609 3045 καὶ
647 2991 892 3044 εύΑαὸὦν
920 2990 1130 3061 ἀνδρῶν
1155 3007 1215 3042 τε
1255 2991 1347 3042 καὶ
1371 2988 1665 3058 γυναικῶν.
1707 2988 1795 3041 Ἐν
1837 2987 1940 3058 ὀδῷ

445 3105 463 3135 ι
509 3084 564 3137 δὲ
602 3083 832 3154 μοναχὸς
866 3082 898 3152 ἢ
940 3083 1209 3153 ίερατικὸς
1235 3081 1395 3153 ἀνὴρ,
1433 3082 1509 3153 μὴ
1538 3080 1937 3151 ἐπιφερόμενος
1972 3133 2015 3190 C

448 3196 465 3228 ι
515 3178 583 3230 τὰ
615 3176 910 3245 ἀναγκαῖα,
946 3178 1004 3229 ὲν
1036 3174 1341 3246 πανδοκείῳ
1374 3174 1761 3229 καταλύσουσι.
1814 3192 1832 3225 ι

443 3446 517 3500 T6
553 3444 652 3516 μὲν
688 3445 807 3514 μετ’
840 3445 1192 3516 εὐχαριστίας
1237 3447 1330 3501 καὶ
1364 3445 1535 3514 φόϐου
1569 3443 1728 3509 Θεοῦ,
1754 3443 1829 3515 μὴ
1856 3443 1946 3495 διά

370 3555 535 3591 τινων
568 3537 874 3607 θυμελικῶν
916 3538 1010 3591 καὶ
1046 3536 1365 3590 σατανικῶν
1390 3536 1676 3607 ᾀσμάτων,
1725 3533 1946 3595 λαῖκοὶις

373 3630 570 3700 ἄνδρας
594 3628 811 3699 γυναιξὶ
845 3628 1145 3682 συνεσθίειν
1166 3628 1276 3682 τῶν
1300 3627 1644 3697 ἀδιαὸλήτων
1670 3625 1806 3679 ὲστί·
1831 3627 1946 3685 τοῖς

375 3724 470 3775 καὶ
499 3720 611 3791 βίον
650 3720 874 3791 ἡσύχιον
924 3720 1129 3790 ἔχουσι,
1167 3720 1262 3774 καὶ
1295 3719 1663 3790 μονοτρόπως,
1707 3717 1783 3780 ὡς
1819 3734 1945 3769 συν-

373 3812 701 3883 ταξαμένοις
738 3812 857 3880 Θεῷ
908 3814 999 3864 καὶ
1037 3811 1352 3881 καταμόνας
1387 3810 1634 3869 καθίσαι.
1668 3810 1764 3862 καὶ
1821 3824 1949 3860 σιω-

376 3903 569 3972 πῆσαι,
600 3904 719 3956 κατ’
741 3903 877 3956 ίδίαν
899 3904 1033 3966 ὅλως
1057 3903 1155 3956 οὐκ
1180 3902 1358 3966 ἔξεστι
1386 3901 1599 3971 γυναιξὶ
1626 3897 1945 3961 συνεσθίειν,

374 3998 425 4048 εί
458 3999 533 4066 μή
570 4012 671 4049 που
711 3996 853 4067 μετά
882 4013 1045 4050 τινων
1072 3994 1351 4063 θεοφόὅων
1383 3994 1593 4064 ἀνδρῶν
1627 4011 1688 4046 τε
1723 3995 1819 4046 καὶ⁹
1847 4009 1945 4060 γυ-

374 4089 577 4141 ναικῶν
612 4088 1034 4159 συνεστιαθῆναι
1086 4088 1428 4158 θελήσουσιν’
1484 4087 1571 4140 ἵνα
1607 4086 1703 4141 καὶ
1743 4086 1882 4157 αύτὴ
1914 4087 1948 4156 ἡ

392 4180 731 4244 συνεστίασις
759 4180 893 4252 πρὸς
926 4180 1268 4251 κατόρθωσιν
1291 4178 1671 4251 πνευματικὴν
1696 4178 1946 4247 γένηται.

404 4272 490 4324 Ἐν
532 4270 636 4342 ὁδῷ
663 4271 739 4337 δὲ,
767 4272 817 4324 εί
848 4270 916 4325 τὰ
944 4273 1215 4339 ἀναγκαῖα
1247 4272 1348 4325 ούκ
1380 4271 1759 4341 ἐπιφέρονται,
1794 4269 1949 4324 ἄδεια

378 4360 582 4416 δίδοται
612 4362 707 4414 καὶ
738 4360 959 4433 μοναχῷ
988 4362 1082 4415 καὶ
1108 4361 1371 4434 ἱερατικῷ
1395 4361 1552 4432 ἀνδρὶ
1568 4364 1625 4415 ὲν
1650 4360 1952 4431 πανδοχείῳ

378 4456 493 4508 εἴτε
538 4456 634 4508 καὶ
665 4456 721 4510 ὲν
755 4457 890 4524 οίκῳ
926 4456 1218 4511 καταλύειν
1252 4458 1342 4513 διὰ
1376 4457 1472 4530 τὴν
1513 4457 1951 4528 κατεπείγουσαν

377 4563 411 4616 χ
417 4545 591 4616 ρείαν.

450 4717 502 4755 ’⁵
528 4722 717 4780 Matth.
755 4742 808 4793 v,
843 4726 930 4781 16.

638 5808 912 5874 Ριιτιιοι.
943 5815 1057 5873 Gn.
1101 5796 1477 5875 cxxxvu.‘

2048 2712 2278 2769 ARIST.
2321 2732 2338 2765 ι
2394 2712 2594 2768 Laicos
2642 2713 2861 2783 quidem
2916 2715 3064 2770 viros
3115 2731 3237 2768 cum
3304 2718 3623 2773 mulieribus

2122 2824 2140 2855 ‹
2182 2805 2435 2861 convesci
2468 2815 2550 2861 est
2591 2804 2658 2859 ab
2690 2806 2839 2859 omni
2870 2805 3292 2875 reprehensione
3327 2807 3565 2861 alienum
3601 2827 3616 2862 :

2121 2917 2138 2949 ι
2179 2898 2443 2954 solitariis
2468 2907 2650 2953 autem
2690 2899 2823 2954 viris
2858 2913 2981 2952 cum
3018 2899 3337 2954 mulieribus
3369 2901 3620 2969 privatim

2122 3007 2142 3041 ι
2186 2991 2465 3044 convivari
2497 3005 2604 3045 non
2644 2991 2770 3044 licet
2800 3006 2814 3055 ;
2848 2992 2950 3045 nisi
2982 2990 3209 3045 forsitan
3241 3008 3347 3046 una
3372 3008 3494 3047 cum
3530 2995 3622 3048 Dei

2125 3101 2144 3133 ι
2183 3083 2499 3140 timentibus
2529 3090 2583 3138 et
2618 3083 2888 3154 religiosis
2915 3084 3049 3139 viris
3078 3090 3132 3139 ct
3186 3085 3529 3141 mulieribus.
3568 3087 3621 3141 In

2126 3190 2145 3226 ι
2185 3177 2379 3232 itinere
2412 3184 2593 3231 autem
2636 3176 2939 3232 monachus
2973 3178 3050 3231 vel
3086 3185 3139 3231 et
3172 3179 3344 3233 sacris
3381 3179 3626 3233 initiatus
3688 3174 3696 3181 ’

2123 3283 2143 3317 ι
2188 3265 2295 3331 vir,
2333 3280 2519 3320 secum
2548 3265 2860 3320 necessaria
2898 3281 3004 3319 non
3047 3265 3300 3333 all‘erens,
3327 3267 3382 3321 in
3449 3268 3626 3336 publi-

2124 3376 2142 3408 ι
2184 3373 2308 3412 cum
2342 3356 2708 3414 diversorium
2734 3358 2991 3414 divertat.
3027 3374 3046 3409 ι

2117 3448 2253 3504 Cum
2286 3449 2585 3520 gratiarum
2616 3450 2834 3518 quidem
2869 3451 3085 3505 actione
3130 3459 3185 3505 et
3230 3448 3324 3506 Dei
3383 3452 3576 3506 timore
3604 3494 3620 3517 ,

2049 3558 2157 3599 non
2192 3545 2427 3600 scenicis
2474 3545 2749 3615 aliquibus
2778 3552 2831 3599 et
2864 3545 3124 3601 satanicis
3203 3546 3433 3601 canticis
3463 3588 3480 3613 ,
3529 3545 3625 3604 lai-t

2047 3653 2144 3692 cos
2173 3636 2321 3692 viros
2376 3652 2500 3691 cum
2562 3637 2886 3692 mulieribus
2945 3637 3238 3701 convesci,
3300 3639 3623 3709 reprehendi

2050 3727 2258 3796 nequit.
2296 3728 2385 3781 Eis
2419 3738 2621 3792 autem,
2648 3729 2741 3798 qui
2780 3730 2941 3782 vitam
2968 3730 3208 3797 quietam
3240 3738 3293 3784 et
3320 3730 3623 3784 solitariam

2050 3820 2357 3887 elegerunt,
2389 3828 2445 3873 ut
2478 3820 2571 3889 qui
2598 3820 2705 3873 D‘co
2731 3820 3140 3889 speponderant
3171 3821 3415 3876 solitarie
3438 3825 3626 3877 sedere

2051 3913 2105 3958 et
2133 3905 2314 3969 silere,
2350 3922 2458 3959 non
2492 3907 2717 3961 omnino
2756 3908 2883 3962 licet
2910 3924 3033 3961 cum
3065 3908 3389 3964 mulieribus
3442 3913 3625 3979 priva-

2050 3996 2146 4049 tim
2179 3996 2465 4051 romedere
2498 4014 2511 4050 :
2547 3995 2654 4050 nisi
2690 3996 2830 4052 forte
2891 4013 3014 4050 cum
3062 3998 3335 4065 religiosis
3391 4001 3622 4068 quibus-

2052 4087 2178 4141 dam
2221 4089 2358 4143 viris
2385 4097 2477 4142 aut
2513 4088 2839 4143 mulieribus
2866 4089 3143 4142 convivari
3191 4089 3401 4157 velint;
3466 4100 3523 4145 ut
3572 4102 3629 4147 et

2054 4180 2231 4250 ipsum
2269 4180 2432 4233 etiam
2471 4179 2782 4234 convivium
2820 4180 2890 4233 ad
2945 4179 3284 4248 spiritualem
3326 4183 3629 4237 correctio-

2051 4286 2176 4325 nem
2210 4271 2417 4328 tendat.
2448 4272 2505 4327 ln
2541 4271 2737 4326 itinere
2774 4281 2955 4325 autem
2987 4311 3002 4334 ,
3057 4271 3103 4326 si
3154 4276 3464 4328 necessaria
3518 4290 3627 4329 non

2054 4362 2382 4428 aﬂcruntur,
2413 4363 2539 4419 licet
2569 4363 2842 4417 monacho
2900 4371 2994 4417 aut
3036 4363 3244 4419 homini
3298 4366 3626 4420 sacerdotali

2055 4454 2111 4508 in
2152 4453 2432 4524 publicum
2465 4452 2852 4516 diversorium,
2888 4452 2970 4507 vel
3016 4451 3073 4506 in
3125 4452 3361 4524 alicujus
3400 4454 3626 4509 domum

1973 4559 2028 4619 D
2057 4546 2327 4601 divertere
2363 4553 2587 4617 propter
2616 4552 2899 4614 urgentem
2934 4542 3108 4614 ipsius
3143 4545 3548 4601 necessitatem.
3632 4578 3635 4579 ν

3157 5819 3232 5883 32
