4074 6214
399 303 492 371 1οι
509 303 545 368 5

1627 290 1710 352 ΙΝ
1751 289 1922 354 CAN.
1964 291 1990 350 Ι
2024 289 2243 352 CC'NC.
2287 287 2496 352 Cl’OLt

3528 288 3662 353 1006

399 416 511 470 τῶν
549 411 897 484 λαληθέντων
927 410 1021 463 καὶ
1054 403 1444 472 συνδοξάντωε.·,
1487 401 1574 455 ὅτε
1608 403 1702 456 καὶ
1751 401 1826 477 οἱ.
1854 399 1984 452 ὐπο-

2094 400 2370 456 uumeutis
2403 399 2780 455 commendata
2814 407 2928 454 tum
2971 397 3191 454 demum
3248 397 3440 452 fuisse.
3493 401 3666 466 Atque

400 501 729 573 τεταγμένοι
765 500 991 560 κανόνες
1033 493 1482 565 ἐξεφωνήθησαν.

2090 504 2158 544 ex
2193 491 2298 544 hoc
2329 491 2532 546 factum
2576 491 2749 556 aiunt,
2789 500 2848 546 ut
2884 493 3019 554 hate,
3054 491 3178 546 licet
3230 507 3334 544 una
3395 492 3662 561 synodus,

401 609 581 665 “mea
611 595 681 649 ob
703 592 893 648 Patres
927 591 1010 645 bis
1046 597 1403 650 convocatos.
1431 584 1604 656 prima
1631 595 1685 638 et
1750 582 1995 640 secunda
2074 585 2268 638 merito
2326 587 2602 639 nominata
2654 585 2838 639 fuerit.
2894 585 2950 637 In
3000 587 3239 640 seeumla
3300 585 3482 655 itaque
3528 602 3664 668 con-7

399 685 680 752 gressione
707 684 797 750 iis,
836 698 961 753 qua:
998 683 1278 752 disputata
1309 690 1474 750 atque
1525 679 1772 732 omnium
1833 691 2107 731 consensu
2146 678 2366 733 decreta
2438 679 2677 746 fuerant,
2733 679 2956 749 scripto
3014 680 3354 743 commissis,
3431 677 3662 749 subjectl

400 789 615 846 quoque
644 790 884 832 canones
913 773 1241 846 promulgati
1274 773 1450 827 fuere.

1019 893 1260 947 ΚΑΝΩΝ
1293 895 1372 948 Λ⁹.

463 1009 704 1080 Πρᾶγμα
733 1025 790 1060 σε
801 1008 932 1078 μνδν
954 1008 1097 1062 οὕτω
1113 1009 1418 1080 καὶτίμιον,
1443 1008 1667 1070 καὶτοῖς
1687 1006 1984 1078 μακαρίοις

473 1121 492 1154 1
528 1101 622 1155 acati.
637 1101 802 1165 ὁσίοις
821 1101 1098 1171 Πατράσιν
1112 1103 1144 1170 ἡ
1155 1101 1270 1170 μῶν
1286 1100 1452 1154 πάλαι
1471 1100 1654 1163 καλῶς
1671 1099 1980 1171 ἐπινοηθέν,

485 1215 502 1249 ι
533 1195 567 1266 ἠ
589 1193 696 1248 τῶν
713 1191 1379 1264 μοναστηρίωνοίκοδομὴ,
1401 1191 1584 1254 κακῶς
1603 1192 1985 1262 ὀρᾶταιπρατ-

477 1309 501 1338 1
539 1286 767 1356 τόμενον
804 1289 1065 1358 σήμερον.
1096 1286 1250 1348 Τινὲς
1273 1285 1382 1356 γὰρ
1410 1285 1584 1354 ὖνομα
1612 1285 1982 1355 μοναστηρίου

486 1393 506 1426 1
543 1377 664 1438 ταῖς
691 1375 924 1439 οἰκείαις
953 1375 1295 1446 περιουσίαις
1322 1377 1415 1428 καὶ
1440 1375 1709 1446 ὑπάρξεσι
1763 1374 1987 1445 περιθέ-

482 1487 502 1520 1
537 1485 713 1540 μενοι,
741 1470 834 1522 καὶ
863 1468 984 1540 Θεῷ
1015 1467 1374 1536 καθαγιάςειν
1407 1468 1611 1531 ταύτας
1647 1467 1985 1537 ἐπαγγελλό-

485 1580 504 1612 ι
547 1578 724 1632 μενοι,
779 1563 1011 1632 κυρίους
1049 1579 1107 1615 τε
1153 1562 1262 1614 τῶν
1308 1561 1738 1633 ἀφιερωθὲντων
1757 1561 1986 1625 ἑαυτοὺς

477 1675 498 1709 1
538 1657 941 1728 ἀναγράφουσι,
969 1656 1066 1709 καὶ
1099 1655 1240 1730 μόνῃ
1269 1659 1333 1728 τῇ
1361 1657 1710 1729 προσηγορίᾳ
1748 1657 1810 1710 τὸ
1841 1655 1986 1709 θεῖον

466 1769 486 1802 1
531 1749 789 1818 ἀφοσιοῦν
832 1750 1250 1821 ἐκμηχανᾶσθαι
1287 1749 1640 1820 διεγνώκασι.
1671 1749 1785 1821 Τὴν
1811 1749 1983 1820 αὐτὴν
2016 1789 2057 1843 Β

481 1859 501 1892 1
539 1843 650 1912 γὰρ
715 1839 967 1906 ἐξουσίαν
1025 1841 1122 1894 καὶ
1173 1844 1313 1911 μετὰ
1357 1844 1460 1912 τὴν
1517 1841 1821 1915 ἀφιέρωσιν
1875 1843 1976 1895 οὐκ

479 1951 500 1984 1
537 1931 837 2003 ἐρυθριῶσι
913 1931 1372 2004 σφετερίζεσθαι,
1430 1932 1610 2004 ἥνπερ
1669 1933 1818 2003 ἐχειν
1867 1933 1969 1986 οὐκ

483 2041 502 2075 1
542 2021 844 2077 ἐκωλύοντο
889 2022 1190 2093 πρότερον·
1253 2023 1347 2076 καὶ
1414 2021 1651 2094 τοσαύτη
1702 2022 1978 2092 καπηλεία

473 2133 494 2167 1
535 2114 870 2186 προσετρίση
922 2115 1002 2185 τῷ
1069 2113 1381 2185 πράγματι,
1429 2114 1573 2167 ὥστε
1640 2113 1812 2167 πολλά
1867 2113 1978 2167 τῶν

474 2224 494 2256 1
536 2205 956 2277 ἁφιερωθέντων
988 2207 1122 2276 παρ’
1153 2205 1334 2258 αὐτῶν
1364 2222 1427 2274 γε
1471 2206 1582 2260 τῶν
1631 2206 1978 2277 ἀφιερωσάν-

476 2314 500 2348 1
535 2313 646 2351 των
692 2297 928 2366 ὁρᾶσθαι
957 2297 1406 2368 πιπρασκόμενα,
1441 2296 1649 2366 θάμϐος
1695 2297 1792 2350 καὶ⁵
1825 2297 1981 2367 μῖσος

483 2411 504 2444 1
538 2393 650 2456 τοῖς
675 2391 844 2463 ὁρῶσι
867 2390 1222 2462 παρεχόμενοι
1245 2405 1260 2418 °
1293 2392 1387 2443 καὶ
1417 2391 1477 2443 οὐ
1513 2391 1676 2460 μόνον
1711 2391 1810 2443 οὐκ
1833 2389 1980 2442 ἐστιν

478 2503 499 2537 1
541 2485 724 2548 αὐτοῖς
772 2483 1129 2554 μεταμέλεια,
1161 2483 1247 2552 ἐφ’
1272 2478 1354 2546 οἷς
1385 2483 1496 2536 τῶν
1524 2482 1674 2549 ἅπαξ
1701 2481 1982 2537 ἀνατεθει-

479 2595 500 2628 1
539 2577 718 2647 μένων
748 2575 866 2646 Θεῷ
901 2575 998 2646 τὴν
1046 2575 1295 2640 ἐξουσίαν
1321 2577 1532 2639 ἑαυτοῖς
1562 2573 1978 2646 ἐπιτρέπουσιν,

489 2689 508 2721 1
542 2669 796 2724 ἀλλὰκαὶ
828 2667 1038 2739 ἑτέροις
1082 2669 1292 2738 ταύτην
1346 2668 1518 2730 ἀδεῶς
1571 2667 1983 2738 παραπέμπου-
2033 2677 2040 2684 ·

475 2780 495 2815 ι
547 2779 652 2816 σιν.
691 2762 917 2832 Ὠρισεν
963 2756 1057 2816 οὖν
1111 2759 1201 2815 διὰ
1257 2760 1432 2815 ταῦτα
1483 2761 1516 2832 ἡ
1574 2759 1704 2829 ἁγία
1761 2759 1981 2824 σύνοδος

477 2868 499 2900 σ
544 2849 742 2921 μηδεῇ⁹
776 2848 976 2914 ἐξεῖναι
1003 2852 1368 2922 μοναστήριον
1393 2851 1698 2922 οἰκοδομεῖν
1726 2851 1856 2906 ἄνευ
1880 2852 1978 2923 τῆς

484 2961 502 2994 ι
537 2942 630 2995 τοῦ
661 2941 962 2995 ἐπισκόπου
993 2941 1219 3012 γνώμης
1257 2945 1348 2996 καὶ
1392 2943 1612 3015 βουλῆς.
1660 2943 1898 2996 Ἐκείνου
1924 2944 1980 2996 δὲ

475 3053 495 3086 1
535 3034 835 3098 συνειδότος
878 3034 973 3087 καὶ
1020 3037 1434 3104 ἐπιτρέποντος,
1494 3038 1587 3088 καὶ
1622 3037 1718 3106 τὴν
1764 3036 1978 3106 ὀφειλο-

477 3144 496 3176 1
537 3126 706 3196 μένην
737 3123 1110 3186 ἐπιτελοῦντος
1140 3125 1324 3196 eam,
1365 3125 1440 3189 ὡς
1491 3128 1602 3189 τοῖς
1659 3126 1828 3181 παλαι
1866 3128 1981 3180 Oee—
2007 3135 2052 3198 α

485 3237 505 3270 ι
541 3216 711 3287 φιλῶς
765 3218 1205 3288 νενομοθέτηται,
1287 3218 1690 3290 οἰκοδομεῖσθαι
1769 3220 1870 3290 μὲν
1920 3223 1981 3274 τδ

483 3329 504 3362 1
543 3310 906 3381 μοναστήριον
976 3308 1156 3364 πάντα
1176 3309 1232 3364 δὲ
1256 3311 1326 3363 τὰ
1353 3314 1411 3361 ἐν
1444 3311 1597 3382 αὐτῷ
1629 3313 1982 3382 προσήκοντα

488 3420 506 3453 1
545 3404 640 3456 σὺν
705 3401 857 3472 αὐτῷ
916 3401 1109 3472 ἐκείνῳ
1168 3400 1372 3472 βρε6.”ῳ
1427 3403 1977 3474 ἐγκαταγρὰφεσοαι,

474 3515 511 3566 1_
537 3497 634 3551 καὶ
661 3499 773 3561 τοῖς
825 3498 1206 3561 ἐπισκοπεκοῖς
1264 3498 1506 3568 dim-eiet;
1540 3497 1979 3564 ἐναποτίθεσοαε,

489 3614 506 3641 1
550 3591 815 3663 μηδαμῶς
838 3591 1020 3646 ἄδειαν
1050 3590 1265 3660 ἔχοντος
1287 3590 1376 3642 τοί.
1415 3592 1792 3662 ἀφιεροῦντος,
1836 3593 1984 3662 παρᾶ

486 3702 508 3735 1
546 3684 771 3758 γνώμην
831 3685 925 3738 τοῦ
977 3684 1278 3738 ἐπισκόπου
1342 3685 1532 3738 ἐαςτδν
1583 3684 1886 3755 ἡγούμενον
1946 3685 1979 3754 ἢ

481 3797 501 3830 1
541 3779 656 3832 ἀνθ’
688 3777 883 3831 ἑαυτοῦ
914 3777 1102 3849 ἕτερον
1134 3773 1419 3846 καθοστᾷν.
1458 3776 1512 3828 ει
1544 3780 1654 3844 γὰρ
1699 3775 1846 3846 ᾶπερ
1896 3793 1982 3839 τις

488 3889 507 3922 ι
541 3868 809 3942 ἀνἾρώπῳ
840 3853 1150 3940 χαρίζεται,
1185 3871 1392 3921 τούτων
1426 3867 1609 3920 οὐκέτι
1631 3867 1820 3936 κύριος
1839 3862 1981 3921 εἶναι

485 3982 504 4016 ι
540 3962 784 4028 δύναται,
822 3962 940 4025 πῶς
1001 3963 1146 4031 ἅπερ
1179 3978 1264 4024 τις
1315 3961 1434 4030 Θεῳ
1495 3959 1822 4028 καθαγιάζει
1887 3961 1984 4014 καὶ

484 4073 507 4108 1
543 4054 830 4124 ἀνατίθησι
871 4053 1080 4106 τούτων
1131 4051 1480 4122 ὑφαρπάζειν
1528 4049 1629 4122 τὴν
1686 4051 1983 4124 κυριότητα

483 4163 502 4198 ι
540 4141 1078 4215 παράχωρηθήσεται
1100 4157 1117 4209 ;
1143 4160 1163 4194 ι

479 4235 676 4289 ΒΑΛΣ.
719 4235 807 4287 Ἐν
853 4233 933 4303 τῷ
961 4231 1004 4296 ζ’
1041 4233 1226 4287 κανόνι
1274 4235 1374 4305 τῆς
1434 4238 1485 4304 ἠ’
1537 4231 1756 4285 συνόδου
1815 4231 1982 4300 ἐγρά-

405 4328 439 4399 ς
459 4343 597 4398 ἰμεν
629 4325 866 4398 διάφορά
889 4343 1011 4379 τινα
1029 4323 1273 4396 περὶτοῦ
1295 4325 1412 4389 πῶς
1431 4323 1710 4394 ὀφείλουσι
1736 4323 1982 4393 γίνεσθαι

399 4421 472 4474 τὰ
504 4421 879 4490 μοναστήρια·
935 4419 1028 4471 καὶ
1055 4416 1331 4487 ἀνάγνωθι
1377 4417 1572 4473 ταῦτα.
1613 4417 1673 4471 Ὀ
1702 4416 1760 4470 δὲ
1790 4416 1982 4482 παρὼν

404 4511 585 4566 κανών
621 4527 786 4582 φησιν
812 4511 908 4577 ὡς,
941 4513 1066 4562 ἐπεί
1102 4527 1248 4574 τινες
1274 4510 1498 4582 ὀνόματι
1528 4511 1672 4581 μόνῳ
1704 4526 1981 4580 μοναστη-

404 4600 526 4671 ρίου
559 4602 652 4659 τὸν
689 4601 820 4655 Θεὸν
859 4601 1184 4668 δεξιοῦνται,
1217 4605 1330 4666 τοῖς
1389 4602 1678 4672 πράγμασι
1706 4601 1761 4655 δέ
1792 4601 1886 4655 καὶ
1914 4602 1981 4672 τῇ

405 4693 634 4766 ἀληθείᾳ
663 4695 879 4750 θέλουσι
923 4695 1087 4749 πάλιν
1122 4695 1569 4764 κατεξουσιάζειν
1602 4697 1712 4749 τῶν
1738 4698 1981 4765 ἀφιερω-

407 4784 608 4838 Θὲντων
639 4787 810 4858 αὐτῷ,
835 4788 1225 4858 ἐκποιούμενοι
1257 4787 1431 4844 ταῦτα
1469 4785 1653 4850 καθὼς
1708 4787 1776 4840 ἂν
1826 4785 1984 4857 θελή-

407 4893 618 4943 σουσιν,
653 4879 754 4934 οὐκ
789 4879 996 4949 ὀφείλει
1027 4879 1408 4950 ἀνεγείρεσθαι
1451 4877 1820 4949 μοναστήριον
1853 4877 1981 4930 ἄνευ

406 4969 668 5042 εἰδήσεως
696 4971 788 5025 τού
815 4971 1082 5042 ἐγχωρίου
1117 4971 1442 5024 ἐπισκόπου.
1478 4963 1644 5030 Οὗτος
1680 4969 1788 5038 γὰρ
1846 4968 1984 5037 μετά

404 5062 468 5115 τὸ
497 5063 721 5134 ποιῆσαι
741 5063 839 5134 τὴν
867 5061 1224 5133 ὀφειλομένην
1268 5061 1432 5131 εὐχὴν
1455 5059 1533 5132 τῷ
1575 5057 1810 5128 θεμελίῳ
1849 5056 1986 5128 (45),

404 5153 574 5226 ἥγουν
601 5156 662 5208 τὸ
712 5159 1136 5226 σταυροπὴγιον,
1188 5153 1474 5224 ἐπιτρέψει
1513 5151 1612 5222 μέν
1655 5150 1754 5220 τὴν
1787 5150 1986 5202 οἰκοδο-

403 5246 538 5318 μὴν,
567 5247 1050 5318 ἐγκαταγράψεται
1108 5245 1166 5299 δὲ
1217 5245 1316 5299 καὶ
1358 5247 1417 5298 ἐν
1477 5243 1676 5314 βρεὸίῳ
1721 5243 1792 5295 τὰ
1847 5243 1986 5313 πρὶς

401 5340 716 5408 οἰκονομίαν
744 5341 842 5410 τῆς
871 5340 1038 5411 μονῆς
1071 5339 1168 5392 καὶ
1216 5335 1553 5406 αὐτάρκειαν
1583 5326 1692 5387 τῶν
1731 5332 1983 5402 μοναχῶν

403 5432 678 5502 μέλλοντα
707 5434 926 5504 δοθῆναι
957 5432 1111 5504 παρᾶ
1138 5429 1234 5484 τοῦ
1281 5429 1580 5500 δομήτορος
1615 5427 1710 5480 καὶ
1738 5425 1869 5479 αὐτὸ
1919 5424 1981 5478 τὸ

2010 4479 2062 4539 D

2723 886 2951 942 ΟΛΝΟΝ
2991 889 3032 940 1.

2093 1023 2112 1055 1
2154 1002 2263 1059 Res
2293 1003 2430 1058 adeo
2460 1003 2771 1057 veneranda
2805 1011 2856 1056 et
2890 1003 3251 1070 honorabilis,
3308 1013 3363 1059 et
3411 1021 3441 1059 ιι
3490 1006 3668 1063 beatis

2163 1114 2181 1148 1
2218 1104 2273 1150 et
2309 1095 2518 1151 sanctis
2567 1094 2824 1150 Pati-ibus
2873 1097 3076 1151 nostris
3112 1097 3223 1168 jam
3276 1098 3405 1152 olim
3444 1099 3670 1168 pulchre

2165 1206 2182 1239 1
2224 1186 2559 1257 excogitata,
2629 1188 3088 1242 tttOnasteriorum
3138 1189 3451 1254 aedilit-atio,
3510 1191 3671 1246 hodie

2160 1299 2179 1331 1
2220 1281 2360 1334 male
2419 1271 2648 1350 geritur.
2725 1277 2980 1334 Nonnulli
3044 1281 3188 1335 euittt
3223 1284 3339 1338 suis
3396 1285 3570 1353 copiis
3619 1298 3667 1338 et

2160 1390 2179 1424 1
2220 1370 2577 1427 facultatibus
2609 1387 2806 1426 nomen
2858 1375 3176 1428 monasterii
3215 1375 3582 1446 imponi-ntcs.
3615 1388 3669 1432 et

2159 1481 2178 1514 1
2219 1478 2315 1519 eas
2375 1463 2484 1518 Deo
2536 1463 2883 1520 sanctilieare
2941 1465 3282 1536 proﬁtentes,
3340 1483 3399 1522 se
3478 1484 3666 1523 eorum

2161 1573 2182 1606 1
2220 1570 2342 1625 quae
2374 1565 2500 1610 sunt
2535 1565 2857 1609 consecrata
2926 1555 3179 1629 dontinos
3230 1557 3561 1623 inscribunt,
3615 1573 3671 1614 et

2158 1662 2176 1698 1
2218 1644 2326 1700 Deo
2355 1645 2612 1701 dedicare
2667 1647 2781 1700 sola
2815 1647 3177 1717 appellatione
3225 1650 3528 1704 machinari
3585 1652 3674 1706 de-

2163 1758 2183 1792 1
2226 1746 2536 1795 creverunt.
2593 1740 2852 1794 Eamdem
2925 1741 3070 1795 enim
3130 1751 3457 1812 potestatem
3503 1745 3668 1799 etiam

2162 1849 2180 1882 1
2225 1839 2346 1902 post
2379 1834 2851 1887 consecrationem
2901 1831 3007 1888 sibi
3065 1849 3336 1904 usurpare
3395 1851 3505 1890 non
3541 1851 3672 1891 eru-

2156 1943 2174 1976 1
2223 1926 2472 1990 bescunt,
2505 1941 2666 1996 quam
2700 1925 2852 1994 prius
2907 1925 3108 1982 habere
3157 1941 3262 1981 non
3299 1927 3622 1984 vetabantur
3655 1949 3668 1983 :

2158 2037 2177 2070 1
2217 2027 2272 2074 ct
2301 2026 2450 2073 tanta
2483 2018 2559 2074 rei
2585 2019 2918 2089 cauponatio
2975 2019 3216 2075 adhibita
3247 2031 3353 2089 est,
3392 2031 3450 2076 ut
3500 2025 3668 2077 multa

2163 2125 2182 2158 1
2219 2123 2410 2162 eorum
2457 2123 2578 2178 qua:
2632 2119 2759 2163 sunt
2791 2117 3134 2176 consecrata,
3181 2111 3248 2166 ab
3283 2111 3350 2166 iis
3402 2113 3532 2182 ipsis
3577 2115 3673 2183 qui

2161 2219 2179 2251 1
2217 2207 2636 2266 consecrarunt,
2659 2199 2871 2254 vendita
2898 2213 3213 2268 cernantur,
3256 2201 3671 2258 admirationem

2161 2312 2179 2345 1
2216 2302 2270 2346 et
2316 2290 2502 2346 odium
2557 2291 2612 2345 in
2666 2291 2800 2360 ipsis
2871 2292 3182 2350 videntibus
3231 2295 3562 2362 excitantia;
3619 2307 3674 2351 «ι

2161 2405 2179 2437 ι
2224 2395 2432 2440 tantunt
2486 2384 2640 2441 abest
2688 2395 2747 2440 ut
2778 2385 2941 2440 ullam
2995 2395 3158 2457 agant
3189 2389 3561 2458 paenitentiam
3605 2394 3674 2442 ob

2161 2499 2179 2531 1
2218 2480 2294 2546 id,
2323 2479 2468 2551 quod
2495 2495 2685 2534 eorum
2757 2496 2878 2551 qua:
2926 2478 3032 2534 Dio
3087 2481 3336 2536 dedicata
3394 2491 3519 2538 stmt
3568 2485 3672 2538 sibi

2163 2592 2182 2624 1
2219 2580 2545 2642 potestatem
2575 2571 2897 2639 attribuant,
2933 2581 2994 2627 ut
3021 2573 3184 2627 etiam
3247 2589 3367 2629 eam
3417 2576 3481 2630 ad
3534 2578 3674 2632 alios

2161 2683 2179 2716 1
2227 2663 2346 2719 sine
2374 2671 2519 2718 ntetu
2556 2663 2950 2719 transmittant.
3009 2663 3172 2736 332
3207 2662 3501 2735 Propterea
3543 2684 3673 2737 ergo

2163 2778 2180 2810 1
2221 2765 2411 2812 sancta
2472 2756 2718 2812 deﬁnivit
2778 2757 3063 2828 synodus,
3121 2767 3179 2814 ut
3257 2761 3456 2816 nemini
3518 2762 3675 2816 liceat

2166 2869 2183 2901 1
2230 2851 2623 2906 monasterium
2689 2849 2964 2906 a‘diiicare
3015 2853 3221 2922 absque
3265 2855 3504 2925 episcopi
3551 2872 3676 2912 sen-

2160 2965 2178 2995 1
2221 2943 2389 2999 tentia
2421 2952 2478 2997 et
2527 2943 2776 2998 consilio.
2831 2943 2927 2998 Illo
2973 2951 3154 2998 autent
3201 2947 3408 3001 sciente
3457 2955 3511 3001 et
3552 2965 3674 3017 per-

2164 3057 2180 3086 1
2222 3039 2494 3098 mittente,
2525 3045 2579 3088 ct
2624 3033 2864 3089 debitam
2923 3035 3225 3091 orationem
3271 3049 3584 3107 perage-nte,
3620 3049 3675 3094 ut

2162 3147 2181 3180 1
2228 3129 2294 3182 ab
2323 3127 2565 3197 antiquis
2600 3127 2688 3197 pie
2733 3143 2797 3180 ac
2853 3126 3107 3195 religiose
3132 3139 3350 3182 eauttnn
3401 3138 3506 3196 est,
3554 3147 3671 3184 mo-

2162 3240 2180 3270 1
2227 3220 2525 3273 nastcrium
2549 3217 2772 3288 quidem
2839 3217 3186 3274 atdiftcetttr:
3235 3226 3419 3274 omnia
3468 3234 3674 3288 autem,

2162 3329 2178 3360 1
2217 3328 2337 3379 qua:
2390 3311 2455 3362 ad
2507 3309 2681 3378 ipsuttt
2766 3311 3060 3379 pertinent,
3119 3327 3242 3364 cuttt
3298 3313 3389 3366 illo
3447 3315 3564 3383 ipso
3619 3317 3672 3370 itt

2165 3422 2183 3454 1
2224 3402 2379 3457 Brevi
2412 3403 2807 3467 inseribantur,
2840 3414 2892 3458 ct
2926 3405 2978 3457 in
3020 3406 3425 3476 episcopi-ilibus
3484 3411 3671 3464 archi-

2165 3513 2182 3546 1
2225 3496 2307 3549 vis
2371 3503 2736 3566 reponantur;
2791 3493 2936 3548 nullo
2991 3496 3151 3549 modo
3203 3505 3525 3566 potestatem
3575 3499 3675 3552 ha-

2162 3609 2180 3638 1
2223 3589 2384 3642 bente
2406 3603 2471 3641 eo
2493 3586 2584 3658 qui
2604 3596 2907 3653 consecrat,
2927 3588 3166 3659 seipsmn
3215 3603 3412 3661 praeter
3431 3593 3672 3662 episcopi

2162 3699 2180 3730 1
2222 3680 2550 3754 sententiam
2583 3680 2922 3750 praafeetum,
2960 3683 3038 3736 vel
3096 3699 3194 3752 pro
3224 3699 3282 3738 se
3310 3685 3499 3750 alium,
3531 3700 3669 3738 eon-

2165 3791 2182 3822 1
2217 3774 2472 3826 stituere.
2527 3772 2585 3824 Si
2643 3774 2789 3826 enim
2841 3789 3062 3837 eorum,
3115 3790 3238 3844 qua:
3288 3777 3495 3830 homini
3544 3779 3670 3848 quis

2160 3881 2177 3912 1
2222 3862 2469 3932 largitur,
2519 3862 2775 3918 dominus
2817 3866 3051 3934 amplius
3099 3882 3221 3920 esse
3271 3882 3380 3920 non
3440 3881 3665 3936 potest:

2157 3969 2174 4002 1
2214 3955 2493 4023 quomodo
2588 3969 2777 4009 eorum
2850 3972 2973 4025 qua:
3059 3955 3170 4011 Deo
3239 3960 3548 4014 sanctiﬁcat
3619 3971 3672 4014 et
3755 3954 3758 3955 ⁷

2169 4065 2188 4098 1
2224 4046 2438 4102 dedicat
2496 4047 2768 4118 quispiam
2818 4049 2921 4104 sibi
2964 4049 3265 4105 dominium
3309 4053 3553 4121 arripere
3595 4055 3670 4107 si-

2166 4159 2184 4192 1
2223 4140 2422 4195 netur?
2445 4159 2466 4193 ι

2157 4232 2357 4288 BALS.
2388 4232 2444 4287 lu
2478 4232 2716 4303 septimo
2751 4248 2966 4289 canone
2999 4234 3029 4286 7
3066 4249 3189 4306 syn.
3219 4236 3494 4307 permulta
3520 4238 3668 4294 scri-

2088 4327 2322 4397 psimus,
2373 4334 2649 4397 quomodo
2713 4326 2831 4381 ﬁeri
2882 4327 3127 4384 debeant
3179 4331 3562 4386 monasteria:
3615 4338 3671 4384 et

2089 4420 2208 4492 lege
2235 4435 2319 4475 ea.
2367 4419 2618 4475 Praesens
2646 4427 2827 4474 autem
2879 4433 3057 4474 canon
3111 4419 3279 4486 dicit,
3336 4421 3481 4490 quod
3528 4439 3669 4491 quo-

2092 4513 2239 4566 niam
2298 4511 2558 4566 nonnulli
2636 4512 2759 4566 solo
2823 4512 3046 4567 nomine
3119 4514 3437 4568 monasterii
3502 4513 3668 4568 Deum

2090 4605 2560 4674 complectuntur,
2591 4619 2651 4659 re
2679 4611 2866 4658 autem
2895 4614 2950 4657 et
2988 4603 3221 4659 veritate
3259 4611 3451 4661 volunt
3483 4605 3538 4661 itt
3581 4623 3668 4669 ea,

2087 4711 2213 4767 quae
2247 4695 2322 4749 illi
2350 4694 2601 4750 dedicata
2630 4706 2783 4760 sunt,
2816 4702 3140 4766 potestatem
3169 4697 3369 4752 iterum
3391 4698 3667 4761 obtinere,

2087 4804 2151 4845 ea
2184 4798 2242 4844 ut
2272 4790 2462 4845 volunt
2489 4791 2836 4855 alienantcs,
2888 4791 3297 4846 monasterium
3353 4792 3474 4847 sine
3522 4793 3670 4844 illius

2092 4883 2336 4951 regionis
2364 4881 2611 4953 episcopi
2641 4897 2918 4940 consensu
2946 4882 3210 4937 aediﬁcari
3257 4898 3362 4937 non
3401 4883 3585 4936 debet.
3624 4883 3669 4932 l1

2088 4975 2234 5028 enim
2270 4984 2564 5044 postquam
2600 4976 2840 5031 debitam
2891 4979 3194 5032 orationem
3228 4976 3282 5029 iu
3307 4976 3672 5029 fundamento

2090 5066 2156 5118 ad
2192 5063 2360 5118 Deum
2416 5065 2647 5130 fuderit,
2705 5081 2799 5123 seu
2832 5083 2932 5138 pos
2987 5069 3170 5122 crucis
3219 5065 3500 5128 ﬁxinnem,
3542 5081 3670 5135 per-

2090 5158 2270 5210 tttittet
2316 5157 2534 5227 quidem
2577 5161 3028 5222 milii‘tcatiouem.
3083 5165 3140 5212 et
3196 5157 3248 5210 itt
3299 5155 3454 5211 Brevi
3501 5160 3666 5211 etiam

2087 5247 2388 5315 describet,
2423 5266 2546 5317 qua:
2590 5251 2659 5305 ad
2709 5249 3034 5304 monasterii
3093 5249 3560 5317 dispensationem
3617 5260 3670 5303 et

2095 5341 2500 5394 monachorum
2533 5342 2920 5397 suﬁieientiam
2962 5341 3031 5396 ab
3080 5349 3433 5395 cxstructore
3487 5341 3668 5395 danda

2093 5441 2242 5495 sunt,
2274 5440 2328 5485 ct
2361 5433 2540 5501 ipsum
2575 5439 2742 5488 ctiam
2773 5433 3168 5490 monasterium
3208 5448 3223 5488 :
3281 5441 3340 5486 ιιι
3394 5431 3565 5488 Breve
3612 5435 3666 5487 in

1127 5617 1131 5620 η
1619 5539 1806 5603 Guill.
1843 5542 2166 5622 Beveregii
2210 5555 2401 5609 notae.

446 5668 830 5752 .(45)E1'J;4hr
856 5668 938 5736 τῷ
983 5668 1258 5741 θεμελίῳ.
1322 5663 1639 5738 Legendtttn
1681 5665 1846 5738 εὐχὴν
1880 5665 1972 5720 ἐπὶ

2115 5669 2375 5744 θεμελίῳ,
2410 5671 2568 5744 juxta
2627 5688 2764 5731 mss.
2846 5673 3345 5731 Amerbacbianum
3407 5687 3458 5732 et
3517 5675 3671 5730 Αἰιο-

407 5755 651 5799 mensem

1470 5869 1553 5877 ρ.-.

1900 5887 1999 5894 φ-ν·
