4074 6214
380 382 518 449 1009

1564 383 1638 441 IN
1667 383 1829 442 CAN.
1880 381 1902 440 1
1940 379 2149 442 CONC.
2195 383 2403 443 Cl’OL.

3407 325 3411 329 Ι
3462 376 3610 441 1010

373 496 691 552 ἐπισκόπων
740 496 1180 567 χειροτονεῖσθαι.
1234 497 1342 549 Καὶ
1387 498 1447 550 τδ
1476 493 1520 560 ζ’
1557 513 1682 563 use.
1739 493 1836 548 τοῦ
1893 490 1944 562 γ’

2053 500 2156 556 line
2216 502 2332 556 haec
2389 515 2644 570 expresse
2715 495 2980 551 decernit.
3045 491 3306 563 Reg-iouis
3373 490 3617 561 episcopi

373 588 559 642 τίτλου
630 587 724 640 τοῦ
775 585 819 640 ε’
876 587 1085 657 βιϐλίου
1127 587 1427 656 διορίζεται
1485 587 1616 658 περὶ
1666 587 1729 638 τὸ
1785 586 1938 647 τέλος

375 679 546 732 ταῦτα
577 679 754 750 ῥητῶς
780 695 795 710 ο
824 677 948 732 Τῶν
978 679 1116 732 κατὰ
1144 679 1308 732 τόπον
1335 679 1650 732 ἐπισκόπων
1674 679 1949 730 ἐποπτευ-

373 769 570 833 όντων,
612 771 662 822 εῖ
691 770 872 832 καλῶς
907 771 939 840 ἡ
969 770 1237 841 διοίκησις
1267 770 1554 840 προϐαίνει
1577 787 1593 802 ·
1644 771 1736 822 καὶ
1783 771 1833 822 εί
1861 768 1952 821 εὖ-

376 879 511 931 ρωσι
545 863 618 931 μὴ
662 861 965 931 χρησίμους
1020 861 1176 924 ὄντας
1218 863 1344 919 τοὺς
1399 863 1700 928 διοικητὰς,
1761 861 1950 915 ἄδειαν

376 953 608 1022 ἐχόντων
642 953 770 1006 ἄνευ
802 950 1007 1020 ζημίας
1060 954 1254 1016 ἄλλους
1322 953 1443 1006 ἀντὶ
1502 952 1708 1006 τούτων
1756 954 1949 1019 ἐπιτη-

374 1043 548 1105 δείους
577 1047 773 1099 ποιεῖν.
809 1044 974 1096 Ὥστε
1037 1044 1140 1098 κᾶν
1202 1047 1350 1108 ὅπως
1399 1045 1832 1114 ἐπιστηριχθῶσι
1881 1045 1951 1097 τὰ

377 1135 717 1203 παρανόμως
755 1137 788 1208 ἢ
831 1138 1204 1200 ἀκανονίστως
1234 1140 1345 1199 τοῖς
1399 1139 1647 1197 τοπικοῖς
1694 1136 1949 1206 περιεχό-

381 1241 540 1291 μενα,
573 1225 636 1276 ού
689 1227 1076 1294 κρατήσουσιν.
1117 1225 1240 1278 Ἔτι
1279 1227 1544 1294 ἐρωτήσει
1597 1243 1706 1290 τις,
1758 1226 1806 1278 εί
1844 1227 1951 1294 ἄρα

377 1316 485 1368 ἀπὸ
516 1315 610 1368 τοῦ
635 1315 964 1385 διορίζεσθαι
991 1321 1081 1370 τὸν
1107 1319 1308 1371 κανόνα
1343 1316 1487 1388 ἔχειν
1515 1317 1608 1370 τὸν
1651 1317 1950 1370 ἐπίσκοπον

376 1407 602 1460 τοιαῦτα
636 1408 819 1462 δίκαια
858 1411 915 1461 ἐν
965 1409 1043 1479 τῷ
1092 1410 1362 1462 κτισθέντι
1417 1409 1568 1480 παρά
1589 1427 1732 1472 τινος
1785 1425 1952 1475 μονα·

379 1502 589 1572 στηρίῳ
636 1503 715 1564 είς
755 1501 854 1572 τὴν
884 1502 1099 1572 ἐνορίαν
1155 1501 1342 1566 αὐτοῦ,
1399 1503 1493 1555 καὶ
1521 1501 1839 1555 ἀποκεῖσθαι
1892 1501 1952 1553 ἐν

379 1594 496 1653 τοῖς
529 1593 772 1662 ἀρχείοις
795 1595 893 1663 τῆς
924 1595 1231 1662 ἐπισκοπῆς
1264 1595 1325 1647 τὸ
1356 1593 1574 1663 βρέϐιον
1612 1597 1823 1656 τούτου,
1856 1596 1945 1645 ἐκ·

377 1687 638 1755 χωρεῖται
674 1686 825 1757 αύτῷ
862 1687 1256 1756 παραπέμπειν
1283 1685 1438 1739 τοῦτο
1477 1686 1605 1738 ἔνθα
1665 1686 1942 1755 βούλεται,

379 1778 474 1829 καὶ⁵
508 1775 695 1840 ἁπλῶς
726 1777 1082 1848 κυριαρχικδν
1106 1778 1314 1831 δίκαιον
1343 1778 1489 1846 ἔχειν
1531 1779 1618 1830 ἐπ’
1644 1777 1815 1846 αὐτῷ.
1841 1779 1948 1830 Νο-

383 1869 528 1938 μίζω
557 1869 653 1924 οὖν
678 1869 752 1933 ὡς
780 1871 847 1923 ὲκ
869 1871 965 1925 τοῦ
998 1872 1222 1934 κανόνος
1249 1871 1438 1925 τούτου
1475 1872 1574 1924 οὐκ
1612 1871 1830 1941 ἐνεδόθη
1871 1871 1950 1941 τῷ

376 1962 662 2032 ἐπισκόπῳ
707 1962 1150 2030 κατεξουσιάζειν
1191 1962 1287 2016 τοῦ
1333 1963 1724 2033 μοναστηρίου,
1751 1961 1829 2024 ὡς
1859 1961 1952 2014 δε-

383 2055 656 2118 σποτικῶς
684 2055 1030 2125 διαφέροντος
1059 2057 1126 2125 τῆ
1154 2054 1418 2126 ἐκκλησίᾳ
1446 2055 1634 2108 αὐτοῦ’
1660 2053 1776 2106 ἀλλῒ
1801 2054 1950 2123 ἔχειν

382 2146 519 2215 μόνα
553 2147 740 2200 δίκαια
770 2147 1105 2200 ὲπισκοπικὰ
1133 2146 1224 2198 ἐπ’
1261 2146 1434 2215 αὐτῷ.
1487 2145 1611 2198 Elui.
1649 2145 1704 2198 δέ
1752 2143 1948 2209 ταῦτα,

378 2239 666 2307 ἀνάκρισις
693 2239 800 2291 τῶν
826 2239 1074 2308 ψυχικῶν
1104 2238 1452 2306 σφαλμάτων,
1487 2240 1811 2308 ἐπιτήρησις
1841 2254 1951 2290 των

375 2327 726 2381 διοικούντων
777 2328 930 2392 αὐτὸ,
983 2328 1226 2398 ἀναφορὰ
1276 2329 1368 2381 τοῦ
1421 2329 1685 2395 ὀνόματος
1738 2329 1948 2393 τούτου,

383 2419 479 2472 καὶ
506 2420 742 2488 σφραγὶς
786 2421 880 2472 τοῦ
923 2421 1249 2489 ἡγουμένου.
1292 2420 1768 2491 Συντηρηθήσεται
1797 2417 1888 2472 οὗν
1913 2422 1948 2490 ἡ

385 2511 523 2581 μονὴ
557 2511 817 2582 ἐλευθέρα
843 2512 938 2564 καὶ
965 2511 1087 2564 καθ’
1119 2512 1318 2582 ἑαυτὴν
1361 2511 1748 2580 διεξαγομὲνη,
1788 2513 1948 2563 ἀνεκ-

381 2604 604 2672 ποίητος
631 2604 722 2655 καὶ
759 2602 1057 2673 ἀδώρητος.
1099 2603 1158 2655 Ὀ
1191 2602 1245 2656 δέ
1275 2603 1415 2656 κατὰ
1443 2601 1628 2672 χώραν
1660 2602 1949 2673 ἀρχιερεὺς

377 2695 491 2760 ἕξει
521 2698 610 2748 ἐπ’
640 2697 776 2767 αὐτῇ
815 2696 952 2765 μόνα
977 2695 1044 2748 τὰ
1075 2693 1306 2764 ρηθέντα
1353 2693 1688 2747 mamma
1728 2693 1935 2746 δίκαια.

381 2789 491 2842 Καὶ
517 2787 635 2840 ἀπο
654 2787 751 2857 μὲν
793 2789 885 2840 τοῦ
922 2787 1187 2857 παρόντος
1236 2787 1457 2849 κανόνος
1505 2788 1600 2840 κοιλ⁸
1636 2786 1694 2850 ἐξ
1740 2787 1848 2852 ἑτέ.
1873 2804 1949 2838 ων

376 2880 653 2948 διαφόρων
682 2882 864 2949 νόμων
891 2881 984 2933 καὶ
1022 2881 1260 2935 κανόνων
1298 2879 1614 2948 ἐξεχωρήθη
1653 2879 1803 2948 παρὰ
1852 2879 1947 2932 τοῦ

381 2973 710 3042 βουλομένου
767 2973 1145 3042 ἁνεγείρεσϐαι
1205 2974 1568 3042 μοναστήριον
1625 2972 1687 3023 ἐκ
1727 2973 1943 3037 καινῆς,

377 3067 518 3117 κατὰ
548 3065 647 3133 τὴν
695 3065 976 3133 παροῦσαν
1024 3066 1383 3132 θεσμοθεσίαν
1408 3082 1422 3094 ·
1473 3064 1591 3134 ἠδὲ
1631 3065 1819 3132 Νεαρᾶ
1847 3065 1944 3118 τοῦ

1977 1834 2026 1893 Β

2053 594 2392 654 observent,
2457 608 2524 646 an
2593 599 2739 646 recte
2820 586 3226 642 administratio
3309 581 3620 652 procedat;

2052 695 2106 740 et
2175 687 2220 739 si
2281 685 2588 738 invenerint
2654 696 2763 735 non
2829 694 2952 734 esse
3011 677 3150 742 frugi
3215 675 3625 729 administrato-

2055 794 2164 838 res.
2219 787 2537 847 potestatem
2606 775 2843 828 habeant
2886 772 3020 826 citra
3092 769 3261 825 ullum
3322 767 3625 822 detrimen-

2054 882 2168 925 tum
2223 872 2360 922 alios
2409 886 2506 938 pro
2546 869 2613 922 iis
2645 878 2805 936 aptos
2854 874 2902 919 et
2953 863 3181 918 idoneos
3226 856 3619 914 constituendi.

2053 963 2234 1028 Quare
2303 959 2804 1028 qttomodoeunque
2865 955 3187 1010 conﬁrmata
3258 962 3312 1006 et
3360 949 3624 1004 corrobo-

2052 1065 2170 1110 rata
2231 1055 2476 1116 fuerint,
2525 1069 2643 1122 qnae
2680 1051 2902 1107 statutis
2959 1049 3221 1102 adversus
3276 1059 3516 1099 canones
3567 1050 3621 1096 et

2055 1149 2204 1209 leges
2235 1147 2611 1208 continentur,
2654 1159 2762 1197 non
2793 1143 3079 1197 valebunt.
3127 1140 3396 1193 Prtcterea
3447 1137 3619 1190 inter~

2053 1239 2322 1304 rogaverit
2386 1236 2711 1304 qttispi:nn,,
2749 1249 2816 1288 an
2881 1249 2945 1287 ex
3005 1247 3092 1290 eo,
3156 1229 3298 1294 quod
3365 1229 3623 1281 decernat

2052 1346 2226 1384 canon
2258 1329 2573 1396 episcopum
2637 1342 2698 1380 ea
2767 1325 2968 1378 habere
3019 1323 3142 1392 jura
3204 1323 3255 1372 in
3290 1317 3624 1373 monasterio

2050 1421 2208 1492 333
2237 1421 2306 1474 ab
2347 1419 2528 1488 aliquo
2574 1419 2626 1472 in
2679 1433 2775 1471 sua
2831 1413 3053 1469 dicm-esi
3101 1411 3368 1467 aediﬁcato
3397 1449 3413 1472 ,
3467 1419 3518 1463 et
3569 1410 3622 1462 in

2052 1514 2290 1570 archivis
2320 1513 2668 1580 episcopatus
2691 1509 2858 1564 Breve
2884 1508 3048 1577 hujus
3079 1521 3200 1562 esse
3227 1503 3622 1572 reponendum,

2054 1606 2155 1674 ipsi
2193 1605 2534 1673 permittatur
2573 1603 2637 1656 ad
2707 1617 3087 1670 quemcunque
3128 1599 3256 1653 velit
3281 1597 3410 1650 illud
3447 1605 3628 1648 trans-

2053 1695 2289 1757 mittere,
2314 1703 2388 1756 ρι,
2426 1703 2483 1746 ιιι
2513 1693 2678 1746 semel
2709 1693 2906 1753 dicam,
2935 1690 3025 1758 jus
3057 1687 3282 1741 dominii
3319 1686 3371 1739 in
3409 1700 3474 1739 eo
3526 1682 3626 1735 ob-

2052 1787 2245 1841 tinere.
2278 1785 2542 1840 Existimo
2567 1800 2721 1854 ergo,
2751 1784 2894 1852 quod
2928 1797 2991 1836 ex
3031 1781 3136 1835 hoc
3166 1793 3379 1832 canone
3402 1792 3508 1830 non
3542 1783 3627 1830 est

2058 1876 2313 1945 episcopo
2344 1888 2689 1932 concessum,
2714 1880 3032 1938 potestatem
3066 1869 3120 1922 in
3149 1869 3200 1921 id
3231 1863 3624 1921 monasterium

2056 1969 2303 2023 obtinere
2323 2006 2339 2030 ,
2385 1974 2638 2031 tanquam
2674 1962 2738 2016 ad
2770 1961 2890 2031 ejus
2921 1960 3208 2016 ecclesiam
3246 1957 3370 2024 jure
3396 1953 3623 2009 dominii

2055 2059 2364 2128 pertineat:
2392 2057 2486 2111 sed
2523 2055 2684 2109 habet
2715 2056 2766 2108 in
2789 2070 2854 2107 eo
2878 2060 3086 2106 tantum
3115 2052 3238 2122 jura
3271 2045 3622 2118 episcopalis.

2057 2150 2132 2206 Ea
2169 2158 2347 2203 autem
2383 2157 2531 2213 sunt,
2561 2147 2882 2202 delictorum
2914 2145 3109 2198 animat
3139 2140 3490 2201 examinatio,
3519 2137 3622 2191 ob.

2057 2241 2292 2298 servatio
2319 2254 2505 2294 eorum
2534 2238 2626 2307 qui
2656 2237 2747 2291 illa
2779 2236 3168 2292 administrant
3196 2272 3210 2296 ,
3241 2233 3360 2300 ejus
3388 2227 3624 2282 nominis

2059 2330 2249 2386 relatio
2289 2340 2343 2385 et
2391 2329 2628 2400 prafecti
2683 2328 2974 2382 ordinatio.
3020 2323 3444 2382 Conservabitur
3494 2337 3624 2389 ergo

2059 2423 2446 2479 monasterium
2486 2423 2718 2478 liberum
2772 2430 2825 2476 et
2883 2436 2978 2491 per
3031 2435 3090 2475 se
3140 2416 3623 2476 administratum,

2057 2532 2165 2572 non
2196 2513 2479 2570 alienabilc
2511 2528 2612 2570 nec
2641 2514 2914 2570 donabile.
2946 2512 3098 2567 Illius
3144 2517 3321 2564 autem
3362 2507 3624 2574 regionis.

2057 2610 2110 2663 in
2139 2623 2245 2676 qua
2286 2607 2448 2663 situm
2486 2616 2590 2671 est,
2628 2606 2858 2661 antistes
2883 2604 3028 2659 dicta
3063 2604 3238 2658 solum
3262 2602 3385 2672 jura
3410 2599 3622 2668 episeo-

2055 2699 2195 2771 palia
2223 2701 2367 2756 ineo
2400 2700 2620 2755 habebit
2652 2717 2667 2754 :
2698 2711 2750 2754 et
2778 2715 2804 2750 a
2847 2698 3094 2768 prtesenti
3129 2697 3347 2766 quidem
3391 2712 3624 2757 canone,
3677 2685 3680 2688 ’

2055 2803 2110 2848 et
2141 2794 2210 2847 ab
2234 2793 2360 2847 aliis
2381 2792 2614 2847 diversis
2643 2789 2849 2860 legibus
2877 2798 2930 2844 et
2959 2789 3265 2844 canonibus
3301 2803 3626 2844 concessum

2055 2891 2158 2947 est,
2189 2892 2268 2948 ttt,
2303 2886 2395 2953 qui
2419 2885 2599 2948 vellet,
2630 2883 2957 2937 monasteria
2995 2897 3130 2936 nova
3164 2889 3492 2944 exstrueret,
3527 2878 3626 2930 ob—

2055 2979 2288 3034 servatis
2321 2979 2424 3032 ritu
2471 2987 2524 3032 et
2571 2978 2742 3030 forma
2771 2976 2858 3029 hic
2883 2975 3235 3044 prtescriptis.
3271 2975 3386 3042 Imp
3446 2981 3624 3024 autem

2055 3069 2260 3122 domini
2292 3068 2579 3138 Nicepltori
2604 3069 2799 3123 Pltocm
2827 3062 3044 3122 Novella
3071 3066 3335 3128 decernit,
3364 3079 3470 3117 non
3504 3078 3627 3114 esse

379 3157 648 3226 βασιλέως
679 3157 848 3227 κυροῦ
870 3159 1188 3228 Νικηφόρου
1225 3158 1338 3227 (46)
1371 3157 1464 3210 τοῦ
1507 3159 1671 3210 Φωκᾶ
1721 3158 1946 3225 διορίζε-

2056 3163 2123 3218 de
2159 3177 2298 3216 novo
2329 3160 2694 3216 construenda
2719 3157 3047 3212 monasteria
3077 3197 3091 3218 ,
3121 3156 3202 3209 vel
3238 3152 3578 3208 xenodochia
3611 3191 3624 3213 ,

377 3267 466 3302 ται
501 3249 574 3318 μὴ
619 3249 1130 3313 κατασκευάζεσθαι
1179 3251 1375 3303 νεωστὶ
1413 3253 1772 3320 μοναστήρια,
1801 3251 1832 3321 ἢ
1867 3253 1952 3315 ξε-

377 3341 574 3403 νῶνας,
609 3340 642 3411 ἢ
675 3343 1040 3409 γηροκομεῖα,
1063 3343 1094 3412 ἢ
1116 3341 1311 3406 ἄλλους
1339 3343 1555 3410 εὐαγεῖς
1581 3344 1785 3408 οἴκους,
1816 3342 1950 3396 ἀλλὰ

376 3433 485 3486 τῶν
509 3434 795 3502 παρόντων
822 3433 1200 3502 ἐπιμελεῖσθαι
1222 3453 1236 3467 ο
1261 3436 1358 3488 καὶ
1389 3435 1715 3504 προστίθησι
1738 3435 1865 3504 περὶ
1887 3434 1950 3486 τὸ

373 3527 528 3589 τέλος
556 3524 730 3579 ταῦτα
759 3526 961 3596 ῥητῶς
995 3526 1158 3581 ’Ὥστε
1179 3527 1288 3582 ἀπὸ
1317 3526 1410 3582 τοῦ
1434 3525 1549 3590 νῦν,
1575 3527 1712 3598 ὅπερ
1742 3528 1887 3583 ἐστὶν
1914 3528 1948 3600 ἡ

376 3617 641 3688 ἀρχὴτῆς
673 3619 907 3688 ἑϐδόμης
953 3619 1302 3681 ίνδικτιῶνος,
1368 3620 1559 3689 μηδενὶ
1610 3620 1812 3684 ἐξέστω
1871 3621 1947 3691 μὴ

373 3710 596 3774 τύπους,
634 3709 708 3779 μὴ
735 3709 942 3780 ἀγροὺς
977 3710 1362 3778 μοναστηρίοις
1391 3709 1422 3780 ἢ
1447 3708 1675 3775 ξενῶσιν
1700 3711 1948 3764 ὁπωσοῦν

376 3800 782 3870 παραπέμπειν
808 3815 823 3830 ο
876 3799 990 3852 ἀλλ’
1024 3800 1144 3853 οὑδέ
1191 3799 1593 3870 μητροπόλεσιν
1642 3802 1675 3870 ἢ
1724 3803 1950 3854 ἐπισκο-

375 3895 508 3956 παῖς
530 3910 544 3924 ο
573 3893 726 3946 οὐδὲν
753 3893 864 3965 γὰρ
895 3892 1017 3946 οὐδὲ
1063 3894 1122 3947 ἐν
1152 3894 1390 3956 ἐκείναις
1437 3894 1733 3956 λυσιτελές.
1778 3895 1840 3949 Et
1891 3895 1948 3948 δέ

372 4003 498 4040 τινα
535 3987 646 4039 τῶν
706 3987 1030 4056 φθασάντων
1056 3988 1269 4054 εὐαγῶν
1297 3987 1481 4052 οἴκων,
1531 3987 1638 4040 εἴτε
1683 3987 1790 4057 μὴν
1823 3989 1943 4042 ἐπι-

375 4077 600 4131 σκοπῶν
668 4078 699 4143 ἦ
744 4079 1142 4149 μοναστηρίων,
1183 4077 1453 4146 τοιαύτης
1491 4078 1701 4148 φαύλης
1758 4079 1946 4147 ἔτυχον

373 4167 559 4238 χειρός
580 4166 675 4221 καὶ
697 4169 972 4238 προνοίας,
1001 4169 1076 4232 ὡς
1099 4168 1281 4241 ἔρημα
1299 4169 1476 4222 τόπων
1496 4169 1940 4237 καταλελεῖφθαι,

373 4257 588 4321 τούτοις
609 4257 801 4330 γνώμῃ
825 4258 1076 4330 βασιλικῇ
1107 4260 1198 4313 καὶ
1217 4259 1510 4331 δοκιμασίᾳ
1531 4262 1564 4330 ἡ
1585 4261 1689 4313 τῶν
1713 4261 1940 4331 ἀρκούν-

372 4364 486 4399 των
514 4347 707 4418 κτῆσις
731 4348 793 4400 ού
829 4347 1222 4417 κωλυθήσεται.
1254 4348 1482 4403 Κελλεία
1510 4350 1565 4402 δὲ
1599 4351 1691 4403 καὶ
1717 4350 1813 4410 τὰς
1842 4368 1940 4404 κα-

378 4439 651 4507 λουμένας
679 4440 886 4507 λαύρας
939 4443 998 4495 ἐν
1046 4442 1277 4511 ἐρήμοις
1319 4443 1639 4512 οἰκοδομεῖν,
1696 4444 1770 4514 μὴ
1804 4443 1937 4514 πρὸξ

2057 3254 2133 3306 ιιι-1
2161 3253 2491 3321 gerocomia,
2523 3252 2603 3304 vel
2633 3251 2770 3304 alias
2791 3258 3008 3301 sanctas
3030 3257 3081 3301 et
3105 3237 3624 3314 religiosasdomos;

2053 3344 2146 3399 sed
2179 3358 2366 3398 eerum
2390 3359 2510 3408 quae
2541 3353 2689 3404 sunt,
2721 3355 2908 3394 curam
2941 3338 3052 3404 geri
3086 3347 3338 3405 oportere
3375 3352 3388 3387 :
3423 3344 3478 3388 et
3507 3336 3624 3388 haec

2051 3452 2306 3504 expresse
2340 3437 2392 3488 in
2427 3435 2532 3489 fine
2561 3433 2746 3500 adjicit
2779 3449 2793 3484 :
2839 3429 3020 3496 Quare
3077 3428 3144 3480 ab
3202 3428 3308 3481 hoc
3368 3427 3627 3493 deinceps

2052 3542 2320 3600 tempere,
2356 3529 2496 3601 quod
2533 3536 2616 3583 est
2664 3528 2695 3582 7
2729 3523 3042 3580 indietionis
3104 3519 3358 3584 initium,
3420 3519 3625 3574 nemini

2053 3625 2235 3687 liceat,
2270 3625 2387 3677 lora
2422 3633 2515 3676 aut
2547 3636 2706 3690 agros
2732 3619 2796 3673 ad
2836 3616 3162 3673 monasteria
3197 3614 3279 3668 vel
3311 3613 3623 3684 get'ocomia

2051 3717 2542 3782 quonnodorunque
2570 3713 2965 3775 transmittere,
3014 3711 3108 3766 sed
3158 3723 3336 3775 neque
3388 3707 3454 3759 ad
3514 3721 3627 3759 me-

2052 3806 2286 3874 tropoles
2314 3808 2398 3861 vel
2432 3808 2784 3874 episcOpatus
2817 3822 2830 3858 :
2863 3818 3040 3873 neque
3073 3802 3214 3857 enim
3256 3801 3360 3855 illis
3407 3808 3490 3853 est.
3519 3799 3624 3852 hoc

2055 3897 2421 3952 conducibile.
2459 3898 2513 3950 Si
2545 3897 2746 3966 quibus
2777 3905 2952 3950 autem
2987 3894 3372 3964 prmdictarum
3406 3897 3628 3944 sancta-

2056 4006 2172 4044 rum
2204 4000 2255 4044 οι
2285 3989 2666 4060 religiosarum
2701 3988 2987 4042 domorum
3024 4025 3038 4049 ,
3090 3987 3206 4038 sive
3245 3983 3464 4052 quidem
3509 3981 3627 4048 epi-

2046 4091 2367 4152 scopatuum
2399 4090 2452 4136 et
2484 4078 2964 4140 monasteriorum,
2995 4077 3131 4131 adeo
3194 4076 3332 4128 mala
3389 4073 3623 4125 admini-

2044 4175 2237 4232 stratio
2271 4181 2325 4227 et.
2355 4173 2592 4242 provisio
2622 4170 2872 4236 contigit,
2911 4176 2971 4222 ιιι
3007 4169 3142 4222 locis
3197 4167 3422 4236 privata:
3453 4165 3628 4219 desti»

2045 4276 2282 4334 tumque
2311 4265 2454 4327 sint;
2503 4263 2571 4318 iis
2601 4261 2869 4316 sententia
2905 4271 2956 4315 et
2980 4259 3380 4315 examinatione
3430 4259 3626 4326 imper.

2043 4375 2234 4417 eorum
2270 4374 2391 4426 quae
2422 4355 2702 4410 subiciunt
2749 4353 3042 4421 acquisitio
3081 4367 3187 4404 non
3221 4349 3617 4421 prohibebitur.

2049 4453 2231 4517 (fellas
2255 4459 2458 4510 autent,
2495 4456 2568 4510 et,
2603 4457 2659 4501 ιιι
2690 4455 2906 4510 vorant,
2944 4446 3124 4499 lattras
3158 4451 3208 4496 tn
3237 4443 3468 4497 desnrtis
3497 4442 3626 4495 tedi-

379 4531 606 4596 κτήσεις
660 4533 756 4585 καὶ
803 4533 1008 4602 ἀγροὺς
1062 4536 1282 4601 ἐτέρους
1338 4535 1755 4604 ἐκτεινομένοις.
1813 4536 1946 4589 ἀλλὰ

2055 4542 2238 4602 tirare,
2271 4555 2390 4607 qum
2417 4553 2524 4592 non
2553 4536 2620 4591 ad
2659 4537 3038 4604 possessiones
3095 4545 3147 4584 et
3206 4549 3365 4603 agros
3415 4532 3624 4584 alienos

382 4625 613 4693 περιοχῇ
666 4625 800 4693 μόνῃ
847 4626 912 4693 τῇ
977 4625 1082 4696 ἰδίᾳ
1134 4625 1494 4696 ὁριζομένοις,
1547 4627 1790 4698 τοσούτῳ
1820 4628 1950 4690 τοὺς

381 4713 741 4781 βουλομένους
763 4715 864 4768 οὐκ
894 4716 1172 4786 εἵργομεν,
1205 4716 1316 4786 ὅσῳ
1341 4718 1438 4770 καὶ
1458 4717 1526 4769 δι’
1555 4717 1779 4771 ἐπαίνου
1812 4719 1950 4787 μᾶλα

379 4804 469 4855 λον
494 4803 553 4855 τὸ
587 4806 818 4876 πρᾶγμα
851 4805 1094 4875 τίθεμεν.
1135 4808 1234 4860 Ἢν
1256 4808 1312 4860 δὲ
1347 4809 1567 4878 Νεαρὰν
1603 4811 1629 4859 ὁ
1661 4809 1944 4878 Πορφυρο-

377 4897 639 4966 γέννητος
667 4897 831 4966 κυρὸς
858 4899 1131 4962 Βασίλειος
1160 4901 1188 4952 ό
1213 4900 1330 4965 νέος
1353 4899 1589 4970 ἁνῄρησε
1615 4900 1703 4953 διὰ
1729 4902 1946 4971 Νεαρᾶς

373 4989 547 5042 αὐτοῦ
596 4990 963 5060 ἀπολυθείσης
1028 4991 1170 5044 κατὰ
1235 4996 1380 5061 μῆνα
1455 4993 1762 5062 Ἀπρίλλιον
1816 4995 1946 5047 ίνδι-

372 5082 605 5146 κτιῶνος
639 5081 686 5135 α’
725 5082 879 5142 ἔτους
912 5087 1090 5150 ςυιιέ,
1127 5087 1217 5137 καὶ
1244 5085 1715 5155 διαλαμϐανούσης
1766 5086 1942 5142 ταῦτα

369 5175 560 5244 ῥητῶς
587 5189 602 5205 ⁸
649 5176 713 5227 ’11
749 5178 813 5228 ἐκ
845 5175 982 5227 Θεοῦ
1012 5175 1266 5245 βασιλεία
1317 5178 1495 5247 ἡμῶν,
1538 5179 1630 5230 καὶ
1662 5179 1815 5249 παρὰ
1846 5197 1942 5248 μο-

371 5267 559 5336 ναχῶν
583 5268 672 5320 ἐπ’
696 5268 954 5339 εὐλαϐείᾳ
986 5268 1082 5320 κοιλ⁸
1109 5269 1280 5337 ἀρετῇ
1329 5269 1813 5340 μαρτυρουμένων,
1848 5271 1943 5324 καὶ

368 5358 531 5427 παρὰ
568 5357 782 5412 πολλῶν
810 5358 1171 5430 ἀναμαθοῦσα
1210 5359 1310 5429 τὴν
1341 5360 1470 5430 περὶ
1498 5362 1606 5414 τῶν
1637 5363 1943 5432 ἐκκλησιῶν

365 5449 472 5503 τοῦ
501 5451 638 5505 Θεοῦ
666 5452 763 5507 καὶ
793 5453 901 5507 τῶν
927 5453 1142 5522 εύαγῶν
1169 5454 1334 5507 οἴκων
1362 5452 1395 5520 ἢ
1433 5453 1574 5506 κατὰ
1605 5453 1715 5506 τῶν
1741 5455 1944 5526 ἐκκλη-

2058 4633 2448 4690 extendnntur.
2481 4631 2574 4685 sed
2606 4629 2723 4683 solo
2749 4628 2965 4696 propr-io
2993 4627 3200 4682 ambitu
3253 4625 3586 4678 deﬁniuntur
3607 4665 3623 4687 ,

2061 4733 2271 4778 tantum
2306 4723 2463 4776 abest
2494 4729 2553 4773 ut
2577 4717 2888 4773 volentibus
2918 4717 3324 4786 prohibeamus.
3365 4723 3424 4766 ut
3459 4713 3622 4767 etiam

2053 4819 2107 4870 in
2141 4829 2334 4883 magna
2369 4812 2528 4866 laude
2561 4827 2826 4881 ponamus
2865 4827 2879 4863 :
2909 4824 3072 4878 quam
3096 4808 3315 4877 quidem
3341 4804 3620 4858 Novellam
3676 4826 3683 4878 ι

2050 4907 2599 4976 Porphyrogennetus
2659 4902 2916 4955 dominus
2997 4899 3231 4952 Basilius
3289 4911 3467 4949 novus
3526 4911 3622 4947 Sua
3677 4881 3688 4904 ’

2053 4998 2271 5053 Novella
2309 5012 2495 5049 mense
2528 4993 2697 5062 Aprili
2723 4992 3020 5047 indictione
3050 4992 3068 5044 t
3099 5003 3240 5043 anno
3260 4987 3402 5042 6495
3423 4986 3622 5039 emissa

2049 5088 2310 5153 sustulit;
2334 5103 2455 5156 tllltl‘.
2483 5096 2536 5140 ct
2566 5087 2677 5140 lure
2708 5099 2969 5154 expresse
3000 5081 3245 5135 continet
3280 5095 3294 5132 :
3330 5077 3621 5145 Imperium

2051 5192 2298 5236 nostrum
2335 5179 2479 5248 quod
2507 5196 2534 5230 ιι
2575 5177 2682 5232 lico
2710 5177 3016 5246 profectum
3047 5181 3128 5227 est
3157 5187 3281 5226 eum
3327 5177 3382 5224 et
3437 5185 3466 5221 a
3510 5184 3625 5220 mo-

2053 5273 2269 5336 nachis,
2311 5286 2545 5340 quorum
2587 5270 2758 5338 pietas
2788 5275 2841 5321 et
2873 5269 3042 5318 virtus
3072 5272 3155 5316 est
3187 5269 3380 5317 testata
3407 5299 3423 5324 ,
3475 5268 3529 5315 et
3587 5277 3616 5312 a

2052 5364 2241 5419 multis
2267 5363 2412 5424 aliis,
2458 5362 2624 5426 legem
2650 5364 2718 5413 de
2752 5358 2842 5413 Dei
2871 5355 3122 5410 ecclesiis
3169 5361 3224 5408 et
3278 5351 3482 5407 sanctis
3516 5352 3618 5404 do-

2053 5455 2372 5519 mibus-vel
2411 5455 2591 5524 potius
2626 5463 2816 5507 contra
2850 5449 3114 5506 ecclesias
3143 5459 3197 5502 et
3219 5455 3403 5501 tantas
3429 5447 3620 5500 domos

1647 5597 1834 5658 Guill.
1865 5599 2184 5677 Beveregii
2222 5606 2408 5659 nota).

453 5717 561 5784 (46)
607 5717 676 5772 ἸΙ
708 5718 776 5770 δὲ
799 5717 996 5786 Νεαρά
1045 5719 1150 5771 τοῦ
1197 5720 1507 5784 βασιλέως
1539 5721 1723 5784 mmor”)
1760 5725 1939 5786 Νικη-

378 5788 586 5854 φόρου,
651 5789 776 5844 litt-0
831 5789 1123 5860 Nicephori
1178 5789 1374 5845 Pherae
1442 5794 1782 5859 imperatoris
1815 5809 1938 5848 nov.

2050 5722 2260 5778 integra
2315 5720 2542 5770 habetur
2589 5717 2644 5771 in
2687 5715 2836 5770 luris
2900 5712 3341 5770 (Iunce-Romani
3392 5711 3484 5765 lib.
3558 5726 3618 5774 tt.

2053 5807 2102 5859 ιι.
2141 5791 2260 5853 115,
2307 5789 2422 5849 111,
2448 5797 2550 5842 etc.
