4074 6214
467 372 601 433 ΜΠ

1708 370 1809 429 TI]
1821 369 1991 430 EOD.
2038 366 2437 427 BALSAMON
2477 437 2493 459 ι

3559 361 3701 413 1012

462 489 493 529 ε
516 475 739 530 domino
772 474 1097 545 Nicephoro,
1126 477 1216 544 qui
1252 478 1481 548 imperio
1511 481 1781 544 excessit,
1836 478 2026 535 condi-

2144 476 2263 530 πιὼν
2295 458 2498 545 μᾶλλον
2526 472 2620 528 καὶ
2643 473 2749 527 τῶν
2788 470 3058 526 τοσούτων
3084 469 3247 522 οἴκων
3279 459 3433 533 παρᾶ
3476 459 3569 516 τοῦ
3593 458 3703 525 τῆς

464 578 598 632 tam,
634 566 979 637 praesentium
1013 568 1276 622 malorum
1312 584 1535 625 causam
1572 570 1743 626 fuisse
1768 578 1824 626 et
1882 570 2029 625 radi-

465 673 608 725 cem,
632 667 685 713 et
713 658 1035 713 universalis
1065 659 1230 729 hujus
1264 661 1638 717 subversionis
1671 672 1725 717 et
1752 661 2032 717 confusio-

470 750 589 816 nis;
622 758 680 802 ut
709 765 827 818 qua;
855 750 921 805 ad
957 751 1211 822 injuriam
1245 764 1298 810 et
1326 755 1746 821 contumeliam,
1776 771 1883 810 non
1936 772 2030 809 su-

466 840 575 893 lum
598 840 958 897 ecclesiarum
1000 851 1054 898 et
1080 854 1393 900 sanctarum
1414 846 1725 908 domorum,
1752 846 1847 901 sed
1868 846 2029 901 etiam

472 930 561 985 Dei
594 931 787 998 ipsius,
818 932 959 988 facta
990 936 1081 994 sit.
1119 937 1476 991 intellexisset
1503 979 1516 1001 ,
1545 946 1600 993 et
1640 940 1872 994 maxime
1906 955 2029 992 eum

465 1020 516 1073 id
546 1036 604 1076 re
636 1021 751 1090 ipsa
783 1035 1063 1093 expertum
1096 1037 1240 1081 esset
1296 1028 1393 1098 (ex
1440 1045 1553 1098 quo
1600 1030 1742 1083 enim
1791 1030 1903 1086 haec
1947 1032 2029 1086 lex

465 1119 551 1166 est
578 1111 885 1181 observata,
942 1119 1079 1172 nihil
1137 1120 1259 1174 boni
1316 1123 1531 1191 penitus
1590 1123 1642 1176 in
1704 1122 2031 1177 hodiernum

467 1221 645 1274 usque
696 1205 841 1263 diem
900 1210 1028 1264 Vitae
1080 1220 1278 1266 nostrae
1329 1216 1618 1268 occurrit:
1651 1216 1744 1269 sed
1797 1226 1984 1269 contra
2017 1256 2032 1278 ,

466 1301 675 1354 nullum
701 1304 921 1372 penitus
955 1304 1280 1359 calamitatis
1311 1320 1482 1374 genus
1515 1305 1747 1362 defuit):
1774 1323 1867 1377 per
1897 1323 2035 1374 pra:-

466 1405 671 1447 seutem
710 1395 939 1450 Auream
973 1395 1176 1450 Bullatn
1213 1397 1340 1451 huic
1371 1400 1574 1467 scripto
1616 1416 1882 1455 annexam
1924 1414 2035 1457 sta-

471 1486 597 1549 tuit,
634 1496 693 1540 ttt
722 1488 803 1542 lex
836 1488 1089 1549 praedicta
1123 1490 1192 1543 ab
1225 1492 1327 1544 hoc
1360 1492 1610 1560 prersenti
1648 1492 1735 1548 die
1761 1503 1959 1561 cesset,
1983 1508 2036 1550 et

472 1577 730 1648 deinceps
764 1580 979 1633 infirma
1016 1589 1068 1633 et
1101 1581 1251 1633 irrita
1293 1590 1607 1651 permaneat
1644 1601 1657 1637 :
1699 1584 1877 1638 locum
1907 1601 2036 1640 vero

476 1671 787 1726 habeantet
817 1674 867 1725 iu
905 1688 1000 1726 usu
1057 1674 1190 1738 sint,
1240 1688 1360 1741 qua:
1413 1673 1479 1728 de
1538 1673 1628 1729 Dei
1685 1675 1929 1731 ecclesiis
1984 1687 2038 1731 et

469 1762 674 1816 sanctis
704 1770 757 1815 et
812 1763 1078 1831 religiosis
1131 1764 1385 1819 domibus
1437 1774 1561 1818 ante
1609 1765 1752 1819 hanc
1804 1767 2037 1824 cauditzn

475 1860 603 1906 sunt
638 1853 801 1923 leges.
832 1853 1099 1908 Praeterea
1136 1856 1298 1919 scias,
1334 1857 1475 1924 quod
1531 1857 1881 1913 beatissimus
1936 1860 2039 1916 int-

472 1952 688 2013 perator
731 1943 981 1999 dominus
1023 1945 1564 2001 ManuelComnenus
1586 1962 1679 2015 per
1710 1947 2036 2016 jussionem,

481 2048 667 2087 mense
698 2033 1002 2104 Septembri
1037 2036 1333 2089 indictione
1367 2037 1397 2089 7
1420 2036 1642 2103 editam,
1680 2038 1919 2096 detiniit:
1970 2056 2040 2095 ne

472 2126 735 2196 ttllis,qui
776 2128 1136 2181 iuttnohilittm
1198 2130 1525 2184 donationes
1590 2131 1659 2185 ab
1713 2131 2042 2200 imperatore

471 2217 817 2289 accepissent
856 2221 936 2274 vel
969 2222 1306 2291 acciperent,
1338 2223 1407 2276 ad
1436 2223 1573 2277 alios
1600 2238 1661 2277 ea
1688 2238 1849 2293 quam
1883 2240 2045 2280 sena-

473 2312 601 2367 torii
634 2313 843 2369 ordinis
871 2315 954 2367 vel
1011 2314 1219 2369 numeri
1279 2315 1531 2371 militaris
1590 2331 1853 2385 personas
1907 2332 2045 2386 quo-

471 2418 687 2472 eunque
718 2404 879 2458 modo
910 2405 1307 2469 transmittere,
1338 2404 1521 2460 liceret
1560 2424 1573 2461 :
1616 2405 1699 2461 sin
1729 2415 1911 2461 autent
1945 2408 2043 2462 ali-

476 2506 557 2547 ter
589 2493 793 2547 factum
836 2494 1022 2558 fuerit,
1060 2496 1357 2551 immobilia
1384 2497 1449 2550 ad
1486 2496 1760 2563 publicum
1795 2498 2039 2556 redeant.

474 2583 737 2641 Similiter
763 2593 817 2639 et
852 2601 1038 2639 mense
1070 2586 1368 2641 Februario
1403 2588 1437 2641 5
1483 2586 1805 2641 indictinnis
1827 2629 1841 2652 ,
1900 2603 2037 2642 nova

471 2692 690 2746 quoque
724 2678 1051 2733 constitutio
1078 2676 1145 2732 ab
1165 2678 1353 2734 eodem
1385 2678 1533 2734 edita
1566 2687 1671 2744 est,
1703 2694 1824 2749 qua:
1852 2679 2039 2734 eadem

472 2768 645 2825 ferme
665 2770 1066 2839 complectitur.
1093 2769 1226 2836 Quae
1258 2770 1478 2838 quidem
1512 2777 1713 2825 statuta
1747 2811 1761 2832 .
1794 2786 1891 2839 per
1943 2788 2040 2842 po-

473 2858 759 2915 steriorem
802 2860 895 2915 filii
926 2862 1047 2931 ejus
1078 2861 1283 2916 domini
1309 2861 1483 2916 Alexii
1516 2861 1708 2917 Aureae
1757 2862 1924 2917 Bullae
1955 2864 2042 2919 de-

476 2952 812 3015 ﬁnitionem,
864 2969 1051 3010 mense
1107 2954 1387 3009 Decembri
1434 2954 1622 3024 prima:
1679 2954 2035 3019 indictionis,

474 3044 601 3097 anni
631 3042 761 3097 6691
801 3044 1021 3108 editam,
1056 3046 1269 3101 sublata
1303 3054 1451 3101 sunt.

2137 564 2417 634 βασιλείας
2448 563 2738 626 ἐπιϐάντος
2770 560 2936 633 κυροῦ
2962 559 3278 629 Νικηφόρον
3312 556 3563 611 τεθεῖσαν
3611 571 3705 608 νο-

2136 656 2417 726 μοθεσίαν,
2451 653 2631 707 αἰτίαν
2670 654 2763 708 καὶ
2798 652 2955 723 ῥίζαν
2977 650 3085 704 τῶν
3119 648 3408 719 παρόντων
3441 642 3703 713 γενέσθαι

2134 748 2344 814 κακῶν,
2398 747 2629 817 καὶτῆς
2683 743 3071 814 οἱκουμενικῆς
3126 740 3330 808 ταύτης
3377 735 3700 806 ἀνατροπῆς

2133 845 2228 898 καὶ
2260 843 2599 913 συγχύσεως,
2629 840 2725 895 ἀτε
2758 839 2833 909 μὴ
2865 838 3001 907 πρὸς
3026 832 3242 888 ἀδικίαν
3273 830 3371 885 καὶ
3402 828 3559 896 ὓϐριν
3588 826 3704 880 τῶν

2134 935 2448 1006 ἐκκλησιῶν
2483 933 2646 1005 μόνον
2675 932 2770 986 καὶ
2799 931 2907 985 τῶν
2935 927 3152 997 εὐαγῶν
3199 927 3385 987 οῐκων,
3421 920 3560 975 ἀλλὰ
3604 917 3707 972 καὶ

2135 1029 2303 1083 αὐτοῦ
2337 1030 2433 1083 τοῦ
2456 1027 2592 1082 Θεοῦ
2618 1027 2938 1096 γενομένην,
2960 1023 3133 1086 ἄλλως
3162 1038 3221 1075 τε
3252 1020 3348 1072 καὶ
3374 1017 3519 1087 ἔργῳ
3544 1010 3708 1067 τοῦτο

2137 1120 2523 1191 βεϐαιωθεϊσαν
2543 1120 2623 1188 (ἐξ
2641 1120 2763 1172 ὅτου
2778 1118 2886 1187 γὰρ
2908 1116 2974 1168 τὰ
2992 1114 3093 1184 τῆς
3115 1110 3372 1176 τοιαύτης
3391 1105 3709 1175 ἐκράτησαν

2141 1212 2465 1283 νομοθεσίας
2492 1210 2839 1265 ούδοπωσοῦν
2866 1204 3142 1260 ούδοτιοῦν
3182 1200 3418 1272 χρηστὸν
3452 1198 3581 1266 ἄχρι
3608 1193 3709 1248 καὶ

2136 1310 2381 1378 τήμερον
2404 1307 2484 1378 τῷ
2525 1305 2652 1359 καθ’
2704 1303 2852 1374 ἡμᾶς
2902 1300 3185 1370 ἀπήντησε
3222 1295 3350 1364 βίῳ,
3397 1289 3535 1345 ἀλλά
3578 1285 3710 1338 τού-

2107 1400 2351 1455 ’ναντίον
2399 1399 2684 1468 συμφορᾶς
2721 1395 2923 1465 μᾶλλον
2980 1392 3237 1445 ἐπέλιπεν
3271 1384 3409 1447 εἶδος
3439 1383 3576 1442 ὅλως
3611 1379 3711 1433 οὒ-

2137 1493 2267 1562 δὲν),
2308 1490 2554 1554 θεσπίζει
2582 1489 2670 1543 διὰ
2705 1487 2798 1542 τοῦ
2832 1486 3101 1553 παρόντος
3145 1476 3530 1545 ἑνυπογράψου
3569 1489 3711 1543 χρυ-

2140 1585 2425 1640 σοϐούλλου
2460 1584 2518 1637 τὸ
2561 1584 2660 1651 τὴν
2691 1577 2973 1649 παροῦσαν
3002 1574 3322 1647 νομοθεσίαν
3373 1570 3563 1640 ἀργεῖν
3595 1565 3709 1620 ἀπὸ

2138 1679 2239 1745 τῆς
2279 1674 2564 1745 παρούσης
2589 1673 2795 1743 ταύτης
2823 1671 3058 1742 ἡμέρας,
3081 1666 3284 1737 ἄκυρόν
3308 1680 3369 1717 τε
3400 1663 3493 1715 καὶ
3527 1658 3713 1729 ἀπρα-

2141 1786 2268 1821 κτον
2301 1766 2393 1820 τοῦ
2431 1765 2621 1820 λοιποῦ
2686 1764 2995 1833 διαμένειν*
3060 1759 3305 1829 ἐνεργεῖν
3343 1754 3401 1808 δὲ
3431 1753 3559 1814 τοὺς
3599 1748 3714 1819 πρὸ

2140 1859 2344 1929 ταύτης
2371 1858 2657 1928 κειμένους
2693 1855 2822 1926 περί
2855 1871 2918 1907 τε
2946 1852 3057 1905 τῶν
3108 1846 3417 1919 ἐκκλησιῶν
3458 1844 3552 1898 καὶ
3596 1841 3715 1895 τῶν

2138 1953 2351 2021 εύαγῶν
2377 1952 2541 2004 οἴκων
2561 1946 2930 2019 νόμους.ῐ1ρὸς
2946 1944 3157 2004 τούτοις
3179 1942 3415 2010 γίνωσκε
3435 1937 3554 2008 (47)
3578 1935 3662 1989 ὅτι
3678 1933 3711 1986 ό

2139 2042 2607 2115 τρισμακάριστος
2646 2040 2899 2109 βασιλεὺς
2930 2036 3095 2102 κυρδς
3120 2032 3381 2101 Μανουὴλ
3414 2032 3444 2084 ό
3474 2030 3713 2097 Κομνη-

2144 2138 2233 2197 νὸς
2290 2135 2582 2205 διωρίσατο
2636 2133 2723 2186 διὰ
2788 2130 3137 2201 προστάξεως
3174 2123 3525 2193 ὲπιλυθείσης
3569 2120 3717 2174 κατὰ

2145 2227 2522 2297 Σεπτέμϐριον
2579 2227 2723 2296 μῆνα
2775 2223 3113 2284 ἐνδικτιῶνος
3170 2222 3235 2285 ξ’,
3306 2218 3379 2288 μὴ
3430 2217 3576 2287 ἔχειν
3621 2213 3715 2267 ἀπ’

2146 2316 2331 2379 ἁδείας
2355 2315 2524 2379 τινὰς,
2565 2314 2825 2375 λαϐόντας
2863 2313 2895 2383 ἢ
2940 2312 3035 2365 καὶ
3075 2309 3446 2379 λαμϐάνοντας
3506 2304 3719 2374 δωρεὰς

2144 2410 2420 2479 ἀκινήτων
2450 2410 2603 2476 παρά
2634 2404 2918 2475 βασιλέων,
2964 2402 3357 2472 παραπέμπειν
3414 2397 3584 2458 αὐτὰς
3620 2394 3720 2449 ἀλ-

2149 2496 2316 2568 λαχοῦ
2346 2516 2449 2552 που
2481 2497 2601 2551 καθ’
2646 2496 2945 2565 οίονδήτινα
2979 2494 3179 2564 τρόπον
3222 2495 3272 2546 εί
3313 2491 3387 2562 μὴ
3409 2493 3488 2552 είς
3540 2490 3719 2560 πρὸσ-

2146 2608 2274 2645 ωπα
2308 2591 2415 2644 ἀπὸ
2456 2593 2557 2661 τῆς
2591 2590 2891 2657 συγκλήτου
2922 2589 2953 2659 ἢ
2994 2587 3087 2641 τοῦ
3128 2584 3518 2658 στρατιωτικοῦ
3550 2602 3719 2639 κατα-

2147 2682 2319 2749 λόγου,
2337 2683 2675 2751 τυγχάνοντα
2699 2697 2713 2713 ο
2741 2683 2788 2733 εί
2814 2681 2872 2734 δὲ
2903 2682 2978 2751 μὴ
3014 2681 3154 2733 οὕτω
3192 2679 3441 2751 γένηται,
3494 2679 3582 2732 ἵνα
3620 2695 3720 2731 πε-

2152 2773 2436 2844 ριέρχηται
2460 2774 2529 2826 τὰ
2553 2771 2785 2843 ἀκίνητα
2810 2774 2889 2836 είς
2912 2772 2972 2826 τὸ
2999 2772 3275 2843 δημόσιον.
3321 2769 3597 2833 Ὠσαύτως
3621 2770 3718 2823 καίΙ

2149 2866 2292 2919 κατά
2334 2865 2426 2918 τὸν
2490 2865 2852 2936 Φεϐρουάριον
2899 2865 3044 2934 μῆνα
3117 2868 3219 2934 τῆς
3272 2870 3321 2933 γ’
3380 2862 3714 2926 ίνδικτιῶνος

2150 2956 2342 3024 Νεαρὰ
2366 2956 2656 3025 νομοθεσία
2680 2957 2869 3025 γέγονε
2887 2956 2979 3011 τοῦ
3011 2955 3175 3011 αὐτοῦ
3200 2957 3296 3025 τῆς
3324 2955 3497 3024 αὐτῆς
3525 2954 3713 3024 σχεδὸν

2149 3047 2523 3117 περιλήψεως.
2570 3049 2763 3103 Ἀτινα
2801 3049 2865 3119 δὴ
2902 3048 3305 3119 προστάγματα
3365 3047 3712 3120 ἀνῃρέθησαν

471 3138 559 3191 διὰ
596 3139 1061 3208 μεταγενεστέρου
1121 3138 1519 3209 χρυσοϐούλλου
1578 3138 1672 3192 τοῦ
1722 3140 1841 3194 υίοῦ
1876 3141 2043 3197 αὐτοῦ
2092 3142 2326 3209 Ἀλεξίου
2350 3143 2712 3208 ἀπολυθέντος
2742 3144 2881 3197 κατὰ
2905 3144 3053 3215 μῆνα
3104 3143 3439 3215 Δεκέμϐριον
3477 3144 3599 3212 ,τῆς
3666 3156 3702 3193 α

476 3236 804 3298 ίδνδικτιῶνος
827 3234 922 3289 τοῦ
950 3240 1119 3306 ςχιιαθ
1151 3236 1325 3298 ἔτους.

541 3329 706 3402 334
738 3328 988 3385 ZONAR.
1022 3329 1124 3395 Qui
1160 3329 1494 3385 monasteria
1525 3336 1836 3395 exstruere,
1867 3347 1928 3385 ac
1951 3346 2038 3400 per

2222 3330 2470 3386 ΖΩΝΑΡ.
2521 3328 2583 3385 ’0
2606 3329 2787 3385 κανὼν
2815 3324 2972 3393 οὗτος
3001 3330 3127 3393 τοὺς
3156 3328 3512 3400 βουλομένους
3556 3346 3718 3400 μονα⁴

472 3439 535 3477 ea
566 3438 696 3478 suas
726 3421 1015 3477 facultates
1050 3421 1159 3477 Deo
1185 3422 1369 3476 dieare
1400 3422 1613 3487 volunt,
1643 3423 1752 3479 illis
1804 3423 2042 3478 aediﬁca-

477 3515 676 3567 tionem
706 3512 974 3576 inchoari,
1004 3513 1107 3567 nisi
1129 3512 1417 3582 episcopus
1454 3515 1558 3571 loci
1604 3530 1663 3569 re
1696 3515 1913 3582 cegnita
1948 3528 2045 3584 po-

475 3614 727 3659 tes'atem
772 3603 982 3667 fecerit,
1010 3619 1072 3658 ac
1104 3606 1380 3660 solemnes
1412 3608 1758 3675 precationes
1786 3607 2045 3661 adhibue-

473 3699 567 3759 rit.
603 3697 761 3751 nullo
782 3698 943 3750 modo
966 3697 1057 3752 hic
1085 3712 1260 3751 canon
1299 3698 1467 3753 licere
1516 3698 1779 3753 decernit.
1828 3699 1904 3753 Ita
1949 3700 2042 3755 de-

474 3802 621 3840 mum
653 3786 1044 3841 monasterium
1077 3787 1294 3855 quidem
1344 3788 1551 3843 absolvi
1592 3827 1607 3850 ,
1661 3790 1857 3845 deinde
1915 3806 2044 3844 vero

472 3877 642 3931 Breve
675 3876 822 3930 ﬁeri:
856 3884 910 3931 et
940 3877 990 3929 in
1024 3891 1089 3930 eo
1125 3886 1237 3929 tum
1276 3878 1671 3932 monasterium
1704 3879 1904 3947 ipsum,
1928 3888 2039 3933 ttttn

474 3970 805 4023 monasterio
837 3969 1128 4022 attributas
1162 3969 1542 4037 possessiones
1571 3969 1839 4034 describi,
1880 3970 2037 4024 illud‘

472 4075 578 4125 que
606 4058 794 4124 linere,
832 4074 897 4112 ne
929 4059 1057 4127 quid
1090 4060 1143 4112 in
1180 4069 1459 4127 posterum
1490 4074 1519 4110 a
1553 4062 1869 4115 monasterii
1912 4076 2041 4115 con-

473 4150 650 4205 ditore
679 4151 883 4205 auferri
918 4152 1100 4214 liceat,
1131 4167 1193 4205 ex
1230 4151 1294 4204 iis
1328 4166 1448 4220 qua:
1474 4151 1528 4205 in
1560 4152 1873 4221 eoipsemet
1904 4168 2041 4207 con-

474 4242 734 4307 secravit,
766 4242 819 4296 in
874 4242 1081 4296 :rdibus
1113 4242 1521 4311 episcopalibus
1550 4244 1821 4297 asservari
1860 4243 2037 4309 jubet.

477 4337 608 4401 Quae
637 4336 835 4390 ctenim
865 4334 1003 4387 bona
1046 4335 1152 4387 Deo
1188 4333 1458 4402 quispiam
1502 4348 1599 4403 per
1650 4336 2039 4393 monasterium

477 4426 702 4491 addixit,
733 4440 920 4480 eorum
953 4426 1058 4480 sibi
1083 4428 1196 4493 ipse
1233 4424 1634 4493 possessionem
1675 4440 1891 4479 omnem
1945 4426 2041 4481 ab-

471 4517 757 4586 judicavit,
785 4532 846 4570 ac
881 4518 1097 4571 illorum
1134 4516 1391 4571 dominus
1419 4531 1543 4572 esse
1576 4517 1687 4585 jam
1721 4517 1904 4572 desiit.
1925 4518 2039 4583 Qua

479 4612 695 4665 ratione
727 4611 892 4679 Igitur
924 4612 989 4663 de
1021 4600 1128 4663 illis
1156 4610 1454 4679 quidquam
1489 4626 1555 4665 ex
1591 4625 1657 4664 eo
1680 4618 1945 4680 tempore,
1979 4626 2041 4663 ac

2154 3424 2348 3491 στήρια
2375 3422 2632 3492 συνιστᾷν
2660 3421 2755 3476 καὶ
2782 3420 3045 3491 ἀφιεροῦν
3074 3422 3141 3474 δι’
3171 3422 3351 3476 αὐτῶν
3387 3422 3487 3485 τὰς
3504 3422 3716 3487 οἰκείας

2150 3512 2467 3583 περιουσίας
2499 3511 2619 3582 Θεῷ
2640 3511 2857 3566 κελεύει
2882 3512 2955 3582 μὴ
2979 3511 3155 3575 ἄλλως
3168 3511 3427 3566 δύνασθαι
3446 3513 3717 3584 ἄρχεσθαι

2148 3605 2250 3675 τῆς
2297 3606 2391 3658 τοῦ
2427 3604 2794 3673 μοναστηρίου
2844 3603 3158 3673 οἰκοδομῆς,
3215 3604 3263 3657 εί
3312 3604 3387 3674 μὴ
3424 3607 3480 3658 ὲν
3512 3606 3713 3672 γνώσει

2148 3699 2438 3764 γενόμενος
2477 3697 2505 3749 ό
2536 3695 2836 3757 ἐπίσκοπος
2877 3697 2904 3748 ό
2928 3698 3069 3749 κατά
3104 3696 3268 3749 τόπον
3286 3697 3573 3766 ἐπιτρέψει
3610 3697 3714 3765 τὴν

2146 3789 2459 3861 οἰκοδομήν,
2488 3790 2718 3860 ποιήσας
2750 3790 2846 3843 καί
2875 3789 2971 3860 τὴν
2996 3789 3355 3859 ὀφειλομένην
3384 3790 3570 3858 εὐχήν.
3603 3790 3713 3842 Καὶ

2146 3879 2290 3934 οὕτω
2336 3882 2397 3935 τὸ
2424 3881 2522 3950 μὲν
2553 3880 2971 3951 ἀπαρτίζεσθαι,
2999 3881 3215 3951 βρέὃιον
3242 3880 3296 3934 δὲ
3321 3880 3590 3949 γίνεσθαι,
3616 3884 3712 3933 καὶ

2148 3977 2207 4029 ἐν
2236 3974 2428 4043 ἐκείνῳ
2453 3974 2585 4027 αὑτό
2637 3990 2695 4025 τε
2722 3973 2784 4025 τὸ
2829 3976 3192 4042 μοναστὴριον
3231 3972 3708 4041 καταγράφεσθαι,

2148 4069 2239 4118 καὶ
2262 4066 2331 4120 τὰ
2369 4063 2518 4135 αύτῷ
2541 4064 2814 4135 ἀνήκοντα
2846 4063 3045 4127 πάντα,
3094 4065 3190 4118 καὶ
3220 4063 3438 4134 βρέόιον
3474 4066 3539 4132 τῇ
3586 4064 3709 4116 ἐπιδ

2148 4157 2324 4225 σκοπῇ
2363 4152 2797 4216 ὲναποτίθεσθαι,
2830 4151 2971 4206 ὥστε
3006 4153 3080 4222 μή
3120 4170 3171 4206 τι
3220 4151 3483 4206 δύνασθαι
3522 4150 3715 4206 ἔκτοτε

2143 4247 2239 4299 τοῦ
2271 4248 2634 4315 μοναστηρῖου
2676 4245 2951 4315 δομήτορα
2977 4244 3323 4315 ἀφαιρεῖσθαί
3360 4261 3411 4297 τι
3442 4243 3551 4299 τῶν
3580 4243 3711 4312 παρ’

2148 4338 2314 4391 αὑτοῦ
2345 4336 2838 4407 ἀφιερωθέντωνὲν
2871 4335 3035 4405 αὐτῷ.
3077 4337 3141 4388 ’Δ
3172 4336 3280 4404 γάρ
3326 4352 3413 4400 τις
3463 4335 3542 4403 τῷ
3593 4335 3712 4404 Θεῷ

2147 4433 2236 4485 διὲι
2267 4430 2365 4498 τῆς
2392 4429 2560 4497 μονῆς
2593 4427 2964 4493 ἀνατέθεικεν,
2997 4429 3306 4491 ἀπεξένωσε
3336 4431 3435 4497 τῆς
3462 4430 3714 4494 ἐξουσίας

2147 4521 2368 4586 ἑαυτοῦ,
2401 4520 2495 4573 καὶ
2523 4519 2708 4572 οὐκέτι
2728 4518 2917 4587 κύριος
2941 4518 3121 4571 αὐτῶν
3152 4518 3289 4572 ἐστι.
3320 4519 3443 4580 Πῶς
3485 4512 3580 4569 οὖν
3628 4516 3718 4569 ἐπ’

2152 4612 2332 4675 αὐτοῖς
2386 4629 2437 4663 τι
2483 4611 2559 4673 ὼς
2619 4609 2886 4680 δεσπότης
2930 4610 3116 4662 ἔκτοτε
3148 4609 3435 4679 δυνήσεται
3480 4611 3721 4679 διαπρά-

480 4704 526 4759 si
552 4703 806 4756 dominus
842 4702 1022 4755 adhttc
1051 4708 1214 4763 esset,
1238 4702 1573 4755 constituere
1602 4701 1842 4769 poterit?
1868 4699 2038 4765 Quin-

2150 4703 2349 4768 ξασθαι
2371 4719 2386 4767 ;
2412 4702 2682 4755 Τοσοῦτον
2706 4702 2762 4753 δὲ
2796 4701 2959 4754 αὑτὸν
3006 4701 3361 4771 ἀπαλλοτριοί
3407 4702 3510 4765 τῆς
3546 4701 3723 4771 μονῆς

478 4797 588 4849 imo
625 4809 867 4861 eousque
898 4807 1073 4846 canon
1101 4794 1167 4845 ab
1191 4792 1311 4859 ejus
1343 4794 1659 4846 monasterii
1694 4792 2045 4847 administra-

478 4890 628 4941 tione
659 4886 934 4940 hominem
974 4895 1238 4938 rentotum
1270 4900 1390 4938 esse
1414 4885 1588 4954 jubet,
1612 4896 1667 4939 ut
1694 4900 1866 4956 neque
1896 4885 2044 4939 illum

480 4974 797 5030 monasterii
830 4973 1182 5044 praefectum,
1220 4975 1323 5026 nisi
1359 4974 1426 5025 de
1477 4974 1716 5042 episcopi
1752 4975 2043 5040 sententia,

478 5069 675 5131 creari,
702 5082 801 5122 nec
828 5066 991 5119 alium
1016 5066 1131 5136 ejus
1161 5065 1282 5119 loco
1313 5064 1625 5132 praefecutm
1659 5066 1726 5118 ab
1750 5080 1814 5119 co
1842 5067 2049 5121 consti-

478 5159 555 5212 tui
591 5157 852 5226 patiatur.
892 5155 1125 5220 Etenim,
1160 5156 1204 5208 si
1232 5170 1352 5223 QHLD
1384 5155 1587 5208 homini
1618 5155 1885 5223 quispiam
1937 5157 2039 5209 lar-

478 5252 620 5317 gitus
647 5260 751 5314 cst,
780 5256 1066 5317 postquam
1091 5247 1183 5313 jus
1211 5246 1573 5317 pessessiouis
1609 5246 1662 5299 in
1698 5246 1861 5299 alitnu
1902 5247 2041 5314 ipse—

481 5347 587 5391 met
619 5340 921 5403 tranStulit,
947 5339 1181 5408 amplius
1209 5339 1423 5392 auferre
1452 5340 1571 5392 sine
1597 5352 1784 5399 causa,
1818 5339 2039 5408 quidu-

480 5431 646 5492 navit,
679 5433 817 5485 haud
843 5441 1061 5500 potest;
1098 5446 1207 5502 quo
1241 5432 1378 5501 jure,
1412 5448 1529 5501 qna.-
1560 5430 1664 5483 Deo
1689 5432 1862 5484 dicata
1890 5440 2035 5496 sunt,

2150 4798 2176 4846 ὁ
2213 4793 2409 4856 κανὼν,
2463 4792 2603 4846 ὥστε
2657 4793 2776 4845 οὐδὲ
2824 4792 3127 4861 ἡγούμενον
3174 4793 3336 4846 αὑτὸν
3384 4793 3723 4862 ἐᾷξγίνεσθιιι

2148 4887 2246 4955 τῆς
2277 4885 2444 4954 μονῆς
2476 4884 2627 4955 παρὰ
2657 4883 2885 4953 γνώμην
2920 4883 3015 4937 τοῦ
3049 4884 3373 4948 ἐπισκόπου,
3429 4884 3547 4936 οὐδὲ
3597 4883 3721 4936 ξτε-

2156 4993 2246 5046 ρον
2287 4976 2401 5029 ἀνθ’
2437 4975 2629 5029 ἑαυτοῦ
2675 4975 2981 5043 ἡγούμενον
3018 4973 3485 5045 προχειρίζεσθαι.
3513 4974 3574 5026 Ei
3606 4975 3719 5043 γὰρ

2154 5064 2221 5118 τὰ
2270 5063 2580 5135 ἀνθρώποις
2624 5063 2945 5134 δωρούμενα
2996 5064 3180 5117 οὐκέτι
3236 5063 3493 5122 ἀναιτίως
3528 5062 3716 5130 ἀφελέ-

2153 5159 2281 5212 σθαι
2313 5161 2340 5212 ό
2368 5159 2756 5229 δωρησάμενος
2791 5159 3034 5221 δύναται,
3063 5158 3163 5229 τὴν
3196 5156 3519 5209 δεσποτείαν
3543 5155 3711 5222 τούτῳ

2150 5251 2237 5319 ἐφ’
2300 5251 2486 5321 ἕτερον
2515 5252 2608 5318 ἀφ’
2652 5248 2847 5304 ἑαυτοῦ
2901 5248 3175 5319 μεταθεὶς,
3212 5248 3327 5310 πῶς
3375 5247 3447 5300 τὰ
3495 5246 3574 5316 τῷ
3601 5244 3706 5312 Θεῷ

2150 5344 2552 5411 ἁνατεθειμένα
2603 5343 2940 5414 ὑφαρπάσει,
3001 5342 3098 5394 καὶ
3143 5336 3299 5403 αὖθις
3357 5342 3494 5411 πρὸς
3527 5337 3710 5392 ἑαυτὸν

2150 5436 2517 5489 ἐπισπάσεται
2547 5438 2644 5506 τὴν
2670 5435 2850 5490 αὐτῶν
2880 5434 3177 5506 κυριότητα
3205 5450 3220 5500 ;
3258 5433 3366 5486 Καὶ
3414 5432 3619 5502 βιϐλίον
3661 5430 3721 5484 δὲ

1704 5569 1888 5629 Guill.
1936 5572 2257 5647 Betcrcgii
2302 5580 2489 5637 notae.

553 5712 662 5790 (si)
694 5714 845 5779 Ημὶς
880 5715 1109 5779 τούτοις
1139 5715 1410 5784 γίνωσκε.
1446 5714 1566 5771 llaec
1602 5717 1861 5787 usquead
1889 5715 2038 5771 liuetr

2144 5716 2257 5787 Jjus
2314 5719 2780 5790 interpretationis
2854 5721 2908 5776 in
2997 5719 3186 5777 codice
3273 5714 3729 5775 Amerbacbiano

483 5783 881 5836 desiderantur.
