4074 6214
384 298 523 363 1013

1517 302 1601 363 IN
1630 304 1797 365 CAN.
1836 305 1897 364 II
1937 307 2150 369 CIJNC.
2191 308 2394 372 CPOL.

3485 310 3622 374 ιιιὶι

381 416 490 467 τῶν
513 411 814 466 Βασιλικιῖω
839 408 901 479 δ’,
926 411 1030 465 τίτ.
1056 410 1128 475 α’,
1158 412 1455 482 κεφάλαιον
1479 414 1549 481 α’,
1573 418 1742 488 ἤγουν
1767 417 1952 487 Νεαρά

2060 436 2269 490 rapere,
2299 432 2460 490 atque
2487 423 2541 476 in
2572 438 2764 478 eorum
2811 421 3212 491 possessionem
3264 435 3385 477 sese
3432 436 3624 476 rursus

381 512 445 569 ε’,
489 506 618 577 περί
652 508 948 578 οἰκοδομῆς
986 512 1373 580 μοναστηρίων
1404 510 1674 578 θεσπίζει,
1732 512 1831 566 καὶ
1877 512 1956 582 βι-

382 600 531 654 ϐλίον
563 600 624 667 ε’,
658 601 834 667 τίτλος
865 601 932 673 β’,
969 605 1261 674 κεφάλαιον
1293 606 1374 661 ιδ’.

383 864 600 919 ΔΡῘΣΥ.
667 885 685 918 ι
733 867 891 937 Παρὰ
946 870 1176 941 γνώμην
1237 870 1332 924 τοῦ
1414 872 1719 927 ἐπισκόπου
1765 873 1956 945 μηδενὶ

461 979 480 1007 ι
544 957 751 1022 ἐξέστω
786 962 1148 1032 μοναστὴριον
1178 963 1518 1034 οίκοδομεϊν·
1550 964 1749 1025 εἰδότος
1778 965 1835 1018 δὲ
1867 968 1957 1020 καὶ

462 1067 482 1100 ε
529 1049 698 1121 εὐχὴν
721 1050 1022 1118 τελοῦντος,
1052 1053 1115 1106 τὸ
1138 1054 1356 1108 κτισθὲν
1382 1057 1522 1125 μετά
1540 1056 1651 1109 τῶν
1671 1055 1819 1125 αύτῷ
1846 1058 1960 1110 δια-

461 1159 479 1192 ι
533 1142 809 1213 φερόντων
832 1143 1034 1214 βρεϐίῳ
1054 1146 1439 1216 ὲγγραφέσθω,
1464 1150 1558 1202 καὶ
1586 1151 1650 1220 τῇ
1684 1151 1955 1221 ἐπισκοπῇ

457 1251 476 1284 ι
525 1236 945 1289 ἐναππιθέσθω·
976 1240 1070 1291 καί⁵
1101 1240 1252 1310 παρὰ
1280 1238 1507 1311 γνώμην
1538 1242 1631 1295 τοῦ
1658 1226 1957 1298 ἐπισκόπου

463 1343 482 1374 ι
534 1326 610 1396 μὴ
632 1326 840 1392 ἐξέστω
857 1327 935 1397 τῷ
956 1318 1203 1383 κτίσαντι
1233 1330 1266 1401 ἢ
1295 1333 1705 1402 ήγουμενεύειν,
1736 1333 1767 1405 ἢ
1793 1333 1961 1404 ἡγούο

465 1432 483 1463 ι
535 1431 699 1483 μενον
726 1418 924 1471 ποιεῖν.
971 1436 992 1470 ι
1841 1420 1849 1428 ’

997 1600 1238 1655 ΚᾹΝΩΝ
1269 1602 1348 1659 B’.

471 1686 689 1757 Ἐπειδὴ
721 1706 867 1753 τινες
896 1690 986 1744 τὸν
1022 1692 1234 1763 μονήρη
1302 1694 1417 1762 βίον
1469 1696 1797 1751 ὑποδύεσθαι
1829 1718 1959 1772 σχη-

460 1792 483 1828 ‹
529 1779 872 1847 ματίζονται,
904 1783 1002 1852 οὐχ
1026 1783 1114 1837 ἵνα
1145 1786 1265 1855 Θεῷ
1294 1787 1550 1857 καθαρῶς
1573 1788 1953 1856 δουλεύσωσιν,

461 1886 481 1918 ι
532 1868 650 1920 ἀλλ’
676 1870 765 1924 ίνα
792 1873 854 1941 τῇ
892 1874 1187 1944 σεμνότητι
1218 1875 1312 1929 τοῦ
1364 1879 1646 1949 σχήματος
1674 1880 1833 1946 δόξαν
1873 1884 1961 1935 εἰν-

463 1976 482 2010 ι
528 1959 747 2025 λαὸείας
773 1965 1143 2032 προσλάϐωσι,
1180 1969 1276 2021 καὶ
1300 1969 1412 2022 τῶν
1461 1972 1680 2026 οἰκείων
1708 1974 1960 2027 ἐντεῦθεν

462 2070 482 2103 α
517 2054 722 2123 ἡδονῶν
759 2059 994 2126 ἄφθονον
1043 2062 1321 2131 εὑρήσωσι
1359 2064 1459 2133 τὴν
1484 2065 1786 2120 ἀπόλαυσιν
1828 2068 1959 2136 (τῶν

462 2162 484 2195 ι
528 2145 732 2214 τριχῶν
760 2146 868 2218 γὰρ
906 2149 1077 2219 μόνην
1104 2152 1203 2220 τὴν
1232 2152 1507 2223 ἀποϐολὴν
1534 2156 1870 2226 ποιούμενοι,
1902 2158 1960 2210 ἐν

467 2254 483 2284 ι
530 2236 642 2297 τοῖς
671 2237 893 2301 οἰκείοις
914 2239 1085 2303 οἴκοις
1107 2243 1525 2312 παρεδρεύουσι,
1556 2245 1825 2315 μηδεμίαν
1853 2248 1959 2301 τῶν

464 2344 483 2375 ι
532 2329 783 2396 μοναχῶν
807 2331 1251 2401 ἀποπληροῦντες
1280 2336 1658 2409 ἀκολουθίανῆ
1690 2342 1960 2395 κατάστα-

468 2435 487 2466 ι
530 2417 658 2483 σιν)·
686 2418 888 2488 ὥρισεν
918 2424 950 2491 ἡ
984 2423 1114 2491 ἁγία
1154 2426 1372 2491 σύνοδος
1408 2428 1614 2498 μηδένα
1641 2431 1750 2484 τῶν
1783 2432 1957 2486 ἀπάν-

466 2526 484 2557 ι
530 2526 637 2561 των
665 2509 761 2563 τοῦ
803 2514 1098 2583 μοναχικοῦ
1128 2518 1409 2588 σχήματος
1439 2523 1624 2586 ἀξιοῦν
1658 2525 1787 2578 ἄνευ
1813 2543 1955 2598 παρ.

461 2616 481 2649 ι
528 2600 721 2663 ουσίας
773 2603 866 2655 τοῦ
913 2605 1219 2673 ὀφείλοντος
1277 2612 1440 2664 αὑτὸν
1521 2618 1601 2679 εἰς
1674 2619 1954 2692 ὑποταγὴν

469 2709 488 2740 ι
532 2690 910 2763 ἀναδέχεσθαι,
942 2697 1038 2749 καὶ
1068 2699 1166 2769 τὴν
1194 2701 1281 2754 ἐπ’
1335 2704 1483 2774 αὐτῷ
1517 2708 1814 2779 ἠγεμονίαν
1865 2690 1956 2767 καὶ

461 2798 481 2830 ι
525 2781 624 2850 τῆς
647 2783 886 2853 ψυχικῆς
915 2788 1078 2840 αὑτοῦ
1104 2793 1375 2863 σωτηρίας
1397 2798 1497 2862 τὴν
1516 2800 1771 2870 πρόνοιαν
1790 2806 1958 2874 ἐπαγ-

466 2893 484 2923 (
530 2875 837 2942 γέλλεσθαι,
871 2880 1062 2949 ἀνδρὸς
1088 2882 1240 2949 ὄντος
1266 2887 1507 2955 δηλονότι
1530 2890 1833 2961 θεοφιλοῦς,
1861 2901 1956 2951 καὶ

465 2987 481 3013 ι
530 2969 698 3060 μονῆς
734 2975 1157 3045 προεστηκότος.
1192 2979 1286 3031 καὶ
1312 2981 1495 3034 ἱκανοῦ
1539 2983 1734 3049 σώζειν
1775 2987 1957 3060 ψυχὴν

467 3076 483 3105 α
530 3058 731 3161 ﬁtP-1qu
752 3062 831 3131 τῷ
857 3064 979 3161 θεῷ
1011 3070 1451 3141 προσαγομένην.
1486 3076 1548 3128 Εἰ
1578 3077 1633 3128 δέ
1665 3094 1749 3141 τις
1771 3058 1957 3151 φωρά-
1983 3104 2026 3161 c

460 3169 477 3199 ι
532 3150 647 3217 θείη
676 3155 1064 3227 ἁποκουρεύων
1091 3162 1211 3215 τινὰ
1239 3164 1410 3233 χωρὶς
1436 3169 1736 3237 παρουσίας
1753 3172 1846 3226 τοῦ
1864 3150 1954 3236 εἰς

458 3259 476 3289 ι
522 3242 798 3314 ὑποταγὴν
828 3248 993 3301 αὐτὸν
1020 3252 1330 3320 ὀφείλοντος
1353 3256 1759 3327 ἀναλαμϐάνειν
1792 3266 1957 3332 ἡγου-

466 3351 483 3382 ι
533 3335 717 3400 μένου,
751 3337 943 3393 τοῦτον
969 3342 1067 3412 μὲν
1086 3345 1405 3416 καθαιρέσει
1427 3349 1957 3422 καθυποόάλλεσθαι,

461 3443 478 3474 ι
526 3425 601 3490 ὡς
634 3428 969 3485 ἀπειθοῦντα
1003 3437 1116 3498 τοῖς
1152 3438 1361 3500 κανόσι,
1397 3444 1492 3495 καὶ
1523 3445 1621 3514 τὴν
1654 3447 1956 3519 μοναδικὴν

461 3535 479 3565 ι
524 3517 775 3583 εὐταξίαν
828 3522 1151 3580 διαλύοντα·
1223 3529 1316 3584 τὸν
1374 3533 1431 3586 δὲ
1474 3538 1805 3607 παραλόγως
1862 3517 1956 3597 καὶ

465 3625 481 3655 ι
527 3610 778 3675 ἀτάκτως
806 3613 1288 3686 ἀποκουρευθέντα
1329 3624 1390 3675 ὲν
1439 3624 1687 3697 ὑποταγῇ
1720 3633 1816 3685 καὶ
1859 3652 1952 3703 μο-

462 3721 478 3750 ι
529 3706 828 3775 ναστηρίῳ,
860 3707 919 3759 ὲν
951 3700 995 3774 ᾧ
1021 3710 1087 3763 ἂν
1114 3710 1310 3765 δ’κατὰ
1333 3714 1423 3767 τὸν
1462 3716 1628 3772 τόπον
1655 3700 1954 3787 ἐπίσκοπος

462 3810 480 3841 ι
529 3792 832 3869 δοκιμάσῃ,
889 3799 1312 3869 παραδίδοσθαι.
1347 3806 1415 3860 Δί
1456 3807 1565 3877 γὰρ
1607 3809 1823 3879 ἄκριτοι
1860 3819 1956 3869 καὶ

458 3902 477 3934 ‹
524 3885 844 3955 ἐπισφαλεῖς
881 3891 1190 3962 ἀποκουραὶ
1220 3899 1316 3949 καὶ
1344 3897 1402 3951 τὸ
1428 3901 1726 3971 μοναχικὸν
1767 3908 1954 3976 σχῆμα

456 3997 474 4030 ι
517 3979 826 4048 ἠτίμωσαν,
860 3985 954 4038 καὶ
984 3985 1045 4038 τὸ
1078 3987 1173 4042 τοῦ
1205 3991 1444 4060 Χριστοῦ
1481 3994 1654 4064 ὄνομα
1707 3996 1955 4069 βλασφη-

459 4088 478 4120 t
525 4072 744 4141 μεῖσθαι
776 4081 1166 4148 πεποιήκασιν.
1202 4102 1221 4134 ι

451 4162 645 4217 ΒΛΛΣ.
690 4164 756 4220 Ἡ
783 4168 842 4219 ἐν
872 4169 1165 4242 ὑποκρίσει
1213 4173 1477 4232 εὐλάϐεια
1500 4180 1753 4249 μεγάλως
1787 4200 1955 4238 κατα-

378 4255 630 4326 κρίνεται
666 4260 760 4312 καὶ
791 4261 879 4315 διὰ
911 4263 1293 4332 εὑαγγελικῶν
1335 4269 1503 4324 θείων
1551 4275 1955 4346 παραγγελμά-

377 4365 507 4412 των,
547 4351 640 4403 καὶ
676 4351 766 4406 διὰ
800 4356 1091 4425 γραφικῶν
1145 4361 1520 4430 παραδόσεων.
1553 4366 1722 4419 Φασὶν
1760 4367 1854 4422 οὖν
1898 4372 1950 4423 οἰ

2059 513 2342 567 insinuare
2369 514 2625 575 cuiquam
2658 513 2883 568 licebit?
2939 514 3015 567 De
3062 512 3407 569 monasteriis
3458 530 3623 582 porro

2058 601 2427 662 exstrucndis.
2463 602 2603 656 libro
2632 617 2852 672 quoque
2892 601 3123 663 Basilic._
3148 612 3341 670 quarto
3373 642 3386 666 ,
3436 602 3519 656 tit.
3554 606 3573 656 l
3608 645 3621 666 ,

2059 706 2184 760 cap.
2209 693 2405 761 primo,
2433 692 2533 746 hoc
2558 700 2661 756 est,
2685 690 2907 747 Novella
2934 692 3149 761 quinta,
3167 700 3221 746 et
3245 690 3384 750 libro
3408 691 3623 760 quinto,

2061 788 2148 840 tit.
2182 786 2451 840 secundo.
2482 797 2601 853 cap.
2637 785 2849 839 decimo
2884 792 3084 851 quarto
3119 783 3481 839 constitutmn
3517 794 3622 838 cst.

2060 874 2288 931 AlllST.
2344 894 2361 926 ι
2414 872 2618 928 Praeter
2682 873 2921 943 episcOpi
2957 875 3301 943 lsenlentiam
3355 883 3629 928 monaste-

2137 989 2155 1021 ι
2192 969 2330 1023 rium
2350 978 2634 1023 exstruere
2652 967 2853 1021 nemini
2877 966 3054 1023 liceat.
3075 966 3170 1022 ιιιο
3193 974 3372 1021 autem
3401 966 3627 1029 sciente,

2139 1081 2157 1113 ι
2197 1070 2250 1116 et
2281 1077 2472 1133 preces
2501 1071 2811 1131 peragentc,
2852 1070 3214 1125 exstructum,
3250 1076 3357 1121 una
3388 1076 3509 1116 cum
3554 1060 3631 1114 iis

2139 1171 2157 1204 ι
2195 1168 2316 1221 quze
2347 1152 2413 1205 ad
2457 1152 2634 1221 ipsum
2665 1151 2959 1220 pertinent.
2988 1153 3040 1207 in
3067 1150 3221 1205 Brevi
3249 1149 3592 1204 describatur
3617 1191 3631 1213 ,

2142 1265 2160 1297 ‹
2202 1244 2335 1300 etin
2373 1244 2695 1313 episc0patu
2727 1254 3047 1313 reponatur.
3085 1242 3150 1295 Et
3209 1241 3308 1311 ipsi
3345 1242 3508 1295 etiam
3537 1257 3635 1294 ex-

2142 1358 2160 1389 ‹
2195 1336 2477 1401 strnctori,
2505 1338 2585 1392 vel
2611 1336 2866 1407 prmfecto
2884 1352 3025 1400 esse,
3048 1337 3133 1390 vel
3154 1335 3473 1406 praefectum
3506 1349 3635 1389 con-

2140 1450 2158 1484 ι
2198 1434 2462 1497 stituerc,
2497 1438 2699 1497 praeter
2751 1428 2996 1498 episcopi
3045 1429 3396 1494 sententiam,
3452 1444 3522 1484 ne
3570 1428 3636 1482 li-

2149 1542 2166 1573 t
2202 1530 2341 1578 ceat.
2384 1541 2402 1574 ι

2683 1609 2913 1667 CANON
2942 1611 3009 1666 ιι.

2075 1725 2093 1759 ι
2132 1705 2404 1771 Quoniam
2447 1705 2697 1764 nonnulli
2740 1722 2802 1762 se
2836 1708 3001 1761 vitam
3050 1707 3408 1762 monasticam
3450 1706 3633 1761 subire

2142 1816 2160 1848 ι
2194 1812 2305 1867 prae
2332 1813 2391 1853 se
2420 1797 2622 1865 ferunt,
2650 1813 2761 1852 non
2791 1807 2849 1851 ut
2878 1797 2989 1852 Deo
3045 1814 3178 1868 pure
3211 1800 3492 1864 serviant,
3539 1800 3632 1855 sed

2142 1911 2158 1941 ι
2198 1899 2255 1944 ιιι
2280 1900 2501 1959 propter
2526 1890 2744 1946 habitus
2777 1891 3117 1947 honestatem
3159 1892 3375 1962 pietatis
3423 1892 3629 1960 opinio-

2137 2002 2151 2031 ι
2192 1998 2317 2036 nem
2353 1992 2787 2051 consequantur,
2815 1991 2867 2038 et
2893 2000 2956 2039 ea
2997 1984 3212 2039 ratione
3268 1983 3504 2053 propriis
3537 2000 3634 2038 vo.

2142 2093 2158 2123 ι
2201 2074 2502 2143 luptatibns
2534 2075 2703 2130 libere
2739 2075 2994 2131 fruantur
3024 2077 3302 2147 (solorum
3333 2078 3476 2131 enim
3502 2077 3637 2145 pilo-

2141 2183 2157 2213 ι
2198 2181 2313 2217 rum
2342 2166 2557 2236 jactura
2591 2166 2755 2231 facta,
2791 2167 3024 2237 propriis
3048 2167 3300 2221 domibus
3355 2167 3631 2231 assident,

2138 2274 2156 2305 ι
2199 2258 2401 2311 nullam
2428 2257 2748 2313 monastica:
2782 2258 2905 2313 vita:
2958 2258 3489 2314 administrationem
3545 2258 3627 2312 vel

2143 2371 2159 2400 ι
2198 2348 2644 2406 constitutionem
2676 2350 2997 2421 implentcs)
3038 2370 3051 2405 :
3083 2350 3275 2407 statuit
3324 2357 3511 2405 sancta
3545 2364 3634 2421 sy-

2141 2463 2159 2494 (
2197 2443 2395 2511 nodus,
2431 2458 2499 2498 ne
2524 2442 2668 2498 ullus
2700 2442 2923 2498 omnino
2955 2444 3257 2498 monastico
3309 2443 3497 2499 habitu
3551 2443 3633 2495 di-

2141 2554 2159 2586 ι
2199 2552 2339 2605 guns
2372 2544 2681 2601 censeatur,
2713 2535 2830 2590 sine
2857 2537 3144 2605 praesentia
3202 2536 3322 2605 ejus
3353 2536 3445 2605 qui
3482 2536 3631 2589 illum

2139 2648 2157 2678 ι
2193 2628 2352 2683 debet
2381 2629 2446 2683 ad
2474 2628 2840 2684 obedientiam
2865 2628 3169 2696 suscipere,
3192 2639 3245 2682 et
3270 2643 3327 2682 se
3357 2629 3631 2697 principa-

2140 2735 2157 2766 ι
2196 2728 2309 2770 ιιιιιι
2357 2719 2407 2770 in
2443 2717 2593 2771 illum
2619 2717 2971 2772 obtenturmn
3002 2726 3057 2772 et
3079 2718 3197 2786 ejus
3226 2720 3421 2773 animae
3439 2719 3632 2772 salutis

2139 2828 2157 2859 ι
2195 2824 2379 2863 curam
2414 2820 2695 2878 gesturum
2728 2809 2968 2879 profiteri
2999 2848 3013 2872 ,
3040 2810 3132 2879 qui
3162 2812 3369 2866 scilicet
3419 2820 3503 2865 est
3551 2812 3633 2865 vir

2140 2920 2157 2950 ι
2199 2900 2342 2969 pius,
2378 2908 2431 2953 et
2486 2908 2685 2968 praeest
2722 2901 3080 2966 monasterio,
3115 2910 3167 2956 et
3198 2911 3279 2956 est
3312 2901 3542 2957 idoneus
3564 2902 3629 2955 ad

2136 3011 2154 3043 ι
2191 2992 2515 3047 servandam
2544 2992 2782 3045 animam
2808 3008 2929 3061 quae
2956 2993 3119 3047 modo
3150 2994 3260 3047 Deo
3292 2992 3539 3048 oﬂ‘ertur.
3575 2992 3629 3047 Si

2139 3102 2157 3135 ι
2198 3085 2322 3154 quis
2351 3097 2533 3139 autem
2559 3084 2929 3155 deprehensus
2948 3086 3109 3140 fuerit
3129 3087 3363 3157 aliquem
3385 3088 3629 3150 tondere,

2141 3196 2159 3227 ι
2198 3178 2319 3231 sine
2350 3176 2636 3245 przesentia
2671 3176 2934 3245 praefecti,
2971 3178 3062 3247 qui
3125 3179 3302 3247 ipsum
3350 3180 3509 3233 debet
3564 3179 3629 3230 ad

2140 3288 2158 3319 ι
2201 3268 2569 3324 obedientiam
2598 3273 2900 3340 suscipere,
2936 3271 3026 3325 ille
3055 3271 3273 3340 quidem
3305 3271 3627 3339 depositioni

2138 3378 2156 3410 ι
2190 3359 2519 3427 subjiciatur
2569 3362 2746 3430 utqui
2778 3364 3084 3417 cauonibus
3136 3378 3242 3416 non
3299 3371 3523 3431 pareat,
3581 3373 3626 3419 et

2132 3470 2151 3502 ι
2194 3452 2557 3507 monasticnm
2589 3453 2838 3508 ordinem
2865 3456 3002 3509 bene
3031 3457 3393 3523 compositum
3429 3456 3624 3511 dissol-

2132 3563 2150 3595 ι
2194 3554 2278 3597 vat
2318 3563 2331 3599 :
2372 3545 2465 3616 qui
2503 3560 2633 3600 vero
2666 3548 3063 3603 lnordinate'et
3120 3557 3316 3618 prmter
3364 3549 3630 3604 rationem

2138 3655 2157 3688 ι
2197 3646 2392 3695 tonsus
2445 3650 2551 3704 est,
2582 3640 2636 3692 in
2664 3639 3057 3706 subjectionem
3089 3641 3252 3694 etiam
3279 3638 3333 3694 iu
3358 3650 3632 3696 monaste—

2137 3745 2154 3775 ι
2193 3728 2298 3792 rio,
2330 3729 2382 3782 in
2412 3744 2523 3798 quo
2570 3729 2717 3786 illius
2757 3731 2860 3785 loci
2923 3730 3218 3799 episcopus
3268 3731 3462 3786 melius
3511 3748 3630 3788 esse

2139 3839 2155 3868 ι
2190 3820 2429 3885 duxerit,
2457 3822 2723 3878 tradatur.
2760 3822 2911 3878 Citra
2951 3823 3221 3892 judicium
3276 3824 3421 3879 enim
3481 3823 3630 3879 facta!

2136 3931 2153 3960 ι
2196 3920 2249 3966 et
2288 3914 2592 3967 letl‘tcrarizc
2625 3924 2864 3967 tonsurae
2894 3917 3253 3969 monasticum
3286 3933 3503 3985 quoque
3529 3918 3630 3970 ha-

2134 4022 2151 4053 ι
2194 4003 2361 4056 hilum
2397 4003 2692 4071 ignominia
2717 4004 3037 4066 affecerunt,
3065 4014 3119 4058 et
3144 4048 3158 4070 ,
3196 4017 3254 4058 ιιι
3286 4008 3493 4062 Christi
3526 4023 3626 4061 no-

2136 4114 2152 4144 ι
2195 4109 2317 4147 men
2349 4093 2704 4162 hlasphemiis
2738 4104 3107 4164 appeteretnr,
3138 4096 3458 4151 effecerunt.
3507 4118 3526 4150 ι

2128 4186 2321 4241 BALS.
2385 4185 2531 4241 Ficta
2590 4188 2762 4255 pietas
2824 4196 2878 4242 et
2933 4188 3264 4256 evangelicis
3322 4190 3627 4261 divinisque

2055 4280 2344 4350 pra’ceptis
2374 4290 2427 4334 et
2459 4282 2758 4349 Scripturte
2795 4281 3184 4336 traditionibus
3222 4283 3379 4339 valde
3425 4286 3625 4339 conde-

2057 4380 2296 4427 mnatur.
2339 4372 2533 4428 Dicunt
2566 4387 2696 4443 ergo
2731 4373 2915 4429 Patres
2951 4414 2964 4435 .
3002 4376 3148 4447 quod
3178 4378 3436 4444 quoniam
3494 4394 3623 4432 non-

378 4439 621 4509 Πατέρες
650 4441 747 4509 ὡς,
806 4446 929 4500 ὲπεί
982 4466 1128 4513 τινες
1178 4453 1465 4508 εὐλάϐειαν
1532 4458 1949 4531 ὑποκρινόμενοι

2057 4464 2191 4519 nulli
2218 4468 2477 4533 pietatem
2499 4467 2763 4536 fingentes
2794 4466 2959 4519 vitam
2989 4470 3343 4523 monasticam
3372 4471 3623 4536 subeunt,

379 4530 794 4622 ὑπεισέρχονται
821 4540 911 4593 τὸν
935 4545 1147 4614 μονήρη
1182 4545 1321 4615 βίον,
1349 4548 1408 4601 οὑ
1436 4548 1525 4603 διὰ
1561 4552 1661 4622 τὴν
1688 4550 1779 4608 τοῦ
1802 4530 1949 4608 ΫΘεοῦ

380 4620 627 4715 ἐντολὴν,
661 4626 795 4680 ἀλλά
829 4630 917 4683 διὰ
948 4632 1047 4704 τὴν
1077 4636 1384 4693 ἀπόλαυσιν
1422 4642 1531 4694 τῶν
1573 4620 1792 4699 οίκείων
1832 4648 1952 4715 ἡδο-

379 4709 514 4808 νῶν,
539 4714 631 4808 καὶ
662 4717 747 4770 ἵνα
772 4720 879 4773 ἀπὸ
902 4725 1063 4792 μόνου
1094 4729 1188 4781 τοῦ
1220 4730 1377 4797 ἁγίου
1405 4735 1683 4804 σχήματος
1708 4709 1951 4808 σεμνιῦν-

378 4818 467 4859 ται
497 4803 791 4883 (κάθηνται
829 4815 939 4887 γὰρ
970 4819 1064 4872 καὶ
1100 4823 1238 4890 μετὰ
1263 4822 1360 4895 τὴν
1392 4803 1706 4897 ἀπόκαρσιν
1738 4803 1819 4894 εἰς
1853 4834 1951 4896 τὰς

379 4903 650 4970 κοσμικὰς
706 4907 985 4970 κατοικίας
1034 4911 1260 4983 αὐτῶν),
1326 4917 1500 4986 χρεών
1565 4920 1679 4972 ἐστι
1745 4922 1951 4992 μηδένα

378 4998 532 5063 παρά
562 5013 706 5059 τινος
758 4999 1170 5068 ἀποκείρεσθαι,
1234 5007 1281 5058 εί
1323 5009 1401 5077 μὴ
1454 5009 1597 5064 κατὰ
1644 5016 1949 5082 παρουσίαν

381 5088 474 5137 τοῦ
510 5087 820 5154 ὀφείλοντος
853 5091 1018 5143 αὑτὸν
1066 5095 1427 5161 ἀναδέξασθαι
1475 5103 1800 5173 ἡγουμένου,
1847 5108 1942 5159 καὶ

380 5178 671 5246 μέλλοντος
706 5184 1008 5250 ⁵,αίιτατάξαι
1042 5190 1107 5258 τῇ
1160 5188 1480 5261 ἀδελφότητι
1542 5195 1635 5249 τοῦ
1672 5214 1945 5268 μοναστη-

378 5270 495 5337 ρίου
523 5270 709 5324 αὑτοῦ.
744 5272 802 5324 ὐ
826 5273 881 5325 δὲ
900 5279 1052 5345 παρὰ
1074 5278 1171 5349 τὴν
1205 5280 1468 5353 διαταγὴν
1488 5285 1690 5350 ταύτην
1715 5292 1946 5357 ποιήσας

374 5357 684 5428 ἀπόκαρσιν
717 5362 1085 5433 καθαιρείσθω
1110 5383 1125 5396 ⁸
1160 5370 1253 5422 καὶ
1306 5373 1332 5423 ὀ
1362 5372 1660 5444 ἀποκαρεὶς
1698 5380 1778 5442 εἰς
1812 5382 1945 5435 ὑπο-

378 5455 553 5523 ταγὴν
576 5453 670 5506 τοῦ
706 5458 1073 5527 μοναστηρίου
1116 5461 1481 5533 παραδοθήτω
1536 5468 1676 5521 κατά
1719 5470 1948 5541 δοκιμα-

375 5543 506 5596 σίαν·
557 5544 651 5597 τοῦ
688 5545 1014 5613 ἐπισκόπου,
1054 5550 1137 5602 ἵνα
1187 5551 1261 5621 μὴ
1311 5554 1376 5605 ἐκ
1425 5555 1520 5607 τοῦ
1563 5557 1788 5625 βλέπειν
1819 5564 1941 5627 τοὺς

376 5638 638 5701 ἀπίστους
667 5640 733 5693 τὰ
783 5642 1012 5710 τοιαῦτα
1048 5646 1374 5717 τολμήματα
1424 5649 1809 5722 βλασφημῆται
1845 5656 1944 5726 μὲν

372 5730 429 5781 τὸ
457 5731 550 5784 τοῦ
582 5733 817 5803 Χριστοῦ
850 5735 1043 5804 ὄνομα,
1096 5738 1433 5805 άτιμάζηται
1475 5742 1650 5796 δὲκαὶ
1688 5745 1747 5795 τὸ
1789 5747 1943 5806 ἅγιον

2055 4571 2162 4609 non
2196 4566 2416 4625 propter
2448 4558 2539 4611 Dei
2580 4558 2914 4619 mandatum,
2948 4559 3042 4613 sed
3077 4568 3134 4612 ιιι
3185 4562 3300 4615 suis
3338 4563 3622 4632 voluptati-

2054 4645 2157 4699 bus
2191 4645 2466 4711 fruantur,
2500 4654 2555 4700 et
2586 4657 2643 4699 ut
2675 4663 2735 4701 se
2763 4648 2883 4701 solo
2913 4656 3102 4703 sancto
3137 4650 3320 4703 habitu
3355 4654 3624 4709 venditent

2054 4737 2289 4805 (sedent
2326 4739 2471 4792 enim
2502 4779 2516 4801 ,
2544 4740 2708 4791 etiam
2743 4745 3033 4808 postquam
3088 4745 3233 4797 tonsi
3291 4742 3534 4809 fuerint,
3574 4747 3622 4798 in

2053 4830 2409 4884 saecularibus
2445 4837 2561 4886 Suis
2592 4832 3069 4904 habitationibus),
3110 4835 3381 4890 neminem
3414 4846 3620 4904 oportet

2052 4923 2121 4975 ab
2162 4923 2274 4975 ullo
2300 4924 2534 4989 tonderi,
2563 4924 2723 4995 335
2755 4926 2861 4981 nisi
2902 4930 2953 4981 in
2989 4927 3275 4997 praesentia
3312 4928 3619 4995 prmpositi,

2051 5016 2142 5082 qui
2178 5014 2335 5069 debet
2366 5032 2486 5070 eum
2523 5020 2822 5087 suscipere,
2852 5022 2980 5074 etin
3019 5020 3332 5073 monasterii
3385 5021 3470 5073 sui
3513 5018 3620 5071 fra-

2053 5108 2365 5163 ternitatem
2403 5110 2580 5178 ipsum
2610 5120 2926 5180 recepturus
2954 5119 3063 5168 cst.
3088 5111 3190 5177 Qui
3218 5120 3399 5165 autem
3435 5123 3619 5181 praue:

2051 5199 2193 5253 hanc
2222 5202 2674 5257 constitutionem
2706 5211 2988 5258 tonsuram
3020 5203 3228 5269 fecerit,
3268 5203 3572 5272 deponatur
3602 5222 3616 5259 :

2049 5305 2102 5348 et
2127 5295 2220 5363 qui
2257 5303 2452 5351 tonsus
2485 5304 2568 5351 est
2595 5297 2648 5349 in
2684 5296 3000 5350 monasterii
3064 5296 3455 5360 subiectionem
3510 5308 3611 5350 tra.

2048 5384 2232 5450 datur,
2266 5395 2322 5439 ut.
2350 5388 2644 5457 episcOpus
2679 5387 2872 5442 melius
2893 5387 3294 5456 essejudicabit
3319 5406 3332 5455 ;
3362 5405 3427 5444 ne
3449 5406 3512 5445 ex
3531 5408 3612 5455 eo,

2047 5477 2190 5543 quod
2225 5478 2469 5532 inﬁdeles
2502 5480 2788 5533 temeraria
2841 5478 3112 5547 ejusmodi
3169 5481 3308 5535 facta
3356 5482 3611 5551 videant,

2045 5568 2248 5623 Christi
2276 5569 2497 5637 quidem
2537 5584 2733 5623 nomen
2771 5570 3126 5639 blasphemiis
3154 5582 3460 5641 appetatur,
3486 5591 3607 5630 san-

2048 5670 2173 5713 ctus
2206 5676 2425 5729 quoque
2463 5661 2682 5715 habitus
2713 5661 3005 5732 ignominia
3056 5662 3338 5719 afﬁciatur.
3387 5665 3449 5720 Et
3503 5668 3604 5720 hau

2048 5751 2258 5821 quidem
2297 5752 2513 5823 quando
2550 5754 2669 5824 quis
2704 5768 2800 5823 per
2837 5753 3165 5825 hypocrisim
3206 5764 3396 5813 tonsus
3432 5756 3591 5806 fimi-it
