4074 6214
425 247 564 309 λίίῦ

1687 254 1967 317 THEOD.
2012 255 2421 320 BALSAMON

3546 244 3692 313 10Ῑὸ

428 371 471 426 3i
503 379 681 422 autem
717 377 937 439 propter
980 367 1231 423 morbum
1290 367 1375 422 vel
1426 376 1649 439 propter
1706 384 1996 424 maerorem

2106 375 2316 443 σχῆμα.
2342 375 2451 429 Καὶ
2476 372 2646 427 ταῦτα
2673 373 2795 442 μὲν,
2824 375 2953 429 ὅταν
2978 392 3060 436 τις
3090 373 3215 428 καθ’
3238 371 3530 442 ὑπόκρισιν
3556 369 3699 423 amr

428 464 533 516 hoc
558 460 772 525 fecerit,
811 463 1229 531 permitteturne
1264 471 1319 515 ut
1348 463 1403 516 in
1456 462 1817 518 saecularibus
1852 463 2007 517 habi-

425 567 524 623 tet,
556 557 638 612 vel
668 558 828 611 etiam
865 556 1155 625 pristinum
1189 556 1432 611 habitum
1470 556 1738 626 recipiat?
1768 557 2002 611 Solutio.

422 646 805 718 Nequaquam.
831 647 1022 702 Canon
1078 648 1225 703 enim
1295 651 1549 703 universe
1605 650 1895 719 loquitur,
1951 658 2007 704 et

423 751 647 810 preptcr
680 756 872 796 omnes
904 741 997 809 qui
1024 740 1522 812 quomodocunque
1560 744 1881 801 tondentur.
1911 742 2005 796 Vi—

426 831 610 889 dimus
635 842 817 888 autem
850 834 1071 900 multos,
1105 835 1199 904 qui
1229 834 1295 889 ad
1327 835 1577 890 ultimum
1618 836 1726 891 fere
1751 836 2002 904 Spiritum

423 926 566 979 tonsi
603 936 754 990 sunt,
789 936 842 982 et
874 937 1095 997 pr0pter
1129 929 1378 984 morbum
1426 929 1745 984 nesciebant
1778 929 2001 1002 quidem

426 1018 559 1085 quid
594 1018 647 1071 in
678 1018 813 1088 ipsis
846 1019 1020 1085 ﬁeret,
1056 1020 1147 1088 qui
1181 1034 1305 1074 cum
1332 1027 1520 1089 postea
1543 1020 1777 1087 priorem
1803 1020 2003 1075 vellent

420 1111 671 1167 habitum
733 1112 1005 1178 recipere,
1061 1122 1282 1182 propter
1334 1113 1697 1181 ignorantiam
1746 1121 1798 1167 et
1858 1113 2001 1182 quod

422 1203 614 1257 morbo
644 1202 783 1257 male
818 1202 998 1259 allecti
1030 1211 1239 1273 essent,
1263 1211 1319 1267 et
1348 1204 1400 1257 in
1447 1204 1806 1259 szecularibus
1834 1205 2000 1258 vitam

421 1309 605 1359 agere,
640 1293 693 1348 id
735 1310 841 1347 non
872 1294 972 1348 fuit
1020 1296 1102 1349 eis
1144 1297 1494 1364 permissum,
1524 1296 1623 1351 sed
1646 1311 1805 1362 pmna
1833 1297 1998 1350 etiam

423 1383 600 1438 affecti
635 1386 788 1440 fuere
822 1405 835 1439 :
872 1387 1011 1443 alios
1043 1400 1247 1452 autem,
1286 1388 1377 1457 qui
1416 1402 1541 1442 cum
1575 1396 1778 1441 temere
1816 1386 2004 1455 pristi-

424 1491 555 1529 num
587 1476 831 1531 habitum
867 1487 1300 1548 resumpserunt,
1345 1492 1539 1534 rursus
1587 1479 1653 1533 ad
1688 1480 1838 1548 prius
1892 1493 2009 1530 mos

425 1568 694 1623 uasticum
730 1568 1041 1623 institutum
1087 1570 1170 1623 vel
1231 1571 1387 1624 inviti
1441 1572 1646 1629 reversi
1677 1578 1829 1625 sunt.
1864 1570 2002 1637 Quid

424 1675 557 1714 vero
575 1660 712 1730 ?,qui
746 1669 945 1730 prmter
973 1662 1241 1716 rationem
1261 1670 1455 1718 tonsus
1485 1671 1590 1729 est,
1623 1663 1707 1716 vel
1730 1664 1847 1717 sine"
1870 1678 2006 1732 pra:-

2112 471 2256 541 καρῇ
2285 487 2299 501 ⁶
2329 470 2379 523 εί
2416 469 2471 523 δὲ
2499 470 2586 523 διὰ
2616 470 2777 523 νόσον
2821 470 2854 541 ἢ
2889 454 2975 523 διᾶ
3013 470 3192 540 λύπην
3226 468 3389 522 τοῦτο
3444 466 3696 535 ποιήσει,

2111 561 2649 632 παραχωρηθήσεται
2686 561 2899 629 διάγειν
2957 562 3034 623 είς
3054 562 3120 614 τὰ
3167 560 3411 625 κοσμικὰ
3457 560 3700 631 ἢμεταν-

2113 653 2590 723 σχηματισθῖψαις
2638 656 2850 721 Λύσις.
2910 653 3197 723 Οὐδαμῶς.
3242 652 3301 704 Ὁ
3346 651 3453 720 γὰρ
3512 648 3700 703 κανὼν

2111 743 2421 806 καθολικῶς
2452 744 2793 815 ὲξεφωνήθη,
2830 746 2926 798 καὶ
2950 744 3037 797 διὰ
3077 744 3288 804 πάντας
3332 743 3459 804 τοὺς
3508 744 3701 794 ὁπωσ-

2111 834 2309 904 δήποτε
2334 836 2818 907 ἁποκειρομένους.
2861 837 3087 906 Εἶδομεν
3143 836 3197 887 δὲ
3228 837 3321 889 καὶ
3355 834 3584 895 πολλοὺς
3609 835 3699 897 είς

2110 926 2208 988 τὰς
2245 926 2567 991 τελευταίας
2599 930 2779 990 αὐτῶν
2824 930 3008 999 σχεδὸν
3061 929 3341 991 ἀναπνοὰς
3377 928 3699 997 ἀποκαρέν·

2113 1040 2231 1085 τας,
2268 1024 2362 1077 καὶ
2398 1023 2534 1093 μηδὲ
2561 1024 2775 1087 εἰδότας
2823 1024 2913 1079 διὰ
2963 1024 3062 1093 τὴν
3094 1023 3252 1076 νόσον
3300 1023 3360 1076 τὸ
3402 1024 3699 1091 γινόμενον

2111 1117 2199 1168 ἐπ’
2230 1116 2433 1178 αὐτοῖς,
2469 1116 2562 1169 καί
2593 1116 2824 1186 ὕστερον
2854 1116 3267 1177 σπουδάσαντας
3298 1112 3475 1167 πολλά
3524 1130 3699 1183 μετα-

2113 1221 2214 1275 σχη
2226 1206 2553 1275 ματισοῆναι
2584 1206 2673 1260 διὰ
2704 1206 2805 1275 τὴν
2831 1205 3055 1273 ἄγνοιαν
3078 1206 3174 1258 καὶ
3204 1204 3305 1275 τὴν
3343 1203 3453 1258 ἀπὸ
3480 1203 3583 1273 τῆς
3606 1202 3699 1256 νό-

2112 1311 2213 1346 σου
2238 1294 2542 1362 κακότητα,
2579 1296 2673 1349 καὶ
2709 1294 2965 1356 θέλοντας
2998 1297 3078 1357 είς
3099 1293 3172 1347 τὰ
3198 1295 3440 1364 κοσμικά
3456 1294 3693 1363 διάγειν,

2109 1383 2207 1437 καὶ
2241 1384 2315 1454 μὴ
2342 1386 2872 1457 παραχωρηθέντας,
2907 1385 3045 1439 ἀλλὰ
3098 1385 3187 1438 καὶ
3210 1385 3644 1455 ἐπιτιμηθέντας
3673 1402 3691 1417 ⁸

2110 1476 2302 1539 ἄλλους
2360 1476 2417 1529 δὲ
2477 1477 2841 1546 ἀσυμϐούλως
2890 1477 3533 1547 μετασχηματισθέντας,
3590 1477 3693 1532 καὶ

2110 1566 2267 1630 αὖθις
2306 1567 2388 1630 είς
2416 1567 2514 1638 τὴν
2544 1569 2820 1637 προτέραν
2860 1570 3155 1638 μοναδικὴν
3206 1569 3546 1624 κατάστασιν
3589 1570 3695 1624 καὶ

2110 1658 2347 1721 ἄκοντας
2377 1658 2855 1728 ὑποστρέψαντας,
2885 1660 2951 1713 Τί
2981 1660 3059 1725 δὲ,
3106 1663 3134 1714 6
3174 1660 3505 1730 παραλόγως
3549 1662 3694 1715 ἁπο-

424 1729 609 1805 sentia
639 1729 939 1821 prwpositl,
976 1752 1068 1822 qui
1105 1753 1255 1806 illum
1291 1762 1652 1825 suscepturus
1675 1764 1778 1819 est,
1806 1729 1996 1822 etvepi-

2110 1750 2325 1820 καρεὶς,
2370 1752 2489 1821 ῆτοι
2520 1752 2643 1821 δίχα
2688 1752 2997 1821 παρουσίας
3021 1751 3113 1804 τοῦ
3152 1752 3441 1822 μέλλοντος
3493 1752 3692 1807 τοῦτον

424 1843 576 1912 scopi
613 1844 879 1898 arbitratu
910 1852 965 1899 et
994 1846 1396 1901 examinatione
1438 1856 1521 1901 est
1572 1861 1720 1901 nunc
1768 1846 2003 1915 primum

424 1934 480 1987 in
523 1935 855 1990 monasterio
887 1936 1272 2001 collocandus,
1326 1944 1624 2007 cogeturne
1689 1936 1801 1989 alia
1845 1945 2004 2005 pacta

425 2035 696 2081 conventa
729 2042 825 2081 seu
856 2036 978 2079 vota
1012 2026 1213 2091 Facere,
1248 2034 1301 2080 et
1336 2027 1579 2097 profiteri
1639 2027 1693 2081 in
1729 2027 1848 2096 ipso
1891 2041 2005 2079 ma-

424 2134 578 2182 nere,
614 2127 671 2172 ut
706 2119 868 2172 etiam
902 2119 1050 2172 intus
1074 2134 1199 2173 esse
1222 2128 1418 2173 tonsus
1453 2119 1822 2179 existimetur,
1855 2133 1921 2171 an
1953 2119 2001 2171 ei

424 2211 607 2279 priora
644 2211 914 2266 suiiieient
942 2210 969 2262 ἲ
1011 2209 1241 2265 Salutio.
1280 2210 1332 2265 Is
1380 2211 1600 2275 videtur
1662 2211 1716 2264 in
1778 2224 1883 2275 eo,
1949 2209 2001 2262 in

421 2317 533 2372 quo
565 2304 796 2371 primum
833 2305 1135 2359 collocatus
1165 2314 1267 2371 est,
1304 2306 1641 2359 monasterio
1681 2314 1838 2373 pacta
1873 2319 2001 2356 con-

422 2404 581 2450 venta
613 2396 838 2462 fecisse;
891 2407 1012 2465 post
1071 2407 1351 2450 tonsuram
1422 2406 1600 2451 autem
1663 2396 1827 2449 etiam
1893 2396 1999 2447 alia

420 2497 580 2558 pacta
635 2496 903 2541 conventa
964 2487 1145 2544 facere
1202 2504 1315 2542 non
1394 2489 1636 2557 cogitur.
1698 2486 1996 2557 Pr0pterua

419 2580 590 2642 enim,
622 2588 681 2633 ut
710 2591 793 2634 est
822 2580 1144 2644 verisimile,
1194 2596 1389 2637 omnes
1435 2580 1899 2651 interrogationes
1944 2589 1998 2633 et

421 2678 693 2723 corrventa
727 2671 779 2724 in
816 2671 964 2725 omni
997 2679 1226 2735 tonsura
1276 2673 1654 2742 proferuntur.

489 2910 741 2966 ZONAR‘.
782 2911 1065 2978 Nonnulli,
1090 2930 1161 2969 ou
1202 2918 1453 2972 morbum
1487 2917 1626 2972 forte
1658 2931 1750 2973 aut
1788 2936 1987 2975 maere

421 3020 557 3067 rem,
601 3014 694 3059 aut
734 3007 805 3059 ob
838 3020 955 3059 eam
1002 3021 1219 3076 quoque
1263 3022 1507 3076 causam,
1534 3025 1656 3080 quae
1700 3010 1752 3066 in
1786 3028 1994 3069 canone

422 3109 777 3165 memoratur,
820 3100 1057 3164 detonsi,
1105 3102 1221 3156 suis
1262 3118 1458 3159 rursus
1490 3105 1542 3159 in
1589 3106 1798 3162 (edibus
1826 3108 1991 3161 vitam

421 3198 669 3258 agentes,
706 3190 908 3245 nullam
938 3193 1157 3262 penitus
1188 3193 1425 3249 instituti
1462 3198 1754 3252 monastici
1788 3206 1992 3269 partem

419 3282 881 3350 exsequebantur.
948 3283 1245 3354 Propterea
1289 3288 1451 3356 igitur
1497 3287 1587 3342 hic
1630 3303 1754 3344 can.
1798 3303 1827 3342 ιι
1874 3306 1994 3361 syn.

419 3374 796 3445 promulgatas
833 3383 939 3438 est,
988 3377 1216 3446 ejusque
1258 3377 1480 3433 decreto
1518 3379 1892 3443 interdictum,
1929 3396 1997 3435 ne

418 3476 581 3531 quem
623 3463 951 3518 monachum
993 3466 1203 3522 tonderi
1241 3467 1422 3531 liceat,
1463 3467 1567 3522 nisi
1614 3483 1680 3523 eo
1728 3478 1995 3537 praesente

416 3556 510 3625 qui
540 3554 864 3623 'subjectum
908 3558 1014 3613 sibi
1057 3559 1259 3616 habere
1295 3560 1570 3617 hominem
1600 3576 1709 3617 non
1748 3570 1989 3627 recuset,

417 3646 759 3715 salutemque
806 3648 955 3705 illius
1000 3649 1340 3720 spiritualem
1393 3653 1497 3708 sibi
1550 3668 1698 3708 curae
1752 3653 1992 3707 futuram

416 3754 541 3793 esse
580 3740 884 3808 promittat,
928 3743 1243 3800 monasterii
1287 3745 1544 3800 nimirum
1573 3745 1851 3816 praefecto,
1883 3748 1994 3799 vir-

418 3838 594 3883 tutum
631 3832 1116 3889 exercitatiOnibns
1158 3834 1400 3901 addicto,
1444 3838 1801 3907 animumque
1846 3852 1995 3892 nunc

412 3923 509 3978 Dei
551 3924 914 3994 investigandi
948 3926 1134 3981 studio
1166 3927 1449 3982 incitatum
1482 3929 1551 3983 ad
1603 3929 1833 3984 salutem
1861 3930 1994 3983 diri-

414 4013 577 4083 gendi
608 4015 803 4084 perito.
835 4016 987 4083 Quod
1021 4017 1067 4074 si
1097 4020 1239 4087 quis,
1274 4018 1475 4089 inquit,
1511 4020 1672 4075 alicui
1711 4031 1990 4076 tonsuram

415 4105 691 4173 conferre,
713 4107 990 4177 przefecto,
1027 4107 1189 4179 cujus
1213 4109 1303 4166 ille
1329 4109 1655 4166 obedientia:
1694 4111 1992 4181 mancipari

416 4197 631 4266 debeat,
656 4213 763 4253 non
780 4198 1045 4263 adhibito,
1063 4200 1527 4271 deprehendatur.
1549 4200 1725 4270 ipsum
1750 4201 1993 4270 quidem,

414 4292 616 4361 quippe
644 4292 736 4362 qui
773 4300 829 4348 et
851 4307 973 4348 can.
1010 4294 1194 4357 violet,
1218 4302 1273 4349 et
1306 4295 1444 4349 bene
1474 4296 1825 4349 constitutam
1876 4309 1993 4347 mo-

415 4384 614 4439 nastici
648 4392 827 4439 status
852 4384 1193 4454 disciplinam
1223 4396 1452 4452 evertat,
1483 4386 1826 4455 depositione
1851 4384 1989 4439 inul-

2103 4384 2382 4450 ὑποταγὴν
2434 4386 2494 4436 ὲν
2547 4383 2895 4452 μοναστηρίῳ
2943 4382 3361 4452 παραδιδάσθω,
3405 4383 3461 4435 ἐν
3515 4382 3563 4447 ᾧ

414 4474 557 4541 tari;
592 4476 684 4546 qui
716 4491 848 4530 vero
876 4483 1101 4543 temere,
1130 4492 1240 4531 non
1287 4478 1521 4533 servatis
1560 4480 1613 4531 in
1644 4493 1705 4532 ea
1746 4493 1803 4532 re
1833 4492 1993 4531 cano-

416 4579 548 4618 num
584 4565 981 4627 sanctionibus,
1021 4567 1285 4623 detOnsus
1327 4577 1430 4630 est,
1476 4570 1527 4623 in
1575 4569 1991 4635 monasterium,

415 4659 485 4713 in.
513 4673 623 4729 quo
652 4658 999 4727 mancipatus
1033 4660 1356 4717 obedientire
1401 4663 1579 4733 degat,
1623 4664 1691 4716 ab
1736 4663 1994 4733 episcOpo

415 4750 747 4822 eligendum,
803 4752 1054 4820 compelli
1106 4751 1311 4822 placet.
1360 4753 1437 4807 ita
1490 4770 1729 4823 namque
1771 4763 1995 4824 propter

414 4858 534 4908 eos,
572 4842 667 4914 qui
717 4842 870 4897 nullo
928 4843 1176 4898 adhibito
1224 4843 1434 4913 judicio
1479 4845 1729 4915 quamvis
1778 4845 1985 4915 indigni

416 4938 738 5003 tondentur,
784 4938 1120 4993 monasticus
1142 4936 1361 5007 quidem
1400 4937 1619 4992 habitus
1648 4954 1749 4993 suo
1784 4940 1990 4994 honore

412 5031 659 5099 privatus
683 5038 800 5096 est,
850 5029 1071 5085 Christi-
1118 5044 1256 5083 vero.
1297 5044 1495 5085 nomen
1539 5031 1609 5083 ab
1636 5031 1986 5095 'inl‘nlelibus,

412 5121 805 5175 monachorum
840 5121 1067 5175 liberam
1102 5137 1165 5175 ac
1200 5121 1434 5175 solutam
1470 5120 1685 5175 vivendi
1717 5121 1982 5174 rationein

414 5211 777 5277 intuentibus,
807 5215 1216 5283 blasphematur
1242 5233 1252 5267 :
1279 5212 1738 5283 quemadmodum
1772 5216 1841 5269 ab
1871 5231 1989 5267 om-

412 5303 577 5357 nibus
621 5305 955 5373 gloriﬁcatur
1003 5306 1285 5367 Dominus,
1332 5307 1507 5360 sicubi
1555 5321 1674 5371 eos,
1720 5308 1812 5376 qui
1864 5324 1985 5363 sese

2107 1839 2467 1906 ἀναδέξασθαι
2498 1842 2828 1911 ἡγουμένου,
2867 1843 2961 1895 καὶ
2991 1842 3203 1912 μέλλων
3260 1844 3406 1896 κατὰ
3450 1842 3686 1912 δοκιμα-

2110 1931 2233 1984 σίαν
2287 1930 2383 1985 τοῦ
2425 1932 2729 1984 ἐπισκόπου
2791 1932 2887 1985 νῦν
2939 1934 3168 2003 πρώτως
3217 1935 3599 2001 καταταγῆναι
3626 1933 3688 1982 ἐν

2110 2023 2481 2093 μοναστηρίῳ,
2512 2024 2999 2094 ἀναγκασθήσεται
3034 2023 3306 2093 συνθήκας
3338 2024 3528 2093 ἐτέρας
3560 2021 3687 2075 δοῦ-

2106 2131 2219 2177 ναι,
2253 2115 2348 2167 καὶ
2379 2116 2715 2185 ὁμολογῆσαι
2773 2116 3109 2185 προσμένειν
3160 2117 3217 2169 ὲν
3284 2116 3460 2184 αὐτῷ,
3514 2116 3600 2185 ἐφ’
3641 2110 3688 2183 ᾧ

2106 2206 2201 2260 καὶ
2222 2206 2330 2260 ἔσω
2354 2208 2613 2277 κουρίτην
2639 2207 2971 2275 λογίζεσθαι,
2997 2208 3028 2277 ἦ
3053 2209 3173 2271 ταῖς
3194 2207 3491 2278 προτέραις
3519 2210 3690 2279 ἀρκε-

2106 2296 2398 2366 σθήσεται;
2436 2299 2648 2365 Λύσις.
2698 2298 2756 2352 '0
2798 2298 3041 2361 τοιοῦτος
3073 2299 3222 2352 δοκεῖ
3254 2298 3358 2361 τὰς
3405 2301 3682 2370 συνθήκας

2102 2388 2285 2444 δοῦναι
2315 2392 2391 2453 είς
2422 2390 2449 2444 ὃ
2484 2390 2715 2462 πρώτως
2752 2391 3029 2462 κατετάγη
3073 2396 3440 2463 μοναστήριον
3463 2410 3478 2424 ·
3543 2397 3685 2463 μετὰ

2102 2482 2158 2535 δὲ
2194 2483 2293 2552 τὴν
2319 2483 2628 2553 ἀπόκαρσιν
2661 2485 2754 2536 καὶ
2793 2485 2988 2553 ἑτέρας
3037 2482 3315 2552 συνθήκας
3353 2482 3536 2537 δοῦναι
3579 2485 3683 2538 οὐκ

2101 2575 2604 2649 ἀναγκασθήσεται.
2632 2575 2730 2629 Διά
2753 2576 2865 2645 γὰρ
2896 2573 3077 2638 τοῦτο,
3115 2574 3189 2637 ὠς
3234 2574 3403 2640 ἔοικε,
3462 2576 3555 2628 καὶ
3588 2577 3676 2639 είς

2106 2668 2290 2719 πᾶσαν
2322 2667 2630 2736 ἀπόκαρσιν
2659 2669 2831 2720 πᾶσαι
2874 2668 2930 2721 αἱ
2968 2668 3266 2738 ἐρωτήσεις
3310 2669 3405 2719 κα)⁸
3456 2668 3510 2719 αἱ
3554 2684 3686 2721 aw-

2102 2759 2266 2827 θῆκαι
2300 2759 2694 2831 ἐκφωνοῦνται.

2170 2897 2418 2950 ΖΩΝΑΡ.
2455 2898 2611 2957 Τινὲς
2640 2897 2729 2951 διὰ
2758 2897 2912 2950 νόσον
2964 2900 3097 2963 ἴσως
3126 2898 3157 2969 ἦ
3200 2899 3287 2954 διὰ
3315 2899 3494 2969 λύπην
3536 2900 3679 2953 ἀπο-

2100 2990 2411 3060 κειρόμενοι
2442 2990 2474 3061 ἢ
2510 2990 2599 3043 διὰ
2638 2991 2738 3059 τὴν
2764 2990 2918 3061 παρὰ
2950 2992 3044 3045 τοῦ
3082 2992 3310 3056 κανόνος
3331 2993 3683 3063 είσαχθεῖσαν

2099 3085 2278 3138 αἰτίαν
2328 3084 2488 3137 πάλιν
2536 3086 2596 3137 ἐν
2640 3087 2753 3148 τοῖς
2790 3084 3010 3147 οἰκείοις
3061 3086 3232 3149 οίκοις
3279 3084 3566 3154 διέτριϐον,
3599 3088 3681 3157 μή

2096 3196 2152 3233 τι
2190 3180 2447 3248 μοναχοίς
2478 3179 2814 3249 πληροῦντες
2854 3178 3137 3251 ἁρμόδιον.
3179 3183 3276 3232 Διὰ
3303 3180 3460 3232 τοῦτο
3492 3180 3687 3233 τοίνυν

2098 3274 2127 3325 6
2152 3271 2336 3326 κανὼν
2368 3264 2521 3335 οὗτος
2549 3274 2613 3342 τῇ
2650 3271 2852 3342 συνόδῳ
2882 3271 3291 3342 ὲκπεφώνηται,
3325 3270 3561 3325 κελεύων
3600 3273 3682 3343 μὴ

2096 3366 2272 3429 ἄλλως
2312 3366 2434 3419 τινὰ
2482 3364 2875 3435 ἀποκείρεσθαι
2917 3366 3172 3435 μοναχὸν.
3227 3365 3275 3417 εί
3331 3363 3407 3437 μὴ
3451 3367 3603 3441 παρῇ,
3653 3368 3684 3419 ό

2099 3459 2334 3528 ὀφείλων
2367 3459 2533 3512 αὑτὸν
2580 3460 2661 3522 είς
2714 3458 2995 3526 ὑποταγὴν
3026 3454 3413 3531 ἀναδέξασθαι,
3447 3458 3544 3512 καὶ
3576 3458 3684 3526 τῆς

2099 3531 2345 3623 ψυχικῆς
2394 3550 2563 3605 αὐτοῦ
2612 3550 2889 3621 σωτηρίας
2921 3547 3231 3622 φροντίζειν
3261 3548 3681 3627 ἐπαγγελλόμεο

2100 3662 2210 3709 νος,
2243 3645 2381 3715 ἀνὴρ
2411 3643 2612 3715 δηλαδὴ
2644 3644 2813 3715 μονῆς
2841 3642 3143 3715 προεστὼς,
3178 3642 3383 3712 ἀρετῆς
3412 3642 3685 3719 ἐργάτης,

2099 3739 2279 3810 ψυχὴν
2333 3740 2458 3809 ἄρτι
2512 3739 2962 3810 προσερχομένην
3010 3737 3129 3810 Θεῷ
3179 3739 3483 3806 οἰκονομεῖν
3537 3738 3685 3806 πρὸς

2101 3833 2379 3903 σωτηρίαν
2413 3834 2731 3903 δυνάμενος.
2770 3835 2809 3886 Ε
2822 3836 2835 3886 ί
2865 3833 2923 3887 δέ
2952 3851 3058 3898 τις,
3093 3834 3249 3902 φησι,
3284 3832 3510 3903 φωραθῇ
3536 3832 3683 3885 amo

2099 3923 2301 3993 κείρων
2341 3922 2486 3988 τινὰ,
2546 3923 2620 3990 μὴ
2671 3923 2937 3991 παρόντος
2991 3920 3297 3993 ἡγουμένου
3342 3920 3436 3975 τοῦ
3485 3921 3686 3976 τοῦτον

2098 4015 2461 4080 ἀναδέξασθαι
2525 4015 2817 4085 μέλλοντος
2872 4016 2954 4077 είς
3014 4016 3317 4086 ὑποταγὴν,
3364 4015 3527 4078 αὐτὸς
3575 4016 3686 4085 μὶν

2100 4106 2491 4176 καθαιρείσθω,
2541 4106 2619 4169 ὡς
2680 4107 2808 4169 τοὺς
2867 4105 3099 4168 κανόνας
3148 4106 3524 4175 παραϐαίνων,
3583 4106 3685 4158 καὶ

2098 4200 2198 4269 τὴν
2232 4198 2535 4269 μοναχικὴν
2578 4199 2830 4262 εὐταξίαν
2879 4198 3224 4267 ἀνατρέπων,
3258 4198 3286 4250 ό
3331 4197 3384 4249 δὲ
3433 4195 3687 4266 παραλόο

2098 4310 2208 4360 γως
2247 4292 2341 4345 καὶ
2397 4291 2471 4361 μὴ
2525 4291 2665 4344 κατὰ
2707 4291 2863 4357 τάξιν
2910 4290 3206 4361 κανονικὴν
3252 4290 3556 4359 ἀποκαρςὶς
3594 4291 3689 4353 εἰς

3610 4400 3693 4440 αν,

2094 4477 2397 4537 ἐπίσκοπος
2438 4475 2735 4546 δοκιμάσῃ.
2782 4474 2939 4529 Οὕτω
3005 4476 3114 4546 γὰρ
3158 4474 3247 4551 δια
3281 4476 3378 4538 τὰς
3411 4474 3686 4545 expirem;

2093 4571 2185 4621 καὶ
2207 4568 2555 4638 ἐσφαλμένοις
2582 4569 2911 4638 ἁποκάρσεις
2928 4567 2988 4621 τὸ
3026 4570 3125 4638 μὲν
3160 4569 3458 4639 μοναχικδν
3483 4569 3681 4639 σχῆμα,

2092 4659 2388 4729 ἠτίμωται,
2430 4659 2492 4711 τὸ
2527 4659 2582 4712 δὲ
2620 4659 2791 4730 ὄνομα
2835 4659 2929 4712 τοῦ
2952 4660 3192 4730 Χριστοῦ
3230 4659 3681 4730 βλασφημεῖςθαι

2092 4751 2244 4821 παρὰ
2280 4751 2390 4804 τῶν
2432 4751 2683 4805 ἀπίστων
2729 4751 3043 4819 συμϐαίνει,
3088 4751 3342 4822 ὁρώντων
3402 4752 3686 4827 μοναχοὺς

2101 4845 2313 4909 ζῶντας
2366 4846 2675 4915 ἀδιαφόρως
2726 4847 2819 4899 καὶ
2854 4846 3073 4914 ἀμελῶς
3104 4862 3116 4877 ⁸
3144 4845 3335 4916 ὥσπερ
3388 4846 3678 4909 δοξάζεται

2098 4938 2251 5007 παρὰ
2288 4938 2507 4992 πάντων
2546 4942 2574 4991 ὀ
2608 4938 2833 5007 Κύριος,
2868 4938 2997 4992 ὅταν
3033 4939 3306 5007 ἐναρέτως
3334 4940 3498 5008 ὁρῶσι
3530 4938 3677 5002 («Tw-

2095 5048 2195 5093 τας
2217 5032 2344 5095 τοὺς
2380 5032 2831 5100 ἀνατεθειμένους
2862 5032 3031 5099 αὐτῷ,
3083 5031 3224 5085 κατὰ
3258 5032 3335 5095 τὸ,
3367 5030 3679 5099 Λσμψάτω

2094 5123 2159 5175 τὸ
2207 5123 2334 5191 φῶς
2383 5124 2550 5191 ὑμῶν
2581 5124 2756 5192 ἔμπρ(
2772 5127 2922 5176 σθεν
2963 5123 3079 5176 τῶν
3104 5122 3451 5190 ἀνθρώπων,
3510 5123 3677 5187 ὅπως

2094 5216 2266 5268 ἴδωσι
2293 5217 2363 5267 τὰ
2389 5215 2545 5269 καλὰ
2571 5218 2713 5285 ἔργα
2743 5215 2928 5282 ὑμῶν,
2955 5218 3048 5269 καὶ
3075 5215 3383 5281 δοξάσωσι
3412 5219 3520 5268 τὰ·
3549 5218 3670 5268 Πα-

2094 5310 2232 5375 τέρα
2256 5307 2419 5377 ὑμῶν
2443 5310 2548 5360 τόν
2568 5310 2637 5360 ἐν
2672 5308 2793 5372 τοῖς
2815 5308 3113 5376 οὐρανοῖς.

414 5396 460 5447 ei
499 5398 895 5466 Inanciparunt,
932 5402 1094 5451 vitam
1126 5414 1249 5453 cunt
1280 5399 1479 5453 virtute
1523 5414 1683 5465 agere
1726 5402 2248 5465 animailvs'rlerint;
2294 5403 2444 5471 juxta
2476 5402 2602 5453 illud
2644 5416 2656 5450 :
2702 5399 2789 5453 Sic
2852 5400 3023 5452 lureat
3066 5399 3159 5453 tua:
3240 5409 3410 5453 vestra
3486 5412 3679 5458 ceram.

412 5492 728 5559 hominibus,
760 5503 814 5546 ut
848 5496 1055 5549 videant
1090 5511 1245 5563 opera
1288 5506 1454 5549 vestra
1497 5497 1651 5563 bona,
1685 5506 1733 5551 et
1779 5496 2070 5569 glori/irent
2108 5497 2319 5552 Patrem
2344 5506 2565 5551 vestrum
2594 5498 2681 5565 qui
2709 5497 2760 5549 in
2793 5494 2932 5549 τωίὶδ
2973 5505 3049 5548 est
3086 5495 3155 5553 ⁷⁵.

478 5713 525 5751 ’³
555 5712 744 5775 Matth.
793 5733 840 5768 ν.
881 5720 947 5781 6.,
