4074 6214
319 314 442 384 1017

1475 325 1558 386 IN
1577 323 1751 388 CAN.
1798 325 1898 387 III
1939 325 2148 392 CONC.
2182 327 2396 390 CPOL.

3430 326 3563 391 1018

315 430 529 486 ΑΡΙΣΤ.
591 447 611 482 ι
650 429 716 485 Εἴ
750 447 834 495 τις
878 430 1160 502 φωραθείη
1206 431 1518 504 ἀποκείρων
1549 432 1673 486 τινά
1705 433 1879 504 χωρπς

2007 434 2210 493 iRiST.
2241 435 2328 490 «Si
2370 433 2494 506 quis
2527 432 2826 490 dctondcrc
2856 430 3166 504 quempiam
3189 431 3565 503 deprehensus

387 539 407 574 ι
456 522 760 592 παρουσίας
809 521 905 576 τοῦ
968 522 1274 592 ὀφείλοντος
1331 523 1492 576 αὑτῦν
1544 523 1884 591 παραλαϐεῖν

388 633 408 668 ι
454 617 533 679 είς
559 615 838 684 ὑποταγὴν
883 616 1212 688 ἡγουμένου,
1257 615 1418 678 αὑτὸς
1463 614 1562 678 μὲν
1599 614 1886 685 καθαιρεί-

388 728 407 761 ι
456 708 568 761 σθω
593 725 605 739 ·
633 708 661 760 ὁ
693 707 749 761 δὲ
780 708 1080 775 ἀποκαρεὶς
1109 711 1166 761 ὲν
1206 709 1453 777 ὑποταγῇ
1487 705 1581 760 καὶ
1614 722 1887 776 μοναστη-

387 819 406 854 ι
455 801 556 872 ρίῳ
587 798 739 868 παρά
761 798 853 852 τοῦ
882 799 1184 851 ἐπισκόπου
1215 798 1464 852 διδόσθω.
1504 816 1524 850 ι

913 891 1154 944 ΚΑΝΩΝ
1212 890 1286 943 Γ’.

323 1008 340 1034 ι
365 983 466 1036 Καὶ
490 983 649 1036 τοῦτο
675 983 863 1048 κακῶς
890 984 1284 1054 πραττόμενον,
1306 983 1447 1037 κατὰ
1468 980 1602 1036 πολὺ
1633 981 1688 1036 δὲ
1701 981 1886 1052 χεῖρον

390 1093 409 1126 ι
459 1075 764 1145 παροράσει
789 1077 882 1129 καὶ
907 1077 1135 1147 ἀμελείᾳ
1169 1075 1678 1147 παραπεμπόμενον
1703 1074 1888 1144 τυχεῖν

395 1182 412 1215 ι
462 1165 654 1237 ἐκρίθη
683 1166 1040 1236 διορθώσεως.
1085 1169 1154 1223 Et
1177 1185 1261 1232 τις
1291 1163 1385 1221 οὑν
1421 1169 1588 1239 μονῆς
1621 1167 1886 1238 προϊστά-

394 1272 413 1306 ι
464 1272 624 1324 μενος
683 1257 813 1320 τοὺς
849 1252 939 1310 ὑπ’
987 1257 1149 1312 αὑτὸν
1192 1259 1567 1328 τεταγμένους
1620 1259 1888 1328 μοναχοὺς

393 1365 412 1398 ι
459 1347 959 1416 ἀποδιδράσκοντας
1002 1351 1060 1404 οὑ
1108 1351 1249 1419 μετὰ
1296 1351 1500 1418 πολλῆς
1540 1354 1640 1420 τῆς
1689 1352 1888 1418 ἐπιμε-

394 1454 414 1490 ε
461 1439 610 1499 λείας
643 1439 964 1510 ἀναζητοξη,
1020 1441 1051 1511 ἢ
1101 1442 1446 1513 ὲφευρίσκων
1500 1443 1598 1496 οὑκ
1644 1441 1885 1509 ἀναλαμ-

397 1548 416 1581 ι
463 1529 698 1593 ϐἀνοιτο,
727 1531 822 1585 καὶ
846 1535 913 1602 τῇ
947 1534 1303 1605 προσηκοὺσῃ
1333 1534 1426 1586 καὶ
1451 1533 1770 1604 καταλλήλῳ
1798 1531 1891 1587 τοῦ

396 1639 415 1672 ι
463 1623 808 1691 πταίσματος
857 1624 1068 1696 ἰατρείᾳ
1117 1625 1179 1678 τὺ
1231 1627 1520 1697 νενοσηκὸς
1556 1625 1895 1680 ἀνακτᾶσθαι

401 1731 421 1766 ι
466 1716 560 1767 καὶ
594 1717 985 1787 ἐπιρῤωννύειν
1023 1719 1364 1794 ὰχωνίζοιτο,
1406 1719 1594 1771 τοῦτον
1627 1718 1828 1788 ὥρισεν
1859 1720 1891 1788 ὴ

394 1825 414 1860 ι
463 1808 593 1875 ἁγία
630 1810 849 1872 σύνοδος
887 1810 1180 1880 ἀφορισμῷ
1230 1813 1576 1866 ὑποκεῖσθαι.
1618 1813 1680 1864 Εἰ
1712 1811 1821 1882 γὰρ
1861 1811 1890 1862 ὁ

395 1917 414 1948 σ
461 1899 615 1962 ζώων
663 1900 874 1969 ἀλόγων
904 1904 1004 1970 τὴν
1051 1903 1391 1972 προστασίαν
1425 1903 1890 1973 ὲγχειριξόμενος,

395 2006 416 2044 ι
459 1991 551 2046 καὶ
584 1991 673 2044 τοῦ
715 1991 972 2062 ποιμνίου
1007 1993 1359 2062 καταμελῶν,
1404 1994 1505 2046 οὑκ
1546 1992 1894 2064 ἀτιμώρητος

399 2103 417 2137 ι
463 2085 937 2155 καταλιμπάνεται
969 2104 984 2119 ο
1019 2086 1125 2140 τῶν
1158 2087 1393 2158 Χριστοῦ
1431 2088 1764 2158 θρεμμάτων
1792 2090 1892 2158 τὴν

397 2196 418 2229 ι
466 2177 830 2248 ποιμαντικὴν
880 2177 1055 2247 ἀρχὴν
1111 2178 1586 2240 καταπιστευθεὶς,
1644 2177 1740 2231 καὶ
1798 2179 1900 2248 ρᾳ-

399 2287 418 2320 ι
467 2267 646 2340 στώνῃ
679 2269 771 2321 καὶ
803 2267 1046 2340 ῥᾳθυμίᾳ
1073 2267 1170 2338 τὴν
1196 2268 1375 2322 αὐτῶν
1410 2271 1684 2338 σωτηρίαν
1718 2271 1898 2332 ἀπεμο

399 2378 419 2412 ι
466 2359 666 2422 πολῶν,
701 2359 817 2422 πῶς
855 2358 915 2411 οὑ
946 2359 1101 2422 δίκας
1129 2358 1223 2412 τοῦ
1255 2360 1605 2430 τολμήματος
1665 2362 1898 2431 είσπρα-

397 2468 418 2503 ε
465 2452 724 2521 χθήσεται
748 2467 762 2515 ς
802 2470 821 2502 ι

395 2543 594 2597 ΒΑΛΣ.
664 2542 722 2596 Ὀ
794 2543 895 2613 μὲν
951 2540 1041 2597 κα⁹
1088 2540 1268 2596 κανὼν
1318 2543 1418 2612 τῆς
1460 2540 1505 2606 ζ’
1564 2543 1785 2596 συνόδου
1838 2544 1898 2596 οὑ

321 2638 653 2706 παραχωρεῖ
688 2635 1126 2706 καταλιμπάνειν
1164 2637 1435 2705 μοναχοὺς
1485 2635 1516 2702 ἢ
1567 2638 1901 2706 μοείαστρίας

321 2727 422 2790 τὰς
451 2729 511 2778 ὲν
536 2723 623 2789 αἷς
651 2728 1013 2798 ἀπεκάρησαν
1051 2728 1239 2798 μονὰς.
1274 2731 1368 2782 καὶ
1403 2729 1482 2792 εἰς
1508 2729 1698 2798 ἕτερον
1731 2730 1901 2796 ἀπερ-

320 2820 513 2890 χεσθαι
571 2821 936 2890 μοναστήριον
985 2820 1116 2873 ἄνευ
1159 2819 1494 2889 ἀπολυτικῆς
1524 2819 1747 2890 γραφῆς
1793 2820 1901 2872 τῶν

321 2914 642 2984 ἡγουμένων
685 2912 870 2966 αὑτῶν
904 2928 919 2943 ο
953 2912 1092 2982 πλὴν
1120 2914 1180 2965 οὑ
1215 2916 1453 2983 τιμωρεῖ
1483 2911 1709 2976 τούτους
1740 2927 1754 2940 ⁸
1789 2914 1815 2965 ὁ
1845 2911 1900 2964 δὲ

321 3000 516 3070 παρὼν
562 2999 740 3053 κανὼν
788 3000 1083 3080 ἀφνρισμῷ
1131 3001 1536 3056 καθυποόἀλλει
1577 3003 1706 3066 τοὺς
1739 3003 1904 3072 ἡγουο

2064 545 2084 580 ι
2119 527 2304 592 fuerit,
2336 541 2442 582 non
2472 538 2762 597 praesente,
2799 526 2890 594 qui
2917 541 3040 578 eum
3078 526 3132 578 in
3159 525 3558 594 subiectionem

2063 639 2083 674 ι
2124 631 2444 690 recepturus
2473 627 2577 683 est,
2616 617 2894 690 prtefeeto,
2941 618 3031 671 ille
3062 617 3281 686 quidem
3313 616 3563 685 depona-

2067 733 2086 766 ι
2121 723 2228 775 tur,
2253 713 2516 767 detonsus
2562 723 2743 765 autem
2795 709 2848 764 in
2905 709 3248 779 subiectione
3299 708 3461 763 etiam
3507 707 3564 764 in

2066 822 2085 857 ι
2123 805 2458 860 monasterio
2481 804 2549 857 ab
2577 805 2834 872 episcopo
2861 801 3177 856 collocetur.
3210 817 3230 852 ›

2498 893 2660 964 336
2698 890 2924 948 cauos
2970 891 3062 945 ιιι.

1995 1007 2013 1040 ι
2050 987 2104 1042 Id
2138 1004 2356 1058 quoque
2381 991 2524 1059 quod
2556 989 2696 1041 male
2739 988 2816 1052 lit,
2846 994 2900 1042 et
2935 987 3102 1039 multo
3133 984 3288 1055 pejus
3313 982 3564 1051 despica-

2070 1102 2088 1135 ι
2132 1085 2204 1137 tui
2281 1091 2338 1137 et
2401 1081 2745 1151 negligentia:
2797 1066 3111 1144 mandatur,
3161 1077 3561 1132 correctionem

2065 1194 2084 1226 ι
2122 1185 2377 1245 Oportere
2421 1172 2638 1240 assequi
2681 1171 2987 1240 judicatum
3045 1178 3149 1225 est.
3191 1169 3247 1222 Si
3282 1170 3407 1237 quis
3443 1183 3572 1237 ergo

2073 1287 2091 1318 ι
2126 1267 2441 1321 monasterii
2469 1265 2752 1335 prmfectus
2779 1278 2894 1330 eos,
2921 1262 3138 1329 quiifsibi
3167 1261 3392 1329 subjecti
3421 1273 3572 1325 sunt,

2077 1378 2096 1412 ι
2154 1360 2452 1415 monachos
2496 1357 2846 1428 aufugientes
2901 1371 3022 1410 cum
3081 1355 3248 1406 multa
3293 1352 3572 1420 diligentia

2080 1472 2098 1505 ι
2129 1469 2236 1507 non
2293 1452 2556 1521 requirat,
2602 1451 2688 1505 vel
2732 1448 3020 1502 inveniens
3064 1461 3172 1500 non
3230 1443 3476 1512 recipiat,
3520 1449 3574 1496 et

2072 1564 2090 1597 ι
2127 1545 2486 1600 conveniente
2511 1542 2799 1610 lapsuique
2828 1549 3167 1606 congruente
3193 1537 3459 1590 medicina
3495 1535 3570 1596 id,

2083 1659 2099 1691 ι
2140 1637 2281 1707 quod
2309 1640 2498 1691 morbo
2546 1635 2796 1690 affectum
2855 1643 2958 1694 est,
3017 1647 3126 1684 non
3184 1637 3464 1696 recuperet
3518 1637 3575 1680 et

2088 1749 2106 1783 ι
2148 1729 2472 1784 confirmare
2511 1727 2846 1781 contendat:
2885 1728 3077 1781 statuit
3102 1734 3290 1778 sancta
3325 1721 3569 1792 synodus

2081 1839 2098 1872 ε
2136 1835 2258 1874 eum
2314 1819 2678 1889 segregatioui
2735 1818 2954 1885 subjici.
2996 1817 3052 1871 Si
3100 1816 3266 1877 enim,
3319 1815 3406 1868 cui
3452 1813 3576 1865 ani-

2079 1929 2095 1962 ι
2137 1911 2358 1964 malium
2393 1909 2605 1965 ratione
2647 1909 2948 1964 carentium
3010 1907 3327 1977 pra-lectura
3370 1905 3574 1958 credita

2077 2021 2095 2054 ι
2133 2013 2235 2070 est,
2264 2013 2317 2059 et
2339 2018 2554 2072 gregem
2584 2002 2826 2072 negligit,
2861 2001 2911 2054 id
2949 2018 3053 2055 non
3097 2002 3198 2055 fert
3226 2001 3448 2068 impune
3479 2014 3494 2051 :
3525 1998 3573 2050 is

2074 2115 2091 2148 ι
2136 2097 2295 2164 cujus
2328 2095 2448 2150 fidei
2476 2095 2745 2166 pastorale
2773 2094 2977 2150 Christi
3019 2093 3230 2164 pecoris
3276 2091 3565 2160 imperium

2077 2211 2094 2242 ι
2125 2190 2475 2245 commissum
2502 2197 2605 2250 est,
2640 2195 2694 2242 et
2725 2187 2976 2242 socordia
3017 2200 3080 2239 ac
3120 2182 3446 2253 negligentia
3475 2195 3574 2234 eo~

2080 2300 2098 2334 ι
2136 2296 2257 2335 rum
2304 2281 2536 2336 salutem
2584 2280 2883 2342 venundat,
2940 2277 3128 2348 quidni
3180 2275 3402 2330 audacis
3456 2273 3577 2343 ejus

2080 2390 2098 2422 ι
2136 2372 2332 2441 incepti
2364 2385 2537 2443 pcenae
2567 2370 2634 2425 ab
2660 2385 2725 2425 eo
2751 2368 3078 2437 exigentnr?
3111 2385 3128 2418 ι

2089 2547 2282 2605 BALS.
2318 2549 2505 2605 Canon
2550 2549 2847 2604 vicesimus
2898 2546 3108 2617 primus
3157 2544 3402 2613 septimm
3445 2556 3574 2612 syn.

2003 2659 2109 2699 non
2145 2644 2432 2711 permittit,
2457 2649 2516 2695 ut
2537 2639 2788 2694 monachi
2814 2638 2898 2694 vel
2925 2637 3204 2692 monachae
3222 2633 3576 2696 monasteria,

2004 2738 2056 2792 in
2095 2736 2291 2802 quibus
2322 2733 2465 2789 tonsi
2507 2740 2659 2797 sunt,
2688 2731 3022 2799 relinquant,
3064 2736 3118 2784 et
3146 2727 3212 2780 ad
3275 2725 3417 2780 aliud
3459 2738 3576 2778 mo-

2006 2828 2304 2882 nasterium
2354 2829 2472 2880 sine
2529 2822 2858 2880 dimissnriis
2913 2835 3137 2876 suorum
3187 2816 3570 2887 praefectorum

2005 2920 2200 2974 litteris
2234 2915 2496 2972 accedant
2529 2932 2544 2968 :
2575 2915 2671 2970 sed
2707 2914 2854 2967 nulla
2877 2929 2974 2966 eos
3006 2925 3163 2982 pmua
3204 2909 3394 2962 afﬁcit.
3424 2908 3576 2961 Prth

2005 3026 2131 3066 sens
2161 3018 2342 3063 autem
2380 3023 2554 3062 canon
2588 3004 2874 3076 praefectos
2913 3001 3278 3072 segregationi
3330 2998 3576 3068 subjicit,

329 3095 527 3166 μένους
559 3093 684 3156 τοὺς
715 3093 792 3161 μὴ
826 3092 946 3162 μετ’
975 3094 1294 3162 ἐπιμελείας
1325 3093 1626 3165 ζητοῦντας
1653 3095 1780 3156 τοὺς
1809 3094 1900 3146 ὑπ’

2007 3104 2098 3174 ηιιί
2125 3118 2258 3158 suos
2297 3100 2593 3154 monachos
2637 3114 2743 3151 non
2789 3096 3077 3165 diligenter
3121 3093 3429 3163 requirunt,
3480 3105 3578 3143 nec

326 3183 527 3247 αὐτοὺς
566 3184 854 3253 μοναχοὺς,
887 3182 1022 3252 μηδὲ
1049 3183 1534 3255 ἀναλαμϐάνοντας
1561 3185 1900 3257 ὁπουδήποτε

326 3275 776 3348 εὑρισκομένους,
805 3275 943 3344 μήτε
977 3275 1086 3348 μὴν
1127 3276 1550 3347 ἀνακτωμένους
1582 3277 1652 3331 τὰ
1691 3277 1902 3348 ψυχικὰ

327 3369 540 3424 τούτων
591 3369 1003 3439 ἀρρωστήματα
1037 3384 1052 3400 ·
1086 3368 1340 3422 τοσοῦτον
1377 3369 1435 3422 δὲ
1469 3370 1596 3432 τοὺς
1634 3371 1902 3442 μοναχοὺς

329 3463 558 3525 ἀπαιτεῖ
585 3463 914 3531 προσμένειν
943 3462 1064 3524 ταῖς
1089 3461 1246 3524 ἰδίαις
1275 3463 1483 3530 μοναῖς,
1515 3462 1590 3524 ώς
1617 3462 1716 3533 τὴν
1752 3465 1897 3516 ἐκεῖ·

329 3556 424 3610 θεν
473 3553 652 3607 αὑτῶν
691 3551 1038 3623 ἀναχώρησιν
1087 3552 1390 3622 ἀπόδρασιν
1432 3553 1721 3623 ὀνομάσαι,
1765 3556 1902 3625 ὅπερ

327 3649 426 3703 ἰπὶ
454 3646 655 3700 δούλων
681 3645 774 3699 καὶ
808 3643 918 3697 τῶν
947 3644 1005 3696 ἐν
1039 3645 1286 3714 εἱρκταῖς
1330 3643 1364 3713 ἢ
1411 3643 1628 3712 δεσμοῖς
1675 3663 1901 3714 κατεχο-

327 3743 508 3812 μένων
546 3737 706 3790 εἴωθε
743 3735 1022 3806 λέγεσθαι.
1071 3734 1128 3789 '0
1160 3735 1343 3802 μέντοι
1379 3741 1436 3788 π’
1487 3735 1667 3789 κανὼν
1692 3737 1792 3806 τῆς
1845 3738 1903 3791 ὲν

325 3832 662 3904 Καρθαγένῃ
719 3829 942 3884 συνόδου
1000 3829 1236 3899 τιμωρεῖ
1283 3827 1375 3882 τὸν
1429 3827 1754 3896 ἐπίσκοπον,
1811 3829 1903 3882 τὸν

327 3921 824 3993 ιγκαταστήσαντα
879 3918 1115 3990 μοναχόν
1161 3935 1284 3973 τινα
1340 3919 1449 3974 ἀπὸ
1500 3919 1690 3990 ἑτέρας
1735 3919 1904 3989 μονῆς

327 4015 498 4088 ἑτέρᾳ
550 4017 738 4084 ἐνορίᾳ
785 4013 1153 4081 ὑποκειμένης
1187 4012 1266 4075 είς
1316 4011 1530 4082 ἑτέραν,
1578 4010 1902 4082 κληρικδνῆ

253 4105 258 4110 ’
329 4104 662 4177 ἡγούμενον.
690 4102 926 4164 Κολάζει
966 4099 1024 4154 δὲ
1056 4101 1150 4153 καὶ
1173 4098 1336 4154 αὑτὸν
1367 4100 1459 4153 τὸν
1501 4101 1738 4171 μοναχόν
1763 4116 1778 4130 ο
1808 4104 1904 4155 καὶ

327 4199 599 4270 ἀνάγνωθι
645 4197 858 4252 τοῦτον.
891 4195 957 4250 Τί
1002 4196 1082 4262 δὲ,
1127 4195 1218 4250 τοῦ
1254 4195 1669 4266 καθηγουμένου
1703 4197 1906 4268 ἀναζη-

334 4295 558 4357 τοῦντος
584 4292 676 4346 τὸν
709 4291 908 4344 οἰκεῖον
936 4290 1193 4358 μοναχὸν,
1218 4290 1311 4341 ἐὰν
1342 4290 1505 4352 αὐτὸς
1529 4290 1900 4359 ἀποδυσπετῇ,

324 4389 380 4444 τί
433 4388 759 4457 γενήσεταις
797 4383 1007 4449 Λύσις.
1044 4383 1122 4434 Δι’
1173 4381 1553 4434 ἐπισκοπικῶν
1603 4382 1900 4452 ἐπιτιμίων

2006 3197 2322 3265 ubicunque
2375 3192 2576 3248 inventi
2632 3190 2834 3244 fuerint
2889 3187 3184 3256 recipiunt,
3230 3199 3334 3239 nec
3389 3196 3577 3236 eorum

2003 3291 2220 3344 animas
2278 3288 2348 3341 ab
2400 3283 2725 3356 aegritudine
2782 3294 3114 3350 recuperare
3157 3274 3510 3332 contendunt
3563 3289 3578 3305 ο

2003 3398 2180 3454 usque
2214 3381 2348 3436 adeo
2375 3389 2557 3435 autem
2595 3375 2763 3446 exigit
2789 3373 3092 3429 monachos
3139 3371 3193 3424 in
3229 3369 3349 3422 suis
3389 3381 3579 3419 mona-

2003 3478 2187 3532 steriis
2235 3489 2476 3535 manere,
2505 3482 2561 3525 ut
2618 3484 2806 3523 eorum
2869 3466 2995 3521 inde
3057 3478 3333 3517 reacssum
3401 3460 3580 3527 fugam

2005 3567 2406 3629 nominaverit;
2456 3561 2600 3632 quod
2645 3559 2865 3630 quidem
2923 3560 2989 3611 de
3033 3555 3207 3611 servis
3250 3561 3304 3605 ct
3353 3552 3442 3612 iis,
3489 3540 3582 3617 qui

2003 3658 2252 3715 custodia
2275 3671 2338 3711 ac
2365 3654 2599 3710 vinculis
2623 3660 2902 3713 tenentur,
2929 3649 3035 3703 dici
3062 3645 3370 3701 consuevit.
3403 3646 3585 3711 Atque

2003 3757 2072 3812 80
2129 3753 2349 3824 quidem
2399 3765 2598 3814 canon,
2636 3743 3108 3815 Carthaginiensis
3165 3737 3355 3811 synodi
3421 3733 3583 3806 punit

2002 3846 2339 3914 episcopum,
2379 3842 2473 3912 qui
2521 3839 2850 3895 monachum
2893 3835 3132 3900 aliquem
3164 3847 3229 3887 ex
3270 3831 3441 3883 altero
3461 3839 3587 3880 mo‘

2007 3913 2246 3990 nasterio
2270 3933 2424 3990 alteri
2462 3930 2670 4001 regioni
2703 3927 2952 3996 subjecto
2983 3924 3039 3977 in
3068 3922 3175 3976 alio
3206 3919 3467 3972 clericum
3492 3913 3582 3967 vel

2005 4026 2321 4098 przefectum
2368 4021 2675 4078 constituit.
2731 4018 2896 4072 Puuit
2947 4025 3132 4067 autem
3181 4010 3345 4064 etiam
3403 4007 3592 4074 ipsum

2005 4097 2330 4181 monachum
2367 4137 2381 4174 :
2413 4127 2468 4175 et
2497 4118 2613 4188 lege.
2661 4116 2858 4185 ipsum.
2893 4111 3033 4175 Quid
3072 4117 3273 4165 autem,
3307 4101 3350 4157 si
3386 4097 3592 4171 prtefe-t

2006 4225 2127 4274 ctus
2181 4223 2388 4284 qumrat
2442 4226 2600 4266 suum
2649 4204 3002 4265 monachum,
3049 4208 3103 4254 et
3144 4199 3262 4266 ipse
3307 4190 3587 4260 aufugiat,

2005 4309 2130 4380 quid
2165 4281 2291 4362 fiet?
2322 4304 2557 4360 Salutio.
2585 4295 3001 4370 Episcopalibns
3027 4289 3214 4344 multis
3253 4294 3477 4380 cogetur
3509 4281 3588 4340 ad.-

2008 4399 2400 4455 monaslerium
2434 4392 2653 4454 reverti,
2687 4391 2740 4444 in
2773 4402 2880 4454 quo
2922 4394 3113 4437 tonsus
3155 4387 3262 4438 est.
3297 4377 3402 4430 nisi
3439 4374 3589 4426 forte

325 4477 812 4548 ἀναγκασθήσεται
841 4474 1182 4542 ὑποστρέψαι
1217 4475 1296 4529 είς
1329 4473 1397 4545 ἢν
1425 4473 1682 4545 ἀπεκάρη
1712 4474 1904 4544 μονὴν,

2009 4492 2272 4547 rationem
2327 4488 2564 4555 aliquam
2618 4476 2951 4552 probabilem
3009 4471 3220 4526 alferat.
3270 4466 3406 4522 Nota
3471 4463 3580 4515 haec

329 4573 383 4630 εἰ
441 4570 514 4640 μή
572 4585 658 4621 πω
699 4567 846 4635 λέγει
886 4585 939 4620 τι
989 4565 1228 4635 εὔλογον.
1274 4566 1589 4636 Σημείωσαι
1618 4567 1789 4620 ταῦτα
1819 4568 1907 4619 διὰ

329 4661 460 4722 τοὺς
501 4657 880 4726 ξενοκουρίτας
941 4655 1230 4728 μοναχού;.
1301 4657 1642 4726 ’Λνάγνιυσον
1696 4660 1789 4713 καὶ
1818 4661 1909 4712 τὸν

331 4753 561 4807 ἀπιόντα
588 4750 814 4805 κανόνα.

409 4844 653 4900 ΖΩΝΑΡ.
711 4841 951 4904 Κανόνες
1004 4843 1251 4912 διάφοροι
1292 4841 1500 4911 ὥρισαν
1537 4841 1612 4914 μὴ
1653 4840 1912 4896 δύνασθαι

332 4940 464 5000 τοὺς
518 4937 786 5007 μοναχοὺς
827 4937 894 4988 τὰ
940 4935 997 4988 ὲν
1027 4932 1105 4998 οἷς
1157 4934 1521 5004 ἀπεκάρησαν
1569 4934 1910 5004 μοναστήρια

332 5029 856 5097 καταλιμπάνοντας
905 5028 964 5081 ὲν
989 5027 1178 5089 ἄλλαις
1222 5027 1440 5080 ἀπιέναι
1479 5028 1694 5097 μοναῖς,
1721 5026 1760 5094 ἢ
1785 5026 1910 5094 τῇδε

331 5123 563 5176 κᾶκεῖτε
618 5119 1080 5191 περιπλανᾶσθαι.
1127 5119 1288 5173 Ἀλλὰ
1317 5117 1495 5186 τοῦτο,
1551 5119 1716 5189 φησὶν
1745 5121 1774 5172 ὁ
1807 5135 1908 5170 κα-

329 5215 445 5268 νὼν
469 5207 646 5278 οὗτος,
676 5213 863 5276 κακῶς
921 5211 1353 5281 πρατττόμενον,
1383 5210 1642 5279 χειρόνως
1684 5209 1740 5264 δὲ
1771 5227 1912 5280 παρ-

333 5304 618 5374 ορώμενιν
667 5303 1048 5375 διορθούμεθα.
1108 5301 1220 5356 Καὶ
1249 5303 1299 5356 εἰ
1350 5301 1424 5372 μὴ
1480 5304 1530 5355 οῖ
1576 5301 1682 5357 τῶν
1734 5302 1912 5368 μονῶν

333 5397 756 5470 προϊστάμενοι,
791 5395 884 5463 ἀφ’
917 5389 992 5448 ὧν
1025 5393 1402 5465 ὑποχωροῦσιν
1429 5395 1476 5447 οῖ
1511 5395 1736 5464 μοναχοὶ
1785 5394 1913 5448 ’τολ-

338 5491 442 5564 λην
472 5490 798 5561 ἐπιμέλειαν
841 5488 1126 5543 ποιοῦνται
1156 5489 1235 5550 είς
1269 5487 1330 5540 τὸ
1373 5486 1662 5556 ἀναζητεῖν
1695 5487 1787 5539 καὶ
1817 5487 1909 5539 εὑ-

345 5583 554 5652 ρίσκειν
580 5580 773 5640 αὐτοὺς
834 5581 929 5632 καὶ
963 5576 1442 5647 ἀναλαμϐάνεσθαι
1472 5577 1566 5630 καὶ
1595 5577 1909 5646 ἁγωνίζιιν·

337 5687 398 5731 το
430 5671 690 5741 καταλλήλ
704 5689 775 5732 ως
793 5671 868 5742 τῷ
907 5669 1202 5738 πταίσματι
1233 5668 1559 5738 θεραπεύειν
1591 5666 1678 5720 τὶν
1708 5666 1909 5719 νοσοῦν-

340 5781 430 5824 τι.
472 5769 560 5818 καὶ
616 5763 781 5827 σπεδ
817 5785 864 5816 ιν
917 5765 1250 5830 ἐνακῂώαι
1289 5761 1449 5815 αὑτὸν
1493 5761 1582 5814 καὶ
1639 5760 1907 5811 eme/3m.

2011 4592 2230 4654 propter
2270 4580 2399 4634 alibi
2469 4585 2660 4631 tonsos
2709 4567 3031 4630 monachos.
3091 4563 3232 4634 Lege
3281 4560 3445 4616 etiam
3501 4569 3583 4609 se-.

2009 4683 2266 4744 quentem
2295 4683 2580 4726 canonem.

2083 4845 2338 4903 ZONAR.
2363 4842 2618 4897 Pluribus
2647 4851 2918 4895 canonum
2959 4831 3357 4891 sanctionibus,
3387 4837 3582 4893 nequa-

2014 4952 2176 5004 quam
2202 4933 2487 4990 monachis
2503 4931 2669 4986 licere
2686 4926 3051 4987 monasteriis,
3073 4924 3127 4976 iu
3151 4920 3349 4991 quibus
3371 4914 3590 4969 detous'l

2017 5002 2236 5081 fuerunt
2279 5021 2481 5076 relictis
2508 5017 2572 5072 ad
2602 5017 2706 5071 alia
2737 5031 2856 5071 sese
2889 5013 3138 5068 conferre
3193 5015 3288 5059 aut
3321 5005 3426 5057 huc
3455 5002 3589 5055 illuc

2013 5115 2354 5169 errabunulos
2380 5110 2582 5181 vagari,
2613 5108 2894 5164 decretum
2932 5112 3036 5157 est.
3084 5098 3190 5154 Sed
3232 5097 3360 5156 hoc.
3409 5091 3584 5158 inquit

2014 5209 2102 5265 hic
2133 5223 2329 5269 canon,
2363 5203 2505 5256 male
2545 5208 2845 5259 servatum,
2886 5192 3238 5259 deteriusqne
3279 5183 3584 5251 neglectum
3655 5231 3670 5241 ,

2013 5300 2362 5369 eorrigimns.
2395 5296 2472 5348 Ac
2507 5293 2610 5347 nisi
2635 5303 2846 5350 eorum,
2881 5285 3021 5338 unde
3060 5297 3120 5338 se
3154 5275 3410 5333 monachi
3453 5272 3590 5328 subq
3651 5354 3655 5358 _

2014 5362 2239 5451 ducunt,
2297 5382 2747 5440 monasteriorum
2797 5373 3077 5445 prmsides,
3139 5367 3363 5422 multam
3405 5363 3460 5417 in
3508 5362 3589 5417 eis

2014 5480 2340 5554 quaerendis,
2373 5472 2717 5530 inveniendis
2760 5482 2823 5521 ac
2875 5459 3199 5532 recipiendis
3246 5452 3588 5554 diligentiam

2015 5543 2326 5634 adhibeant,
2377 5570 2674 5634 morboque
2727 5557 2958 5617 affectis,
3002 5560 3163 5625 prout
3213 5543 3584 5622 prolapsionis

2015 5668 2152 5722 ratio
2189 5660 2566 5734 postulaverit,
2613 5652 2934 5709 medicinam
2991 5649 3195 5710 facere,
3234 5651 3288 5694 et
3337 5640 3584 5694 labentes

2015 5729 2320 5810 abstrudam
2378 5767 2436 5805 ac
2491 5750 2681 5804 fulcite
2753 5743 3150 5797 contendenti.
3215 5729 3587 5795 segregatimte
