4074 6214
375 346 507 413 ιοτι

446 483 468 518 t
511 464 669 521 τοῦτο
695 466 816 522 οὔτε
839 468 968 532 τοὺς
992 469 1424 542 ὑποδεχομένους
1451 470 1576 526 οὔτε
1608 474 1733 536 τοὺς
1774 488 1940 543 μονα-
1969 471 2011 528 Δ

451 575 470 609 ι
516 559 646 629 χοὺς
675 559 957 626 ὑποδίκους
996 564 1161 617 ποιεῖ.
1210 582 1233 616 ι

445 826 641 883 ΒΑΛΣ.
674 828 755 882 Τὰ
790 829 880 883 διὰ
904 830 1001 901 τὴν
1026 832 1225 885 κακίαν
1250 832 1344 884 καὶ
1390 830 1491 902 τὴν
1544 831 1787 885 ἐπίθεσιν
1831 830 1941 883 τῶν

375 918 748 990 εἰκονομάχων
802 924 1151 992 συμπεσόντα
1186 923 1333 976 δεινὰ
1364 927 1475 986 τοῖς
1511 924 1764 993 μοναχοίς
1810 921 1941 974 sato-

376 1011 630 1066 νείδιστον
656 1016 1027 1084 ἀπειργάσατο
1050 1016 1111 1070 τὸ
1154 1017 1447 1086 μοναχικὸν
1480 1016 1772 1081 σεϐάσμιον
1808 1014 1944 1083 σχῆ-

375 1118 474 1169 μα,
506 1104 673 1173 φησὶν
696 1107 724 1159 ό
750 1107 948 1161 κανών.
980 1108 1286 1162 Κατέλιπον
1312 1107 1421 1177 γὰρ
1462 1107 1560 1171 τὰς
1604 1106 1740 1167 ἰδίας
1774 1105 1943 1175 μονὰς

373 1194 421 1245 οἰ
459 1196 790 1264 μονάζοντες
818 1198 906 1253 διὰ
949 1199 1049 1269 τὴν
1076 1201 1187 1254 τῶν
1215 1201 1512 1271 αἰρετικῶν
1543 1201 1775 1272 ἀπειλήν
1806 1217 1820 1233 ο
1850 1202 1943 1254 καὶ

373 1290 424 1341 οἰ
458 1290 558 1358 μὲν
603 1292 682 1354 εἰς
707 1292 895 1363 ἕτερον
925 1296 1225 1362 μετέπεσον
1258 1296 1643 1367 μοναστήριον,
1677 1296 1727 1349 οἰ
1766 1295 1822 1348 δὲ
1862 1296 1943 1358 εἰς

374 1383 617 1451 κοσμικά
646 1385 947 1440 κατέλυσαν
976 1388 1312 1457 καταγώγια.
1354 1391 1462 1443 Καὶ
1497 1390 1617 1443 τότε
1652 1390 1752 1458 μὲν
1784 1389 1943 1444 ἁνεὺ-

376 1472 538 1526 θυνον
567 1475 785 1546 ὑπῆρχε
814 1478 875 1530 τὸ
899 1479 1214 1547 γενόμενον,
1259 1482 1561 1550 κατήντησε
1596 1481 1653 1534 δὲ
1677 1480 1833 1533 τοῦτο
1865 1483 1945 1541 εἰς

374 1565 594 1633 γέλωτα
628 1571 740 1630 τοῖς
790 1570 1027 1633 πολλοῖς.
1079 1572 1386 1640 Παυθεέσης
1415 1572 1525 1642 γὰρ
1567 1573 1669 1641 τῆς
1708 1572 1816 1626 ἀπὸ
1850 1572 1944 1625 τοῦ

372 1656 617 1727 διωγμοῦ
651 1659 759 1711 τῶν
784 1661 1128 1725 Χριστιανῶν
1156 1661 1406 1734 ἀπειλῆς,
1448 1662 1537 1716 διὰ
1576 1663 1636 1716 τὸ
1686 1663 1947 1731 ὑφαπλω-

1559 360 1640 420 l.\’
1674 360 1845 421 CAN.
1895 356 1971 419 IV
2014 355 2223 417 CONC.
2259 354 2463 418 CPOL.

3475 344 3611 411 1022

2130 490 2150 524 ί
2218 487 2405 527 eorum
2465 471 2557 543 qui
2624 467 2934 526 inhabitant
2992 464 3247 530 salutem,
3320 464 3613 520 traducere

2121 581 2140 614 ι
2179 563 2473 628 censuerit,
2506 562 2588 619 vel
2618 562 2673 617 in
2699 560 2894 631 quovis
2920 558 3027 613 alio
3063 557 3183 613 loco
3218 556 3613 626 pra‘poneudos

2123 677 2139 710 ι
2190 658 2417 727 putarit,
2461 658 2564 713 hoc
2612 670 2791 725 neque
2843 669 2939 710 eos
2983 651 3075 722 qui
3130 649 3461 719 suscipiunt,
3510 664 3610 702 nec

2118 770 2138 802 ι
2171 752 2317 819 ipsos
2348 750 2646 806 monachos
2682 748 2954 804 obnoxios
2980 744 3188 800 reddet.
3233 761 3253 795 ι

2115 842 2313 900 BALS.
2344 842 2476 908 Quae
2506 853 2726 911 propter
2763 837 3259 895 lconomachorum
3288 833 3611 903 improbita-

2044 947 2148 992 tem
2172 946 2224 989 et
2252 936 2511 991 insultum
2549 934 2690 988 mala
2731 930 3015 988 monachis
3052 928 3394 991 acciderant,
3422 941 3613 981 mona-

2042 1031 2237 1085 sticum
2294 1026 2663 1083 venerandum
2732 1024 2973 1079 habitum
3041 1021 3366 1091 probrosum
3415 1015 3614 1071 ell‘ece-

2044 1131 2189 1185 runt,
2226 1128 2285 1173 ut
2312 1118 2494 1186 inquit'
2514 1134 2716 1173 canon.
2746 1115 2995 1171 Monachi
3019 1114 3161 1169 enim
3190 1110 3405 1181 propria
3430 1122 3617 1162 mona-

2044 1216 2213 1269 sueria
2247 1213 2612 1282 reliquerunt,
2646 1220 2871 1279 propter
2899 1207 3077 1260 minas
3102 1203 3487 1259 haereticorum
3521 1216 3535 1253 :
3563 1206 3617 1252 et

2046 1306 2136 1360 alii
2169 1304 2387 1374 quidem
2428 1318 2488 1358 se
2520 1302 2575 1356 in
2608 1301 2709 1354 alia
2753 1298 3080 1353 monasteria
3108 1294 3479 1355 contulerunt.
3525 1294 3618 1346 alii

2046 1412 2176 1452 vero
2209 1397 2261 1450 in
2316 1394 2609 1449 mundanis
2655 1389 2985 1447 habitaculis
3036 1387 3200 1442 vitam
3244 1392 3496 1454 egerunt.
3551 1383 3615 1435 Et

2049 1502 2178 1545 tunc
2207 1487 2467 1558 {quidelm
2518 1483 2664 1556 quod
2715 1483 2783 1538 ab
2832 1482 2910 1536 eis
2975 1478 3157 1542 ﬁebat,
3187 1486 3307 1530 erat
3357 1474 3424 1528 ab
3471 1474 3618 1527 omni

2050 1582 2209 1651 culpa
2243 1589 2300 1633 et
2323 1579 2752 1649 reprehensione
2780 1574 3016 1628 alienum
3049 1587 3062 1624 :
3097 1568 3271 1626 evasit
3298 1575 3479 1620 autem
3520 1564 3624 1618 hoc

2049 1685 2235 1742 postea
2285 1671 2477 1727 multis
2536 1669 2849 1724 ridiculum.
2896 1664 3032 1719 Cum
3083 1662 3227 1716 enim
3283 1655 3624 1713 cessaverint

376 1749 537 1819 θῆναι
568 1749 667 1847 την
698 1752 1029 1847 όρθοδοξίαν,
1050 1752 1193 1814 τινὲς
1219 1753 1328 1806 τῶν
1354 1755 1603 1823 μοναχῶν
1627 1753 1949 1823 ἁνερυθριά-

2058 1767 2209 1822 minte
2261 1780 2383 1836 qua:
2438 1762 2495 1818 in
2548 1760 2893 1818 Christianos
2944 1755 3358 1812 intentabantur
3402 1757 3624 1820 propter

378 1858 521 1905 στως
552 1843 794 1913 τολμῶσι
827 1847 1003 1898 ποιεῖν
1047 1844 1190 1915 ἅπερ
1216 1844 1301 1897 διὰ
1330 1844 1431 1914 τὴν
1458 1844 1704 1915 ἀνάγκην
1729 1844 1950 1898 ἀκινδύ-

380 1951 486 1998 νως
516 1935 762 2003 ἐγίνοντο
787 1940 941 2007 παρά
974 1957 1159 1994 τινων.
1190 1938 1279 2009 Τῷ
1304 1956 1386 1992 τοι
1417 1941 1509 1992 καὶ
1551 1940 1857 2008 ὑποχωρεῖν
1885 1939 1951 1991 ἐκ

376 2026 484 2077 τῶν
504 2026 724 2080 οἰκείων
751 2029 1132 2097 ἀποκὰρσεων,
1155 2028 1251 2081 καὶ
1275 2027 1426 2098 παρὰ
1452 2029 1575 2091 ταῖς
1600 2028 1787 2081 πόλεσι
1814 2028 1953 2099 μετὰ

376 2116 584 2193 λαἰςκῶν
608 2117 901 2188 διατρίϐειν
933 2119 1034 2172 οὑκ
1065 2120 1446 2189 αἰσχύνονται,
1483 2118 1951 2190 προφασιζόμενοι

380 2210 475 2261 καὶ
518 2210 669 2276 παρὰ
702 2210 812 2262 τῶν
848 2210 955 2279 πρὸ
986 2210 1168 2264 αὑτῶν
1203 2210 1456 2280 μοναχῶν
1505 2209 1735 2265 τοιαῦτα
1780 2208 1954 2263 πολλὰ

380 2299 647 2368 γίνεσθαι.
710 2302 821 2355 Καὶ
876 2302 998 2355 ἐπεὶ
1041 2302 1201 2354 τοῦτο
1244 2301 1609 2368 ἁνυποταείας
1653 2302 1955 2373 κατηγορεῖ

383 2394 514 2456 τοὺς
555 2394 847 2463 μοναχοῦς,
877 2395 973 2448 καὶ
995 2393 1094 2463 τὴν
1132 2392 1476 2449 κατάστασιν
1524 2395 1638 2447 τῶν
1687 2410 1956 2464 μοναστη-

387 2485 516 2556 ρίων
549 2486 610 2539 λυ
623 2486 898 2556 μαίνεται,
928 2485 1128 2555 ὥρισεν
1160 2486 1579 2556 άφωρισμένους
1605 2480 1745 2539 εἶναι
1771 2485 1864 2538 τόν
1893 2501 1954 2539 τε

385 2579 493 2632 ἀπὸ
522 2579 623 2647 τῆς
655 2581 713 2632 ὲν
799 2578 1107 2644 ἀπετάξατο
1159 2578 1327 2648 μονῆς
1370 2578 1755 2648 ἁποδράσαντα
1788 2595 1955 2647 μοναο

383 2671 497 2742 χὸν,
527 2671 621 2725 καὶ
650 2672 729 2733 εἰς
762 2670 948 2739 ἕτερον
969 2671 1225 2741 δεχθὲντα
1256 2670 1638 2740 μοναστήριον,
1671 2669 1808 2724 ἀλλὰ
1845 2670 1957 2743 μὴν

383 2765 481 2819 καὶ
505 2764 596 2817 τὸν
630 2766 820 2817 τοῦτον
845 2764 1137 2834 δεξάμενον
1162 2764 1485 2834 ἡγούμενον,
1515 2762 1629 2815 ἔστ’
1665 2763 1729 2816 ἂν
1758 2763 1787 2817 ό
1816 2764 1954 2817 ἀπο-

387 2852 577 2924 φυγὼν
609 2855 838 2924 μοναχὸς
868 2853 1185 2926 ὑποστρέψῃ
1229 2854 1310 2917 εἰς
1356 2853 1455 2924 τὴν
1501 2852 1712 2908 οἰκείαν
1761 2855 1951 2924 μονήν.
2016 2850 2036 2868 ⁸

384 2947 495 3002 Καὶ
537 2947 711 3001 ταῦτα
771 2948 888 3016 μὲν,
935 2948 1064 3000 ὅταν
1114 2947 1358 3000 τοιοῦτόν
1403 2964 1454 3000 τι
1501 2945 1727 3018 γένηται
1784 2947 1957 3017 χωρὶς

385 3038 750 3106 ἑπισκοπικῆς
781 3040 1041 3109 εἰδήσεως
1116 3040 1164 3091 εἰ
1194 3039 1248 3093 δὲ
1280 3041 1307 3092 ό
1343 3039 1484 3092 κατὰ
1514 3039 1700 3110 χώραν
1728 3039 1956 3094 ἐπίσκο-

387 3144 488 3191 πος
519 3129 848 3199 κατανοήσει
898 3130 1057 3195 τήνδε
1106 3126 1310 3199 (τυχὸν)
1345 3129 1445 3200 τὴν
1494 3129 1660 3201 μονὴν
1693 3130 1766 3201 μὴ
1814 3130 1961 3199 ἔχειν
1989 3120 2034 3182 C

389 3222 659 3294 μοναχοὺς
680 3221 949 3286 εὐλαϐεῖς,
978 3222 1195 3285 ἱκανοὺς
1227 3224 1291 3275 ἐκ
1317 3221 1427 3275 τῶν
1456 3222 1673 3276 οἰκείων
1703 3222 1956 3293 πράξεων

392 3316 489 3367 καὶ
517 3314 713 3377 ἄλλους
744 3315 877 3384 πρὸς
906 3316 1180 3385 σωτηρίαν
1217 3318 1573 3384 μεταγαγεῖν,
1613 3319 1708 3368 καὶ
1736 3315 1964 3386 δοκιμά-

396 3423 478 3458 σει
527 3405 805 3476 συμφέρον
839 3401 978 3458 εἷναι
1013 3406 1401 3476 μετενεχθῆναι
1428 3407 1576 3461 τόνδε
1604 3406 1698 3460 τὸν
1727 3407 1961 3476 μοναχὸν

387 3500 482 3568 ἀφ’
513 3496 580 3570 ἧς
619 3498 877 3569 ἀπεκάρη
917 3501 1083 3570 μονῆς
1109 3501 1187 3563 εἰς
1224 3500 1504 3571 ὲτέραν,ἢ
1548 3499 1961 3569 ἐγκαταστῆσαι

388 3595 469 3657 εἰς
507 3592 777 3663 κοσμικὰς
818 3593 996 3656 οἰκίας
1043 3592 1386 3661 οἰκονόμους,
1408 3592 1496 3647 διὰ
1540 3591 1816 3663 σωτηρίαν
1851 3593 1961 3645 τῶν

387 3684 793 3741 κατοικούντων
820 3685 880 3738 ἐν
905 3685 1066 3755 αὐτῇ,
1113 3684 1145 3754 ἢ
1198 3686 1291 3737 καὶ
1321 3683 1557 3754 ἀλλαχοῦ
1596 3701 1698 3737 που
1730 3685 1959 3738 ἐπιστα-

387 3781 574 3847 τῆσαι,
601 3779 887 3847 γενήσεται
920 3775 1597 3858 τοῦταάπαρεμποδίστως
1618 3791 1634 3810 ο
1689 3776 1827 3846 μήτε
1855 3776 1963 3828 τῶν

394 3869 643 3940 μοναχῶν
676 3869 812 3939 μήτε
842 3867 951 3921 τῶν
983 3866 1395 3936 ὑποδεχομένων
1418 3864 1616 3928 αὑτοὺς
1638 3863 1964 3932 ὀφειλόντων

392 3965 532 4027 ὅλως
556 3959 1116 4033 προκριματισθῆναι.
1150 3958 1369 4012 Τούτων
1399 3956 1573 4020 οὕτως
1604 3957 1857 4027 ἐχόντων,
1887 3950 1965 4008 εἰ·-

397 4055 499 4108 πόν
526 4069 673 4115 τινες
704 4049 1082 4105 ἐναντιοῦσθαι
1102 4049 1275 4102 ταῦτα
1304 4050 1417 4111 τοῖς
1450 4047 1827 4101 θεσπισθεῖσιν
1858 4045 1963 4098 ὑπὸ

387 4144 486 4199 τοῦ
537 4150 590 4198 π’
668 4142 895 4206 κανόνος
948 4141 1050 4210 τῆς
1105 4140 1162 4193 ἐν
1205 4139 1535 4211 Καρθαγένῃ
1582 4138 1823 4201 συνόδου,
1870 4139 1967 4192 καὶ

386 4235 781 4309 διοριζομένοις
831 4234 923 4287 τὸν
966 4232 1206 4285 τοιοῦτόν
1250 4248 1300 4284 τι
1340 4229 1603 4284 ποιοῦντα
1640 4231 1962 4295 ἐπίσκοπον,

389 4332 483 4387 καὶ
530 4328 941 4399 ὑποδεχόμενον,
975 4325 1083 4379 ἀπὸ
1128 4324 1410 4393 ἀλλοτρίου
1446 4322 1815 4394 μοναστηρίου
1867 4341 1963 4393 μοι

2052 1861 2488 1933 persecutionem
2539 1871 2607 1910 eo
2660 1852 2806 1922 quod
2861 1850 3166 1905 orthodoxa
3220 1844 3491 1900 sententia
3552 1844 3625 1895 sit

2052 1955 2281 2025 simplex
2312 1962 2365 2007 et
2396 1957 2619 2021 aperta;
2653 1946 2871 2016 quidam
2905 1954 3082 1999 tamen
3128 1936 3381 1995 monachi
3422 1936 3624 1990 audent

2054 2051 2261 2118 absque
2295 2046 2405 2100 ullo
2445 2043 2653 2114 pudore
2680 2056 2741 2096 ea
2778 2038 2980 2104 facere,
3013 2051 3133 2105 qua:
3168 2042 3393 2105 propter
3432 2044 3624 2084 ncces-

2054 2143 2267 2197 sitatem
2313 2137 2380 2192 ab
2412 2134 2683 2204 aliquibus
2709 2146 2899 2188 secure
2951 2126 3171 2184 tiebant.
3200 2126 3318 2192 Quo
3348 2124 3428 2188 lit,
3465 2133 3519 2175 ut
3571 2129 3628 2174 et

2055 2252 2082 2289 a
2113 2233 2345 2305 propriis
2372 2240 2616 2286 tonsum
2648 2228 2782 2283 locis
2816 2224 3096 2289 recedant,
3131 2232 3186 2277 ct
3220 2221 3275 2275 in
3307 2216 3624 2275 civitatibus

2055 2344 2178 2383 cum
2212 2325 2366 2380 laicis
2406 2326 2611 2377 versari
2653 2334 2759 2375 non
2798 2318 3158 2379 erubescant;
3204 2314 3311 2368 hoc
3361 2318 3624 2381 prattextu

2058 2427 2294 2480 utentes,
2338 2414 2482 2485 quod
2516 2429 2546 2467 a
2592 2408 2898 2466 monachis.
2936 2407 3029 2476 qui
3070 2420 3167 2460 eos
3208 2407 3626 2473 praecesserunt,

2058 2511 2226 2565 mu'ta
2266 2505 2534 2578 ejusmodi
2566 2503 2706 2557 facta
2737 2502 2869 2557 sint.
2910 2501 2972 2554 Et
3007 2496 3264 2566 quoniam
3301 2494 3406 2548 hoc
3435 2504 3627 2544 mona-

2056 2605 2284 2657 chorum
2350 2594 2774 2655 inobedicntiam
2822 2592 3024 2661 arguit,
3069 2597 3123 2644 et
3169 2583 3627 2641 monasteriorum

2056 2694 2504 2752 constitutionem
2559 2688 2776 2753 evertit,
2826 2683 3017 2741 statuit
3066 2678 3329 2751 synodus,
3355 2684 3464 2728 tam
3502 2688 3626 2727 eum

2058 2787 2203 2857 quia
2239 2781 2573 2838 monasterio
2605 2780 2659 2835 in
2701 2792 2810 2847 quo
2835 2774 3169 2831 constitutus
3196 2778 3280 2825 est
3316 2765 3546 2835 aufugit.
3576 2772 3631 2845 et

2058 2884 2112 2937 in
2152 2881 2323 2935 altero
2358 2872 2698 2931 monasterio
2740 2875 3032 2937 susceptus
3068 2871 3176 2928 est,
3227 2873 3391 2930 quam
3448 2863 3628 2925 ipsum

2062 2974 2226 3032 etiam
2293 2968 2634 3042 pra‘feclum,
2698 2960 2939 3032 quicum
3007 2952 3252 3022 suscepit
3314 2955 3633 3018 segregatos

2063 3082 2205 3128 esse.
2257 3040 2431 3119 donec
2480 3056 2783 3113 monachus
2833 3053 2925 3122 qui
2986 3047 3199 3117 aulugit
3245 3043 3310 3099 ad
3351 3040 3630 3111 proprium

2066 3155 2461 3215 monasterium
2511 3156 2836 3206 revertatur.
2873 3144 2937 3197 Et
2982 3142 3107 3196 ‘ha‘c
3137 3138 3357 3209 quidem
3412 3130 3635 3201 quando

2064 3252 2272 3320 absque
2320 3242 2615 3316 episcopali
2666 3236 2894 3294 scientia
2934 3231 3140 3304 aliquid
3188 3223 3504 3297 huiusmodi
3550 3221 3634 3276 fa-

2063 3352 2211 3399 ctum
2236 3341 2326 3397 sit.
2359 3338 2413 3392 Si
2447 3347 2625 3392 autem
2665 3331 2786 3402 ejus
2813 3327 3052 3400 regionis
3088 3323 3381 3392 cpiscopus
3404 3316 3634 3372 intelle-

2064 3436 2227 3499 xerit,
2263 3433 2367 3487 hoc
2400 3427 2571 3501 (verbi
2617 3421 2811 3495 gratia)
2847 3418 3235 3474 monasterium
3271 3414 3391 3483 pios
3412 3419 3466 3465 et
3499 3409 3631 3464 reli-

2063 3530 2246 3599 giosos
2286 3521 2589 3580 monachos
2632 3531 2740 3572 non
2779 3514 3002 3575 habere,
3037 3523 3137 3565 nec
3171 3505 3412 3579 propriis
3456 3503 3635 3557 actio-

2063 3592 2226 3676 nibus
2253 3626 2410 3688 aptos
2444 3621 2503 3669 ut
2528 3611 2592 3667 ad
2626 3609 2859 3667 salutem
2889 3604 3026 3660 alios
3059 3600 3371 3663 traducant,
3411 3605 3467 3653 et
3499 3592 3645 3651 utile

2064 3704 2553 3778 essejudicaverit,
2588 3711 2646 3758 ut
2676 3701 2767 3756 hic
2800 3696 3050 3752 videlicet
3083 3691 3389 3747 monachus
3439 3703 3466 3741 a
3514 3700 3633 3738 mo-

2064 3802 2325 3865 nasterio,
2363 3801 2415 3853 in
2452 3814 2564 3866 quo
2606 3804 2800 3849 tonsus
2835 3799 2937 3854 cst,
2968 3789 3021 3843 in
3052 3785 3201 3840 aliud
3234 3780 3634 3853 Itransferatur,

2064 3894 2147 3948 vel
2182 3891 2343 3946 etiam
2395 3890 2462 3943 ad
2511 3886 2793 3943 szccularis
2839 3883 3039 3937 domus
3097 3872 3637 3931 administrationem

2066 3991 2290 4054 propter
2322 3994 2512 4035 eorum
2538 3977 2629 4045 qui
2667 3976 2719 4030 in
2752 3976 2870 4044 ipsa
2904 3971 3152 4026 habitant
3180 3967 3434 4027 salutem,
3467 3961 3637 4015 colloq

2065 4087 2238 4139 cetur,
2272 4073 2353 4128 vel
2384 4072 2566 4141 aliquo
2602 4068 2709 4123 alio
2746 4067 2799 4120 in
2837 4065 2959 4119 loco
3008 4059 3360 4130 praeficiatur,
3396 4057 3501 4108 hoc
3541 4057 3633 4107 liet

2065 4167 2186 4224 sine
2207 4165 2319 4219 ullo
2350 4158 2740 4228 impedimento
2776 4172 2788 4208 :
2822 4160 3005 4219 utpote
3032 4164 3156 4204 cum
3190 4161 3291 4201 nec
3322 4143 3641 4207 monachis,

2064 4272 2167 4314 nec
2187 4257 2255 4311 iis
2279 4254 2369 4323 qui
2394 4252 2514 4306 illos
2532 4238 3238 4316 suscipiunt,debeatullum
3259 4233 3640 4305 prtejudiciunt

2065 4351 2269 4407 aﬂerri.
2299 4347 2425 4402 llaec
2457 4359 2580 4400 cum
2613 4344 2686 4397 ita
2719 4355 2778 4396 se
2820 4336 3079 4399 habeant,
3117 4330 3369 4386 dixerunt
3415 4324 3640 4397 quidam

388 4422 570 4492 ναχὸν,
596 4424 690 4474 καὶ
716 4420 971 4473 ποιοῦντα
1000 4417 1162 4470 αὑτὸν
1186 4413 1443 4486 κληρικὸν
1471 4415 1502 4486 ἢ
1534 4416 1960 4486 καθηγούμενον,

2070 4445 2183 4499 ιιωο
2200 4437 2473 4497 adversari
2497 4437 2563 4490 iis
2586 4448 2705 4505 qua:
2737 4430 2806 4486 80
2823 4443 2944 4485 can.
2965 4419 3416 4491 Carthaginiensis
3442 4415 3638 4487 synodi

388 4512 499 4568 ἀπὸ
522 4513 623 4579 τῆς
651 4511 760 4563 τῶν
787 4509 989 4561 λοιπῶν
1020 4506 1266 4576 ἀδελφῶν
1290 4506 1576 4571 κοινωνίας
1607 4507 1957 4578 χωρίζεσθαι,

391 4604 485 4656 καὶ
513 4603 580 4671 τῇ
635 4599 730 4652 τοῦ
769 4600 901 4653 ἰδίου
938 4598 1070 4652 λαοῦ
1104 4599 1361 4669 κοινωνίᾳ
1414 4599 1700 4669 ἀρκεῖσθαι
1737 4616 1751 4630 ·
1785 4598 1874 4651 τὸν
1904 4599 1961 4651 δὲ

398 4693 633 4762 μοναχὸν
685 4691 820 4761 μηδὲ
871 4690 1134 4759 κληρικὸν
1168 4688 1308 4744 εἶναι
1357 4691 1492 4761 μηδὲ
1531 4691 1960 4761 καθηγούμενον.

406 4782 547 4839 Ἀλλ’
598 4782 699 4836 οὐκ
744 4781 902 4847 εἰσιν,
952 4782 1026 4845 ὡς
1056 4783 1181 4852 ἐμοὶ
1224 4784 1392 4849 δοκεῖ,
1440 4784 1658 4836 ἐναντία
1689 4801 1703 4817 ο
1755 4784 1964 4844 ἐκεῖνος

396 4876 497 4946 μὲν
551 4875 714 4945 γὰρὸ
741 4873 920 4928 κανὼν
971 4873 1192 4939 κολάζει
1233 4874 1325 4927 τὸν
1372 4874 1672 4927 ἐπίσκοπον
1721 4874 1811 4926 τὸν
1856 4872 1963 4926 ἀπὸ

393 4968 683 5037 ἀλλοτρίας
714 4966 923 5035 ἐνορίας
950 4966 1238 5036 δεχόμενον
1267 4966 1570 5037 οἰονδήτινα
1594 4964 1847 5035 μοναχὸν,
1867 4964 1965 5017 καὶ

392 5059 743 5113 καθιστῶντα
791 5057 980 5111 τοῦτον
1024 5058 1160 5127 πρὸς
1200 5058 1478 5129 κλήρωσιν
1515 5057 1547 5126 ἦ
1599 5057 1963 5127 ὴγουμενείαν

396 5152 568 5223 μονῆς
598 5151 966 5223 διαφερούσης
1000 5151 1152 5222 αὑτῷ
1183 5152 1352 5219 χωρὶς
1398 5150 1655 5221 εἰδήσεως
1697 5149 1792 5203 τοῦ
1826 5167 1962 5220 προ-

388 5248 552 5317 τέρου
598 5246 899 5298 ἐπισκόπου
932 5244 1100 5297 αὑτοῦ
1127 5259 1141 5273 ·
1177 5243 1439 5305 ὡσαύτως
1482 5245 1711 5313 τιμωρεί
1745 5243 1838 5295 καὶ
1873 5244 1964 5297 τὸν

395 5340 632 5410 μοναχόν
657 5356 671 5370 ·
698 5340 725 5392 ὁ
745 5338 802 5392 δὲ
833 5337 1026 5408 παρὼν
1052 5338 1289 5406 ἐγχωρεῖ
1317 5335 1395 5405 τῷ
1423 5335 1706 5405 ὲπισκόπῳ
1733 5336 1840 5390 ἀπὸ
1858 5338 1963 5389 τῶν

389 5432 485 5484 δύο
510 5429 889 5499 διαφερουσῶν
922 5427 1090 5481 αὑτοῦ
1132 5427 1453 5496 μεταθέσεις
1499 5429 1675 5479 ποιεῖν
1710 5426 1964 5496 μοναχῶν

393 5522 535 5576 κατὰ
572 5522 635 5573 τὸ
665 5521 826 5586 δόξαν
872 5520 1068 5591 τούτῳ.
1110 5520 1149 5573 Γ
1156 5520 1351 5572 ίνωσκε
1408 5518 1467 5571 δὲ
1509 5519 1593 5571 ὅτι
1630 5518 1824 5585 γέγονε
1870 5517 1962 5570 καὶ

395 5613 691 5684 σημείωμα
725 5611 1005 5666 συνοδικὸν
1032 5611 1124 5664 ἐπὶ
1146 5611 1247 5680 τῆς
1278 5609 1584 5679 ἐφημερίας
1617 5609 1711 5662 τοῦ
1736 5608 1966 5677 ἀγιωτάο

391 5720 483 5756 σου
520 5702 860 5773 πατριάρχου
883 5701 1051 5770 κυροῦ
1092 5701 1297 5766 Λουκᾶ,
1337 5698 1498 5768 χάριν
1525 5696 1619 5751 τοῦ
1651 5699 1961 5766 ἁποκριμα-

395 5793 588 5863 τίστως
642 5795 1053 5866 καθηγουμένου
1108 5795 1187 5857 εἰς
1233 5792 1574 5866 μοναστήρια
1623 5787 1956 5859 ὑποκείμενα

2065 4542 2268 4589 statuta
2308 4538 2459 4595 sunt,
2493 4528 2693 4597 quibus
2729 4531 2972 4586 cavetur,
2998 4526 3057 4573 ut
3083 4516 3175 4587 qui
3200 4513 3306 4569 tale
3343 4509 3471 4582 quid
3502 4508 3639 4562 facit

2063 4627 2371 4697 cpiscopus,
2396 4621 2560 4692 338
2574 4628 2626 4674 et
2648 4615 2975 4671 monachum
2999 4626 3065 4665 ex
3094 4608 3270 4663 alieno
3297 4601 3641 4660 monasterio

2064 4691 2313 4786 suscipit,
2342 4722 2396 4766 et
2415 4691 2597 4782 ipsum
2620 4708 2702 4762 vel
2725 4705 2983 4780 clericum
3007 4699 3090 4754 vel
3115 4695 3427 4769 praefectum
3479 4691 3630 4750 facit,

2064 4824 2093 4863 a
2118 4817 2435 4862 czeterortun
2464 4801 2690 4855 fratrum
2718 4793 3101 4853 communione
3132 4796 3434 4859 separetur,
3484 4791 3538 4839 et
3562 4783 3636 4838 sit

2066 4897 2265 4968 proprii
2299 4894 2479 4967 populi
2508 4888 2894 4947 communione
2935 4890 3225 4955 contentus
3258 4896 3272 4933 :
3331 4874 3642 4931 monachus

2064 4999 2242 5044 autem
2268 5001 2366 5041 nec
2396 4985 2468 5039 sit
2504 4982 2733 5037 clericus
2757 4993 2855 5033 nec
2882 4975 3192 5046 praefectus.
3221 4970 3325 5025 Sed
3351 4983 3455 5022 non
3482 4976 3632 5023 sunt.

2064 5092 2123 5137 ut
2150 5080 2279 5134 mihi
2309 5077 2539 5139 videtur,
2570 5071 2862 5127 contraria.
2911 5066 3003 5121 ille
3052 5064 3194 5119 enim
3248 5075 3422 5115 canon
3475 5058 3635 5128 punit

2062 5172 2402 5240 cpiscopum,
2443 5165 2533 5234 qui
2570 5175 2949 5233 quemcunque
2982 5152 3306 5208 monachum
3343 5165 3407 5205 ex
3454 5148 3638 5204 aliena

2064 5264 2284 5333 regione
2311 5259 2554 5325 suscipit,
2593 5263 2646 5311 et
2697 5269 2820 5309 eum
2876 5250 2958 5305 vel
3016 5246 3276 5301 clericum
3328 5242 3483 5308 facit,
3547 5241 3634 5297 vel

2065 5331 2401 5409 monasterio
2424 5350 2565 5420 quod
2592 5347 2656 5401 ad
2690 5360 2747 5400 se
2770 5341 3004 5413 pertinet
3027 5335 3272 5406 praeﬁcit,
3297 5332 3415 5387 sine
3439 5331 3634 5401 prioris

2063 5446 2237 5515 ipsius
2277 5441 2518 5513 episc0pi
2568 5437 2820 5496 scicntia.
2854 5432 3119 5488 Similiter
3142 5427 3468 5483 monachum
3492 5439 3632 5494 quo-

2062 5554 2166 5607 que
2215 5536 2391 5606 punit.
2449 5532 2549 5588 llic
2608 5538 2789 5595 autem
2842 5537 3081 5595 praesens
3132 5534 3310 5575 canon
3363 5515 3630 5587 permittit

2060 5602 2345 5694 episcopo,
2369 5631 2427 5675 ut
2460 5635 2525 5673 cx
2555 5616 2767 5671 duobus
2798 5620 3009 5666 tantum
3035 5608 3102 5664 ad
3137 5622 3196 5664 se
3228 5602 3632 5677 pertinentibus

2064 5712 2409 5771 monasteriis
2431 5711 2594 5766 faciat
2619 5705 3009 5762 monachorum
3035 5699 3440 5761 translationes,
3470 5694 3631 5765 prout

2062 5807 2112 5862 ei
2144 5808 2313 5865 visum
2347 5803 2531 5861 fuerit.
2578 5799 2732 5856 Scias
2785 5806 2992 5863 autem,
3050 5792 3195 5867 quod
3236 5803 3476 5863 tempore
3530 5800 3623 5854 pa-
