4074 6214
497 314 639 376 1023

1751 314 1850 372 TI]
1865 312 2029 370 EOD.
2075 309 2473 368 BALSAMON

3603 303 3749 366 1025

495 421 747 480 triarchtr.
777 420 977 476 domini
1027 419 1186 476 Luem
1235 421 1495 492 synodali:
1546 421 1826 477 decretum
1864 423 2063 476 factum

2173 421 2238 487 τῇ
2275 417 2461 487 ἐνορτᾳ
2492 415 2584 468 τοῦ
2638 413 3001 486 πατριάρχου,
3049 412 3121 482 μὴ
3171 409 3363 481 ἔχοντα
3397 412 3615 473 ἱκανοὺς
3662 417 3750 477 είς

492 525 599 581 est,
635 523 692 568 ut
738 514 854 568 sine
906 513 1220 582 pra-judicio
1267 515 1676 566 constituantur
1723 512 1960 582 pra'feeti
2011 513 2066 567 in

496 601 842 656 monasteriis
873 602 1197 670 patriarcha:
1230 601 1434 670 regioni
1471 602 1766 670 subjectis,
1799 618 1922 672 qua:
1956 619 2063 656 non

496 696 695 749 habent
741 693 1038 747 monachos
1089 695 1318 748 idoneos
1355 705 1414 750 nt
1469 698 1716 767 praesint,
1771 712 1834 750 ex
1895 697 2066 748 altero

495 786 829 841 monasterio
879 791 1026 856 quod
1083 795 1169 842 est
1217 788 1461 857 ejusdem
1517 792 1805 858 regionis:
1849 787 2062 842 etiamsi

494 887 695 932 statuta
725 893 912 932 eorum
951 889 1198 946 caveant,
1238 897 1302 934 ne
1334 883 1425 950 qui
1483 881 1537 934 in
1589 891 1821 936 externo
1873 895 2066 934 mona-

490 970 659 1024 sterio
689 977 883 1024 tonsus
915 979 1019 1035 est,
1055 971 1144 1022 fiat
1167 987 1355 1026 eorum
1400 973 1709 1042 prmfectus.
1765 973 1919 1038 Quod
1969 989 2068 1026 au-

491 1070 596 1112 tem
630 1075 658 1112 a
693 1076 902 1115 canone
924 1061 1209 1115 definitum
1245 1073 1349 1128 est,
1383 1073 1440 1117 ut
1465 1064 1518 1117 in
1580 1065 1826 1118 saeculari
1880 1065 2064 1127 domu,

491 1151 574 1202 vel
607 1151 659 1204 in
697 1151 883 1221 aliquo
908 1153 1012 1205 alio
1037 1154 1175 1218 loco,
1210 1155 1511 1209 monachus
1552 1156 1750 1210 virtute
1784 1157 2063 1224 pra-ditus,

488 1243 581 1308 qui
616 1244 834 1312 quidem
861 1245 907 1298 ei
937 1245 1216 1316 subjectus
1249 1256 1331 1302 est
1357 1247 1424 1300 ad
1465 1264 1654 1301 eorum
1685 1249 1776 1315 qui
1813 1250 1884 1301 ibi
1937 1257 2066 1300 sunt

489 1334 742 1398 salutem,
791 1335 859 1389 ab
907 1338 1164 1403 episcopo
1215 1339 1532 1401 collocetur,
1585 1355 1652 1394 ne
1704 1355 1904 1392 novum
1965 1341 2088 1393 tibi-

488 1425 758 1478 videatur.
796 1425 982 1482 Sacris
1018 1430 1168 1502 enim
1209 1439 1263 1484 et
1297 1430 1498 1485 divinis
1544 1434 1847 1484 f‘atimililllS
1892 1432 2065 1486 solius

491 1515 688 1570 auium
723 1516 1003 1571 hominum
1043 1521 1233 1578 salutis
1265 1537 1394 1575 cura
1427 1531 1528 1584 est,
1563 1531 1616 1575 et
1651 1523 1857 1576 nullius
1896 1523 2060 1576 alius.

488 1605 591 1670 Qui
625 1623 756 1676 ergo
791 1609 957 1662 vitam
989 1626 1050 1663 ex
1079 1611 1167 1666 Dei
1221 1615 1505 1681 prtrcnptis
1536 1615 1802 1675 inStituit,
1853 1629 1880 1666 a
1944 1613 2066 1666 loco

490 1714 596 1750 non
647 1699 869 1752 la-dctur
903 1718 916 1753 :
955 1701 1047 1756 sed
1079 1712 1132 1757 et
1177 1705 1259 1758 eis
1287 1705 1380 1773 qui
1431 1719 1535 1757 una
1590 1713 1716 1758 sunt
1771 1705 2060 1758 admodum

490 1788 752 1854 proderit.
786 1789 984 1854 Quidni
1009 1808 1136 1859 ergo
1165 1795 1256 1848 fiet
1277 1810 1341 1849 ex
1380 1797 1631 1850 canone?
1661 1796 1894 1866 Pmpter
1920 1801 2058 1851 hane

488 1879 630 1930 enim
660 1895 880 1933 causam
915 1883 1027 1950 ipse
1069 1900 1290 1955 quoque
1317 1888 1700 1942 sanctissimus
1750 1889 2055 1955 patriarcha

489 1969 742 2024 dominus
774 1971 948 2026 Lucas
988 1977 1238 2043 permisit
1281 1982 1546 2032 monacho
1593 1988 1647 2033 et
1680 1981 1950 2035 sacerdoti
1984 1981 2056 2034 illi

489 2061 711 2115 domino
763 2063 995 2119 Macario
1029 2065 1514 2138 llierosolymitano
1544 2081 1806 2138 perpetuo
1847 2073 2056 2125 versari

489 2165 611 2202 rum
648 2152 815 2207 beata:
861 2157 1136 2212 memoriae
1181 2158 1451 2228 imprimis
1502 2161 1847 2215 nobilissimo
1904 2161 2058 2231 lego-

489 2244 635 2298 theta
671 2261 864 2301 cursus
893 2250 1112 2304 domino
1159 2253 1422 2309 Michaele
1479 2255 1954 2326 Agiotheodorito,
2005 2265 2060 2309 rt

491 2350 596 2390 una
663 2353 788 2392 cum
843 2357 908 2395 ρο
961 2344 1013 2396 in
1061 2345 1588 2413 praasidioyersari,
1649 2359 1703 2402 et
1754 2349 2057 2403 scribarum

490 2432 669 2486 nllirio
707 2433 878 2506 fungi.
916 2437 1053 2490 Nota
1095 2452 1246 2507 ergo,
1287 2440 1432 2508 quod
1481 2443 1739 2495 suasione
1767 2453 1822 2496 et
1871 2443 2060 2511 proba-

491 2523 636 2576 tione
670 2527 986 2595 CliiSCOpﬂli,
1019 2528 1191 2583 multo
1221 2537 1403 2584 autem
1439 2532 1609 2600 magis
1646 2532 1812 2602 regia,
1849 2542 1903 2586 et
1939 2549 2059 2586 mo-

491 2613 646 2665 naclti
697 2623 748 2666 et
795 2617 974 2670 clerici
1017 2617 1136 2672 sine
1182 2619 1502 2688 prtejudieio
1550 2621 1768 2684 facient,
1821 2638 1944 2691 qua:
1996 2623 2060 2676 iis

491 2702 757 2768 permissa
794 2705 1019 2772 fuerint,
1051 2709 1580 2780 cujusmodieunque
1606 2727 1666 2765 ea
1711 2713 1844 2769 sint.

560 2872 811 2930 ZONAR.
844 2877 964 2943 Quo
1014 2889 1254 2948 tempore
1305 2883 1526 2936 na‘resis
1577 2882 2058 2939 lconomaehormn

491 2969 772 3035 regnabat,
807 2986 930 3024 cum
958 2989 1146 3028 omnes
1176 2974 1288 3038 alii,
1321 2975 1413 3043 qui
1447 2990 1637 3030 sacras
1669 2979 1935 3048 imagines
1959 2996 2059 3033 co-

2174 513 2516 578 προστασίαν
2549 510 2819 579 μοναχοὺς
2840 550 2855 572 ,
2910 507 3019 560 ἀπὸ
3052 507 3244 576 ἑτέρας
3278 505 3446 574 μονῆς
3475 503 3642 573 οὔσης
3679 507 3749 556 ὲκ

2165 604 2264 671 τῆς
2296 601 2465 670 αὐτῆς
2497 601 2729 668 ἐνορίας,
2759 599 2863 652 κᾶν
2889 597 2957 651 τὰ
2986 597 3191 650 τυπικὰ
3223 595 3426 649 τούτων
3461 595 3752 665 διορίζων-

2170 710 2264 745 ται
2321 691 2704 760 ξενοκουρίτην
2763 690 2838 760 μὴ
2874 688 3123 758 γίνεσθαι
3171 687 3605 756 καθηγούμενον.
3672 687 3753 738 τὸ

2177 790 2364 859 μέντοι
2399 788 2552 857 παρὰ
2586 787 2681 839 τοῦ
2711 786 2939 848 κανόνος
2985 783 3256 853 διορισθὲν
3289 782 3536 852 περὶτοῦ
3572 800 3751 834 κατα-

2174 878 2466 932 τάττεσθαι
2503 878 2583 938 είς
2608 877 2874 946 κοσμικδν
2900 874 3242 941 καταγώγιον
3268 874 3300 943 ἥ
3333 872 3567 944 ἀλλαχοῦ
3592 873 3754 941 παρᾶ

2173 969 2268 1022 τοῦ
2303 969 2608 1021 ἐπισκόπου
2645 965 2882 1037 μοναχὸν
2909 984 3031 1020 τινα
3059 967 3338 1036 ἐνάρετον,
3373 965 3750 1034 ὑποκείμενον

2169 1060 2341 1129 αὐτῷ,
2374 1061 2462 1113 διὰ
2496 1059 2736 1128 ψυχικὴν
2775 1059 3059 1127 σωτηρίαν
3089 1058 3198 1109 τῶν
3225 1058 3284 1108 ὲν
3310 1058 3473 1127 αὐτῇ.
3507 1056 3582 1127 μὴ
3614 1055 3749 1125 δόξῃ

2168 1172 2252 1207 σοι
2277 1153 2484 1206 καινόν.
2515 1154 2640 1213 Τοῖς
2666 1152 2772 1222 γὰρ
2812 1152 2977 1220 ίεροῖς
3019 1149 3111 1203 καὶ
3141 1149 3307 1211 θείοις
3337 1149 3528 1202 κανόσι
3575 1149 3750 1218 μόνης

2167 1246 2266 1310 τῆς
2294 1241 2533 1310 ψυχικῆς
2557 1241 2667 1291 τῶν
2695 1240 2997 1309 ἀνθρώπων
3030 1240 3303 1308 σωτηρίας
3337 1239 3606 1308 ἠμέλησε,
3649 1240 3748 1290 καὶ

2169 1335 2359 1404 ἐτέρου
2401 1333 2685 1395 παντελῶς
2734 1333 2970 1394 οὐδενός.
3027 1333 3085 1384 '0
3115 1330 3246 1398 γοῦν
3285 1332 3424 1383 κατὰ
3456 1330 3588 1382 Θεὸν
3617 1331 3751 1383 ἀνα-

2169 1425 2539 1497 στρεφόμενος
2580 1425 2687 1479 άπδ
2738 1423 2832 1478 τοῦ
2883 1425 3050 1476 τόπου
3100 1423 3160 1476 οὐ
3207 1421 3696 1491 παραϐλαϐήσεται
3731 1437 3748 1452 ⁸

2172 1517 2311 1570 ἀλλὰ
2338 1521 2434 1571 καὶ
2463 1519 2591 1580 τοὺς
2623 1519 2720 1570 σὺν
2753 1515 2903 1586 αὐτῷ
2934 1515 3210 1584 ὠφελήσει
3237 1516 3303 1567 τὰ
3332 1515 3588 1580 μέγιστα.
3625 1515 3751 1569 Ἵνα

2167 1607 2219 1660 τί
2249 1608 2379 1674 γοῦν
2403 1610 2463 1661 οὐ
2497 1611 2786 1677 γενήσεται
2811 1610 2951 1660 κατὰ
2981 1607 3072 1658 τὸν
3098 1608 3295 1658 κανόνα
3325 1622 3340 1669 ;
3370 1605 3457 1657 διά
3480 1605 3589 1673 γὰρ
3620 1605 3754 1658 τοῦ·

2172 1715 2232 1749 το
2265 1699 2360 1750 καὶ
2388 1700 2416 1750 ὁ
2445 1697 2608 1760 αὐτὸς
2649 1697 2954 1764 ἀγιώτατος
2998 1695 3348 1764 πατρτάρχης
3395 1694 3562 1763 κυρδς
3610 1694 3754 1746 Λου-

2173 1791 2276 1847 κᾶς
2331 1789 2601 1860 ἐπέτρεψε
2652 1789 2730 1858 τῷ
2783 1787 3002 1856 μοναχῷ
3053 1787 3147 1838 καὶ
3186 1787 3319 1854 ίερεῖ
3354 1784 3548 1852 ἐκείνῳ
3589 1786 3750 1853 κυρῶ

2169 1880 2446 1949 Μακαρίῳ
2478 1879 2557 1948 τῷ
2603 1879 3010 1949 Ἰεροσολυμίτῃ
3056 1876 3264 1941 διάγειν
3296 1875 3562 1942 διηνεκῶς
3597 1877 3745 1944 μετὰ

2157 1971 2252 2023 τοῦ
2282 1971 2586 2042 μακαρίτου
2623 1969 3201 2041 πρωτονωὸελλισίμοῦ
3215 1968 3482 2035 περτάτου
3524 1967 3623 2018 καὶ
3652 1967 3744 2018 λο-

2159 2063 2386 2131 γοθέτου
2425 2061 2522 2115 τοῦ
2555 2063 2758 2132 δρόμου
2794 2061 2962 2131 κυροῦ
3009 2059 3226 2130 Μιχαὴλ
3261 2057 3352 2110 τοῦ
3393 2058 3747 2126 ’Δγιοθεοδωα

2159 2153 2332 2223 ρίτου,
2388 2153 2480 2206 καὶ
2525 2153 2952 2218 συνταξειδεύειν
2986 2151 3104 2222 μετ’
3134 2148 3320 2211 αὑτοῦ,
3368 2150 3461 2201 καὶ
3511 2149 3580 2202 τὰ
3629 2150 3746 2201 τῶν

2156 2246 2560 2316 γραμματικῶν
2591 2247 2852 2315 ἐνεργεῖν.
2884 2241 3307 2314 Σημείωσαιοῦν
3335 2245 3416 2298 ὅτι
3446 2241 3591 2296 κατὰ
3619 2259 3752 2312 προ-

2157 2339 2365 2410 τροπὴν
2390 2340 2484 2391 xei
2512 2339 2840 2407 δοκιμασίαν
2858 2338 3246 2407 ἐπισκοπικὴν,
3284 2334 3464 2404 πολλῷ
3492 2335 3552 2388 δὲ
3576 2335 3750 2387 πλέον

2164 2431 2307 2484 κατὰ
2341 2430 2650 2500 βασιλικὴν,
2685 2432 2782 2484 καὶ
2812 2431 3036 2500 μοναχοὶ
3070 2431 3166 2484 καὶ
3206 2430 3465 2500 κληρικοὶ
3503 2430 3746 2496 ἀποκρι-

2169 2523 2448 2592 ματίστως
2478 2522 2842 2592 ὲνεργήσουσι
2889 2523 2959 2576 τὰ
2984 2523 3195 2587 τούτοις
3223 2522 3743 2592 ὲπιτραπησόμενα,

2162 2607 2252 2664 οἷα
2283 2611 2349 2664 ἂν
2381 2613 2472 2664 καὶ
2503 2605 2658 2667 ὦσιν.

2230 2871 2475 2925 ΖΩΝΛΡ.
2507 2870 2619 2941 Τῆς
2653 2871 2758 2924 τῶν
2795 2874 3174 2944 εἰκονομάχων
3204 2879 3610 2952 ἐπικρατούσης
3653 2886 3750 2937 αίο

2163 2964 2367 3034 ρὲσεως
2392 2964 2486 3016 καὶ
2516 2964 2715 3027 πάντες
2750 2966 2848 3032 μὲν
2870 2967 2915 3019 oi
2941 2967 3049 3020 τῶν
3075 2970 3290 3022 σεπτῶν
3318 2973 3546 3026 εἰκόνων
3569 2993 3717 3044 προσ
3738 3008 3750 3014 -

493 3052 692 3120 let-ent,
729 3067 843 3109 tutu
882 3060 933 3110 in
964 3060 1154 3127 primis
1200 3063 1475 3128 monachi,
1522 3064 1846 3129 conquisiti.
1903 3083 1967 3120 ac
2005 3068 2056 3120 in

2167 3058 2394 3124 κυνηταὶ
2427 3057 2719 3126 ἐζητοῦιτο
2761 3060 2854 3110 καὶ
2913 3060 3256 3127 ἐκολάζοντο,
3289 3062 3469 3134 πολλῷ
3489 3066 3546 3118 δὲ
3577 3067 3752 3120 πλέον

493 3161 586 3200 eos
639 3149 914 3217 placcipne
963 3154 1136 3219 panis
1194 3153 1438 3208 saavitum
1493 3163 1598 3208 est.
1653 3153 1888 3210 Proinde
1948 3159 2064 3214 suis

495 3240 843 3294 monasteriis
894 3242 1120 3306 relictis,
1170 3245 1254 3297 vel
1304 3245 1356 3297 in
1405 3246 1510 3300 alia
1557 3261 1678 3301 sese
1736 3251 2062 3303 nmnasteria

496 3327 849 3382 delitescendi
883 3346 1049 3387 causa
1075 3333 1444 3397 contulerunt,
1489 3336 1571 3390 vel
1613 3338 1679 3390 ad
1723 3341 2061 3405 privatorum

495 3437 712 3489 quoque
761 3425 903 3480 aedes
961 3441 1024 3480 ac
1073 3427 1348 3482 domicilia
1388 3427 1746 3484 deflexerunt.
1801 3431 1906 3484 Sed
1961 3433 2064 3485 hoc

495 3512 696 3568 factum
760 3524 888 3570 tunc
927 3519 1168 3586 quidem,
1208 3520 1456 3590 inquiunt
1508 3523 1702 3591 synodi
1758 3521 1966 3583 Patres,
2012 3533 2066 3578 et

497 3602 571 3655 rei
604 3603 884 3659 bone-state
913 3617 966 3685 et
1003 3612 1260 3680 temporis
1289 3613 1701 3680 Opportunitate
1734 3614 1921 3668 beatos
1960 3613 2059 3669 ho-

502 3694 674 3749 mines
709 3696 978 3752 efficiebat
1012 3717 1027 3755 :
1061 3717 1205 3756 nune
1240 3719 1369 3757 vero
1406 3705 1613 3773 absque
1644 3706 1856 3761 ratione
1884 3706 2065 3759 consi-

497 3783 567 3838 lio
589 3803 676 3852 [ne
709 3790 990 3856 usitatum,
1023 3793 1264 3848 omnium
1301 3795 1558 3850 irrisione
1576 3796 1739 3861 Lhaud
1793 3798 2066 3851 immerito

496 3877 782 3945 excipitur.
832 3881 951 3936 Jam
1010 3885 1156 3938 enim
1205 3885 1432 3940 hmresis
1485 3895 1810 3954 tempestate
1877 3886 2063 3941 sedata

497 3984 705 4039 suaque
762 3973 945 4041 pietati
1007 3976 1216 4034 reddita
1280 3976 1552 4043 libertate,
1603 3978 1782 4032 adhuc
1815 3985 1996 4031 tamen
2035 3993 2066 4032 e

502 4065 849 4120 monasteriis
909 4081 970 4121 se
1021 4067 1411 4138 subducentes,
1453 4068 1627 4123 instar
1679 4068 1867 4123 fluenti
1913 4067 2062 4138 quod

497 4159 793 4212 consistere
828 4174 891 4214 ac
940 4161 1209 4217 contineri
1250 4177 1357 4216 non
1393 4165 1583 4231 possit,
1617 4178 1736 4217 sese
1780 4163 1886 4217 huc
1935 4163 2064 4216 illuc

497 4249 744 4307 elutrianl
785 4260 839 4306 et
871 4252 1178 4318 effundunt,
1216 4268 1281 4308 ac
1315 4256 1644 4309 monasteria
1693 4255 1867 4308 tnulto
1903 4254 2065 4308 dede-

498 4352 620 4395 core
653 4355 715 4392 ac
746 4339 1091 4396 deformitate
1129 4345 1422 4410 complent.
1461 4343 1544 4398 Ad
1595 4343 2061 4398 monasteriorum

2166 3149 2214 3200 oi
2248 3148 2495 3216 μοναχοί.
2546 3149 2636 3201 Διὸ
2671 3150 3176 3218 καταλιμπάνοντες
3226 3153 3294 3205 τά
3332 3155 3541 3210 ἑαυτῶν
3576 3176 3754 3228 μονα-

2167 3242 2386 3308 στήρια,
2441 3241 2472 3309 ἢ
2520 3241 2598 3302 είς
2637 3241 2830 3310 ἐτέρας
2879 3241 3126 3312 ἁτμῄεσαν
3172 3246 3361 3313 μονὰς,
3392 3249 3570 3300 ἐκεῖσε
3611 3266 3755 3319 κρυ-

2167 3332 2454 3398 πτὸμενοι,
2490 3331 2522 3402 ἢ
2558 3334 2652 3384 καὶ
2698 3335 2778 3395 είς
2831 3335 3113 3402 κοσμικῶν
3150 3336 3328 3398 οἰκίας
3382 3339 3747 3406 μετέπιπτον.

2177 3423 2340 3477 Ἀλλὰ
2379 3425 2558 3491 τοῦτο,
2596 3425 2758 3492 φασὶν
2785 3425 2832 3478 oi
2865 3426 2964 3495 τῆς
2993 3426 3212 3480 συνόδου
3251 3429 3517 3499 Πατέρες,
3558 3450 3751 3502 μακα-

2167 3517 2318 3588 ρίους
2373 3517 2474 3588 μὲν
2524 3519 2643 3570 τότε
2703 3519 2896 3582 ἐποίει,
2944 3519 3127 3584 καλῶς
3164 3523 3452 3590 γινόμενον
3477 3525 3570 3577 καὶ
3596 3529 3755 3580 κατᾶ

2168 3609 2360 3678 καιρόν
2388 3625 2402 3638 ·
2443 3608 2536 3662 νῦν
2561 3608 2618 3662 δὲ
2653 3611 2733 3672 είς
2765 3609 2885 3674 ἔθος
2923 3611 3213 3680 γενόμενον
3255 3613 3470 3682 ἄλογον,
3506 3634 3757 3685 καταγε-

2168 3698 2397 3760 λάστους
2449 3701 2582 3763 τσὺς
2639 3700 2929 3764 ποιοῦντας
2978 3703 3113 3755 αὐτὸ
3165 3705 3368 3775 τίθησι.
3413 3706 3524 3775 Τῆς
3575 3708 3756 3778 ζάλης

2166 3791 2276 3860 γὰρ
2304 3791 2402 3857 τῆς
2445 3791 2710 3862 αἱρέσεως
2755 3792 3154 3864 παρελθούσης,
3193 3799 3289 3848 καὶ
3322 3796 3420 3864 τῆς
3463 3799 3755 3864 εὐσεϐείας

2171 3883 2490 3953 παρρησίαν
2538 3882 2834 3947 λαϐούσης,
2883 3885 2979 3938 καὶ
3022 3885 3186 3938 πάλιν
3217 3885 3325 3939 τῶν
3364 3888 3580 3943 οἰκείων
3609 3891 3757 3944 {meo

2168 3973 2475 4043 χωροῦντες
2511 3975 2711 4042 μονῶν,
2757 3967 2859 4028 ὧδε
2900 3975 3124 4029 κάκεῖσε
3160 3977 3610 4046 μεταγγίζονται,
3651 3999 3754 4035 κα-

2167 4062 2346 4133 Θάπερ
2390 4081 2442 4116 τι
2471 4063 2648 4134 ῥεῦμα
2705 4066 2779 4134 μὴ
2827 4065 3126 4135 δυνάμενον
3172 4069 3597 4138 κατασχεθῆναι,
3652 4074 3757 4126 καὶ

2166 4159 2554 4228 μεταρρεουσι,
2605 4157 2699 4210 καὶ
2755 4158 2958 4228 πολλῆς
3010 4159 3283 4229 ἀκοσμίας
3347 4162 3623 4232 πληροῦσι
3682 4166 3756 4220 τὰ

2168 4248 2528 4317 μοναστήρια.
2573 4249 2793 4317 Κόσμος
2843 4250 2952 4316 γάρ
2979 4251 3095 4304 ἐστι
3139 4251 3250 4304 τῶν
3291 4254 3474 4318 μονῶν
3515 4255 3577 4309 τὸ
3619 4260 3755 4322 τοὺς

2167 4339 2472 4409 τροφίμους
2507 4341 2684 4391 αὐτῶν
2715 4343 2771 4393 ἐν
2799 4341 2999 4413 ἡσυχίᾳ
3027 4343 3254 4410 διάγειν,
3279 4347 3376 4398 καὶ
3405 4349 3755 4417 προσμένειν

498 4431 692 4499 quippe
727 4431 1066 4487 honestatem
1093 4447 1157 4487 ac
1187 4434 1353 4489 decus
1382 4436 1616 4504 pertinet
1656 4445 1713 4488 ut
1742 4435 1794 4488 in
1826 4451 1922 4488 sua
1954 4446 2060 4490 sta-

2167 4429 2398 4493 αύταῖς,
2452 4429 2586 4498 μηδὲ
2657 4431 2897 4501 συνεχῶς
2948 4433 3219 4501 προϊέναι..
3275 4436 3483 4505 Πολλὴν
3540 4437 3598 4490 δὲ
3650 4441 3757 4510 τῆς

498 4523 640 4579 tione
667 4539 858 4578 eorum
895 4526 1100 4580 alumni
1129 4527 1312 4595 quiete
1339 4529 1557 4598 degant,
1591 4543 1768 4596 neque
1797 4539 2062 4598 perpetuo

497 4613 601 4671 huc
637 4614 764 4666 illuc
807 4615 928 4684 vagi
970 4625 1025 4670 et
1082 4618 1274 4672 incerti
1329 4619 1592 4674 ferantur.
1653 4619 1879 4672 Multum
1939 4634 2064 4673 vero

499 4719 678 4758 Eccum
714 4709 1038 4773 petulantia.
1078 4709 1272 4777 inquit,
1305 4695 1606 4775 adlucunl,
1634 4711 1737 4764 hoc
1768 4720 1873 4771 est,
1909 4721 2063 4780 peiu-

498 4800 672 4850 lanter
700 4807 922 4865 agentes
955 4801 1304 4858 rnonasteriis
1335 4803 1593 4858 inferunt.
1633 4801 1828 4856 Verum
1859 4801 2066 4872 jucun-

498 4889 618 4944 dam
668 4891 774 4946 illis
819 4906 938 4945 eam
969 4908 1089 4948 esse
1137 4896 1513 4962 petulantiam,
1554 4898 1722 4950 verbo
1753 4896 2061 4964 κωμάζειν,

498 4991 760 5051 usurpato
809 4985 979 5038 voluit
1029 4985 1296 5040 indicare.
1347 4988 1444 5041 Est
1484 4980 2061 5063 ηιιιηιιιιεκωμάζειν.

499 5080 701 5141 annm,
733 5076 973 5130 adhibito
1001 5076 1251 5131 tiliarutu
1294 5093 1358 5132 ac
1396 5078 1619 5134 cithara:
1650 5094 1787 5134 sono
1808 5087 1863 5134 et
1895 5078 2067 5132 cauti-

499 5163 620 5229 bus,
666 5164 872 5219 bibere.
920 5165 1397 5230 Quemadmodum
1440 5167 1605 5238 igitur
1648 5168 1746 5235 illi,
1788 5168 2064 5238 inquiunt,

499 5252 602 5306 hoc
656 5263 814 5323 pacto
873 5256 1119 5311 bibentes
1175 5258 1422 5313 ltetantur
1484 5277 1498 5314 :
1549 5260 1620 5314 ita
1669 5261 1791 5315 istis
1846 5276 2066 5331 quoque

500 5345 794 5413 ignominia
835 5361 917 5402 est
957 5349 1246 5417 voluptati.
1281 5350 1614 5406 Oberlientia'.
1669 5363 1922 5420 przeterea
1964 5353 2066 5406 ho-

501 5445 766 5493 ncstatem
795 5455 1008 5494 omnem
1037 5441 1350 5496 distrahunt
1371 5451 1534 5514 atque
1556 5443 1898 5513 disperalunt.
1929 5441 2063 5496 Cum

501 5527 641 5580 enim
670 5545 734 5584 ex
759 5531 1009 5586 universa
1052 5531 1284 5586 fratrum
1317 5535 1664 5592 multitudine
1705 5552 1872 5590 unum
1909 5533 2066 5603 quasi

501 5635 700 5688 corpus
745 5622 1042 5684 efficiatur,
1079 5639 1142 5677 ac
1168 5624 1312 5680 illius
1350 5640 1414 5680 ex
1445 5626 1752 5682 obedientia
1811 5626 2067 5682 honestas

506 5713 686 5771 otitnis
714 5729 776 5768 ac
806 5713 1063 5782 splendor
1093 5713 1341 5780 exsistat,
1375 5716 1685 5783 quicunque
1735 5717 1802 5772 ab
1843 5716 1933 5775 illa
1969 5716 2062 5770 de-

2163 4521 2393 4586 άταξίαν
2429 4521 2641 4583 ἑαυτοῖς
2686 4523 3214 4590 συνεισκωμάξουσι,
3271 4527 3554 4580 τουτέστιν
3617 4531 3758 4586 ἀτά-

2165 4629 2306 4674 κτως
2336 4614 2699 4682 εἰσφέρουσιν.
2740 4615 2857 4666 Ἵνα
2897 4616 3006 4684 γάρ
3055 4616 3204 4687 δείξῃ
3237 4617 3297 4669 τὸ
3333 4619 3502 4688 ἡδέως
3542 4621 3759 4687 αὐτοὺς

2167 4705 2304 4773 πρὸς
2353 4703 2452 4775 τὴν
2501 4704 2728 4769 ἀταξίαν
2757 4705 3085 4771 διακεῖσθαι,
3122 4711 3188 4778 τῇ
3226 4707 3369 4772 λέξει
3415 4709 3513 4764 τοῦ
3547 4714 3760 4782 κωμά-

2166 4799 2282 4864 ζειν
2321 4799 2616 4868 ἐχρήσατο.
2647 4797 2944 4864 κωμάζειν
2987 4799 3096 4865 γάρ
3137 4800 3257 4850 ἐστι
3285 4801 3348 4852 τὸ
3387 4801 3528 4866 μετὰ
3560 4803 3758 4857 αὐλῶν

2167 4894 2261 4946 καὶ
2294 4891 2527 4959 κιθάρας
2553 4891 2646 4943 καὶ
2676 4889 2833 4960 ᾠδῶν
2865 4889 2958 4942 τὸν
2985 4885 3131 4944 οἶνον
3168 4893 3364 4948 πίνειν.
3409 4894 3498 4957 Ὠς
3526 4895 3669 4961 γοῦν
3700 4899 3755 4949 οἱ

2165 4985 2308 5037 οὕτω
2340 4983 2584 5042 πίνοντες
2615 4983 2853 5053 ἥδονται,
2873 4982 2963 5035 τὸν
2989 4984 3174 5052 ὅμοιον
3197 4985 3424 5054 τρόπον,
3452 4985 3606 5054 φασὶ,
3649 4988 3755 5041 καὶ

2165 5071 2311 5130 οὗτοι
2346 5074 2480 5143 πρὸς
2510 5075 2608 5143 τὴν
2646 5073 2874 5143 ἀτιμίαν
2905 5073 3078 5143 ἡδέως
3119 5076 3424 5139 διάκεινται
3500 5079 3595 5128 ἰαὶ
3648 5080 3748 5147 τῆς

2167 5165 2454 5234 ὑποταγῆς
2481 5165 2540 5218 τὸ
2567 5165 2762 5233 σεμνὸν
2794 5165 3065 5218 διασπῶσι
3090 5166 3181 5217 καὶ
3213 5168 3736 5236 καταλυμαινονται.

2173 5259 2268 5311 Ἓν
2301 5259 2408 5326 γὰρ
2436 5255 2594 5326 σῶμα
2621 5256 2722 5326 τῆς
2752 5256 3112 5326 άδελφότητος
3152 5255 3342 5326 οὔσης,
3372 5252 3439 5329 ἦς
3469 5259 3506 5330 ἡ
3542 5259 3740 5312 ὑποτα-

2168 5347 2238 5415 γὴ
2265 5346 2531 5415 σεμνότης
2561 5345 2656 5398 καὶ
2681 5345 2963 5416 καύχημα,
2983 5347 3031 5398 οί
3058 5348 3123 5400 ὲκ
3153 5348 3356 5418 ταύτης
3383 5349 3741 5419 ἀποῤῥηγνᾶο

2171 5456 2322 5507 μενοι
2356 5440 2624 5494 διασπῶσι
2669 5439 2730 5492 τὸ
2779 5437 3043 5507 σεμνύνον
3087 5437 3257 5508 αὐτὴν
3301 5441 3395 5495 καὶ
3444 5442 3527 5503 είς
3559 5441 3751 5512 λύμην

2168 5531 2262 5583 τοῦ
2309 5530 2430 5584 ὅλου
2483 5531 2734 5601 σώματος
2776 5528 3034 5596 γίνονται.
3074 5528 3188 5594 Διὸ,
3219 5530 3416 5597 φασὶν,
3467 5531 3677 5602 ῶρισεν
3713 5535 3752 5603 ὴ

2172 5620 2305 5685 ἁγία
2339 5619 2553 5682 σύνοδος
2580 5619 2698 5681 τοὺς
2725 5618 2834 5670 τῶν
2865 5616 3011 5668 ἰδίων
3053 5632 3109 5684 μ’
3125 5617 3230 5669 νῶν
3259 5619 3750 5689 ὲκδιδράσκοντας,

2174 5712 2275 5769 κᾶν
2325 5713 2400 5774 ci;
2449 5710 2612 5770 tum
2668 5709 3012 5774 μεταπίσωσι
3067 5709 3446 5771 tto/actitata.
3500 5709 3598 5763 xiv
3650 5710 3747 5775 είς
