4074 6214
361 287 503 355 1025

1566 294 1646 354 ΙΝ
1689 292 1857 352 CAN.
1896 294 1941 354 Υ
1983 294 2193 357 CONC.
2261 293 2467 354 CI‘OL.

3477 291 3611 354 1026

358 399 599 470 κοσμικά
647 399 1036 469 είσκωμάσωσι
1092 399 1442 468 καταγώγια,
1499 401 1792 464 κάκείνους
1833 401 1927 455 καὶ

2028 404 2290 469 sciscant,
2329 400 2674 471 sp!endorem
2705 399 2860 455 illum
2892 414 3108 456 omnem
3151 401 3611 471 honestatemque

355 492 485 555 τοὺς
512 490 946 562 ὕποδεξιμένους
973 490 1174 554 αὐτοὺς
1194 491 1613 564 ἀφωρισμένους
1640 491 1802 556 εἶναι,
1824 491 1931 555 ἕως

363 584 432 637 ἂν
464 585 834 637 ἐπανέλθωσιν
856 584 906 637 οί
935 584 1313 654 ἀποφυγόντες
1350 586 1433 647 είς
1457 585 1556 654 τὴν
1580 584 1789 639 οἰκείαν
1832 600 1930 654 μο-

359 677 480 745 νήν.
506 676 567 730 El
597 676 654 730 δὲ
686 678 714 729 ό
742 676 885 730 κατὰ
911 675 1099 748 χώραν
1128 676 1427 741 έπίσκοπός
1451 693 1602 739 τινας
1629 677 1739 729 τῶν
1767 691 1932 745 μονα-

360 770 473 841 χῶν
520 770 608 822 ἐπ’
651 770 822 841 ἀρετῇ
873 770 1346 840 μαρτυρουμένοις
1390 770 1573 839 σονίδῃ
1618 771 1699 832 εἰς
1734 754 1929 837 έτέραν

361 860 531 931 μονὴν
570 860 664 914 ἐπὶ
698 862 1033 915 καταστάσει
1072 862 1247 932 αὐτῆς
1281 862 1375 916 καὶ⁸
1424 861 1663 932 ὠφελείᾳ
1718 859 1829 913 τῶν
1872 861 1930 913 ὲν

357 953 499 1020 αὖτῇ
552 957 907 1023 μεταγαγεῖν,
951 955 985 1025 ἢ
1031 956 1123 1008 καὶ
1160 957 1242 1017 εὶς
1276 954 1548 1024 κοσμικὴν
1580 953 1757 1005 οίκίαν
1787 951 1931 1004 δοκι-

361 1045 526 1113 μάσει
550 1045 919 1114 καταστῆσαι,
953 1046 985 1116 ἢ
1017 1046 1273 1115 ἀλλοχόσε
1299 1047 1583 1115 εύδοκήσει
1613 1044 1926 1112 ἐπιστῆσαι,

2035 492 2317 560 diripiunt,
2344 490 2769 558 universumque
2813 505 3013 558 corpus
3058 489 3334 544 societatis
3374 489 3607 545 laedunt.

2032 578 2684 649 Propterea'quicunque,
2720 579 2995 644 inquiunt,
3049 581 3213 633 csuis
3259 577 3611 631 monasteriis

2034 668 2365 737 aufugerim,
2394 670 2509 723 sive
2539 669 2592 721 in
2639 668 2745 721 alia
2800 668 3131 721 monasteria
3179 668 3450 733 incidant,
3494 668 3610 720 sive

2032 762 2389 817 szeeiilaribus
2412 777 2530 815 sese
2556 762 2883 815 habitaculis
2908 762 3258 825 immiserint,
3297 771 3404 812 tam
3434 762 3607 827 ipsos,

2031 870 2193 924 quam
2225 870 2319 909 eos
2352 869 2381 907 a
2416 854 2615 924 quibus
2651 853 2851 923 recepti
2899 853 3125 919 fuerint,
3162 856 3338 908 donec
3389 854 3456 907 ad
3509 865 3610 909 sua

2033 946 2361 1000 monasteria
2390 947 2482 1014 qui
2520 946 2773 1014 fugerant
2800 955 3170 1008 revertantur.
3205 954 3397 1001 sancta
3440 941 3607 1015 syno-

2030 1037 2132 1091 dus
2183 1050 2497 1107 segregatos
2545 1053 2670 1091 esse
2707 1037 2973 1093 decernit.
3022 1037 3177 1103 Quod
3228 1038 3274 1092 si
3329 1036 3452 1105 eius
3500 1037 3611 1092 loci

357 1136 484 1191 οὔτε
530 1138 579 1190 οἰ
637 1140 885 1207 μοναχοὶ,
933 1141 982 1191 οί
1038 1137 1181 1191 οὕτω
1231 1124 1673 1208 μετατιθέμενοι,
1718 1135 1843 1187 οὔτε
1879 1133 1928 1185 oi

2029 1134 2318 1199 episcopus
2351 1131 2645 1184 nonnullos
2676 1146 2705 1183 e
2737 1133 3130 1185 monachorum
3168 1132 3335 1203 339
3367 1142 3609 1190 fllllllt.'l‘0

357 1228 571 1291 τούτοις
596 1228 876 1298 δεχόμενοι
904 1228 981 1295 τῷ
1020 1229 1316 1299 ἀφορισμῷ
1349 1228 1589 1282 ὑπόδικοι
1618 1228 1852 1280 ἔσονται.

2032 1231 2291 1292 Spectata:
2313 1222 2554 1284 virtutis,
2600 1232 2657 1274 nt
2702 1221 2754 1274 in
2787 1222 2935 1278 aliud
2974 1227 3369 1280 monasterium
3415 1228 3484 1283 ad
3517 1246 3609 1285 res

359 1322 673 1377 monasterii
706 1323 1142 1385 constituendas,
1175 1325 1378 1391 quique
1410 1323 1464 1376 in
1495 1336 1563 1376 eo
1591 1323 1792 1390 degunt
1824 1318 2121 1389 juvandos,
2157 1316 2544 1379 transcribere,
2578 1325 2671 1369 aut
2736 1317 2789 1369 in
2863 1317 3101 1373 hominis
3146 1320 3342 1388 privati
3414 1326 3608 1389 cujus-

360 1415 503 1482 piam
561 1413 837 1468 domicilio
893 1415 1246 1477 constituere,
1297 1421 1391 1467 aut
1446 1414 1622 1467 ubivis
1679 1412 1898 1466 demum
1942 1409 2214 1463 collocare
2269 1415 2636 1475 Opportunum
2678 1408 3093 1473 existimaverit,
3151 1425 3250 1464 nec
3306 1415 3609 1472 monachos

359 1508 557 1571 quibus
584 1520 646 1561 ea
679 1507 947 1560 mutandae
976 1506 1123 1561 sedis
1153 1520 1318 1559 causa
1349 1506 1529 1569 fuerit,
1568 1520 1668 1560 nec
1698 1507 1789 1574 qui
1820 1503 2040 1558 eosdem
2086 1502 2412 1584 receperint,
2473 1516 2630 1571 paena
2680 1501 2769 1554 illa
2813 1503 3209 1571 segregationis
3242 1502 3464 1561 afﬁciet.

360 1597 582 1650 ΛΡΙΣΤ.
653 1613 673 1649 ι
724 1596 791 1650 Εἰ
841 1614 927 1661 τις
951 1598 1211 1668 ’μοναχδς
1255 1597 1358 1665 τῆς
1416 1598 1552 1659 ίδίας
1610 1597 1924 1666 ἀποδράσας

2098 1591 2324 1646 ARIS’I‘.
2369 1612 2386 1643 ι
2426 1592 2481 1646 Si
2507 1594 2634 1663 quis
2665 1594 2987 1657 monachus,
3019 1595 3239 1662 proprio
3272 1596 3463 1651 relicto
3490 1613 3608 1653 mo-

437 1708 455 1739 ι
504 1690 694 1760 μονῆς,
726 1690 759 1759 ἦ
796 1690 875 1752 είς
908 1690 1096 1761 ἕτερον
1139 1691 1437 1759 μεταπέσοι
1465 1690 1853 1760 μοναστήριον,
1896 1688 1930 1757 ἢ

439 1799 457 1832 ι
505 1783 583 1842 είς
610 1781 874 1850 κοσμικδν
902 1782 1241 1851 είσκωμάσει
1271 1783 1641 1851 καταγώγιον,
1680 1781 1844 1843 αὑτός
1872 1796 1932 1832 τε

438 1888 457 1921 ι
503 1872 596 1923 καὶ
616 1874 644 1923 ό
672 1872 1069 1942 ὑποδεξάμενος
1096 1871 1462 1940 ἀφοριζέσθω,
1485 1872 1591 1934 ἓως
1621 1871 1930 1925 ἐπανέλθοι.

437 1981 455 2012 ι
512 1963 572 2013 '0
598 1961 654 2014 δὲ
710 1963 841 2033 παρ’
895 1964 1195 2017 ἐπισκόπου
1241 1963 1593 2035 ὁπωσδήποτε
1654 1964 1933 2026 καταστὰς

432 2071 451 2104 ι
498 2054 824 2118 ἀναιτίατος.
865 2074 884 2107 ι

962 2232 1199 2285 ΚΛΝΩΝ
1248 2230 1327 2288 Ε’.

366 2340 384 2372 ι
436 2324 545 2385 Τὰς
576 2324 835 2392 ἀκρίτους
893 2325 989 2377 καὶ
1042 2324 1446 2394 ἀδοκιμάστους
1502 2323 1787 2393 ἀποταγάς
1838 2324 1931 2376 ἐπὶ

441 2434 458 2465 ι
511 2416 647 2467 πολὺ
705 2415 804 2485 τὴν
868 2419 1172 2485 μοναχικὴν
1213 2416 1470 2479 εὐταξίαν
1527 2415 1930 2485 λυμαινομένας

437 2527 455 2557 ι
504 2506 851 2575 εὑρίσκομεν.
891 2507 1185 2577 [Ιροπετῶς
1211 2506 1322 2577 γάρ
1368 2522 1513 2569 τινες
1573 2507 1653 2567 είς
1711 2505 1804 2557 τὸν
1833 2521 1931 2572 μου

440 2616 458 2647 ι
517 2597 658 2665 νήρη
693 2596 809 2665 βίον
834 2597 1063 2659 ἑαυτοὺς
1097 2598 1535 2668 ἐπιρῤίπτοντες,
1574 2597 1831 2666 καὶπρὸς
1870 2596 1928 2648 τὸ

436 2704 453 2736 ι
501 2688 672 2755 τραχὺ
700 2686 795 2739 καὶ
818 2686 1075 2739 ἐπίπονον
1103 2687 1598 2756 κατολιγωροῦντες
1627 2685 1729 2755 τῆς
1760 2687 1930 2756 ἀσκήι

438 2791 456 2823 ι
504 2790 660 2839 σεως,
686 2774 779 2825 ἐπὶ
806 2776 895 2826 τὶν
922 2773 1116 2842 φιλόσα
1128 2791 1254 2844 ρκον
1277 2774 1370 2827 καὶ
1401 2772 1644 2844 ἡδονικδν
1676 2772 1788 2845 (49)
1814 2772 1928 2842 βίον

438 2884 455 2916 ι
497 2866 695 2929 ἀθλίως
717 2868 880 2921 πάλιν
911 2866 1437 2937 ἐπαναστρέφουσιν.
1469 2866 1689 2935 Ὠρισεν
1718 2865 1811 2917 οὖν
1840 2864 1926 2918 διὰ

436 2976 453 3007 ι
501 2957 660 3009 τοῦτο
687 2960 718 3028 ἡ
741 2959 872 3026 ἁγία
890 2958 1105 3020 σύνοδος
1131 2957 1335 3027 μηδένα
1361 2957 1456 3011 τοῦ
1478 2958 1768 3027 μοναχικοῦ
1795 2974 1926 3010 κατ·
1955 2950 1998 3010 C

436 3065 454 3097 ι
501 3048 778 3113 αξιοῦσθαι
839 3050 1118 3119 σχήματος
1164 3050 1295 3118 πρὶν
1329 3048 1397 3103 ἂν
1441 3050 1469 3101 ό
1527 3048 1624 3118 τῆς
1680 3050 1924 3120 τριετίας

441 3156 460 3188 ι
501 3140 690 3208 χρόνος
716 3141 795 3201 είς
820 3142 1016 3208 πεῖραν
1050 3138 1234 3201 αὐτοῖς
1264 3138 1490 3206 ἀφεθεὶς
1517 3138 1776 3207 δοκίμους
1821 3139 1923 3190 αὑ-

437 3248 455 3283 ι
501 3233 628 3294 τοὺς
656 3233 753 3283 καὶ
780 3230 964 3295 ἀξίους
991 3231 1088 3299 τῆς
1118 3229 1454 3302 τηλικαύτης
1501 3230 1688 3300 βιοτῆς
1739 3246 1925 3301 παρα-

440 3341 459 3374 ι
507 3324 699 3395 στήσῃ.
732 3324 840 3375 Καὶ
879 3322 1037 3377 τοῦτο
1060 3325 1282 3395 κρατεῖν
1334 3324 1500 3379 παντὶ
1548 3325 1735 3395 τρόπῳ
1777 3340 1924 3394 παρ-

436 3434 454 3466 ι
505 3415 853 3481 εκελεύσατο,
891 3416 1030 3485 πλὴν
1064 3418 1111 3467 εί
1144 3416 1312 3485 μήπω
1346 3433 1430 3478 τις
1460 3414 1653 3485 βαρεῖα
1686 3432 1925 3486 προσπε-

442 3524 461 3558 ι
508 3506 676 3559 σοῦσα
709 3508 861 3569 νόσος
918 3506 1011 3558 τὸν
1076 3506 1267 3573 χρόνον
1316 3506 1597 3575 ἀναγκάσῃ
1652 3505 1925 3575 συσταλῆ-
1998 3517 2001 3520 ‘

430 3617 449 3652 ι
496 3618 582 3653 ναι
625 3599 724 3669 τῆς
783 3600 1103 3670 δοκιμασίας
1134 3616 1146 3628 ·
1183 3599 1216 3667 ἢ
1242 3600 1287 3650 εἰ
1319 3600 1390 3668 μή
1440 3599 1529 3649 πώ
1557 3616 1639 3661 τις
1668 3598 1756 3668 εἴη
1784 3598 1922 3668 ἀνὴρ

434 3710 453 3744 ι
497 3692 751 3763 εύλασὴς,
786 3696 879 3745 καὶ
904 3693 994 3745 τὸν
1029 3691 1320 3762 μοναχικὸν
1345 3692 1458 3759 βίον
1485 3693 1542 3743 έν
1571 3692 1647 3759 τῷ
1672 3691 1923 3762 κοσμικῷ

434 3804 452 3836 ι
499 3784 731 3837 διανύων
773 3785 1031 3853 σχήματι.
1073 3784 1198 3835 Ἐπὶ
1255 3781 1365 3851 γὰρ
1401 3782 1492 3834 τοῦ
1536 3781 1785 3834 τοιούτου
1831 3783 1927 3834 ἁν-

432 3896 454 3930 σ
500 3879 623 3948 δρὸς
657 3880 735 3940 είς
767 3877 1076 3946 ἀπόπειραν
1107 3876 1346 3945 παντελῆ
1376 3876 1472 3928 καὶ
1503 3878 1530 3928 ό
1572 3878 1924 3946 ἑξαμηνιαίος

436 3990 455 4022 ι
500 3971 723 4041 ἀρκέσει
750 3970 960 4039 χρόνος.
1001 3968 1063 4021 Et
1095 3967 1151 4019 δέ
1183 3985 1266 4030 τις
1299 3967 1451 4037 παρὰ
1477 3967 1649 4020 ταῦτα
1691 3966 1925 4037 διαπρά-

434 4082 452 4115 ι
500 4062 668 4127 ξεται,
696 4066 785 4113 τὸν
815 4062 913 4131 μὲν
941 4060 1247 4131 ἡγούμενον
1289 4060 1387 4128 τῆς
1433 4058 1799 4128 ήγουμενείας
1829 4062 1922 4111 ὲκ-

432 4168 450 4199 ι
507 4148 798 4218 πίπτοντας
828 4148 1078 4200 παιδείαν
1111 4147 1206 4216 τῆς
1251 4145 1479 4211 ἀταξίας
1504 4146 1603 4217 τὴν
1627 4148 1684 4199 ὲν
1713 4148 1920 4202 ύποτα-

431 4260 450 4292 ι
496 4244 568 4310 γῇ
623 4240 900 4309 διαγωγὴν
957 4239 1344 4309 ὲφευρίσκεινσ
1378 4238 1471 4291 τὸν
1508 4238 1564 4291 δὲ
1614 4242 1920 4309 μονάσαντα

435 4349 454 4383 ι
499 4334 559 4382 ἐν
593 4331 756 4399 ἑτέρᾳ
791 4332 926 4400 μονῇ
947 4330 1044 4400 τὴν
1075 4328 1375 4399 μοναχικὴν
1403 4328 1689 4399 ἀκρίϐειαν
1715 4328 1918 4398 φυλατ-

426 4441 446 4475 ι
493 4423 666 4492 τούσῃ
701 4421 1116 4492 παραδίδοσθαι.
1155 4439 1174 4472 ι

425 4514 621 4567 ΒΑΛΣ.
660 4513 928 4571 Πολλάκις
984 4513 1148 4577 τινὲς,
1204 4513 1370 4581 φασὶν
1425 4513 1475 4565 oi
1538 4512 1799 4584 Πατέρες,
1830 4514 1920 4567 διὰ

356 4606 534 4674 θλίψιν
561 4604 593 4674 ἢ
616 4602 811 4675 ἑτέραν
833 4605 1127 4674 ὀλιγωρίαν
1152 4606 1272 4658 τινὰ
1293 4606 1384 4657 τὸν
1402 4605 1613 4676 μονήρη
1646 4605 1759 4675 βίον
1786 4622 1921 4675 προ-

356 4701 539 4759 πετῶς
574 4697 951 4767 ὑποδυόμενοι,
992 4696 1088 4749 καὶ
1127 4699 1203 4767 μὴ
1240 4697 1528 4767 δυνὰμενοι
1572 4699 1916 4767 καρτερῆσαι

353 4792 414 4842 τὸ
439 4790 691 4843 ἐπίπονον
720 4792 818 4859 τῆς
849 4790 1155 4859 ἀσκήσεως,
1188 4791 1609 4862 μεταμέλονται,
1650 4790 1747 4845 καὶ
1784 4792 1919 4861 πρὸς

354 4884 454 4955 τὴν
479 4884 755 4954 προτέραν
780 4883 1052 4952 κοσμικὴν
1092 4882 1367 4952 διαγωγὴν
1416 4884 1601 4947 κακῶς
1655 4883 1920 4954 ὑποστρέ-

355 4990 566 5043 φουσιν.
595 4974 820 5044 Ὣρισαν
853 4968 945 5024 οὖν
984 4971 1187 5041 μηδένα
1217 4972 1606 5035 καταξιοῡσθαι
1632 4976 1726 5024 τοῦ
1752 4962 1921 5041 μονα-

354 5063 511 5133 χικοῦ
554 5064 833 5133 σχήματος
864 5061 973 5132 πρὸ
1019 5062 1343 5131 δοκιμασίας
1383 5063 1475 5114 καὶ
1510 5063 1914 5127 κατεξετάσεως

351 5160 451 5226 τῆς
479 5155 757 5224 διαγωγῆς
777 5155 871 5207 τοῦ
904 5154 1192 5223 ζητοῦντος
1227 5155 1388 5207 αύτό·
1419 5154 1534 5207 ἀλλ’
1562 5155 1655 5208 ἐπὶ
1676 5154 1918 5225 τριετίαν

353 5245 768 5316 δοκιμάζεσθαι,
831 5245 927 5297 καὶ
976 5242 1119 5295 οὕτω
1163 5241 1459 5310 λαμϐάνειν
1508 5243 1569 5294 τὸ
1625 5242 1915 5313 μοναχικὸν

354 5340 562 5408 σχῆμα.
598 5337 802 5390 Τούτου
827 5337 936 5407 γὰρ
967 5334 1111 5388 οὕτω
1136 5334 1445 5403 γινομένου,
1501 5335 1661 5396 αὑτός
1720 5350 1777 5385 τε
1828 5332 1917 5387 διὰ

352 5433 451 5501 τὴν
484 5429 780 5501 ὀλιγωρίαν
808 5431 869 5483 οὐ
913 5427 1444 5499 μεταμεληθήσεται,
1479 5426 1597 5478 ἀλλ’
1638 5424 1913 5495 ὁλοψύχως

2041 1703 2059 1734 ι
2096 1686 2353 1749 nasterio,
2378 1688 2492 1738 sive
2525 1687 2587 1738 :nl
2628 1687 2770 1739 aliud
2809 1688 3198 1740 monasterium
3249 1693 3604 1757 transmigra-

2039 1793 2059 1827 ι
2095 1777 2254 1840 veri',
2285 1778 2399 1831 sire
2452 1779 2504 1830 in
2555 1782 2817 1830 Steculat'e
2864 1778 3236 1833 habitaculum
3290 1784 3607 1848 petulanter

2038 1885 2057 1919 ι
2096 1883 2156 1921 se
2211 1866 2502 1922 contulerit
2532 1907 2547 1929 .
2606 1877 2922 1937 segregetur
2956 1878 3067 1920 tam
3100 1870 3215 1937 ipse
3243 1907 3259 1933 ,
3305 1874 3468 1939 quam
3507 1873 3606 1942 qui

2038 1977 2057 2011 ι
2098 1960 2273 2029 ipsum
2307 1961 2570 2028 suscepit,
2609 1974 2786 2030 usque
2821 1960 2948 2013 dum
2987 1976 3239 2016 reversus
3273 1961 3461 2018 fuerit.
3496 1950 3602 2030 Qui

2039 2068 2059 2100 ‹
2098 2066 2223 2104 vero
2253 2051 2320 2104 ab
2357 2051 2611 2120 cpiScupo
2642 2066 2971 2119 quocunque
2992 2054 3111 2105 loco
3135 2052 3470 2110 constitutus
3497 2064 3605 2121 est,

2038 2161 2056 2193 ι
2099 2144 2260 2211 culpa
2296 2152 2471 2196 vacat.
2520 2162 2540 2195 ι

2641 2231 2867 2288 CANON
2917 2232 2981 2287 V.

2037 2341 2057 2375 ι
2090 2324 2221 2390 Quae
2249 2332 2454 2379 temere
2485 2333 2538 2379 et
2566 2326 2685 2379 sine
2722 2325 2931 2394 judicio
2974 2341 3037 2381 ac
3091 2328 3413 2397 probatione
3467 2328 3604 2383 ﬁunt

2108 2436 2128 2469 ι
2160 2417 2629 2483 renuntiationes,
2648 2419 2790 2471 houo
2819 2422 3119 2474 monastico
3141 2421 3320 2474 ordini
3345 2436 3600 2491 magnum

2106 2527 2124 2559 ι
2161 2509 2353 2563 afferre
2377 2510 2778 2562 ineomnnnlum
2802 2510 3129 2565 invenimus.
3152 2509 3209 2563 In
3239 2513 3601 2565 monasticam

2110 2618 2127 2650 ι
2165 2602 2308 2653 enim
2348 2602 2509 2656 vitam
2536 2617 2594 2656 se
2629 2603 2783 2655 facile
2807 2603 3116 2671 injicientes
3148 2605 3418 2669 nonnulli,
3449 2614 3502 2658 et
3534 2605 3604 2659 ad

2108 2711 2126 2742 ι
2168 2707 2413 2761 asperam
2442 2703 2491 2747 et
2521 2694 2851 2748 laboriosam
2905 2694 3347 2748 exercitationem
3400 2710 3458 2749 se
3511 2711 3603 2749 se-

2103 2802 2121 2834 ι
2157 2786 2334 2853 gniter
2356 2794 2629 2853 gerentes,
2678 2785 2743 2838 ad
2789 2786 3065 2839 carnalem
3124 2794 3174 2839 et
3235 2788 3603 2855 voluptariam

2108 2895 2126 2926 ι
2164 2880 2326 2929 vitam
2361 2891 2553 2930 rursus
2614 2878 2808 2931 misere
2873 2887 3240 2933 revertuntur.
3302 2877 3596 2947 PrOpterea

2107 2988 2124 3018 ι
2161 2984 2291 3038 ergo
2316 2969 2506 3021 statuit
2535 2978 2721 3022 sancta
2757 2970 3018 3037 synodus,
3057 2976 3116 3021 ut
3162 2970 3468 3023 monastico
3503 2969 3603 3022 ha-

2100 3079 2118 3110 ι
2154 3060 2266 3114 bitu
2299 3060 2445 3130 digiti
2475 3062 2610 3115 nulli
2644 3069 2903 3129 putentur
2931 3099 2946 3125 ,
2998 3063 3318 3130 priusquam
3375 3063 3597 3116 triennii

2100 3172 2118 3203 ι
2161 3163 2372 3222 tempus
2406 3152 2470 3205 ad
2501 3152 2891 3221 experientiam
2929 3152 3009 3207 eis
3040 3153 3293 3207 relictum
3339 3153 3600 3222 probatos

2102 3262 2120 3295 ι
2156 3258 2250 3298 eos
2279 3256 2401 3297 esse
2430 3249 2484 3295 et
2514 3242 2607 3295 tali
2639 3243 2748 3296 vita
2782 3242 2978 3311 dignos
3011 3240 3337 3294 ostenderit.
3388 3239 3453 3292 Et
3494 3240 3599 3293 hoc

2097 3352 2115 3385 ι
2153 3333 2300 3388 omni
2334 3333 2497 3387 modo
2529 3332 2809 3387 observari
2844 3333 3124 3401 praecepit,
3162 3340 3523 3402 praeterquam
3551 3333 3599 3387 si

2102 3444 2119 3477 ι
2157 3428 2335 3494 gravis
2388 3425 2589 3495 aliquis
2642 3423 2863 3479 morbus
2945 3425 3191 3480 incidens
3254 3424 3600 3493 probationis

2104 3535 2123 3567 ι
2166 3526 2411 3586 tempora
2440 3516 2692 3571 contrahi
2727 3516 2967 3586 coegerit
3002 3531 3015 3570 :
3049 3516 3131 3571 vel
3181 3516 3284 3571 nisi
3332 3517 3457 3586 quis
3490 3517 3590 3569 ali-

2105 3626 2123 3659 ι
2164 3609 2339 3662 cunde
2373 3609 2445 3663 sit
2474 3608 2556 3661 vir
2588 3608 2876 3677 religiosus
2925 3615 2977 3662 et
3020 3607 3185 3660 vitam
3242 3610 3599 3661 monasticam

2104 3717 2124 3750 ι
2161 3703 2216 3753 in
2251 3699 2435 3754 habitu
2466 3700 2710 3753 saeculari
2744 3706 2982 3767 peragat.
3014 3695 3131 3751 Tali
3166 3699 3308 3753 enim
3367 3699 3485 3752 viro
3518 3698 3586 3751 ad

2100 3808 2117 3841 ι
2156 3790 2457 3844 absolutam
2492 3789 2875 3858 experientiam
2916 3798 3127 3857 tempus
3177 3798 3441 3845 semestre
3478 3789 3596 3846 suf-

2101 3899 2120 3932 ι
2157 3865 2322 3935 deiet.
2351 3880 2405 3934 Si
2435 3883 2558 3949 quis
2590 3891 2770 3935 autem
2805 3889 2998 3948 praeter
3032 3883 3145 3935 haec
3195 3883 3404 3947 fecerit,
3456 3898 3595 3951 prae-

2102 3989 2121 4023 t
2161 3974 2335 4026 lectus
2369 3971 2584 4040 quidem
2633 3970 2956 4041 praefectura
3010 3971 3269 4025 excidens
3315 3988 3596 4040 perperam

2110 4081 2127 4114 ι
2165 4064 2436 4118 observati
2478 4063 2688 4118 ordinis
2716 4064 3150 4126 correctionem,
3201 4064 3252 4115 in
3290 4063 3598 4117 obedientia

2101 4173 2120 4206 ι
2156 4164 2211 4210 et
2239 4154 2580 4224 subjectionc
2623 4154 3095 4207 conversationem
3129 4192 3143 4217 ,
3187 4152 3469 4206 inveniat:
3502 4152 3598 4222 qui

2102 4264 2123 4298 ι
2161 4255 2242 4301 est
2278 4256 2456 4300 autem
2493 4247 2544 4299 in
2580 4244 2687 4298 alio
2718 4243 3051 4297 monasterio
3112 4242 3410 4297 monachus
3435 4284 3451 4309 ,
3499 4243 3593 4297 alii

2107 4355 2126 4388 ‹
2163 4338 2498 4391 monasterio
2534 4336 2798 4397 tradatur,
2831 4333 2973 4403 quod
3019 4333 3373 4387 monasticam
3433 4334 3599 4388 disci-

2101 4445 2120 4480 ι
2157 4429 2357 4497 plinam
2391 4434 2646 4480 accurate
2687 4426 3031 4495 perfecteque
3062 4427 3335 4480 observet.
3374 4443 3394 4476 ι

2095 4516 2289 4572 BALS.
2320 4516 2575 4571 Nonnulli
2607 4532 2770 4584 saepe,
2810 4515 3065 4583 inquiunt
3089 4514 3283 4569 Patres
3312 4554 3328 4581 ,
3372 4524 3595 4585 propter

2021 4608 2368 4663 alliictionem
2398 4645 2413 4672 ,
2462 4607 2544 4659 vel
2571 4607 2734 4660 etiam
2770 4620 2866 4675 per
2893 4605 3283 4676 negligentiam
3311 4606 3547 4676 aliquam
3574 4645 3593 4673 ,

2023 4703 2185 4754 vitam
2228 4697 2584 4753 monasticam
2609 4697 2770 4752 facile
2801 4696 3122 4762 subeuntes,
3152 4705 3206 4752 et
3246 4698 3596 4753 exercitatio-

2016 4789 2101 4841 nis
2130 4786 2369 4841 laborem
2416 4784 2645 4839 sufferre
2704 4766 2808 4838 ιιοῆ
2862 4785 3106 4841 valentes
3136 4824 3152 4850 ,
3212 4788 3592 4855 pmnitentiam

2017 4884 2207 4948 agunt,
2240 4883 2295 4930 et
2330 4874 2395 4928 ad
2426 4876 2659 4944 priorem
2690 4876 3007 4929 saecularem
3059 4876 3273 4930 vivendi
3322 4876 3590 4931 rationem

2014 4978 2384 5026 revertuntur.
2424 4968 2743 5023 Statuerunt
2778 4984 2930 5039 ergo,
2966 4984 3034 5023 ne
3058 4969 3365 5024 monastico
3394 4969 3583 5023 habitu

2014 5068 2214 5138 dignus
2250 5065 2373 5135 quis
2404 5063 2764 5127 existimetur,
2797 5072 2923 5118 ante
2955 5062 3333 5132 probationem
3366 5070 3419 5117 et
3442 5077 3575 5116 στα-ο

2018 5157 2367 5213 minationem
2396 5155 2515 5225 ejus
2573 5156 2666 5226 qui
2720 5154 2898 5225 ipsum
2950 5154 3146 5224 petiit;
3201 5152 3294 5208 sed
3357 5153 3593 5208 triennio

2024 5249 2301 5317 probetur,
2326 5254 2378 5300 et
2403 5247 2482 5301 sic
2522 5244 2887 5300 monasticam
2913 5243 3157 5297 habitum
3194 5242 3448 5312 accipiat.
3476 5241 3588 5296 Hoc

2022 5336 2169 5390 enim
2195 5337 2267 5391 ita
2298 5337 2463 5401 facto,
2496 5351 2597 5391 nec
2627 5337 2739 5405 ipse
2754 5344 2976 5404 pr0pter
3002 5333 3381 5404 negligentiam
3414 5333 3589 5401 pumi-

2026 5427 2197 5483 tentia
2266 5436 2553 5497 tangetur,
2615 5426 2705 5481 sed
2755 5424 3115 5479 monasticam
3168 5422 3409 5479 habitum
3474 5430 3592 5478 toto

1578 5523 1764 5586 Guill.
1804 5525 2123 5602 Bevcregii
2168 5532 2359 5586 notae.

428 5626 542 5697 (49)
573 5626 955 5695 (Paduapr
976 5628 1073 5681 καὶ

359 5702 593 5754 editione
622 5706 706 5753 est
731 5698 1056 5769 φιλόσαρκον
1081 5698 1113 5769 ἢ
1153 5697 1461 5770 φιλήδονον.

1108 5627 1415 5697 Marmor.
1450 5627 1530 5683 lta
1561 5643 1684 5683 cum
1720 5627 1908 5683 codice
1948 5627 2248 5686 Bodieiano
2293 5629 2419 5696 legit
2448 5627 2609 5685 etiam
2645 5625 3137 5683 Amerbachianus.
3199 5624 3255 5681 In
3296 5625 3591 5684 Parisiensi
