4074 6214
325 281 345 343 l
356 283 463 346 02’)

1536 280 1619 340 IN
1656 280 1819 342 CAN.
1847 281 1889 340 \'
1932 281 2141 342 CONC.
2174 281 2379 342 CPOL.

3429 276 3567 339 1030

321 391 687 460 ἐνδυσάμενος
752 388 814 442 οὔ
848 389 1384 460 παραχωρηθήσετσι
1436 388 1564 457 χθὲς
1608 388 1707 457 μὲν
1749 388 1892 439 κατὰ

2015 391 2356 443 nonasticum
2396 387 2611 455 induit,
2641 387 2692 443 ei
2741 404 2849 445 non
2906 388 3286 458 per-mittetur,
3350 395 3408 440 ιιι
3452 389 3566 443 heri

324 480 597 550 μοναχοὺς
631 480 724 533 ἐπὶ
760 481 969 550 ἀγορᾶς
1017 479 1483 551 ἀναστρέφεσθαι,
1546 481 1788 548 σήμερον
1838 481 1895 531 δὲ

324 573 465 624 κατὰ
491 572 707 630 λαῖκοὺς
728 570 1130 638 θεατρίξεσθαι,
1169 572 1263 625 καὶ
1293 568 1403 623 οἷον
1431 572 1725 638 ἐμπαίζειν
1757 572 1898 623 κατὰ

327 662 623 731 σκηνικοὺς
654 660 714 713 τὸ
739 660 892 727 ἆγιον
917 663 1102 731 σχῆμα
1124 678 1140 694 ⁸
1212 663 1413 731 μᾶλλον
1458 661 1557 731 μὲν
1592 657 1685 714 οὖν
1724 664 1897 730 ἀναγ-

327 749 668 813 κασθήσεται
729 751 827 803 καὶ
888 751 1040 803 ἄκων
1099 752 1469 820 ἀποκαρῆναι.
1527 752 1795 819 Λέγυντες
1839 752 1895 803 δὲ

323 845 498 897 ταῦτα
526 842 936 905 κατεσκεύαζον
977 844 1071 897 τὸν
1121 845 1277 911 λόγον
1317 844 1497 896 αὐτῶν
1536 844 1642 897 ἀπὸ
1698 844 1793 896 τοῦ
1847 841 1897 910 γ’

328 954 450 1005 κεφ.
478 935 574 987 τοῦ
630 940 701 987 ια’
738 935 917 988 τίτλου
948 934 1042 987 τοῦ
1084 936 1347 1005 παρόντος
1378 937 1778 1004 συντάγματος,
1808 936 1900 991 λέ-

333 1046 513 1097 γοντος
544 1030 675 1098 περὶ
704 1029 802 1090 τὰς
834 1027 1007 1098 ἀρχὰς
1067 1028 1239 1090 οὕτως
1267 1045 1280 1059 ⁸
1323 1029 1384 1082 'll
1425 1029 1481 1081 δὲ
1546 1035 1613 1097 ιγ’
1653 1028 1899 1094 διάταξις

332 1095 417 1172 τοῦ
447 1125 495 1171 α’
532 1095 714 1171 τίτλθου
756 1095 884 1187 ὁτῶν
909 1095 1154 1190 ⁷Νεαρῶν
1197 1138 1366 1192 φησιν
1420 1122 1502 1175 ὅτι
1537 1095 1585 1175 οἰ
1640 1124 1897 1195 παραμέ-

330 1230 505 1276 νοντες
534 1215 614 1277 εἰς
652 1215 865 1284 μονήρη
901 1214 1036 1285 βίον,
1077 1216 1185 1268 εἴτε
1222 1216 1497 1288 ἐλεύθεροι
1533 1216 1643 1269 εἴτε
1693 1216 1891 1282 δοῦλοι,

329 1307 598 1375 πρότερον
629 1309 875 1375 τριετίαν
935 1308 1555 1378 προσκαρτερείτωσαν,
1610 1309 1786 1377 κουρᾷ
1838 1325 1897 1359 τε

330 1396 424 1450 καὶ
451 1396 641 1466 ἐσθῆτι
681 1397 955 1467 χρώμενοι
984 1399 1095 1451 τῶν
1125 1400 1374 1461 λαῖκῶν,,
1402 1401 1493 1453 καὶ
1533 1400 1633 1462 τὰς
1674 1399 1899 1469 Γραφὰς

330 1488 715 1557 μανθάνοντες.
749 1489 842 1542 καὶ
879 1489 978 1560 τήν
1027 1490 1201 1561 τύχην
1245 1492 1427 1543 αὐτῶν
1468 1490 1898 1558 ’ὁμολογοῦντε-⁹

330 1581 424 1632 καὶ
452 1579 551 1648 τὴν
588 1578 773 1634 αἰτίαν
801 1581 892 1633 τοῦ
932 1581 1110 1634 Θέλειν
1141 1583 1399 1650 μονὰσαι.
1442 1583 1658 1653 μήποτε
1684 1580 1901 1650 πονηρά

330 1671 471 1736 ἔστι,
502 1671 597 1723 καὶ
623 1671 1089 1725 νουθετείσθωσαν
1116 1690 1130 1703 ⁸
1166 1673 1262 1726 καὶ
1284 1674 1333 1725 εί
1357 1676 1899 1744 προσκαρτερήσουσι

329 1762 433 1831 τὴν
466 1764 713 1832 τριετίαν
764 1765 861 1815 καὶ
898 1764 1040 1828 ἄξιοι
1070 1765 1283 1833 φανῶσι
1316 1764 1412 1817 τοῦ
1481 1765 1734 1833 μονάσαι,
1778 1764 1900 1816 τότε

330 1852 723 1921 κειρέσθωσαν.
756 1853 864 1907 Καὶ
891 1852 1081 1923 ἤθελον
1112 1856 1176 1906 ὲκ
1218 1854 1424 1922 ταύτης
1458 1853 1700 1923 Νεαρᾶς,
1736 1854 1904 1923 οὔσης

342 1943 808 2008 Ἰουστινιανείου,
842 1945 940 2014 τὴν
970 1945 1204 2016 δοκιμὴν
1237 1945 1488 2015 γίνεσθαι
1530 1945 1669 2014 μετὰ
1700 1944 1905 1997 λαῖκῶν

331 2035 576 2105 ἁμφίων.
631 2036 997 2107 Προσετίθουν
1030 2038 1085 2089 δὲ
1119 2037 1214 2100 ὡς,
1256 2038 1377 2088 ἐπεὶ
1415 2038 1475 2088 τὸ
1536 2041 1603 2103 ιγ’
1640 2052 1767 2103 κεφ.
1810 2034 1905 2087 τοῦ

329 2127 379 2181 α’
406 2129 592 2181 τίτλον
623 2128 719 2181 τοῦ
778 2129 819 2182 δ’
873 2128 1081 2199 βιϐλίου
1110 2130 1218 2182 τῶν
1250 2129 1579 2191 Βασιλικῶν,
1614 2131 1751 2197 ὅπερ
1791 2130 1909 2181 ἐστὶ

332 2220 531 2291 κεφαλ.
565 2219 635 2284 ξδ’
680 2221 781 2290 τῆς
836 2228 957 2289 ρκγ¹
1004 2222 1434 2276 ἰουστινιανείου
1468 2221 1706 2290 Νεαρᾶς,
1738 2221 1905 2291 διορί-

332 2312 486 2374 ζεται
514 2312 642 2372 τοὺς
675 2310 1060 2381 τολμήσαντας
1092 2309 1440 2380 μιμήσασθαι
1499 2308 1689 2379 σχῆμα
1742 2326 1906 2378 μονα-

333 2403 433 2473 χοῦ
472 2403 507 2473 ἢ
561 2403 894 2474 ἀσκητρίας,
961 2403 1059 2456 καὶ
1112 2403 1252 2455 κατά
1298 2402 1592 2471 σκηνικοὺς
1649 2401 1911 2469 ἐμπαῖξαι

333 2494 495 2548 τοῦτο
521 2495 793 2565 οίῳδήτινι
820 2495 1031 2565 τρόπῳ,
1062 2495 1393 2563 σωματικῶς
1414 2493 1780 2563 τιμωρεῖσθαι
1816 2495 1913 2547 καὶ

337 2584 688 2656 ἔξορίζεσθαι
708 2602 723 2616 ⁸
767 2587 947 2657 πολλῷ
982 2586 1037 2639 ὀὶ
1072 2586 1234 2639 πλέον
1263 2586 1659 2655 κολασθήσεται
1685 2588 1713 2637 ὁ
1741 2586 1912 2652 ἑπαγ-

335 2674 663 2744 γειλάμενος
704 2676 1003 2744 μοναδικὴν
1061 2676 1357 2744 διαγωγὴν,
1394 2674 1488 2727 καὶ
1522 2674 1603 2736 εἰς
1635 2674 1911 2743 μοναστή-

340 2784 455 2835 ριον
487 2764 762 2830 ἀπελθὼν,
798 2766 889 2820 καὶ
924 2764 1231 2835 μοναχικὴν
1267 2764 1477 2835 ἐσθῆτα
1506 2764 1910 2835 περιϐαλλόμε-

338 2876 449 2922 νος,
494 2857 591 2911 ἐὰν
633 2858 862 2928 ὕστερον
891 2858 1337 2927 ἀνερυθριάστως
1365 2858 1444 2919 εἰς
1483 2854 1706 2917 λαῖκοὺς
1740 2872 1909 2925 μετα-

342 2950 717 3021 σχηματισθῇ.
760 2950 945 3003 Ἀλλοι
979 2950 1034 3002 δὲ
1064 2946 1218 3002 εἷπον
1248 2950 1321 3011 ὡς
1347 2951 1396 3001 οί
1428 2949 1909 3019 ρασοφορήσαντες

341 3043 483 3111 μετὰ
521 3040 821 3112 Τρισαγίου
863 3043 924 3094 οὐ
982 3040 1563 3111 παραχωρηθήσονται
1623 3056 1908 3109 μετασχη-

343 3132 677 3203 ματισθῆναι
712 3134 794 3195 εἰς
827 3132 1049 3194 λαῖκούς
1077 3147 1090 3161 ⁸
1145 3134 1194 3184 οί
1221 3132 1275 3184 δὲ
1307 3132 1476 3202 χωρὶς
1505 3129 1695 3183 τούτου
1743 3148 1910 3200 μετα-

342 3226 811 3296 σχηματισθέντες
842 3225 1208 3287 ἀδιαστίκτως
1230 3225 1381 3285 ἐντὸς
1403 3225 1503 3293 τῆς
1526 3223 1773 3294 τριετίας
1804 3223 1911 3275 τῶν

343 3313 445 3383 μὲν
506 3311 819 3384 μοναχικῶν
876 3314 1095 3383 ἀμφὶων
1151 3312 1347 3383 σχολὴν
1410 3314 1909 3381 καταψηφίσονται,

343 3406 729 3475 ἐνδυθήσονται
759 3406 814 3458 δὲ
840 3406 1027 3459 λαῖκὰ.
1064 3406 1190 3457 ’Ὁτι
1236 3405 1331 3457 καὶ
1373 3406 1637 3471 γυναῖκες
1692 3404 1916 3457 πενθοῦ-

346 3515 442 3550 σαι
465 3500 592 3561 τοὺς
632 3497 1088 3558 ἀποδεδιιυκότας
1120 3496 1321 3566 ἄνδρας
1362 3496 1543 3548 αὐτῶν
1594 3497 1917 3565 μελανειμο-

347 3588 529 3644 νοῦσιν
560 3591 654 3642 ἐπὶ
695 3590 908 3657 καιρὸν,
940 3590 1036 3640 καὶ
1058 3587 1356 3649 ἀκινδύνως
1386 3585 1542 3648 αὖθις
1573 3587 1640 3639 τὰ
1673 3586 1916 3656 κοσμικά

352 3682 783 3753 περιτιθέανται.
817 3681 923 3733 Καὶ
952 3681 1106 3731 αὐτοὶ
1142 3679 1241 3748 μὲν
1290 3679 1484 3733 ταῦτα.
1542 3679 1667 3741 Τοῖς
1709 3680 1917 3731 πλείοσι

348 3772 405 3824 iit
436 3772 531 3824 καὶ
567 3770 987 3840 εὐλαϐεστέροις
1034 3768 1095 3819 οὐ
1146 3767 1292 3818 δοκεί
1322 3767 1382 3818 τὸ
1420 3766 1564 3836 ἔχειν
1601 3766 1686 3818 ἐπ’
1728 3765 1916 3825 ἀδείας

349 3864 440 3917 τὸν
479 3862 791 3916 εἰσελθόντα
821 3863 904 3923 εἰς
929 3860 1318 3929 μοναστήριον,
1349 3859 1467 3923 καὶ,
1504 3857 1579 3918 ὡς
1620 3857 1685 3909 ἂν
1731 3855 1829 3926 ἔχῃ
1857 3854 1919 3906 τὸ

350 3959 606 4030 πρᾶγμα,
641 3956 1179 4027 μελανειμονήσαντα
1218 3954 1312 4006 καὶ
1340 3951 1482 4005 κατὰ
1517 3951 1781 4021 μοναχοὺς
1805 3950 1920 4004 δια·

351 4050 629 4120 τρίϐοντα,
690 4045 1273 4117 μετασχηματισθῆναι
1340 4045 1419 4108 εἰς
1482 4044 1723 4107 λαϊκούς.
1764 4044 1920 4111 Ἐξῆν

351 4142 479 4213 γὰρ,
512 4143 698 4211 φασὶν,
731 4138 880 4210 αὐτῷ
906 4140 1043 4209 μετὰ
1070 4137 1275 4191 λαῖκῶν
1303 4138 1548 4207 ἐσθήτων
1579 4136 1920 4205 δοκιμασθῆ⁸

357 4252 441 4289 ναι
471 4233 615 4286 κατὰ
642 4234 733 4286 τὸν
757 4232 858 4301 τῆς
888 4236 1133 4303 τριετίας
1154 4231 1343 4299 καιρόν
1364 4246 1377 4259 ⁸
1412 4230 1533 4281 ἐπεὶ
1562 4229 1621 4281 δὲ
1652 4228 1924 4297 μοναχικὰ

356 4323 676 4389 ἐνεδύσατο,
711 4320 1200 4392 ἀναγκασθήσεται
1230 4319 1547 4390 περατῶσαι
1580 4318 1676 4388 τὴν
1712 4317 1922 4371 οἰκείαν

2002 481 2222 549 quidem
2256 481 2428 535 instar
2452 481 2841 535 monachorum
2877 481 2928 534 in
2960 480 3077 534 foro
3107 486 3378 547 versetur,
3412 480 3574 535 hodie

1999 585 2131 623 vero
2162 571 2336 624 instar
2366 569 2629 623 laicormn
2662 585 2722 623 se
2757 570 3019 624 theatrice
3052 569 3291 623 venditet
3315 610 3329 633 ,
3379 577 3436 623 et
3489 570 3570 622 in-

1997 674 2113 715 Star
2147 662 2488 715 scenicorum
2550 670 2799 715 sanctum
2852 660 3098 713 habitum
3159 660 3564 727 quodammodo

1999 752 2329 808 ludiﬁcetur.
2387 752 2576 807 Potius
2614 767 2742 822 ergo
2777 765 3000 820 cogetur
3053 752 3131 806 vel
3179 752 3382 805 invitus
3446 748 3573 804 ton-

1999 841 2135 896 deri.
2172 840 2276 907 Qui
2306 855 2484 896 autem
2526 844 2640 895 lucc
2672 844 2943 905 dicebant,
2978 842 3185 896 dictum
3244 857 3403 895 suum
3450 856 3575 893 cou-

1997 933 2289 988 ﬁrmabant
2321 951 2385 989 ex
2414 934 2637 1003 Scapit.
2700 935 2761 988 11
2817 935 2956 987 tituli
3012 934 3295 1003 pra‘sentis
3341 935 3523 1003 operis
3558 974 3573 993 ,

2000 1027 2083 1083 sic
2140 1027 2285 1081 circa
2334 1026 2554 1082 initium
2610 1028 2893 1083 dicentis:
2948 1028 3014 1082 l5
3067 1029 3387 1083 constitutio
3418 1030 3575 1097 primi

2000 1119 2142 1174 tituli
2179 1119 2523 1173 Novellarnm
2554 1120 2713 1185 dicit,
2766 1119 2908 1189 quod
2956 1121 3047 1188 qui
3098 1122 3219 1175 vitze
3254 1120 3578 1174 incumbunt

2000 1210 2315 1266 monasticae
2346 1250 2361 1273 ,
2417 1211 2530 1264 sive
2561 1211 2671 1265 sint
2706 1211 2860 1265 liberi
2929 1211 3046 1265 sive
3098 1215 3284 1275 servi,
3342 1210 3581 1265 triennio

2001 1304 2154 1373 prius
2186 1311 2537 1373 perseverent
2569 1303 2833 1357 laicorum
2889 1312 3050 1358 tonsu
3092 1310 3146 1358 et
3187 1304 3385 1358 vestitu
3423 1315 3583 1357 uten~

2000 1402 2107 1456 tes,
2140 1403 2195 1447 et
2232 1394 2545 1463 Scripturas
2596 1394 2915 1455 discentes.
2975 1400 3029 1447 et
3084 1408 3241 1448 suam
3303 1392 3575 1447 fortunam

2001 1486 2353 1551 conﬁtentes,
2394 1500 2443 1540 et
2475 1501 2696 1541 causam
2732 1501 2831 1540 cur
2891 1488 3141 1540 monachi
3197 1501 3319 1542 esse
3368 1489 3577 1541 velint:

2002 1593 2071 1631 ne
2107 1576 2249 1631 forte
2282 1576 2419 1632 mala
2452 1578 2545 1644 sit,
2576 1588 2629 1633 et
2662 1579 3061 1632 admoneantur
3093 1598 3106 1633 :
3140 1589 3192 1634 et
3249 1580 3295 1634 si
3348 1581 3582 1635 triennio

2006 1670 2475 1739 perseveraverint
2505 1678 2560 1723 et
2602 1671 2937 1724 monasterio
2968 1670 3115 1738 digni
3168 1671 3269 1725 visi
3328 1671 3579 1735 fuerint,

2010 1770 2139 1815 tunc
2172 1762 2521 1814 tondeantur.
2557 1760 2622 1813 Et
2647 1776 2709 1814 ex
2752 1760 2854 1815 hac
2888 1762 3126 1827 Novella,
3154 1778 3275 1832 qua!
3306 1772 3388 1817 est
3414 1762 3586 1819 Justi-

2009 1852 2183 1928 nianj,
2207 1852 2481 1916 volebant,
2501 1867 2625 1906 cum
2645 1853 2762 1906 laici
2789 1853 3029 1908 vestibus
3048 1856 3159 1909 ﬁeri
3184 1855 3583 1925 probationem.

2008 1943 2347 2013 Adjiciehant
2407 1951 2612 2009 autem,
2672 1944 2818 2014 quod
2866 1947 3124 2013 quoniam
3175 1948 3240 2001 15
3271 1960 3391 2015 cap.
3422 1948 3579 2017 primi

2015 2036 2177 2097 tituli,
2222 2052 2271 2089 tv
2303 2035 2397 2089 lib.
2428 2035 2650 2091 Basilic.
2701 2038 2845 2106 quod
2903 2039 3119 2108 quidem
3174 2048 3257 2095 est
3290 2040 3357 2094 64
3393 2057 3442 2095 c.
3482 2040 3585 2093 125

2010 2126 2307 2182 Justiuiani
2340 2127 2599 2193 Novellae,
2633 2130 2920 2194 decernit,
2963 2139 3020 2184 ut
3074 2132 3165 2201 qui
3211 2133 3326 2187 ausi
3382 2132 3583 2186 fuerint

2014 2220 2266 2273 monachi
2319 2221 2402 2273 vel
2469 2222 2717 2275 ascetria:
2774 2223 3018 2276 habitum
3073 2224 3318 2287 imitari,
3391 2234 3445 2279 ct
3506 2225 3587 2278 iu-

2016 2319 2131 2365 star
2158 2311 2503 2366 scenicorum
2537 2312 2732 2382 quovis
2764 2314 2925 2367 modo
2964 2314 3116 2368 illum
3150 2315 3397 2381 illudere,
3453 2331 3583 2369 cor-

2014 2415 2145 2463 pore
2200 2401 2497 2469 puniantur
2525 2410 2579 2455 et
2632 2403 3119 2458 exterminentur:
3178 2406 3347 2460 multo
3406 2418 3586 2457 autem

2015 2486 2187 2555 magis
2222 2487 2502 2554 punietur,
2544 2490 2636 2557 qui
2674 2492 2840 2543 vitam
2891 2494 3248 2547 monasticam
3305 2495 3586 2561 professus

2014 2571 2068 2623 in
2106 2575 2499 2628 monasterium
2532 2576 2813 2646 ingressus
2851 2588 2936 2633 est
2964 2621 2979 2645 ,
3011 2589 3065 2634 et
3102 2593 3249 2637 veste
3277 2584 3584 2637 monachali

2014 2661 2269 2727 indutus;
2326 2666 2368 2718 si
2410 2676 2595 2735 postea
2656 2670 2804 2722 omni
2862 2680 3027 2724 exuto
3081 2674 3287 2741 pudore
3340 2674 3585 2727 laicalcm

2014 2755 2266 2807 vestitum
2296 2757 2582 2823 receperit.
2620 2758 2726 2811 Alii
2765 2772 2944 2813 autem
2980 2761 3234 2816 dixerunt
3261 2804 3275 2826 ,
3313 2766 3457 2833 quod
3493 2766 3587 2833 qui

2013 2861 2138 2901 rasa
2175 2847 2347 2901 induti
2384 2848 2586 2903 fuerint
2620 2867 2742 2906 cum
2770 2849 3020 2923 Trisagio
3049 2895 3063 2919 ,
3096 2854 3161 2908 ad
3197 2856 3444 2911 laicaleu
3502 2859 3591 2911 ha-

2013 2938 2184 2992 bitum
2214 2940 2391 2996 redire
2418 2958 2527 2997 non
2584 2945 2833 3000 sinentur
2866 2966 2879 3001 :
2915 2949 3005 3012 qui
3067 2964 3194 3004 vero
3249 2951 3459 3020 absque
3523 2968 3591 3005 eo

2015 3030 2257 3086 habitum
2308 3046 2612 3103 ceperunt,
2667 3038 2986 3096 indistincte
3078 3042 3219 3097 intra
3295 3045 3590 3099 triennium

2015 3125 2442 3181 mouasticarutn
2475 3129 2699 3197 quidem
2726 3132 2959 3185 vestium
2998 3134 3169 3187 otium
3222 3136 3587 3199 damnabunt;

2016 3217 2175 3273 laicls
2207 3228 2388 3274 autem
2420 3220 2735 3278 iuduentnr.
2765 3222 2899 3276 Nam
2933 3235 2982 3279 et
3023 3226 3275 3281 mulieres
3302 3268 3317 3293 ,
3345 3244 3465 3298 quae
3498 3231 3593 3283 de-

2016 3308 2234 3367 lunctos
2294 3316 2440 3369 viros
2472 3315 2700 3384 lugent,
2762 3317 2893 3372 atris
2951 3319 3196 3374 vestibus
3249 3323 3316 3374 ad
3377 3330 3591 3391 tempus

2015 3402 2339 3471 induuntur,
2376 3416 2427 3459 et
2471 3420 2665 3461 rursus
2696 3408 2815 3461 sine
2867 3407 3109 3474 periculo
3155 3413 3447 3466 saeculares
3503 3415 3589 3467 in-

2017 3492 2215 3548 duunt.
2260 3494 2322 3547 Et
2352 3495 2403 3548 hi
2437 3497 2654 3564 quidem
2682 3498 2797 3551 bmc
2828 3499 3036 3552 dit-unt.
3097 3498 3348 3555 Pluribus
3407 3512 3588 3556 autem

2017 3597 2067 3639 et
2103 3587 2539 3656 religiosioribus
2567 3605 2673 3644 non
2704 3591 2913 3645 videtur
2947 3594 2998 3645 in
3022 3594 3140 3663 ejus
3162 3610 3281 3648 esse
3303 3604 3592 3662 potestate.

2018 3680 2110 3748 qui
2144 3684 2534 3736 monasterium
2571 3684 2874 3755 ingressus,
2908 3696 2981 3749 et,
3012 3686 3506 3759 quomodocunquc
3532 3709 3591 3743 se

2020 3785 2108 3824 res
2140 3772 2354 3835 habeat,
2387 3776 2555 3844 nigris
2583 3778 2826 3832 vestibus
2858 3778 3081 3833 indutus
3111 3788 3194 3834 est
3224 3820 3238 3843 ,
3284 3794 3337 3835 et
3391 3798 3582 3834 moua-

2021 3862 2159 3914 stico
2193 3879 2345 3919 more
2379 3866 2545 3935 degit,
2587 3867 2829 3921 habitum
2881 3870 3081 3922 laicum
3130 3886 3428 3926 resumere.
3488 3873 3591 3940 Ipsi

2021 3953 2190 4018 enim,
2224 3956 2499 4024 inquiunt,
2534 3958 2734 4013 licebat
2771 3974 2895 4013 cum
2930 3962 3177 4015 vestibus
3231 3964 3384 4016 laicis
3418 3968 3596 4031 spatio

2024 4047 2242 4101 triennii
2278 4051 2546 4117 probari:
2603 4061 2657 4106 at
2704 4055 2830 4121 quia
2887 4066 3066 4108 vestes
3129 4058 3458 4111 monasticas
3510 4059 3594 4111 in-

2025 4142 2163 4204 duit,
2203 4154 2426 4214 cogetur
2455 4161 2612 4199 snum
2648 4146 2769 4201 vita:
2804 4148 3143 4217 propositum
3181 4152 3473 4218 perlicere;
3508 4152 3592 4204 sin

2026 4248 2154 4287 vero
2226 4235 2329 4288 hoc
2373 4250 2515 4305 aegre
2577 4236 2712 4290 lerat
2740 4281 2754 4304 ,
2811 4238 3106 4308 punietur,
3166 4250 3224 4294 ut
3254 4239 3338 4293 lex
3380 4240 3511 4295 dicit
3540 4243 3595 4295 in

2024 4326 2203 4394 primo
2238 4327 2416 4391 titulo,
2446 4342 2496 4381 tv
2529 4327 2623 4382 lib.
2658 4328 2926 4395 Quoniam
2980 4338 3161 4385 autem
3215 4330 3395 4386 audivi
3455 4348 3594 4385 non-

358 4417 617 4487 πρόθεσιν
650 4429 665 4446 ⁸
698 4416 748 4467 εί
788 4414 843 4466 δὲ
882 4412 1020 4482 πρὸς
1051 4412 1211 4465 τοῦτο
1245 4410 1709 4479 ἀποδυσπετήσει,
1744 4427 1911 4478 τιμω-

2028 4418 2208 4473 nullos
2231 4418 2385 4487 queri
2414 4418 2482 4472 de
2510 4420 2803 4488 prazlectis,
2836 4419 2930 4488 qui
2968 4420 3035 4474 ad
3086 4422 3232 4489 ipsos
3278 4423 3602 4477 accedentes

360 4506 681 4579 ρηθήσεται,
718 4503 905 4566 καθὼς
936 4505 964 4556 ὁ
992 4502 1155 4573 νόμος
1184 4503 1351 4573 φησιν
1378 4502 1436 4554 ἐν
1461 4501 1537 4571 τῷ
1556 4498 1602 4553 α’
1646 4500 1808 4569 τίτλῳ
1829 4498 1922 4551 τοῦ

362 4598 397 4653 5'
432 4597 661 4667 βιϐλίου.
708 4596 861 4649 Ἐπεὶ
880 4596 935 4648 δὲ
981 4595 1193 4666 ἡκουσά
1214 4612 1375 4648 τινων
1403 4592 1774 4663 μεμφομένων
1798 4591 1924 4654 τοὺς

363 4688 831 4757 καθηγουμένους,
865 4687 988 4751 τοὺς
1016 4688 1090 4758 μή
1135 4689 1274 4757 μετὰ
1327 4686 1654 4753 δοκιμασίαν
1695 4683 1924 4737 ἀποκεί-

363 4795 559 4851 ροντας
584 4778 712 4842 τοὺς
740 4780 1215 4849 προσερχομένους
1245 4779 1450 4841 αὐτοῖς,
1477 4778 1570 4830 καί
1608 4777 1750 4831 κατὰ
1771 4774 1926 4828 τοῦτο

364 4867 794 4942 παρασαίνοντας
816 4866 1018 4923 ὡσανεὶ
1048 4869 1138 4922 τὸν
1167 4869 1415 4939 παρόντα
1451 4867 1653 4920 κανόνα
1674 4882 1688 4897 ⁸
1721 4866 1925 4934 νομίζω

359 4961 527 5018 ὅτιτὸ
566 4965 617 5028 γ’
674 4976 800 5028 κεφ.
835 4957 930 5011 τοῦ
967 4965 1015 5013 α’
1064 4958 1246 5011 τίτλου
1292 4956 1385 5011 τοῦ
1439 4954 1480 5010 δ’
1522 4956 1747 5025 βιϐλίου,
1790 4956 1925 5024 ὅπερ

357 5049 472 5106 ἐστὶ
499 5050 540 5103 δ’
588 5049 784 5118 κεφάλ.
810 5049 909 5118 τῆς
933 5046 1051 5120 ρκγ¹
1088 5047 1515 5101 ἰουστινιανείου
1550 5046 1790 5115 Νεαρᾶς,
1809 5044 1925 5096 λύει

362 5141 455 5195 καὶ
486 5139 549 5193 τὸ
580 5138 823 5192 τοιοῦτον
848 5138 1171 5209 ἀμφίϐολον.
1203 5139 1341 5206 Φησὶ
1370 5136 1478 5207 γάρ
1501 5152 1517 5167 ⁸
1546 5136 1611 5188 Et
1636 5151 1719 5198 τις
1754 5133 1811 5187 δὲ
1846 5135 1925 5197 εἰς

362 5232 657 5305 μοναχικὺν
683 5230 799 5303 βίον
827 5230 1002 5284 ἐλθεῖν
1040 5229 1352 5301 βουληθείη,
1380 5228 1699 5297 κελεύομεν,
1736 5228 1845 5291 ἵνα,
1876 5229 1927 5281 εί

359 5322 458 5393 μὲν
487 5321 803 5392 γνώρισμός
828 5322 978 5375 ἔστιν
1010 5321 1092 5373 ὅτι
1127 5319 1351 5389 οὐδεμιᾷ
1378 5317 1514 5388 τύχῃ
1565 5317 1868 5383 ὑπόκειται,
1900 5320 1927 5370 ὁ

363 5410 665 5482 ἡγούμενος
697 5409 793 5462 τοῦ
825 5408 1217 5479 μοναστηρίου,
1267 5408 1357 5460 ὅτε
1404 5405 1612 5477 συνίδῃ,
1655 5409 1715 5458 τὸ
1745 5405 1927 5475 σχῆμα

360 5502 509 5574 αὐτῷ
550 5502 811 5574 παράσχῃ
840 5520 855 5534 ⁸
893 5505 942 5555 εί
970 5502 1027 5555 δὲ
1057 5502 1131 5570 μὴ
1163 5499 1514 5569 γνωρίζεται,
1548 5500 1596 5551 εί
1641 5499 1926 5569 οἰαδήποτε

364 5598 647 5651 ὑπόκειται
682 5595 847 5668 τύχῃ,
894 5595 1045 5657 ἐντὸς
1078 5594 1246 5664 τριῶν
1288 5592 1554 5645 ἐνιαυτῶν
1587 5591 1663 5663 μὴ
1715 5591 1929 5660 λαμϐά-

356 5704 469 5743 νειν
501 5688 665 5744 αὑτὸν
692 5688 755 5743 τὺ
787 5687 1084 5749 ιιοναγικον
1136 5687 1347 5753 σχῆμα,
1382 5684 1495 5737 ἀλλ’
1533 5683 1688 5746 ἐντὸς
1728 5682 1821 5737 τοῦ
1852 5684 1928 5736 εί-

2026 4517 2150 4579 post
2182 4511 2532 4581 probationes
2574 4527 2681 4566 non
2727 4514 2974 4577 tondent,
3015 4520 3068 4567 et
3095 4529 3156 4566 ea
3183 4514 3236 4567 in
3269 4530 3325 4569 re
3356 4530 3598 4583 prmscn-

2030 4613 2134 4656 tem
2196 4618 2461 4657 canonem
2521 4605 2688 4657 veluti
2748 4606 3258 4673 transgrediuntur;
3295 4607 3597 4668 existimo,

2026 4696 2169 4763 quod
2199 4698 2231 4749 5
2261 4711 2381 4765 cap.
2407 4696 2563 4766 primi
2623 4695 2801 4761 tituli,
2856 4712 2907 4750 tv
2941 4696 3060 4761 lih.,
3119 4696 3264 4766 quod
3292 4698 3429 4751 cstd
3471 4712 3595 4763 cap.

2028 4787 2133 4842 123
2181 4785 2473 4841 Iustiniani
2511 4786 2743 4841 Novella
2768 4828 2784 4851 ,
2824 4788 2928 4842 hoc
2973 4789 3194 4841 dubium
3247 4790 3425 4843 solvit.
3462 4789 3599 4842 Dicit

2026 4878 2170 4934 enim
2197 4896 2210 4933 :
2250 4878 2307 4932 Si
2337 4879 2460 4947 quis
2484 4879 2549 4931 ad
2585 4879 2936 4934 monasticam
2962 4880 3093 4934 velit
3123 4881 3289 4933 vitam
3318 4882 3595 4942 accedere,

2023 4970 2302 5039 iubemus,
2336 4979 2415 5032 ut,
2452 4970 2495 5024 si
2529 4970 2601 5024 sit
2639 4971 2855 5040 quidem
2888 4980 3075 5025 notum
3108 4986 3230 5024 eum
3280 4969 3413 5023 nulli
3474 4982 3599 5021 es~e

2029 5061 2261 5115 fortunae
2288 5061 2616 5129 subjectum,
2656 5062 2980 5116 monasterii
3012 5061 3323 5131 praefectus,
3359 5062 3581 5129 quando

2028 5152 2133 5207 hoc
2178 5154 2518 5222 cognoverit,
2554 5154 2802 5208 habitent
2830 5154 2908 5208 illi
2957 5152 3194 5223 praebeat
3230 5170 3243 5204 :
3287 5152 3373 5206 sin
3417 5163 3596 5205 autem

2028 5244 2297 5310 nescitur,
2324 5262 2391 5301 an
2431 5245 2523 5299 ulli
2562 5246 2631 5300 sit
2655 5246 2886 5299 fortunae
2916 5244 3198 5313 snbjectus
3227 5285 3241 5308 ,
3299 5244 3441 5299 intra
3488 5254 3600 5302 tres
3692 5302 3695 5305 ,

2030 5350 2205 5388 annos
2236 5336 2598 5389 monasticum
2633 5336 2877 5389 habitum
2915 5349 2980 5387 ne
3004 5334 3270 5404 accipiat;
3308 5336 3402 5390 sed
3457 5336 3599 5389 intra

2029 5427 2230 5479 dictum
2265 5435 2497 5495 tempus.
2545 5426 2665 5495 ejus
2700 5428 2820 5479 vitae
2849 5428 3290 5481 conversationis
3320 5467 3333 5490 ,
3397 5430 3441 5480 is
3507 5430 3599 5495 qui

2028 5516 2367 5571 monasterio
2399 5530 2615 5586 praeest,
2654 5516 2956 5587 periculum
3014 5517 3203 5583 faciat,
3281 5527 3335 5574 et
3381 5529 3597 5574 caetera.

2030 5609 2394 5674 Quamobrem
2430 5607 2720 5677 praefectus
2755 5617 2900 5663 recte
2929 5608 3115 5663 tondet
3144 5609 3495 5665 accedentem
3529 5612 3599 5665 ad

2030 5717 2177 5761 eum.
2209 5701 2426 5760 quando
2451 5700 2597 5755 illum
2624 5700 2869 5764 noverit;
2924 5708 2975 5757 et
3017 5701 3266 5767 probatio
3316 5703 3375 5757 ﬁt
3421 5705 3597 5760 solum
