4074 6214
536 266 667 331 1031

1782 267 2062 333 THEOD.
2102 271 2506 337 BALSAMON

3649 278 3790 344 1032

545 422 735 460 corum
760 406 827 461 de
858 407 1056 477 quibus
1090 405 1388 473 dubitatur,
1437 423 1722 463 servorum
1781 408 1998 463 scilicet
2051 417 2095 464 el

2212 390 2458 458 ρημένου
2489 388 2683 460 χρόνου
2712 388 3103 458 ἀποκειράσθω
3135 387 3237 461 τῆς
3272 388 3466 444 τούτου
3514 390 3791 461 ἀναστρο-

533 499 871 566 reliquorum
907 500 997 568 qui
1029 498 1214 554 eodem
1241 501 1419 569 capite
1448 501 1820 555 continentur.

2215 487 2322 555 φῆς
2354 482 2506 537 ὺτοῦ
2548 482 2917 550 μοναστηρίου
2973 480 3315 552 ἡγούμενος·
3368 483 3464 535 καὶ
3514 482 3584 535 τὰ
3632 480 3788 553 ἑξῆς.

529 590 698 642 “om
731 590 908 654 καλῶς
945 594 972 644 6
999 591 1404 661 καθηγούμενος
1442 592 1737 664 ἀποκείρῃ,
1787 594 1874 647 ὅτε
1909 590 2115 664 συνίδῃ,
2154 586 2243 640 τὸν
2275 574 2819 653 προσελθόντα.αδτῷ
2862 590 2877 605 ⁹
2907 575 3018 641 καλέ
3046 575 3080 644 ἡ
3114 574 3406 642 δοκιμασίλ
3455 574 3665 642 γίνεται
3707 581 3793 642 εἰς

530 689 729 756 μόνους
758 687 882 748 τοὺς
903 686 1257 755 ἀμφιῦόλους,
1289 687 1506 751 δούλους
1531 688 1715 759 τυχὸν,
1747 689 1841 743 καὶ
1872 686 2090 749 λοιποὺς
2127 682 2206 753 τῷ
2240 677 2390 748 αὐτῷ
2417 672 2696 742 κεφαλαίῳ
2733 669 3178 741 περιεχομένουςο

594 776 751 847 34],
779 775 1028 831 ZONAR.
1062 776 1345 833 Neminem
1398 780 1487 833 hic
1520 795 1644 834 cau.
1686 780 1790 834 nisi
1829 779 1982 849 prius
2016 794 2110 832 ex-

525 871 831 937 perimento
880 871 1170 938 probatum
1197 912 1211 933 .
1242 872 1456 926 tonderi
1484 872 1638 928 sinit.
1663 870 1895 937 Quidam
1932 871 2103 935 cnim,

526 961 725 1027 inquit.
758 976 885 1015 sese
921 963 1218 1016 temerario
1252 963 1464 1033 impetu
1502 964 1564 1018 in
1610 964 1975 1020 monasticam
2017 964 2102 1017 vi-

533 1060 641 1105 tam
704 1053 1082 1122 projicientes,
1118 1054 1221 1108 hoc
1268 1065 1372 1120 est,
1411 1072 1518 1110 non
1572 1056 1786 1126 judicio
1833 1056 2100 1120 adhibito,

527 1146 623 1196 sed
682 1143 999 1199 inconsulte
1036 1162 1263 1215 prorsus
1296 1147 1351 1200 in
1394 1146 1447 1201 id
1500 1148 1623 1201 vita:
1673 1162 1846 1218 genus
1896 1148 2105 1201 immit-

528 1244 733 1290 tentes.
772 1236 843 1291 Ut
873 1238 1017 1291 enim
1061 1253 1150 1291 res
1186 1239 1430 1307 projecta
1464 1255 1567 1293 non
1600 1240 1909 1309 composite
1935 1239 2101 1309 jacet,

531 1330 627 1380 scd
660 1336 718 1380 ut
748 1329 948 1382 accidit
982 1346 995 1381 :
1036 1330 1119 1384 sic
1158 1339 1213 1384 ct
1248 1331 1328 1384 illi
1380 1342 1641 1397 tanquam
1700 1330 1932 1400 projecti
1981 1331 2105 1399 qni-

528 1421 651 1473 dam
695 1420 946 1474 homines
978 1429 1126 1478 sunt.
1164 1421 1446 1491 vitamque
1478 1422 1626 1475 nulla
1660 1421 1966 1477 honestatis
2009 1431 2102 1475 aut

529 1514 743 1567 ordinis
778 1514 959 1566 habita
996 1514 1212 1568 ratione
1252 1518 1564 1568 traducunt.
1600 1513 1924 1569 Deﬁcientes
1955 1530 2104 1568 nam-

527 1622 640 1675 que
670 1605 875 1670 animo,
911 1614 965 1657 et
1003 1607 1320 1660 moiiasticm
1349 1607 1655 1676 disciplinae
1707 1607 1988 1676 asperitati
2037 1622 2103 1662 ac

528 1696 809 1752 laboribus
842 1698 1288 1759 sucenmhentes,
1327 1698 1394 1753 ad
1439 1700 1604 1751 vitam
1641 1700 1859 1753 mollem
1909 1714 2102 1756 rursus

526 1789 997 1859 volnptarimnque
1049 1799 1419 1844 revertuntur.
1464 1790 1835 1856 Quamobrem
1882 1792 1998 1847 hzec
2046 1793 2101 1848 in

528 1890 809 1951 posterum
866 1898 935 1937 ne
988 1881 1140 1945 ﬁant.
1194 1883 1416 1938 triennii
1477 1884 1656 1953 spatio
1704 1886 1946 1957 synodus
1985 1900 2099 1953 eos,

528 1975 621 2043 qui
660 1974 725 2027 ad
763 1975 1122 2029 monasticam
1161 1974 1331 2029 vitam
1380 1982 1741 2042 accesserint,
1786 1978 2100 2048 probandos

526 2079 652 2118 esse
681 2064 952 2117 decernit.
985 2066 1064 2118 Ac
1110 2066 1155 2119 si
1208 2065 1429 2132 quidem
1472 2074 1582 2119 tam
1638 2067 1782 2137 longi
1836 2070 2100 2138 temporis

522 2156 901 2224 experimento
935 2158 1147 2226 probati
1180 2169 1506 2228 appareant,
1539 2175 1707 2229 seque
1740 2160 1960 2230 dignos,
2005 2162 2097 2231 qui

525 2244 590 2294 ad
628 2244 757 2297 illud
791 2247 933 2298 vitte.
972 2261 1144 2315 genus
1195 2246 1581 2309 admittantur,
1635 2247 1949 2309 ostendant,
1984 2255 2096 2301 tum

524 2334 742 2387 demum
800 2336 1046 2389 habitum
1100 2338 1209 2390 illis
1273 2337 1639 2392 monasticnm
1706 2338 1857 2407 (nisi
1915 2338 2098 2408 gravis

527 2427 817 2493 aegritudo,
860 2444 921 2480 cx
959 2444 1064 2495 qua
1097 2430 1221 2482 vita:
1264 2444 1484 2499 qu0que
1542 2430 1841 2497 periculum
1888 2429 2097 2498 impcn-
2168 2480 2169 2483 η

520 2519 670 2583 deat,
702 2518 884 2573 medio
931 2520 1020 2572 illo
1056 2530 1300 2589 tempore
1338 2520 1736 2589 Supervenerit,
1787 2531 1918 2575 tunc
1950 2521 2094 2575 enim

522 2609 777 2665 contrahi
814 2611 1156 2680 probationis
1186 2612 1423 2679 Spatium
1468 2611 1676 2681 licebit)
1710 2612 1938 2665 concedi
1980 2613 2096 2681 pla-

521 2710 635 2755 cet.
665 2700 820 2768 Quod
859 2705 901 2755 si
937 2714 1115 2756 tamen
1169 2703 1250 2756 vir
1289 2703 1489 2772 aliquis
1529 2704 1796 2773 religione
1839 2714 2091 2770 ornatus,

518 2795 722 2863 quique
753 2795 895 2848 inter
928 2794 1111 2848 saeculi
1146 2794 1337 2847 turbas
1372 2796 1766 2849 monachorum
1814 2810 1964 2849 more
2016 2796 2094 2850 vi-

2275 771 2524 829 ZQNAP.
2557 768 2618 821 '0
2643 765 2832 834 παρὼν
2858 763 3039 818 κανὼν
3060 763 3249 817 οὐδένα
3268 763 3520 833 βούλεται
3549 766 3790 819 ἀποκεί-

2204 864 2419 938 ρεσθαι,
2451 861 2581 932 πρὶν
2636 860 2670 931 ἢ
2711 856 2957 929 δοκίμιον
2992 856 3191 910 ἑαυτοῦ
3230 855 3412 910 δώσει.
3458 856 3617 919 Τινὲς
3647 858 3789 928 γὰρ,

2203 959 2360 1029 φησὶ,
2392 951 2681 1025 προπετῶς
2705 952 2783 1013 εἰς
2805 949 2895 1002 τὸν
2920 947 3211 1019 μοναχικδν
3235 948 3349 1017 βίον
3376 949 3603 1011 ἑαυτοὺς
3627 950 3791 1020 ἐπιρο

2203 1051 2518 1122 ῥίπτοντες,
2548 1044 2670 1100 ἀντὶ
2706 1043 2801 1098 τοῦ
2860 1045 2921 1096 οὺ
2959 1042 3099 1114 μετά
3130 1042 3386 1112 κρίσεως,
3428 1041 3540 1095 ἀλλ’
3572 1044 3791 1113 ἀπροσ-

2200 1142 2375 1202 έκτως
2442 1134 2818 1198 είσωθοῦντες.
2857 1134 3068 1201 Ὥσπερ
3101 1133 3209 1203 γὰρ
3238 1132 3299 1184 τὸ
3335 1134 3661 1202 ῥιπτόμενον
3682 1136 3790 1186 οὐκ

2201 1233 2512 1301 εὐκόσμως,
2543 1227 2680 1293 ἀλλ’,
2710 1226 2785 1289 ὡς
2818 1225 2995 1295 ἔτυχε,
3022 1227 3200 1278 κεῖται
3222 1240 3235 1253 ·
3267 1223 3411 1276 οὕτω
3433 1226 3679 1277 κάκεῖνοι
3710 1223 3791 1286 ὡς

2202 1320 2531 1393 ἐρριμμένοι
2574 1319 2702 1384 εἰσὶ,
2739 1318 2834 1371 καὶ
2891 1317 2953 1368 οὐ
3023 1316 3166 1368 κατά
3207 1315 3411 1384 κόσμον
3471 1316 3565 1367 καὶ
3626 1313 3789 1378 τάξιν

2199 1414 2502 1480 διάγουσιν.
2546 1409 3017 1481 Ἀπαγορεύοντες
3056 1408 3166 1479 γὰρ
3198 1406 3334 1478 πρὸς
3364 1405 3425 1459 τὺ
3473 1408 3649 1477 τραχὺ
3692 1408 3787 1460 καὶ

2203 1506 2465 1558 ἐπίπονον
2497 1503 2598 1571 τῆς
2622 1502 2932 1569 ἀσκήσεως,
2967 1499 3130 1552 πάλιν
3162 1501 3256 1551 ἐπὶ
3302 1499 3395 1551 τὸν
3452 1498 3787 1567 φιλόσαρκον

2206 1596 2300 1651 καὶ
2321 1594 2604 1666 φιλήδονον
2640 1592 2755 1663 βίον
2774 1590 3268 1661 ὲπαναστρέφουσι.
3287 1590 3378 1643 Διὸ
3396 1588 3484 1644 ἵνα
3513 1589 3589 1660 μὴ
3608 1590 3787 1644 ταῦτα

2203 1691 2485 1760 γίνωνται,
2522 1684 2723 1757 ὥρισεν
2754 1686 2787 1756 ἡ
2836 1684 3054 1747 σύνοδος
3089 1685 3178 1736 ἐπὶ
3216 1683 3458 1754 τριετίαν
3488 1683 3786 1754 δοκιμάζε-

2205 1781 2327 1836 σθαι
2362 1780 2487 1843 τοὺς
2513 1776 2984 1850 προσερχομένους
3013 1776 3106 1829 ἐπὶ
3130 1774 3207 1846 τῷ
3233 1775 3489 1846 μονάσαι.
3522 1777 3634 1829 Καὶ
3651 1776 3784 1829 ὅταν

2201 1873 2289 1927 διὰ
2316 1872 2413 1926 τοῦ
2471 1870 2730 1925 τοσούτου
2770 1868 2965 1940 χρόνου
3003 1868 3133 1921 δῶσι
3176 1870 3374 1938 πεῖραν
3418 1868 3653 1931 ἑαυτῶν,
3687 1869 3782 1922 καὶ

2200 1964 2418 2034 δόκιμοι
2455 1962 2665 2033 φανῶσι
2704 1962 2799 2014 καὶ
2823 1960 2964 2024 ἄξιοι
3002 1959 3097 2012 τοῦ
3149 1958 3447 2030 μοναχικοῦ
3478 1958 3622 2030 βίου,
3656 1960 3779 2014 τότε

2198 2055 2294 2109 τοῦ
2325 2057 2601 2126 σχήματος
2634 2052 2831 2115 αὐτοὺς
2854 2050 3153 2117 ἀξιοῦσθαι,
3190 2052 3238 2103 εί
3267 2050 3342 2122 μή
3369 2051 3472 2104 πού
3500 2068 3586 2114 τις
3618 2053 3679 2105 ἐν
3700 2051 3779 2122 τῷ

2202 2144 2355 2214 μέσῳ
2384 2142 2625 2213 συμϐαίη
2655 2142 2851 2212 βαρεῖα
2877 2142 3052 2208 νόσος,
3078 2140 3172 2193 καὶ
3193 2140 3422 2194 θάνατον
3453 2140 3777 2194 ἀπειλοῦσαο

2196 2236 2318 2289 τότε
2350 2238 2457 2304 γὰρ
2496 2238 2523 2289 ό
2550 2234 2649 2303 τῆς
2680 2233 3010 2302 δοκιμασίας
3042 2233 3232 2302 καιρὸς
3262 2232 3685 2301 συσταλήσεται.
3714 2232 3776 2286 El

2197 2326 2255 2380 δέ
2279 2345 2359 2390 τις
2401 2328 2545 2397 ἀνὴρ
2591 2324 2862 2397 προσέλθῃ
2901 2324 3155 2395 εὐλαϐὴς,
3213 2325 3308 2378 καὶ
3368 2324 3424 2375 ὲν
3457 2324 3535 2394 τῷ
3590 2324 3775 2393 κόσμῳ

2198 2422 2337 2474 κατά
2374 2420 2639 2491 μοναχοὺς
2699 2419 2830 2483 ζῶν,
2882 2418 2978 2470 καὶ
3012 2418 3169 2488 δῆλος
3212 2419 3461 2494 κάκεῖνος
3505 2413 3563 2491 ᾗ,
3599 2419 3694 2470 καὶ
3714 2418 3775 2469 τδ

2198 2513 2442 2582 θεοφιλὲς
2466 2513 2564 2582 τῆς
2591 2510 2756 2565 αὐτοῦ
2792 2510 2999 2580 βιοτῆς,
3031 2508 3338 2580 τηνικαῦτα
3358 2510 3436 2573 είς
3466 2511 3774 2580 ἀπόπειραν

2199 2606 2364 2658 αὑτοῦ
2396 2607 2489 2658 καὶ
2518 2604 2846 2674 δοκιμασίαν
2872 2605 2903 2673 ὴ
2936 2588 3152 2665 σύνοδος
3178 2602 3447 2672 ἀρκοῦντα
3483 2603 3771 2676 ἐδοκίμασε

2195 2698 2678 2770 τὺνιὲξαμηνιαῖον
2709 2696 2920 2767 χρόνον.
2966 2696 3107 2750 Ἀλλ’
3139 2696 3266 2751 ἔνιοι
3315 2698 3425 2751 τῶν
3453 2701 3773 2771 ἡγουμένων

2194 2794 2313 2845 νυνὶ
2348 2792 2417 2844 τὰ
2446 2793 2625 2844 οἰκεῖα
2660 2789 2939 2860 θελήματα
2971 2791 3079 2860 πρὸ
3103 2791 3211 2843 τῶν
3251 2792 3492 2843 κανόνων
3522 2792 3735 2846 τιθέασι
3757 2809 3771 2825 ⁶

519 2892 629 2938 tam
669 2898 815 2953 agat,
856 2885 945 2953 qui
975 2895 1030 2939 et
1062 2886 1179 2954 ipse
1211 2886 1488 2954 cognitus,
1526 2893 1579 2939 et
1605 2887 1811 2955 pietate
1841 2886 1913 2941 sit
1940 2903 2089 2957 egre-

2202 2886 2287 2937 καὶ
2316 2885 2443 2946 τοὺς
2477 2885 2574 2953 μὲν
2608 2882 2733 2951 ἄρτι
2765 2881 3214 2950 ἐπιδημήσαντας
3253 2882 3453 2935 αὐτίκα
3501 2884 3770 2952 κείρουσι,

517 2975 604 3042 gie
638 2989 949 3045 perspecta,
1006 2977 1409 3029 tnonachorum
1463 2975 1775 3030 institutum
1830 2979 2088 3049 amplecti

515 3066 668 3130 velit,
698 3066 763 3118 ad
793 3067 910 3135 ejus
943 3066 1378 3135 experimentum
1415 3082 1478 3120 ac
1523 3068 1899 3136 probationem
1956 3071 2087 3126 satis

516 3158 737 3227 longum
796 3174 892 3213 sex
948 3161 1222 3213 mensium
1278 3161 1625 3214 intervallum
1683 3163 1925 3231 synodus
1966 3179 2089 3219 esse

516 3249 842 3304 declaravit.
872 3252 979 3305 Sed
1030 3268 1179 3307 nunc
1225 3252 1442 3321 quidem
1493 3252 1873 3322 prmfectorum
1919 3255 2087 3324 aliqui

519 3344 859 3397 voluntatum
917 3358 1140 3398 suarum
1191 3341 1372 3399 studia
1429 3346 1748 3400 auctoritati
1812 3362 2083 3403 canonum

515 3440 894 3501 anteponunt;
933 3448 998 3487 ac
1047 3435 1189 3488 alios
1245 3435 1463 3503 quidem
1525 3437 1672 3491 illico
1713 3438 2084 3501 advenientes.

515 3518 655 3573 alios
690 3521 877 3588 paucis
908 3520 1215 3590 interjectis
1244 3523 1461 3588 diebus,
1512 3531 1568 3577 et
1601 3537 1734 3578 vero
1766 3525 1937 3580 totius
1971 3540 2087 3579 mo-

515 3612 737 3666 nasticze
775 3611 1134 3682 professionis
1180 3615 1403 3685 ignaros
1437 3614 1785 3669 detondent:
1843 3631 1941 3670 nec
1989 3633 2085 3673 eos

513 3706 705 3758 saltem
757 3720 930 3774 poenae
988 3721 1018 3759 a
1053 3722 1265 3761 canone
1298 3706 1515 3761 inﬂicta:
1550 3713 1728 3763 metus
1761 3707 1830 3763 ab
1868 3709 2080 3777 impetu

520 3797 814 3850 temerario
849 3797 1118 3861 deterret;
1149 3814 1269 3867 qua:
1299 3798 1518 3866 quidem
1551 3811 1638 3855 est
1680 3802 1815 3867 hazc,
1876 3811 1934 3855 ut
1975 3800 2263 3871 praefectus
2321 3797 2646 3868 praefectura
2695 3798 2907 3854 excidat
2934 3838 2949 3863 ,

2194 2980 2320 3039 τοὺς
2345 2976 2399 3028 δὲ
2423 2975 2561 3043 μετά
2585 2973 2844 3045 βραχείας
2869 2973 3103 3042 ἡμέρας,
3132 2975 3224 3028 καὶ
3246 2973 3417 3027 ταῦτα
3449 2974 3774 3045 ἀνθρώπους

2195 3066 2306 3121 οὐδ’
2332 3068 2359 3119 ὃ
2388 3084 2440 3119 τι
2461 3066 2580 3119 ἐστὶ
2609 3066 2669 3118 τὸ
2700 3065 2995 3135 μοναχικὸν
3023 3067 3231 3126 εἰδότας
3279 3066 3605 3136 ἐπάγγελμα
3626 3082 3640 3097 ο
3680 3071 3777 3121 καὶ

2195 3157 2317 3210 οὐδὲ
2345 3158 2406 3209 τὸ
2438 3156 2708 3226 ἐπιτίμιον
2736 3156 2829 3209 τοῦ
2859 3155 3082 3219 κανόνος
3116 3157 3430 3211 ἀναστέλλει
3454 3159 3654 3221 αὐτοὺς
3676 3160 3779 3227 τῆς

2194 3249 2388 3317 ἀλόγου
2412 3249 2592 3319 ὁρμῆς
2616 3247 2816 3311 αὐτῶν,
2846 3248 2985 3317 ὅπερ
3018 3249 3135 3301 ἐστὶ
3173 3249 3267 3319 τῆς
3289 3249 3656 3320 ἡγουμενείας
3687 3250 3780 3303 ἐκ·

2197 3359 2423 3404 πτωσις,
2453 3340 2545 3393 καὶ
2577 3342 2656 3403 είς
2682 3340 2962 3411 ὑποταγὴν
2987 3336 3143 3403 αὖθις
3172 3342 3486 3412 ἀναστροφὴ
3526 3342 3615 3394 διὰ.
3645 3359 3782 3396 παι-

2193 3435 2342 3487 δείαν
2373 3435 2471 3507 τῆς
2499 3432 2743 3496 ἀταξίας.
2789 3431 2892 3485 Τὸν
2926 3432 2979 3485 δὲ
3022 3432 3263 3503 ἀκρίτως
3310 3433 3621 3503 μονάσαντα
3684 3434 3784 3488 καὶ

2194 3525 2344 3596 παρά
2375 3525 2466 3577 τὸν
2493 3525 2824 3593 τεταγμένον
2852 3524 3045 3596 καιρὸν
3066 3528 3093 3578 6
3121 3525 3301 3577 κανὼν
3343 3524 3426 3587 εἰς
3457 3524 3659 3594 ἑτέραν
3687 3535 3785 3579 κε-

2190 3616 2336 3669 λεύει
2362 3615 2531 3687 μονὴν
2556 3616 2946 3687 παραδίδοσθαι
2980 3618 3281 3687 μοναχικὴν
3312 3613 3587 3686 τηροῦσαν
3614 3617 3784 3687 ἀκρί-

2190 3708 2360 3762 ϐειαν.
2982 3724 2983 3727 “

3039 3812 3345 3869 rursusque
3429 3797 3498 3851 ad
3584 3799 3770 3855 casti-

516 3891 748 3957 gandam
805 3890 1163 3959 petulantiam
1232 3890 1554 3946 obcdieutiae
1639 3895 1947 3951 addicatur.
2008 3895 2110 3960 Qui
2187 3908 2318 3948 vero
2358 3893 2752 3947 monachorum
2804 3891 3003 3952 ordini,
3063 3892 3213 3946 nullo
3261 3891 3476 3947 delectu
3536 3891 3761 3960 habito,

516 3994 619 4035 nec
663 3986 983 4047 exspectato
1039 3988 1343 4049 temporqu
1383 3981 1694 4050 intervallo,
1754 3986 2068 4055 adscriptus
2107 3993 2211 4051 est,
2255 3986 2309 4039 in
2343 3983 2492 4039 aliud
2527 3985 2945 4052 monasterium,
3018 3989 3075 4040 in
3118 4000 3229 4054 quo
3291 3982 3601 4054 disciplina:
3663 3987 3725 4040 di

517 4070 693 4141 ligens
742 4072 1056 4126 observatio
1102 4072 1303 4142 vigeat,
1360 4090 1539 4130 canon
1591 4080 2077 4136 transmittendum
2119 4096 2240 4137 esse
2268 4080 2538 4135 decernit.

514 4161 743 4218 AltlST.
777 4181 796 4214 ι
829 4162 998 4217 Nemo
1025 4164 1337 4220 monastico
1361 4165 1549 4221 habitu
1574 4168 1773 4240 dignus
1797 4169 2085 4238 habeatur,

568 4274 606 4309 ἰ
647 4257 753 4311 nisi
785 4258 877 4327 qui
920 4258 1163 4312 triennio
1195 4259 1481 4328 probatus,
1533 4261 1735 4333 dignus
1786 4275 2079 4334 appareat;

587 4367 605 4400 ι
646 4349 753 4402 nisi
798 4350 983 4418 gravis
1017 4348 1250 4404 forsitan
1286 4351 1517 4407 morbus
1547 4361 1761 4423 tempus
1795 4364 2082 4411 contraxe—
2117 4382 2160 4437 ι)

586 4455 606 4490 ι
646 4439 761 4493 rit:
797 4440 865 4492 ad
893 4440 1175 4495 hominem
1207 4458 1337 4497 vero
1386 4442 1563 4513 pium,
1593 4455 1648 4499 et
1686 4448 2079 4501 monachorum

586 4545 606 4580 ι
647 4543 799 4583 more
824 4543 883 4582 se
913 4539 1217 4598 gerentem,
1254 4544 1527 4589 semestre
1556 4535 1794 4603 spatium
1826 4536 2079 4592 sulliciet.

591 4636 611 4670 ι
653 4619 712 4673 Si
770 4620 899 4688 quid
969 4630 1151 4676 autem
1217 4633 1414 4692 prmter
1474 4626 1588 4681 haec
1640 4627 1843 4682 factum
1893 4629 2080 4694 fuerit,

585 4730 604 4760 ι
651 4711 947 4781 praefectus
978 4715 1197 4783 quidem
1236 4716 1566 4787 praefectura
1623 4721 1862 4786 excidet,
1922 4729 1975 4776 et
2020 4721 2074 4775 in

584 4822 604 4857 ι
643 4803 1038 4873 subjectionem
1070 4807 1429 4878 detrudetur;
1470 4813 1772 4869 monachus
1798 4825 1979 4869 autent
2019 4815 2075 4870 in

581 4914 602 4949 ι
639 4906 957 4951 accuratum
991 4902 1386 4957 monasterium
1417 4906 1840 4961 transmittetur.
1875 4925 1895 4958 ι

1107 4990 1339 5048 CANON
1379 4990 1467 5047 Vl.

512 5094 536 5131 ι
573 5076 823 5137 Monacht
879 5084 1016 5139 nihil
1063 5085 1264 5141 debent
1316 5084 1519 5139 habere
1575 5086 1857 5156 proprium
1907 5103 1923 5140 :
1979 5088 2076 5143 sed

585 5186 606 5221 ι
650 5173 833 5228 omnia
867 5190 1059 5232 eorum
1092 5174 1432 5231 monasterio
1472 5176 1888 5234 adscribuntur.
1936 5176 2079 5234 Dicit

2189 4171 2415 4247 APIST.
2449 4190 2468 4223 ι
2500 4170 2707 4240 Μηδεὶς
2754 4170 3023 4236 ἀξιούσθω
3068 4168 3163 4224 τοῦ
3216 4171 3505 4241 μοναχινοῠ
3544 4175 3787 4246 σχήμα-

2271 4280 2289 4314 ι
2330 4280 2439 4327 τος,
2462 4262 2509 4315 εί
2541 4263 2640 4335 μὴ,
2668 4262 2759 4317 ἐπὶ
2789 4263 3028 4333 τριετίαν
3057 4262 3431 4333 δοκιμασθεὶς,
3455 4263 3614 4329 ἄξιος
3643 4268 3790 4320 ἀνα-

2266 4372 2285 4405 ι
2326 4354 2522 4425 φανείη
2568 4370 2585 4386 ·
2649 4353 2790 4424 πλὴν
2819 4355 2867 4406 εί
2898 4353 2975 4424 μὴ
3005 4352 3198 4424 βαρεῖα
3237 4354 3390 4420 νόσος
3425 4356 3518 4408 τὸν
3574 4360 3790 4428 χρόνον

2267 4463 2285 4497 ι
2327 4446 2626 4499 συστείλειε
2665 4460 2681 4478 ·
2708 4445 2803 4499 καὶ
2850 4446 2929 4508 είς
2963 4445 3131 4517 ἄνδρα
3160 4444 3216 4498 δὲ
3246 4445 3472 4517 εὐλαϐῆ,
3501 4451 3603 4502 καὶ
3634 4453 3793 4505 κατὰ

2263 4557 2281 4589 ι
2326 4539 2595 4609 μοναχοὺς
2618 4537 2820 4603 ζῶντα,
2849 4538 3076 4608 ἀρκέσει
3101 4538 3130 4591 6
3157 4538 3517 4610 έξαμηνιαῖος
3541 4544 3792 4615 χρόνος.

2265 4648 2284 4681 ι
2330 4631 2390 4682 Et
2413 4630 2470 4683 δὲ
2500 4631 2651 4701 παρά
2672 4630 2829 4684 τοῦτο
2858 4631 3104 4700 γένηται,
3144 4632 3462 4687 ἐκπεσεῖται
3521 4635 3640 4704 μὲν
3684 4638 3797 4708 τῆς

2265 4739 2284 4774 ι
2324 4720 2687 4791 ἡγουμενείας
2738 4723 2766 4774 6
2821 4720 3149 4794 ἡγούμενος,
3193 4723 3290 4793 καὶ
3345 4726 3425 4788 είς
3481 4726 3799 4800 ὑποταγὴν

2259 4830 2278 4863 ι
2318 4812 2508 4865 ἔσται’
2542 4811 2650 4864 ὀδὲ
2680 4812 2923 4882 μονάσας
2970 4815 3052 4876 είς
3094 4815 3324 4887 ἀκριϐὲς
3389 4822 3796 4892 μοναστήριον

2257 4921 2278 4956 ι
2318 4903 2773 4975 ἀπενεχθήσεται.
2814 4922 2833 4956 ι

2777 4998 3019 5051 ΚΑΝΩΝ
3057 5000 3148 5067 ς’.

2188 5108 2206 5142 ι
2246 5088 2310 5141 0i
2340 5088 2563 5159 μονοιχο)⁸
2596 5088 2749 5142 οὐδὲν
2780 5090 2909 5143 ίδιον
2936 5090 3051 5162 (51)
3089 5092 3400 5160 ὀφείλουσιν
3433 5093 3611 5165 ἔχειν’
3645 5098 3793 5153 πᾶν.

2255 5198 2273 5232 ι
2319 5196 2389 5234 τα
2419 5180 2476 5233 δὲ
2504 5181 2572 5234 τά
2604 5180 2785 5235 αὐτῶν
2805 5183 3250 5255 προσκληροῦται
3276 5186 3353 5257 τῷ
3384 5189 3781 5262 μοναστηρίῳ.

1751 5340 1934 5404 Guill.
1966 5342 2287 5424 Beveregu
2330 5353 2519 5408 notae.

585 5498 697 5570 (5|)
748 5504 812 5556 Οί
856 5505 1111 5579 μοναχοὶ
1144 5506 1347 5579 κούδὲν
1391 5507 1595 5579 ῐὸιον,
1630 5506 2074 5579 llarmenopuhts

510 5566 952 5647 hunc—canonem
978 5566 1347 5647 Ait't'epitomen
1392 5579 1474 5631 sic
1508 5578 1737 5645 redegit,
1767 5578 1795 5630 6
1825 5566 2062 5647 μονάσιι

509 5638 827 5728 ἓρυλόμεγος
867 5645 1000 5728 περὶ
1032 5638 1139 5728 τῶν
1166 5646 1361 5726 ἑαυτοῦ
1388 5638 1668 5728 πρότερον
1706 5638 2057 5728 διατίθέσθω.

505 5708 658 5763 Μετά
692 5712 799 5777 γὰρ
834 5713 892 5763 τὸ
925 5708 1175 5779 μονάσαι,
1204 5715 1312 5767 τῶν
1344 5708 1508 5769 αὑτοῦ
1532 5708 1751 5772 πᾶντων
1780 5718 2064 5791 κυριεύσει

2184 5510 2244 5591 τδ
2276 5511 2660 5590 μοναστήριον.
2707 5513 2949 5591 ΕἰδέΠτις
2980 5517 3217 5591 μοναχδς
3241 5519 3523 5591 φωραθείη
3560 5523 3637 5574 ὲκ
3666 5523 3795 5579 τῶν

2183 5579 2352 5661 αὑτοῦ
2384 5579 2998 5661 τιλπαρυποκρατῄ-σας,
3033 5579 3208 5661 αὐτὸς
3228 5579 3342 5658 μὲν
3364 5579 3799 5661 προσηκόντως

2175 5650 2561 5733 έπιτιμάσθωδ
2611 5650 2789 5733 ἐκεῖνο
2829 5650 2888 5707 δὲ
2920 5657 3073 5726 παρὰ
3104 5657 3203 5733 τού
3226 5650 3577 5733 προεστῶτός
3602 5664 3643 5733 ἢ
3684 5650 3803 5723 τοῧ

2177 5720 2482 5775 ἐπισκόπου
2507 5724 2960 5793 πιπρασκόμενοι]
2994 5720 3232 5792 πτωγοῖς
3267 5720 3362 5781 καὶ
3393 5720 3643 5793 ἀπόσόιξ
3664 5720 3808 5790 8m;
