4074 6214
345 293 478 360 1637

1551 303 1632 365 ΙΝ
1656 304 1828 364 "CAN.
1859 305 1938 368 VI
1978 305 2188 368 CONC.
2229 310 2338 372 ΟΡ.

3413 323 3550 387 1θ38

339 411 566 478 κειμένη
583 411 638 462 ἐν
653 409 727 474 τῷ
737 412 876 465 τέλει
890 412 982 466 τοῦ
1004 419 1052 481 γ’
1066 414 1245 468 τίτλου
1265 415 1358 469 τοῦ
1375 413 1456 485 με’
1470 416 1674 486 βιϐλίου
1692 418 1878 487 πρῶτοι

2005 421 2195 472 statuit
2254 422 2452 478 liberos
2517 425 2748 492 primum
2807 431 3118 484 incessat-io
3167 432 3331 488 sciibi
3362 437 3560 495 debere

343 503 472 562 τοὺς
505 502 700 565 παῖδας
731 503 1021 571 διορίζεται
1038 507 1346 576 γράφεσθαι
1390 510 1447 574 ἐξ
1481 509 1722 577 ἀνάγκης
1769 507 1899 576 κλη-

283 597 286 600 ’
346 593 612 662 ρονόμους
652 609 668 624 ο
731 595 938 649 παίδων
981 597 1038 650 δὲ
1107 600 1182 670 μὴ
1240 601 1510 665 ὑπόντων,
1544 605 1664 674 τοὺς
1697 604 1893 669 γονεῖς.

343 685 567 754 Ἕτερον
598 686 654 740 δὲ
685 687 876 741 οὐδένα
911 691 1334 762 ἀναγκαζόμεθα
1366 695 1460 746 καὶ
1492 696 1718 756 ἄκοντες
1753 695 1890 763 γρά-

340 793 462 843 φειν
507 777 865 848 κληρονόμον.
905 782 965 834 Εἰ
1001 782 1059 835 δὲ
1098 785 1375 847 ἀδιάθετος
1423 785 1734 855 τελευτήσει
1793 803 1896 848 τις,

338 869 474 936 ἔχων
501 873 676 937 γονεῖς
711 872 801 925 καὶ
828 874 1109 941 ἀδελφοὺς,
1134 876 1327 945 ἐπίσης
1348 877 1500 945 παρὰ
1531 877 1734 930 τούτων
1766 878 1899 948 κλη-

338 960 787 1037 ρονομηθίψεται.
817 966 922 1017 Καὶ
943 965 1251 1034 ἀνάγνωσον
1277 969 1375 1038 τὴν
1393 968 1645 1038 ῥηθεῦσαν
1674 971 1893 1038 νεαρὰν,

334 1053 638 1119 ἀναγκαὲαν
663 1051 847 1109 οὖσαν.
870 1060 979 1111 Καὶ
1017 1058 1190 1113 ταῦτα
1216 1061 1311 1129 μὲν
1335 1061 1624 1130 γενήσεται
1669 1064 1760 1115 ἐπὶ
1781 1066 1895 1126 τοῖς

333 1146 439 1214 πρὸ
469 1147 566 1214 τῆς
590 1148 944 1219 ἀποκάρσεως
991 1153 1252 1220 προσοῦσι
1283 1154 1362 1223 τῷ
1391 1153 1638 1223 μέλλοντι
1664 1155 1894 1224 μονάσαι

333 1241 651 1309 πράγμασιν
679 1259 693 1274 ·
726 1246 806 1307 εἰς
838 1245 894 1298 δὲ
925 1250 992 1314 τὰ
1026 1251 1161 1316 μετὰ
1182 1250 1281 1320 τὴν
1311 1251 1622 1316 ἁπόκαρσιν
1677 1251 1897 1320 περιελο

334 1330 492 1382 θόντα
513 1334 589 1394 εἰς
615 1335 776 1388 αὑτὸν
808 1337 915 1390 ἀπὸ
943 1338 1206 1410 διαθήκης
1241 1342 1273 1405 ἦ
1308 1340 1366 1408 ἐξ
1398 1342 1677 1394 ἀδιαθέτου
1705 1343 1893 1394 τελευ-

331 1419 948 1497 τησάντωνπροσγενῶν
979 1432 1167 1496 αὐτοῦ,
1210 1434 1240 1502 ἢ
1280 1434 1546 1503 ἑτέρωθεν
1611 1436 1798 1498 ποθεν,
1841 1437 1894 1488 τί

328 1521 660 1586 γενήσεταις
706 1522 922 1586 Λύσις.
991 1525 1288 1594 Ἀνάγνωθι
1335 1527 1435 1596 τὴν
1474 1516 1524 1580 ἐ’
1570 1531 1769 1597 νεαρὰν
1800 1530 1890 1582 τοῦ

330 1609 574 1678 ἀοιδίμου
611 1610 869 1680 βασιλέως
913 1617 1082 1688 κυροῦ
1124 1619 1351 1682 Λέοντος
1384 1620 1479 1673 τοῦ
1529 1621 1724 1690 Σοφοῦ,
1779 1621 1893 1672 δια-

328 1702 706 1770 λαμϐάνουσαν
729 1706 786 1756 ὲν
841 1708 1083 1780 ὲπιτόμῳ
1108 1712 1202 1764 καὶ
1246 1713 1316 1763 τὰ
1347 1713 1580 1782 ρηθέντα
1615 1714 1714 1783 μὲν
1748 1713 1883 1766 ἄνω·

328 1792 442 1855 θεν,
468 1796 525 1847 ἐν
548 1794 625 1864 τῷ
653 1795 796 1847 τέλει
826 1797 883 1850 δὲ
919 1800 1014 1852 καὶ
1045 1803 1292 1870 περὶτοῦ
1323 1805 1400 1874 μὴ
1429 1804 1659 1857 καθόλου
1691 1805 1888 1874 ἀπείρ-

327 1889 517 1954 γεσθαι
541 1893 664 1954 τοὺς
694 1895 960 1964 μεναχοὺς
987 1896 1050 1947 ὲκ
1082 1894 1178 1946 τοῦ
1208 1894 1421 1948 δικαίου
1456 1896 1552 1964 τῆς
1601 1896 1888 1966 διαθήκης,

327 1981 734 2051 εὐπορήσαντας
769 1986 898 2047 ἴσως
941 1987 1080 2053 μετὰ
1115 1986 1177 2038 τὸ
1233 1989 1464 2054 μονάσαι
1521 1989 1887 2058 πραγμάτων.

341 2072 479 2124 Ἀλλ’
514 2078 561 2128 εἰ
590 2079 684 2146 μὲν
707 2077 968 2148 ὤφθησάν
1008 2097 1058 2132 τι
1100 2079 1610 2150 προκαταόαλὰντες
1653 2082 1729 2151 τῷ
1794 2100 1892 2150 μο-

326 2171 624 2238 ναστηρίῳ,
658 2171 799 2224 κατὰ
831 2175 923 2224 τὸν
954 2173 1144 2241 καιρὸν
1176 2175 1266 2226 ὅτε
1294 2174 1471 2245 τούτῳ
1493 2179 1887 2245 προσήρχοντο,

327 2253 468 2311 εἶναι
501 2262 698 2324 αὐτοὺς
737 2266 863 2333 περὶ
895 2264 1003 2316 τῶν
1037 2265 1262 2336 ὕστερον
1311 2268 1717 2337 ἑπιιιτηθὲντων
1793 2288 1890 2322 κυ-

331 2353 504 2422 ρίους,
529 2352 669 2406 ὥστε
709 2355 934 2406 διοικεῖν
972 2356 1112 2408 αὐτὰ
1139 2356 1320 2420 καθὼς
1362 2358 1647 2428 αἱροῦνται
1670 2380 1683 2391 ·
1738 2365 1786 2414 εξ
1845 2361 1892 2415 δ’

282 2479 286 2486 ι
327 2445 480 2498 οὐδὲν
513 2447 980 2514 προκατεϐάλοντο
1008 2449 1141 2518 πρὸς
1165 2449 1264 2518 τὴν
1298 2450 1484 2520 μονὴν,
1526 2452 1722 2514 αὐτοὺς
1791 2455 1889 2523 μὲν

327 2537 454 2606 περὶ
488 2537 582 2590 τοῦ
609 2537 857 2608 διμοίρου
890 2540 1033 2608 ἔχειν
1063 2540 1252 2594 ἄδειαν
1281 2541 1484 2612 ὁρίζειν
1531 2543 1627 2595 καὶ
1660 2543 1891 2598 διατίθε-

329 2628 455 2680 σθαι
477 2627 622 2680 κατὰ
646 2628 842 2697 νόμους
868 2645 881 2657 ·
914 2629 975 2680 τὸ
1011 2630 1375 2700 μοναστήριον
1421 2630 1477 2683 δὲ
1513 2631 1574 2684 τὸ
1622 2633 1751 2686 ἄλλο
1795 2637 1888 2703 μὲ-

329 2734 421 2786 ρος
463 2719 581 2789 ἦτοι
624 2718 685 2771 τὸ
751 2719 932 2789 τρίτον
983 2719 1480 2789 ἀναλαμϐάνεσθαι.
1507 2719 1570 2774 Τί
1605 2723 1683 2788 δὲ,
1718 2726 1764 2776 si
1812 2727 1886 2794 μὴ

323 2809 541 2880 θελήσει
583 2814 611 2863 ὁ
659 2812 894 2881 μοναχδς
940 2812 1070 2882 περὶ
1121 2812 1232 2864 τῶν
1285 2813 1690 2884 ἐπικτηθὲντων
1735 2821 1886 2885 1μετὰ

321 2901 419 2972 τὴν
471 2903 778 2974 ἁπόκαρσιν
823 2904 1002 2974 ὁρίσαι
1062 2921 1137 2967 τι,
1180 2903 1464 2969 ἀνθέξεται
1517 2909 1735 2960 πάντων
1777 2911 1884 2960 τῶν

321 2997 662 3065 πραγμάτων
714 2996 747 3065 ἡ
813 2995 1041 3068 μονὴ,ῆ
1092 2996 1292 3066 μᾶλλον
1355 2999 1404 3051 οἱ
1466 2999 1788 3069 καλούμενοι
1824 3003 1881 3067 ἐξ

2004 508 2296 566 Inui-edes:
2350 515 2393 568 si
2455 528 2630 569 autem
2694 535 2800 572 non
2857 531 2988 575 sunt
3046 522 3223 587 liberi,
3281 537 3558 596 parentes.

2001 599 2228 656 Nullum
2259 619 2438 659 autem
2469 607 2632 660 alium
2660 609 2821 681 353
2850 614 3114 666 ha-redem
3139 618 3558 674 scribere-etiam

2002 694 2156 746 inviti
2186 698 2454 765 cogimur.
2485 698 2542 752 Si
2573 704 2700 769 quis
2740 712 2918 757 autem
2963 707 3253 762 intestatus
3295 710 3561 765 moriatur

2001 784 2209 841 habens
2241 800 2501 857 parenle
2537 803 2591 844 et
2637 793 2858 859 fratres,
2904 797 2940 850 ii
2991 799 3230 854 hair-edes
3273 818 3338 855 ex
3388 804 3560 873 sequis

1998 879 2248 946 partibus
2280 893 2460 935 erunt.
2519 884 2586 938 Et
2626 886 2741 956 lege
2793 888 2930 942 hanc
2981 891 3271 956 novellam,
3324 911 3444 964 qua:
3475 906 3562 952 est

1998 972 2333 1027 necessaria.
2367 972 2437 1027 Et
2469 975 2584 1028 haec
2641 979 2862 1046 quidem
2919 983 3048 1035 lient
3085 982 3142 1038 in
3179 985 3364 1049 rebus,
3422 1001 3560 1056 quas

1996 1061 2046 1116 is
2081 1062 2248 1117 habet
2281 1073 2410 1118 ante
2435 1074 2716 1120 tonsuram
2749 1071 2841 1137 qui
2870 1069 3097 1128 luiturus
3123 1085 3207 1131 est
3235 1081 3557 1136 monachus.

1999 1153 2074 1208 De
2123 1155 2190 1211 iis
2249 1165 2451 1222 autem,
2488 1173 2607 1226 qua:
2656 1167 2780 1229 post
2824 1171 3130 1229 tonsuram,
3171 1167 3250 1221 vel
3281 1183 3350 1223 ex
3397 1180 3560 1227 testa-

1997 1261 2181 1303 mento
2220 1252 2304 1304 vel
2364 1253 2433 1306 ab
2480 1253 2762 1319 intestato,
2829 1258 3064 1314 mortuis
3114 1260 3233 1325 ejus
3290 1267 3558 1331 Cognatis,

1995 1342 2077 1394 vel
2115 1344 2302 1412 aliqua
2343 1345 2448 1398 alia
2482 1346 2714 1409 ratione,
2754 1350 2818 1402 ad
2857 1364 2986 1403 eum
3024 1356 3393 1420 pervenerim,
3423 1357 3556 1426 quid

1996 1429 2120 1481 lict?
2151 1429 2382 1487 Salutio.
2432 1433 2572 1505 Lege
2618 1439 2864 1505 quintam
2903 1442 3169 1496 novellam
3214 1447 3556 1503 celeberrimi

1997 1520 2348 1588 imperatoris
2390 1526 2599 1581 domini
2647 1528 2850 1584 Leonis
2893 1533 3200 1603 Sapientis,
3241 1552 3368 1606 quin
3415 1555 3561 1594 com.

1997 1615 2197 1680 pendio
2231 1625 2436 1672 tractat
2477 1636 2540 1674 ea
2575 1637 2697 1692 quae
2718 1627 2981 1694 superius
3013 1628 3158 1683 dicta
3197 1641 3346 1696 sunt,
3395 1645 3450 1689 et
3503 1638 3559 1689 in

1997 1709 2099 1760 line
2129 1721 2307 1775 cavet,
2345 1727 2410 1764 ne
2444 1728 2472 1764 a
2504 1717 2630 1777 jure
2663 1719 2972 1772 testamenti
3005 1722 3232 1776 omnino
3267 1738 3560 1782 arceant-ur

1997 1799 2291 1864 monachi;
2327 1802 2418 1868 qui
2451 1801 2612 1867 forte,
2645 1815 2934 1873 postquam
2967 1811 3219 1864 monachi
3255 1812 3380 1866 facti
3403 1828 3553 1879 sunt,

1995 1889 2191 1944 divites
2221 1903 2539 1946 evaserunt.
2572 1896 2674 1948 Sed
2704 1896 2748 1950 si
2782 1897 2988 1966 aliquid
3033 1902 3252 1969 quidem
3284 1915 3561 1960 monaste-

1997 1984 2078 2034 rio
2123 1981 2274 2051 prius
2316 1982 2534 2039 dedisse
2585 1987 2685 2040 visi
2747 1998 2896 2051 sunt,
2934 2006 2998 2044 eo
3029 2003 3290 2062 tempore,
3338 2013 3448 2066 quo
3488 2002 3556 2054 ad

1995 2077 2170 2144 ipsum
2204 2089 2602 2143 accesserunt,
2645 2096 2765 2134 esse
2795 2097 2892 2136 eos
2941 2100 3151 2149 cornuti,
3201 2104 3319 2157 qua:
3367 2101 3554 2159 postea

1995 2169 2262 2234 acquisita
2301 2168 2528 2233 fuerint,
2565 2172 2844 2237 dominos,
2879 2188 2935 2229 ut
2973 2191 3033 2230 ea
3067 2179 3452 2237 administrent
3492 2193 3555 2238 ut

1994 2262 2204 2316 volunt.
2263 2262 2360 2317 Sin
2425 2276 2606 2319 autem
2662 2257 3196 2328 inonasterio'nihil
3244 2273 3551 2340 dederunt,

1995 2353 2144 2423 ipsos
2175 2355 2395 2422 quidem
2429 2359 2495 2410 de
2530 2357 2744 2411 duabus
2777 2374 2940 2427 posse
2984 2363 3232 2430 partibus
3259 2364 3555 2437 disponere

1991 2447 2045 2491 ct
2097 2441 2289 2493 testari
2345 2441 2642 2494 Secundum
2685 2443 2874 2512 leges:
2931 2449 3324 2503 monasterium
3372 2464 3553 2510 autem

1991 2532 2153 2584 aliam
2209 2542 2439 2598 partem,
2497 2535 2712 2590 scilicet
2773 2538 3031 2607 tertiam,
3097 2543 3359 2616 recipere.
3411 2546 3553 2613 Quid

1991 2633 2209 2687 autem,
2273 2626 2317 2679 si
2374 2627 2612 2681 noluerit
2663 2636 2963 2686 monachus
3011 2633 3076 2688 de
3130 2635 3218 2699 iis,
3267 2653 3385 2706 qua:
3431 2653 3555 2709 post

1991 2724 2272 2769 tonsuram
2321 2718 2591 2786 acquisiu
2638 2729 2765 2773 sunt
2807 2723 3123 2791 diSponere,
3182 2727 3553 2788 viudicabitne

1988 2817 2041 2862 et
2074 2810 2449 2878 apprehendet
2478 2812 2662 2865 omnia
2697 2818 3116 2882 monasterium,
3149 2834 3221 2874 an
3257 2821 3292 2880 ii
3345 2822 3553 2892 potius,

1987 2901 2078 2968 qui
2109 2902 2178 2953 ab
2221 2902 2480 2955 intestato
2539 2915 2839 2966 vorantur,
2893 2921 2976 2960 res
3033 2923 3124 2962 eas
3181 2912 3460 2980 recipient,
3501 2927 3556 2969 et

1989 2991 2228 3043 maxime
2289 2991 2332 3042 si
2395 2991 2690 3046 defunctus
2751 2993 2960 3063 aliquid
3020 2997 3084 3050 ad
3163 3005 3552 3058 monasterium

320 3087 598 3140 ἁδιαθὲτου
633 3087 699 3141 τὰ
735 3088 959 3142 τοιαῦτα
982 3090 1286 3159 πράγματα
1318 3091 1721 3156 ἀναλάϐωνται,
1779 3098 1872 3145 καὶ

1985 3081 2203 3134 attulit?
2249 3081 2474 3136 Salutio.
2508 3081 2823 3152 Philosophi
2876 3087 3100 3155 quidem
3157 3093 3366 3146 novella
3415 3094 3552 3149 nihil

324 3178 525 3248 μᾶλλον
557 3178 714 3250 εἴπερ
743 3183 770 3232 ό
805 3180 1142 3250 τελευτήσας
1177 3181 1522 3250 προσήνεγκε
1559 3200 1609 3234 τι
1659 3182 1735 3250 τῷ
1780 3201 1878 3250 μο-

317 3271 623 3341 ναστηρῐῳς
656 3273 868 3338 Λύσις.
913 3271 979 3325 Ἦ
1019 3276 1119 3341 μὲν
1162 3275 1329 3342 νεαρὰ
1349 3273 1440 3325 τοῦ
1468 3275 1759 3343 Φιλοσόφου
1788 3277 1879 3328 οὺ-

314 3362 404 3414 δὲν
434 3380 484 3413 τι
520 3364 646 3434 περὶ
705 3364 892 3417 τούτου
936 3364 1222 3417 ἐθέσπισεν
1254 3380 1268 3394 ⁶
1313 3365 1436 3434 ἐμοὶ
1485 3366 1543 3417 δὲ
1595 3367 1744 3420 δοκεῖ
1805 3368 1878 3431 ὡς

317 3457 500 3506 ἐκεῖνα
549 3455 844 3525 τηνικαῦτα
887 3457 1198 3524 γενήσεται,
1241 3456 1340 3507 ὅσα
1381 3460 1411 3524 ἠ
1453 3456 1657 3510 ἄνωθεν
1714 3474 1878 3511 κατα-

318 3548 617 3618 στρωθείσα
644 3550 810 3619 νεαρᾶ
841 3548 1136 3618 διορίζεται
1169 3549 1422 3617 γενέσθαι
1453 3554 1533 3613 εἰς
1557 3551 1625 3602 τὰ
1656 3555 1760 3620 πρὸ
1783 3553 1878 3619 τῆς

317 3642 672 3707 ἀποκάρσεως
708 3640 979 3710 προσόντα
1020 3640 1320 3709 πράγματα
1352 3640 1429 3710 τῷ
1471 3641 1709 3710 μοναχῷ,
1772 3642 1876 3692 ὁπ-

313 3733 476 3801 ηνίκα
502 3727 657 3795 οὗτος
697 3731 1004 3800 τελευτήσει
1036 3731 1336 3793 ἀδιάθετος.
1380 3731 1549 3798 Λόγος
1587 3733 1642 3784 δὲ
1682 3733 1872 3799 γέγονέ

313 3843 444 3879 ποτε
470 3828 549 3887 εἲς
578 3825 637 3877 τὸ
659 3825 1006 3894 δικαστήριον
1037 3826 1159 3891 περὶ
1183 3822 1294 3875 τῶν
1323 3825 1629 3890 ἀσωμάτων
1649 3824 1873 3877 δικαίων

312 3916 405 3969 τοῦ
430 3916 685 3986 μοναχοῦ,
712 3915 818 3967 τῶν
869 3915 944 3986 μὴ
991 3915 1310 3983 φθασάντων
1367 3915 1472 3984 προ
1499 3915 1596 3984 τῆς
1631 3916 1874 3986 ἀποκαρ-

313 4026 449 4072 σεως
473 4007 889 4077 οἱκονομηθῆναι
920 4007 1068 4077 παρὰ
1086 4005 1296 4060 τούτου.
1329 4005 1572 4075 Μοναχοῦ
1591 4007 1698 4077 γάρ
1728 4025 1872 4070 τινος

309 4103 636 4163 ὲλκύσαντος
674 4101 750 4162 εἰς
778 4100 1125 4169 δικαστήριον
1189 4104 1315 4168 περὶ
1355 4099 1544 4160 δάνους
1585 4100 1730 4164 τινὰ,
1753 4117 1873 4152 συν-

307 4195 548 4266 εζητήθη
600 4196 647 4246 εί
717 4192 938 4245 δύναται
995 4193 1226 4262 μοναχδς
1277 4191 1510 4258 ἐνάγειν,
1538 4193 1633 4244 καὶ
1692 4193 1869 4257 ἔδοξεν

307 4284 682 4354 ἁπαράδεκτος
709 4283 788 4345 εἰς
818 4281 996 4336 τοῦτο.
1034 4283 1323 4352 Ἐλθούσης
1359 4283 1413 4334 δὲ
1453 4283 1551 4368 τῆς
1591 4285 1756 4354 μονῆς
1789 4287 1868 4348 εἰς

1985 3171 2052 3225 de
2084 3172 2149 3225 iis
2179 3174 2466 3227 constituit
2501 3193 2512 3226 :
2551 3177 2681 3228 mihi
2717 3186 2898 3231 autem
2951 3178 3186 3241 videtur,
3225 3183 3371 3250 quod
3419 3194 3553 3240 tunc

1985 3263 2075 3316 illa
2110 3266 2262 3328 ﬁent,
2282 3281 2404 3334 quae
2435 3267 2690 3334 superius
2723 3258 2828 3322 sita
2860 3271 3074 3324 novella
3105 3271 3218 3327 ﬁeri
3240 3277 3548 3342 constituit,

1987 3355 2040 3408 in
2100 3373 2142 3408 rt
2162 3355 2267 3410 bus
2323 3373 2460 3424 quas
2510 3359 2672 3412 habet
2720 3361 3021 3415 monachus
3072 3372 3202 3417 ante
3241 3375 3546 3434 tonsuram,

1980 3446 2201 3514 quando
2235 3447 2280 3500 is
2310 3448 2606 3502 intestatus
2640 3449 2962 3504 decesserit.
2994 3451 3194 3506 Exorta
3232 3466 3318 3510 est
3361 3466 3547 3514 autem

1980 3540 2285 3606 aliquando
2338 3543 2714 3594 controversia
2753 3542 2807 3595 in
2839 3542 3049 3611 judicio
3101 3547 3246 3600 circa
3295 3549 3548 3607 monachi

1975 3629 2097 3697 jura
2141 3631 2524 3700 im-orporalia,
2581 3649 2702 3702 quae
2732 3633 2802 3687 ab
2842 3650 2909 3688 eo
2954 3646 3084 3690 ante
3121 3649 3397 3694 tonsuram
3436 3658 3548 3698 non

1982 3722 2132 3775 fuere
2182 3723 2520 3792 dispensata.
2575 3726 2707 3779 Cum
2765 3727 2912 3780 enim
2963 3731 3268 3785 monachus
3323 3734 3547 3804 quidam

1979 3827 2076 3879 pro
2117 3825 2305 3868 mutuo
2338 3803 2572 3884 aliquem
2611 3818 2662 3870 in
2695 3817 2786 3886 jus
2833 3821 3112 3886 traxisset,
3147 3803 3433 3891 qua-situm
3460 3836 3546 3882 est

1977 3918 2045 3954 an
2081 3905 2248 3971 possit
2276 3908 2578 3960 monachus
2620 3909 2894 3962 actionem
2947 3909 3250 3974 intendere.
3291 3923 3343 3968 et
3390 3916 3544 3971 visus

1975 4003 2059 4046 est
2108 4009 2215 4047 non
2279 4010 2400 4049 esse
2455 3996 2522 4049 ad
2579 3998 2680 4052 hoc
2733 3999 3130 4056 admittendus.
3177 4002 3314 4056 Cum
3359 4016 3540 4060 autem

1977 4087 2378 4140 monasterium
2407 4088 2478 4141 ad
2516 4089 2784 4159 judicium
2819 4092 3082 4156 venisset,
3115 4103 3179 4147 et.
3213 4109 3545 4163 proponeret.

1967 4177 2093 4246 jura
2135 4179 2390 4232 monachi
2430 4189 2688 4248 tanquam
2723 4196 2785 4234 ex
2817 4195 3028 4235 canone
3059 4182 3126 4236 ad
3158 4197 3217 4236 se
3240 4186 3541 4253 pertinere,

1971 4270 2117 4341 quod
2151 4282 2276 4324 ante
2309 4279 2595 4326 tonsuram
2627 4273 2693 4326 de
2728 4273 2798 4328 iis
2837 4288 2949 4326 non
2978 4275 3348 4343 disposuerit;
3392 4277 3542 4335 dixe-

304 4378 366 4429 τὸ
384 4377 756 4445 δικαστήριον,
813 4376 906 4428 καὶ
949 4376 1390 4452 προϐαλλομένης
1439 4377 1508 4428 τὰ
1549 4377 1733 4430 δίκαια
1771 4379 1866 4432 τοῦ

1982 4373 2100 4416 runt
2128 4379 2343 4418 reorum
2387 4365 2727 4430 defensores,
2757 4349 2902 4435 quod
2938 4383 3114 4437 neque
3141 4374 3534 4428 monasterium

315 4468 547 4538 ζιιοναχοῦ
574 4469 648 4530 ὡς
682 4471 744 4520 ἐκ
773 4469 867 4520 τοῦ
899 4469 1118 4530 κανόνος
1153 4469 1508 4537 περιελθόντα
1563 4472 1644 4533 εἰς
1698 4471 1866 4541 αὐτὴν

308 4560 398 4610 διὰ
440 4559 493 4610 τὸ
522 4560 596 4627 μὴ
643 4557 984 4627 διοικηθῆναι
1023 4559 1128 4629 πρὸ
1167 4561 1264 4627 τῆς
1293 4562 1678 4632 ἀποκάρσεως,
1712 4558 1866 4616 εἷπον

303 4650 358 4698 οἱ
387 4648 512 4717 περὶ
546 4650 671 4708 τοὺς
725 4648 1086 4717 ἐναγομένους
1119 4649 1347 4702 ὃτιοῦτε
1397 4653 1429 4721 ὴ
1463 4654 1598 4724 μονὴ
1661 4653 1785 4707 οὔτε
1837 4657 1866 4706 ὁ

247 4755 250 4758 ·
311 4740 536 4809 μοναχὸς
563 4739 777 4805 ἐνάγειν
828 4740 1070 4794 δύναται.
1118 4741 1176 4794 '0
1207 4743 1308 4812 μὲν
1341 4744 1469 4812 γὰρ,
1517 4744 1593 4808 ὡς
1622 4745 1722 4816 ἠδη
1772 4763 1863 4798 τε·

301 4831 567 4900 -λευτήσας
595 4834 687 4884 καὶ
719 4833 1015 4901 πράγματα
1041 4831 1114 4903 μὴ
1132 4834 1293 4903 ἔχων,
1318 4835 1690 4905 ἁπαράδεκτός
1715 4839 1864 4891 ἐστιν

303 4923 382 4984 εἰς
441 4922 500 4974 τὸ
551 4922 920 4982 δικάσασθαι·
974 4925 1006 4994 ἡ
1054 4923 1133 4986 δὲ,
1185 4925 1259 4987 ὡς
1289 4925 1362 4995 μὴ
1386 4927 1766 4997 ἐκχωρηθεῖσα
1798 4931 1858 4981 τὸ

299 5011 595 5080 ἀσώματον
632 5013 840 5066 δίκαιον
883 5013 982 5082 τῆς
1022 5016 1264 5082 ἀγωγῆς,
1315 5017 1601 5087 ἁμετόχως
1655 5020 1859 5088 ἐνάγει.

312 5103 650 5172 Ἐμέμνηντο
699 5104 755 5155 δὲ
813 5103 906 5156 καὶ
967 5103 1129 5172 νόμου
1166 5093 1434 5172 λέγοντος.
1462 5096 1532 5159 To
1575 5108 1862 5178 ἀσώματον

296 5196 526 5258 δίκαιον,
559 5196 607 5245 εἰ
640 5196 714 5265 μὴ
743 5195 1058 5265 ὲκχωρηθῇ,
1086 5196 1149 5248 οὐ
1201 5197 1516 5269 μεταδαξνει
1560 5198 1696 5268 πρὸς
1743 5199 1860 5251 ἓτε-

295 5301 393 5354 ρον
415 5301 427 5314 ·
456 5286 550 5338 καὶ
573 5286 764 5354 ἤθελον
792 5287 866 5357 μὴ
897 5287 1150 5340 ἕλκεσθαι
1192 5289 1282 5340 τὸν
1313 5290 1640 5359 ἐναγόμενον
1678 5291 1769 5345 διὰ
1798 5291 1858 5344 τὸ

293 5379 723 5444 τοιουτοτρόπως
748 5367 1036 5446 σϐεσθῆναι
1079 5381 1218 5450 τάχα
1265 5380 1366 5450 τὴν
1410 5382 1656 5451 ἀγωγήν.
1716 5384 1858 5442 Ἀλλ’

293 5473 395 5524 οὐκ
424 5470 650 5541 ⁴ἤρεσαν,
689 5475 860 5523 ταῦτα
909 5471 1182 5540 λέγοντες.
1236 5471 1548 5542 Διεγνώσθη
1599 5476 1706 5546 γὰρ
1756 5476 1853 5543 ὡς,

296 5564 418 5614 ἐπεὶ
446 5562 507 5615 οὐ
544 5562 686 5615 κατὰ
719 5562 1036 5634 προαίρεσιν
1059 5563 1155 5616 τοῦ
1207 5564 1420 5632 ἔχοντος
1463 5567 1520 5616 τὸ
1564 5565 1856 5637 ἀσώματον

293 5655 497 5707 δίκαιον
532 5655 766 5725 μονα.χοῦ
797 5655 1185 5724 μεταθαίνουσι
1223 5657 1289 5709 τὰ
1322 5657 1624 5727 πράγματα.
1661 5661 1854 5713 τούτου

297 5749 373 5810 εἰς
413 5751 510 5816 τὴν
561 5749 751 5818 μονὴν,
797 5749 910 5802 ἀλλ’
962 5749 1069 5804 ἀπὸ
1091 5752 1187 5819 τῆς
1229 5749 1514 5814 αὑθεντίας
1542 5753 1634 5806 τοῦ
1668 5753 1856 5823 κώμου,

1932 4489 1935 4491 -
1974 4471 2152 4524 neque
2185 4457 2439 4511 monachi
2473 4466 2708 4527 possunt
2738 4459 3011 4513 actionem
3071 4461 3380 4519 intendere.
3424 4464 3537 4520 Mo-

1970 4549 2178 4602 nachus
2208 4549 2353 4604 enim
2384 4551 2476 4620 qui
2512 4553 2624 4620 jam
2660 4562 2716 4606 ut
2765 4562 3014 4609 mortuus
3071 4571 3139 4610 ne
3185 4572 3274 4613 res
3314 4557 3532 4629 q'uideui

1969 4641 2151 4702 habet,
2199 4641 2268 4695 ad
2327 4643 2476 4697 litem
2534 4644 2854 4697 movendam
2917 4644 3128 4700 admitti
3185 4663 3293 4703 non
3349 4650 3530 4704 debet.

1968 4733 2359 4788 Mouasterium
2394 4749 2544 4802 vero,
2574 4745 2632 4788 ut
2665 4736 2751 4790 cui
2785 4735 2878 4805 jus
2907 4738 3141 4793 actionis
3188 4741 3532 4811 incorporale

1967 4842 2292 4882 concessum
2323 4843 2432 4880 non
2462 4838 2568 4894 est,
2604 4829 2873 4883 actionem
2909 4828 3186 4896 intendit,'
3221 4833 3380 4902 cujus
3418 4850 3528 4889 non

1966 4926 2050 4972 est
2105 4920 2398 4988 particeps.
2446 4917 2811 4974 Meminerant
2859 4930 3041 4976 autem
3095 4933 3152 4977 et
3205 4925 3363 4994 legis,
3407 4941 3530 4994 quae

1966 5009 2130 5064 dicit:
2162 5009 2260 5064 Jus
2294 5010 2636 5079 incorporale
2665 5010 2711 5065 si
2742 5011 2810 5063 ab
2840 5011 2932 5065 illo
2973 5029 3082 5066 non
3132 5014 3366 5077 ceditur,
3417 5032 3528 5070 non

1965 5103 2166 5158 transit
2199 5103 2264 5156 ad
2299 5103 2532 5156 alterum
2568 5119 2582 5155 :
2620 5111 2673 5156 et
2707 5103 2963 5157 volebant
2995 5119 3146 5157 reum
3202 5104 3258 5158 in
3287 5105 3377 5174 jus
3422 5120 3528 5160 non

1963 5211 2087 5249 esse
2145 5193 2498 5259 trahendum,
2543 5196 2690 5265 quod
2743 5211 2807 5248 eo
2858 5193 3019 5247 modo
3049 5193 3229 5248 statim
3257 5195 3531 5250 exstincta

1964 5289 2035 5343 sit
2082 5289 2249 5342 artio.
2307 5287 2432 5343 llaec
2480 5298 2661 5341 tamen
2707 5288 2951 5341 dicentes
3013 5301 3130 5360 non.
3183 5288 3526 5355 placuerunt.

1967 5382 2248 5433 Stntntum
2279 5382 2423 5433 enim
2453 5389 2558 5442 est,
2593 5380 2742 5448 quod
2779 5377 3038 5447 quoniam
3079 5394 3188 5432 non
3226 5395 3288 5432 ex
3333 5395 3532 5449 propo-

1959 5474 2068 5526 sito
2096 5474 2372 5535 monachi,
2399 5473 2490 5543 qui
2521 5473 2684 5527 habet
2714 5472 2805 5542 jus
2837 5473 3207 5539 incorporale,
3241 5472 3381 5524 bona
3409 5473 3530 5540 ejus

1961 5566 2025 5619 ad
2061 5565 2458 5619 monasterium
2495 5573 2802 5629 transeuut,
2828 5563 2922 5618 sed
2963 5579 2992 5616 a
3022 5563 3154 5630 legis
3177 5573 3527 5629 anctotltate,

1961 5661 2061 5712 rite
2112 5660 2276 5712 etiam
2345 5658 2462 5712 sine
2533 5657 2784 5712 cessioue
2840 5656 3019 5726 ipsum
3083 5655 3186 5710 sibi
3249 5664 3524 5709 actionem

1967 5752 2245 5808 attribuet.
2273 5749 2546 5806 Praeterea
2591 5750 2847 5806 dicebant
2896 5748 3170 5816 noxnrtutii,
3217 5743 3363 5819 quoe
3415 5755 3530 5801 haec
