4074 6214
349 326 439 388 Sil
1509 332 1593 392 IN
1620 328 1784 388 CAN.
1828 327 1868 385 V

1995 326 2201 389 CONC.
2234 329 2343 390 ΕΡ.

3394 332 3532 399 1042

319 448 480 505 patze,
512 454 683 501 reum,
726 448 847 508 apta
881 441 1241 511 castigatione
1268 443 1333 497 ad
1410 447 1700 498 sanitatem
1763 434 1950 490 reduci
1995 437 2185 502 placet.
2218 438 2413 493 Eadem
2444 453 2605 510 porro
2632 440 2834 512 inquit,
2874 458 2900 495 a
2934 444 3274 517 monialilius'
3300 460 3533 515 quoque,

312 546 645 596 quaecunnue
670 534 735 585 de
769 535 1053 588 monachis
1086 536 1188 590 hoc
1223 552 1432 591 canone
1464 543 1589 589 sunt
1621 534 1865 589 decreta,
1909 540 2218 586 Serventnr.

310 629 530 682 APIST.
566 646 585 679 ι
644 629 789 693 Ἐξδν
827 631 887 683 ὃν
938 636 1046 695 τοῖς
1090 635 1318 702 μονάσαι
1369 632 1714 703 βουλομένοις
1762 627 1877 699 διατ

1982 625 2209 685 AlllST.
2248 650 2266 682 ι
2306 629 2655 687 Monasticam
2692 632 2851 686 vitam
2880 633 3211 701 amplexuris
3237 642 3536 689 testamen-

391 738 410 770 ι
457 719 641 773 θέσθαι
688 721 973 791 πρότερον,
1021 724 1069 775 εἰ
1111 725 1184 794 μὴ
1233 725 1516 785 διάθοιντο,
1549 724 1657 775 τῶν
1690 721 1871 782 αὐτοῖς

386 827 406 860 ι
456 811 762 879 προσόντων
795 817 1075 882 κυριεύσει
1103 819 1163 866 τι
1197 818 1583 884 μοναστήριον.
1616 814 1679 865 Ei
1729 814 1784 865 δέ
1818 830 1871 865 τι

388 918 406 947 ι
456 901 866 972 ίδιοποιήσαιτο,
901 906 994 958 καὶ
1028 906 1101 977 μὴ
1134 907 1547 978 ἀποκληρώσειε
1586 906 1646 958 τὸ
1704 924 1871 973 μονα-

386 1011 403 1043 ι
451 995 694 1064 στήριον,
725 996 874 1065 παρὰ
903 999 996 1051 τοῦ
1026 1002 1329 1069 ἡγουμένου
1374 1001 1406 1072 ἢ
1444 1000 1538 1053 τοῦ
1571 999 1871 1052 ἐπισκόπου

386 1105 405 1137 ι
454 1089 705 1157 φανερῶς
756 1094 1225 1161 πιπρασκόμενοι),
1256 1098 1491 1164 πτωχοῖς
1538 1095 1873 1163 διανεμηθή-

387 1199 408 1231 ι
454 1198 644 1235 σεται·
703 1186 797 1237 καὶ
850 1186 877 1237 ὁ
937 1188 1331 1257 νοσφισάμενος
1389 1188 1866 1258 ὲπιτιμηθήσεται.

389 1292 409 1324 ι
454 1275 736 1343 Κρατήσει
763 1276 932 1328 ταῦτα
962 1279 1055 1329 καὶ
1092 1280 1169 1340 είς
1204 1279 1561 1347 μοναζούσας.
1599 1300 1618 1330 θ

909 1370 1149 1423 ΚΑΝΩΝ
1202 1373 1275 1427 Z'.

316 1476 339 1507 ι
388 1458 591 1519 Πολλὰς
631 1460 737 1511 τῶν
786 1462 1101 1517 ἐπισκοπῶν
1151 1465 1368 1535 δρῶμεν
1400 1468 1867 1529 καταπιπτούσας,

389 1568 407 1600 ι
430 1551 546 1633 ’καὶ
577 1553 870 1623 ἀφανισμῷ
901 1555 1087 1625 τελείῳ
1117 1558 1536 1621 κινδυνευούσας
1587 1558 1874 1625 παραδίδο-

385 1660 405 1692 ι
454 1641 597 1706 σοαι,
625 1644 815 1714 ὅτιπερ
848 1648 894 1697 oi
928 1647 1131 1699 τούτων
1160 1650 1561 1716 προεστηκότες
1610 1651 1706 1718 τὴν
1749 1651 1874 1718 περὶ

386 1752 404 1782 ι
454 1734 632 1787 αὐτῶν
666 1738 924 1806 φροντίδα
975 1741 1069 1791 καὶ
1126 1741 1443 1809 ἐπιμέλειαν
1477 1746 1556 1804 εἰς
1586 1744 1872 1813 νεουργίας

388 1843 409 1876 ι
458 1830 831 1898 μοναστηρίων
862 1832 1342 1896 καταναλίσκουσι,
1380 1835 1471 1886 καὶ
1518 1833 1719 1895 ταύτας
1760 1835 1873 1886 δια·

385 1937 405 1969 ι
454 1920 728 1985 σπῶντες,
784 1924 879 1975 καὶ
929 1924 1020 1975 τὸν
1076 1926 1440 1994 σςετερισμὸν
1491 1927 1599 1978 τῶν
1652 1926 1872 1978 εἰσόδων

384 2028 402 2059 ι
458 2011 929 2082 ἐπιμηχανώμενοι,
962 2014 1059 2086 τὴν
1089 2018 1312 2069 ἐκείνων
1357 2016 1658 2085 ἐπαύξησιν
1695 2033 1872 2087 πραγ-

387 2120 407 2151 ‹
457 2105 799 2171 ματεύονται.
828 2106 1049 2175 Ὠρισεν
1079 2107 1170 2160 οὖν
1197 2108 1283 2162 διὰ
1309 2108 1465 2161 τοῦτο
1509 2112 1541 2179 ἡ
1586 2110 1715 2177 ἁγία
1746 2113 1872 2163 σύν-

384 2213 402 2245 ι
452 2196 569 2257 οδος
598 2198 783 2264 μηδενὶ
809 2198 915 2250 τῶν
941 2199 1253 2252 ἐπισκόπων
1283 2186 1483 2264 ἐξεῖναι
1514 2206 1875 2271 μοναστήριον

390 2303 407 2334 ι
456 2285 585 2337 ἴδιον
652 2288 744 2338 ἐπὶ
801 2289 1093 2343 καταλύσει
1148 2293 1246 2361 τῆς
1306 2293 1513 2356 οἰκείας
1572 2294 1876 2363 ἐπισκοπῆς

389 2396 407 2422 ‹
458 2381 756 2446 νεουργεῖν.
804 2379 867 2432 Ei
899 2379 954 2432 δέ
998 2398 1084 2443 τις
1114 2383 1393 2453 φωραθείη
1441 2383 1599 2437 τοῦτο
1640 2384 1874 2453 τολμῶν,

390 2486 407 2515 ι
452 2468 616 2520 αὑτὸν
668 2471 763 2539 μὲν
825 2471 901 2539 τῷ
950 2475 1281 2544 προσήκοντι
1332 2476 1588 2545 ἐπιτιμίῳ
1636 2476 1875 2530 καθυπο-

393 2579 411 2608 ι
459 2561 776 2629 ϐάλλεσθαι,
828 2565 890 2616 τὸ
938 2566 995 2619 δὲ
1048 2568 1374 2636 νεουργηθὲν
1437 2570 1528 2621 ὑπ’
1574 2571 1760 2634 αὐτοῦ,
1802 2571 1877 2633 ὼς

390 2669 408 2701 ι
460 2652 595 2719 μηδὲ
641 2652 739 2723 τὴν
786 2656 963 2726 ἀρχὴν
1014 2662 1376 2729 μοναστηρίου
1417 2661 1622 2713 δίκαιον
1654 2663 1877 2734 ἀπειλη-

389 2762 407 2793 ι
453 2746 573 2812 φὺς,
618 2746 691 2807 ὡς
734 2747 1004 2801 ἰδιωτικὸν
1056 2750 1133 2821 τῷ
1167 2753 1503 2823 ἑπισκοπείῳ
1535 2757 1877 2826 προσκυροΰο

390 2856 408 2886 ι
459 2838 602 2891 σθαι.
640 2839 805 2892 Ούδὲν
835 2842 943 2911 γὰρ
974 2843 1084 2895 τῶν
1117 2846 1450 2914 παρανόμως
1479 2849 1572 2899 καὶ
1623 2850 1877 2909 ἀτάκτως

391 2947 408 2979 ι
456 2931 954 2998 παρυφισταμένων
1005 2933 1065 2985 τὸ
1108 2935 1387 3004 πρόκριμα
1427 2934 1535 2986 τῶν
1576 2936 1876 2989 κανονικῶν

391 3038 409 3070 ι
455 3022 864 3087 συνισταμένων
895 3023 1271 3091 ἀποφέρεσθαι
1304 3024 1545 3081 δύναται.
1584 3047 1602 3078 ι

387 3109 581 3164 ΙιᾹΛΣ.
630 3112 972 3165 Ἐπισκόπων
1001 3113 1183 3180 τινῶν,
1232 3116 1305 3178 ὠς
1350 3118 1515 3183 ἔοικε,
1559 3121 1877 3188 νεουργούν-

313 3220 419 3255 των
452 3205 789 3273 μοναστήρια
824 3209 917 3259 καὶ
946 3207 1456 3263 καταναλισκόντων
1502 3211 1601 3274 τὰς
1635 3213 1876 3275 εἰσόδους

315 3295 423 3346 τῶν
455 3297 790 3361 ἐπισκοπῶν,
818 3298 996 3369 ἇσπερ
1019 3298 1249 3369 ὤφειλον
1285 3304 1420 3371 μετὰ
1445 3303 1541 3373 τὴν
1573 3307 1877 3372 ἀναγκαίαν

312 3386 517 3439 τούτων
543 3388 786 3458 δαπάνην
822 3391 900 3453 είς
929 3393 1281 3462 περιποίησιν
1303 3394 1411 3446 τῶν
1438 3396 1541 3464 τῆς
1573 3398 1876 3465 ἐπισκοπῆς

312 3480 596 3547 ταμιεύειν
628 3483 770 3534 κατὰ
803 3481 893 3534 τὸν
941 3486 1301 3538 ἁποστολικδν
1331 3489 1551 3548 κανόνα,
1585 3490 1880 3543 κάντεῦθεν

316 3570 425 3623 τῶν
468 3573 772 3639 ἐκκλησιῶν
811 3575 991 3627 αὐτῶν
1038 3580 1516 3642 καταπιπτουσῶν,
1555 3582 1646 3633 καὶ
1694 3584 1774 3643 είς
1824 3583 1882 3634 τὸ

319 3663 484 3732 μηδὲν
519 3664 705 3733 σχεδὸν
754 3668 1193 3735 περιισταμένων
1219 3685 1235 3700 ο
1277 3668 1486 3739 ὥρισαν
1534 3673 1582 3722 οί
1636 3674 1881 3745 Πατέρες

316 3757 392 3828 μὴ
446 3763 726 3828 νεουργεϊν
776 3761 1073 3813 ἐπίσκοπον
1122 3765 1484 3833 μοναστήριον
1519 3767 1649 3819 ἴδιον
1679 3767 1767 3820 διὰ
1819 3769 1881 3820 τὸ

314 3850 409 3903 ἐπὶ
438 3852 732 3905 καταλύσει
759 3854 858 3922 τῆς
888 3856 1195 3925 ἐπισκοπῆς
1222 3856 1382 3911 τοῦτο
1413 3858 1776 3923 καινίζεσϐαι.
1814 3860 1877 3913 Εἰ

310 3940 370 3991 δὲ
420 3942 568 4012 παρὰ
616 3943 787 3999 ταῦτά
836 3962 918 4007 τις
951 3945 1248 4010 ἐπίσκοπος
1301 3950 1538 4017 ποιήσει,
1578 3951 1741 4012 αὐτὸς
1781 3952 1881 4021 μὲν

314 4035 572 4104 ἐπιτιμίῳ
621 4036 1206 4109 καθυποδληοήσεται·
1251 4039 1313 4091 τὸ
1374 4041 1429 4093 δὲ
1487 4042 1882 4112 καινουργηθὲν

315 4127 680 4197 μοναστήριον
727 4128 832 4189 ὑπὸ
884 4131 983 4198 τὴν
1018 4130 1318 4199 κυριότητα
1370 4132 1574 4185 ὲσεῖται
1625 4135 1724 4201 τῆς
1762 4135 1882 4186 ἐπι-

313 4218 545 4289 σκοπῆς.
584 4220 692 4274 Καὶ
718 4222 746 4272 ὁ
770 4221 867 4290 μὲν
898 4220 1075 4275 κανὼν
1104 4225 1161 4275 ἐν
1180 4222 1410 4287 τούτοις.
1439 4224 1635 4286 Καλῶς
1667 4226 1723 4278 δὲ
1754 4221 1877 4279 εἷπε

316 4308 391 4377 μὴ
418 4308 560 4377 ἔχειν
590 4310 677 4362 ἐπ’
701 4310 884 4375 ἀδείας
913 4312 1002 4364 τὸν
1032 4313 1330 4367 ἐπίσκοπον
1362 4316 1425 4366 ὲκ
1453 4314 1572 4367 νέου
1613 4317 1878 4381 καινίζειν

317 4403 680 4472 μοναστήριον
724 4404 819 4457 ἐπὶ
869 4404 1166 4457 καταλύσει
1215 4406 1313 4475 τῆς
1360 4408 1498 4469 ιδίας
1547 4409 1872 4480 ἐπισκοπῆς.

314 4495 379 4546 Ei
409 4494 516 4562 γὰρ
551 4494 612 4546 τὸ
640 4496 805 4565 προὸν
840 4498 1206 4568 μοναστήριον
1238 4500 1576 4564 ἀνακαινίζει
1605 4519 1708 4567 τις,
1745 4503 1878 4570 φθά-

317 4601 418 4636 σαν
470 4587 919 4656 καταπτωθῆναι,
970 4590 1063 4641 καὶ
1118 4591 1252 4660 μηδὲ
1303 4592 1373 4645 τὰ
1418 4592 1515 4663 τῆς
1569 4594 1877 4664 ἐπισκοπῆς

2049 738 2069 773 ι
2112 731 2223 775 tum
2252 724 2399 792 prius
2430 726 2663 779 condere
2688 726 2812 778 licet
2836 744 2848 779 :
2874 728 2919 777 si
2940 736 3121 779 autem
3150 736 3532 782 testamentum

2051 833 2069 864 ι
2112 830 2216 867 non
2256 815 2506 879 fecerint,
2529 816 2667 870 bona
2699 831 2888 869 eorum
2925 816 3223 884 possidebit
3258 827 3533 870 monaste-

2053 926 2071 959 ι
2116 908 2281 961 rium.
2311 906 2407 962 Sin
2444 908 2740 977 quidquam
2780 909 2881 964 sibi
2917 911 3043 978 quis
3075 909 3456 968 rescrvaverit.
3482 918 3537 963 et

2054 1019 2071 1051 ι
2108 1002 2502 1055 monasterium
2537 1001 2668 1055 illud
2701 1016 2807 1055 non
2835 1003 3087 1057 sortitum
3127 1000 3312 1065 fuerit,
3342 1018 3370 1053 a
3402 1016 3540 1067 pra:-

2051 1112 2070 1143 ι
2109 1091 2250 1146 tecto
2283 1092 2365 1146 vel
2385 1093 2640 1162 episcopo
2670 1094 2845 1162 palam
2871 1094 3173 1152 venditum,
3208 1095 3539 1162 pauperibus

2052 1204 2071 1235 ι
2111 1185 2515 1239 distribuetur:
2566 1195 2619 1239 et
2668 1185 2763 1251 qui
2823 1186 3111 1252 surripuit,
3161 1185 3537 1256 castigabitnr.

2052 1297 2072 1328 ι
2112 1277 2310 1331 Eadem
2345 1289 2399 1331 et
2433 1278 2485 1331 in
2520 1278 2853 1332 monialibus
2886 1279 3163 1332 valebunt.
3200 1297 3217 1328 ι

2563 1366 2791 1424 CANON
2837 1369 2945 1424 VII.

1981 1480 1998 1511 ι
2038 1461 2234 1516 Multos
2267 1462 2633 1531 tepiscotiatus
2688 1479 2876 1524 ruere.
2929 1474 2985 1517 et
3038 1458 3299 1532 perpetuo
3366 1463 3534 1517 exitio

2052 1573 2070 1605 ι
2108 1555 2245 1608 tradi
2281 1555 2554 1621 videmus,
2589 1557 2731 1625 quod
2772 1557 2863 1625 qui
2896 1557 2976 1613 eis
3023 1567 3287 1626 praesunt,
3317 1571 3534 1610 omnem

2056 1663 2080 1700 ε
2117 1647 2182 1701 de
2235 1648 2317 1703 eis
2363 1664 2550 1702 curam
2598 1659 2651 1702 et
2688 1649 3118 1705 sollicitudinem
3179 1650 3231 1702 in
3292 1656 3537 1702 recentes

2049 1757 2068 1788 ι
2107 1740 2572 1793 monasteriorum
2633 1741 3039 1794 exstructiones
3097 1741 3421 1803 conferunt,
3482 1749 3537 1793 et

2050 1850 2068 1879 ι
2109 1845 2203 1884 eos
2236 1831 2557 1885 divellentes
2608 1847 2670 1885 ac
2721 1834 3108 1895 distrahentes,
3170 1842 3223 1886 et
3274 1842 3331 1885 ut
3375 1832 3440 1885 ad
3474 1847 3534 1886 se

2054 1940 2072 1972 ι
2114 1923 2418 1992 pertineant
2476 1923 2701 1988 reditus,
2774 1925 3076 1986 molientes,
3142 1934 3201 1978 ut
3260 1924 3374 1993 ipsa
3434 1940 3530 1977 au-

2049 2034 2067 2066 ι
2111 2024 2360 2085 geantur,
2422 2016 2692 2069 laborant.
2745 2015 2859 2071 Hoc
2914 2032 3042 2088 ergo
3103 2017 3294 2071 statuit
3342 2027 3528 2071 sancta

2052 2126 2069 2158 ι
2115 2108 2397 2178 synodus,
2448 2109 2579 2162 nulli
2624 2108 2787 2162 licere
2818 2109 3076 2177 episcopo
3108 2108 3376 2178 privatum
3425 2124 3538 2160 mo-

2053 2216 2071 2248 ι
2117 2197 2413 2252 uasterium
2444 2198 2508 2251 ad
2538 2198 2739 2269 proprii
2774 2200 3125 2267 episc0patus
3154 2200 3444 2268 perniciem
3474 2199 3538 2252 de

2054 2309 2071 2341 ι
2112 2306 2253 2344 novo
2305 2297 2613 2345 exstruere.
2666 2289 2723 2344 Si
2777 2291 2902 2361 quis
2957 2300 3134 2344 autem
3194 2292 3291 2345 hoc
3338 2291 3539 2345 audere

2054 2403 2073 2434 ί
2115 2383 2486 2452 deprehensus
2522 2384 2705 2445 fuerit,
2736 2384 2910 2452 ipsum
2943 2384 3159 2453 quidem
3191 2387 3537 2439 convenienti

2054 2494 2072 2525 ι
2117 2490 2287 2543 poena:
2324 2475 2521 2543 subjici
2566 2493 2579 2528 :
2634 2476 2777 2544 quod
2837 2475 2905 2527 ab
2962 2476 3079 2543 ipso
3117 2484 3295 2529 autem
3349 2469 3540 2531 recens

2056 2587 2073 2617 ι
2113 2575 2452 2620 exstructum
2482 2575 2587 2631 est,
2621 2577 2681 2620 ut
2705 2565 2848 2634 quod
2881 2582 2981 2621 nec.
3007 2576 3092 2621 est
3141 2568 3209 2620 ab
3241 2567 3399 2621 initio
3444 2568 3537 2636 jus

2056 2681 2073 2710 ι
2116 2661 2435 2714 monasterii
2470 2660 2752 2723 sortitum,
2783 2668 2841 2712 ut
2877 2661 3145 2727 privatum
3192 2660 3533 2729 episcopatui

2056 2772 2073 2802 ‹
2116 2752 2377 2806 adserihi.
2406 2750 2549 2806 Nihil
2580 2752 2725 2805 enim
2759 2766 2970 2813 eorum,
3016 2767 3134 2820 qua:
3162 2760 3359 2820 pra-ter
3393 2751 3539 2821 leges

2062 2864 2080 2895 ι
2122 2831 2189 2898 ρι’
2228 2847 2481 2900 ordinate
2549 2846 2902 2908 consistunt,
2968 2844 3033 2897 iis
3092 2859 3212 2912 quae
3275 2844 3537 2898 canonice

2060 2956 2076 2985 ι
2120 2937 2425 2990 constituta
2490 2944 2662 2998 sunt,
2735 2934 3110 3003 praeiudicium
3183 2932 3381 2989 all‘erre
3434 2948 3534 3003 po.

2059 3044 2074 3073 ι
2113 3035 2241 3077 test.
2283 3043 2311 3085 ι

2052 3112 2245 3168 BALS.
2277 3114 2411 3169 Cum
2442 3114 2683 3184 episcopi
2718 3114 2965 3181 quidam,
3002 3126 3061 3168 ut
3091 3123 3175 3171 est
3222 3112 3538 3178 i'erisimile,

1985 3205 2313 3260 monasteria
2343 3205 2411 3260 de
2442 3221 2586 3259 novo
2617 3215 2985 3267 exstruerem,
3019 3214 3072 3259 et
3121 3206 3537 3275 episcopaluum

1981 3298 2193 3353 reditus
2225 3308 2638 3364 consumerent,
2680 3312 2818 3367 quos
2847 3298 3100 3362 debeant,
3138 3308 3256 3367 post
3286 3311 3541 3351 necessa-

1985 3391 2092 3445 rias
2128 3393 2408 3461 impensas
2439 3392 2503 3446 ad
2536 3406 2598 3446 ea
2647 3391 3013 3462 comparanda
3058 3407 3180 3461 qum
3212 3389 3278 3443 ad
3326 3389 3540 3459 episco-

1982 3495 2166 3554 patum
2199 3484 2474 3553 pertinent
2523 3484 2842 3545 recoudere,
2880 3481 3040 3553 345
3098 3490 3155 3534 ιιι
3203 3483 3316 3534 vult
3362 3494 3530 3535 canor

1981 3578 2349 3646 apostolicus;
2387 3584 2441 3630 et
2466 3590 2588 3630 cum
2616 3575 2864 3630 ecclesiae
2899 3590 2960 3629 ea
2992 3574 3060 3628 de
3095 3588 3259 3627 causa
3295 3586 3535 3633 ruerem,

1981 3679 2035 3724 et
2064 3668 2130 3723 ad
2166 3669 2393 3723 nihilum
2416 3667 2526 3722 fere
2547 3667 2960 3734 redigerentur:
2994 3676 3304 3723 statuerunt
3328 3665 3536 3731 Patres,

1981 3779 2048 3816 ue
2100 3762 2392 3830 episcOpus
2450 3762 2724 3827 pt'it'attttn
2792 3762 3184 3816 monasterium
3259 3761 3325 3814 de
3400 3774 3539 3813 novo

1982 3863 2309 3914 exstrueret,
2365 3853 2508 3921 quod
2567 3853 2670 3906 hoc
2714 3852 2779 3906 ad
2832 3853 3183 3922 episcopatus
3243 3851 3537 3921 perniciem

1984 3948 2357 4001 innovaretur.
2398 3944 2453 3999 Si
2495 3944 2616 4014 quis
2645 3954 2826 3997 autem
2863 3943 3155 4011 episc0pus
3198 3951 3396 4012 praeter
3426 3942 3542 3995 haec

1983 4040 2196 4102 l‘vcerit,
2230 4038 2345 4106 ipse
2380 4037 2601 4105 quidem
2637 4050 2811 4105 poena!
2862 4035 3187 4100 subjicietur
3221 4050 3233 4085 :
3282 4032 3347 4084 de
3402 4045 3542 4085 novo

1980 4142 2163 4187 autem
2238 4129 2440 4184 factum
2494 4128 2888 4182 monasterium
2960 4125 3063 4179 erit
3122 4126 3224 4178 sub
3296 4122 3541 4178 dominio

1980 4226 2349 4295 episcOpatus.
2416 4219 2480 4273 Et
2529 4220 2582 4271 in
2639 4218 2722 4270 his
2767 4218 2984 4285 quidem
3037 4215 3287 4270 consistit
3339 4228 3539 4267 canon.

1979 4318 2148 4373 Recte
2178 4327 2358 4371 autem
2397 4311 2557 4377 dixit,
2594 4327 2700 4364 non
2755 4313 2916 4364 licch
2961 4309 3219 4378 cpiscOpo
3271 4317 3545 4361 monaste-

1983 4412 2118 4466 rium
2160 4410 2229 4463 de
2268 4422 2410 4462 novo
2439 4418 2743 4465 exs'rttere,
2792 4403 2856 4456 ad
2893 4404 2976 4456 sui
3029 4400 3383 4470 episcopatus
3424 4398 3543 4452 exi-

1983 4504 2138 4575 lium.
2171 4502 2229 4555 Si
2267 4499 2393 4569 quis
2425 4497 2569 4551 enim
2622 4496 2765 4562 qtmd
2812 4504 2937 4547 ante
2980 4501 3095 4545 erat
3147 4488 3538 4544 monasterium

1982 4606 2035 4653 et
2068 4596 2217 4665 prius
2253 4597 2567 4648 corruerat,
2611 4595 2856 4647 renovi-t,
2913 4598 3010 4635 nec
3060 4596 3161 4635 suo
3200 4579 3538 4649 episcopatui

319 4676 484 4755 αὐτού
512 4679 856 4748 λυμαίνεται,
883 4682 944 4734 οὐ
974 4682 1352 4754 κωλυθήσεται
1401 4688 1628 4753 ποιῆσαι
1655 4688 1722 4740 τὰ
1755 4688 1877 4758 βου-

1983 4691 2379 4745 detrimentum
2429 4681 2645 4744 alien-at,
2671 4693 2775 4732 non
2813 4674 3186 4747 prohibebitur
3217 4673 3395 4729 facere
3423 4689 3543 4743 qua:

316 4772 486 4839 λητέα
516 4772 681 4842 αὐτῷ’
718 4773 907 4844 ὥσπερ
936 4778 996 4828 οὐ
1027 4777 1427 4849 κωλυθήσεται,
1452 4780 1525 4842 ὡς
1560 4781 1686 4850 ἐμοὶ
1710 4780 1879 4846 δοκεῖ,

317 4865 413 4917 καὶ
440 4868 797 4937 μοναστήριον
836 4869 897 4920 ὲκ
929 4868 1128 4939 καινῆς
1162 4870 1461 4939 ἀνεγεῖραι,
1493 4872 1654 4941 εἴπερ
1686 4872 1755 4925 τὰ
1781 4875 1882 4943 τῆς

316 4961 622 5029 ἐπισκοπῆς
647 4960 709 5013 ού
746 4960 1086 5029 λυμαίνεται,
1122 4962 1236 5015 ἀλλ’
1264 4963 1477 5016 οῐκοθεν
1510 4964 1608 5035 τὴν
1634 4964 1879 5034 δαπάνην

317 5054 478 5105 ποιεῖ.
524 5053 598 5106 Τὸ
630 5055 738 5123 γὰρ
788 5054 1148 5118 ἀδιαστίκτως
1178 5053 1343 5115 οὕτω.
1374 5057 1467 5108 καὶ
1507 5058 1595 5109 ὅτε
1637 5057 1711 5126 μὴ
1750 5056 1879 5126 βλι-

313 5161 507 5199 πτεται
538 5148 570 5216 ή
606 5147 898 5217 ὲπισκοπὴ,
944 5146 1243 5200 κωλύσεται
1291 5148 1382 5200 τὸν
1417 5150 1712 5202 ἐπίσκοπον
1754 5168 1874 5202 και-

310 5242 560 5311 νουργεῖν
610 5242 972 5312 μοναστήριον
1006 5242 1085 5305 εἰς
1115 5241 1426 5310 δοξολογίαν
1456 5240 1591 5293 Θεοῦ
1641 5242 1749 5294 καῖ
1770 5260 1875 5294 σω-

312 5334 510 5404 τηρίαν
554 5332 741 5404 ψυχῶν
786 5335 888 5387 οὑκ
934 5333 1083 5388 ἐστιν
1136 5334 1562 5401 εύπαράδεκτον,
1614 5334 1735 5387 οὐδὲ
1774 5335 1873 5403 τῆς

311 5427 420 5480 τῶν
452 5427 713 5496 Πατέρων
743 5427 1066 5497 διακρίσεως
1095 5427 1349 5491 ἐπάξιον.
1384 5428 1491 5480 Καὶ
1519 5426 1680 5489 αὐτὸς
1710 5428 1818 5497 γὰρ
1849 5430 1876 5481 ὁ

311 5520 407 5588 τῆς
460 5512 740 5591 παρούσης
791 5520 1006 5573 συνόδου
1061 5521 1278 5592 πρῶτος
1310 5560 1324 5583 ,
1378 5522 1407 5572 ὁ
1458 5521 1877 5589 μακαριώτατος

313 5610 536 5675 Φὼτιος,
564 5609 666 5678 τὴν
694 5609 787 5662 τοῦ
813 5610 1068 5679 Μανουὴλ
1097 5608 1268 5680 μονὴν
1298 5610 1363 5662 ἐκ
1394 5610 1676 5679 κρηπίδων
1698 5611 1876 5662 αὐτῶν

321 5701 499 5765 σχεδὸν
533 5703 611 5764 είς
642 5702 669 5755 ὃ
701 5701 798 5755 νῦν
832 5703 1029 5773 δρᾶται
1060 5701 1254 5764 κάλλος
1297 5701 1391 5755 καὶ
1425 5700 1657 5771 μέγεθος
1709 5701 1876 5754 κατέ-

327 5805 501 5858 στησε.
538 5794 645 5846 Καὶ
670 5795 698 5848 ό
725 5794 1031 5863 ἁγιώτατος
1077 5794 1281 5857 ἐκεῖνος
1317 5792 1661 5879 πατριάρχης
1713 5792 1877 5863 κυρδς

1984 4783 2155 4837 velit:
2201 4774 2662 4847 quemadmodum
2717 4785 2813 4823 nec
2865 4767 3262 4838 prohibebitur,
3306 4774 3362 4819 ut
3407 4764 3539 4818 mihi

1976 4874 2198 4945 quidem
2233 4869 2465 4926 videtur.
2505 4862 2893 4917 monasterium
2931 4860 2996 4913 de
3031 4874 3170 4913 novo
3201 4856 3492 4911 excitareis
3518 4892 3539 4920 ,

1977 4983 2085 5023 non
2118 4963 2313 5017 aﬂ'erat
2352 4956 2753 5013 incommodum
2789 4950 3149 5024 episcopatui,
3184 4947 3277 5003 sed
3317 4961 3440 5001 eum
3475 4961 3542 5000 ex

1976 5076 2034 5115 se
2062 5065 2338 5122 ξιιιιιριιιιιι
2375 5052 2559 5107 faciat.
2588 5050 2678 5104 Sic
2709 5047 2850 5103 cnim
2879 5044 3217 5106 indistincte,
3244 5049 3297 5093 et
3320 5037 3540 5110 quando

1986 5168 2094 5208 non
2161 5134 2379 5204 laeditur
2434 5146 2804 5214 episcopatus,
2869 5135 3143 5212 prohiberi
3198 5133 3539 5203 episcopum,

1988 5244 2285 5316 quominus
2324 5238 2391 5293 ad
2446 5237 2535 5291 Dei
2582 5235 2844 5289 honorem
2880 5239 2933 5283 et
2965 5227 3268 5281 animarum
3310 5223 3542 5317 salutem

1986 5342 2052 5397 de
2081 5353 2221 5393 novo
2256 5333 2649 5390 monasterium
2693 5336 2961 5386 exstruat,
3004 5339 3110 5377 non
3140 5331 3222 5376 est
3251 5319 3545 5376 admitten-

1985 5435 2137 5493 dum,
2169 5442 2267 5482 nec
2322 5424 2544 5478 Patrum
2595 5417 2804 5490 judicio
2844 5431 2907 5470 ac
2959 5412 3241 5483 prmlentia
3292 5409 3541 5480 dignum.

1986 5518 2119 5573 Nam
2147 5527 2201 5571 et
2226 5517 2340 5585 ipse
2375 5512 2660 5584 praesentis
2689 5507 2883 5579 synodi
2922 5504 3155 5575 primus,
3190 5501 3542 5558 beatissimus

1981 5609 2233 5671 Photius,
2291 5603 2607 5661 Emanuelis
2659 5599 3055 5654 monasterium
3123 5595 3191 5650 ab
3256 5593 3386 5665 ipsis
3430 5592 3543 5649 fere

1982 5699 2352 5755 fundamentis
2380 5695 2447 5750 ad
2486 5710 2626 5758 eam,
2675 5707 2796 5763 qua:
2839 5703 2985 5745 nunc
3024 5688 3263 5752 videtur,
3303 5684 3543 5755 pulchri-

1984 5790 2223 5846 tudittczn
2256 5799 2308 5845 et
2339 5784 2766 5858 magnitudinem
2793 5783 3036 5841 deduxit.
3067 5779 3133 5838 Et
3154 5779 3540 5838 sanctissimus

3644 326 3664 348 Ι
