4074 6214
301 311 434 376 Ῑῦ45

1483 320 1564 379 IN
1602 322 1764 382 CAN.
1808 324 1948 382 VIII
1986 325 2193 386 (ZONC.
2248 326 2357 384 Cl‘.

3384 320 3520 382 tam

291 426 574 495 ἐσομένης.
632 426 692 479 Ei
735 425 791 478 δὲ
838 429 994 480 τοῦτο
1019 429 1302 498 τολμήσει,
1335 432 1519 498 φησιν,
1558 433 1718 494 αὐτὸς
1756 436 1848 503 μὲν

1958 439 2293 506 episcopatui
2331 437 2669 490 eversioocm
2708 434 2939 488 allatura
2973 435 3078 498 sit,
3121 433 3253 487 nulli
3283 449 3509 502 prorsus

289 520 745 589 ἐπιτιμηθήσεται
782 522 929 586 παρά
964 520 1057 573 τοῦ
1086 522 1514 592 χειροτονοῦντος
1564 526 1754 579 αὐτόν·
1789 526 1849 580 τὸ

287 610 345 661 δέ
380 613 704 681 νεουργηθέν
737 609 865 682 παρ’
892 613 1055 665 αὐτοῦ
1087 617 1152 683 τῇ
1206 615 1475 685 ἐπισκοπῇ
1528 634 1849 688 προσκυρω-

286 692 531 771 θήσεται,
567 703 659 754 καὶ
694 702 846 756 ἔσται
874 704 1010 771 αὐτῇ
1047 704 1359 774 ἱδιόκτητον,
1417 706 1607 777 ὥσπερ
1632 710 1680 761 εἰ
1715 709 1847 778 μηδὲ

291 794 654 863 μοναστὴριον
699 796 933 862 ἐγένετο.
964 797 1043 849 Τὰ
1092 796 1199 865 γὰρ
1231 798 1557 867 παρανόμως
1590 800 1848 869 γινόμενα

287 886 387 937 οὐκ
424 886 636 939 ἔσονται
664 888 745 950 εἰς
779 888 983 958 βλάϐην
1011 892 1104 942 καὶ
1134 892 1446 961 ἀνατροπὴν
1474 892 1579 945 τῶν
1615 909 1849 961 πραττο-

288 980 465 1049 μένων
492 984 794 1044 κανονικῶς

1956 529 2216 598 episcopo
2266 527 2575 581 facultatem
2634 541 2755 581 esse
2800 526 3065 580 decernit.
3117 524 3270 588 Quod
3307 527 3353 580 si
3387 526 3507 596 quis

1956 631 2157 685 tamen,
2188 621 2381 687 inquit,
2417 621 2466 674 id
2513 620 2801 690 episcopus
2834 619 3051 682 audeat,
3082 620 3257 688 ipsum
3290 620 3506 687 quidem

1956 713 2022 767 ab
2044 728 2127 775 eo.
2167 727 2194 765 a
2222 727 2331 781 quo
2361 712 2650 782 episcopus
2682 721 2898 766 creatus
2922 719 3026 773 est,
3055 713 3239 781 puniri
3274 729 3287 765 :
3314 727 3509 767 novum

1957 818 2135 859 autem
2168 805 2235 859 ab
2262 804 2380 873 ipso
2413 805 2691 858 conditum
2736 805 3127 858 monasterium
3163 803 3503 873 episcopatui

1959 896 2283 963 adjndicari,
2313 905 2475 964 atque
2508 894 2650 948 inter
2700 895 2819 963 ejus
2852 894 3227 963 possessiones
3263 910 3325 947 ac
3360 897 3405 948 si
3447 908 3513 946 ne

1958 990 2349 1044 monasterium
2387 987 2605 1057 quidem
2648 986 2859 1051 fuisset,
2890 986 3124 1048 censeri,
3163 986 3360 1054 placet.
3398 984 3506 1039 Ne-

286 1088 392 1139 que
423 1076 591 1137 enim,
626 1093 748 1145 qua}
787 1093 851 1132 ex
905 1094 1173 1132 canonum
1216 1081 1596 1136 sanctionibus
1626 1082 1921 1172 constituta
1958 1093 2104 1143 sunt.
2196 1098 2291 1151 per
2325 1098 2387 1137 ea
2451 1096 2569 1151 quze
2636 1082 2844 1151 legibus
2896 1089 3270 1146 adversantur,
3374 1082 3516 1135 labe-

286 1164 476 1220 factari
508 1178 672 1238 atque
705 1171 872 1224 everti
905 1171 985 1227 fas
1006 1182 1108 1228 est.

285 1263 508 1316 ΑΡΙΣΤ.
546 1282 565 1315 ι
611 1266 816 1334 Μηδενὶ
845 1268 954 1319 τῶν
978 1269 1291 1322 ἐπισκόπων
1320 1270 1520 1335 ἐξέστω
1579 1272 1846 1340 μοναστή-

361 1374 381 1407 ι
429 1373 544 1424 ριον
598 1356 725 1410 ἴδιον
756 1358 847 1410 ἐπὶ
892 1360 1186 1413 καταλύσει
1225 1362 1324 1430 τῆς
1380 1362 1513 1425 ἰδίας
1543 1363 1848 1429 ἐπισκοπῆς

363 1464 381 1496 ι
429 1452 727 1516 νεουργεῖν.
759 1450 816 1501 '0
843 1450 897 1502 δὲ
927 1450 1084 1503 τοῦτο
1112 1452 1327 1521 τολμῶν
1356 1452 1720 1521 ἐπιτιμάσθω·
1754 1454 1847 1505 καὶ

357 1556 377 1589 ι
420 1538 481 1591 τὸ
508 1539 852 1610 νεουργηθέν,
870 1540 947 1603 ὡς
980 1541 1264 1607 ἰδιωτικὸν,
1287 1544 1350 1612 τῇ
1385 1544 1653 1613 ἐπισκοπῇ
1682 1559 1848 1612 προσ-

357 1650 376 1681 (
422 1633 732 1702 κυρούσθω.
778 1653 795 1683 ι

884 1727 1120 1781 ΚΑΝΩΝ
1168 1725 1250 1779 Ην.

1960 1265 2191 1321 ARIST.
2232 1284 2249 1315 ι
2292 1265 2434 1319 Nulli
2472 1280 2728 1334 episcopo
2760 1266 2920 1322 liceat
2968 1270 3356 1323 mOraslerium
3390 1285 3515 1339 pro-

2031 1377 2050 1409 (
2096 1360 2296 1427 prium,
2366 1358 2416 1411 in
2481 1359 2561 1413 sui
2591 1359 2940 1429 episcopatus
2987 1359 3231 1416 exitium.
3277 1362 3341 1415 de
3372 1378 3512 1417 novo

2029 1468 2047 1499 ι
2080 1458 2377 1503 exstruere.
2402 1449 2503 1515 Qui
2528 1459 2705 1504 autem
2738 1451 2842 1505 hoc
2890 1452 3053 1506 audet
3091 1452 3387 1523 castigetnr
3416 1471 3430 1509 :
3459 1463 3512 1507 et

2032 1557 2050 1590 ι
2085 1539 2228 1609 quod
2267 1540 2333 1593 de
2375 1556 2514 1595 novo
2542 1543 2867 1607 exstruitur,
2901 1559 2955 1596 ιιι
2994 1545 3261 1611 privatum
3296 1546 3511 1615 episco-

2025 1649 2048 1681 ι
2086 1629 2235 1698 patui
2266 1631 2633 1688 adscribatur.

2520 1723 2751 1780 CANON
2808 1724 2944 1782 VIII.

278 1833 303 1869 1
360 1815 418 1869 Ὀ
452 1816 596 1879 θεῖος
647 1819 739 1870 καὶ
776 1817 915 1887 ίερδς
965 1818 1073 1870 τῶν
1118 1817 1291 1885 ἁγίων
1323 1818 1636 1871 ἀποστόλων
1669 1818 1847 1872 κανὼν

1957 1828 1975 1861 σ
2013 1812 2239 1867 Divinos
2269 1823 2321 1867 et
2363 1827 2522 1867 Sacer
2557 1823 2874 1869 sanctorum
2925 1819 3298 1886 apostolorum
3329 1836 3505 1874 cauou

350 1928 372 1961 ‹
416 1914 542 1973 τοὺς
572 1912 933 1980 ἐκτέμνοντας
968 1913 1193 1974 ἑαυτοὺς
1212 1911 1611 1979 αύτοφονευτὰς
1642 1912 1838 1981 κρίνει·

352 2021 373 2053 ι
422 2001 518 2054 καὶ
570 2003 737 2072 ἱερεῖς
774 2003 875 2072 μὲν
922 2003 1106 2066 ὄντας,
1140 2004 1426 2072 καθαιρεῖο
1475 2003 1549 2073 μὴ
1580 2002 1740 2063 ὄντας
1769 2002 1848 2067 δὲ,

354 2112 374 2144 ι
420 2094 520 2161 τῆς
571 2095 662 2146 ἐπὶ
717 2094 815 2164 τὴν
877 2096 1180 2165 ἱερωσύνην
1214 2095 1497 2167 προκοπῆς
1549 2096 1848 2167 ἁπείργειο

356 2205 376 2236 ε
424 2186 582 2254 δῆλον
632 2187 881 2240 ἐντεῦθεν
938 2188 1210 2241 καθιστῶν
1258 2189 1353 2252 ὡς,
1393 2189 1552 2258 εἴπερ
1598 2190 1625 2240 6
1660 2186 1851 2241 ἑαυτὸν

356 2297 377 2328 1
426 2278 703 2347 ἐκτέμνων
735 2280 1134 2348 αύτοφονευτής
1164 2281 1331 2344 ἐστιν,
1388 2281 1416 2332 6
1462 2279 1648 2350 ἕτερον
1697 2279 1853 2332 ἐκτέ-

352 2387 376 2417 σ
430 2386 580 2438 μνων
632 2371 845 2433 πάντως
898 2374 1159 2439 φονευτὴς
1208 2372 1343 2424 ἐστι.
1399 2371 1526 2439 Θείη
1581 2372 1628 2424 δ’
1659 2370 1724 2424 ἄν
1768 2388 1851 2434 τις

357 2485 378 2515 ι
427 2463 518 2515 τὸν
549 2464 788 2516 τοιοῦτον
821 2463 1048 2527 δικαίως
1092 2466 1185 2516 καὶ
1219 2467 1317 2533 τῆς
1348 2464 1710 2534 δημιουργίας
1755 2464 1852 2516 αύ-

358 2569 378 2603 c
414 2556 525 2622 ’τῆς
579 2555 858 2625 ὑϐριστήν.
914 2556 1110 2623 Διόπερ
1160 2554 1359 2627 ὥρισεν
1393 2557 1425 2625 ἡ
1462 2556 1590 2623 ἁγία
1636 2554 1851 2618 σύνοδος

357 2664 378 2696 ε
421 2644 518 2707 ὡς,
547 2646 598 2698 εί
625 2665 706 2709 τις
734 2647 1104 2718 ἐπίσκοπος,ἢ
1136 2648 1524 2716 πρεσϐύτερος,
1553 2648 1583 2716 ἢ
1609 2646 1851 2711 διάκονος

358 2757 377 2789 ι
425 2738 746 2806 εὐνουχίζων
779 2740 898 2791 τινά
930 2740 1241 2808 ἐλεγχθείη,
1270 2740 1302 2809 ἢ
1354 2740 1689 2810 αὐτοχειρίᾳ,
1722 2740 1752 2809 ἢ
1794 2739 1853 2804 ἐξ

359 2849 379 2881 ι
426 2831 820 2901 ἐπιτάγματος,
853 2831 1043 2885 τοῦτον
1073 2832 1393 2900 καθαιρέσει
1433 2833 1849 2887 καθυποὸάλλε-

361 2942 380 2975 ι
427 2925 590 2976 σθαιο
643 2927 692 2977 εί
722 2925 778 2977 δὲ
813 2924 998 2989 λαϊκὺς
1029 2928 1132 2996 εἴη,
1171 2927 1559 2997 ἀφορίζεσθαιο
1613 2928 1750 2997 πλὴν
1802 2928 1848 2978 εί

355 3033 378 3066 ς
426 3015 595 3087 μήπω
641 3018 856 3087 νόσημά
888 3036 940 3072 τι
976 3021 1274 3088 περιπεσὸν
1320 3021 1455 3090 πρὸς
1487 3021 1724 3091 ἐκτομὴν
1758 3020 1848 3072 τοῦ

258 3121 290 3139 ⁹
354 3124 377 3158 4

354 3215 378 3249 ε
426 3200 559 3269 καίᾳ
601 3200 820 3254 συνόδου
870 3203 1085 3272 πρῶτος
1113 3204 1291 3258 κανὼν
1321 3207 1445 3267 τοὺς
1470 3207 1529 3257 ἐν
1566 3208 1705 3275 νόσῳ
1735 3223 1848 3275 χει-

357 3307 379 3341 (
426 3295 827 3363 ρουργηοέντας
858 3297 919 3347 ού
952 3296 1169 3360 κολάζει
1213 3297 1301 3349 διά
1335 3298 1396 3350 τὸ
1433 3297 1643 3366 νόσημα
1666 3314 1678 3327 ·
1709 3297 1850 3350 οὕτω

361 3398 381 3433 ‹
428 3383 520 3434 καὶ
547 3385 707 3453 ἡμεῖς
732 3384 856 3438 οὔτε
885 3388 1008 3449 τοὺς
1041 3389 1205 3457 ἱερεῖς
1233 3391 1626 3453 ἐπιτάσσοντας
1661 3391 1848 3444 εὐνου-

361 3492 379 3524 σ
425 3474 675 3543 χίζεσθαι
724 3479 850 3540 τοὺς
901 3479 1189 3543 νοσοῦντας
1243 3483 1669 3553 κατακρίνομεν,
1712 3485 1846 3539 οὔτε

356 3582 382 3615 4
433 3564 538 3634 μὴν
567 3566 692 3629 τοὺς
718 3566 938 3631 λαῖκοὺς
965 3571 1284 3641 αὐτοχειρίᾳ
1313 3573 1445 3643 πρὸς
1480 3575 1578 3645 τὴν
1612 3577 1848 3647 ἐκτομὴν

358 3676 381 3709 4
425 3660 742 3729 χρωμένους
768 3656 1092 3731 αἰτιώμεθα.
1128 3664 1297 3716 Τοῦτο
1335 3668 1442 3737 γάρ
1480 3670 1720 3739 ἰατρείαν
1754 3669 1847 3722 τοῦ

362 3767 381 3800 ι
432 3750 706 3822 σώματος,
741 3752 855 3805 ἀλλ’
883 3754 983 3807 οὐκ
1033 3755 1324 3826 ἐπιϐουλὴν
1368 3758 1462 3812 τοῦ
1512 3759 1847 3829 πλάσματος,

358 3861 379 3893 ε
424 3843 455 3912 ἢ
490 3843 588 3913 τῆς
615 3844 865 3909 πλάσεως
902 3846 1057 3916 ὖΰριν
1083 3847 1427 3918 λογιζόμεθα.
1462 3870 1478 3901 ο

359 4023 554 4078 ΒΑΛΣ.
602 4025 985 4083 Ἀποστολικὸν
1036 4032 1235 4085 κανόνα
1290 4036 1453 4101 φασὶν
1510 4037 1561 4090 οἱ
1609 4038 1848 4111 Πατὲρες

279 4114 377 4166 τὸν
408 4123 514 4182 κα’,
546 4117 654 4179 x6',
685 4126 770 4187 κγ’
807 4124 901 4174 καὶ
932 4120 1031 4178 κδ’.
1058 4117 1215 4177 Οὗτοι
1242 4125 1349 4195 γάρ
1373 4126 1699 4197 διορίζονται
1727 4132 1848 4193 πῶς

284 4209 556 4278 ὀφείλουσι
582 4211 904 4276 κολάζεσθαι
934 4215 983 4267 οἱ
1013 4216 1139 4279 τοὺς
1170 4217 1424 4288 διδύμους
1454 4220 1662 4274 ἑαυτῶν
1690 4222 1848 4277 ἐκτέ-

286 4316 529 4370 μ-οιτες.
570 4302 628 4355 Ὀ
682 4302 738 4356 δὲ
789 4303 978 4375 παρὼν
1013 4305 1191 4360 κανὼν
1237 4307 1482 4374 Θεσπίζει
1519 4311 1636 4375 πῶς
1679 4331 1850 4382 τιμω-

286 4392 500 4461 ρεῖσθαι
531 4394 816 4462 μέλλουσιν
842 4398 893 4448 oi
925 4397 1148 4464 ἐτέρους
1176 4400 1576 4471 εύνουχίζοντες
1602 4403 1847 4474 αὐτοχεί-

426 3108 756 3171 πεπονθότος
789 3109 1053 3179 βιάζοιτο.
1087 3112 1295 3181 ’Ὠσπερ
1347 3113 1455 3181 γὰρ
1481 3115 1509 3166 6
1537 3113 1634 3181 τῆς
1668 3114 1720 3163 ἓν
1753 3110 1847 3165 Νι·
1877 3133 1918 3181 t‘.

2032 1922 2051 1954 ι
2093 1918 2208 1964 eos.
2236 1906 2326 1972 qui
2376 1907 2588 1974 seipsos
2622 1915 2892 1971 castraut,
2926 1924 3049 1963 esse
3078 1911 3161 1963 sui
3206 1911 3514 1967 homicidas

2029 2017 2049 2049 ι
2082 1998 2289 2066 judicat
2315 2014 2329 2061 ;
2358 2006 2411 2052 et.
2442 1999 2485 2051 si
2523 2000 2634 2053 sint
2661 1998 2878 2066 quidem
2902 2000 3242 2061 sacerdotes,
3265 2001 3515 2071 deponit;

2032 2108 2050 2139 ι
2088 2089 2132 2143 si
2165 2105 2273 2142 non
2304 2089 2414 2144 sint
2445 2099 2650 2153 autem,
2682 2104 2751 2143 ne
2794 2089 2860 2143 ad
2894 2092 3261 2145 sacerdotium
3299 2109 3517 2161 promo-

2031 2198 2045 2228 ι
2085 2187 2336 2245 reantur,
2381 2180 2632 2250 prohibet
2677 2196 2692 2235 ε
2730 2197 2799 2236 ex
2847 2197 2913 2235 eo
2966 2190 3154 2251 aperte
3242 2193 3512 2249 statuens,

2028 2290 2045 2322 ι
2084 2271 2227 2339 quod
2256 2271 2300 2325 si
2337 2269 2404 2334 is,
2444 2270 2535 2339 qui
2562 2271 2798 2338 seipsum
2823 2281 3067 2330 exsecat.
3106 2273 3191 2326 sui
3220 2281 3306 2326 est
3340 2272 3515 2327 bomio

2024 2382 2048 2414 ι
2093 2364 2233 2425 cida,
2262 2363 2355 2432 qui
2383 2363 2547 2416 alium
2579 2371 2823 2427 exsecat,
2848 2370 2931 2418 est
2960 2364 3186 2418 omnino
3218 2365 3513 2420 homicida.

2029 2478 2046 2508 ι
2091 2455 2287 2511 Merito
2317 2465 2498 2509 autem
2536 2446 2789 2509 statuerit
2812 2456 3087 2525 quispiam
3130 2457 3291 2511 talem
3327 2458 3508 2526 ipsum

2029 2569 2047 2601 ι
2086 2565 2299 2619 quoque
2339 2550 2392 2603 in
2460 2548 2733 2616 Opiﬁcinm
2793 2549 3254 2603 contumeliosum
3316 2550 3511 2603 videri.

2034 2663 2052 2693 ι
2090 2642 2454 2708 Quamobrem
2479 2642 2720 2695 decrevit
2744 2648 2930 2695 sancta
2955 2641 3219 2710 synodus,
3243 2641 3366 2694 ut-si
3391 2640 3514 2710 quis

2030 2750 2045 2781 ι
2090 2731 2403 2799 episcopus,
2429 2729 2513 2783 vel
2539 2729 2838 2799 presbyter.
2863 2730 3254 2795 vel-diaconus,
3274 2742 3515 2787 castrare

2027 2842 2045 2874 ι
2088 2823 2322 2893 aliquem
2373 2823 2661 2877 eoi-victus
2715 2822 2903 2885 fuerit,
2933 2822 3016 2876 vel
3062 2839 3225 2877 manu
3270 2824 3512 2894 propria,

2030 2930 2046 2962 ι
2083 2913 2163 2965 vel
2230 2928 2330 2967 suo
2357 2912 2543 2982 jussu,
2589 2912 2636 2966 is
2668 2913 2995 2982 depositioni
3056 2914 3428 2985 subjiciatur:
3466 2917 3511 2971 si

2030 3026 2047 3055 c
2084 3007 2156 3060 sit
2191 3015 2368 3061 autem
2421 3006 2614 3067 laicus.
2651 3015 3005 3077 segregetnr;
3068 3017 3433 3077 prmterquam
3467 3009 3513 3063 si

2027 3117 2044 3149 ‹
2089 3099 2312 3154 morbus
2340 3098 2539 3168 aliquis
2568 3098 2815 3153 incidens
2847 3098 2913 3152 ad
2942 3100 3305 3154 exsecaudum
3342 3117 3516 3171 aegro-

2025 3210 2042 3240 ι
2080 3198 2282 3244 tantem
2321 3193 2579 3260 coegerit.
2618 3191 3085 3257 Quemadmodum
3122 3193 3266 3246 cnim
3302 3194 3512 3263 primus

2028 3300 2045 3331 σ
2087 3280 2316 3337 Niczente
2370 3268 2563 3352 synodi
2611 3298 2781 3336 canon
2815 3298 2910 3336 eos
2937 3278 3026 3353 q'ni
3086 3286 3276 3338 morbo
3308 3285 3511 3339 exsecti

2029 3394 2045 3422 ι
2087 3382 2234 3436 sunt,
2274 3389 2378 3428 non
2403 3376 2583 3444 punit,
2612 3384 2837 3444 propter
2872 3377 3121 3430 morbum
3162 3393 3176 3429 :
3205 3376 3282 3430 sic
3308 3384 3369 3431 et
3388 3392 3511 3438 nos.

2027 3485 2043 3516 ι
2085 3482 2184 3520 nec
2224 3468 2563 3532 sacerdotes,
2586 3469 2675 3536 qui
2702 3477 2936 3539 aegrotos
2969 3469 3203 3522 eastrari
3233 3471 3512 3530 mandant.

2029 3578 2046 3608 ι
2090 3550 2547 3624 condemnamus,
2580 3574 2681 3637 nec
2712 3561 2908 3622 Iaicos,
2941 3560 3033 3627 qui
3068 3559 3301 3627 prOpriis
3336 3560 3513 3612 mani-

2028 3670 2045 3699 ι
2092 3650 2192 3705 lms
2232 3650 2298 3705 ad
2332 3652 2722 3705 castrationem
2756 3660 3003 3714 utantur,
3040 3652 3509 3720 reprehendimus.

2023 3762 2034 3789 ι
2080 3741 2190 3799 ίηιυο
2222 3744 2369 3798 enim
2394 3746 2644 3813 corporis
2687 3761 2810 3801 esse
2851 3745 3142 3807 medelam,
3184 3760 3293 3798 non
3331 3752 3510 3799 autem

2026 3854 2043 3886 ι
2092 3848 2356 3892 creatura:
2411 3839 2638 3892 insidias
2666 3838 2805 3901 ﬁeri.
2849 3843 2932 3894 vel
2975 3836 3254 3907 opiﬁcium
3312 3837 3510 3906 injuria

2029 3949 2045 3977 α
2085 3930 2219 3986 allici
2247 3932 2642 3986 existimamus.

2022 4027 2217 4082 BALS.
2286 4030 2391 4084 Per
2447 4044 2711 4083 eanoncm
2765 4030 3130 4100 apostolicum
3200 4028 3514 4096 intelligunt

1950 4122 2146 4177 Patres
2202 4136 2466 4177 canonem
2505 4122 3123 4192 vicesimumprlmutn,
3184 4121 3511 4183 secundum,

1949 4216 2249 4271 tertiumet
2278 4222 2533 4282 quartum
2564 4232 2576 4278 ;
2607 4214 2681 4267 illi
2717 4214 2863 4289 enim
2897 4214 3194 4287 deﬁniunt,
3236 4216 3514 4284 quomodo

1951 4306 2132 4378 puniri
2164 4306 2424 4369 debeant,
2451 4307 2544 4375 qui
2572 4306 2674 4360 sibi
2721 4307 3008 4363 testiculos
3033 4314 3337 4375 amputant.
3372 4307 3513 4361 Prte-

1950 4414 2076 4454 sens
2144 4409 2326 4453 autem
2423 4415 2600 4454 canon
2665 4400 2933 4466 decernit,
2985 4401 3261 4471 quomodo
3328 4400 3514 4470 puniri

289 4502 419 4553 ρως,
451 4488 542 4537 καὶ
571 4487 620 4539 oi
653 4487 809 4540 τοῦτο
838 4490 1246 4559 ἐπιτρέποντες.
1277 4469 1413 4562 Φησὶ
1440 4494 1570 4562 γοῦν
1599 4495 1694 4559 ὡς,
1724 4469 1847 4550 ἐπεὶ

1954 4492 2209 4557 debeant,
2251 4493 2344 4561 qui
2381 4492 2517 4546 alios
2552 4492 2668 4546 suis
2714 4492 2966 4546 manibus
3004 4469 3293 4560 castraut,
3329 4469 3382 4546 et
3419 4494 3513 4562 qui

287 4580 315 4628 6
364 4578 611 4645 ἐκτεμὼν
663 4581 854 4633 ἐαυτὸν
905 4583 1304 4653 αύτοφονευτής
1352 4586 1494 4650 ἐστι,
1554 4586 1767 4649 πάντως
1820 4588 1848 4640 6

288 4669 473 4737 έτερον
519 4670 784 4737 ἐκτεμὼν,
838 4672 871 4744 ἥ
908 4675 1205 4745 ἐπιτρέψας
1239 4679 1599 4749 ἐκτμηθῆναι,
1656 4680 1849 4749 φονεύς

288 4761 456 4813 ἐστιν.
511 4760 799 4817 Ἀποκαλεῖ
821 4766 875 4818 δὲ
905 4766 1100 4830 αὐτοὺς
1136 4771 1229 4822 καὶ
1264 4769 1522 4841 ὑϐριστὰς
1564 4772 1658 4826 τοῦ
1690 4774 1846 4826 Θεοῦ.

288 4850 398 4913 Οὓς
450 4852 554 4921 γὰρ
588 4854 617 4905 6
664 4855 797 4918 Θεὸς
843 4858 928 4910 διὰ
981 4858 1083 4927 τῆς
1144 4862 1485 4925 παιδοποιίας
1548 4863 1851 4927 ἀθανάτους

290 4943 477 5011 σχεδὶν
524 4948 920 5017 ἀπειργάσατο,
959 4950 1052 5003 καὶ
1104 4954 1182 5013 εἰς
1225 4954 1391 5023 ἄρσεν
1424 4956 1517 5007 καὶ
1550 4955 1685 5023 θῆλυ
1727 4956 1851 5025 ἐδη-

288 5035 645 5106 μιούργησεν,
678 5040 848 5096 εἰπὼν
883 5044 1019 5113 πρὸς
1052 5045 1308 5110 τούτους,
1358 5047 1710 5112 Αὺξὰνεσθε
1748 5050 1849 5103 καὶ

287 5129 690 5194 πληθύνεσθε,
739 5133 837 5186 καί
885 5136 1241 5203 πληρώσατε
1299 5140 1413 5206 τὴν
1463 5140 1846 5208 οἰκουμένην,

285 5221 440 5272 αὐτοὶ
474 5222 809 5289 ὑπεναντίως
848 5228 923 5299 τῷ
956 5232 1341 5301 προστάγματι
1372 5232 1462 5285 τοῦ
1499 5233 1634 5286 Θεοῦ
1663 5234 1849 5304 ἕτερόν

288 5332 333 5368 τι
399 5315 626 5385 τούτους
668 5312 819 5371 εἶναι
860 5324 1196 5393 πεποιήκασι
1260 5326 1347 5378 διὰ
1401 5327 1496 5394 τῆς
1552 5325 1660 5379 τῶν
1709 5327 1851 5380 διδύ-

286 5424 405 5475 μων
439 5408 778 5478 ἀφαιρέσεως
800 5424 814 5442 ’
866 5413 942 5477 ὡς
969 5415 1079 5467 τῶν
1129 5418 1553 5487 ἐκτετμημένων
1587 5420 1723 5488 μήτε
1757 5421 1850 5473 ἀν-

289 5497 424 5568 δρῶν
456 5498 624 5554 ὄντων
654 5501 740 5555 διὰ
773 5504 832 5556 τὸ
885 5505 957 5576 μὴ
1011 5509 1367 5576 παιδογονείν,
1402 5510 1538 5579 μήτε
1573 5512 1848 5577 γυναικῶν

287 5588 373 5643 διὰ
396 5591 454 5645 τὸ
484 5594 559 5660 μὴ
589 5593 813 5651 τίκτειν.
840 5597 1071 5668 ’Ὠρισαν
1101 5599 1191 5655 οὖν
1222 5602 1267 5654 οἱ
1305 5603 1542 5671 Πατέρες
1573 5604 1694 5666 τοὺς
1729 5604 1845 5656 τόλ-

395 5769 438 5801 ⁷⁸
469 5772 604 5829 Gen.
640 5792 677 5834 ι.
708 5776 798 5829 9-2.

1948 4584 2052 4637 hoc
2097 4584 2211 4638 ﬁeri
2269 4584 2561 4637 mandant.
2621 4584 2824 4637 Dicunt
2864 4599 3021 4654 ergo,
3054 4584 3201 4652 quod
3250 4586 3509 4654 quoniam

1950 4677 2044 4744 qui
2076 4677 2319 4745 seipsum
2357 4684 2601 4736 exsecat,
2651 4677 2737 4729 sui
2769 4687 2853 4732 est
2882 4675 3178 4733 homicida.
3206 4678 3433 4732 omnino
3462 4678 3510 4730 is

1947 4769 2041 4837 qui
2087 4768 2318 4822 alterum
2376 4776 2605 4830 castrat,
2676 4769 2757 4821 vel
2821 4767 3052 4823 castrari
3118 4769 3364 4828 mandat.
3427 4780 3513 4824 est

1952 4861 2247 4916 homicida.
2293 4858 2464 4915 Voc‘at
2495 4868 2675 4914 autem
2708 4861 2856 4929 ipsos
2895 4862 3061 4914 etiam
3093 4863 3146 4915 in
3175 4860 3344 4916 Deum
3375 4877 3478 4915 con
3498 4890 3511 4899 -

1957 4954 2298 5009 ttnneliosos.
2330 4952 2478 5018 Quos
2509 4953 2653 5006 enim
2688 4951 2829 5006 Dens
2860 4969 2954 5023 per
2983 4953 3279 5007 liberorum
3312 4967 3513 5021 procn-

1955 5047 2223 5099 rationem
2271 5043 2609 5099 immortales
2670 5043 3076 5113 quodammodo
3122 5043 3325 5104 eﬂ‘eeit,
3370 5050 3421 5095 et
3459 5043 3512 5095 in

1958 5152 2160 5190 marem
2196 5150 2258 5188 ac
2304 5134 2559 5188 feminam
2594 5134 2869 5199 condidit,
2901 5136 3089 5189 dicens
3143 5134 3244 5198 eis,
3283 5132 3516 5188 Crescite

1953 5239 2002 5283 et
2034 5227 2454 5295 multiplicamini
2482 5236 2531 5279 ct
2553 5227 2743 5295 replete
2773 5238 2969 5280 terram
2989 5226 3060 5290 ⁷⁸,
3088 5227 3213 5296 ipsi,
3251 5226 3517 5280 adversus

1961 5322 2053 5376 Dei
2104 5329 2462 5391 praeceptum,
2502 5335 2603 5375 eos
2640 5320 2844 5388 aliquid
2890 5319 3037 5372 aliud
3077 5335 3199 5374 esse
3248 5320 3513 5381 fecerunt,

1958 5412 2053 5484 per
2073 5412 2456 5468 testiculorum
2489 5411 2816 5465 ablatiouem
2847 5427 2860 5463 :
2900 5418 3086 5479 utpote
3112 5425 3233 5464 cum
3267 5411 3514 5477 castrati,

1956 5524 2055 5562 nec
2085 5507 2194 5559 sint
2226 5505 2349 5569 viri,
2384 5506 2527 5574 quod
2562 5520 2667 5557 non
2729 5512 3019 5573 generem,
3084 5518 3183 5559 nec
3231 5504 3514 5576 πταίει-οε,

1958 5599 2107 5671 quod
2135 5614 2245 5653 non
2280 5598 2518 5668 pariant.
2565 5594 2886 5651 Statuerunt
2915 5610 3045 5667 ergo
3077 5596 3264 5651 Patres
3298 5609 3392 5653 eos
3420 5595 3513 5667 qui
