  <div class='ocr_page' id='page_1' title='image "/cluster/home/n/w/nwhite01/storage/ocr_20150623/137/hvd.32044073502536/573.png"; bbox 0 0 4074 6214; ppageno 0'>
   <div class='ocr_carea' id='block_1_1' title="bbox 574 273 708 339">
    <p class='ocr_par' dir='ltr' id='par_1_1' title="bbox 574 273 708 339">
     <span class='ocr_line' id='line_1_1' title="bbox 574 273 708 339; baseline 0 -3"><span class='ocrx_word' id='word_1_1' title='bbox 574 273 708 339; x_wconf 66' lang='lat' dir='ltr'><strong>ill-5&#39;1</strong></span> 
     </span>
    </p>
   </div>
   <div class='ocr_carea' id='block_1_2' title="bbox 1833 281 2550 344">
    <p class='ocr_par' dir='ltr' id='par_1_2' title="bbox 1833 281 2550 344">
     <span class='ocr_line' id='line_1_2' title="bbox 1833 281 2550 344; baseline 0.004 -4"><span class='ocrx_word' id='word_1_2' title='bbox 1833 281 1934 340; x_wconf 84' lang='grc' dir='ltr'><strong>ΤΗ</strong></span> <span class='ocrx_word' id='word_1_3' title='bbox 1945 283 2111 344; x_wconf 82' lang='grc' dir='ltr'><strong>ΕΟΙ).</strong></span> <span class='ocrx_word' id='word_1_4' title='bbox 2156 282 2246 340; x_wconf 85' lang='lat' dir='ltr'><strong>BA</strong></span> <span class='ocrx_word' id='word_1_5' title='bbox 2259 284 2550 343; x_wconf 74' lang='lat' dir='ltr'><strong>LSAMON</strong></span> 
     </span>
    </p>
   </div>
   <div class='ocr_carea' id='block_1_3' title="bbox 3652 280 3796 346">
    <p class='ocr_par' dir='ltr' id='par_1_3' title="bbox 3652 280 3796 346">
     <span class='ocr_line' id='line_1_3' title="bbox 3652 280 3796 346; baseline -0.014 0"><span class='ocrx_word' id='word_1_6' title='bbox 3652 280 3796 346; x_wconf 65' lang='grc'><strong>1048</strong></span> 
     </span>
    </p>
   </div>
   <div class='ocr_carea' id='block_1_4' title="bbox 576 394 2153 469">
    <p class='ocr_par' dir='ltr' id='par_1_4' title="bbox 576 394 2128 466">
     <span class='ocr_line' id='line_1_4' title="bbox 576 394 2128 466; baseline 0.001 -18"><span class='ocrx_word' id='word_1_7' title='bbox 576 399 811 466; x_wconf 85' lang='lat' dir='ltr'><strong>aliquem</strong></span> <span class='ocrx_word' id='word_1_8' title='bbox 863 407 1110 451; x_wconf 83' lang='lat' dir='ltr'><strong>castrare</strong></span> <span class='ocrx_word' id='word_1_9' title='bbox 1137 395 1253 450; x_wconf 87' lang='lat' dir='ltr'><strong>ausi</strong></span> <span class='ocrx_word' id='word_1_10' title='bbox 1287 394 1509 462; x_wconf 79' lang='lat' dir='ltr'><strong>fuerint,</strong></span> <span class='ocrx_word' id='word_1_11' title='bbox 1561 399 1643 452; x_wconf 80' lang='lat' dir='ltr'><strong>vel</strong></span> <span class='ocrx_word' id='word_1_12' title='bbox 1697 415 1857 453; x_wconf 87' lang='lat' dir='ltr'><strong>mamt</strong></span> <span class='ocrx_word' id='word_1_13' title='bbox 1916 416 2014 454; x_wconf 89' lang='lat' dir='ltr'><strong>sua</strong></span> <span class='ocrx_word' id='word_1_14' title='bbox 2050 397 2128 452; x_wconf 88' lang='lat' dir='ltr'><strong>vel</strong></span> 
     </span>
    </p>
   </div>
   <div class='ocr_carea' id='block_1_5' title="bbox 2253 394 3800 469">
    <p class='ocr_par' dir='ltr' id='par_1_5' title="bbox 2253 398 3800 469">
     <span class='ocr_line' id='line_1_5' title="bbox 2253 398 3800 469; baseline 0.001 -19"><span class='ocrx_word' id='word_1_15' title='bbox 2253 401 2507 468; x_wconf 77' lang='grc' dir='ltr'>ιήσοντας</span> <span class='ocrx_word' id='word_1_16' title='bbox 2539 398 2844 468; x_wconf 76' lang='grc' dir='ltr'><strong>εὐνουχίσαι</strong></span> <span class='ocrx_word' id='word_1_17' title='bbox 2872 399 3172 468; x_wconf 80' lang='grc' dir='ltr'>οίονδήτινα</span> <span class='ocrx_word' id='word_1_18' title='bbox 3272 398 3605 469; x_wconf 73' lang='grc' dir='ltr'>αὖτοχιίρως</span> <span class='ocrx_word' id='word_1_19' title='bbox 3635 399 3668 469; x_wconf 76' lang='grc' dir='ltr'><strong>ἦ</strong></span> <span class='ocrx_word' id='word_1_20' title='bbox 3703 400 3800 452; x_wconf 70' lang='grc' dir='ltr'>διὰ</span> 
     </span>
    </p>
   </div>
   <div class='ocr_carea' id='block_1_6' title="bbox 569 487 2128 562">
    <p class='ocr_par' dir='ltr' id='par_1_6' title="bbox 569 487 2128 562">
     <span class='ocr_line' id='line_1_6' title="bbox 569 487 2128 562; baseline 0.003 -25"><span class='ocrx_word' id='word_1_21' title='bbox 569 489 752 559; x_wconf 78' lang='lat' dir='ltr'><strong>jussu,</strong></span> <span class='ocrx_word' id='word_1_22' title='bbox 779 487 824 543; x_wconf 92' lang='lat' dir='ltr'><strong>si</strong></span> <span class='ocrx_word' id='word_1_23' title='bbox 857 489 967 544; x_wconf 86' lang='lat' dir='ltr'><strong>sint</strong></span> <span class='ocrx_word' id='word_1_24' title='bbox 997 487 1216 556; x_wconf 84' lang='lat' dir='ltr'><strong>quidem</strong></span> <span class='ocrx_word' id='word_1_25' title='bbox 1249 489 1584 554; x_wconf 72' lang='lat' dir='ltr'><strong>sacerdotes,</strong></span> <span class='ocrx_word' id='word_1_26' title='bbox 1616 491 1809 562; x_wconf 87' lang='lat' dir='ltr'><strong>deponi</strong></span> <span class='ocrx_word' id='word_1_27' title='bbox 1839 507 1853 556; x_wconf 89' lang='lat'><strong>;</strong></span> <span class='ocrx_word' id='word_1_28' title='bbox 1884 492 1968 546; x_wconf 86' lang='lat' dir='ltr'><strong>sin</strong></span> <span class='ocrx_word' id='word_1_29' title='bbox 1999 506 2128 544; x_wconf 79' lang='lat' dir='ltr'><strong>vero</strong></span> 
     </span>
    </p>
   </div>
   <div class='ocr_carea' id='block_1_7' title="bbox 575 579 2124 654">
    <p class='ocr_par' dir='ltr' id='par_1_7' title="bbox 575 579 2124 654">
     <span class='ocr_line' id='line_1_7' title="bbox 575 579 2124 654; baseline 0.003 -22"><span class='ocrx_word' id='word_1_30' title='bbox 575 581 720 642; x_wconf 73' lang='lat' dir='ltr'><strong>laici,</strong></span> <span class='ocrx_word' id='word_1_31' title='bbox 765 580 1040 648; x_wconf 75' lang='lat' dir='ltr'><strong>segregari</strong></span> <span class='ocrx_word' id='word_1_32' title='bbox 1076 597 1088 632; x_wconf 91' lang='lat'>:</span> <span class='ocrx_word' id='word_1_33' title='bbox 1125 580 1228 634; x_wconf 86' lang='lat' dir='ltr'><strong>nisi</strong></span> <span class='ocrx_word' id='word_1_34' title='bbox 1286 579 1425 636; x_wconf 74' lang='lat' dir='ltr'><strong>forte</strong></span> <span class='ocrx_word' id='word_1_35' title='bbox 1463 581 1516 636; x_wconf 89' lang='lat' dir='ltr'><strong>in</strong></span> <span class='ocrx_word' id='word_1_36' title='bbox 1549 597 1664 648; x_wconf 90' lang='lat' dir='ltr'><strong>eos,</strong></span> <span class='ocrx_word' id='word_1_37' title='bbox 1697 584 1789 652; x_wconf 86' lang='lat' dir='ltr'><strong>qui</strong></span> <span class='ocrx_word' id='word_1_38' title='bbox 1819 593 2124 654; x_wconf 64' lang='lat' dir='ltr'><strong>aegrotant,</strong></span> 
     </span>
    </p>
   </div>
   <div class='ocr_carea' id='block_1_8' title="bbox 573 672 2132 742">
    <p class='ocr_par' dir='ltr' id='par_1_8' title="bbox 573 672 2132 742">
     <span class='ocr_line' id='line_1_8' title="bbox 573 672 2132 742; baseline 0.003 -19"><span class='ocrx_word' id='word_1_39' title='bbox 573 677 682 726; x_wconf 86' lang='lat' dir='ltr'><strong>tale</strong></span> <span class='ocrx_word' id='word_1_40' title='bbox 742 673 872 742; x_wconf 79' lang='lat' dir='ltr'><strong>quid</strong></span> <span class='ocrx_word' id='word_1_41' title='bbox 930 672 1196 739; x_wconf 78' lang='lat' dir='ltr'><strong>fecerint;</strong></span> <span class='ocrx_word' id='word_1_42' title='bbox 1262 689 1358 728; x_wconf 91' lang='lat' dir='ltr'><strong>cos</strong></span> <span class='ocrx_word' id='word_1_43' title='bbox 1418 674 1560 728; x_wconf 90' lang='lat' dir='ltr'><strong>enim</strong></span> <span class='ocrx_word' id='word_1_44' title='bbox 1637 676 1766 728; x_wconf 88' lang='lat' dir='ltr'><strong>nulli</strong></span> <span class='ocrx_word' id='word_1_45' title='bbox 1805 690 1927 729; x_wconf 68' lang='lat' dir='ltr'><strong>esse</strong></span> <span class='ocrx_word' id='word_1_46' title='bbox 1958 675 2132 738; x_wconf 60' lang='lat' dir='ltr'><strong>culpa:</strong></span> 
     </span>
    </p>
   </div>
   <div class='ocr_carea' id='block_1_9' title="bbox 576 760 2130 834">
    <p class='ocr_par' dir='ltr' id='par_1_9' title="bbox 576 760 2130 834">
     <span class='ocr_line' id='line_1_9' title="bbox 576 760 2130 834; baseline 0.004 -24"><span class='ocrx_word' id='word_1_47' title='bbox 576 761 762 814; x_wconf 58' lang='lat' dir='ltr'><strong>alliurs</strong></span> <span class='ocrx_word' id='word_1_48' title='bbox 813 760 1123 826; x_wconf 84' lang='lat' dir='ltr'><strong>jusserunt,</strong></span> <span class='ocrx_word' id='word_1_49' title='bbox 1189 765 1314 832; x_wconf 86' lang='lat' dir='ltr'><strong>quia</strong></span> <span class='ocrx_word' id='word_1_50' title='bbox 1374 763 1464 819; x_wconf 87' lang='lat' dir='ltr'><strong>Dei</strong></span> <span class='ocrx_word' id='word_1_51' title='bbox 1523 765 1723 834; x_wconf 81' lang='lat' dir='ltr'><strong>opiﬁcii</strong></span> <span class='ocrx_word' id='word_1_52' title='bbox 1770 765 1980 818; x_wconf 82' lang='lat' dir='ltr'><strong>medela</strong></span> <span class='ocrx_word' id='word_1_53' title='bbox 2023 773 2130 826; x_wconf 77' lang='lat' dir='ltr'><strong>est,</strong></span> 
     </span>
    </p>
   </div>
   <div class='ocr_carea' id='block_1_10' title="bbox 577 857 2134 928">
    <p class='ocr_par' dir='ltr' id='par_1_10' title="bbox 577 857 2134 928">
     <span class='ocr_line' id='line_1_10' title="bbox 577 857 2134 928; baseline 0.004 -24"><span class='ocrx_word' id='word_1_54' title='bbox 577 869 682 905; x_wconf 89' lang='lat' dir='ltr'><strong>non</strong></span> <span class='ocrx_word' id='word_1_55' title='bbox 745 863 927 905; x_wconf 87' lang='lat' dir='ltr'><strong>autem</strong></span> <span class='ocrx_word' id='word_1_56' title='bbox 983 857 1339 914; x_wconf 84' lang='lat' dir='ltr'><strong>contumelia.</strong></span> <span class='ocrx_word' id='word_1_57' title='bbox 1399 857 1450 910; x_wconf 88' lang='lat' dir='ltr'><strong>id</strong></span> <span class='ocrx_word' id='word_1_58' title='bbox 1505 858 1647 926; x_wconf 77' lang='lat' dir='ltr'><strong>quod</strong></span> <span class='ocrx_word' id='word_1_59' title='bbox 1681 859 1764 912; x_wconf 87' lang='lat' dir='ltr'><strong>sic</strong></span> <span class='ocrx_word' id='word_1_60' title='bbox 1825 857 1881 910; x_wconf 78' lang='lat' dir='ltr'><strong>ﬁt</strong></span> <span class='ocrx_word' id='word_1_61' title='bbox 1913 867 2134 928; x_wconf 88' lang='lat' dir='ltr'><strong>propter</strong></span> 
     </span>
    </p>
   </div>
   <div class='ocr_carea' id='block_1_11' title="bbox 577 945 2135 1018">
    <p class='ocr_par' dir='ltr' id='par_1_11' title="bbox 577 945 2135 1018">
     <span class='ocr_line' id='line_1_11' title="bbox 577 945 2135 1018; baseline 0.004 -21"><span class='ocrx_word' id='word_1_62' title='bbox 577 945 847 998; x_wconf 74' lang='lat' dir='ltr'><strong>lumbum.</strong></span> <span class='ocrx_word' id='word_1_63' title='bbox 877 945 1018 1014; x_wconf 83' lang='lat' dir='ltr'><strong>Lege</strong></span> <span class='ocrx_word' id='word_1_64' title='bbox 1041 964 1160 1015; x_wconf 71' lang='lat' dir='ltr'><strong>quae</strong></span> <span class='ocrx_word' id='word_1_65' title='bbox 1195 948 1440 1003; x_wconf 89' lang='lat' dir='ltr'><strong>indictis</strong></span> <span class='ocrx_word' id='word_1_66' title='bbox 1482 950 1795 1018; x_wconf 80' lang='lat' dir='ltr'><strong>apostolicis</strong></span> <span class='ocrx_word' id='word_1_67' title='bbox 1830 950 2135 1004; x_wconf 83' lang='lat' dir='ltr'><strong>canonibus</strong></span> 
     </span>
    </p>
   </div>
   <div class='ocr_carea' id='block_1_12' title="bbox 573 1039 2133 1108">
    <p class='ocr_par' dir='ltr' id='par_1_12' title="bbox 573 1039 2133 1108">
     <span class='ocr_line' id='line_1_12' title="bbox 573 1039 2133 1108; baseline 0.003 -19"><span class='ocrx_word' id='word_1_68' title='bbox 573 1039 778 1106; x_wconf 86' lang='lat' dir='ltr'><strong>scripta</strong></span> <span class='ocrx_word' id='word_1_69' title='bbox 830 1048 987 1098; x_wconf 89' lang='lat' dir='ltr'><strong>sunt.</strong></span> <span class='ocrx_word' id='word_1_70' title='bbox 1021 1048 1075 1090; x_wconf 89' lang='lat' dir='ltr'><strong>et</strong></span> <span class='ocrx_word' id='word_1_71' title='bbox 1109 1041 1342 1108; x_wconf 87' lang='lat' dir='ltr'><strong>primum</strong></span> <span class='ocrx_word' id='word_1_72' title='bbox 1399 1056 1661 1094; x_wconf 87' lang='lat' dir='ltr'><strong>canonem</strong></span> <span class='ocrx_word' id='word_1_73' title='bbox 1697 1043 1883 1108; x_wconf 46' lang='lat' dir='ltr'><strong>primat</strong></span> <span class='ocrx_word' id='word_1_74' title='bbox 1913 1042 2133 1106; x_wconf 78' lang='lat' dir='ltr'><strong>synodi,</strong></span> 
     </span>
    </p>
   </div>
   <div class='ocr_carea' id='block_1_13' title="bbox 571 1128 2132 1194">
    <p class='ocr_par' dir='ltr' id='par_1_13' title="bbox 571 1128 2132 1194">
     <span class='ocr_line' id='line_1_13' title="bbox 571 1128 2132 1194; baseline 0.004 -17"><span class='ocrx_word' id='word_1_75' title='bbox 571 1139 625 1179; x_wconf 78' lang='lat' dir='ltr'><strong>et</strong></span> <span class='ocrx_word' id='word_1_76' title='bbox 655 1143 776 1194; x_wconf 85' lang='lat' dir='ltr'><strong>qme</strong></span> <span class='ocrx_word' id='word_1_77' title='bbox 804 1128 856 1181; x_wconf 90' lang='lat' dir='ltr'><strong>iu</strong></span> <span class='ocrx_word' id='word_1_78' title='bbox 890 1145 955 1182; x_wconf 91' lang='lat' dir='ltr'><strong>eo</strong></span> <span class='ocrx_word' id='word_1_79' title='bbox 980 1139 1130 1193; x_wconf 89' lang='lat' dir='ltr'><strong>sunt,</strong></span> <span class='ocrx_word' id='word_1_80' title='bbox 1167 1141 1219 1184; x_wconf 90' lang='lat' dir='ltr'><strong>et</strong></span> <span class='ocrx_word' id='word_1_81' title='bbox 1250 1131 1352 1184; x_wconf 68' lang='grc'><strong>142</strong></span> <span class='ocrx_word' id='word_1_82' title='bbox 1377 1131 1640 1186; x_wconf 79' lang='lat' dir='ltr'><strong>novellam</strong></span> <span class='ocrx_word' id='word_1_83' title='bbox 1661 1129 1953 1184; x_wconf 65' lang='lat' dir='ltr'><strong>J&#39;nstiniaui</strong></span> <span class='ocrx_word' id='word_1_84' title='bbox 1978 1131 2132 1184; x_wconf 89' lang='lat' dir='ltr'><strong>sitam</strong></span> 
     </span>
    </p>
   </div>
   <div class='ocr_carea' id='block_1_14' title="bbox 575 1222 2136 1296">
    <p class='ocr_par' dir='ltr' id='par_1_14' title="bbox 575 1222 2136 1296">
     <span class='ocr_line' id='line_1_14' title="bbox 575 1222 2136 1296; baseline 0.005 -25"><span class='ocrx_word' id='word_1_85' title='bbox 575 1229 729 1272; x_wconf 79' lang='lat' dir='ltr'><strong>extra</strong></span> <span class='ocrx_word' id='word_1_86' title='bbox 763 1237 884 1289; x_wconf 81' lang='lat' dir='ltr'><strong>cap.</strong></span> <span class='ocrx_word' id='word_1_87' title='bbox 916 1222 982 1276; x_wconf 71' lang='grc' dir='ltr'>Η</span> <span class='ocrx_word' id='word_1_88' title='bbox 1021 1224 1176 1288; x_wconf 77' lang='lat' dir='ltr'><strong>primi</strong></span> <span class='ocrx_word' id='word_1_89' title='bbox 1202 1226 1346 1277; x_wconf 89' lang='lat' dir='ltr'><strong>tituli</strong></span> <span class='ocrx_word' id='word_1_90' title='bbox 1379 1240 1440 1296; x_wconf 89' lang='lat' dir='ltr'><strong>pr</strong></span> <span class='ocrx_word' id='word_1_91' title='bbox 1457 1225 1660 1279; x_wconf 86' lang='lat' dir='ltr'><strong>cseutis</strong></span> <span class='ocrx_word' id='word_1_92' title='bbox 1686 1225 1882 1293; x_wconf 77' lang='lat' dir='ltr'><strong>aperis.</strong></span> <span class='ocrx_word' id='word_1_93' title='bbox 1915 1223 2050 1279; x_wconf 83' lang='lat' dir='ltr'><strong>Nota</strong></span> <span class='ocrx_word' id='word_1_94' title='bbox 2080 1235 2136 1279; x_wconf 91' lang='lat' dir='ltr'><strong>et</strong></span> 
     </span>
    </p>
   </div>
   <div class='ocr_carea' id='block_1_15' title="bbox 577 1316 2137 1388">
    <p class='ocr_par' dir='ltr' id='par_1_15' title="bbox 577 1316 2137 1388">
     <span class='ocr_line' id='line_1_15' title="bbox 577 1316 2137 1388; baseline 0.003 -23"><span class='ocrx_word' id='word_1_95' title='bbox 577 1328 776 1367; x_wconf 88' lang='lat' dir='ltr'><strong>novum</strong></span> <span class='ocrx_word' id='word_1_96' title='bbox 799 1316 1104 1384; x_wconf 84' lang='lat' dir='ltr'><strong>quidpiam,</strong></span> <span class='ocrx_word' id='word_1_97' title='bbox 1125 1317 1347 1381; x_wconf 81' lang='lat' dir='ltr'><strong>quodex</strong></span> <span class='ocrx_word' id='word_1_98' title='bbox 1365 1333 1430 1372; x_wconf 91' lang='lat' dir='ltr'><strong>eo</strong></span> <span class='ocrx_word' id='word_1_99' title='bbox 1452 1328 1675 1386; x_wconf 83' lang='lat' dir='ltr'><strong>apparet</strong></span> <span class='ocrx_word' id='word_1_100' title='bbox 1695 1319 1837 1388; x_wconf 90' lang='lat' dir='ltr'><strong>quod</strong></span> <span class='ocrx_word' id='word_1_101' title='bbox 1853 1317 1904 1371; x_wconf 93' lang='lat' dir='ltr'><strong>in</strong></span> <span class='ocrx_word' id='word_1_102' title='bbox 1926 1332 2137 1371; x_wconf 85' lang='lat' dir='ltr'><strong>canone</strong></span> 
     </span>
    </p>
   </div>
   <div class='ocr_carea' id='block_1_16' title="bbox 577 1408 2135 1482">
    <p class='ocr_par' dir='ltr' id='par_1_16' title="bbox 577 1408 2135 1482">
     <span class='ocr_line' id='line_1_16' title="bbox 577 1408 2135 1482; baseline 0.004 -24"><span class='ocrx_word' id='word_1_103' title='bbox 577 1408 1083 1476; x_wconf 89' lang='lat' dir='ltr'><strong>comprehenditur.</strong></span> <span class='ocrx_word' id='word_1_104' title='bbox 1121 1409 1280 1482; x_wconf 63' lang='grc'><strong>347</strong></span> <span class='ocrx_word' id='word_1_105' title='bbox 1319 1411 1586 1480; x_wconf 78' lang='lat' dir='ltr'><strong>Superius.</strong></span> <span class='ocrx_word' id='word_1_106' title='bbox 1617 1412 1760 1465; x_wconf 85' lang='lat' dir='ltr'><strong>enim</strong></span> <span class='ocrx_word' id='word_1_107' title='bbox 1797 1409 2135 1474; x_wconf 85' lang='lat' dir='ltr'><strong>sacerdotes,</strong></span> 
     </span>
    </p>
   </div>
   <div class='ocr_carea' id='block_1_17' title="bbox 578 1501 2137 1574">
    <p class='ocr_par' dir='ltr' id='par_1_17' title="bbox 578 1501 2137 1574">
     <span class='ocr_line' id='line_1_17' title="bbox 578 1501 2137 1574; baseline 0.003 -23"><span class='ocrx_word' id='word_1_108' title='bbox 578 1501 668 1562; x_wconf 92' lang='lat' dir='ltr'><strong>qui</strong></span> <span class='ocrx_word' id='word_1_109' title='bbox 708 1501 788 1554; x_wconf 85' lang='lat' dir='ltr'><strong>vel</strong></span> <span class='ocrx_word' id='word_1_110' title='bbox 826 1508 943 1558; x_wconf 91' lang='lat' dir='ltr'><strong>suis</strong></span> <span class='ocrx_word' id='word_1_111' title='bbox 976 1507 1227 1560; x_wconf 89' lang='lat' dir='ltr'><strong>manibus</strong></span> <span class='ocrx_word' id='word_1_112' title='bbox 1259 1507 1339 1558; x_wconf 90' lang='lat' dir='ltr'><strong>vel</strong></span> <span class='ocrx_word' id='word_1_113' title='bbox 1377 1507 1534 1573; x_wconf 85' lang='lat' dir='ltr'><strong>jussu</strong></span> <span class='ocrx_word' id='word_1_114' title='bbox 1559 1514 1827 1567; x_wconf 87' lang='lat' dir='ltr'><strong>castraut,</strong></span> <span class='ocrx_word' id='word_1_115' title='bbox 1859 1504 2137 1574; x_wconf 84' lang='lat' dir='ltr'><strong>deponen-</strong></span> 
     </span>
    </p>
   </div>
   <div class='ocr_carea' id='block_1_18' title="bbox 577 1591 2136 1671">
    <p class='ocr_par' dir='ltr' id='par_1_18' title="bbox 577 1591 2136 1671">
     <span class='ocr_line' id='line_1_18' title="bbox 577 1591 2136 1671; baseline 0.003 -27"><span class='ocrx_word' id='word_1_116' title='bbox 577 1591 678 1644; x_wconf 88' lang='lat' dir='ltr'><strong>dos</strong></span> <span class='ocrx_word' id='word_1_117' title='bbox 705 1609 828 1648; x_wconf 89' lang='lat' dir='ltr'><strong>esse</strong></span> <span class='ocrx_word' id='word_1_118' title='bbox 883 1594 1071 1650; x_wconf 74' lang='lat' dir='ltr'><strong>Patres</strong></span> <span class='ocrx_word' id='word_1_119' title='bbox 1109 1606 1362 1671; x_wconf 58' lang='lat' dir='ltr'><strong>statnuirt</strong></span> <span class='ocrx_word' id='word_1_120' title='bbox 1396 1613 1410 1651; x_wconf 88' lang='lat'><strong>:</strong></span> <span class='ocrx_word' id='word_1_121' title='bbox 1464 1597 1694 1650; x_wconf 83' lang='lat' dir='ltr'><strong>inferius</strong></span> <span class='ocrx_word' id='word_1_122' title='bbox 1721 1607 1904 1651; x_wconf 86' lang='lat' dir='ltr'><strong>autem</strong></span> <span class='ocrx_word' id='word_1_123' title='bbox 1942 1596 2009 1650; x_wconf 86' lang='lat' dir='ltr'><strong>de</strong></span> <span class='ocrx_word' id='word_1_124' title='bbox 2051 1597 2136 1657; x_wconf 66' lang='lat' dir='ltr'><strong>iis.</strong></span> 
     </span>
    </p>
   </div>
   <div class='ocr_carea' id='block_1_19' title="bbox 579 1685 2138 1759">
    <p class='ocr_par' dir='ltr' id='par_1_19' title="bbox 579 1685 2138 1759">
     <span class='ocr_line' id='line_1_19' title="bbox 579 1685 2138 1759; baseline 0.006 -25"><span class='ocrx_word' id='word_1_125' title='bbox 579 1685 672 1751; x_wconf 90' lang='lat' dir='ltr'><strong>qui</strong></span> <span class='ocrx_word' id='word_1_126' title='bbox 711 1696 931 1756; x_wconf 84' lang='lat' dir='ltr'><strong>propter</strong></span> <span class='ocrx_word' id='word_1_127' title='bbox 972 1691 1218 1743; x_wconf 78' lang='lat' dir='ltr'><strong>morbum</strong></span> <span class='ocrx_word' id='word_1_128' title='bbox 1256 1691 1602 1749; x_wconf 83' lang='lat' dir='ltr'><strong>mutilautur,</strong></span> <span class='ocrx_word' id='word_1_129' title='bbox 1635 1690 1942 1759; x_wconf 88' lang='lat' dir='ltr'><strong>loquentes,</strong></span> <span class='ocrx_word' id='word_1_130' title='bbox 1973 1689 2138 1744; x_wconf 87' lang='lat' dir='ltr'><strong>laieos</strong></span> 
     </span>
    </p>
   </div>
   <div class='ocr_carea' id='block_1_20' title="bbox 581 1776 2141 1848">
    <p class='ocr_par' dir='ltr' id='par_1_20' title="bbox 581 1776 2141 1848">
     <span class='ocr_line' id='line_1_20' title="bbox 581 1776 2141 1848; baseline 0.006 -22"><span class='ocrx_word' id='word_1_131' title='bbox 581 1776 828 1843; x_wconf 89' lang='lat' dir='ltr'><strong>quidem,</strong></span> <span class='ocrx_word' id='word_1_132' title='bbox 863 1781 956 1848; x_wconf 91' lang='lat' dir='ltr'><strong>qui</strong></span> <span class='ocrx_word' id='word_1_133' title='bbox 989 1780 1106 1835; x_wconf 87' lang='lat' dir='ltr'><strong>suis</strong></span> <span class='ocrx_word' id='word_1_134' title='bbox 1132 1781 1386 1837; x_wconf 89' lang='lat' dir='ltr'><strong>manibus</strong></span> <span class='ocrx_word' id='word_1_135' title='bbox 1421 1791 1683 1847; x_wconf 85' lang='lat' dir='ltr'><strong>eastrant,</strong></span> <span class='ocrx_word' id='word_1_136' title='bbox 1719 1784 1799 1835; x_wconf 84' lang='lat' dir='ltr'><strong>vel</strong></span> <span class='ocrx_word' id='word_1_137' title='bbox 1839 1783 2141 1836; x_wconf 75' lang='lat' dir='ltr'><strong>mutilatio-</strong></span> 
     </span>
    </p>
   </div>
   <div class='ocr_carea' id='block_1_21' title="bbox 586 1871 2138 1939">
    <p class='ocr_par' dir='ltr' id='par_1_21' title="bbox 586 1871 2138 1939">
     <span class='ocr_line' id='line_1_21' title="bbox 586 1871 2138 1939; baseline 0.004 -25"><span class='ocrx_word' id='word_1_138' title='bbox 586 1881 706 1918; x_wconf 88' lang='lat' dir='ltr'><strong>nem</strong></span> <span class='ocrx_word' id='word_1_139' title='bbox 751 1883 846 1921; x_wconf 75' lang='lat' dir='ltr'><strong>St&#39;tt</strong></span> <span class='ocrx_word' id='word_1_140' title='bbox 902 1871 1294 1924; x_wconf 77' lang='lat' dir='ltr'><strong>castratiOuem</strong></span> <span class='ocrx_word' id='word_1_141' title='bbox 1355 1871 1640 1934; x_wconf 87' lang='lat' dir='ltr'><strong>mandant,</strong></span> <span class='ocrx_word' id='word_1_142' title='bbox 1683 1887 1791 1924; x_wconf 91' lang='lat' dir='ltr'><strong>nou</strong></span> <span class='ocrx_word' id='word_1_143' title='bbox 1819 1871 2138 1939; x_wconf 83' lang='lat' dir='ltr'><strong>inculpaut;</strong></span> 
     </span>
    </p>
   </div>
   <div class='ocr_carea' id='block_1_22' title="bbox 584 1961 2184 2030">
    <p class='ocr_par' dir='ltr' id='par_1_22' title="bbox 584 1961 2184 2030">
     <span class='ocr_line' id='line_1_22' title="bbox 584 1961 2184 2030; baseline 0.005 -22"><span class='ocrx_word' id='word_1_144' title='bbox 584 1961 897 2014; x_wconf 71' lang='lat' dir='ltr'><strong>sacerdotes</strong></span> <span class='ocrx_word' id='word_1_145' title='bbox 920 1977 1070 2024; x_wconf 87' lang='lat' dir='ltr'><strong>vero,</strong></span> <span class='ocrx_word' id='word_1_146' title='bbox 1111 1963 1202 2030; x_wconf 90' lang='lat' dir='ltr'><strong>qui</strong></span> <span class='ocrx_word' id='word_1_147' title='bbox 1248 1963 1512 2016; x_wconf 87' lang='lat' dir='ltr'><strong>mandant</strong></span> <span class='ocrx_word' id='word_1_148' title='bbox 1563 1973 1811 2024; x_wconf 85' lang='lat' dir='ltr'><strong>tnntmu,</strong></span> <span class='ocrx_word' id='word_1_149' title='bbox 1849 1978 1954 2016; x_wconf 90' lang='lat' dir='ltr'><strong>non</strong></span> <span class='ocrx_word' id='word_1_150' title='bbox 2008 1977 2184 2016; x_wconf 85' lang='lat' dir='ltr'><strong>con--</strong></span> 
     </span>
    </p>
   </div>
   <div class='ocr_carea' id='block_1_23' title="bbox 583 2050 2147 2124">
    <p class='ocr_par' dir='ltr' id='par_1_23' title="bbox 583 2050 2147 2124">
     <span class='ocr_line' id='line_1_23' title="bbox 583 2050 2147 2124; baseline 0.005 -24"><span class='ocrx_word' id='word_1_151' title='bbox 583 2050 861 2114; x_wconf 66' lang='lat' dir='ltr'><strong>dentiant,</strong></span> <span class='ocrx_word' id='word_1_152' title='bbox 899 2053 992 2107; x_wconf 89' lang='lat' dir='ltr'><strong>sed</strong></span> <span class='ocrx_word' id='word_1_153' title='bbox 1033 2070 1140 2106; x_wconf 88' lang='lat' dir='ltr'><strong>non</strong></span> <span class='ocrx_word' id='word_1_154' title='bbox 1171 2055 1356 2109; x_wconf 83' lang='lat' dir='ltr'><strong>itidem</strong></span> <span class='ocrx_word' id='word_1_155' title='bbox 1387 2064 1440 2108; x_wconf 87' lang='lat' dir='ltr'><strong>et</strong></span> <span class='ocrx_word' id='word_1_156' title='bbox 1475 2071 1591 2121; x_wconf 86' lang='lat' dir='ltr'><strong>eos,</strong></span> <span class='ocrx_word' id='word_1_157' title='bbox 1629 2056 1720 2124; x_wconf 90' lang='lat' dir='ltr'><strong>qui</strong></span> <span class='ocrx_word' id='word_1_158' title='bbox 1747 2055 1863 2110; x_wconf 89' lang='lat' dir='ltr'><strong>suis</strong></span> <span class='ocrx_word' id='word_1_159' title='bbox 1891 2055 2147 2110; x_wconf 83' lang='lat' dir='ltr'><strong>manibus</strong></span> 
     </span>
    </p>
   </div>
   <div class='ocr_carea' id='block_1_24' title="bbox 585 2145 2144 2213">
    <p class='ocr_par' dir='ltr' id='par_1_24' title="bbox 585 2145 2144 2213">
     <span class='ocr_line' id='line_1_24' title="bbox 585 2145 2144 2213; baseline 0.003 -20"><span class='ocrx_word' id='word_1_160' title='bbox 585 2145 974 2196; x_wconf 73' lang='lat' dir='ltr'><strong>raSlratiouem</strong></span> <span class='ocrx_word' id='word_1_161' title='bbox 1037 2145 1287 2199; x_wconf 76' lang='lat' dir='ltr'><strong>fecrrint.</strong></span> <span class='ocrx_word' id='word_1_162' title='bbox 1321 2145 1454 2198; x_wconf 66' lang='lat' dir='ltr'><strong>Nota</strong></span> <span class='ocrx_word' id='word_1_163' title='bbox 1499 2154 1681 2200; x_wconf 83' lang='lat' dir='ltr'><strong>autem</strong></span> <span class='ocrx_word' id='word_1_164' title='bbox 1717 2147 1842 2208; x_wconf 89' lang='lat' dir='ltr'><strong>hoc,</strong></span> <span class='ocrx_word' id='word_1_165' title='bbox 1875 2147 2020 2213; x_wconf 89' lang='lat' dir='ltr'><strong>quod</strong></span> <span class='ocrx_word' id='word_1_166' title='bbox 2048 2145 2144 2197; x_wconf 89' lang='lat' dir='ltr'><strong>tibi</strong></span> 
     </span>
    </p>
   </div>
   <div class='ocr_carea' id='block_1_25' title="bbox 517 2221 2147 2307">
    <p class='ocr_par' dir='ltr' id='par_1_25' title="bbox 517 2221 2147 2307">
     <span class='ocr_line' id='line_1_25' title="bbox 517 2221 2147 2307; baseline 0.002 -20"><span class='ocrx_word' id='word_1_167' title='bbox 517 2249 523 2262; x_wconf 87' lang='lat'><em>&#39;</em></span> <span class='ocrx_word' id='word_1_168' title='bbox 587 2238 814 2289; x_wconf 85' lang='lat' dir='ltr'><strong>multum</strong></span> <span class='ocrx_word' id='word_1_169' title='bbox 847 2237 1005 2290; x_wconf 82' lang='lat' dir='ltr'><strong>debet</strong></span> <span class='ocrx_word' id='word_1_170' title='bbox 1051 2239 1328 2298; x_wconf 69' lang='lat' dir='ltr'><strong>conferre,</strong></span> <span class='ocrx_word' id='word_1_171' title='bbox 1370 2221 1438 2292; x_wconf 88' lang='lat' dir='ltr'><strong>ne</strong></span> <span class='ocrx_word' id='word_1_172' title='bbox 1473 2238 1698 2307; x_wconf 90' lang='lat' dir='ltr'><strong>impune</strong></span> <span class='ocrx_word' id='word_1_173' title='bbox 1731 2241 1926 2292; x_wconf 86' lang='lat' dir='ltr'><strong>abeant</strong></span> <span class='ocrx_word' id='word_1_174' title='bbox 1962 2253 2147 2293; x_wconf 84' lang='lat' dir='ltr'><strong>sacer-</strong></span> 
     </span>
    </p>
   </div>
   <div class='ocr_carea' id='block_1_26' title="bbox 583 2331 2148 2402">
    <p class='ocr_par' dir='ltr' id='par_1_26' title="bbox 583 2331 2148 2402">
     <span class='ocr_line' id='line_1_26' title="bbox 583 2331 2148 2402; baseline 0.001 -18"><span class='ocrx_word' id='word_1_175' title='bbox 583 2331 764 2396; x_wconf 85' lang='lat' dir='ltr'><strong>dotes,</strong></span> <span class='ocrx_word' id='word_1_176' title='bbox 815 2334 904 2402; x_wconf 88' lang='lat' dir='ltr'><strong>qui</strong></span> <span class='ocrx_word' id='word_1_177' title='bbox 959 2350 1018 2387; x_wconf 84' lang='lat' dir='ltr'><strong>se</strong></span> <span class='ocrx_word' id='word_1_178' title='bbox 1072 2334 1280 2402; x_wconf 84' lang='lat' dir='ltr'><strong>absque</strong></span> <span class='ocrx_word' id='word_1_179' title='bbox 1320 2333 1582 2388; x_wconf 64' lang='lat' dir='ltr'><strong>Ecclesia:</strong></span> <span class='ocrx_word' id='word_1_180' title='bbox 1617 2335 1882 2402; x_wconf 85' lang='lat' dir='ltr'><strong>permissu</strong></span> <span class='ocrx_word' id='word_1_181' title='bbox 1923 2344 2148 2402; x_wconf 83' lang='lat' dir='ltr'><strong>propter</strong></span> 
     </span>
    </p>
   </div>
   <div class='ocr_carea' id='block_1_27' title="bbox 588 2423 2148 2493">
    <p class='ocr_par' dir='ltr' id='par_1_27' title="bbox 588 2423 2148 2493">
     <span class='ocr_line' id='line_1_27' title="bbox 588 2423 2148 2493; baseline 0.001 -17"><span class='ocrx_word' id='word_1_182' title='bbox 588 2423 838 2478; x_wconf 84' lang='lat' dir='ltr'><strong>morbum</strong></span> <span class='ocrx_word' id='word_1_183' title='bbox 874 2425 1198 2479; x_wconf 74' lang='lat' dir='ltr'><strong>castrandos</strong></span> <span class='ocrx_word' id='word_1_184' title='bbox 1233 2426 1475 2480; x_wconf 82' lang='lat' dir='ltr'><strong>tradunt.</strong></span> <span class='ocrx_word' id='word_1_185' title='bbox 1511 2425 1567 2479; x_wconf 89' lang='lat' dir='ltr'><strong>Si</strong></span> <span class='ocrx_word' id='word_1_186' title='bbox 1615 2428 1760 2479; x_wconf 89' lang='lat' dir='ltr'><strong>enim</strong></span> <span class='ocrx_word' id='word_1_187' title='bbox 1805 2427 2029 2493; x_wconf 86' lang='lat' dir='ltr'><strong>punitur</strong></span> <span class='ocrx_word' id='word_1_188' title='bbox 2061 2442 2148 2478; x_wconf 90' lang='lat' dir='ltr'><strong>sa-</strong></span> 
     </span>
    </p>
   </div>
   <div class='ocr_carea' id='block_1_28' title="bbox 587 2518 2147 2590">
    <p class='ocr_par' dir='ltr' id='par_1_28' title="bbox 587 2518 2147 2590">
     <span class='ocr_line' id='line_1_28' title="bbox 587 2518 2147 2590; baseline 0.001 -20"><span class='ocrx_word' id='word_1_189' title='bbox 587 2518 806 2581; x_wconf 69' lang='lat' dir='ltr'><strong>ecrd-us,</strong></span> <span class='ocrx_word' id='word_1_190' title='bbox 862 2518 953 2588; x_wconf 92' lang='lat' dir='ltr'><strong>qui</strong></span> <span class='ocrx_word' id='word_1_191' title='bbox 993 2534 1093 2572; x_wconf 83' lang='lat' dir='ltr'><strong>Sua</strong></span> <span class='ocrx_word' id='word_1_192' title='bbox 1129 2533 1295 2572; x_wconf 87' lang='lat' dir='ltr'><strong>manu</strong></span> <span class='ocrx_word' id='word_1_193' title='bbox 1334 2519 1567 2574; x_wconf 89' lang='lat' dir='ltr'><strong>alterum</strong></span> <span class='ocrx_word' id='word_1_194' title='bbox 1618 2530 1839 2590; x_wconf 87' lang='lat' dir='ltr'><strong>propter</strong></span> <span class='ocrx_word' id='word_1_195' title='bbox 1898 2519 2147 2574; x_wconf 85' lang='lat' dir='ltr'><strong>morbum</strong></span> 
     </span>
    </p>
   </div>
   <div class='ocr_carea' id='block_1_29' title="bbox 584 2612 2148 2682">
    <p class='ocr_par' dir='ltr' id='par_1_29' title="bbox 584 2612 2148 2682">
     <span class='ocr_line' id='line_1_29' title="bbox 584 2612 2148 2682; baseline 0.003 -19"><span class='ocrx_word' id='word_1_196' title='bbox 584 2621 828 2676; x_wconf 66' lang='lat' dir='ltr'><strong>esseeat,</strong></span> <span class='ocrx_word' id='word_1_197' title='bbox 891 2612 1064 2665; x_wconf 86' lang='lat' dir='ltr'><strong>multo</strong></span> <span class='ocrx_word' id='word_1_198' title='bbox 1099 2613 1274 2678; x_wconf 83' lang='lat' dir='ltr'><strong>magis</strong></span> <span class='ocrx_word' id='word_1_199' title='bbox 1332 2613 1593 2680; x_wconf 85' lang='lat' dir='ltr'><strong>punietur</strong></span> <span class='ocrx_word' id='word_1_200' title='bbox 1644 2612 1930 2678; x_wconf 79' lang='lat' dir='ltr'><strong>sacerdos,</strong></span> <span class='ocrx_word' id='word_1_201' title='bbox 1963 2613 2069 2682; x_wconf 87' lang='lat' dir='ltr'><strong>qui.</strong></span> <span class='ocrx_word' id='word_1_202' title='bbox 2089 2627 2148 2668; x_wconf 88' lang='lat' dir='ltr'><strong>se</strong></span> 
     </span>
    </p>
   </div>
   <div class='ocr_carea' id='block_1_30' title="bbox 590 2708 1358 2775">
    <p class='ocr_par' dir='ltr' id='par_1_30' title="bbox 590 2708 1358 2775">
     <span class='ocr_line' id='line_1_30' title="bbox 590 2708 1358 2775; baseline 0.004 -16"><span class='ocrx_word' id='word_1_203' title='bbox 590 2715 814 2775; x_wconf 79' lang='lat' dir='ltr'><strong>prapter</strong></span> <span class='ocrx_word' id='word_1_204' title='bbox 843 2710 1092 2763; x_wconf 86' lang='lat' dir='ltr'><strong>morbum</strong></span> <span class='ocrx_word' id='word_1_205' title='bbox 1124 2708 1358 2765; x_wconf 85' lang='lat' dir='ltr'><strong>mutilat.</strong></span> 
     </span>
    </p>
   </div>
   <div class='ocr_carea' id='block_1_31' title="bbox 660 3018 2130 3093">
    <p class='ocr_par' dir='ltr' id='par_1_31' title="bbox 660 3018 2130 3093">
     <span class='ocr_line' id='line_1_31' title="bbox 660 3018 2130 3093; baseline 0.003 -20"><span class='ocrx_word' id='word_1_206' title='bbox 660 3018 912 3075; x_wconf 73' lang='lat' dir='ltr'><strong>ZONAB‘.</strong></span> <span class='ocrx_word' id='word_1_207' title='bbox 968 3021 1220 3075; x_wconf 79' lang='lat' dir='ltr'><strong>Castrare</strong></span> <span class='ocrx_word' id='word_1_208' title='bbox 1269 3023 1576 3091; x_wconf 86' lang='lat' dir='ltr'><strong>quempiam</strong></span> <span class='ocrx_word' id='word_1_209' title='bbox 1620 3022 1857 3077; x_wconf 88' lang='lat' dir='ltr'><strong>civilium</strong></span> <span class='ocrx_word' id='word_1_210' title='bbox 1910 3039 2130 3093; x_wconf 87' lang='lat' dir='ltr'><strong>quoque</strong></span> 
     </span>
    </p>
   </div>
   <div class='ocr_carea' id='block_1_32' title="bbox 591 3091 2222 3183">
    <p class='ocr_par' dir='ltr' id='par_1_32' title="bbox 591 3091 2222 3183">
     <span class='ocr_line' id='line_1_32' title="bbox 591 3091 2222 3183; baseline 0.003 -20"><span class='ocrx_word' id='word_1_211' title='bbox 591 3112 767 3181; x_wconf 73' lang='lat' dir='ltr'><strong>legum</strong></span> <span class='ocrx_word' id='word_1_212' title='bbox 798 3113 1026 3167; x_wconf 84' lang='lat' dir='ltr'><strong>decreto</strong></span> <span class='ocrx_word' id='word_1_213' title='bbox 1055 3113 1409 3167; x_wconf 84' lang='lat' dir='ltr'><strong>interdictum</strong></span> <span class='ocrx_word' id='word_1_214' title='bbox 1437 3123 1541 3168; x_wconf 91' lang='lat' dir='ltr'><strong>est.</strong></span> <span class='ocrx_word' id='word_1_215' title='bbox 1571 3112 1675 3179; x_wconf 83' lang='lat' dir='ltr'><strong>Qui</strong></span> <span class='ocrx_word' id='word_1_216' title='bbox 1715 3113 1817 3168; x_wconf 84' lang='lat' dir='ltr'><strong>sibi</strong></span> <span class='ocrx_word' id='word_1_217' title='bbox 1859 3091 2153 3183; x_wconf 14' lang='lat' dir='ltr'><strong>igiturige-</strong></span> <span class='ocrx_word' id='word_1_218' title='bbox 2177 3091 2222 3149; x_wconf 65' lang='grc' dir='ltr'><strong>θ</strong></span> 
     </span>
    </p>
   </div>
   <div class='ocr_carea' id='block_1_33' title="bbox 593 3203 2155 3275">
    <p class='ocr_par' dir='ltr' id='par_1_33' title="bbox 593 3203 2155 3275">
     <span class='ocr_line' id='line_1_33' title="bbox 593 3203 2155 3275; baseline 0.001 -19"><span class='ocrx_word' id='word_1_219' title='bbox 593 3203 1158 3272; x_wconf 71' lang='lat' dir='ltr'><strong>nitaliaprmscindit,</strong></span> <span class='ocrx_word' id='word_1_220' title='bbox 1213 3204 1678 3272; x_wconf 86' lang='lat' dir='ltr'><strong>quemadmodum</strong></span> <span class='ocrx_word' id='word_1_221' title='bbox 1729 3207 1904 3275; x_wconf 91' lang='lat' dir='ltr'><strong>primo</strong></span> <span class='ocrx_word' id='word_1_222' title='bbox 1945 3221 2155 3260; x_wconf 91' lang='lat' dir='ltr'><strong>canone</strong></span> 
     </span>
    </p>
   </div>
   <div class='ocr_carea' id='block_1_34' title="bbox 592 3295 2149 3368">
    <p class='ocr_par' dir='ltr' id='par_1_34' title="bbox 592 3295 2149 3368">
     <span class='ocr_line' id='line_1_34' title="bbox 592 3295 2149 3368; baseline -0.001 -17"><span class='ocrx_word' id='word_1_223' title='bbox 592 3295 951 3351; x_wconf 70' lang='lat' dir='ltr'><strong>mcumenieae</strong></span> <span class='ocrx_word' id='word_1_224' title='bbox 981 3297 1168 3366; x_wconf 73' lang='lat' dir='ltr'><strong>prima:</strong></span> <span class='ocrx_word' id='word_1_225' title='bbox 1196 3297 1388 3368; x_wconf 84' lang='lat' dir='ltr'><strong>synodi</strong></span> <span class='ocrx_word' id='word_1_226' title='bbox 1418 3297 1808 3366; x_wconf 78' lang='lat' dir='ltr'><strong>explicuimus,</strong></span> <span class='ocrx_word' id='word_1_227' title='bbox 1859 3297 1903 3352; x_wconf 91' lang='lat' dir='ltr'><strong>si</strong></span> <span class='ocrx_word' id='word_1_228' title='bbox 1932 3297 2149 3366; x_wconf 89' lang='lat' dir='ltr'><strong>quidem</strong></span> 
     </span>
    </p>
   </div>
   <div class='ocr_carea' id='block_1_35' title="bbox 594 3391 2154 3460">
    <p class='ocr_par' dir='ltr' id='par_1_35' title="bbox 594 3391 2154 3460">
     <span class='ocr_line' id='line_1_35' title="bbox 594 3391 2154 3460; baseline -0.001 -16"><span class='ocrx_word' id='word_1_229' title='bbox 594 3392 860 3444; x_wconf 73' lang='lat' dir='ltr'><strong>sacerdos</strong></span> <span class='ocrx_word' id='word_1_230' title='bbox 885 3393 980 3455; x_wconf 89' lang='lat' dir='ltr'><strong>sit,</strong></span> <span class='ocrx_word' id='word_1_231' title='bbox 1033 3393 1370 3460; x_wconf 85' lang='lat' dir='ltr'><strong>deponitur:</strong></span> <span class='ocrx_word' id='word_1_232' title='bbox 1413 3393 1457 3447; x_wconf 91' lang='lat' dir='ltr'><strong>si</strong></span> <span class='ocrx_word' id='word_1_233' title='bbox 1511 3391 1714 3454; x_wconf 89' lang='lat' dir='ltr'><strong>minus,</strong></span> <span class='ocrx_word' id='word_1_234' title='bbox 1773 3401 1834 3444; x_wconf 93' lang='lat' dir='ltr'><strong>ut</strong></span> <span class='ocrx_word' id='word_1_235' title='bbox 1887 3391 2154 3444; x_wconf 84' lang='lat' dir='ltr'><strong>homicida</strong></span> 
     </span>
    </p>
   </div>
   <div class='ocr_carea' id='block_1_36' title="bbox 594 3463 2194 3554">
    <p class='ocr_par' dir='ltr' id='par_1_36' title="bbox 594 3463 2194 3554">
     <span class='ocr_line' id='line_1_36' title="bbox 594 3463 2194 3554; baseline -0.001 -18"><span class='ocrx_word' id='word_1_236' title='bbox 594 3484 678 3536; x_wconf 85' lang='lat' dir='ltr'><strong>sui</strong></span> <span class='ocrx_word' id='word_1_237' title='bbox 717 3499 744 3536; x_wconf 81' lang='grc' dir='ltr'><strong>ο</strong></span> <span class='ocrx_word' id='word_1_238' title='bbox 776 3486 1133 3554; x_wconf 85' lang='lat' dir='ltr'><strong>susceptione</strong></span> <span class='ocrx_word' id='word_1_239' title='bbox 1163 3487 1419 3538; x_wconf 89' lang='lat' dir='ltr'><strong>ordinum</strong></span> <span class='ocrx_word' id='word_1_240' title='bbox 1454 3492 1759 3539; x_wconf 84' lang='lat' dir='ltr'><strong>amovetur.</strong></span> <span class='ocrx_word' id='word_1_241' title='bbox 1795 3483 1950 3549; x_wconf 88' lang='lat' dir='ltr'><strong>Quod</strong></span> <span class='ocrx_word' id='word_1_242' title='bbox 2005 3485 2049 3539; x_wconf 90' lang='lat' dir='ltr'><strong>si</strong></span> <span class='ocrx_word' id='word_1_243' title='bbox 2100 3463 2194 3535; x_wconf 52' lang='lat' dir='ltr'><strong>ut-</strong></span> 
     </span>
    </p>
   </div>
   <div class='ocr_carea' id='block_1_37' title="bbox 597 3573 2157 3644">
    <p class='ocr_par' dir='ltr' id='par_1_37' title="bbox 597 3573 2157 3644">
     <span class='ocr_line' id='line_1_37' title="bbox 597 3573 2157 3644; baseline 0.001 -18"><span class='ocrx_word' id='word_1_244' title='bbox 597 3573 865 3641; x_wconf 86' lang='lat' dir='ltr'><strong>sniipsius</strong></span> <span class='ocrx_word' id='word_1_245' title='bbox 923 3574 1240 3628; x_wconf 83' lang='lat' dir='ltr'><strong>interfector</strong></span> <span class='ocrx_word' id='word_1_246' title='bbox 1291 3575 1382 3629; x_wconf 90' lang='lat' dir='ltr'><strong>ille</strong></span> <span class='ocrx_word' id='word_1_247' title='bbox 1422 3576 1735 3639; x_wconf 87' lang='lat' dir='ltr'><strong>damnetur,</strong></span> <span class='ocrx_word' id='word_1_248' title='bbox 1781 3576 1871 3644; x_wconf 89' lang='lat' dir='ltr'><strong>qui</strong></span> <span class='ocrx_word' id='word_1_249' title='bbox 1928 3575 2157 3628; x_wconf 82' lang='lat' dir='ltr'><strong>alterum</strong></span> 
     </span>
    </p>
   </div>
   <div class='ocr_carea' id='block_1_38' title="bbox 595 3667 2158 3737">
    <p class='ocr_par' dir='ltr' id='par_1_38' title="bbox 595 3667 2158 3737">
     <span class='ocr_line' id='line_1_38' title="bbox 595 3667 2158 3737; baseline 0.001 -19"><span class='ocrx_word' id='word_1_250' title='bbox 595 3668 928 3731; x_wconf 76' lang='lat' dir='ltr'><strong>exsecuerit,</strong></span> <span class='ocrx_word' id='word_1_251' title='bbox 977 3668 1250 3721; x_wconf 82' lang='lat' dir='ltr'><strong>homicida</strong></span> <span class='ocrx_word' id='word_1_252' title='bbox 1312 3669 1499 3737; x_wconf 87' lang='lat' dir='ltr'><strong>procul</strong></span> <span class='ocrx_word' id='word_1_253' title='bbox 1532 3667 1697 3720; x_wconf 84' lang='lat' dir='ltr'><strong>dubio</strong></span> <span class='ocrx_word' id='word_1_254' title='bbox 1733 3667 2158 3721; x_wconf 72' lang='lat' dir='ltr'><strong>existimabitur.</strong></span> 
     </span>
    </p>
   </div>
   <div class='ocr_carea' id='block_1_39' title="bbox 599 3755 2164 3831">
    <p class='ocr_par' dir='ltr' id='par_1_39' title="bbox 599 3755 2164 3831">
     <span class='ocr_line' id='line_1_39' title="bbox 599 3755 2164 3831; baseline 0.001 -19"><span class='ocrx_word' id='word_1_255' title='bbox 599 3758 696 3814; x_wconf 81' lang='lat' dir='ltr'><strong>Est</strong></span> <span class='ocrx_word' id='word_1_256' title='bbox 727 3775 856 3813; x_wconf 85' lang='lat' dir='ltr'><strong>vero</strong></span> <span class='ocrx_word' id='word_1_257' title='bbox 889 3755 1149 3829; x_wconf 68' lang='lat' dir='ltr'><strong>praeterea</strong></span> <span class='ocrx_word' id='word_1_258' title='bbox 1202 3761 1253 3814; x_wconf 92' lang='lat' dir='ltr'><strong>in</strong></span> <span class='ocrx_word' id='word_1_259' title='bbox 1305 3761 1480 3831; x_wconf 78' lang='lat' dir='ltr'><strong>ipsum</strong></span> <span class='ocrx_word' id='word_1_260' title='bbox 1511 3776 1728 3830; x_wconf 87' lang='lat' dir='ltr'><strong>quoque</strong></span> <span class='ocrx_word' id='word_1_261' title='bbox 1781 3759 1872 3814; x_wconf 85' lang='lat' dir='ltr'><strong>Dei</strong></span> <span class='ocrx_word' id='word_1_262' title='bbox 1934 3760 2164 3814; x_wconf 85' lang='lat' dir='ltr'><strong>artificio</strong></span> 
     </span>
    </p>
   </div>
   <div class='ocr_carea' id='block_1_40' title="bbox 600 3851 2162 3922">
    <p class='ocr_par' dir='ltr' id='par_1_40' title="bbox 600 3851 2162 3922">
     <span class='ocr_line' id='line_1_40' title="bbox 600 3851 2162 3922; baseline 0 -18"><span class='ocrx_word' id='word_1_263' title='bbox 600 3854 942 3906; x_wconf 88' lang='lat' dir='ltr'><strong>elaboratum</strong></span> <span class='ocrx_word' id='word_1_264' title='bbox 982 3869 1122 3922; x_wconf 90' lang='lat' dir='ltr'><strong>opus</strong></span> <span class='ocrx_word' id='word_1_265' title='bbox 1175 3854 1437 3921; x_wconf 80' lang='lat' dir='ltr'><strong>iujurius.</strong></span> <span class='ocrx_word' id='word_1_266' title='bbox 1496 3853 1666 3919; x_wconf 85' lang='lat' dir='ltr'><strong>Quem</strong></span> <span class='ocrx_word' id='word_1_267' title='bbox 1729 3857 1871 3907; x_wconf 85' lang='lat' dir='ltr'><strong>enim</strong></span> <span class='ocrx_word' id='word_1_268' title='bbox 1918 3851 2074 3907; x_wconf 52' lang='lat' dir='ltr'><strong>&#39;Deus</strong></span> <span class='ocrx_word' id='word_1_269' title='bbox 2112 3854 2162 3906; x_wconf 91' lang='lat' dir='ltr'><strong>iu</strong></span> 
     </span>
    </p>
   </div>
   <div class='ocr_carea' id='block_1_41' title="bbox 601 3932 2161 4011">
    <p class='ocr_par' dir='ltr' id='par_1_41' title="bbox 601 3932 2161 4011">
     <span class='ocr_line' id='line_1_41' title="bbox 601 3932 2161 4011; baseline -0.003 -11"><span class='ocrx_word' id='word_1_270' title='bbox 601 3956 806 4000; x_wconf 86' lang='lat' dir='ltr'><strong>sortem</strong></span> <span class='ocrx_word' id='word_1_271' title='bbox 841 3957 1052 4001; x_wconf 68' lang='lat' dir='ltr'><strong>natura:</strong></span> <span class='ocrx_word' id='word_1_272' title='bbox 1100 3932 1274 4000; x_wconf 79' lang='lat' dir='ltr'><strong>virilis</strong></span> <span class='ocrx_word' id='word_1_273' title='bbox 1325 3947 1533 4011; x_wconf 77' lang='lat' dir='ltr'><strong>eduxit,</strong></span> <span class='ocrx_word' id='word_1_274' title='bbox 1591 3947 1734 3999; x_wconf 88' lang='lat' dir='ltr'><strong>lumc</strong></span> <span class='ocrx_word' id='word_1_275' title='bbox 1789 3944 1853 3998; x_wconf 81' lang='lat' dir='ltr'><strong>ad</strong></span> <span class='ocrx_word' id='word_1_276' title='bbox 1889 3944 2161 3999; x_wconf 77' lang='lat' dir='ltr'><strong>diverSam</strong></span> 
     </span>
    </p>
   </div>
   <div class='ocr_carea' id='block_1_42' title="bbox 604 4037 2163 4106">
    <p class='ocr_par' dir='ltr' id='par_1_42' title="bbox 604 4037 2163 4106">
     <span class='ocr_line' id='line_1_42' title="bbox 604 4037 2163 4106; baseline 0.002 -17"><span class='ocrx_word' id='word_1_277' title='bbox 604 4041 944 4106; x_wconf 86' lang='lat' dir='ltr'><strong>monstrique</strong></span> <span class='ocrx_word' id='word_1_278' title='bbox 966 4039 1189 4092; x_wconf 90' lang='lat' dir='ltr'><strong>omnino</strong></span> <span class='ocrx_word' id='word_1_279' title='bbox 1220 4039 1455 4092; x_wconf 71' lang='lat' dir='ltr'><strong>similem</strong></span> <span class='ocrx_word' id='word_1_280' title='bbox 1487 4049 1734 4090; x_wconf 86' lang='lat' dir='ltr'><strong>naturam</strong></span> <span class='ocrx_word' id='word_1_281' title='bbox 1763 4039 1878 4106; x_wconf 88' lang='lat' dir='ltr'><strong>ipse</strong></span> <span class='ocrx_word' id='word_1_282' title='bbox 1907 4037 2163 4092; x_wconf 79' lang='lat' dir='ltr'><strong>traducit.</strong></span> 
     </span>
    </p>
   </div>
   <div class='ocr_carea' id='block_1_43' title="bbox 604 4127 2167 4198">
    <p class='ocr_par' dir='ltr' id='par_1_43' title="bbox 604 4127 2167 4198">
     <span class='ocr_line' id='line_1_43' title="bbox 604 4127 2167 4198; baseline -0.001 -18"><span class='ocrx_word' id='word_1_283' title='bbox 604 4127 714 4182; x_wconf 76' lang='lat' dir='ltr'><strong>Nec</strong></span> <span class='ocrx_word' id='word_1_284' title='bbox 747 4129 893 4182; x_wconf 85' lang='lat' dir='ltr'><strong>enim</strong></span> <span class='ocrx_word' id='word_1_285' title='bbox 935 4129 1112 4184; x_wconf 89' lang='lat' dir='ltr'><strong>virilis</strong></span> <span class='ocrx_word' id='word_1_286' title='bbox 1146 4138 1358 4183; x_wconf 71' lang='lat' dir='ltr'><strong>natura:</strong></span> <span class='ocrx_word' id='word_1_287' title='bbox 1387 4145 1618 4183; x_wconf 85' lang='lat' dir='ltr'><strong>consors</strong></span> <span class='ocrx_word' id='word_1_288' title='bbox 1649 4142 1908 4183; x_wconf 76' lang='lat' dir='ltr'><strong>exsectus</strong></span> <span class='ocrx_word' id='word_1_289' title='bbox 1942 4129 2029 4182; x_wconf 87' lang='lat' dir='ltr'><strong>ille</strong></span> <span class='ocrx_word' id='word_1_290' title='bbox 2065 4145 2167 4198; x_wconf 71' lang='grc' dir='ltr'>ρει-</span> 
     </span>
    </p>
   </div>
   <div class='ocr_carea' id='block_1_44' title="bbox 601 4219 2170 4292">
    <p class='ocr_par' dir='ltr' id='par_1_44' title="bbox 601 4219 2170 4292">
     <span class='ocr_line' id='line_1_44' title="bbox 601 4219 2170 4292; baseline 0.002 -22"><span class='ocrx_word' id='word_1_291' title='bbox 601 4222 716 4276; x_wconf 77' lang='grc' dir='ltr'>ιοιὶ-</span> <span class='ocrx_word' id='word_1_292' title='bbox 738 4222 922 4289; x_wconf 86' lang='lat' dir='ltr'><strong>debet,</strong></span> <span class='ocrx_word' id='word_1_293' title='bbox 957 4223 1224 4292; x_wconf 87' lang='lat' dir='ltr'><strong>siquidem</strong></span> <span class='ocrx_word' id='word_1_294' title='bbox 1255 4223 1456 4275; x_wconf 82' lang='lat' dir='ltr'><strong>liberos</strong></span> <span class='ocrx_word' id='word_1_295' title='bbox 1479 4237 1542 4274; x_wconf 79' lang='lat' dir='ltr'><strong>ex</strong></span> <span class='ocrx_word' id='word_1_296' title='bbox 1577 4219 2170 4290; x_wconf 86' lang='lat' dir='ltr'><strong>muliebriIcommercio</strong></span> 
     </span>
    </p>
   </div>
   <div class='ocr_carea' id='block_1_45' title="bbox 605 4313 2168 4382">
    <p class='ocr_par' dir='ltr' id='par_1_45' title="bbox 605 4313 2168 4382">
     <span class='ocr_line' id='line_1_45' title="bbox 605 4313 2168 4382; baseline 0 -19"><span class='ocrx_word' id='word_1_297' title='bbox 605 4331 898 4382; x_wconf 83' lang='lat' dir='ltr'><strong>procreare</strong></span> <span class='ocrx_word' id='word_1_298' title='bbox 927 4315 1243 4369; x_wconf 84' lang='lat' dir='ltr'><strong>nullatenus</strong></span> <span class='ocrx_word' id='word_1_299' title='bbox 1280 4325 1494 4382; x_wconf 81' lang='lat' dir='ltr'><strong>potest:</strong></span> <span class='ocrx_word' id='word_1_300' title='bbox 1539 4329 1714 4382; x_wconf 90' lang='lat' dir='ltr'><strong>neque</strong></span> <span class='ocrx_word' id='word_1_301' title='bbox 1768 4313 2010 4366; x_wconf 77' lang='lat' dir='ltr'><strong>vicissim</strong></span> <span class='ocrx_word' id='word_1_302' title='bbox 2048 4330 2168 4364; x_wconf 82' lang='lat' dir='ltr'><strong>mu-</strong></span> 
     </span>
    </p>
   </div>
   <div class='ocr_carea' id='block_1_46' title="bbox 2231 489 3798 563">
    <p class='ocr_par' dir='ltr' id='par_1_46' title="bbox 2231 489 3798 563">
     <span class='ocr_line' id='line_1_46' title="bbox 2231 489 3798 563; baseline -0.001 -19"><span class='ocrx_word' id='word_1_303' title='bbox 2231 495 2567 561; x_wconf 74' lang='grc' dir='ltr'><strong>προτροπῆς,</strong></span> <span class='ocrx_word' id='word_1_304' title='bbox 2625 492 2950 563; x_wconf 82' lang='grc' dir='ltr'>ίερωμὲνους</span> <span class='ocrx_word' id='word_1_305' title='bbox 3005 492 3103 562; x_wconf 86' lang='grc' dir='ltr'><strong>μέν</strong></span> <span class='ocrx_word' id='word_1_306' title='bbox 3158 492 3338 556; x_wconf 79' lang='grc' dir='ltr'>ὄντας,</span> <span class='ocrx_word' id='word_1_307' title='bbox 3388 489 3798 556; x_wconf 84' lang='grc' dir='ltr'>καθαιρεῖσθαι,</span> 
     </span>
    </p>
   </div>
   <div class='ocr_carea' id='block_1_47' title="bbox 2231 582 3800 653">
    <p class='ocr_par' dir='ltr' id='par_1_47' title="bbox 2231 582 3800 653">
     <span class='ocr_line' id='line_1_47' title="bbox 2231 582 3800 653; baseline -0.001 -17"><span class='ocrx_word' id='word_1_308' title='bbox 2231 585 2450 646; x_wconf 75' lang='grc' dir='ltr'>λαῖκοὺς</span> <span class='ocrx_word' id='word_1_309' title='bbox 2503 584 2558 636; x_wconf 76' lang='grc' dir='ltr'><strong>δὲ</strong></span> <span class='ocrx_word' id='word_1_310' title='bbox 2610 583 3007 653; x_wconf 74' lang='grc' dir='ltr'>ἀφορίζεσθαιο</span> <span class='ocrx_word' id='word_1_311' title='bbox 3046 584 3095 636; x_wconf 83' lang='grc' dir='ltr'><strong>εί</strong></span> <span class='ocrx_word' id='word_1_312' title='bbox 3145 585 3310 652; x_wconf 77' lang='grc' dir='ltr'>μήπω</span> <span class='ocrx_word' id='word_1_313' title='bbox 3365 584 3444 646; x_wconf 82' lang='grc' dir='ltr'><strong>είς</strong></span> <span class='ocrx_word' id='word_1_314' title='bbox 3500 582 3800 645; x_wconf 70' lang='grc' dir='ltr'>νοσοῦντας</span> 
     </span>
    </p>
   </div>
   <div class='ocr_carea' id='block_1_48' title="bbox 2230 674 3808 746">
    <p class='ocr_par' dir='ltr' id='par_1_48' title="bbox 2230 674 3808 746">
     <span class='ocr_line' id='line_1_48' title="bbox 2230 674 3808 746; baseline -0.001 -19"><span class='ocrx_word' id='word_1_315' title='bbox 2230 693 2380 738; x_wconf 87' lang='grc' dir='ltr'>τινας</span> <span class='ocrx_word' id='word_1_316' title='bbox 2411 675 2649 728; x_wconf 76' lang='grc' dir='ltr'>τοιοῦτόν</span> <span class='ocrx_word' id='word_1_317' title='bbox 2677 693 2728 727; x_wconf 93' lang='grc' dir='ltr'><strong>τι</strong></span> <span class='ocrx_word' id='word_1_318' title='bbox 2760 675 3166 746; x_wconf 74' lang='grc' dir='ltr'><strong>διαπράξωνται</strong></span> <span class='ocrx_word' id='word_1_319' title='bbox 3201 691 3214 702; x_wconf 89' lang='grc'><strong>·</strong></span> <span class='ocrx_word' id='word_1_320' title='bbox 3243 674 3467 736; x_wconf 78' lang='grc' dir='ltr'><strong>τούτους</strong></span> <span class='ocrx_word' id='word_1_321' title='bbox 3502 675 3610 741; x_wconf 82' lang='grc' dir='ltr'><strong>γὰρ</strong></span> <span class='ocrx_word' id='word_1_322' title='bbox 3637 674 3808 725; x_wconf 83' lang='grc' dir='ltr'>ἀνευ·</span> 
     </span>
    </p>
   </div>
   <div class='ocr_carea' id='block_1_49' title="bbox 2235 763 3807 836">
    <p class='ocr_par' dir='ltr' id='par_1_49' title="bbox 2235 763 3807 836">
     <span class='ocr_line' id='line_1_49' title="bbox 2235 763 3807 836; baseline 0.001 -18"><span class='ocrx_word' id='word_1_323' title='bbox 2235 767 2426 831; x_wconf 75' lang='grc' dir='ltr'>θύνους</span> <span class='ocrx_word' id='word_1_324' title='bbox 2461 763 2602 820; x_wconf 74' lang='grc' dir='ltr'>εἶναι</span> <span class='ocrx_word' id='word_1_325' title='bbox 2635 768 3128 836; x_wconf 80' lang='grc' dir='ltr'><strong>παρεκελεύσαντο·</strong></span> <span class='ocrx_word' id='word_1_326' title='bbox 3163 768 3247 819; x_wconf 79' lang='grc' dir='ltr'>ὅτι</span> <span class='ocrx_word' id='word_1_327' title='bbox 3277 767 3489 834; x_wconf 76' lang='grc' dir='ltr'>ἰατρεία</span> <span class='ocrx_word' id='word_1_328' title='bbox 3529 764 3625 817; x_wconf 79' lang='grc' dir='ltr'>τοῦ</span> <span class='ocrx_word' id='word_1_329' title='bbox 3658 764 3807 819; x_wconf 75' lang='grc' dir='ltr'>ττὶά-</span> 
     </span>
    </p>
   </div>
   <div class='ocr_carea' id='block_1_50' title="bbox 2235 855 3806 929">
    <p class='ocr_par' dir='ltr' id='par_1_50' title="bbox 2235 855 3806 929">
     <span class='ocr_line' id='line_1_50' title="bbox 2235 855 3806 929; baseline 0 -19"><span class='ocrx_word' id='word_1_330' title='bbox 2235 875 2437 926; x_wconf 79' lang='grc' dir='ltr'>σματος</span> <span class='ocrx_word' id='word_1_331' title='bbox 2466 859 2560 910; x_wconf 79' lang='grc' dir='ltr'><strong>τοῦ</strong></span> <span class='ocrx_word' id='word_1_332' title='bbox 2595 858 2753 921; x_wconf 80' lang='grc' dir='ltr'>Θεοῦ,</span> <span class='ocrx_word' id='word_1_333' title='bbox 2784 859 2902 929; x_wconf 72' lang='grc' dir='ltr'><strong>οὐχὶ</strong></span> <span class='ocrx_word' id='word_1_334' title='bbox 2931 859 3088 926; x_wconf 75' lang='grc' dir='ltr'>ὕϐρις</span> <span class='ocrx_word' id='word_1_335' title='bbox 3117 859 3256 922; x_wconf 75' lang='grc' dir='ltr'>ἐστὶ,</span> <span class='ocrx_word' id='word_1_336' title='bbox 3281 859 3341 911; x_wconf 77' lang='grc' dir='ltr'><strong>τὸ</strong></span> <span class='ocrx_word' id='word_1_337' title='bbox 3362 858 3450 910; x_wconf 70' lang='grc' dir='ltr'><strong>διὰ</strong></span> <span class='ocrx_word' id='word_1_338' title='bbox 3477 859 3626 910; x_wconf 80' lang='grc' dir='ltr'>νόσον</span> <span class='ocrx_word' id='word_1_339' title='bbox 3659 855 3806 910; x_wconf 76' lang='grc' dir='ltr'>οὕτω</span> 
     </span>
    </p>
   </div>
   <div class='ocr_carea' id='block_1_51' title="bbox 2235 952 3806 1022">
    <p class='ocr_par' dir='ltr' id='par_1_51' title="bbox 2235 952 3806 1022">
     <span class='ocr_line' id='line_1_51' title="bbox 2235 952 3806 1022; baseline -0.002 -19"><span class='ocrx_word' id='word_1_340' title='bbox 2235 953 2534 1019; x_wconf 80' lang='grc' dir='ltr'>γινόμενον.</span> <span class='ocrx_word' id='word_1_341' title='bbox 2587 952 2881 1020; x_wconf 81' lang='grc' dir='ltr'>Ἀνάγνωθι</span> <span class='ocrx_word' id='word_1_342' title='bbox 2916 954 2982 1004; x_wconf 72' lang='grc' dir='ltr'><strong>τα</strong></span> <span class='ocrx_word' id='word_1_343' title='bbox 3039 955 3095 1004; x_wconf 84' lang='grc' dir='ltr'><strong>ἐν</strong></span> <span class='ocrx_word' id='word_1_344' title='bbox 3123 955 3235 1014; x_wconf 90' lang='grc' dir='ltr'>τοῖς</span> <span class='ocrx_word' id='word_1_345' title='bbox 3271 952 3516 1022; x_wconf 73' lang='grc' dir='ltr'><strong>ῥηθεῖσιν</strong></span> <span class='ocrx_word' id='word_1_346' title='bbox 3565 953 3806 1004; x_wconf 82' lang='grc' dir='ltr'>ἀποστο-</span> 
     </span>
    </p>
   </div>
   <div class='ocr_carea' id='block_1_52' title="bbox 2235 1040 3808 1112">
    <p class='ocr_par' dir='ltr' id='par_1_52' title="bbox 2235 1040 3808 1112">
     <span class='ocr_line' id='line_1_52' title="bbox 2235 1040 3808 1112; baseline -0.001 -19"><span class='ocrx_word' id='word_1_347' title='bbox 2235 1041 2407 1103; x_wconf 81' lang='grc' dir='ltr'>λικοῖς</span> <span class='ocrx_word' id='word_1_348' title='bbox 2457 1042 2644 1095; x_wconf 80' lang='grc' dir='ltr'>κανόσι</span> <span class='ocrx_word' id='word_1_349' title='bbox 2692 1043 2992 1112; x_wconf 82' lang='grc' dir='ltr'>γραφέντα,</span> <span class='ocrx_word' id='word_1_350' title='bbox 3044 1045 3136 1095; x_wconf 73' lang='grc' dir='ltr'><strong>καὶ</strong></span> <span class='ocrx_word' id='word_1_351' title='bbox 3199 1043 3290 1095; x_wconf 60' lang='grc' dir='ltr'><strong>τον</strong></span> <span class='ocrx_word' id='word_1_352' title='bbox 3343 1041 3392 1094; x_wconf 85' lang='grc' dir='ltr'>α’</span> <span class='ocrx_word' id='word_1_353' title='bbox 3445 1042 3649 1094; x_wconf 88' lang='grc' dir='ltr'>κανόνα</span> <span class='ocrx_word' id='word_1_354' title='bbox 3712 1040 3808 1108; x_wconf 69' lang='grc' dir='ltr'>τῆς</span> 
     </span>
    </p>
   </div>
   <div class='ocr_carea' id='block_1_53' title="bbox 2236 1133 3805 1204">
    <p class='ocr_par' dir='ltr' id='par_1_53' title="bbox 2236 1133 3805 1204">
     <span class='ocr_line' id='line_1_53' title="bbox 2236 1133 3805 1204; baseline -0.003 -17"><span class='ocrx_word' id='word_1_355' title='bbox 2236 1133 2458 1204; x_wconf 64' lang='grc' dir='ltr'>πρώτης</span> <span class='ocrx_word' id='word_1_356' title='bbox 2510 1135 2751 1197; x_wconf 79' lang='grc' dir='ltr'>συνόδου,</span> <span class='ocrx_word' id='word_1_357' title='bbox 2791 1136 2886 1189; x_wconf 69' lang='grc' dir='ltr'><strong>καὶ</strong></span> <span class='ocrx_word' id='word_1_358' title='bbox 2921 1140 2988 1188; x_wconf 74' lang='grc' dir='ltr'><strong>τὰ</strong></span> <span class='ocrx_word' id='word_1_359' title='bbox 3048 1139 3106 1188; x_wconf 85' lang='grc' dir='ltr'><strong>ἐν</strong></span> <span class='ocrx_word' id='word_1_360' title='bbox 3140 1135 3328 1202; x_wconf 69' lang='grc' dir='ltr'>αὐτῷ,</span> <span class='ocrx_word' id='word_1_361' title='bbox 3382 1135 3476 1186; x_wconf 73' lang='grc' dir='ltr'><strong>καὶ</strong></span> <span class='ocrx_word' id='word_1_362' title='bbox 3523 1135 3621 1200; x_wconf 80' lang='grc' dir='ltr'>τὴν</span> <span class='ocrx_word' id='word_1_363' title='bbox 3681 1140 3805 1203; x_wconf 71' lang='grc' dir='ltr'>ρμδ¹</span> 
     </span>
    </p>
   </div>
   <div class='ocr_carea' id='block_1_54' title="bbox 2250 1225 3808 1298">
    <p class='ocr_par' dir='ltr' id='par_1_54' title="bbox 2250 1225 3808 1298">
     <span class='ocr_line' id='line_1_54' title="bbox 2250 1225 3808 1298; baseline -0.001 -20"><span class='ocrx_word' id='word_1_364' title='bbox 2250 1225 2676 1280; x_wconf 82' lang='grc' dir='ltr'>Ἰουστινιὰνειον</span> <span class='ocrx_word' id='word_1_365' title='bbox 2706 1228 2926 1295; x_wconf 65' lang='grc' dir='ltr'>νεαρὰν,</span> <span class='ocrx_word' id='word_1_366' title='bbox 2963 1226 3450 1298; x_wconf 83' lang='grc' dir='ltr'>καταστρωθεῖσαν</span> <span class='ocrx_word' id='word_1_367' title='bbox 3483 1227 3690 1292; x_wconf 74' lang='grc' dir='ltr'>ἔξωθεν</span> <span class='ocrx_word' id='word_1_368' title='bbox 3718 1227 3808 1278; x_wconf 75' lang='grc' dir='ltr'>τοῦ</span> 
     </span>
    </p>
   </div>
   <div class='ocr_carea' id='block_1_55' title="bbox 2241 1313 3806 1387">
    <p class='ocr_par' dir='ltr' id='par_1_55' title="bbox 2241 1313 3806 1387">
     <span class='ocr_line' id='line_1_55' title="bbox 2241 1313 3806 1387; baseline 0 -19"><span class='ocrx_word' id='word_1_369' title='bbox 2241 1313 2300 1368; x_wconf 84' lang='grc' dir='ltr'><strong>ιδ’</strong></span> <span class='ocrx_word' id='word_1_370' title='bbox 2337 1333 2460 1384; x_wconf 82' lang='grc' dir='ltr'>κεφ.</span> <span class='ocrx_word' id='word_1_371' title='bbox 2508 1317 2602 1369; x_wconf 73' lang='grc' dir='ltr'>τοῦ</span> <span class='ocrx_word' id='word_1_372' title='bbox 2653 1315 2699 1370; x_wconf 89' lang='grc' dir='ltr'>α’</span> <span class='ocrx_word' id='word_1_373' title='bbox 2735 1319 2916 1370; x_wconf 81' lang='grc' dir='ltr'>τίτλου</span> <span class='ocrx_word' id='word_1_374' title='bbox 2949 1317 3044 1370; x_wconf 81' lang='grc' dir='ltr'>τοῦ</span> <span class='ocrx_word' id='word_1_375' title='bbox 3075 1318 3344 1387; x_wconf 77' lang='grc' dir='ltr'>παρόντος</span> <span class='ocrx_word' id='word_1_376' title='bbox 3400 1318 3806 1385; x_wconf 73' lang='grc' dir='ltr'>συντάγματος.</span> 
     </span>
    </p>
   </div>
   <div class='ocr_carea' id='block_1_56' title="bbox 2237 1407 3809 1478">
    <p class='ocr_par' dir='ltr' id='par_1_56' title="bbox 2237 1407 3809 1478">
     <span class='ocr_line' id='line_1_56' title="bbox 2237 1407 3809 1478; baseline -0.003 -17"><span class='ocrx_word' id='word_1_377' title='bbox 2237 1409 2549 1477; x_wconf 81' lang='grc' dir='ltr'>Σημείωσαι</span> <span class='ocrx_word' id='word_1_378' title='bbox 2583 1407 2636 1460; x_wconf 81' lang='grc' dir='ltr'><em>δέ</em></span> <span class='ocrx_word' id='word_1_379' title='bbox 2673 1425 2720 1461; x_wconf 85' lang='grc' dir='ltr'><strong>τι</strong></span> <span class='ocrx_word' id='word_1_380' title='bbox 2756 1409 3090 1476; x_wconf 46' lang='grc' dir='ltr'>καινὺνθὰπὸ</span> <span class='ocrx_word' id='word_1_381' title='bbox 3139 1408 3241 1478; x_wconf 76' lang='grc' dir='ltr'>τῆς</span> <span class='ocrx_word' id='word_1_382' title='bbox 3271 1407 3366 1461; x_wconf 81' lang='grc' dir='ltr'><strong>τοῦ</strong></span> <span class='ocrx_word' id='word_1_383' title='bbox 3395 1407 3624 1470; x_wconf 78' lang='grc' dir='ltr'>κανόνος</span> <span class='ocrx_word' id='word_1_384' title='bbox 3657 1424 3809 1474; x_wconf 76' lang='grc' dir='ltr'>περι-</span> 
     </span>
    </p>
   </div>
   <div class='ocr_carea' id='block_1_57' title="bbox 2239 1500 3810 1571">
    <p class='ocr_par' dir='ltr' id='par_1_57' title="bbox 2239 1500 3810 1571">
     <span class='ocr_line' id='line_1_57' title="bbox 2239 1500 3810 1571; baseline 0.001 -21"><span class='ocrx_word' id='word_1_385' title='bbox 2239 1500 2453 1568; x_wconf 66' lang='grc' dir='ltr'>λὴψεως</span> <span class='ocrx_word' id='word_1_386' title='bbox 2482 1500 2931 1570; x_wconf 73' lang='grc' dir='ltr'>ἀναφαινόμενον,</span> <span class='ocrx_word' id='word_1_387' title='bbox 2954 1500 3194 1556; x_wconf 72' lang='grc' dir='ltr'>Ἀνωθεν</span> <span class='ocrx_word' id='word_1_388' title='bbox 3224 1501 3325 1571; x_wconf 81' lang='grc' dir='ltr'><strong>μὲν</strong></span> <span class='ocrx_word' id='word_1_389' title='bbox 3359 1502 3466 1570; x_wconf 71' lang='grc' dir='ltr'>γὰρ</span> <span class='ocrx_word' id='word_1_390' title='bbox 3496 1501 3623 1562; x_wconf 75' lang='grc' dir='ltr'>τοὺς</span> <span class='ocrx_word' id='word_1_391' title='bbox 3658 1501 3810 1569; x_wconf 81' lang='grc' dir='ltr'>ίερω-</span> 
     </span>
    </p>
   </div>
   <div class='ocr_carea' id='block_1_58' title="bbox 2245 1592 3808 1664">
    <p class='ocr_par' dir='ltr' id='par_1_58' title="bbox 2245 1592 3808 1664">
     <span class='ocr_line' id='line_1_58' title="bbox 2245 1592 3808 1664; baseline 0.002 -22"><span class='ocrx_word' id='word_1_392' title='bbox 2245 1593 2440 1659; x_wconf 77' lang='grc' dir='ltr'>μένους</span> <span class='ocrx_word' id='word_1_393' title='bbox 2471 1592 2874 1661; x_wconf 79' lang='grc' dir='ltr'>εὐνουχίζοντας</span> <span class='ocrx_word' id='word_1_394' title='bbox 2903 1594 2935 1662; x_wconf 73' lang='grc' dir='ltr'><strong>ἢ</strong></span> <span class='ocrx_word' id='word_1_395' title='bbox 2968 1593 3297 1664; x_wconf 71' lang='grc' dir='ltr'>αὐτοχείρως</span> <span class='ocrx_word' id='word_1_396' title='bbox 3330 1594 3362 1662; x_wconf 84' lang='grc' dir='ltr'>ἢ</span> <span class='ocrx_word' id='word_1_397' title='bbox 3395 1593 3456 1658; x_wconf 82' lang='grc' dir='ltr'><strong>ἐξ</strong></span> <span class='ocrx_word' id='word_1_398' title='bbox 3502 1594 3808 1661; x_wconf 76' lang='grc' dir='ltr'>ἐπιτροπῆς</span> 
     </span>
    </p>
   </div>
   <div class='ocr_carea' id='block_1_59' title="bbox 2245 1683 3808 1755">
    <p class='ocr_par' dir='ltr' id='par_1_59' title="bbox 2245 1683 3808 1755">
     <span class='ocr_line' id='line_1_59' title="bbox 2245 1683 3808 1755; baseline 0 -21"><span class='ocrx_word' id='word_1_399' title='bbox 2245 1683 2624 1752; x_wconf 80' lang='grc' dir='ltr'>καθαιρεῖσθαι</span> <span class='ocrx_word' id='word_1_400' title='bbox 2656 1684 2977 1755; x_wconf 81' lang='grc' dir='ltr'>διορίζονται</span> <span class='ocrx_word' id='word_1_401' title='bbox 3009 1687 3059 1738; x_wconf 79' lang='lat' dir='ltr'><strong>oi</strong></span> <span class='ocrx_word' id='word_1_402' title='bbox 3088 1684 3331 1754; x_wconf 77' lang='grc' dir='ltr'>Πατέρες</span> <span class='ocrx_word' id='word_1_403' title='bbox 3366 1701 3380 1714; x_wconf 89' lang='grc'><strong>·</strong></span> <span class='ocrx_word' id='word_1_404' title='bbox 3412 1685 3565 1739; x_wconf 83' lang='grc' dir='ltr'>κάτω</span> <span class='ocrx_word' id='word_1_405' title='bbox 3591 1685 3648 1737; x_wconf 81' lang='grc' dir='ltr'><strong>δὲ</strong></span> <span class='ocrx_word' id='word_1_406' title='bbox 3681 1685 3808 1752; x_wconf 79' lang='grc' dir='ltr'><strong>περὶ</strong></span> 
     </span>
    </p>
   </div>
   <div class='ocr_carea' id='block_1_60' title="bbox 2242 1774 3803 1848">
    <p class='ocr_par' dir='ltr' id='par_1_60' title="bbox 2242 1774 3803 1848">
     <span class='ocr_line' id='line_1_60' title="bbox 2242 1774 3803 1848; baseline 0 -21"><span class='ocrx_word' id='word_1_407' title='bbox 2242 1775 2348 1827; x_wconf 78' lang='grc' dir='ltr'><strong>τῶν</strong></span> <span class='ocrx_word' id='word_1_408' title='bbox 2376 1776 2462 1829; x_wconf 74' lang='grc' dir='ltr'>διὰ</span> <span class='ocrx_word' id='word_1_409' title='bbox 2490 1777 2642 1830; x_wconf 83' lang='grc' dir='ltr'>νόσον</span> <span class='ocrx_word' id='word_1_410' title='bbox 2677 1778 3252 1848; x_wconf 78' lang='grc' dir='ltr'>ἁκρωτηριαζομένων</span> <span class='ocrx_word' id='word_1_411' title='bbox 3299 1777 3390 1830; x_wconf 75' lang='grc' dir='ltr'><strong>τὸν</strong></span> <span class='ocrx_word' id='word_1_412' title='bbox 3432 1777 3587 1843; x_wconf 82' lang='grc' dir='ltr'>λόγον</span> <span class='ocrx_word' id='word_1_413' title='bbox 3618 1774 3803 1829; x_wconf 78' lang='grc' dir='ltr'>ποιού-</span> 
     </span>
    </p>
   </div>
   <div class='ocr_carea' id='block_1_61' title="bbox 2247 1865 3802 1939">
    <p class='ocr_par' dir='ltr' id='par_1_61' title="bbox 2247 1865 3802 1939">
     <span class='ocr_line' id='line_1_61' title="bbox 2247 1865 3802 1939; baseline 0.001 -22"><span class='ocrx_word' id='word_1_414' title='bbox 2247 1882 2417 1934; x_wconf 83' lang='grc' dir='ltr'>μενοι,</span> <span class='ocrx_word' id='word_1_415' title='bbox 2452 1869 2578 1929; x_wconf 76' lang='grc' dir='ltr'>τοὺς</span> <span class='ocrx_word' id='word_1_416' title='bbox 2631 1865 2730 1937; x_wconf 81' lang='grc' dir='ltr'>μὲν</span> <span class='ocrx_word' id='word_1_417' title='bbox 2779 1870 2999 1931; x_wconf 67' lang='grc' dir='ltr'>λαῖκους</span> <span class='ocrx_word' id='word_1_418' title='bbox 3032 1869 3366 1939; x_wconf 80' lang='grc' dir='ltr'>αὖτοχείρως</span> <span class='ocrx_word' id='word_1_419' title='bbox 3400 1867 3802 1937; x_wconf 77' lang='grc' dir='ltr'>εὐνουχίζοντας</span> 
     </span>
    </p>
   </div>
   <div class='ocr_carea' id='block_1_62' title="bbox 2244 1957 3795 2027">
    <p class='ocr_par' dir='ltr' id='par_1_62' title="bbox 2244 1957 3795 2027">
     <span class='ocr_line' id='line_1_62' title="bbox 2244 1957 3795 2027; baseline -0.001 -19"><span class='ocrx_word' id='word_1_420' title='bbox 2244 1957 2277 2025; x_wconf 78' lang='grc' dir='ltr'>ἢ</span> <span class='ocrx_word' id='word_1_421' title='bbox 2310 1957 2400 2008; x_wconf 80' lang='grc' dir='ltr'><strong>τὸν</strong></span> <span class='ocrx_word' id='word_1_422' title='bbox 2429 1959 2892 2027; x_wconf 84' lang='grc' dir='ltr'>ἁκρωτηριασμὺν</span> <span class='ocrx_word' id='word_1_423' title='bbox 2921 1959 3313 2027; x_wconf 65' lang='grc' dir='ltr'>ἐπιτρέποντας</span> <span class='ocrx_word' id='word_1_424' title='bbox 3358 1959 3453 2010; x_wconf 81' lang='grc' dir='ltr'><strong>οὐκ</strong></span> <span class='ocrx_word' id='word_1_425' title='bbox 3479 1957 3755 2016; x_wconf 62' lang='grc' dir='ltr'>αἰτιῶνται</span> <span class='ocrx_word' id='word_1_426' title='bbox 3781 1970 3795 1982; x_wconf 80' lang='grc'><strong><em>⁸</em></strong></span> 
     </span>
    </p>
   </div>
   <div class='ocr_carea' id='block_1_63' title="bbox 2245 2048 3797 2122">
    <p class='ocr_par' dir='ltr' id='par_1_63' title="bbox 2245 2048 3797 2122">
     <span class='ocr_line' id='line_1_63' title="bbox 2245 2048 3797 2122; baseline -0.001 -21"><span class='ocrx_word' id='word_1_427' title='bbox 2245 2050 2371 2112; x_wconf 72' lang='grc' dir='ltr'>τοὺς</span> <span class='ocrx_word' id='word_1_428' title='bbox 2421 2051 2475 2103; x_wconf 81' lang='grc' dir='ltr'><strong>δὲ</strong></span> <span class='ocrx_word' id='word_1_429' title='bbox 2521 2051 2886 2122; x_wconf 76' lang='grc' dir='ltr'>ίερωμὲνους,</span> <span class='ocrx_word' id='word_1_430' title='bbox 2939 2052 3326 2114; x_wconf 73' lang='grc' dir='ltr'>ἐπιτάττοντας</span> <span class='ocrx_word' id='word_1_431' title='bbox 3363 2053 3452 2103; x_wconf 69' lang='grc' dir='ltr'><strong>καὶ</strong></span> <span class='ocrx_word' id='word_1_432' title='bbox 3506 2051 3682 2120; x_wconf 82' lang='grc' dir='ltr'>μόνον,</span> <span class='ocrx_word' id='word_1_433' title='bbox 3734 2048 3797 2100; x_wconf 74' lang='grc' dir='ltr'>οὗ</span> 
     </span>
    </p>
   </div>
   <div class='ocr_carea' id='block_1_64' title="bbox 2246 2138 3800 2210">
    <p class='ocr_par' dir='ltr' id='par_1_64' title="bbox 2246 2138 3800 2210">
     <span class='ocr_line' id='line_1_64' title="bbox 2246 2138 3800 2210; baseline -0.001 -20"><span class='ocrx_word' id='word_1_434' title='bbox 2246 2139 2632 2208; x_wconf 73' lang='grc' dir='ltr'>κατακρίνουσι</span> <span class='ocrx_word' id='word_1_435' title='bbox 2661 2157 2674 2169; x_wconf 76' lang='grc'><strong><em>⁸</em></strong></span> <span class='ocrx_word' id='word_1_436' title='bbox 2730 2139 2804 2210; x_wconf 79' lang='grc' dir='ltr'>μὴ</span> <span class='ocrx_word' id='word_1_437' title='bbox 2856 2141 3034 2210; x_wconf 85' lang='grc' dir='ltr'>μέντοι</span> <span class='ocrx_word' id='word_1_438' title='bbox 3083 2159 3143 2208; x_wconf 79' lang='grc' dir='ltr'><strong>γε</strong></span> <span class='ocrx_word' id='word_1_439' title='bbox 3196 2143 3289 2193; x_wconf 69' lang='grc' dir='ltr'><strong>καὶ</strong></span> <span class='ocrx_word' id='word_1_440' title='bbox 3335 2139 3675 2208; x_wconf 76' lang='grc' dir='ltr'>αὐτοχείρους</span> <span class='ocrx_word' id='word_1_441' title='bbox 3703 2138 3800 2189; x_wconf 74' lang='grc' dir='ltr'>τοῦ</span> 
     </span>
    </p>
   </div>
   <div class='ocr_carea' id='block_1_65' title="bbox 2246 2228 3803 2303">
    <p class='ocr_par' dir='ltr' id='par_1_65' title="bbox 2246 2228 3803 2303">
     <span class='ocr_line' id='line_1_65' title="bbox 2246 2228 3803 2303; baseline -0.003 -16"><span class='ocrx_word' id='word_1_442' title='bbox 2246 2233 2706 2303; x_wconf 86' lang='grc' dir='ltr'>ἀκρωτηριασμοῦ</span> <span class='ocrx_word' id='word_1_443' title='bbox 2740 2233 3086 2302; x_wconf 78' lang='grc' dir='ltr'>γενομένους.</span> <span class='ocrx_word' id='word_1_444' title='bbox 3119 2234 3438 2300; x_wconf 84' lang='grc' dir='ltr'>Σημείωσαι</span> <span class='ocrx_word' id='word_1_445' title='bbox 3487 2228 3582 2284; x_wconf 71' lang='grc' dir='ltr'><strong>οὖν</strong></span> <span class='ocrx_word' id='word_1_446' title='bbox 3626 2231 3803 2291; x_wconf 73' lang='grc' dir='ltr'>τοῦτο,</span> 
     </span>
    </p>
   </div>
   <div class='ocr_carea' id='block_1_66' title="bbox 2247 2321 3801 2395">
    <p class='ocr_par' dir='ltr' id='par_1_66' title="bbox 2247 2321 3801 2395">
     <span class='ocr_line' id='line_1_66' title="bbox 2247 2321 3801 2395; baseline -0.006 -15"><span class='ocrx_word' id='word_1_447' title='bbox 2247 2326 2459 2392; x_wconf 76' lang='grc' dir='ltr'>ὀφεῖλον</span> <span class='ocrx_word' id='word_1_448' title='bbox 2514 2325 2886 2395; x_wconf 78' lang='grc' dir='ltr'>συμϐαλέσθαι</span> <span class='ocrx_word' id='word_1_449' title='bbox 2922 2343 3002 2377; x_wconf 91' lang='grc' dir='ltr'><strong>σοι</strong></span> <span class='ocrx_word' id='word_1_450' title='bbox 3041 2325 3234 2384; x_wconf 75' lang='grc' dir='ltr'>πολλὰ,</span> <span class='ocrx_word' id='word_1_451' title='bbox 3288 2325 3367 2383; x_wconf 81' lang='grc' dir='ltr'><strong>είς</strong></span> <span class='ocrx_word' id='word_1_452' title='bbox 3429 2324 3489 2375; x_wconf 77' lang='grc' dir='ltr'>τὸ</span> <span class='ocrx_word' id='word_1_453' title='bbox 3542 2323 3620 2391; x_wconf 71' lang='grc' dir='ltr'>μὴ</span> <span class='ocrx_word' id='word_1_454' title='bbox 3673 2321 3801 2374; x_wconf 76' lang='grc' dir='ltr'>εἶναι</span> 
     </span>
    </p>
   </div>
   <div class='ocr_carea' id='block_1_67' title="bbox 2249 2415 3797 2489">
    <p class='ocr_par' dir='ltr' id='par_1_67' title="bbox 2249 2415 3797 2489">
     <span class='ocr_line' id='line_1_67' title="bbox 2249 2415 3797 2489; baseline -0.004 -19"><span class='ocrx_word' id='word_1_455' title='bbox 2249 2419 2630 2489; x_wconf 81' lang='grc' dir='ltr'>ἀτιμωρήτους</span> <span class='ocrx_word' id='word_1_456' title='bbox 2652 2419 2777 2479; x_wconf 79' lang='grc' dir='ltr'>τοὺς</span> <span class='ocrx_word' id='word_1_457' title='bbox 2805 2418 3134 2486; x_wconf 86' lang='grc' dir='ltr'>ίερωμένους</span> <span class='ocrx_word' id='word_1_458' title='bbox 3165 2416 3252 2469; x_wconf 69' lang='grc' dir='ltr'><strong>ὗιὶ</strong></span> <span class='ocrx_word' id='word_1_459' title='bbox 3283 2416 3436 2468; x_wconf 86' lang='grc' dir='ltr'>νόσον</span> <span class='ocrx_word' id='word_1_460' title='bbox 3466 2415 3797 2482; x_wconf 60' lang='grc' dir='ltr'>προῦιῶντας</span> 
     </span>
    </p>
   </div>
   <div class='ocr_carea' id='block_1_68' title="bbox 2250 2507 3787 2580">
    <p class='ocr_par' dir='ltr' id='par_1_68' title="bbox 2250 2507 3787 2580">
     <span class='ocr_line' id='line_1_68' title="bbox 2250 2507 3787 2580; baseline -0.004 -19"><span class='ocrx_word' id='word_1_461' title='bbox 2250 2513 2328 2574; x_wconf 82' lang='grc' dir='ltr'>εἰς</span> <span class='ocrx_word' id='word_1_462' title='bbox 2365 2509 2600 2580; x_wconf 78' lang='grc' dir='ltr'>ἐκτομὴν</span> <span class='ocrx_word' id='word_1_463' title='bbox 2653 2511 2879 2568; x_wconf 72' lang='grc' dir='ltr'>ἑαυτοὺς</span> <span class='ocrx_word' id='word_1_464' title='bbox 2915 2510 3040 2579; x_wconf 81' lang='grc' dir='ltr'>δίχα</span> <span class='ocrx_word' id='word_1_465' title='bbox 3070 2510 3370 2578; x_wconf 77' lang='grc' dir='ltr'>ἐπιτροπῆς</span> <span class='ocrx_word' id='word_1_466' title='bbox 3430 2507 3787 2576; x_wconf 67' lang='grc' dir='ltr'>ἐκκλησιαστιο</span> 
     </span>
    </p>
   </div>
   <div class='ocr_carea' id='block_1_69' title="bbox 2251 2601 3789 2676">
    <p class='ocr_par' dir='ltr' id='par_1_69' title="bbox 2251 2601 3789 2676">
     <span class='ocr_line' id='line_1_69' title="bbox 2251 2601 3789 2676; baseline -0.008 -15"><span class='ocrx_word' id='word_1_467' title='bbox 2251 2610 2373 2670; x_wconf 75' lang='grc' dir='ltr'><strong>κῆς.</strong></span> <span class='ocrx_word' id='word_1_468' title='bbox 2405 2606 2464 2657; x_wconf 84' lang='grc' dir='ltr'><strong>Εἰ</strong></span> <span class='ocrx_word' id='word_1_469' title='bbox 2498 2605 2605 2675; x_wconf 83' lang='grc' dir='ltr'>γὰρ</span> <span class='ocrx_word' id='word_1_470' title='bbox 2636 2605 2959 2676; x_wconf 84' lang='grc' dir='ltr'>τιμωρεῖται</span> <span class='ocrx_word' id='word_1_471' title='bbox 2987 2603 3016 2654; x_wconf 81' lang='grc' dir='ltr'>ὁ</span> <span class='ocrx_word' id='word_1_472' title='bbox 3045 2601 3338 2670; x_wconf 80' lang='grc' dir='ltr'>ίερωμὲνος</span> <span class='ocrx_word' id='word_1_473' title='bbox 3377 2602 3405 2652; x_wconf 88' lang='grc' dir='ltr'>ὁ</span> <span class='ocrx_word' id='word_1_474' title='bbox 3439 2601 3630 2670; x_wconf 74' lang='grc' dir='ltr'>ἕτερον</span> <span class='ocrx_word' id='word_1_475' title='bbox 3658 2601 3789 2650; x_wconf 66' lang='grc' dir='ltr'>οὗτοι</span> 
     </span>
    </p>
   </div>
   <div class='ocr_carea' id='block_1_70' title="bbox 2251 2693 3793 2770">
    <p class='ocr_par' dir='ltr' id='par_1_70' title="bbox 2251 2693 3793 2770">
     <span class='ocr_line' id='line_1_70' title="bbox 2251 2693 3793 2770; baseline -0.006 -18"><span class='ocrx_word' id='word_1_476' title='bbox 2251 2699 2446 2770; x_wconf 84' lang='grc' dir='ltr'>χείρως</span> <span class='ocrx_word' id='word_1_477' title='bbox 2493 2698 2580 2751; x_wconf 78' lang='grc' dir='ltr'>διὰ</span> <span class='ocrx_word' id='word_1_478' title='bbox 2624 2697 2775 2749; x_wconf 84' lang='grc' dir='ltr'>νόσον</span> <span class='ocrx_word' id='word_1_479' title='bbox 2808 2697 3110 2764; x_wconf 76' lang='grc' dir='ltr'>ἐκτέμνων,</span> <span class='ocrx_word' id='word_1_480' title='bbox 3143 2693 3326 2762; x_wconf 86' lang='grc' dir='ltr'>πολλῴ</span> <span class='ocrx_word' id='word_1_481' title='bbox 3353 2693 3518 2745; x_wconf 74' lang='grc' dir='ltr'>πλένν</span> <span class='ocrx_word' id='word_1_482' title='bbox 3571 2707 3793 2761; x_wconf 82' lang='grc' dir='ltr'>τιμωρη-</span> 
     </span>
    </p>
   </div>
   <div class='ocr_carea' id='block_1_71' title="bbox 2255 2785 3805 2862">
    <p class='ocr_par' dir='ltr' id='par_1_71' title="bbox 2255 2785 3805 2862">
     <span class='ocr_line' id='line_1_71' title="bbox 2255 2785 3805 2862; baseline -0.005 -18"><span class='ocrx_word' id='word_1_483' title='bbox 2255 2791 2479 2862; x_wconf 81' lang='grc' dir='ltr'>θήσεται</span> <span class='ocrx_word' id='word_1_484' title='bbox 2535 2794 2564 2843; x_wconf 90' lang='grc' dir='ltr'><strong>ό</strong></span> <span class='ocrx_word' id='word_1_485' title='bbox 2632 2791 2826 2846; x_wconf 77' lang='grc' dir='ltr'>ἑαυτὸν</span> <span class='ocrx_word' id='word_1_486' title='bbox 2881 2787 3313 2860; x_wconf 76' lang='grc' dir='ltr'>ἀκρωτηριάζων</span> <span class='ocrx_word' id='word_1_487' title='bbox 3375 2787 3673 2856; x_wconf 76' lang='grc' dir='ltr'>ἱερωμένος</span> <span class='ocrx_word' id='word_1_488' title='bbox 3728 2785 3805 2838; x_wconf 63' lang='grc' dir='ltr'><strong>διὰ</strong></span> 
     </span>
    </p>
   </div>
   <div class='ocr_carea' id='block_1_72' title="bbox 2255 2887 2429 2939">
    <p class='ocr_par' dir='ltr' id='par_1_72' title="bbox 2255 2887 2429 2939">
     <span class='ocr_line' id='line_1_72' title="bbox 2255 2887 2429 2939; baseline 0 -3"><span class='ocrx_word' id='word_1_489' title='bbox 2255 2887 2429 2939; x_wconf 90' lang='grc' dir='ltr'>νόσον.</span> 
     </span>
    </p>
   </div>
   <div class='ocr_carea' id='block_1_73' title="bbox 2331 3013 3811 3085">
    <p class='ocr_par' dir='ltr' id='par_1_73' title="bbox 2331 3013 3811 3085">
     <span class='ocr_line' id='line_1_73' title="bbox 2331 3013 3811 3085; baseline -0.003 -15"><span class='ocrx_word' id='word_1_490' title='bbox 2331 3015 2578 3072; x_wconf 79' lang='grc' dir='ltr'><strong>ΖΩΝΑΡ.</strong></span> <span class='ocrx_word' id='word_1_491' title='bbox 2607 3015 2680 3068; x_wconf 79' lang='grc' dir='ltr'>Τὸ</span> <span class='ocrx_word' id='word_1_492' title='bbox 2725 3013 3060 3085; x_wconf 81' lang='grc' dir='ltr'>εὐνουχίζειν</span> <span class='ocrx_word' id='word_1_493' title='bbox 3095 3015 3190 3067; x_wconf 79' lang='grc' dir='ltr'><strong>καὶ</strong></span> <span class='ocrx_word' id='word_1_494' title='bbox 3238 3016 3350 3078; x_wconf 86' lang='grc' dir='ltr'>τοῖς</span> <span class='ocrx_word' id='word_1_495' title='bbox 3385 3015 3689 3077; x_wconf 80' lang='grc' dir='ltr'>πολιτικοῖς</span> <span class='ocrx_word' id='word_1_496' title='bbox 3737 3014 3811 3066; x_wconf 83' lang='grc' dir='ltr'>νό-</span> 
     </span>
    </p>
   </div>
   <div class='ocr_carea' id='block_1_74' title="bbox 2259 3089 3817 3180">
    <p class='ocr_par' dir='ltr' id='par_1_74' title="bbox 2259 3089 3817 3180">
     <span class='ocr_line' id='line_1_74' title="bbox 2259 3089 3817 3180; baseline -0.004 -18"><span class='ocrx_word' id='word_1_497' title='bbox 2259 3127 2375 3180; x_wconf 86' lang='grc' dir='ltr'>μοις</span> <span class='ocrx_word' id='word_1_498' title='bbox 2429 3089 2827 3178; x_wconf 75' lang='grc' dir='ltr'>ἀπηγόρευται.</span> <span class='ocrx_word' id='word_1_499' title='bbox 2887 3107 2948 3160; x_wconf 89' lang='lat'><strong>&#39;0</strong></span> <span class='ocrx_word' id='word_1_500' title='bbox 2985 3109 3083 3176; x_wconf 79' lang='grc' dir='ltr'>μὲν</span> <span class='ocrx_word' id='word_1_501' title='bbox 3135 3102 3232 3160; x_wconf 82' lang='grc' dir='ltr'>οὗν</span> <span class='ocrx_word' id='word_1_502' title='bbox 3284 3107 3478 3160; x_wconf 73' lang='grc' dir='ltr'>ἑαυτὸν</span> <span class='ocrx_word' id='word_1_503' title='bbox 3526 3107 3817 3176; x_wconf 72' lang='grc' dir='ltr'>ἐκτέμνων,</span> 
     </span>
    </p>
   </div>
   <div class='ocr_carea' id='block_1_75' title="bbox 2259 3200 3818 3272">
    <p class='ocr_par' dir='ltr' id='par_1_75' title="bbox 2259 3200 3818 3272">
     <span class='ocr_line' id='line_1_75' title="bbox 2259 3200 3818 3272; baseline -0.003 -16"><span class='ocrx_word' id='word_1_504' title='bbox 2259 3202 2438 3266; x_wconf 82' lang='grc' dir='ltr'>καθὼς</span> <span class='ocrx_word' id='word_1_505' title='bbox 2467 3204 2524 3254; x_wconf 83' lang='grc' dir='ltr'><strong>ἐν</strong></span> <span class='ocrx_word' id='word_1_506' title='bbox 2554 3201 2631 3271; x_wconf 81' lang='grc' dir='ltr'>τῷ</span> <span class='ocrx_word' id='word_1_507' title='bbox 2664 3200 2864 3272; x_wconf 83' lang='grc' dir='ltr'>πρώτῳ</span> <span class='ocrx_word' id='word_1_508' title='bbox 2893 3201 3080 3254; x_wconf 85' lang='grc' dir='ltr'>κανόνι</span> <span class='ocrx_word' id='word_1_509' title='bbox 3109 3202 3211 3268; x_wconf 82' lang='grc' dir='ltr'>τῆς</span> <span class='ocrx_word' id='word_1_510' title='bbox 3255 3201 3649 3272; x_wconf 82' lang='grc' dir='ltr'>οίκουμενικῆς</span> <span class='ocrx_word' id='word_1_511' title='bbox 3684 3202 3818 3268; x_wconf 78' lang='grc' dir='ltr'><strong>πρὼο</strong></span> 
     </span>
    </p>
   </div>
   <div class='ocr_carea' id='block_1_76' title="bbox 2259 3293 3819 3366">
    <p class='ocr_par' dir='ltr' id='par_1_76' title="bbox 2259 3293 3819 3366">
     <span class='ocr_line' id='line_1_76' title="bbox 2259 3293 3819 3366; baseline -0.004 -16"><span class='ocrx_word' id='word_1_512' title='bbox 2259 3315 2358 3366; x_wconf 82' lang='grc' dir='ltr'><strong>της</strong></span> <span class='ocrx_word' id='word_1_513' title='bbox 2403 3296 2624 3350; x_wconf 82' lang='grc' dir='ltr'>συνόδου</span> <span class='ocrx_word' id='word_1_514' title='bbox 2678 3297 2924 3365; x_wconf 76' lang='grc' dir='ltr'>εἴπομεν,</span> <span class='ocrx_word' id='word_1_515' title='bbox 2963 3295 3258 3364; x_wconf 83' lang='grc' dir='ltr'>ἱερωμένος</span> <span class='ocrx_word' id='word_1_516' title='bbox 3290 3293 3388 3354; x_wconf 80' lang='grc' dir='ltr'><strong>ὢν,</strong></span> <span class='ocrx_word' id='word_1_517' title='bbox 3455 3295 3819 3362; x_wconf 81' lang='grc' dir='ltr'>καθαιρεῖται,</span> 
     </span>
    </p>
   </div>
   <div class='ocr_carea' id='block_1_77' title="bbox 2265 3369 3823 3460">
    <p class='ocr_par' dir='ltr' id='par_1_77' title="bbox 2265 3369 3823 3460">
     <span class='ocr_line' id='line_1_77' title="bbox 2265 3369 3823 3460; baseline -0.004 -19"><span class='ocrx_word' id='word_1_518' title='bbox 2265 3389 2470 3460; x_wconf 82' lang='grc' dir='ltr'>μέλλων</span> <span class='ocrx_word' id='word_1_519' title='bbox 2505 3390 2549 3442; x_wconf 85' lang='grc' dir='ltr'><strong>δ’</strong></span> <span class='ocrx_word' id='word_1_520' title='bbox 2583 3379 2890 3458; x_wconf 81' lang='grc' dir='ltr'>ἱερωθῆναι’</span> <span class='ocrx_word' id='word_1_521' title='bbox 2907 3385 3178 3439; x_wconf 79' lang='grc' dir='ltr'>κωλύεται</span> <span class='ocrx_word' id='word_1_522' title='bbox 3205 3385 3278 3448; x_wconf 86' lang='grc' dir='ltr'><strong>ὡς</strong></span> <span class='ocrx_word' id='word_1_523' title='bbox 3305 3369 3736 3454; x_wconf 62' lang='grc' dir='ltr'>α’ὑτοφονευτής.</span> <span class='ocrx_word' id='word_1_524' title='bbox 3769 3385 3823 3436; x_wconf 76' lang='grc' dir='ltr'><strong>ΕΞ</strong></span> 
     </span>
    </p>
   </div>
   <div class='ocr_carea' id='block_1_78' title="bbox 2260 3478 3826 3550">
    <p class='ocr_par' dir='ltr' id='par_1_78' title="bbox 2260 3478 3826 3550">
     <span class='ocr_line' id='line_1_78' title="bbox 2260 3478 3826 3550; baseline -0.004 -16"><span class='ocrx_word' id='word_1_525' title='bbox 2260 3482 2315 3535; x_wconf 71' lang='grc' dir='ltr'><strong>δὲ</strong></span> <span class='ocrx_word' id='word_1_526' title='bbox 2348 3484 2551 3544; x_wconf 76' lang='grc' dir='ltr'>ἐκεῖνος</span> <span class='ocrx_word' id='word_1_527' title='bbox 2577 3481 2975 3550; x_wconf 73' lang='grc' dir='ltr'>αὐτοφονευτὴς</span> <span class='ocrx_word' id='word_1_528' title='bbox 3005 3480 3267 3548; x_wconf 80' lang='grc' dir='ltr'>κρίνοιτο,</span> <span class='ocrx_word' id='word_1_529' title='bbox 3304 3481 3332 3532; x_wconf 80' lang='grc' dir='ltr'><strong>ό</strong></span> <span class='ocrx_word' id='word_1_530' title='bbox 3371 3478 3533 3532; x_wconf 75' lang='grc' dir='ltr'>ἄλλον</span> <span class='ocrx_word' id='word_1_531' title='bbox 3585 3479 3826 3545; x_wconf 74' lang='grc' dir='ltr'>εὐνουχί-</span> 
     </span>
    </p>
   </div>
   <div class='ocr_carea' id='block_1_79' title="bbox 2264 3572 3828 3643">
    <p class='ocr_par' dir='ltr' id='par_1_79' title="bbox 2264 3572 3828 3643">
     <span class='ocr_line' id='line_1_79' title="bbox 2264 3572 3828 3643; baseline -0.004 -16"><span class='ocrx_word' id='word_1_532' title='bbox 2264 3575 2372 3639; x_wconf 81' lang='grc' dir='ltr'><strong>ζων</strong></span> <span class='ocrx_word' id='word_1_533' title='bbox 2408 3578 2624 3636; x_wconf 77' lang='grc' dir='ltr'>πάντως</span> <span class='ocrx_word' id='word_1_534' title='bbox 2656 3577 2720 3629; x_wconf 86' lang='grc' dir='ltr'><strong>ἂν</strong></span> <span class='ocrx_word' id='word_1_535' title='bbox 2752 3574 3018 3639; x_wconf 72' lang='grc' dir='ltr'>λογίζοιτο</span> <span class='ocrx_word' id='word_1_536' title='bbox 3063 3574 3349 3643; x_wconf 80' lang='grc' dir='ltr'>φονεντής.</span> <span class='ocrx_word' id='word_1_537' title='bbox 3408 3572 3504 3640; x_wconf 80' lang='grc' dir='ltr'>Είη</span> <span class='ocrx_word' id='word_1_538' title='bbox 3556 3573 3608 3624; x_wconf 80' lang='grc' dir='ltr'><strong>δ’</strong></span> <span class='ocrx_word' id='word_1_539' title='bbox 3645 3572 3710 3624; x_wconf 74' lang='grc' dir='ltr'><strong>ἂν</strong></span> <span class='ocrx_word' id='word_1_540' title='bbox 3744 3573 3828 3621; x_wconf 79' lang='grc' dir='ltr'><strong>καί</strong></span> 
     </span>
    </p>
   </div>
   <div class='ocr_carea' id='block_1_80' title="bbox 2263 3666 3828 3737">
    <p class='ocr_par' dir='ltr' id='par_1_80' title="bbox 2263 3666 3828 3737">
     <span class='ocr_line' id='line_1_80' title="bbox 2263 3666 3828 3737; baseline -0.004 -17"><span class='ocrx_word' id='word_1_541' title='bbox 2263 3673 2360 3737; x_wconf 77' lang='grc' dir='ltr'>τῆς</span> <span class='ocrx_word' id='word_1_542' title='bbox 2389 3668 2481 3721; x_wconf 77' lang='grc' dir='ltr'>τοῦ</span> <span class='ocrx_word' id='word_1_543' title='bbox 2514 3668 2650 3720; x_wconf 80' lang='grc' dir='ltr'>Θεοῦ</span> <span class='ocrx_word' id='word_1_544' title='bbox 2679 3669 3042 3737; x_wconf 75' lang='grc' dir='ltr'>δημιουργίας</span> <span class='ocrx_word' id='word_1_545' title='bbox 3087 3667 3371 3736; x_wconf 76' lang='grc' dir='ltr'>ὑϐριστής.</span> <span class='ocrx_word' id='word_1_546' title='bbox 3411 3666 3510 3716; x_wconf 85' lang='grc' dir='ltr'>Ὃν</span> <span class='ocrx_word' id='word_1_547' title='bbox 3541 3668 3660 3735; x_wconf 74' lang='grc' dir='ltr'><strong>γὰρ</strong></span> <span class='ocrx_word' id='word_1_548' title='bbox 3703 3666 3828 3716; x_wconf 83' lang='grc' dir='ltr'>ἐκεῖ-</span> 
     </span>
    </p>
   </div>
   <div class='ocr_carea' id='block_1_81' title="bbox 2266 3754 3830 3830">
    <p class='ocr_par' dir='ltr' id='par_1_81' title="bbox 2266 3754 3830 3830">
     <span class='ocr_line' id='line_1_81' title="bbox 2266 3754 3830 3830; baseline -0.004 -15"><span class='ocrx_word' id='word_1_549' title='bbox 2266 3779 2355 3822; x_wconf 88' lang='grc' dir='ltr'><strong>νος</strong></span> <span class='ocrx_word' id='word_1_550' title='bbox 2389 3763 2465 3824; x_wconf 79' lang='grc' dir='ltr'>εἰς</span> <span class='ocrx_word' id='word_1_551' title='bbox 2497 3760 2740 3830; x_wconf 77' lang='grc' dir='ltr'>ἀνδρῴαν</span> <span class='ocrx_word' id='word_1_552' title='bbox 2777 3761 2940 3828; x_wconf 72' lang='grc' dir='ltr'>φύσιν</span> <span class='ocrx_word' id='word_1_553' title='bbox 2969 3760 3301 3828; x_wconf 77' lang='grc' dir='ltr'>προήνεγκε,</span> <span class='ocrx_word' id='word_1_554' title='bbox 3345 3755 3540 3810; x_wconf 79' lang='grc' dir='ltr'>τοῦτον</span> <span class='ocrx_word' id='word_1_555' title='bbox 3577 3754 3738 3820; x_wconf 67' lang='grc' dir='ltr'>οὗτος</span> <span class='ocrx_word' id='word_1_556' title='bbox 3761 3760 3830 3818; x_wconf 83' lang='grc' dir='ltr'><strong>είς</strong></span> 
     </span>
    </p>
   </div>
   <div class='ocr_carea' id='block_1_82' title="bbox 2268 3848 3830 3924">
    <p class='ocr_par' dir='ltr' id='par_1_82' title="bbox 2268 3848 3830 3924">
     <span class='ocr_line' id='line_1_82' title="bbox 2268 3848 3830 3924; baseline -0.005 -18"><span class='ocrx_word' id='word_1_557' title='bbox 2268 3853 2429 3924; x_wconf 82' lang='grc' dir='ltr'>φύσιν</span> <span class='ocrx_word' id='word_1_558' title='bbox 2475 3853 2642 3921; x_wconf 73' lang='grc' dir='ltr'>ἄλλην</span> <span class='ocrx_word' id='word_1_559' title='bbox 2679 3851 3002 3922; x_wconf 68' lang='grc' dir='ltr'>μεταμείϐει</span> <span class='ocrx_word' id='word_1_560' title='bbox 3049 3851 3362 3904; x_wconf 78' lang='grc' dir='ltr'>ἀλλόκοτον.</span> <span class='ocrx_word' id='word_1_561' title='bbox 3391 3848 3531 3903; x_wconf 75' lang='grc' dir='ltr'>Οὔτε</span> <span class='ocrx_word' id='word_1_562' title='bbox 3585 3851 3700 3920; x_wconf 78' lang='grc' dir='ltr'><strong>γὰρ</strong></span> <span class='ocrx_word' id='word_1_563' title='bbox 3748 3850 3830 3901; x_wconf 84' lang='grc' dir='ltr'><strong>ἁν-</strong></span> 
     </span>
    </p>
   </div>
   <div class='ocr_carea' id='block_1_83' title="bbox 2267 3942 3832 4019">
    <p class='ocr_par' dir='ltr' id='par_1_83' title="bbox 2267 3942 3832 4019">
     <span class='ocr_line' id='line_1_83' title="bbox 2267 3942 3832 4019; baseline -0.006 -17"><span class='ocrx_word' id='word_1_564' title='bbox 2267 3947 2444 4019; x_wconf 82' lang='grc' dir='ltr'>δρῴας</span> <span class='ocrx_word' id='word_1_565' title='bbox 2477 3947 2592 4000; x_wconf 77' lang='grc' dir='ltr'>ἐστὶ</span> <span class='ocrx_word' id='word_1_566' title='bbox 2629 3947 2842 4013; x_wconf 68' lang='grc' dir='ltr'>φύσεως</span> <span class='ocrx_word' id='word_1_567' title='bbox 2871 3949 2898 3999; x_wconf 88' lang='grc' dir='ltr'><strong>ό</strong></span> <span class='ocrx_word' id='word_1_568' title='bbox 2927 3945 3359 4014; x_wconf 80' lang='grc' dir='ltr'>ἐκτετμημένος,</span> <span class='ocrx_word' id='word_1_569' title='bbox 3389 3945 3516 3996; x_wconf 70' lang='grc' dir='ltr'>ἐπεὶ</span> <span class='ocrx_word' id='word_1_570' title='bbox 3547 3942 3832 3996; x_wconf 72' lang='grc' dir='ltr'>συνουσιὰο</span> 
     </span>
    </p>
   </div>
   <div class='ocr_carea' id='block_1_84' title="bbox 2269 4031 3833 4106">
    <p class='ocr_par' dir='ltr' id='par_1_84' title="bbox 2269 4031 3833 4106">
     <span class='ocr_line' id='line_1_84' title="bbox 2269 4031 3833 4106; baseline -0.006 -12"><span class='ocrx_word' id='word_1_571' title='bbox 2269 4042 2377 4106; x_wconf 85' lang='grc' dir='ltr'><strong>ζων</strong></span> <span class='ocrx_word' id='word_1_572' title='bbox 2407 4041 2466 4092; x_wconf 77' lang='grc' dir='ltr'><strong>οὐ</strong></span> <span class='ocrx_word' id='word_1_573' title='bbox 2516 4039 2737 4092; x_wconf 84' lang='grc' dir='ltr'>δύναται</span> <span class='ocrx_word' id='word_1_574' title='bbox 2784 4039 2972 4092; x_wconf 86' lang='grc' dir='ltr'>τέκνον</span> <span class='ocrx_word' id='word_1_575' title='bbox 3003 4039 3245 4106; x_wconf 84' lang='grc' dir='ltr'>ἐγεῖραι’</span> <span class='ocrx_word' id='word_1_576' title='bbox 3298 4034 3416 4088; x_wconf 76' lang='grc' dir='ltr'>οὔτ’</span> <span class='ocrx_word' id='word_1_577' title='bbox 3445 4034 3611 4097; x_wconf 79' lang='grc' dir='ltr'>αὖθις</span> <span class='ocrx_word' id='word_1_578' title='bbox 3657 4031 3833 4102; x_wconf 63' lang='grc' dir='ltr'>γυναι-</span> 
     </span>
    </p>
   </div>
   <div class='ocr_carea' id='block_1_85' title="bbox 2271 4125 3836 4200">
    <p class='ocr_par' dir='ltr' id='par_1_85' title="bbox 2271 4125 3836 4200">
     <span class='ocr_line' id='line_1_85' title="bbox 2271 4125 3836 4200; baseline -0.006 -15"><span class='ocrx_word' id='word_1_579' title='bbox 2271 4134 2424 4195; x_wconf 80' lang='grc' dir='ltr'>κείας</span> <span class='ocrx_word' id='word_1_580' title='bbox 2480 4133 2649 4195; x_wconf 70' lang='grc' dir='ltr'>ἐστὶν,</span> <span class='ocrx_word' id='word_1_581' title='bbox 2703 4131 2824 4183; x_wconf 74' lang='grc' dir='ltr'>ἐπεὶ</span> <span class='ocrx_word' id='word_1_582' title='bbox 2881 4131 2955 4200; x_wconf 76' lang='grc' dir='ltr'>μὴ</span> <span class='ocrx_word' id='word_1_583' title='bbox 3001 4132 3192 4183; x_wconf 89' lang='grc' dir='ltr'>τίκτει.</span> <span class='ocrx_word' id='word_1_584' title='bbox 3247 4127 3343 4181; x_wconf 69' lang='grc' dir='ltr'><strong>Διά</strong></span> <span class='ocrx_word' id='word_1_585' title='bbox 3372 4127 3553 4184; x_wconf 74' lang='grc' dir='ltr'>τοῦτο.</span> <span class='ocrx_word' id='word_1_586' title='bbox 3592 4127 3761 4196; x_wconf 74' lang='grc' dir='ltr'>φησὶν</span> <span class='ocrx_word' id='word_1_587' title='bbox 3812 4125 3836 4176; x_wconf 81' lang='grc' dir='ltr'><strong>ό</strong></span> 
     </span>
    </p>
   </div>
   <div class='ocr_carea' id='block_1_86' title="bbox 2270 4217 3836 4292">
    <p class='ocr_par' dir='ltr' id='par_1_86' title="bbox 2270 4217 3836 4292">
     <span class='ocr_line' id='line_1_86' title="bbox 2270 4217 3836 4292; baseline -0.007 -14"><span class='ocrx_word' id='word_1_588' title='bbox 2270 4223 2539 4288; x_wconf 60' lang='lat' dir='ltr'><strong>minime!</strong></span> <span class='ocrx_word' id='word_1_589' title='bbox 2569 4241 2651 4286; x_wconf 88' lang='grc' dir='ltr'><strong>τις</strong></span> <span class='ocrx_word' id='word_1_590' title='bbox 2685 4222 2980 4292; x_wconf 80' lang='grc' dir='ltr'>ίερωμένος</span> <span class='ocrx_word' id='word_1_591' title='bbox 3013 4219 3340 4290; x_wconf 78' lang='grc' dir='ltr'>εὐνουχίζων</span> <span class='ocrx_word' id='word_1_592' title='bbox 3367 4219 3490 4272; x_wconf 79' lang='grc' dir='ltr'>τινὰ</span> <span class='ocrx_word' id='word_1_593' title='bbox 3531 4217 3836 4287; x_wconf 62' lang='grc' dir='ltr'>ἐλεγχθείη,</span> 
     </span>
    </p>
   </div>
   <div class='ocr_carea' id='block_1_87' title="bbox 2272 4306 3840 4382">
    <p class='ocr_par' dir='ltr' id='par_1_87' title="bbox 2272 4306 3840 4382">
     <span class='ocr_line' id='line_1_87' title="bbox 2272 4306 3840 4382; baseline -0.006 -12"><span class='ocrx_word' id='word_1_594' title='bbox 2272 4318 2381 4370; x_wconf 72' lang='grc' dir='ltr'>εἴτε</span> <span class='ocrx_word' id='word_1_595' title='bbox 2430 4317 2498 4370; x_wconf 77' lang='grc' dir='ltr'><strong>δι’</strong></span> <span class='ocrx_word' id='word_1_596' title='bbox 2527 4315 2720 4369; x_wconf 79' lang='grc' dir='ltr'>ἑαυτοῦ</span> <span class='ocrx_word' id='word_1_597' title='bbox 2755 4317 2864 4368; x_wconf 83' lang='grc' dir='ltr'>είτε</span> <span class='ocrx_word' id='word_1_598' title='bbox 2897 4316 2965 4368; x_wconf 78' lang='grc' dir='ltr'><strong>δι’</strong></span> <span class='ocrx_word' id='word_1_599' title='bbox 2993 4314 3202 4382; x_wconf 76' lang='grc' dir='ltr'>ἐτέρου,</span> <span class='ocrx_word' id='word_1_600' title='bbox 3239 4310 3626 4380; x_wconf 82' lang='grc' dir='ltr'>καθαιρείσθω</span> <span class='ocrx_word' id='word_1_601' title='bbox 3651 4327 3668 4342; x_wconf 78' lang='grc' dir='ltr'><strong>ο</strong></span> <span class='ocrx_word' id='word_1_602' title='bbox 3717 4311 3761 4361; x_wconf 87' lang='grc' dir='ltr'><strong>εί</strong></span> <span class='ocrx_word' id='word_1_603' title='bbox 3791 4306 3840 4360; x_wconf 80' lang='grc' dir='ltr'><strong>δέ</strong></span> 
     </span>
    </p>
   </div>
   <div class='ocr_carea' id='block_1_88' title="bbox 606 4403 2153 4494">
    <p class='ocr_par' dir='ltr' id='par_1_88' title="bbox 606 4406 2153 4476">
     <span class='ocr_line' id='line_1_88' title="bbox 606 4406 2153 4476; baseline 0 -18"><span class='ocrx_word' id='word_1_604' title='bbox 606 4407 816 4470; x_wconf 87' lang='lat' dir='ltr'><strong>liebris,</strong></span> <span class='ocrx_word' id='word_1_605' title='bbox 852 4411 1112 4475; x_wconf 84' lang='lat' dir='ltr'><strong>quoniam</strong></span> <span class='ocrx_word' id='word_1_606' title='bbox 1155 4424 1262 4461; x_wconf 88' lang='lat' dir='ltr'><strong>nou</strong></span> <span class='ocrx_word' id='word_1_607' title='bbox 1298 4407 1491 4476; x_wconf 86' lang='lat' dir='ltr'><strong>pariat.</strong></span> <span class='ocrx_word' id='word_1_608' title='bbox 1526 4406 1735 4460; x_wconf 84' lang='lat' dir='ltr'><strong>Idcirco</strong></span> <span class='ocrx_word' id='word_1_609' title='bbox 1783 4407 1826 4459; x_wconf 89' lang='lat' dir='ltr'><strong>si</strong></span> <span class='ocrx_word' id='word_1_610' title='bbox 1868 4407 1991 4475; x_wconf 90' lang='lat' dir='ltr'><strong>quis</strong></span> <span class='ocrx_word' id='word_1_611' title='bbox 2032 4407 2153 4459; x_wconf 32' lang='lat' dir='ltr'><strong>alte‘</strong></span> 
     </span>
    </p>
   </div>
   <div class='ocr_carea' id='block_1_89' title="bbox 2253 4403 3841 4494">
    <p class='ocr_par' dir='ltr' id='par_1_89' title="bbox 2275 4403 3841 4480">
     <span class='ocr_line' id='line_1_89' title="bbox 2275 4403 3841 4480; baseline -0.006 -20"><span class='ocrx_word' id='word_1_612' title='bbox 2275 4410 2483 4475; x_wconf 69' lang='grc' dir='ltr'>ὶαῖκος,</span> <span class='ocrx_word' id='word_1_613' title='bbox 2529 4408 2906 4480; x_wconf 58' lang='grc' dir='ltr'>ἀφοριζέσθωμ</span> <span class='ocrx_word' id='word_1_614' title='bbox 2929 4408 2990 4461; x_wconf 84' lang='lat' dir='ltr'><strong>El</strong></span> <span class='ocrx_word' id='word_1_615' title='bbox 3036 4407 3093 4460; x_wconf 80' lang='grc' dir='ltr'><strong>δέ</strong></span> <span class='ocrx_word' id='word_1_616' title='bbox 3120 4423 3206 4469; x_wconf 87' lang='grc' dir='ltr'><strong>τις</strong></span> <span class='ocrx_word' id='word_1_617' title='bbox 3242 4403 3517 4475; x_wconf 72' lang='grc' dir='ltr'>περιπέσῃ</span> <span class='ocrx_word' id='word_1_618' title='bbox 3547 4404 3841 4473; x_wconf 72' lang='grc' dir='ltr'>νοσήματι,</span> 
     </span>
    </p>
   </div>
   <div class='ocr_carea' id='block_1_90' title="bbox 611 4500 2169 4570">
    <p class='ocr_par' dir='ltr' id='par_1_90' title="bbox 611 4500 2169 4570">
     <span class='ocr_line' id='line_1_90' title="bbox 611 4500 2169 4570; baseline 0.003 -18"><span class='ocrx_word' id='word_1_619' title='bbox 611 4517 730 4554; x_wconf 89' lang='lat' dir='ltr'><strong>rum</strong></span> <span class='ocrx_word' id='word_1_620' title='bbox 788 4504 1131 4568; x_wconf 81' lang='lat' dir='ltr'><strong>exsecuisse,</strong></span> <span class='ocrx_word' id='word_1_621' title='bbox 1187 4504 1304 4556; x_wconf 85' lang='lat' dir='ltr'><strong>sive</strong></span> <span class='ocrx_word' id='word_1_622' title='bbox 1355 4503 1468 4570; x_wconf 87' lang='lat' dir='ltr'><strong>ipse</strong></span> <span class='ocrx_word' id='word_1_623' title='bbox 1519 4518 1612 4568; x_wconf 89' lang='lat' dir='ltr'><strong>per</strong></span> <span class='ocrx_word' id='word_1_624' title='bbox 1647 4517 1726 4562; x_wconf 83' lang='lat' dir='ltr'><strong>se,</strong></span> <span class='ocrx_word' id='word_1_625' title='bbox 1781 4500 1897 4555; x_wconf 83' lang='lat' dir='ltr'><strong>sive</strong></span> <span class='ocrx_word' id='word_1_626' title='bbox 1945 4501 2169 4556; x_wconf 88' lang='lat' dir='ltr'><strong>alterius</strong></span> 
     </span>
    </p>
   </div>
   <div class='ocr_carea' id='block_1_91' title="bbox 610 4589 2170 4658">
    <p class='ocr_par' dir='ltr' id='par_1_91' title="bbox 610 4589 2170 4658">
     <span class='ocr_line' id='line_1_91' title="bbox 610 4589 2170 4658; baseline -0.002 -14"><span class='ocrx_word' id='word_1_627' title='bbox 610 4607 797 4658; x_wconf 85' lang='lat' dir='ltr'><strong>opera,</strong></span> <span class='ocrx_word' id='word_1_628' title='bbox 833 4593 1126 4646; x_wconf 82' lang='lat' dir='ltr'><strong>convictus</strong></span> <span class='ocrx_word' id='word_1_629' title='bbox 1160 4593 1340 4654; x_wconf 78' lang='lat' dir='ltr'><strong>fuerit,</strong></span> <span class='ocrx_word' id='word_1_630' title='bbox 1391 4593 1736 4645; x_wconf 80' lang='lat' dir='ltr'><strong>sacerdmem</strong></span> <span class='ocrx_word' id='word_1_631' title='bbox 1793 4589 2012 4658; x_wconf 87' lang='lat' dir='ltr'><strong>deponi,</strong></span> <span class='ocrx_word' id='word_1_632' title='bbox 2077 4590 2170 4642; x_wconf 86' lang='lat' dir='ltr'><strong>lai-</strong></span> 
     </span>
    </p>
   </div>
   <div class='ocr_carea' id='block_1_92' title="bbox 611 4681 2170 4752">
    <p class='ocr_par' dir='ltr' id='par_1_92' title="bbox 611 4681 2170 4752">
     <span class='ocr_line' id='line_1_92' title="bbox 611 4681 2170 4752; baseline 0.001 -19"><span class='ocrx_word' id='word_1_633' title='bbox 611 4697 736 4734; x_wconf 89' lang='lat' dir='ltr'><strong>eum</strong></span> <span class='ocrx_word' id='word_1_634' title='bbox 769 4700 899 4737; x_wconf 80' lang='lat' dir='ltr'><strong>vero</strong></span> <span class='ocrx_word' id='word_1_635' title='bbox 928 4701 1102 4737; x_wconf 87' lang='lat' dir='ltr'><strong>canon</strong></span> <span class='ocrx_word' id='word_1_636' title='bbox 1142 4685 1417 4752; x_wconf 71' lang='lat' dir='ltr'><strong>segregari</strong></span> <span class='ocrx_word' id='word_1_637' title='bbox 1447 4685 1620 4750; x_wconf 85' lang='lat' dir='ltr'><strong>jubet.</strong></span> <span class='ocrx_word' id='word_1_638' title='bbox 1651 4681 1708 4736; x_wconf 85' lang='lat' dir='ltr'><strong>Si</strong></span> <span class='ocrx_word' id='word_1_639' title='bbox 1740 4683 1865 4750; x_wconf 88' lang='lat' dir='ltr'><strong>quis</strong></span> <span class='ocrx_word' id='word_1_640' title='bbox 1900 4691 2080 4735; x_wconf 89' lang='lat' dir='ltr'><strong>tamen</strong></span> <span class='ocrx_word' id='word_1_641' title='bbox 2117 4682 2170 4735; x_wconf 93' lang='lat' dir='ltr'><strong>iu</strong></span> 
     </span>
    </p>
   </div>
   <div class='ocr_carea' id='block_1_93' title="bbox 617 4775 2173 4846">
    <p class='ocr_par' dir='ltr' id='par_1_93' title="bbox 617 4775 2173 4846">
     <span class='ocr_line' id='line_1_93' title="bbox 617 4775 2173 4846; baseline 0.003 -20"><span class='ocrx_word' id='word_1_642' title='bbox 617 4777 889 4840; x_wconf 86' lang='lat' dir='ltr'><strong>morbum,</strong></span> <span class='ocrx_word' id='word_1_643' title='bbox 919 4793 984 4832; x_wconf 82' lang='lat' dir='ltr'><strong>ex</strong></span> <span class='ocrx_word' id='word_1_644' title='bbox 1013 4793 1122 4846; x_wconf 91' lang='lat' dir='ltr'><strong>quo</strong></span> <span class='ocrx_word' id='word_1_645' title='bbox 1152 4777 1327 4830; x_wconf 86' lang='lat' dir='ltr'><strong>virilia</strong></span> <span class='ocrx_word' id='word_1_646' title='bbox 1360 4778 1604 4831; x_wconf 85' lang='lat' dir='ltr'><strong>ahseiudi</strong></span> <span class='ocrx_word' id='word_1_647' title='bbox 1640 4792 1864 4830; x_wconf 86' lang='lat' dir='ltr'><strong>necesse</strong></span> <span class='ocrx_word' id='word_1_648' title='bbox 1910 4775 2000 4837; x_wconf 86' lang='lat' dir='ltr'><strong>sit,</strong></span> <span class='ocrx_word' id='word_1_649' title='bbox 2039 4777 2173 4829; x_wconf 84' lang='lat' dir='ltr'><strong>inci-</strong></span> 
     </span>
    </p>
   </div>
   <div class='ocr_carea' id='block_1_94' title="bbox 616 4869 2172 4938">
    <p class='ocr_par' dir='ltr' id='par_1_94' title="bbox 616 4869 2172 4938">
     <span class='ocr_line' id='line_1_94' title="bbox 616 4869 2172 4938; baseline 0.002 -19"><span class='ocrx_word' id='word_1_650' title='bbox 616 4870 737 4933; x_wconf 85' lang='lat' dir='ltr'><strong>dat;</strong></span> <span class='ocrx_word' id='word_1_651' title='bbox 770 4885 832 4923; x_wconf 87' lang='lat' dir='ltr'><strong>ea</strong></span> <span class='ocrx_word' id='word_1_652' title='bbox 867 4886 996 4924; x_wconf 82' lang='lat' dir='ltr'><strong>vero</strong></span> <span class='ocrx_word' id='word_1_653' title='bbox 1031 4879 1159 4923; x_wconf 88' lang='lat' dir='ltr'><strong>tunc</strong></span> <span class='ocrx_word' id='word_1_654' title='bbox 1197 4871 1456 4938; x_wconf 79' lang='lat' dir='ltr'><strong>temporis</strong></span> <span class='ocrx_word' id='word_1_655' title='bbox 1502 4869 1770 4937; x_wconf 88' lang='lat' dir='ltr'><strong>amputari</strong></span> <span class='ocrx_word' id='word_1_656' title='bbox 1821 4884 1998 4921; x_wconf 81' lang='lat' dir='ltr'><strong>canon</strong></span> <span class='ocrx_word' id='word_1_657' title='bbox 2031 4869 2172 4922; x_wconf 88' lang='lat' dir='ltr'><strong>haud</strong></span> 
     </span>
    </p>
   </div>
   <div class='ocr_carea' id='block_1_95' title="bbox 612 4959 3583 5032">
    <p class='ocr_par' dir='ltr' id='par_1_95' title="bbox 612 4959 3583 5032">
     <span class='ocr_line' id='line_1_95' title="bbox 612 4959 3583 5032; baseline -0.001 -22"><span class='ocrx_word' id='word_1_658' title='bbox 612 4963 777 5023; x_wconf 82' lang='lat' dir='ltr'><strong>vetat,</strong></span> <span class='ocrx_word' id='word_1_659' title='bbox 811 4975 985 5031; x_wconf 88' lang='lat' dir='ltr'><strong>neque</strong></span> <span class='ocrx_word' id='word_1_660' title='bbox 1024 4961 1209 5023; x_wconf 88' lang='lat' dir='ltr'><strong>ullam,</strong></span> <span class='ocrx_word' id='word_1_661' title='bbox 1245 4969 1338 5013; x_wconf 91' lang='lat' dir='ltr'><strong>aut</strong></span> <span class='ocrx_word' id='word_1_662' title='bbox 1367 4960 1420 5013; x_wconf 89' lang='lat' dir='ltr'><strong>in</strong></span> <span class='ocrx_word' id='word_1_663' title='bbox 1466 4977 1588 5020; x_wconf 82' lang='lat' dir='ltr'><strong>eos,</strong></span> <span class='ocrx_word' id='word_1_664' title='bbox 1621 4961 1713 5028; x_wconf 92' lang='lat' dir='ltr'><strong>qui</strong></span> <span class='ocrx_word' id='word_1_665' title='bbox 1763 4974 1982 5011; x_wconf 90' lang='lat' dir='ltr'><strong>manum</strong></span> <span class='ocrx_word' id='word_1_666' title='bbox 2018 4959 2170 5027; x_wconf 88' lang='lat' dir='ltr'><strong>operi</strong></span> <span class='ocrx_word' id='word_1_667' title='bbox 2212 4961 2576 5027; x_wconf 88' lang='lat' dir='ltr'><strong>admoverint,</strong></span> <span class='ocrx_word' id='word_1_668' title='bbox 2614 4973 2706 5017; x_wconf 89' lang='lat' dir='ltr'><strong>aut</strong></span> <span class='ocrx_word' id='word_1_669' title='bbox 2731 4963 2825 5032; x_wconf 93' lang='lat' dir='ltr'><strong>qui</strong></span> <span class='ocrx_word' id='word_1_670' title='bbox 2859 4963 2973 5014; x_wconf 87' lang='lat' dir='ltr'><strong>lieri</strong></span> <span class='ocrx_word' id='word_1_671' title='bbox 3007 4961 3295 5030; x_wconf 85' lang='lat' dir='ltr'><strong>jusserint,</strong></span> <span class='ocrx_word' id='word_1_672' title='bbox 3363 4972 3583 5027; x_wconf 67' lang='lat' dir='ltr'><strong>pinnam</strong></span> 
     </span>
    </p>
   </div>
   <div class='ocr_carea' id='block_1_96' title="bbox 2275 4493 3845 4569">
    <p class='ocr_par' dir='ltr' id='par_1_96' title="bbox 2275 4493 3845 4569">
     <span class='ocr_line' id='line_1_96' title="bbox 2275 4493 3845 4569; baseline -0.006 -17"><span class='ocrx_word' id='word_1_673' title='bbox 2275 4501 2336 4564; x_wconf 79' lang='grc' dir='ltr'><strong>ἐξ</strong></span> <span class='ocrx_word' id='word_1_674' title='bbox 2387 4499 2448 4556; x_wconf 71' lang='grc' dir='ltr'>οὗ</span> <span class='ocrx_word' id='word_1_675' title='bbox 2499 4501 2735 4568; x_wconf 80' lang='grc' dir='ltr'>βιάζοιτο</span> <span class='ocrx_word' id='word_1_676' title='bbox 2781 4500 3163 4569; x_wconf 84' lang='grc' dir='ltr'>ἐκτμηθῆναι,</span> <span class='ocrx_word' id='word_1_677' title='bbox 3224 4497 3342 4551; x_wconf 87' lang='grc' dir='ltr'>τότε</span> <span class='ocrx_word' id='word_1_678' title='bbox 3407 4499 3640 4564; x_wconf 79' lang='grc' dir='ltr'>ἐφίησιν</span> <span class='ocrx_word' id='word_1_679' title='bbox 3696 4493 3845 4548; x_wconf 68' lang='grc' dir='ltr'>αὑτὸν</span> 
     </span>
    </p>
   </div>
   <div class='ocr_carea' id='block_1_97' title="bbox 2275 4585 3845 4662">
    <p class='ocr_par' dir='ltr' id='par_1_97' title="bbox 2275 4585 3845 4662">
     <span class='ocr_line' id='line_1_97' title="bbox 2275 4585 3845 4662; baseline -0.007 -18"><span class='ocrx_word' id='word_1_680' title='bbox 2275 4593 2707 4662; x_wconf 70' lang='grc' dir='ltr'>εὐνουχίζεσθαι,</span> <span class='ocrx_word' id='word_1_681' title='bbox 2759 4591 2851 4645; x_wconf 81' lang='grc' dir='ltr'>καὶ</span> <span class='ocrx_word' id='word_1_682' title='bbox 2905 4591 3027 4644; x_wconf 73' lang='grc' dir='ltr'>οὔτε</span> <span class='ocrx_word' id='word_1_683' title='bbox 3075 4591 3203 4651; x_wconf 78' lang='grc' dir='ltr'>τοὺς</span> <span class='ocrx_word' id='word_1_684' title='bbox 3230 4587 3704 4659; x_wconf 77' lang='grc' dir='ltr'>χειρουργοῦντας</span> <span class='ocrx_word' id='word_1_685' title='bbox 3736 4585 3845 4638; x_wconf 77' lang='grc' dir='ltr'>οὕτε</span> 
     </span>
    </p>
   </div>
   <div class='ocr_carea' id='block_1_98' title="bbox 2275 4676 3846 4749">
    <p class='ocr_par' dir='ltr' id='par_1_98' title="bbox 2275 4676 3846 4749">
     <span class='ocr_line' id='line_1_98' title="bbox 2275 4676 3846 4749; baseline -0.007 -11"><span class='ocrx_word' id='word_1_686' title='bbox 2275 4688 2400 4749; x_wconf 79' lang='grc' dir='ltr'>τοὺς</span> <span class='ocrx_word' id='word_1_687' title='bbox 2434 4686 2821 4749; x_wconf 83' lang='grc' dir='ltr'>ἐπιτάττοντας</span> <span class='ocrx_word' id='word_1_688' title='bbox 2872 4682 3112 4747; x_wconf 80' lang='grc' dir='ltr'>κολάζει.</span> <span class='ocrx_word' id='word_1_689' title='bbox 3142 4683 3217 4734; x_wconf 78' lang='grc' dir='ltr'><strong>Οὐ</strong></span> <span class='ocrx_word' id='word_1_690' title='bbox 3247 4681 3356 4749; x_wconf 74' lang='grc' dir='ltr'><strong>γὰρ</strong></span> <span class='ocrx_word' id='word_1_691' title='bbox 3391 4677 3552 4748; x_wconf 76' lang='grc' dir='ltr'>ὕϐρις</span> <span class='ocrx_word' id='word_1_692' title='bbox 3592 4678 3696 4730; x_wconf 74' lang='grc' dir='ltr'>τοῦ</span> <span class='ocrx_word' id='word_1_693' title='bbox 3726 4676 3846 4728; x_wconf 73' lang='grc' dir='ltr'><strong>πλά-</strong></span> 
     </span>
    </p>
   </div>
   <div class='ocr_carea' id='block_1_99' title="bbox 2285 4767 3846 4846">
    <p class='ocr_par' dir='ltr' id='par_1_99' title="bbox 2285 4767 3846 4846">
     <span class='ocr_line' id='line_1_99' title="bbox 2285 4767 3846 4846; baseline -0.01 -15"><span class='ocrx_word' id='word_1_694' title='bbox 2285 4795 2410 4831; x_wconf 86' lang='grc' dir='ltr'>στου</span> <span class='ocrx_word' id='word_1_695' title='bbox 2441 4777 2602 4831; x_wconf 84' lang='grc' dir='ltr'><strong>τοῦτό</strong></span> <span class='ocrx_word' id='word_1_696' title='bbox 2633 4781 2797 4838; x_wconf 83' lang='grc' dir='ltr'>ἐστιν,</span> <span class='ocrx_word' id='word_1_697' title='bbox 2829 4776 2952 4830; x_wconf 77' lang='grc' dir='ltr'>οὕτε</span> <span class='ocrx_word' id='word_1_698' title='bbox 3016 4777 3122 4846; x_wconf 82' lang='grc' dir='ltr'>μὴν</span> <span class='ocrx_word' id='word_1_699' title='bbox 3157 4772 3416 4841; x_wconf 73' lang='grc' dir='ltr'>ἐπιϐουλή</span> <span class='ocrx_word' id='word_1_700' title='bbox 3451 4787 3536 4832; x_wconf 86' lang='grc' dir='ltr'><strong>τις</strong></span> <span class='ocrx_word' id='word_1_701' title='bbox 3595 4769 3698 4824; x_wconf 79' lang='grc' dir='ltr'>τοῦ</span> <span class='ocrx_word' id='word_1_702' title='bbox 3735 4767 3846 4820; x_wconf 77' lang='grc' dir='ltr'><strong>πὶά-</strong></span> 
     </span>
    </p>
   </div>
   <div class='ocr_carea' id='block_1_100' title="bbox 2285 4869 3180 4940">
    <p class='ocr_par' dir='ltr' id='par_1_100' title="bbox 2285 4869 3180 4940">
     <span class='ocr_line' id='line_1_100' title="bbox 2285 4869 3180 4940; baseline 0.002 -19"><span class='ocrx_word' id='word_1_703' title='bbox 2285 4887 2510 4940; x_wconf 87' lang='grc' dir='ltr'>σματος,</span> <span class='ocrx_word' id='word_1_704' title='bbox 2544 4870 2680 4923; x_wconf 77' lang='grc' dir='ltr'><strong>ἀλλὰ</strong></span> <span class='ocrx_word' id='word_1_705' title='bbox 2709 4872 2863 4922; x_wconf 84' lang='grc' dir='ltr'>νόσου</span> <span class='ocrx_word' id='word_1_706' title='bbox 2891 4869 3180 4937; x_wconf 77' lang='grc' dir='ltr'>θεραπεία.</span> 
     </span>
    </p>
   </div>
   <div class='ocr_carea' id='block_1_101' title="bbox 3677 4957 3841 5010">
    <p class='ocr_par' dir='ltr' id='par_1_101' title="bbox 3677 4957 3841 5010">
     <span class='ocr_line' id='line_1_101' title="bbox 3677 4957 3841 5010; baseline -0.037 0"><span class='ocrx_word' id='word_1_707' title='bbox 3677 4957 3712 5010; x_wconf 66' lang='grc' dir='ltr'>ἀ</span> <span class='ocrx_word' id='word_1_708' title='bbox 3718 4973 3748 5009; x_wconf 91' lang='lat' dir='ltr'><strong>e</strong></span> <span class='ocrx_word' id='word_1_709' title='bbox 3753 4970 3841 5008; x_wconf 56' lang='grc' dir='ltr'>σοι*</span> 
     </span>
    </p>
   </div>
   <div class='ocr_carea' id='block_1_102' title="bbox 617 5050 3846 5125">
    <p class='ocr_par' dir='ltr' id='par_1_102' title="bbox 617 5050 3846 5125">
     <span class='ocr_line' id='line_1_102' title="bbox 617 5050 3846 5125; baseline -0.003 -18"><span class='ocrx_word' id='word_1_710' title='bbox 617 5058 714 5110; x_wconf 92' lang='lat' dir='ltr'><strong>nit.</strong></span> <span class='ocrx_word' id='word_1_711' title='bbox 750 5057 878 5111; x_wconf 71' lang='lat' dir='ltr'><strong>Sola</strong></span> <span class='ocrx_word' id='word_1_712' title='bbox 913 5055 1057 5110; x_wconf 88' lang='lat' dir='ltr'><strong>enim</strong></span> <span class='ocrx_word' id='word_1_713' title='bbox 1128 5056 1217 5110; x_wconf 93' lang='lat' dir='ltr'><strong>hic</strong></span> <span class='ocrx_word' id='word_1_714' title='bbox 1278 5055 1450 5110; x_wconf 87' lang='lat' dir='ltr'><strong>morbi</strong></span> <span class='ocrx_word' id='word_1_715' title='bbox 1505 5055 1722 5107; x_wconf 84' lang='lat' dir='ltr'><strong>curatio</strong></span> <span class='ocrx_word' id='word_1_716' title='bbox 1801 5054 2088 5121; x_wconf 72' lang='lat' dir='ltr'><strong>qumritur,</strong></span> <span class='ocrx_word' id='word_1_717' title='bbox 2149 5069 2252 5107; x_wconf 92' lang='lat' dir='ltr'><strong>non</strong></span> <span class='ocrx_word' id='word_1_718' title='bbox 2292 5068 2383 5110; x_wconf 88' lang='lat' dir='ltr'><strong>aut</strong></span> <span class='ocrx_word' id='word_1_719' title='bbox 2413 5058 2592 5125; x_wconf 81' lang='lat' dir='ltr'><strong>opiﬁci</strong></span> <span class='ocrx_word' id='word_1_720' title='bbox 2623 5057 2976 5121; x_wconf 88' lang='lat' dir='ltr'><strong>contumelia,</strong></span> <span class='ocrx_word' id='word_1_721' title='bbox 3008 5066 3102 5108; x_wconf 89' lang='lat' dir='ltr'><strong>aut</strong></span> <span class='ocrx_word' id='word_1_722' title='bbox 3130 5054 3296 5107; x_wconf 91' lang='lat' dir='ltr'><strong>ullum</strong></span> <span class='ocrx_word' id='word_1_723' title='bbox 3321 5052 3538 5122; x_wconf 81' lang='lat' dir='ltr'><strong>opiﬁcio</strong></span> <span class='ocrx_word' id='word_1_724' title='bbox 3561 5050 3846 5106; x_wconf 82' lang='lat' dir='ltr'><strong>damnum,</strong></span> 
     </span>
    </p>
   </div>
   <div class='ocr_carea' id='block_1_103' title="bbox 611 5151 860 5207">
    <p class='ocr_par' dir='ltr' id='par_1_103' title="bbox 611 5151 860 5207">
     <span class='ocr_line' id='line_1_103' title="bbox 611 5151 860 5207; baseline 0.008 -2"><span class='ocrx_word' id='word_1_725' title='bbox 611 5151 763 5206; x_wconf 79' lang='lat' dir='ltr'><strong>infert</strong></span> <span class='ocrx_word' id='word_1_726' title='bbox 777 5169 860 5207; x_wconf 91' lang='lat' dir='ltr'><strong>ur.</strong></span> 
     </span>
    </p>
   </div>
   <div class='ocr_carea' id='block_1_104' title="bbox 619 5283 2180 5357">
    <p class='ocr_par' dir='ltr' id='par_1_104' title="bbox 619 5283 2180 5357">
     <span class='ocr_line' id='line_1_104' title="bbox 619 5283 2180 5357; baseline -0.006 -13"><span class='ocrx_word' id='word_1_727' title='bbox 619 5289 848 5346; x_wconf 75' lang='lat' dir='ltr'><strong>ARIST.</strong></span> <span class='ocrx_word' id='word_1_728' title='bbox 883 5309 901 5340; x_wconf 76' lang='grc' dir='ltr'><strong>ι</strong></span> <span class='ocrx_word' id='word_1_729' title='bbox 943 5289 999 5343; x_wconf 86' lang='lat' dir='ltr'><strong>Si</strong></span> <span class='ocrx_word' id='word_1_730' title='bbox 1033 5287 1159 5357; x_wconf 89' lang='lat' dir='ltr'><strong>quis</strong></span> <span class='ocrx_word' id='word_1_731' title='bbox 1198 5286 1496 5355; x_wconf 87' lang='lat' dir='ltr'><strong>episcopus</strong></span> <span class='ocrx_word' id='word_1_732' title='bbox 1531 5284 1610 5338; x_wconf 87' lang='lat' dir='ltr'><strong>vel</strong></span> <span class='ocrx_word' id='word_1_733' title='bbox 1647 5284 1930 5354; x_wconf 84' lang='lat' dir='ltr'><strong>presbyter</strong></span> <span class='ocrx_word' id='word_1_734' title='bbox 1957 5283 2035 5336; x_wconf 84' lang='lat' dir='ltr'><strong>vel</strong></span> <span class='ocrx_word' id='word_1_735' title='bbox 2063 5283 2180 5335; x_wconf 88' lang='lat' dir='ltr'><strong>dia-</strong></span> 
     </span>
    </p>
   </div>
   <div class='ocr_carea' id='block_1_105' title="bbox 697 5377 2176 5450">
    <p class='ocr_par' dir='ltr' id='par_1_105' title="bbox 697 5377 2176 5450">
     <span class='ocr_line' id='line_1_105' title="bbox 697 5377 2176 5450; baseline -0.003 -16"><span class='ocrx_word' id='word_1_736' title='bbox 697 5405 714 5434; x_wconf 75' lang='grc' dir='ltr'><strong>ι</strong></span> <span class='ocrx_word' id='word_1_737' title='bbox 754 5399 928 5437; x_wconf 89' lang='lat' dir='ltr'><strong>conus</strong></span> <span class='ocrx_word' id='word_1_738' title='bbox 997 5381 1298 5450; x_wconf 89' lang='lat' dir='ltr'><strong>quemlibet</strong></span> <span class='ocrx_word' id='word_1_739' title='bbox 1357 5378 1725 5443; x_wconf 73' lang='lat' dir='ltr'><strong>castraverit,</strong></span> <span class='ocrx_word' id='word_1_740' title='bbox 1787 5377 1902 5432; x_wconf 88' lang='lat' dir='ltr'><strong>sive</strong></span> <span class='ocrx_word' id='word_1_741' title='bbox 1958 5378 2176 5447; x_wconf 88' lang='lat' dir='ltr'><strong>propria</strong></span> 
     </span>
    </p>
   </div>
   <div class='ocr_carea' id='block_1_106' title="bbox 697 5469 2182 5569">
    <p class='ocr_par' dir='ltr' id='par_1_106' title="bbox 697 5469 2182 5569">
     <span class='ocr_line' id='line_1_106' title="bbox 697 5469 2182 5569; baseline -0.005 -39"><span class='ocrx_word' id='word_1_742' title='bbox 697 5496 720 5530; x_wconf 70' lang='grc' dir='ltr'><strong>ς</strong></span> <span class='ocrx_word' id='word_1_743' title='bbox 753 5493 941 5569; x_wconf 53' lang='lat' dir='ltr'><strong>manu,</strong></span> <span class='ocrx_word' id='word_1_744' title='bbox 977 5476 1093 5531; x_wconf 88' lang='lat' dir='ltr'><strong>sive</strong></span> <span class='ocrx_word' id='word_1_745' title='bbox 1141 5475 1324 5544; x_wconf 83' lang='lat' dir='ltr'><strong>jussu,</strong></span> <span class='ocrx_word' id='word_1_746' title='bbox 1369 5472 1715 5541; x_wconf 90' lang='lat' dir='ltr'><strong>deponatur:</strong></span> <span class='ocrx_word' id='word_1_747' title='bbox 1780 5470 1867 5526; x_wconf 93' lang='lat' dir='ltr'><strong>sin</strong></span> <span class='ocrx_word' id='word_1_748' title='bbox 1905 5486 2034 5525; x_wconf 90' lang='lat' dir='ltr'><strong>vero</strong></span> <span class='ocrx_word' id='word_1_749' title='bbox 2083 5469 2182 5523; x_wconf 90' lang='lat' dir='ltr'><strong>lai-</strong></span> 
     </span>
    </p>
   </div>
   <div class='ocr_carea' id='block_1_107' title="bbox 704 5560 2179 5636">
    <p class='ocr_par' dir='ltr' id='par_1_107' title="bbox 704 5560 2179 5636">
     <span class='ocr_line' id='line_1_107' title="bbox 704 5560 2179 5636; baseline -0.005 -16"><span class='ocrx_word' id='word_1_750' title='bbox 704 5587 723 5620; x_wconf 70' lang='grc' dir='ltr'><strong>ι</strong></span> <span class='ocrx_word' id='word_1_751' title='bbox 765 5560 865 5624; x_wconf 66' lang='lat' dir='ltr'><strong>cus</strong></span> <span class='ocrx_word' id='word_1_752' title='bbox 897 5568 989 5630; x_wconf 90' lang='lat' dir='ltr'><strong>sit,</strong></span> <span class='ocrx_word' id='word_1_753' title='bbox 1020 5575 1383 5636; x_wconf 76' lang='lat' dir='ltr'><strong>segregetur:</strong></span> <span class='ocrx_word' id='word_1_754' title='bbox 1431 5564 1537 5618; x_wconf 87' lang='lat' dir='ltr'><strong>nisi</strong></span> <span class='ocrx_word' id='word_1_755' title='bbox 1599 5563 1793 5617; x_wconf 85' lang='lat' dir='ltr'><strong>morbo</strong></span> <span class='ocrx_word' id='word_1_756' title='bbox 1837 5563 2066 5618; x_wconf 81' lang='lat' dir='ltr'><strong>forsitan</strong></span> <span class='ocrx_word' id='word_1_757' title='bbox 2114 5560 2179 5613; x_wconf 84' lang='lat' dir='ltr'><strong>ad</strong></span> 
     </span>
    </p>
   </div>
   <div class='ocr_carea' id='block_1_108' title="bbox 701 5654 2179 5728">
    <p class='ocr_par' dir='ltr' id='par_1_108' title="bbox 701 5654 2179 5728">
     <span class='ocr_line' id='line_1_108' title="bbox 701 5654 2179 5728; baseline -0.007 -11"><span class='ocrx_word' id='word_1_758' title='bbox 701 5679 718 5711; x_wconf 78' lang='grc' dir='ltr'>σ</span> <span class='ocrx_word' id='word_1_759' title='bbox 752 5662 1125 5716; x_wconf 80' lang='lat' dir='ltr'><strong>exsectionem</strong></span> <span class='ocrx_word' id='word_1_760' title='bbox 1177 5667 1429 5728; x_wconf 74' lang='lat' dir='ltr'><strong>cogatur.</strong></span> <span class='ocrx_word' id='word_1_761' title='bbox 1465 5654 1574 5709; x_wconf 80' lang='lat' dir='ltr'><strong>Hoc</strong></span> <span class='ocrx_word' id='word_1_762' title='bbox 1607 5655 1752 5709; x_wconf 81' lang='lat' dir='ltr'><strong>enim</strong></span> <span class='ocrx_word' id='word_1_763' title='bbox 1819 5654 2024 5709; x_wconf 86' lang='lat' dir='ltr'><strong>medela</strong></span> <span class='ocrx_word' id='word_1_764' title='bbox 2077 5664 2179 5716; x_wconf 86' lang='lat' dir='ltr'><strong>est,</strong></span> 
     </span>
    </p>
   </div>
   <div class='ocr_carea' id='block_1_109' title="bbox 705 5757 1187 5814">
    <p class='ocr_par' dir='ltr' id='par_1_109' title="bbox 705 5757 1187 5814">
     <span class='ocr_line' id='line_1_109' title="bbox 705 5757 1187 5814; baseline -0.004 -2"><span class='ocrx_word' id='word_1_765' title='bbox 705 5776 723 5809; x_wconf 79' lang='grc' dir='ltr'><strong>ι</strong></span> <span class='ocrx_word' id='word_1_766' title='bbox 759 5775 863 5814; x_wconf 89' lang='lat' dir='ltr'><strong>non</strong></span> <span class='ocrx_word' id='word_1_767' title='bbox 900 5757 1128 5812; x_wconf 62' lang='lat' dir='ltr'><strong>insidiae.</strong></span> <span class='ocrx_word' id='word_1_768' title='bbox 1170 5775 1187 5805; x_wconf 82' lang='grc'><strong>›</strong></span> 
     </span>
    </p>
   </div>
   <div class='ocr_carea' id='block_1_110' title="bbox 2285 5277 3836 5349">
    <p class='ocr_par' dir='ltr' id='par_1_110' title="bbox 2285 5277 3836 5349">
     <span class='ocr_line' id='line_1_110' title="bbox 2285 5277 3836 5349; baseline -0.012 -8"><span class='ocrx_word' id='word_1_769' title='bbox 2285 5286 2504 5341; x_wconf 69' lang='grc' dir='ltr'><strong>ΔΡΙΣΤ.</strong></span> <span class='ocrx_word' id='word_1_770' title='bbox 2544 5305 2562 5336; x_wconf 87' lang='grc'>‹</span> <span class='ocrx_word' id='word_1_771' title='bbox 2608 5284 2673 5337; x_wconf 71' lang='lat' dir='ltr'><strong>Ei</strong></span> <span class='ocrx_word' id='word_1_772' title='bbox 2699 5301 2780 5347; x_wconf 86' lang='grc' dir='ltr'><strong>τις</strong></span> <span class='ocrx_word' id='word_1_773' title='bbox 2809 5283 3106 5342; x_wconf 79' lang='grc' dir='ltr'>ἐπίσκοπος</span> <span class='ocrx_word' id='word_1_774' title='bbox 3139 5281 3172 5349; x_wconf 80' lang='grc' dir='ltr'>ἢ</span> <span class='ocrx_word' id='word_1_775' title='bbox 3208 5279 3580 5349; x_wconf 78' lang='grc' dir='ltr'>πρεσϐυτερος</span> <span class='ocrx_word' id='word_1_776' title='bbox 3618 5279 3654 5347; x_wconf 75' lang='grc' dir='ltr'><strong>ἦ</strong></span> <span class='ocrx_word' id='word_1_777' title='bbox 3680 5277 3836 5330; x_wconf 73' lang='grc' dir='ltr'>διὰκο·</span> 
     </span>
    </p>
   </div>
   <div class='ocr_carea' id='block_1_111' title="bbox 2362 5369 3841 5445">
    <p class='ocr_par' dir='ltr' id='par_1_111' title="bbox 2362 5369 3841 5445">
     <span class='ocr_line' id='line_1_111' title="bbox 2362 5369 3841 5445; baseline -0.006 -16"><span class='ocrx_word' id='word_1_778' title='bbox 2362 5397 2380 5429; x_wconf 75' lang='grc' dir='ltr'><strong>ι</strong></span> <span class='ocrx_word' id='word_1_779' title='bbox 2427 5394 2514 5439; x_wconf 91' lang='grc' dir='ltr'><strong>νος</strong></span> <span class='ocrx_word' id='word_1_780' title='bbox 2540 5376 2872 5445; x_wconf 72' lang='grc' dir='ltr'>εὐνουχίσειέ</span> <span class='ocrx_word' id='word_1_781' title='bbox 2887 5374 3061 5445; x_wconf 85' lang='grc' dir='ltr'>τιναῆ</span> <span class='ocrx_word' id='word_1_782' title='bbox 3095 5371 3407 5440; x_wconf 74' lang='grc' dir='ltr'>αὐτοχειρίᾳ</span> <span class='ocrx_word' id='word_1_783' title='bbox 3431 5369 3462 5438; x_wconf 76' lang='grc' dir='ltr'><strong>ἢ</strong></span> <span class='ocrx_word' id='word_1_784' title='bbox 3487 5371 3841 5436; x_wconf 69' lang='grc' dir='ltr'>ἐπιτάγμιτι.</span> 
     </span>
    </p>
   </div>
   <div class='ocr_carea' id='block_1_112' title="bbox 2365 5459 3846 5540">
    <p class='ocr_par' dir='ltr' id='par_1_112' title="bbox 2365 5459 3846 5540">
     <span class='ocr_line' id='line_1_112' title="bbox 2365 5459 3846 5540; baseline -0.008 -19"><span class='ocrx_word' id='word_1_785' title='bbox 2365 5492 2382 5521; x_wconf 78' lang='grc' dir='ltr'><strong>ι</strong></span> <span class='ocrx_word' id='word_1_786' title='bbox 2431 5467 2797 5540; x_wconf 77' lang='grc' dir='ltr'>καθαιρείσθω</span> <span class='ocrx_word' id='word_1_787' title='bbox 2831 5481 2844 5494; x_wconf 81' lang='grc'><strong>⁸</strong></span> <span class='ocrx_word' id='word_1_788' title='bbox 2878 5470 2926 5521; x_wconf 87' lang='grc' dir='ltr'>εἰ</span> <span class='ocrx_word' id='word_1_789' title='bbox 2977 5467 3038 5519; x_wconf 86' lang='grc' dir='ltr'>δὲ</span> <span class='ocrx_word' id='word_1_790' title='bbox 3085 5465 3273 5526; x_wconf 69' lang='grc' dir='ltr'>λα’ίκὸς</span> <span class='ocrx_word' id='word_1_791' title='bbox 3306 5465 3413 5531; x_wconf 74' lang='grc' dir='ltr'>εἴη,</span> <span class='ocrx_word' id='word_1_792' title='bbox 3458 5459 3846 5530; x_wconf 75' lang='grc' dir='ltr'>ἁφοριζέσθω·</span> 
     </span>
    </p>
   </div>
   <div class='ocr_carea' id='block_1_113' title="bbox 2367 5550 3854 5632">
    <p class='ocr_par' dir='ltr' id='par_1_113' title="bbox 2367 5550 3854 5632">
     <span class='ocr_line' id='line_1_113' title="bbox 2367 5550 3854 5632; baseline -0.01 -18"><span class='ocrx_word' id='word_1_793' title='bbox 2367 5584 2384 5614; x_wconf 72' lang='grc' dir='ltr'><strong>ι</strong></span> <span class='ocrx_word' id='word_1_794' title='bbox 2431 5562 2570 5630; x_wconf 71' lang='grc' dir='ltr'>πλὴν</span> <span class='ocrx_word' id='word_1_795' title='bbox 2598 5563 2644 5614; x_wconf 82' lang='grc' dir='ltr'>εἰ</span> <span class='ocrx_word' id='word_1_796' title='bbox 2681 5561 2756 5632; x_wconf 79' lang='grc' dir='ltr'>μὴ</span> <span class='ocrx_word' id='word_1_797' title='bbox 2788 5560 3056 5628; x_wconf 81' lang='grc' dir='ltr'>νοσήματι</span> <span class='ocrx_word' id='word_1_798' title='bbox 3089 5558 3223 5626; x_wconf 74' lang='grc' dir='ltr'>πρὸς</span> <span class='ocrx_word' id='word_1_799' title='bbox 3253 5556 3352 5624; x_wconf 73' lang='grc' dir='ltr'><strong>τὴν</strong></span> <span class='ocrx_word' id='word_1_800' title='bbox 3385 5551 3631 5621; x_wconf 75' lang='grc' dir='ltr'>ἐκτομὴν</span> <span class='ocrx_word' id='word_1_801' title='bbox 3669 5550 3854 5603; x_wconf 53' lang='grc' dir='ltr'>ἐκϐια-</span> 
     </span>
    </p>
   </div>
   <div class='ocr_carea' id='block_1_114' title="bbox 2375 5644 3716 5724">
    <p class='ocr_par' dir='ltr' id='par_1_114' title="bbox 2375 5644 3716 5724">
     <span class='ocr_line' id='line_1_114' title="bbox 2375 5644 3716 5724; baseline -0.011 -16"><span class='ocrx_word' id='word_1_802' title='bbox 2375 5678 2390 5708; x_wconf 78' lang='grc' dir='ltr'><strong>ι</strong></span> <span class='ocrx_word' id='word_1_803' title='bbox 2439 5658 2582 5721; x_wconf 74' lang='grc' dir='ltr'>ζοιτο</span> <span class='ocrx_word' id='word_1_804' title='bbox 2605 5673 2616 5686; x_wconf 80' lang='grc'><em>’</em></span> <span class='ocrx_word' id='word_1_805' title='bbox 2651 5654 2858 5724; x_wconf 79' lang='grc' dir='ltr'>ἰατρεία</span> <span class='ocrx_word' id='word_1_806' title='bbox 2892 5652 2998 5722; x_wconf 73' lang='grc' dir='ltr'>γὰρ</span> <span class='ocrx_word' id='word_1_807' title='bbox 3027 5650 3204 5713; x_wconf 73' lang='grc' dir='ltr'>τοῦτο,</span> <span class='ocrx_word' id='word_1_808' title='bbox 3237 5650 3335 5700; x_wconf 64' lang='grc' dir='ltr'><strong>οὐκ</strong></span> <span class='ocrx_word' id='word_1_809' title='bbox 3365 5644 3652 5718; x_wconf 52' lang='grc' dir='ltr'>ἐπιϐουλή.</span> <span class='ocrx_word' id='word_1_810' title='bbox 3693 5663 3716 5693; x_wconf 77' lang='grc' dir='ltr'><strong>ι</strong></span> 
     </span>
    </p>
   </div>
  </div>
