4074 6214
375 293 516 358 1049

977 409 1215 462 ΚΑΝΩΝ
1266 403 1343 459 0'.

375 524 393 557 1
441 503 548 559 Τοῦ
597 499 957 558 ἀποστολικσῦ
991 502 1086 555 καὶ
1127 498 1275 552 θείου
1310 498 1534 558 κανόνος
1585 495 1713 560 τοὺς
1748 495 1935 564 ίερεῖς,

441 620 460 649 1
505 597 728 652 τύπτειν
753 594 1164 667 ἐπιχειροῦντας
1196 592 1424 654 πιστοὺς
1476 590 1937 660 ἁμαρτήσαντας,

441 711 460 741 1
505 691 536 762 ἢ
561 691 824 752 ἀπίστους
841 689 1234 757 ἀδικήσαντας,
1251 683 1569 754 καθαιρέσει
1593 679 1939 734 καθυποϐάλ-

442 803 460 834 1
505 783 712 849 λοντος,
745 785 796 834 0i
828 781 917 836 τὸν
969 781 1172 832 οἰκεῖον
1205 776 1644 846 ἀποθεραπεύειν
1683 773 1938 842 μηχανώ-

445 891 462 924 1
511 889 667 943 μενοι
718 873 912 941 θυμὸν,
947 871 1040 924 καὶ
1092 872 1189 930 τὰς
1241 865 1605 929 ἁποστολικὰς
1663 864 1938 928 διατάξεις

439 985 457 1016 1
507 967 1055 1036 παραχαράσσοντες,
1091 964 1220 1024 τοὺς
1274 959 1590 1030 αὐτοχειρίᾳ
1637 956 1936 1018 τύπτοντας

444 1078 463 1110 1
512 1058 856 1129 ἐξειλήφασι,
891 1058 1030 1127 μήτε
1081 1055 1174 1108 τοῦ
1223 1053 1444 1114 κανόνος
1479 1050 1646 1122 μηδὲν
1699 1049 1937 1102 τοιοῦτον

441 1169 458 1200 1
505 1150 988 1218 ύποσημαίνοντος.
1025 1149 1161 1217 μήτε
1213 1145 1308 1198 τού
1363 1142 1524 1217 ὀρθοῦ
1569 1143 1729 1209 λόγου
1774 1140 1937 1194 τοῦτο

442 1264 457 1288 ι
505 1247 644 1296 νοεῖν
699 1243 1106 1312 ἐπιτρέποντος.
1147 1242 1392 1294 Μάταιον
1438 1237 1548 1306 γάρ
1596 1237 1668 1295 ὡς
1717 1235 1936 1304 άληθῶς

443 1356 460 1384 1
509 1337 602 1388 καὶ
634 1333 754 1387 λίαν
790 1334 1091 1402 ἐπισφαλὲς
1123 1334 1214 1388 τὸν
1250 1331 1568 1401 αὐτοχειρίᾳ
1607 1329 1704 1397 μὲν
1757 1328 1814 1379 ἐν
1859 1327 1937 1395 τῷ

505 1427 726 1482 τύπτειν
767 1430 886 1496 τρὶς
933 1427 964 1496 ἢ
1010 1427 1267 1496 τετράκις
1319 1424 1598 1495 πλήξαντα
1650 1422 1968 1497 καθαιρεῖ-⁵

443 1537 459 1568 ι
507 1517 630 1571 σθαι
658 1535 674 1548 ο
724 1518 908 1580 ἀδείας
947 1518 1004 1572 δὲ
1031 1517 1336 1586 διδομένης,
1369 1515 1594 1568 τύπτειν
1627 1515 1684 1579 ἐξ
1716 1512 1938 1579 ἐπιτάγ-

443 1623 460 1653 1
511 1622 679 1674 ματος
725 1607 815 1657 τὸν
852 1606 1074 1675 ἀπηνῶς
1123 1605 1217 1657 καὶ
1252 1604 1413 1673 μέχρι
1443 1603 1678 1656 Θανάτου
1729 1601 1826 1669 τὴν
1855 1616 1936 1651 τι-

443 1714 463 1748 1
512 1697 728 1764 μωρίαν
769 1694 1077 1761 ἐπαύξοντα
1148 1693 1494 1763 παρορᾶσθαι
1564 1691 1931 1761 ἀτιμώρητον.

443 1809 457 1836 1
509 1791 708 1859 Διόπερ
737 1789 832 1842 τοῦ
870 1789 1088 1850 κανόνος
1116 1789 1174 1841 τὸ
1206 1787 1428 1840 τύπτειν
1463 1785 1648 1847 ἁπλῶς
1681 1783 1935 1846 κολάζον-

445 1901 462 1930 1
509 1898 620 1943 τος,
652 1881 746 1934 καὶ
773 1883 933 1951 ἡμεῖς
964 1881 1108 1933 οὓτω
1144 1877 1626 1948 συμψηφιζόμεθα.
1677 1873 1797 1944 Χρὴ
1826 1875 1936 1944 γάρ

447 1991 464 2024 ι
511 1974 600 2026 τὸν
636 1972 730 2026 τοῦ
760 1973 894 2026 Θεοῦ
931 1972 1080 2042 ἱερέα
1117 1969 1468 2031 διδασκαλίας
1499 1970 1595 2021 καὶ
1626 1965 1933 2028 νουθεσίας,

447 2083 462 2114 1
511 2064 620 2117 ἔσθ’
643 2067 729 2117 ὅτε
760 2065 816 2117 δὲ
847 2067 939 2118 καὶ
965 2068 1077 2129 τοῖς
1111 2061 1587 2133 ἐκκλησιαστικοῖς
1619 2057 1935 2128 ἐπιτιμίοις,

445 2175 465 2209 1
508 2159 600 2209 τὸν
652 2158 999 2211 ἀτακτοῦντα
1058 2156 1451 2224 παιδαγωγεῖν,
1503 2153 1638 2205 ἀλλὰ
1693 2155 1768 2220 μὴ
1820 2154 1940 2206 ταῖς

450 2271 468 2301 ι
519 2250 739 2318 μάστιξι
769 2251 860 2302 καὶ
890 2252 1008 2312 ταῖς
1039 2250 1273 2317 πληγαῖς
1306 2249 1384 2310 είς
1412 2245 1480 2298 τὰ
1503 2246 1615 2295 τῶν
1639 2241 1939 2313 ἀνθρώπων

447 2361 466 2390 1
518 2341 748 2411 σώματα
806 2341 1096 2411 ἐπιπηδᾷν.
1130 2342 1190 2392 Εἰ
1224 2340 1281 2393 se
1311 2357 1456 2400 τινες
1503 2334 1614 2389 εἷεν
1665 2333 1940 2394 παντελῶς

447 2450 466 2481 1
513 2430 1015 2494 ἀνυποτακτούντες
1046 2471 1061 2494 ,
1120 2430 1215 2482 καὶ
1265 2428 1342 2498 τῷ
1403 2423 1768 2497 σωφρονισμῷ
1830 2424 1940 2476 τῶν

448 2543 466 2575 1
517 2525 810 2594 ἐπιτιμίων
842 2524 916 2594 μὴ
951 2522 1288 2585 ὑπείκοντες,
1317 2520 1538 2582 τούτους
1569 2519 1658 2571 διὰ
1681 2516 1779 2586 τῆς
1806 2514 1940 2586 πρὸς

441 2640 459 2670 1
510 2619 637 2680 τοὺς
671 2618 814 2670 κατὰ
859 2616 952 2668 τὸν
988 2616 1152 2668 τόπον
1186 2617 1453 2686 ἄρχοντας
1483 2612 1800 2680 ἐγκλήσεως
1847 2607 1908 2659 ού

442 2728 461 2762 1
506 2707 616 2773 δεῖς
662 2707 858 2762 κωλύει
913 2705 1370 2777 σωφρονίζεσθαι²
1404 2706 1496 2756 καὶ
1540 2702 1648 2770 γὰρ
1680 2702 1707 2752 ό
1735 2701 1834 2771 τῆς
1870 2702 1928 2750 ἐν

443 2819 461 2852 1
521 2800 823 2871 Ἀντιοχείᾳ
861 2799 1080 2850 συνόδου
1118 2798 1365 2866 πέμπτος
1396 2794 1574 2849 κανὼν
1612 2796 1736 2856 τοὺς
1771 2793 1938 2860 θορυ-

443 2913 459 2944 1
509 2891 737 2956 ϐούντας
787 2893 882 2946 καὶ
931 2893 1147 2956 στάσεις
1198 2893 1263 2961 τῇ
1315 2888 1612 2958 Ἐκκλησία
1664 2882 1933 2956 παρεισά-

444 3007 462 3037 1
509 3002 704 3054 γοντας
751 2987 836 3039 διὰ
890 2985 988 3052 τῆς
1017 2983 1218 3050 ἔξωθεν
1245 2983 1422 3055 χειρὸς
1468 2982 1786 3034 ἐκανόνισεν
1817 2977 1911 3028 ἐπι

441 3100 459 3128 1
509 3079 856 3149 atpérpzc'lzt.
879 3098 896 3130 ι

440 3169 632 3222 ΒΑΛΣ.
678 3170 735 3223 Ὀ
773 3171 871 3240 μὲν
910 3165 991 3232 κζ’
1029 3167 1394 3230 ἀποστολικδς
1420 3167 1602 3220 κανὼν
1645 3166 1934 3235 καθαιρεῖ-

368 3263 494 3316 σθαι
521 3261 814 3333 διορίζεται
844 3263 972 3324 τοὺς
1009 3261 1343 3333 ίερωμένους
1377 3261 1680 3324 τύπτοντας
1731 3259 1936 3330 οίονδὴο

363 3371 486 3407 τινα
521 3355 714 3406 πιστὸν
743 3355 776 3424 ἢ
809 3354 1039 3408 ἄπιστον
1072 3353 1415 3422 ἀδικήσαντα
1445 3351 1478 3420 ἢ
1510 3354 1931 3424 ἁμαρτήσαντα’

363 3447 390 3500 ὁ
440 3444 498 3498 δέ
552 3445 741 3516 παρὼν
789 3446 969 3502 κανών
1000 3465 1165 3517 φησιν
1198 3445 1271 3508 ὥς
1302 3463 1447 3508 τινες
1494 3446 1801 3516 ἱερωμένοι,
1835 3446 1935 3516 τὴν

362 3537 472 3593 ἀπὸ
500 3539 592 3592 τοῦ
627 3540 850 3597 κανόνος
882 3537 1228 3608 ἐπαγομένην
1261 3539 1325 3589 ἐκ
1358 3537 1548 3590 τούτου
1611 3538 1932 3608 καθαίρεσιν

365 3629 711 3699 πτοούμενοι,
765 3631 1099 3699 αύτοχείρως
1140 3629 1238 3698 μὲν
1266 3629 1326 3680 οὐ
1359 3629 1658 3697 πλήττουσι
1685 3667 1701 3690 ,
1735 3629 1844 3681 στὸν
1875 3629 1933 3680 δὲ

362 3726 563 3776 οἰκεῖον
609 3722 780 3793 θυμὸν
831 3721 1248 3792 θεραπεύοντες,
1281 3721 1350 3774 δι’
1382 3722 1586 3791 ἐτέρων
1610 3721 1930 3774 τύπτουσιν·

363 3817 438 3880 ὡς
471 3815 565 3868 τοῦ
593 3811 956 3870 ἀποστολικού
989 3813 1213 3874 κανόνος
1248 3814 1323 3885 μὴ
1373 3813 1554 3884 ῥητῶς
1581 3814 1723 3884 τάχα
1757 3813 1935 3866 κωλύ-

365 3925 557 3971 σαντος
613 3908 708 3961 καὶ
767 3905 944 3960 τοῦτο.
1003 3905 1316 3959 Κάντεῦθεν
1381 3907 1780 3976 περιγράφουσι
1836 3907 1936 3974 τὴν

362 3999 729 4070 ἀποστολικὴν
759 3998 1160 4068 παραγγελίαν.
1199 3999 1356 4051 Ἔστι
1391 3998 1446 4051 δὲ
1481 3998 1575 4051 καὶ
1607 3998 1932 4066 ἐπισφαλὲς,

367 4095 584 4162 μᾶλλον
623 4093 719 4162 μὲν
771 4091 863 4146 οὖν
918 4092 1013 4144 καὶ
1053 4093 1272 4156 ἄτοπον,
1317 4092 1377 4144 τὸ
1417 4091 1599 4159 λέγειν
1649 4092 1782 4157 περὶ
1827 4093 1936 4145 τῶν

363 4183 678 4236 ἀποστόλων
703 4183 778 4244 ὡς
806 4181 1112 4252 τιμωροῦσι
1150 4181 1249 4250 μὲν
1279 4181 1371 4234 τὸν
1398 4179 1547 4244 ἅπαξ
1574 4180 1606 4251 ἢ
1635 4181 1716 4244 δίς
1773 4182 1934 4252 τυχὸν

362 4276 738 4348 οἰκειοχείρως
766 4274 1045 4344 πλήξαντα
1072 4291 1088 4307 ·
1120 4274 1213 4326 τὸν
1245 4273 1300 4327 δὲ
1330 4274 1390 4340 ἐξ
1423 4275 1729 4342 ἐπιτροπῆς
1775 4275 1936 4326 θανα-

363 4369 558 4437 σίμους
587 4368 682 4420 καὶ
708 4365 913 4429 πολλὰς
943 4365 1157 4436 πληγάς
1184 4383 1292 4418 τινι
1318 4366 1593 4433 ἐπάγοντα
1647 4366 1721 4436 μὴ
1776 4365 1936 4419 κολά-

1549 290 1630 352 IN
1671 291 1834 351 CAN.
1873 291 1957 350 lX
1991 291 2198 353 CONC.
2241 292 2350 352 (ΣΡ.

3457 286 3594 351 1050

2648 400 2731 453 CA
2743 397 2873 453 NON
2917 398 3004 451 IX.

2043 515 2062 547 1
2101 495 2234 550 Cum
2271 502 2609 564 apostolicus
2663 508 2726 547 ac
2777 492 2990 546 divinus
3031 504 3205 545 canon
3256 490 3599 550 sacerdotes,

2113 607 2132 639 1
2166 589 2258 660 qui
2319 586 2612 641 verberare
2670 585 3085 656 aggrediuntur,
3135 582 3217 638 vel
3265 582 3450 636 fideles
3505 584 3602 650 qui

2115 695 2134 728 1
2177 685 2500 746 peccarunt,
2526 674 2611 728 vel
2642 674 2889 729 inﬁdeles
2925 674 3014 744 qui
3045 672 3297 743 injuriam
3332 672 3600 734 fecerunt.

2117 789 2135 822 1
2175 770 2512 838 depositioni
2545 768 2843 837 subjiciat:
2883 768 2917 820 ii
2968 767 3061 836 qui
3118 782 3231 820 suae
3259 759 3352 818 ira!
3396 765 3600 818 mederi

2117 880 2135 913 1
2184 862 2508 926 moliuntur,
2542 869 2596 916 et
2643 861 2981 928 apostolicas
3032 859 3457 922 constitutiones
3507 857 3605 910 de-

2117 972 2137 1006 1
2175 961 2458 1022 torquent,
2509 970 2604 1009 eos
2666 954 3086 1017 intellexerunt,
3146 953 3236 1021 qui
3284 967 3382 1006 sua
3438 967 3602 1004 manu

2030 1047 2032 1050 ’
2115 1064 2135 1096 1
2179 1044 2492 1108 verberant,
2527 1060 2627 1104 nec
2655 1058 2862 1097 canone
2922 1043 3028 1094 tale
3056 1041 3184 1110 quid
3237 1038 3603 1109 significante,

2120 1154 2137 1188 1
2177 1150 2277 1190 nec
2313 1145 2458 1189 recta
2496 1137 2708 1188 ratione
2741 1135 2843 1187 hoc
2887 1135 3194 1202 intelligere
3233 1133 3604 1200 permittente.

2114 1247 2132 1280 1
2174 1229 2268 1282 Est
2297 1229 2442 1282 enim
2477 1243 2668 1280 revera
2722 1227 2968 1295 ineptum
3002 1237 3056 1278 et
3105 1225 3258 1277 valde
3308 1223 3602 1283 lubricum,

2122 1340 2140 1371 1
2186 1321 2368 1389 utqui
2422 1337 2518 1373 sua
2565 1319 2784 1389 quidem
2823 1334 2984 1372 manu
3044 1329 3122 1370 ter
3177 1317 3258 1369 vel
3319 1325 3517 1384 quater
3552 1313 3603 1364 iu

2121 1431 2139 1463 1
2183 1411 2519 1465 verberando
2552 1411 2908 1480 percusserit.
2953 1409 3296 1477 deponatur:
3334 1407 3456 1458 data
3507 1419 3606 1456 au-

2115 1523 2133 1555 1
2177 1513 2284 1559 tem
2320 1503 2572 1557 facultate
2601 1504 2668 1565 is,
2705 1503 2798 1572 qui
2842 1502 2999 1570 jussu
3034 1497 3356 1554 verberamli
3410 1496 3604 1548 imma-

2121 1613 2138 1646 1
2187 1596 2326 1648 nitrr
2357 1605 2411 1650 et
2445 1610 2619 1664 usque
2651 1595 2716 1646 ad
2754 1603 2982 1647 mortem
3019 1591 3342 1660 supplicium
3376 1585 3608 1640 inflictu-

2122 1708 2138 1739 1
2183 1705 2280 1743 rus
2313 1698 2418 1750 est,
2450 1690 2672 1754 impune
2700 1686 2750 1739 id
2799 1684 2943 1738 ferre
2993 1683 3355 1753 permittatur.
3407 1679 3611 1744 Quant-

2117 1801 2135 1832 1
2175 1781 2362 1834 obrem
2445 1794 2655 1833 canone
2743 1792 2841 1846 pro
2917 1775 3293 1830 verberatione
3361 1773 3610 1826 absolute

2129 1893 2146 1926 1
2182 1874 2460 1943 puniente,
2494 1887 2596 1926 nos
2627 1887 2846 1940 quoque
2884 1871 3074 1934 simul,
3101 1883 3224 1922 cum
3271 1881 3336 1920 eo
3386 1867 3458 1918 ita
3513 1864 3610 1917 dc-

2121 1986 2136 2016 1
2182 1967 2484 2022 cernimus.
2523 1967 2750 2035 Oportet
2792 1965 2936 2018 enim
2975 1963 3066 2017 Dei
3124 1961 3462 2017 sacerdotem
3509 1957 3605 2012 do-

2175 2058 2368 2113 ctrinis
2385 2065 2441 2111 et
2471 2055 2964 2115 admonitionibus,
2992 2068 3384 2120 nonnunquam
3415 2059 3599 2103 autem

2119 2169 2136 2199 1
2176 2160 2227 2203 et
2259 2150 2436 2218 ptenis
2495 2148 2796 2213 canonicis,
2845 2163 2992 2212 eum,
3051 2146 3139 2215 qui
3191 2160 3248 2197 se
3282 2142 3606 2196 immodeste

2122 2263 2139 2294 1
2187 2252 2241 2297 et
2275 2243 2576 2296 insolenter
2633 2241 2794 2310 gerit,
2841 2241 3165 2305 instituere;
3223 2237 3315 2293 sed
3351 2253 3457 2290 non
3513 2236 3610 2290 lla-

2117 2354 2134 2384 1
2177 2336 2332 2404 gellis
2365 2343 2419 2387 et
2458 2334 2779 2387 verberibus
2817 2333 2869 2385 in
2917 2332 3199 2402 hominum
3241 2343 3472 2398 corpora
3522 2328 3607 2380 in-

2121 2446 2138 2476 1
2183 2428 2408 2480 sultare.
2448 2426 2503 2478 Si
2558 2426 2648 2495 qui
2711 2434 2892 2478 autem
2952 2431 3079 2478 sunt
3129 2437 3330 2476 morem
3385 2419 3608 2474 omnino

2122 2539 2138 2569 1
2182 2537 2289 2572 non
2345 2527 2623 2588 gerentes,
2671 2526 2724 2570 et
2777 2531 3056 2586 poenarum
3110 2511 3437 2568 correctioni
3500 2526 3608 2563 non

2120 2631 2138 2663 1
2180 2613 2440 2667 cedentes
2475 2623 2533 2666 ut
2561 2613 2595 2666 ii
2632 2613 2772 2683 apud
2808 2613 2910 2665 loci
2939 2612 3085 2665 illius
3122 2611 3473 2676 magistratus
3513 2624 3608 2661 ac-

2119 2724 2135 2755 1
2181 2712 2441 2758 cusentur
2498 2713 2551 2756 et
2608 2705 2989 2773 eustigentur,
3095 2718 3255 2756 nemo
3333 2702 3606 2770 prohibet.

2123 2816 2140 2848 1
2177 2795 2536 2850 Antiochena:
2566 2796 2710 2850 enim
2746 2795 2938 2866 synodi
2993 2811 3167 2850 canon
3221 2795 3443 2863 quintus
3491 2810 3611 2857 eos,

2120 2909 2139 2943 1
2178 2890 2271 2960 qui
2301 2889 2566 2943 tumultus
2595 2890 2856 2954 excitant,
2876 2901 2929 2943 et
2953 2888 3252 2944 Seditiones
3273 2888 3329 2942 in
3366 2887 3606 2942 Ecclesia

2120 3001 2140 3037 1
2177 2984 2556 3046 introducunt,
2610 2999 2704 3050 per
2759 2999 2979 3038 manum
3029 2990 3310 3038 externam
3360 2989 3606 3036 converti

2122 3093 2140 3125 1
2175 3084 2431 3146 oportere
2463 3077 2672 3131 statuit.
2709 3095 2727 3128 ι

2115 3167 2311 3226 BALS.
2359 3168 2664 3225 Vicesimus
2721 3177 2984 3238 septimus
3033 3184 3212 3223 canon
3268 3170 3605 3234 apostolicus

2032 3260 2190 3330 jubet
2229 3262 2541 3317 sacerdotes
2571 3261 2794 3331 deponi,
2828 3261 2918 3330 qui
2958 3277 3344 3331 quemcunque
3392 3261 3603 3314 fidelem

2036 3355 2121 3406 vel
2155 3354 2428 3409 infidelem
2463 3352 2628 3426 348
2673 3355 2765 3422 qui
2820 3353 3064 3422 peccarit
3114 3355 3197 3408 vel
3238 3355 3491 3423 injuriam
3529 3352 3606 3407 fc-

2036 3448 2198 3513 cerit,
2232 3428 2542 3502 verberant.
2570 3447 2816 3502 Przesens
2851 3456 3034 3501 autem
3067 3463 3239 3502 canon
3274 3448 3429 3512 dicit,
3458 3447 3603 3517 quod

2039 3541 2260 3612 quidam
2291 3541 2636 3604 sacerdotes,
2671 3556 2791 3610 quae
2817 3556 2881 3596 ex
2914 3557 3124 3596 canone
3159 3541 3460 3607 inducitur,
3511 3540 3603 3594 de-

2036 3636 2361 3707 positionem
2391 3635 2519 3688 hinc
2549 3628 2857 3708 verentes,_
2889 3649 2983 3689 sua
3019 3634 3236 3704 quidem
3279 3650 3443 3687 manu
3491 3649 3596 3688 non

2036 3729 2392 3799 percutiunt,
2420 3727 2514 3783 sed
2545 3729 2638 3782 ira:
2680 3744 2794 3784 suae
2824 3729 3128 3790 medentes,
3172 3743 3268 3798 per
3313 3729 3448 3784 alios
3488 3742 3607 3781 ver-

2037 3823 2256 3886 berant;
2291 3821 2436 3890 quod
2500 3821 2710 3876 scilicet
2749 3837 2926 3875 canon
2975 3823 3308 3892 apostolicus
3357 3823 3460 3877 hoc
3501 3839 3619 3890 cx-_

2037 3928 2221 3980 presse
2254 3912 2481 3969 forsitan
2517 3927 2625 3966 non
2657 3914 3018 3983 prohibuerit.
3041 3914 3107 3970 Et
3129 3916 3251 3968 ideo
3271 3925 3600 3985 praeceptum

2037 4006 2397 4072 apostolicum
2428 4006 2918 4062 circumscribunt.
2951 4007 3050 4062 Est
3079 4009 3266 4076 itaque
3303 4009 3598 4072 lubricum,

2036 4099 2118 4150 vel
2156 4098 2340 4167 petius
2393 4078 2719 4161 absurdum,
2771 4099 2957 4154 dicere
3008 4101 3076 4155 de
3123 4100 3410 4169 apostolis,
3454 4100 3600 4170 quod

2036 4206 2158 4246 eum
2199 4191 2421 4259 quidem
2456 4191 2714 4259 puniunt,
2763 4191 2856 4261 qui
2893 4191 3061 4246 semel
3113 4193 3199 4245 vel
3239 4192 3324 4246 bis
3368 4191 3602 4246 fortasse

2037 4282 2259 4351 pr0pria
2302 4297 2468 4336 manu
2502 4282 2822 4348 percussit:
2862 4296 2983 4336 eum
3021 4293 3224 4347 autem,
3262 4281 3598 4352 eujusjussu

2037 4375 2350 4444 complures
2407 4375 2577 4443 plaga
2635 4373 2897 4429 mortales
2964 4374 3193 4428 cuilibet
3255 4372 3596 4435 inferuntur,

361 4457 573 4522 ξεσθαι.
607 4458 698 4510 Διὸ
728 4459 822 4510 καὶ
855 4456 1064 4526 ὥρισαν
1101 4459 1148 4510 οἱ
1187 4457 1429 4526 Πατέρες
1481 4457 1788 4521 ἀκολούθως
1821 4460 1932 4520 τοῖς

2037 4483 2144 4521 non
2176 4469 2379 4538 puniri.
2415 4467 2482 4522 Et
2512 4469 2633 4523 ideo
2664 4477 2976 4523 statuerunt
3000 4465 3217 4530 Patres,
3258 4480 3601 4532 consequen-

364 4550 516 4619 παρά
543 4550 651 4604 τῶν
695 4549 866 4617 ἁγίων
915 4550 1232 4603 ἀποστόλων
1263 4550 1582 4619 διορισθεῖσι
1612 4553 1748 4621 μήτε
1775 4551 1936 4606 αὐτο·

365 4643 561 4713 χείρως
602 4642 729 4704 τοὺς
772 4643 1102 4714 ίερωμένους
1150 4641 1402 4706 κολάζειν
1451 4643 1753 4713 οἰονδήτινα
1791 4645 1933 4711 μήτε

362 4737 429 4787 δι’
454 4735 649 4804 ἐτέρας
699 4736 905 4806 χειρὸς,
937 4736 1070 4789 ἀλλά
1100 4735 1189 4789 διὰ
1217 4736 1510 4789 νουθεσιῶν
1539 4737 1572 4808 ἢ
1631 4737 1726 4790 καὶ
1760 4740 1935 4790 ὲπιτι-

367 4828 506 4898 μίων
557 4829 834 4882 παιδεύειν
880 4831 1007 4893 τοὺς
1059 4829 1518 4899 ἁμαρτάνοντας·
1569 4833 1696 4892 τοὺς
1749 4831 1808 4884 δὲ
1857 4829 1932 4902 μὴ

363 4922 789 4992 ἐπιστρέφοντας
821 4923 910 4975 διὰ
937 4923 1144 4977 τούτων
1167 4922 1256 4976 διὰ
1281 4921 1690 4991 προσελεύσεως
1732 4924 1930 4994 ἀρχον-

360 5015 518 5082 τικῆς
551 5015 933 5086 τιμωρεῖσθαι.
971 5016 1186 5085 Ὥσπερ
1223 5015 1280 5068 δέ
1331 5032 1478 5079 τινος
1532 5011 1780 5080 εἰπόντος
1837 5017 1932 5069 καὶ

360 5107 520 5162 τοῦτο
550 5108 800 5176 ἀπρεπὲς
832 5104 974 5162 εἶναι
1011 5110 1102 5160 καὶ⁵
1139 5108 1408 5162 ἀνοίκειον
1437 5111 1552 5172 τοῖς
1586 5109 1927 5180 ἱερωμένοις,

363 5205 528 5271 φησὶν
553 5203 581 5254 ὁ
609 5200 788 5254 κανὼν
819 5201 892 5264 ὡς
923 5201 958 5270 ἡ
993 5202 1053 5253 ἐν
1091 5203 1395 5271 ’Δντιοχείᾳ
1431 5200 1649 5262 σύνοδος
1676 5203 1735 5254 ἐν
1763 5207 1804 5253 ε’
1832 5218 1931 5255 κα-

361 5295 474 5347 νόνι
508 5294 635 5355 τοὺς
683 5291 1046 5363 θορυΰοῦντας
1091 5293 1193 5362 τὴν
1251 5292 1581 5362 Ἐκκλησίαν
1633 5291 1930 5361 κληρικοὺς

363 5384 794 5455 σωφρονίζεσθαι
821 5384 913 5438 διὰ
940 5385 1039 5455 τῆς
1067 5384 1266 5448 ἔξωθεν
1289 5386 1473 5455 χειρὸς
1505 5384 1624 5455 ἢτοι
1655 5384 1754 5453 τῆς
1780 5385 1930 5441 πολι-

362 5480 521 5549 τικῆς
546 5478 855 5551 διωρίσατο.
887 5479 1044 5532 Εἴποι
1077 5478 1133 5531 δέ
1155 5496 1262 5542 τις,
1280 5479 1386 5530 Καὶ
1411 5478 1548 5543 πῶς,
1577 5476 1672 5530 τοῦ
1702 5477 1926 5540 κανόνος

361 5575 532 5628 ταῦτα
555 5571 950 5645 διοριζομένου,
985 5575 1036 5626 οί
1067 5573 1174 5626 τῶν
1205 5571 1528 5642 ἐλευθερίων
1581 5570 1929 5636 σπουδασμά-

363 5685 468 5720 των
504 5665 839 5728 διδάσκαλοι,
871 5664 1249 5734 γραμματικοὶ
1282 5662 1524 5732 δηλονότι
1559 5664 1652 5714 καὶ
1692 5661 1927 5713 τοιοῦτοι

363 5758 562 5830 ἕτεροι,
600 5760 884 5831 ίερωμένοι
915 5757 1088 5823 ὄντες,
1120 5755 1641 5828 ἀπροκριματίστως
1664 5753 1924 5808 τύπτουσι

2037 4571 2124 4617 ter
2167 4562 2233 4614 iis
2264 4577 2389 4630 qua:
2423 4576 2453 4614 a
2503 4561 2713 4615 sanctis
2763 4559 3030 4630 apostolis
3084 4565 3290 4612 statuta
3338 4567 3500 4622 sunt,
3541 4564 3599 4610 ut

2033 4653 2356 4708 sacerdotes
2410 4666 2587 4719 neque
2658 4651 2777 4705 suis
2830 4649 3085 4704 manibus
3153 4664 3333 4718 neque
3405 4648 3597 4703 alienis

2033 4754 2363 4810 quemquam
2398 4739 2727 4804 verberent;
2759 4738 2853 4793 sed
2903 4753 2999 4808 per
3038 4737 3466 4806 admonitiones,
3514 4740 3596 4792 vel

2032 4831 2200 4884 etiam
2245 4845 2439 4900 poenas
2470 4831 2788 4895 canonicas,
2849 4845 2945 4885 eos
2989 4831 3078 4900 qui
3116 4841 3361 4899 peccant,
3419 4830 3595 4883 corri-

2031 4937 2198 4994 gam:
2237 4925 2271 4977 ii
2303 4934 2508 4988 autem,
2542 4924 2635 4990 qui
2667 4938 2762 4992 per
2795 4922 2910 4978 haec
2939 4938 3042 4976 non
3081 4922 3458 4990 corriguntur,
3502 4935 3598 4988 per

2031 5018 2349 5072 eitatiouem
2381 5016 2449 5070 ad
2473 5016 2830 5088 magistratus
2857 5017 3176 5086 puniantur.
3212 5013 3448 5070 Perinde
3501 5031 3596 5065 au-

2031 5119 2138 5165 tem
2169 5125 2232 5167 ac
2267 5110 2312 5163 si
2342 5109 2575 5164 dixisset
2603 5108 2902 5179 quispiam,
2935 5109 3039 5163 hoc
3086 5122 3304 5176 quoque
3334 5103 3597 5160 sacerdo-

2022 5204 2173 5265 tibus
2207 5219 2315 5260 non
2349 5204 2664 5268 convenire,
2695 5202 2830 5256 dicit
2855 5215 3053 5262 canon,
3074 5198 3218 5268 quod
3255 5197 3606 5255 Antiochena.

2030 5295 2294 5365 Synodus,
2335 5294 2388 5347 in
2436 5295 2627 5363 quinto
2676 5307 2907 5356 canone,
2950 5290 3203 5349 clericos.
3255 5289 3344 5360 qui
3403 5288 3596 5345 Eccle-

2030 5386 2165 5440 siam
2211 5385 2561 5450 conturbant,
2621 5399 2716 5452 per
2771 5391 3052 5436 externam
3101 5395 3322 5433 manum
3369 5395 3466 5432 seu
3517 5380 3597 5434 ci-

2030 5472 2189 5528 vilem
2251 5473 2510 5543 castigari
2562 5481 2813 5543 Oportere
2877 5469 3091 5525 statuit.
3151 5467 3359 5524 Dixerit
3410 5478 3598 5524 autem.

2029 5568 2336 5636 quispiam:
2374 5565 2438 5620 Et
2493 5564 2810 5637 quomodo,
2887 5564 3002 5618 haec
3061 5551 3388 5618 decernente
3436 5579 3599 5618 cano-.

2031 5675 2121 5722 ne,
2177 5659 2482 5713 liberalium
2548 5657 2856 5713 studiorum
2910 5655 3196 5727 magistri,
3249 5657 3598 5726 grammatici

2031 5752 2244 5808 scilicet
2279 5760 2332 5808 ct
2367 5750 2641 5820 ejusmodi
2679 5750 2792 5818 alii,
2824 5750 2957 5807 licet
2982 5750 3090 5808 sint
3141 5749 3318 5806 sacris
3367 5749 3603 5813 initiati.
3673 5734 3678 5739 ’
