4074 6214
555 308 681 372 ιηδι

1791 301 2065 364 ΤΗΕΟΙ).
2094 295 2492 357 BALSAMON’

3636 305 3767 371 1052

550 428 671 477 sine
714 422 1034 492 praeiudicio
1065 438 1195 477 suos
1223 424 1524 494 discipulos
1578 425 1907 480 verberam?
1942 425 2099 480 Solu-

2206 423 2322 484 τοὺς
2358 421 2602 491 μαθητὰς
2631 423 2809 475 αὐτῶν
2835 442 2849 487 ;
2879 426 3088 491 Λύσις.
3119 426 3190 479 Τὸ
3221 426 3278 492 ἐξ
3307 426 3522 498 ἀμύνης
3553 428 3647 482 καὶ
3674 429 3765 482 θυ-

550 516 642 567 tio.
692 513 921 582 Propter
978 514 1274 568 vindictam
1342 528 1394 570 et
1455 518 1591 569 iram
1652 517 1980 582 verberare,
2025 526 2108 572 est

554 623 711 672 pmna
754 608 1013 675 dignum;
1066 624 1169 661 non
1209 620 1387 663 autem
1440 627 1525 674 ea,
1580 627 1699 679 quae
1744 612 2007 669 doctrina:
2055 621 2110 667 et

551 696 875 751 eruditionis
906 699 1078 761 gratia
1112 707 1165 753 et
1200 701 1378 754 verbis
1423 712 1477 756 et
1527 719 1687 758 manu
1721 704 1795 767 fit,
1827 706 2107 759 moderata

552 788 937 854 magistrorum
1010 792 1302 845 correctio.
1350 794 1649 863 Propterea
1715 801 1860 850 enim
1928 812 2106 850 canon

550 892 773 946 quoque
823 879 957 933 dicit
1002 884 1199 948 puniri,
1259 886 1304 939 si
1353 889 1664 941 sacerdotes
1720 889 1772 942 in
1824 890 2105 943 hominum

548 984 778 1033 corpora
834 971 1144 1027 insultent:
1202 991 1294 1044 per
1355 978 1457 1032 hoc
1512 983 1759 1045 verbum,
1816 981 2104 1046 insultare,

546 1060 862 1117 significans
903 1066 1200 1119 amentium
1242 1070 1415 1122 instar
1443 1073 1650 1127 ratione
1696 1088 1969 1129 carentem
2009 1092 2108 1145 ap-

548 1152 865 1218 petitionem
922 1173 1136 1223 eorum,
1197 1177 1289 1227 qun
1344 1178 1467 1216 cum
1525 1166 1603 1218 ira
1658 1170 1990 1235 percutiunt.
2045 1179 2103 1224 δι

544 1246 690 1298 enim
725 1249 1105 1316 prohiberetur
1135 1255 1519 1323 magistrorum
1556 1258 1828 1325 ejusmodi
1878 1278 2103 1331 percus-

547 1338 652 1401 sio,
688 1356 786 1394 nec
838 1344 1200 1400 ecclesiastici
1257 1349 1446 1405 clerici
1511 1352 1683 1407 ferula
1746 1357 2105 1423 castigarem,

548 1432 709 1501 primi
747 1433 1058 1518 defensoris
1090 1454 1279 1503 suasu,
1314 1458 1431 1507 eos,
1473 1447 1566 1513 qui
1600 1457 1845 1514 peccant,
1902 1449 2106 1505 liberos

552 1536 607 1579 et
663 1542 876 1589 servos,
944 1530 1007 1583 ad
1082 1532 1314 1599 primum
1365 1535 1706 1592 defensorem
1761 1542 2104 1597 accedentes.

552 1616 657 1673 Sed
689 1619 792 1673 hoc
839 1631 1017 1676 tamen
1053 1623 1110 1676 fit
1143 1625 1210 1679 ab
1246 1626 1324 1680 eis
1348 1629 1556 1696 absque
1603 1630 1714 1684 ullo
1764 1634 2104 1701 praejudicio.

2213 513 2315 577 μοῦ
2356 511 2578 564 τύπτειν
2618 512 2924 577 κολάζεται,
2957 515 3017 567 οὗ
3048 517 3155 586 μὴν
3182 518 3215 587 ἡ
3241 517 3328 571 διὰ
3359 520 3645 573 παίδευσιν
3675 525 3764 576 καὶ

2212 606 2451 675 μάθησιν
2504 608 2642 675 μετὰ
2692 608 2853 677 λόγου
2890 610 2982 663 καὶ
3032 610 3216 681 χειρὸς
3262 614 3460 681 μετρία
3495 615 3771 680 παίδευσις

2206 700 2315 753 τῶν
2367 701 2723 756 διδασκάλων.
2775 702 2871 754 Διά
2903 703 3058 756 τοῦτο
3087 704 3196 774 γὰρ
3225 706 3319 757 καὶ
3363 707 3390 759 ό
3431 708 3613 761 κανὼν
3652 704 3770 764 εἷπε

2209 794 2534 858 κολάζεσθαι
2583 793 2644 847 τὸ
2690 795 2960 865 ἐπιπηδᾷν
3012 798 3139 859 τοὺς
3186 799 3519 867 ίερωμένους
3572 800 3655 863 είς
3708 803 3773 856 τά

2208 888 2314 940 τῶν
2352 886 2651 957 ἀνθρώπων
2683 885 2911 954 σώματα
2936 901 2952 917 ⁸
2986 889 3269 959 παριστῶν
3311 892 3399 943 διὰ
3443 893 3537 946 τοῦ
3569 894 3773 963 ὲπιπηο

2207 974 2303 1042 δᾷν
2336 976 2577 1046 ῥήματος
2622 976 2723 1043 τὴν
2763 978 2902 1028 κατά
2960 982 3319 1047 μαινομένους
3356 982 3549 1049 ἄλογον
3594 985 3772 1053 ὄρεξιν

2208 1067 2315 1117 τῶν
2351 1067 2488 1135 μετὰ
2538 1066 2711 1135 θυμοῦ
2738 1070 3069 1124 τυπτόντων.
3111 1072 3265 1141 Ἐπεί
3293 1074 3375 1126 τοί
3402 1091 3488 1140 γε,
3536 1076 3585 1127 εξ
3633 1081 3769 1129 ἐκω-

2209 1157 2366 1211 λύετο
2418 1162 2448 1229 ή
2492 1160 2715 1231 τοιαύτη
2764 1162 2871 1214 τῶν
2915 1163 3254 1217 διδασκάλων
3305 1166 3511 1237 πληγὴ,
3558 1168 3682 1223 οὐδὲ
3725 1174 3770 1224 oi

2209 1252 2650 1318 ἐκκλησιαστικοὶ
2681 1254 2939 1322 κληρικοὶ
2969 1255 3057 1308 διὰ
3092 1257 3366 1327 σκυτάλης
3414 1259 3483 1311 ἂν
3529 1259 3769 1331 ἐσωφρό-

2208 1341 2354 1405 νιξον
2384 1344 2523 1397 κατὰ
2560 1344 2877 1415 προτροπὴν
2925 1348 3367 1417 πρωτεκδικικὴν
3412 1351 3541 1413 τοὺς
3594 1352 3768 1424 ἀμαρ-

2207 1433 2467 1495 τάνοντας
2513 1435 2731 1499 δούλους
2780 1437 2873 1489 καὶ
2921 1439 3240 1509 ἐλευθέρους
3284 1440 3361 1509 τῷ
3414 1444 3766 1516 πρωτεκδίκῳ

2210 1529 2694 1595 προσερχομένους.
2713 1529 2853 1582 ’Ᾱλλ’
2886 1531 3036 1598 ὅμως
3060 1536 3217 1585 τοῦτο
3245 1534 3761 1605 ἀπροκριματίστως

2209 1617 2436 1680 γίνεται.
2470 1619 2653 1683 Ὄστε,
2684 1622 2737 1672 εί
2766 1638 2850 1683 τις
2889 1623 3189 1693 ίερωμένος
3222 1626 3377 1696 τύψει
3408 1629 3535 1682 τινὰ
3564 1630 3650 1684 διὰ
3672 1633 3764 1703 τῆς

456 1714 464 1743 ‘~
550 1708 919 1774 Quamobrem
952 1715 995 1767 si
1025 1716 1148 1781 quis
1186 1718 1444 1774 sacerdos
1496 1722 1654 1789 primi
1695 1723 1995 1781 defensoris
2026 1726 2106 1782 fe-

2212 1712 2649 1781 πρωτεκδικικῆς
2699 1715 2973 1785 σκυτάλης
3026 1717 3166 1785 μετὰ
3196 1718 3371 1789 θυμοῦ
3406 1723 3502 1777 καὶ
3552 1726 3758 1792 μανίας,

553 1802 670 1854 rula
703 1803 941 1869 aliquem
982 1811 1318 1875 percusserit
1350 1828 1473 1864 cum
1508 1814 1587 1865 ira
1628 1823 1681 1868 et
1726 1816 1931 1881 furore,
1968 1827 2025 1872 ut
2053 1828 2107 1872 et

549 1894 715 1947 etiam
765 1895 1057 1965 aliquando
1117 1904 1348 1969 contigit
1400 1905 1452 1957 in
1517 1909 1839 1974 patriarchae
1902 1912 2105 1966 domini

548 1982 710 2039 Luca:
740 1988 1079 2055 pontificatu,
1110 2008 1214 2046 non
1239 1993 1457 2064 effugiet
1485 1999 1814 2065 supplicium
1852 2020 1864 2055 :
1901 2012 1952 2056 et
1985 2018 2109 2055 rur-

549 2092 667 2140 sus,
697 2078 741 2131 si
774 2096 895 2132 cum
932 2082 1009 2134 ira
1046 2084 1373 2154 discipulum
1412 2100 1715 2159 praeceptor
1753 2096 2107 2160 percusserit,

550 2185 679 2223 usus
716 2169 912 2231 baculo
950 2190 1058 2243 quo
1082 2189 1269 2244 posset
1305 2180 1478 2234 credes
1527 2181 1665 2246 ﬁeri,
1702 2182 1753 2237 id
1810 2201 1917 2239 non
1971 2187 2109 2243 feret

550 2262 791 2329 impune.

629 2355 881 2413 ZONAR.
916 2357 1190 2415 Vicesimo
1243 2365 1473 2429 septimo
1522 2378 1700 2437 apost.
1743 2387 1949 2428 canone
1996 2390 2107 2430 non

550 2444 717 2501 licere
776 2451 1055 2519 episcOpo,
1124 2438 1447 2524 presbytero
1499 2470 1593 2513 aut
1636 2460 1866 2517 diacono
1918 2480 2109 2534 quem-

549 2553 713 2604 quam
743 2540 812 2593 ob
841 2543 1051 2597 crimen
1100 2546 1398 2601 admissum
1432 2550 1757 2617 verberare,
1803 2556 2006 2625 quique
2053 2557 2107 2610 id

552 2627 766 2697 fecerit,
799 2633 1146 2701 depositione
1171 2654 1294 2692 eum
1332 2641 1701 2697 nndctandum
1753 2661 1872 2700 esse
1923 2648 2109 2701 decer-

549 2723 726 2777 nitur.
750 2725 904 2780 llune
932 2743 1059 2799 ergo
1086 2745 1350 2785 canonem
1376 2733 1446 2787 ita
1470 2737 1714 2791 nonnulli
1742 2739 2106 2806 explicabant,

549 2828 610 2869 ut
641 2818 773 2887 ipsis
808 2821 1028 2888 quidem
1088 2825 1229 2879 sacri
1296 2828 1507 2883 ordinis
1558 2829 1871 2886 hominibus
1921 2848 2111 2901 quem-

544 2912 688 2979 piam
727 2914 1061 2978 pereussissc
1107 2917 1208 2972 hoc
1239 2933 1445 2973 canone
1492 2922 1753 2987 vetitum;
1807 2923 1899 2977 sed
1955 2940 2109 2978 man-

548 3000 680 3054 dare
710 3001 867 3055 alteri
905 3005 1175 3073 negotium
1207 3010 1543 3077 verberaque
1575 3027 1667 3078 per
1697 3012 1846 3067 illum
1882 3014 2103 3083 inferre,

2216 1801 2289 1863 ὡς
2334 1795 2426 1855 καὶ
2469 1804 2658 1857 ἄλλοτέ
2704 1823 2835 1858 ποτε
2871 1808 3069 1880 συνέϐη
3115 1811 3209 1862 ἐπὶ
3234 1812 3336 1880 τῆς
3368 1814 3642 1884 ἱερατείας
3669 1819 3753 1872 τοῦ

2209 1891 2511 1961 ἁγιωτάτου
2558 1900 2894 1970 πατριάρχου
2948 1901 3114 1973 κυροῦ
3158 1904 3368 1967 Λουκᾶ,
3422 1908 3517 1959 οὐκ
3561 1910 3748 1977 ἐκφευ-

2209 1988 2374 2054 ξεῖται
2419 1992 2516 2059 τὴν
2549 1992 2806 2045 κόλασιν⁶
2840 1994 2934 2046 καὶ
2979 1995 3154 2059 αὖθις,
3199 1997 3248 2050 εί
3294 1998 3389 2051 καὶ
3419 2002 3550 2068 μετὰ
3583 2001 3743 2072 θυμοῦ

2206 2081 2363 2149 τύψει
2396 2082 2487 2135 τὸν
2521 2084 2766 2155 μαθητὴν
2796 2088 2822 2138 ὁ
2848 2086 3190 2150 διδασκαλος,
3226 2092 3560 2162 φονευτηρίῳ
3589 2093 3747 2159 ῥοπά-

2208 2175 2282 2244 λῳ
2311 2178 2674 2247 χρησάμενος,
2706 2180 2802 2232 οὐκ
2833 2180 3178 2251 ἀτιμώρητος
3204 2181 3379 2236 ἔσται.

2280 2363 2522 2418 ΖΩΝΛΡ.
2572 2363 2631 2415 '0
2659 2363 2767 2415 τῶν
2798 2363 2968 2430 ἁγίων
2998 2364 3313 2417 ἀποστόλων
3337 2365 3585 2430 είκοστδς
3615 2368 3753 2422 ἕϐδο-

2212 2473 2311 2524 μος
2346 2455 2526 2509 κανὼν
2573 2454 2695 2509 οὔτε
2732 2457 3028 2511 ἐπίσκοπον
3083 2457 3206 2512 οὔτε
3244 2459 3619 2531 πρεσϐύτερον
3647 2461 3749 2515 οὔτε

2208 2548 2450 2600 διάκονον
2477 2548 2539 2618 ἐᾷ
2562 2548 2786 2601 τύπτειν
2819 2551 2943 2611 τοὺς
2977 2551 3394 2620 ἁμαρτάνοντας
3414 2568 3429 2583 ⁸
3482 2554 3741 2623 καθαιρεῖς

2210 2642 2333 2694 σθαι
2383 2642 2491 2712 γὰρ
2543 2642 2634 2695 τὸν
2681 2642 2838 2696 τοῦτο
2886 2642 3145 2697 ποιοῦντα
3190 2645 3422 2700 κελεύει.
3473 2646 3636 2710 Τινὲς
3674 2642 3747 2698 οὖν

2209 2734 2719 2803 παρερμηνεύοντες
2753 2735 2845 2788 τὸν
2901 2735 3101 2789 κανόνα
3157 2737 3344 2805 ἔλεγον
3392 2738 3474 2791 ὅτι
3520 2738 3615 2793 διὰ
3658 2739 3750 2792 τῶν

2207 2825 2420 2878 οἰκείων
2468 2826 2667 2897 χειρῶν
2696 2829 2921 2880 τύπτειν
2948 2828 3073 2890 τοὺς
3108 2830 3439 2898 ίερωμένους
3494 2831 3753 2885 ὲκὼλυσεν

2205 2918 2234 2969 ὁ
2291 2915 2507 2969 κανώνο
2567 2919 2737 2993 ἑτέρῳ
2788 2917 2842 2970 δὲ
2890 2919 3253 2989 προστάσσειν
3296 2922 3390 2974 καὶ
3439 2922 3506 2975 δι’
3555 2925 3752 2976 ἐκείνου

2206 3009 2428 3063 τύπτειν
2452 3009 2748 3063 ἀκώλυτον.
2792 3010 2961 3062 Τοῦτο
2994 3006 3089 3063 οὖν
3120 3013 3148 3062 ό
3182 3011 3373 3081 παρὼν
3406 3014 3589 3067 κανὼν
3622 3017 3755 3086 διορ-

549 3090 601 3144 id
637 3108 767 3145 vero
796 3095 948 3148 nullo
980 3097 1142 3151 modo
1189 3099 1541 3155 interdictum
1576 3120 1696 3159 esse
1752 3104 2103 3163 affirmarent.

2211 3099 2487 3169 θούμενος,
2530 3101 2673 3168 λέγει
2701 3102 2899 3155 ἀτοπον
2926 3097 3062 3156 εἶναι
3093 3104 3186 3157 καὶ
3210 3105 3507 3172 ἐπισφαλὲς
3550 3108 3613 3159 τὸ
3658 3110 3762 3160 οἴε-

546 3185 655 3239 Scd
695 3186 837 3240 hanc
864 3187 1175 3257 opinionem
1222 3192 1309 3246 hic
1334 3208 1509 3248 canon
1546 3198 1789 3268 corrigit,
1811 3215 1893 3263 ac,
1920 3200 2106 3270 Neque

547 3278 913 3342 absurditate,
944 3280 1143 3349 inquit,
1180 3299 1361 3352 neque
1397 3288 1646 3355 periculo
1696 3303 1867 3355 caret,
1905 3293 1949 3346 si
2006 3294 2107 3346 hoc

542 3387 735 3429 sacros
790 3376 1065 3442 apostolos
1090 3377 1409 3444 praecepisse
1445 3378 1841 3450 exiSIimemus,
1880 3393 1936 3437 ut
1989 3388 2112 3454 qui-

552 3481 769 3530 cunque
810 3468 1040 3521 alterum
1090 3479 1171 3524 ter
1224 3482 1487 3539 quaterve
1536 3474 1653 3528 suis
1706 3476 1820 3544 ipse
1854 3480 2106 3535 manibus

551 3557 937 3625 percussisset,
971 3559 1123 3613 illum
1172 3559 1370 3627 deponi
1409 3562 1605 3615 vellent
1639 3582 1652 3618 :
1691 3566 1782 3633 qui
1831 3581 1958 3619 vero
2013 3582 2109 3635 per

549 3649 783 3703 alterum
819 3652 1117 3706 crudeliter
1148 3651 1743 3724 vehementissimeque
1799 3658 1935 3711 adeo
1983 3659 2108 3726 (hoc

550 3755 785 3808 namque
822 3742 955 3797 illud
988 3743 1243 3813 ﬁguilicat
1277 3760 1447 3811 usque
1478 3747 1543 3798 ad
1574 3747 1782 3816 necem)
1828 3750 1958 3803 ctedi
1988 3748 2110 3815 jus-

546 3830 734 3895 sisset,
767 3832 989 3901 impune
1028 3832 1303 3888 hominem
1344 3835 1494 3889 abire
1538 3846 1888 3905 paterentur;
1946 3841 2109 3908 idque

552 3922 809 3987 iunxime,
846 3910 971 3977 cum
1029 3923 1512 3979 indiscriminatim
1556 3928 1885 3995 apostolicus
1933 3944 2107 3984 canon

546 4015 827 4083 loquatur,
862 4030 925 4070 ac
962 4017 1263 4070 verberanti
1299 4032 1513 4087 pmnam
1550 4019 1805 4075 universe
1827 4021 2106 4079 decernat.

545 4110 693 4167 Idem
721 4108 909 4178 igitur,
944 4110 1199 4178 inquiunt
1231 4111 1420 4180 synodi
1442 4111 1651 4173 Patres,
1685 4115 1826 4182 quod
1852 4118 2107 4185 apostoli,

553 4220 654 4259 nos
687 4218 907 4273 quoque
936 4202 1319 4268 decernimus;
1349 4218 1415 4256 ne
1448 4203 1696 4258 videlicet
1733 4209 1961 4263 sacratis
2010 4210 2107 4262 ho-

550 4295 792 4349 minibus
828 4310 973 4351 cum.
1008 4294 1100 4362 qui
1135 4293 1448 4362 deliquerit,
1485 4307 1577 4346 aut
1610 4310 1706 4363 per
1749 4312 1829 4362 se,
1889 4311 1981 4351 aut
2013 4314 2107 4367 per

2211 3192 2332 3245 σθαι
2364 3193 2487 3253 τοὺς
2525 3193 2703 3262 ίεροὺς
2738 3192 3065 3255 ἀποστόλους
3102 3197 3402 3266 προστάξαι
3432 3196 3523 3251 τὸν
3549 3199 3657 3267 μὲν
3680 3198 3760 3252 διὰ

2206 3284 2315 3335 τῶν
2368 3281 2581 3334 οίκείων
2638 3281 2833 3351 χειρῶν
2894 3284 3017 3352 τρὶς
3078 3283 3109 3352 ἢ
3170 3285 3428 3352 τετράκις
3488 3286 3764 3355 πλήξαντα

2209 3375 2610 3442 καθαιρεῖσθαι,
2668 3374 2760 3426 τὸν
2815 3373 2874 3427 δὲ
2934 3373 2992 3439 ἐξ
3045 3375 3420 3444 ἐπιτάγματος
3472 3377 3543 3429 δι’
3573 3378 3762 3450 ἑτέρου

2207 3468 2479 3522 τύπτοντα
2528 3466 2750 3536 ἀπηνῶς
2780 3465 2873 3517 καὶ
2902 3465 3023 3518 λίαν
3054 3466 3388 3536 σφοδρότατα
3434 3468 3619 3538 (τοῦτο
3662 3469 3765 3538 γὰρ

2208 3561 2267 3615 τὸ
2316 3561 2474 3630 μέχρι
2531 3559 2759 3632 θανάτου
2812 3557 2982 3627 δηλοῖ)
3025 3557 3367 3629 ἀτιμώρητον
3407 3560 3629 3627 ἐᾶσθαι,
3677 3561 3764 3614 καὶ

2208 3651 2379 3704 ταῦτα
2429 3650 2521 3703 τοῦ
2568 3648 2927 3702 ἀποστολικοῦ
2984 3649 3208 3712 κανόνος
3258 3652 3333 3721 μὴ
3375 3650 3764 3714 διαστίζοντος.

2208 3742 2322 3796 ἀλλ’
2350 3741 2534 3803 ἀπλῶς
2569 3743 2629 3794 τὸ
2654 3739 2880 3793 τύπτειν
2904 3739 3245 3804 κολάζοντος.
3272 3741 3363 3793 Διό
3398 3758 3562 3809 φασιν
3597 3744 3650 3795 οί
3676 3743 3767 3811 τῆς

2210 3834 2425 3887 συνόδου
2462 3833 2722 3901 Πατέρες,
2752 3830 2857 3884 Καὶ
2881 3833 3043 3899 ἡμεῖς
3074 3831 3271 3900 ὁμοίως
3297 3832 3411 3893 τοῖς
3443 3832 3767 3893 ἀποστόλοις

2207 3926 2555 3997 ψηφιζόμεθα
2583 3940 2598 3955 ’
2645 3924 2728 3976 ἵνα
2767 3926 2903 3992 μήτε
2950 3922 3035 3975 διὰ
3084 3922 3194 3975 τῶν
3242 3922 3456 3975 οἰκείων
3488 3922 3769 3993 χειρῶνοί

2209 4019 2497 4088 ίερωμένοι
2552 4018 2687 4086 μήτε
2740 4016 2798 4081 ἐξ
2853 4013 3118 4083 ἐπιταγῆς
3165 4013 3233 4067 δι’
3270 4016 3458 4084 ἑτέρου
3520 4014 3769 4069 τύπτωσί

2207 4127 2326 4162 τινα
2356 4111 2770 4179 ἀμαρτήσαντα.
2812 4107 2948 4169 Τοὺς
2979 4106 3086 4176 γὰρ
3128 4105 3222 4159 τοῦ
3258 4106 3391 4159 Θεοῦ
3422 4092 3595 4178 teper;
3624 4108 3768 4161 διδα-

2209 4202 2453 4264 σκαλίαις
2481 4201 2575 4255 καὶ
2601 4199 2903 4261 νουθεσίαις
2929 4199 3033 4268 χρὴ
3066 4197 3338 4251 παιδεύειν
3362 4189 3460 4251 καὶ
3494 4200 3768 4270 σωφρονί-

2208 4298 2321 4359 ζειν
2348 4294 2472 4355 τοὺς
2501 4290 2923 4360 σφαλλομένους⁸
2963 4289 3072 4341 ἐσθ’
3102 4290 3190 4341 ὅτε
3222 4288 3277 4341 δὲ
3305 4290 3397 4341 καὶ
3424 4290 3536 4351 τοῖς
3566 4290 3771 4358 ὲκκληυ

552 4388 717 4441 alium
746 4386 833 4440 cui
890 4386 994 4454 ipsi
1027 4385 1425 4445 mandaverint,
1467 4387 1694 4440 omnino
1729 4387 1890 4442 liceat
1922 4390 2104 4443 verbe-

2211 4387 2506 4447 σιαστικοίς
2528 4384 2842 4453 ἐπιτιμίοις,
2859 4381 3160 4453 τουτέστιν,
3178 4380 3266 4432 ὅτε
3292 4380 3367 4449 μὴ
3393 4378 3773 4451 διδασκόμενοι

546 4495 689 4534 rare.
720 4478 1047 4533 Sacerdotes
1082 4492 1316 4546 namque
1357 4476 1448 4532 Dei
1479 4478 1728 4533 docendo
1758 4491 1811 4533 et
1840 4484 2106 4535 movendo

554 4576 842 4637 peccantes
867 4570 1143 4638 corrigere
1176 4576 1339 4637 atque
1366 4570 1654 4624 emendare
1692 4587 1790 4639 par
1818 4582 1938 4626 est:
1973 4574 2104 4640 quin

544 4672 600 4718 et
629 4661 1021 4716 ecclesiasticis
1044 4659 1373 4731 quandoque
1408 4662 1612 4728 pmnis,
1644 4666 1862 4732 quando
1892 4667 2103 4722 sciiicet

551 4752 922 4806 admonitione
957 4761 1049 4805 aut
1101 4752 1483 4806 cohortatione
1531 4768 1560 4806 a
1611 4752 1817 4823 ﬂagitio
1862 4757 2102 4811 revocari

548 4845 867 4898 nullatenus
897 4853 1120 4910 queant.
1156 4841 1344 4913 Neque
1389 4845 1532 4897 enim
1585 4863 1614 4897 a
1658 4847 1833 4915 pmnis
1880 4849 2107 4905 alterius

544 4937 867 4995 instituendi
917 4936 1341 5007 corrigendique
1385 4939 1707 5007 primordia.
1757 4942 1849 4995 sed
1895 4958 1923 4995 a
1965 4960 2105 5013 prm-

540 5031 712 5101 Ccptis
747 5040 905 5086 antea
934 5044 1096 5101 atque
1125 5031 1619 5097 admonitionibus,
1651 5033 1901 5089 ducenda
1933 5049 2099 5101 sunt;

547 5124 784 5193 indeque
846 5125 911 5176 ad
968 5122 1377 5177 vehementiora
1426 5125 1812 5193 aSperioraque
1862 5128 2105 5183 remedia

546 5217 969 5271 deveniendum.
1003 5216 1243 5270 Verbera
1282 5214 1445 5285 349
1485 5230 1616 5269 vero
1661 5232 1723 5271 ac
1777 5217 1961 5287 plagas
2010 5221 2107 5272 ho-

549 5312 757 5362 minum
795 5308 1117 5377 corporibus
1147 5306 1374 5369 inferre,
1403 5307 1595 5375 eisque
1624 5307 1728 5363 hac
1783 5312 1994 5383 ratione
2025 5314 2107 5366 in-

550 5401 779 5463 sultare,
805 5401 1028 5453 omnino
1063 5409 1207 5453 vetat
1233 5413 1430 5453 canon.
1491 5399 1612 5465 Quo
1663 5402 1880 5471 quidem
1933 5404 2107 5458 insul-

548 5493 700 5545 tanili
773 5494 937 5546 verbo
1018 5493 1282 5547 furiosum
1350 5492 1589 5562 ipsorum
1672 5494 2105 5567 iracundumque

545 5587 805 5650 impetum
839 5586 1066 5640 innuere
1099 5601 1161 5639 ac
1194 5586 1436 5640 indicare
1481 5586 1673 5640 voluit.
1724 5585 1779 5641 Si
1820 5590 1911 5657 qui
1952 5605 2101 5653 vero,

545 5674 742 5743 inquit,
794 5691 969 5744 neque
1027 5675 1338 5745 prmceptis,
1391 5692 1569 5745 neque
1615 5678 2099 5745 :nlmonitionibus,

544 5783 723 5836 neque
748 5770 1129 5823 canonico-inn
1164 5786 1382 5839 quoque
1413 5785 1695 5838 pmnarum
1734 5781 1878 5827 u-etu
1931 5776 2097 5829 corri-

2207 4479 2301 4532 καὶ
2335 4476 2743 4545 νουθετούμενοι
2776 4475 2824 4527 οἱ
2855 4472 3267 4543 ἁμαρτάνοντες
3320 4471 3772 4540 σωφρονίζονται.

2207 4571 2280 4624 Οὐ
2313 4570 2421 4638 γὰρ
2446 4570 2503 4634 ἐξ
2535 4568 2824 4636 ἐπιτιμίων
2853 4564 3117 4635 ἄρχεσθαι
3146 4564 3242 4632 τῆς
3271 4562 3521 4626 παιδείας
3547 4567 3656 4616 καὶ
3680 4566 3776 4632 τῆς

2205 4660 2542 4731 διορθώσεως
2578 4659 2680 4722 δεῖ,
2724 4656 2861 4710 ἀλλά
2922 4655 3193 4709 διδάσκειν
3243 4655 3435 4739 αὐτοὺς
3497 4657 3777 4726 πρότερον

2206 4756 2300 4807 καὶ
2346 4752 2636 4813 νουθετεῖν,
2692 4751 2787 4803 καὶ
2836 4747 2979 4802 οὔτω
3024 4749 3124 4817 τὴν
3169 4747 3625 4817 δραστικωτέραν
3683 4749 3777 4800 καὶ

2206 4839 2612 4908 ἐπιπονωτέραν
2664 4838 2906 4906 ἰατρείαν
2952 4838 3199 4904 ἐπάγειν.
3253 4836 3325 4888 Τὸ
3375 4836 3431 4888 δὲ
3479 4837 3775 4906 μαστίζειν

2207 4933 2300 4987 καὶ
2333 4932 2543 5002 πληγὰς
2572 4930 2873 4984 ἐπιτιθέναι
2897 4931 3008 4992 τοῖς
3037 4928 3146 4982 τῶν
3172 4928 3474 4998 ἀνθρώπων
3518 4930 3774 5000 σώμασι.

2204 5026 2299 5079 καὶ
2346 5025 2535 5078 τοῦτον
2587 5024 2769 5086 αὐτοῖς
2808 5021 3075 5092 ὲπιπηδᾷν
3122 5021 3213 5074 τὸν
3269 5020 3488 5089 τρόπον,
3542 5022 3775 5085 τελείως

2206 5118 2559 5188 ἀπαγορεύει.
2612 5116 2714 5170 Διὰ
2766 5116 2860 5170 τοῦ
2916 5116 3187 5187 ὲπιπηδᾷν
3253 5116 3310 5169 δὲ
3362 5114 3460 5185 τὴν
3529 5116 3774 5185 μανικὴν

2206 5213 2384 5267 αὐτῶν
2416 5212 2507 5264 καὶ
2533 5211 2750 5281 ὀργίλον
2777 5208 2949 5279 φορὰν
2980 5208 3201 5279 ᾑνίξατό
3232 5225 3289 5259 τε
3323 5208 3418 5260 καὶ
3458 5207 3763 5277 ὐπέφηνεν.

2205 5306 2268 5358 Εἰ
2297 5304 2353 5357 δέ
2384 5320 2548 5368 τινες,
2585 5303 2737 5372 φησὶ,
2779 5301 2917 5371 μήτε
2969 5299 3358 5361 διδασκαλίαις,
3397 5301 3535 5367 μήτε
3572 5301 3761 5353 νουθεο

2147 5386 2153 5391 ’
2208 5400 2371 5461 σίαις,
2409 5399 2542 5467 μήτε
2577 5396 2680 5468 μὴν
2710 5393 3008 5459 ἐπιτιμίοις
3052 5394 3359 5455 κανονικοίς
3396 5392 3765 5462 διορθοῦνται,

2203 5493 2329 5555 τοὺς
2356 5490 2629 5551 τοιούτους
2663 5487 2751 5540 διὰ
2779 5486 2889 5538 τῶν
2919 5483 3059 5537 κατά
3087 5483 3284 5545 τόπους
3329 5484 3609 5553 ἀρχόντων
3663 5499 3769 5535 σω⁴

2207 5582 2555 5653 φρονίξεσθαι
2614 5580 2734 5643 δεῖ,
2805 5574 3375 5646 ὑπομιμνησκομένων
3437 5571 3585 5642 παρὰ
3656 5572 3770 5623 τῶν

2208 5679 2417 5747 ἱερέων,
2449 5670 2527 5737 οἷς
2556 5672 2864 5727 νουθετοῦσι
2896 5670 2989 5724 καὶ
3016 5669 3191 5739 ἠπίως
3219 5665 3616 5739 θεραπεύουσιν
3664 5664 3771 5717 οὐκ

2205 5769 2552 5841 ἐπείσθησαν.
2589 5766 2660 5819 Τὸ
2687 5765 2740 5818 δὲ
2775 5764 2862 5818 διὰ
2891 5764 2997 5818 τῶν
3027 5760 3300 5832 ἀρχόντων
3330 5758 3451 5821 τοὺς
3481 5754 3767 5815 ἀτάκτους
