4074 6214
388 313 524 377 tum
1638 320 1716 379 IN
1758 319 1921 380 CAN.
1950 321 1997 379 Χ
2032 320 2238 383 CONC.
2265 323 2375 382 CP.
3454 319 3594 385 1055

385 429 812 499 σωφρονίζεσθαι
842 433 933 485 καὶ
963 432 1384 504 ἐπιστρέφεσθαι
1416 437 1509 488 καὶ
1536 435 1700 489 πάλαι
1726 437 1936 488 δεικνύ-
1965 451 1994 504 Α

1984 448 2259 507 ιεηιιιυιη,
2317 453 2411 490 eos
2473 436 2571 491 loci
2627 439 3045 507 magistratuum
3110 447 3275 504 Opera
3337 437 3593 504 castigari

381 536 530 572 ουσιν
581 521 796 590 ὁρισθὲν
845 522 994 593 παρὰ
1043 525 1142 594 τῆς
1189 526 1248 579 ἐν
1288 526 1585 597 Ἀντιοχείᾳ
1631 525 1849 578 συνόδου
1883 528 1940 581 ἐν

2046 529 2314 595 oportebit
2345 545 2360 580 :
2403 543 2539 594 quos
2565 528 2781 598 quidem
2821 528 3026 582 tota'de
3060 543 3118 581 re
3156 525 3233 580 illi
3281 529 3597 580 sacerdotes

385 612 617 680 πέμττῳ
641 613 809 681 αὐτῆς
835 617 1036 670 κανόνι.

2050 597 2803 687 comrnoncl‘acient,quibus
2855 617 2958 686 ipsi
2995 616 3435 685 przecipientibus
3466 615 3603 669 leui-

381 717 489 769 que
522 704 805 757 curatione
861 705 1142 761 utentibus
1229 721 1336 761 non
1389 707 1856 776 obtemperarunt.
1940 707 2013 760 De
2052 705 2416 775 immorigeris
2447 723 2608 776 porro
2642 707 2952 762 hominibus
2986 710 3404 775 magistratuum
3439 720 3604 774 opera

385 795 719 853 corrigendis
771 805 826 849 et
877 798 942 851 ad
971 814 1157 853 sanam
1198 808 1435 854 mentem
1495 799 1838 864 reducendis,
1875 797 1927 850 id
1965 796 2073 867 jam
2107 798 2234 851 olim
2272 801 2338 850 ab
2369 801 2708 855 Antiocbena
2742 801 2948 870 synodo
2973 799 3168 868 quinto
3233 814 3442 852 canone
3511 797 3605 852 de—

385 885 594 938 ﬁnitum
625 901 747 942 esse
783 890 1141 946 demonstrat.

387 975 608 1029 ΑΡΙΣΤ.
659 995 676 1026 ι
737 980 799 1031 Οἱ
859 980 1106 1052 ίεροῒς,ἢ
1169 985 1392 1046 πιστοὺς
1447 983 1958 1065 ἁμαρτήσαντας

2048 981 2268 1037 ARIS’I.
2306 1001 2324 1032 ι
2364 980 2690 1035 Sacerdotes
2716 981 2805 1051 qui
2841 981 2921 1035 vel
2956 981 3140 1034 ﬁdeles
3169 982 3258 1049 qui
3292 993 3603 1050 peccaram,

454 1089 474 1120 ι
519 1071 781 1135 ἀπίστους
805 1075 1165 1147 ἀδικήσαντας
1206 1080 1523 1147 τύπτοντες,
1561 1081 1593 1152 ἢ
1631 1080 1944 1150 αὐτοχειρίᾳ

2125 1095 2142 1126 ι
2185 1077 2266 1127 vel
2317 1075 2561 1129 inlideles
2591 1075 2680 1142 qui
2727 1075 2922 1141 injuria
2959 1074 3262 1128 affecerunt
3288 1113 3301 1133 ,
3341 1074 3452 1127 sive
3485 1090 3608 1143 pro-

457 1180 474 1212 ι
523 1163 556 1231 ἢ
604 1166 970 1236 ὲπιτὰγματι,
1032 1171 1529 1242 καθαιρείσθωσανο
1576 1174 1681 1244 χρὴ
1714 1175 1818 1243 γὰρ
1867 1172 1946 1228 δι-

2121 1183 2140 1216 (
2177 1168 2291 1234 pria
2337 1181 2522 1226 manu,
2556 1167 2670 1219 sive
2707 1167 2960 1219 mandato
2990 1167 3296 1224 verberant.
3330 1168 3608 1232 deponan-

457 1273 476 1306 ε
521 1255 876 1323 δασκαλίαις,
939 1263 1269 1327 νουθεσίαις,
1323 1266 1415 1318 καὶ
1476 1266 1942 1333 ἑκκλησιαστικοῖς

2121 1277 2139 1311 t
2179 1269 2289 1312 tur.
2319 1257 2541 1327 Oportet
2592 1260 2734 1313 enim
2799 1259 3086 1322 doctrinis,
3141 1259 3605 1314 admonitionibus

453 1367 474 1398 ι
526 1351 818 1420 ἐπιτιμίοις
846 1355 972 1418 τοὺς
1007 1357 1271 1420 ἀτάκτους
1315 1358 1702 1426 παιδαγωγεῖν,
1737 1358 1796 1410 ού
1835 1360 1941 1425 μά-

2119 1371 2137 1404 t
2174 1364 2224 1407 et
2261 1354 2434 1422 pinnis
2465 1351 2853 1408 ecclesiasticis
2890 1353 3267 1419 immorigeros
3295 1353 3603 1415 instituere,
3667 1341 3669 1344 ﬁ

453 1459 473 1491 ι
521 1440 694 1507 στιξιν
723 1444 752 1512 ἢ
782 1446 1018 1512 πληγαῖς
1041 1464 1056 1481 ·
1090 1449 1138 1500 εί
1167 1449 1223 1501 δὲ
1256 1449 1329 1518 μὴ
1357 1450 1696 1511 ὑπακούοιεν,
1729 1449 1815 1501 διὰ
1845 1452 1942 1518 τῆς

2122 1463 2141 1494 ι
2186 1459 2290 1497 non
2332 1459 2458 1497 vero
2509 1443 2732 1511 ﬂagellis
2778 1451 2830 1495 et
2877 1441 3234 1495 verberibus:
3263 1441 3309 1496 si
3361 1442 3601 1495 nondum

457 1550 477 1584 ι
522 1535 661 1604 πρὸς
689 1535 814 1598 τοὺς
857 1537 1122 1608 ἄρχοντας
1153 1541 1461 1610 ἑγκλήσεως
1492 1540 1686 1602 αὐτοὺς
1727 1556 1942 1610 σωφρο-

2123 1555 2141 1586 ‹
2181 1545 2359 1588 autem
2399 1550 2602 1587 morem
2656 1534 2964 1601 gesserint,
2993 1549 3088 1587 eos
3139 1543 3243 1601 per
3267 1535 3605 1601 provocatio—-

451 1643 471 1676 ι
515 1626 699 1691 νίζειν.
745 1646 765 1678 ι
1504 1684 1508 1689 ,

2119 1645 2139 1678 ‹
2176 1642 2297 1681 nem
2333 1625 2398 1678 ad
2431 1627 2778 1694 magistratus
2807 1626 3097 1692 castigare.
3131 1643 3150 1676 ι

991 1723 1248 1778 ΚΑΝΩΝ.
1292 1726 1346 1777 ιο.
2447 1713 2454 1718 ’

2447 1713 2454 1718 ’
2639 1717 2867 1772 (ΣΑΝΟΝ
2912 1716 2976 1773 Χ.

380 1823 403 1857 σ
447 1809 509 1861 Οἱ
539 1811 651 1871 τοῖς
681 1810 908 1864 πάθευιν
946 1814 1171 1876 ἑαυτοὺς
1205 1815 1453 1879 ἐκδότους
1491 1818 1942 1886 παραστήσαντες
1975 1791 1989 1844 1

1990 1793 2013 1844 3
2048 1832 2065 1863 ι
2105 1812 2205 1878 Qui
2239 1812 2450 1880 seipsos
2483 1811 2713 1869 tradunt,
2738 1811 2904 1864 animi
2932 1812 3453 1881 perturbationibus,
3491 1825 3599 1864 non

449 1919 469 1951 ι
514 1900 575 1953 ού
610 1901 768 1969 μόνον
794 1903 892 1970 τὴν
938 1905 1044 1957 ἀπὸ
1068 1905 1176 1957 τῶν
1213 1907 1373 1975 ἱερῶν
1403 1909 1642 1962 κανόνων
1670 1908 1941 1978 τιμωρίαν

2119 1923 2137 1954 ι
2173 1905 2390 1963 solum,
2438 1903 2580 1971 quod
2634 1919 2662 1954 a
2717 1901 2888 1954 sacris
2942 1903 3242 1957 rauonibus
3301 1902 3603 1956 intentatur

445 2012 464 2043 ι
513 1993 574 2046 ού
606 1995 941 2064 φρίττουσιν,
971 1998 1105 2052 ἀλλὰ
1144 1999 1238 2054 καὶ
1274 2000 1455 2054 αὐτῶν
1487 2002 1714 2054 ἐκείνων
1742 2017 1941 2066 κατορ-

2117 2017 2134 2048 ι
2174 1996 2520 2065 supplicium,
2565 2011 2669 2049 non
2705 1997 2927 2050 horrent
2952 2035 2966 2060 ,
2997 1996 3092 2050 sed
3127 1996 3206 2050 eis
3233 1996 3395 2048 etiam
3429 1994 3603 2048 insul-

445 2102 466 2136 ι
513 2085 725 2153 χεῖσθαι
782 2088 1169 2159 τετολμήκασι.
1220 2091 1545 2156 Στρεῆλοῦσι
1585 2092 1692 2164 γὰρ
1723 2093 1938 2156 αὐτοὺς,

2117 2108 2135 2139 ‹
2175 2098 2288 2142 tare
2319 2087 2436 2141 ausi
2464 2097 2610 2141 sunt.
2639 2087 2792 2155 Ipsos
2816 2087 2958 2140 enim
2985 2096 3258 2156 torquent,
3279 2096 3331 2139 et
3353 2084 3417 2138 ad
3446 2100 3597 2139 suam

447 2193 468 2226 ι
515 2177 614 2229 καὶ
647 2180 782 2247 πρὸς
833 2179 892 2232 τὺ
936 2181 1179 2249 ἐμπαθὲς
1226 2182 1405 2235 αὐτῶν
1455 2184 1942 2251 ἁποκιῦδηλεύουσι
1991 2244 1995 2248 _

1991 2244 1995 2248 _
2121 2199 2138 2231 ι
2176 2181 2338 2232 animi
2377 2178 2844 2247 perturbationem
2875 2193 3064 2232 eorum
3101 2193 3320 2246 quoque
3349 2176 3599 2229 volunta-

447 2284 466 2316 ι
513 2267 608 2319 τοῦ
641 2268 962 2338 θελήματος,
989 2272 1074 2324 ἵνα
1100 2275 1163 2340 τῇ
1189 2273 1469 2343 φιλοτιμίᾳ
1493 2274 1594 2342 τῆς
1617 2275 1938 2343 ὲμπαθείας.

2122 2292 2140 2324 ι
2182 2281 2286 2324 tem
2337 2271 2646 2325 adulteraut
2676 2287 2691 2324 :
2725 2280 2781 2324 ut
2831 2284 3050 2340 propter
3087 2271 3252 2322 animi
3287 2273 3370 2322 sui
3420 2275 3597 2320 motus

445 2375 465 2407 ι
521 2359 662 2411 κατὰ
694 2359 785 2411 τὸν
828 2361 1086 2429 Θεολὸγον
1121 2363 1440 2434 Γρηγόριον,
1477 2365 1551 2434 μὴ
1590 2368 1747 2433 μόνον
1779 2366 1943 2419 ἀνεύ-

2123 2384 2142 2416 ι
2181 2365 2614 2426 contentionem,
2645 2372 2701 2418 ut
2737 2365 2907 2433 inquit
2941 2363 3236 2432 Gregorius
3261 2361 3596 2426 Theologus,

447 2464 466 2496 ι
512 2447 669 2500 θυνον
701 2450 882 2513 αὐτοῖς
978 2452 1038 2504 τὺ
1069 2454 1261 2517 κακὸν,
1297 2454 1433 2507 ἁλλὰ
1482 2456 1574 2507 καὶ
1606 2456 1747 2507 θεῖον
1791 2455 1942 2524 νομί-

2117 2476 2136 2508 ι
2177 2473 2281 2512 non
2311 2457 2487 2511 solum
2533 2457 2602 2510 sit
2648 2471 2836 2511 eorum
2887 2456 3085 2508 malum
3121 2452 3449 2508 correctioni
3488 2467 3602 2506 non-

448 2558 467 2591 ⁸
521 2539 688 2602 ζοιτο.
743 2544 846 2595 Τὸν
894 2545 1012 2616 ’γὰρ
1067 2547 1421 2601 ἁποστολικὺν
1475 2550 1675 2601 κανόνα
1716 2550 1804 2602 τὸν
1851 2549 1938 2603 λέ-

2117 2567 2135 2599 t
2178 2549 2494 2610 obnoxium,
2527 2548 2620 2602 sed
2667 2547 2914 2600 divinum
2954 2563 3173 2616 quoque
3227 2547 3594 2600 existimetur.

445 2651 464 2684 ι
519 2650 718 2700 γοντα·
756 2636 955 2700 Σκεῦος
999 2639 1299 2710 χρυσοῦνῆ
1353 2642 1630 2711 ἀργυροῦν
1676 2645 1940 2706 ἁγιασθὲν

2115 2662 2132 2694 ι
2177 2643 2546 2712 Apostolicum
2603 2643 2748 2694 enim
2801 2655 3061 2693 eanonem
3090 2679 3106 2704 ,
3154 2640 3245 2708 qui
3293 2638 3596 2692 dieit:Vas

443 2743 463 2777 ι
516 2725 548 2796 ἢ
583 2727 796 2795 ὀθόνην,
835 2730 1022 2798 μηδεὶς
1055 2731 1132 2783 ἔτι
1169 2733 1246 2794 εἰς
1285 2733 1492 2786 οἰκείαν
1519 2734 1708 2803 χρείαν
1752 2754 1941 2804 σφετε-

2114 2753 2131 2784 ι
2173 2749 2398 2786 aureum
2424 2733 2507 2786 vel
2527 2741 2838 2802 argenteum
2870 2731 3292 2793 sanctiﬁcatum,
3313 2730 3394 2782 vel
3415 2729 3590 2781 velum

443 2835 464 2868 ι
514 2819 766 2888 ριζέσθωε
822 2823 1139 2892 παράνομον
1173 2825 1310 2895 γάρ’
1352 2828 1400 2878 εί
1435 2825 1492 2878 δέ
1524 2844 1608 2890 τις
1633 2828 1936 2898 φωραθείη,

2113 2843 2132 2876 ι
2175 2826 2397 2888 lineum,
2431 2841 2588 2878 nemo
2613 2825 2836 2893 posthac
2869 2825 2919 2876 in
2946 2840 3102 2878 suum
3137 2838 3294 2876 usum
3324 2821 3589 2888 accipiat;

443 2927 460 2958 ε
505 2910 847 2979 ὲπιτιμάσθω
892 2914 1221 2984 ἁφορισμῷο
1272 2915 1461 2969 τοῦτον
1492 2917 1570 2979 είς
1611 2919 1936 2987 συνηγορίαν

2115 2937 2134 2968 ι
2172 2925 2254 2972 est
2287 2918 2431 2971 enim
2483 2925 2676 2986 praeter
2727 2917 2908 2986 leges:
2942 2917 2984 2970 si
3019 2916 3142 2985 quis
3191 2925 3370 2969 autem
3401 2914 3594 2982 deprc-

441 3019 461 3050 ι
508 3001 615 3056 τῶν
638 3005 852 3058 οίκείων
882 3008 1368 3076 παρανομημάτων
1394 3009 1844 3079 ἐκλαμϐάνοντες,
1875 3012 1935 3064 ού

2111 3029 2130 3062 ι
2175 2995 2377 3065 Ιιειιείιε
2411 3009 2590 3071 luerit,
2615 3011 2986 3078 segregatione
3014 3010 3305 3072 multetur;
3337 3022 3460 3062 eum
3525 3005 3591 3057 ad

442 3111 462 3143 ι
509 3094 645 3161 φασὶ
689 3096 798 3149 δεῖν
842 3098 1213 3168 καθαιρέσεως
1258 3099 1440 3163 ἀξίους
1481 3101 1760 3171 κρίνεσθαι
1807 3103 2002 3181 τοὺςο

1975 3123 2002 3181 3
2109 3121 2129 3154 ι
2170 3117 2393 3157 suorum
2421 3102 2740 3156 delictorum
2781 3103 3156 3171 patrocinium
3217 3109 3584 3160 assumentes,

443 3205 464 3236 ι
510 3188 609 3257 τὴν
637 3189 941 3260 σεδασμίαν
978 3195 1076 3259 τῆς
1110 3193 1269 3256 ἁγίας
1299 3193 1579 3263 τραπέζης
1605 3196 1826 3266 ἐνδυτὴν
1856 3197 1935 3261 είς

2111 3215 2130 3248 ι
2167 3197 2355 3251 dicunt
2385 3211 2480 3251 eos
2527 3211 2635 3249 non
2677 3204 2930 3265 oportere
2977 3193 3209 3262 judicari
3253 3191 3591 3261 depositione

440 3299 459 3332 t
504 3282 703 3333 οἰκεῖον
734 3299 955 3352 χιτωνα,
986 3283 1019 3353 ἢ
1049 3286 1126 3346 εἰς
1160 3284 1345 3354 ἕτερόν
1377 3304 1428 3338 τι
1457 3287 1567 3338 τῶν
1594 3287 1816 3356 ἁμερίων
1847 3307 1935 3357 με-

2110 3303 2128 3336 (
2167 3286 2382 3356 dignos,
2415 3286 2508 3356 qui
2547 3284 2915 3340 venerandum
2966 3294 3171 3338 sanctae
3209 3297 3411 3336 tnensa:
3441 3280 3593 3333 indu-

438 3393 458 3424 ‹
496 3375 1035 3445 τασχηματίζοντας·
1083 3377 1141 3429 ού
1192 3377 1296 3446 μὴν
1348 3378 1463 3431 ἀλλ’
1505 3379 1624 3432 οὐδὲ
1694 3381 1821 3444 τοὺς
1873 3383 1934 3434 τδ

2108 3397 2126 3429 ς
2169 3388 2408 3432 mentum
2457 3379 2511 3432 iu
2558 3379 2830 3448 propriam
2865 3376 3104 3429 tunicam
3126 3414 3140 3437 ,
3167 3374 3249 3428 vel
3282 3374 3334 3427 in
3371 3370 3587 3440 aliquod

437 3482 456 3516 ι
502 3463 657 3533 ἅγιον
690 3469 980 3537 ποτήριονο
1009 3467 1055 3520 ὣ
1080 3468 1178 3538 τῆς
1213 3469 1499 3533 ἀσεϐείαςί
1529 3472 1560 3540 ἦ
1612 3472 1703 3524 τὸν
1737 3475 1932 3527 σεπτὸν

2109 3488 2127 3521 ι
2168 3469 2313 3523 aliud
2364 3470 2748 3524 vestimentum
2813 3468 3203 3522 transfortnant
3237 3483 3250 3519 :
3281 3467 3376 3521 sed
3411 3479 3591 3534 neque

441 3573 460 3606 ι
508 3558 714 3620 δίσκον,
747 3558 780 3627 ἢ
811 3558 878 3611 τὰ
924 3559 1133 3622 τούτοις
1177 3561 1534 3631 παραπλήσια
1565 3565 1645 3626 εἰς
1677 3565 1813 3618 ίδίαν
1837 3569 1930 3618 ὲκο

2105 3580 2124 3613 ι
2163 3577 2257 3617 eos
2287 3562 2381 3630 qui
2413 3571 2663 3617 sanctum
2721 3561 2969 3622 calicem,
3025 3576 3058 3613 o
3107 3558 3470 3628 impietatem!
3507 3557 3587 3610 vel

439 3665 460 3700 ι
510 3649 870 3711 δαπανῶντας
894 3650 1105 3718 χρείαν,
1137 3653 1166 3718 ἦ
1207 3654 1691 3723 καταχραίνοντας.
1733 3659 1790 3709 Ὀ
1822 3659 1931 3730 γὰρ

2108 3669 2126 3702 ι
2166 3652 2527 3707 venerabilem
2550 3653 2786 3717 discum,
2818 3651 2904 3705 vel
2931 3667 2994 3706 ea
3025 3664 3147 3720 quae
3173 3658 3304 3704 sunt
3339 3649 3408 3702 iis
3436 3648 3587 3702 simi-

436 3759 456 3792 ι
502 3740 703 3809 κανὼν,
733 3742 884 3810 φασὶ,
907 3743 1030 3805 τοὺς
1056 3743 1134 3804 εἰς
1167 3744 1322 3796 τοῦτο
1342 3747 1766 3815 περιπίπτοντας
1801 3751 1931 3816 ἀφοο

2106 3763 2124 3794 ι
2164 3744 2256 3810 lia,
2282 3746 2334 3798 in
2373 3746 2648 3816 proprium
2673 3761 2828 3798 usum
2855 3745 3164 3806 insumunt,
3200 3743 3282 3795 vel
3313 3741 3583 3812 pollnont.

435 3847 455 3878 σ
501 3829 679 3900 ρισμῷ
707 3830 808 3898 μὲν
831 3831 1356 3899 καθυποῦἀλλεσθαι,
1384 3835 1498 3888 ἀλλ’
1527 3838 1586 3889 ού
1613 3840 1928 3910 καθαιρέσει

2112 3855 2130 3886 ι
2171 3837 2358 3890 Cauon
2385 3838 2555 3903 enim,
2587 3837 2860 3904 inquiunt,
2918 3849 3015 3888 eos
3049 3838 3144 3902 qui
3196 3836 3248 3888 lu
3313 3834 3415 3888 boc
3451 3832 3586 3886 inci-

435 3939 456 3972 ι
501 3921 838 3978 ἐδικαίωσεν.
897 3923 1057 3976 Ἀλλά
1107 3925 1190 3986 τίς
1248 3926 1314 3978 ἂν
1366 3928 1652 3999 ἀνάσχοιτο
1682 3932 1776 3983 τοῦ
1827 3933 1928 4001 τῆς

2105 3947 2124 3980 ι
2163 3930 2317 3992 dunt,
2346 3943 2466 3983 esse
2496 3930 2852 3998 segregationi
2876 3970 2890 3992 ,
2925 3944 3034 3982 non
3067 3926 3421 3997 depositioni,
3452 3927 3586 3981 sub-

433 4031 452 4063 ι
495 4011 764 4082 τοσαύτης
809 4015 1233 4084 παραποιήσιως
1283 4017 1377 4070 καὶ
1424 4016 1737 4081 δυσσεϐείας
1767 4021 1929 4090 μεγέ-

2100 4039 2118 4071 ι
2151 4019 2418 4090 jicicndos
2445 4035 2659 4088 aequum
2693 4019 2927 4072 censuit.
2955 4018 3060 4072 Sed
3091 4019 3216 4086 quis
3243 4025 3410 4070 tanta;
3461 4033 3584 4084 per-

433 4125 455 4159 c
499 4106 655 4174 θους;
692 4107 798 4160 Τοῦ
838 4109 944 4177 γὰρ
977 4109 1200 4171 κανόνος
1230 4111 1340 4172 τοῖς
1381 4110 1442 4162 τὸ
1471 4112 1630 4180 μόνον
1665 4113 1926 4181 ἁγιασθᾶν

2103 4111 2433 4172 ‹,νθιέίιειιὶε
2475 4121 2528 4164 et
2579 4111 2877 4179 impietatis
2937 4110 3362 4180 nagnitudinem
3411 4109 3587 4163 lerat?

429 4216 450 4250 ι
495 4200 576 4261 είς
603 4200 821 4270 χρῆσιν,
853 4200 966 4253 ἀλλ’
997 4202 1098 4253 ούκ
1126 4203 1204 4265 είς
1233 4203 1444 4255 τελείαν
1480 4205 1757 4276 ἁρπαγὴν,
1793 4225 1924 4278 σφε-

2097 4224 2118 4257 ι
2152 4204 2286 4264 Cum
2314 4204 2456 4258 enim
2487 4218 2661 4257 canon
2693 4220 2810 4268 eos,
2837 4204 2930 4280 qui
2960 4243 2976 4265 ,
3009 4205 3152 4271 quod
3185 4205 3581 4256 sanctiﬁcatum

431 4311 449 4341 σ
494 4291 864 4362 τεριζομένοις
886 4292 976 4344 τὸν
1009 4294 1311 4363 ἁφορισμὸν
1340 4296 1748 4366 ἐπιπέμποντος
1770 4340 1783 4361 ,
1827 4303 1923 4355 αύ-

2102 4315 2120 4346 ι
2159 4307 2265 4362 est,
2291 4296 2358 4350 ad
2391 4312 2548 4350 nsum
2577 4296 2775 4360 solum,
2829 4305 2883 4350 et
2925 4311 3034 4350 non
3065 4296 3130 4350 ad
3167 4295 3461 4365 perfectam
3494 4310 3583 4349 ra-

431 4403 449 4435 t
503 4385 584 4436 τοὶ
615 4385 708 4436 καὶ
737 4386 865 4446 τοὺς
906 4385 1358 4455 καθαρπάζοντας
1391 4389 1482 4441 καὶ
1511 4390 1922 4461 ἱεροσυλοῦντας

2101 4409 2120 4440 ι
2157 4390 2337 4460 pinam
2370 4389 2476 4444 sibi
2513 4389 2824 4455 vindicant,
2858 4389 3218 4458 segregationi
3282 4388 3579 4455 subjiciat:

429 4493 450 4524 ο
494 4473 562 4526 τὰ
615 4473 721 4525 τῶν
773 4475 942 4541 ἁγίων
996 4475 1159 4542 Ἀγια
1198 4477 1538 4548 ἐλευθεροῦσι
1582 4481 1678 4550 τῆς
1738 4485 1919 4539 καθαι-
1956 4482 2000 4536 D

1972 4483 2000 4535 )
2104 4501 2122 4532 ι
2163 4481 2264 4550 ipsi
2316 4496 2429 4546 eos,
2477 4482 2570 4550 qui
2625 4479 2825 4535 Sancta
2874 4492 3187 4535 sanctorum
3235 4482 3486 4551 rapiunt,
3528 4490 3581 4534 et

432 4585 450 4618 ι
499 4565 735 4634 ρέσεως¹,
785 4568 880 4619 καὶ
932 4567 1058 4629 τοὺς
1105 4569 1186 4631 είς
1262 4569 1564 4640 βρωμάτων
1621 4575 1922 4645 ὑπηρεσίαν

2099 4592 2118 4626 ι
2163 4574 2442 4644 sacrilegis
2491 4573 2745 4628 manibus
2781 4572 3070 4636 auferunt»,
3125 4573 3464 4643 depositione
3537 4573 3581 4626 i-

408 4676 448 4706 οι
494 4659 618 4711 ὅσον
642 4675 704 4726 γε
751 4661 813 4727 τῇ
853 4660 944 4727 ὑφ’
975 4660 1182 4713 ἑαυτῶν
1219 4662 1398 4732 κρίσει
1442 4668 1568 4730 τοὺς
1593 4668 1922 4738 σεϐασμίους

2097 4683 2117 4718 ι
2159 4666 2384 4731 berant;
2419 4677 2472 4720 et
2500 4681 2595 4721 eos
2619 4705 2632 4726 .
2674 4667 2763 4735 qui
2797 4665 2862 4719 ad
2899 4665 3146 4721 ciborum
3193 4666 3579 4732 ministerium,

437 4767 456 4798 ι
500 4748 747 4813 δίσκους,
790 4749 823 4818 ἢ
873 4749 944 4803 τὰ
992 4751 1113 4822 ίερὰ
1163 4753 1399 4823 ποτήρια
1453 4759 1922 4827 καταμολύνοντας

2095 4779 2114 4809 ς
2157 4774 2257 4813 suo
2286 4759 2505 4828 quidem
2532 4767 2678 4813 certe
2719 4758 2928 4828 judicio
2980 4760 3323 4814 venerabiles
3370 4760 3576 4823 discos,

431 4859 450 4893 ι
493 4840 885 4912 ἁκαθαιρέτους
925 4843 1241 4910 εἰσάγουσι*
1269 4847 1444 4900 καίτοι
1498 4848 1729 4919 φανεροῦ
1784 4850 1919 4904 καθ-

2095 4870 2115 4902 :
2157 4859 2250 4904 aut
2280 4866 2473 4906 sacros
2497 4852 2690 4906 calices
2728 4852 3033 4921 inquinant,
3085 4867 3192 4906 non
3224 4851 3576 4922 deponendos

431 4954 447 4984 ι
498 4935 786 5003 εστηκότος
848 4936 942 4988 τοῦ
995 4937 1321 5006 μιάσματος,
1369 4942 1462 4994 καὶ
1490 4943 1647 5008 δῆλον
1678 4942 1738 4995 ὃν
1762 4943 1837 5006 ὡς
1867 4946 1918 4998 οἱ

2099 4961 2116 4994 ι
2161 4943 2462 5008 inducunt,
2504 4945 2753 5012 quamvis
2789 4944 2859 4998 sit
2902 4953 3146 5011 apertum
3183 4944 3494 5014 piaculum;
3524 4949 3580 4996 et

432 5045 450 5076 ι
497 5025 566 5077 τὰ
609 5025 836 5079 τοιαῦτα
877 5028 1204 5097 πράττοντες
1241 5031 1302 5084 οὐ
1336 5033 1496 5100 μόνον
1525 5034 1916 5105 καθαιρέσεως,

2100 5053 2118 5084 ι
2162 5035 2372 5088 clarum
2401 5045 2508 5099 est,
2539 5035 2680 5103 quod
2713 5036 2806 5103 qui
2840 5036 2953 5090 haec
3004 5035 3228 5098 laciunt,
3259 5050 3366 5088 non
3399 5033 3573 5086 solum

432 5134 451 5166 ε
497 5115 630 5170 ἀλλὰ
667 5118 880 5185 καὶτῆς
905 5119 1140 5189 ἐσχάτης
1163 5119 1481 5184 δυσσεϐείας
1509 5123 1584 5192 τῷ
1615 5124 1916 5193 ἐγκλήματι

2096 5143 2113 5175 ι
2156 5123 2210 5177 in
2248 5124 2662 5194 depositionem,
2700 5125 2792 5179 sed
2828 5126 2883 5178 in
2905 5135 3162 5178 extrema:
3188 5123 3346 5175 etiam
3379 5124 3572 5190 impie-

427 5227 444 5258 ι
492 5208 902 5275 περιπίπτουσι.
956 5213 1152 5280 Διόπερ
1205 5212 1403 5284 ὥρισεν
1452 5216 1488 5284 ἠΔ
1521 5215 1648 5281 ἁγία
1703 5217 1916 5278 σύνοδος

2091 5234 2110 5268 ‹
2152 5216 2277 5271 tatis
2305 5217 2511 5272 crimen
2555 5217 2826 5271 incidunt.
2875 5217 2939 5269 Et
2977 5216 3098 5269 ideo
3153 5217 3342 5270 statuit
3384 5225 3571 5268 sancta

429 5317 450 5351 ι
494 5302 618 5360 τοὺς
654 5299 713 5353 ἓν
757 5319 810 5354 τι
857 5303 964 5354 τῶν
1007 5305 1065 5356 ὲν
1093 5304 1170 5374 τῷ
1199 5293 1569 5376 θυσιαστηρίῳ
1611 5309 1772 5377 ἱερῶν
1821 5312 1916 5364 καὶ

2098 5330 2114 5360 ι
2159 5311 2425 5380 synodus,
2460 5325 2578 5374 eos,
2623 5310 2712 5379 qui
2755 5324 2920 5362 unum
2955 5306 3171 5377 aliquod
3217 5315 3569 5361 sacrorutnet

423 5407 442 5439 ι
490 5389 664 5456 ἁγίων
711 5391 920 5444 σκευῶν
950 5392 982 5460 ἢ
1025 5393 1432 5462 ἁμφιασμάτων
1462 5399 1540 5458 είς
1572 5398 1697 5450 ίδιον
1723 5399 1914 5468 κέρδος

2094 5421 2113 5453 ‹
2153 5410 2464 5455 sanctorum
2514 5403 2568 5456 in
2606 5401 2764 5455 altari
2796 5415 3047 5454 vasorum
3096 5398 3185 5452 vel-
3221 5398 3571 5452 vestimento-

423 5499 444 5532 ί
489 5481 947 5550 ὑφαρπάζοντας,
1019 5484 1050 5553 ἢ
1107 5487 1186 5547 εἰς
1239 5487 1437 5555 χρῆσιν
1490 5491 1912 5558 ἀποχρωμένους

2091 5515 2110 5546 ι
2152 5510 2270 5547 rum
2306 5493 2371 5546 ad
2408 5493 2686 5564 proprium
2718 5506 2878 5546 usum
2909 5492 3147 5560 rapiunt,
3181 5489 3264 5546 vel
3289 5489 3354 5545 ad
3385 5490 3567 5561 profa-

423 5591 443 5622 ι
487 5569 721 5640 ἀνίερον,
755 5573 1007 5624 παντελεῖ
1046 5572 1360 5642 καθαιρέσει
1386 5577 1905 5634 καθυποϐἁλλεσθαι.

2087 5603 2110 5636 (
2150 5601 2278 5638 num
2328 5600 2485 5638 usum
2523 5589 2889 5647 convertunt,
2937 5581 3198 5637 absolutae
3243 5582 3567 5652 depositioni

423 5681 444 5714 ι
486 5662 561 5714 Τὸ
609 5663 709 5732 μὲν
739 5664 848 5734 γάρ
875 5667 990 5717 ἐστι
1036 5666 1362 5735 βεϐηλῶσαι,
1398 5669 1457 5722 τὸ
1499 5669 1554 5722 δὲ
1588 5671 1814 5738 συλῆσαι
1843 5676 1906 5726 τὰ

2089 5693 2106 5726 ι
2145 5673 2366 5743 subjici.
2409 5672 2524 5729 Hoc
2562 5673 2706 5728 enim
2756 5682 2841 5728 est
2888 5673 3216 5742 prol‘auare:
3257 5673 3388 5727 illud
3436 5689 3567 5728 vero

421 5769 444 5816 ς
481 5752 634 5823 ἁγια.
665 5754 802 5819 Τοὺς
829 5756 1012 5824 μέντοι
1061 5757 1128 5826 τὰ
1162 5756 1359 5822 ἔξωθεν
1386 5759 1478 5816 τοῦ
1523 5759 1904 5829 θυσιαστηρίου

2090 5785 2107 5817 α
2151 5767 2435 5832 subripere
2479 5781 2657 5825 sacra.
2689 5763 2796 5822 Eos
2827 5765 3051 5835 quidem
3099 5773 3246 5822 certe
3268 5806 3282 5829 ,
3316 5766 3406 5828 otii
3437 5777 3568 5819 vasa

3419 5940 3430 5966 Ι
