4074 6214
543 288 675 352 Ῑθῦε

612 426 631 458 ι
675 406 918 473 qua-dam
948 414 1094 460 extra
1126 404 1293 458 altare
1317 414 1618 474 segregata,
1649 403 1727 457 vel
1757 411 1957 463 vestes,
1985 401 2089 456 sibi
2120 405 2167 452 Δ

612 519 631 551 ι
675 500 758 554 vel
792 498 915 552 aliis
943 496 1186 566 prazbent
1234 504 1288 550 et
1327 510 1501 551 canon
1556 504 1827 566 segregat,
1884 504 1938 550 et
1997 510 2095 548 nos

612 614 631 646 ι
673 605 1023 662 segregamus
1067 606 1080 642 :
1128 605 1222 644 eos
1271 600 1500 652 autem,
1557 589 1652 658 qui
1710 588 1865 658 plane
1918 589 2099 643 subri‘

619 706 639 738 ι
680 686 859 754 piunt,
917 697 1022 737 una
1065 697 1284 753 quoque
1340 681 1727 751 sacrilegorum
1774 680 2098 735 condemna—

613 798 631 829 ι
670 778 803 831 tioni
837 776 1178 845 subiicimus.
1218 794 1237 826 ι

607 866 799 922 ltALS.
838 868 1069 934 Quidam
1122 877 1310 922 sancta
1341 867 1729 935 corripientes,
1773 875 1828 921 et
1854 881 1920 921 ea
1951 880 2099 919 com-

534 962 719 1014 munia
762 961 1024 1016 facientes
1047 1001 1061 1023 ,
1095 969 1174 1023 ut,
1223 960 1373 1014 verbi
1407 962 1602 1030 gratia,
1656 970 1861 1015 sanctae
1896 973 2099 1014 mensa:

539 1054 912 1108 indumentum
948 1054 1013 1108 ad
1062 1069 1217 1108 suum
1268 1054 1525 1107 amictum
1564 1054 1993 1114 transferentes,
2046 1062 2099 1106 et

537 1148 662 1201 ideo
710 1146 1037 1215 depositioni
1092 1146 1363 1212 subjecti,
1418 1147 1722 1213 apostolico
1788 1162 1997 1201 canone
2033 1148 2099 1201 75

538 1240 851 1300 utebantur,
887 1238 977 1306 qui
1010 1237 1173 1307 350
1190 1237 1322 1290 dicit
1348 1254 1361 1291 :
1391 1235 1497 1291 Vas
1527 1226 1750 1291 aureum
1787 1239 1869 1293 vel
1909 1254 2100 1310 argen-

538 1342 682 1387 teum
712 1330 1143 1391 sanctificatum,
1172 1330 1253 1382 vel
1280 1330 1461 1383 velum
1495 1331 1721 1391 lineum,
1761 1346 1920 1386 nemo
1946 1342 2099 1405 post-

539 1424 640 1478 liac
670 1424 720 1475 in
751 1438 908 1475 usum
962 1438 1118 1475 suum
1153 1430 1473 1482 convertet;
1511 1423 1593 1475 sin
1640 1424 1818 1475 minus
1853 1440 2101 1494 segrege-

508 1525 627 1567 -tur
660 1530 673 1567 :
702 1524 756 1566 et
789 1514 986 1567 vellent
1009 1516 1121 1565 sola
1155 1516 1529 1583 segregatione
1577 1517 1775 1583 puniri.
1801 1518 1937 1571 Dicit
1970 1536 2099 1587 ergo

540 1620 779 1667 przcsens
805 1620 977 1657 canon
1012 1621 1105 1658 eos
1138 1606 1509 1674 deponendos,
1562 1608 1655 1677 qui
1704 1609 1769 1661 ad
1821 1612 2097 1680 proprium

541 1700 751 1751 lucrum
792 1700 1007 1764 rapiunt
1037 1706 1090 1750 et
1119 1714 1406 1755 commune
1431 1694 1692 1764 eﬂicittni,
1738 1703 1817 1755 vel
1853 1703 1918 1756 ad
1953 1720 2101 1759 com-

526 1806 762 1842 munem
790 1800 846 1843 et
880 1790 1167 1857 profanum
1202 1806 1357 1846 usum
1387 1803 1577 1846 sancto
1608 1793 1790 1862 aliquo
1828 1810 1977 1859 vase,
2032 1812 2099 1849 ex

540 1881 610 1934 iis
630 1895 749 1949 quae
772 1882 836 1932 ad
868 1894 1115 1935 Sanctum
1144 1881 1315 1934 altare
1343 1882 1635 1949 pertinent,
1664 1887 2102 1954 utttntur.Atque

537 1988 633 2026 eos
663 1972 903 2040 quidem,
942 1974 1031 2041 qui
1062 1988 1155 2039 per
1175 1988 1330 2026 usum
1358 1973 1640 2041 profanum
1675 1977 1985 2029 communia
2020 1976 2102 2030 fa-

539 2065 713 2126 ciunt,
742 2064 825 2116 vel
857 2063 988 2117 dant
1023 2065 1147 2118 aliis
1179 2066 1377 2118 similis
1405 2081 1536 2118 usus
1561 2066 1755 2135 gratia,
1790 2083 1944 2122 sacra
1970 2084 2099 2124 vasa

538 2168 591 2210 et
618 2158 811 2220 aulaea,
861 2172 983 2224 qua:
1026 2167 1176 2209 extra
1210 2158 1383 2211 altare
1416 2170 1563 2219 sunt.
1617 2172 1930 2228 segregatos
1976 2180 2101 2218 esse

538 2249 784 2302 decernit
816 2266 830 2300 :
866 2249 957 2316 qui
997 2264 1126 2301 vero
1152 2266 1212 2303 ea
1259 2250 1497 2318 rapiunt.
1552 2264 1608 2304 ut
1636 2256 1930 2325 sacrilegus
1972 2272 2103 2311 cou-

541 2340 812 2393 demnari.
867 2339 961 2394 His
1017 2341 1090 2393 ita
1147 2356 1204 2394 se
1259 2343 1633 2408 habentibus,
1690 2346 2101 2417 interrogaverit

540 2430 834 2497 quispiam,
874 2445 940 2484 an
973 2431 1059 2485 liic
1091 2446 1266 2486 canon
1318 2433 1523 2501 aliquid
1577 2439 1877 2491 constituat
1909 2450 2102 2507 praeter

539 2538 802 2575 eanonem
824 2524 1181 2592 apostolicum
1204 2526 1227 2577 ἲ
1252 2524 1477 2579 Salutio.
1515 2528 1863 2596 Apostolicus
1882 2532 2098 2600 quidem

539 2628 715 2667 canon
748 2616 815 2675 de
855 2615 922 2669 iis
972 2617 1169 2677 solum,
1195 2618 1313 2686 .qui
1356 2621 1665 2674 communia
1718 2621 1959 2691 faciunt,
1992 2642 2098 2679 non

537 2707 702 2758 etiam
727 2707 792 2761 de
817 2708 904 2772 iis,
932 2711 1021 2777 qui
1051 2718 1107 2761 ut
1137 2710 1354 2777 propria
1384 2712 1488 2767 sibi
1514 2712 1811 2780 vindicant,
1833 2718 2097 2773 decernit.

541 2795 785 2851 Praesens
822 2811 1001 2853 autem
1037 2815 1211 2853 canon
1246 2803 1313 2855 de
1342 2802 1430 2866 iis,
1455 2806 1546 2874 qui
1572 2821 1633 2859 ea
1665 2808 1766 2862 sibi
1797 2810 2098 2879 vindicant,

539 2891 621 2942 vel
662 2890 931 2956 polluunt,
983 2892 1066 2944 vel
1114 2893 1178 2946 ad
1238 2896 1515 2964 proprium
1556 2916 1713 2953 usum
1750 2915 2098 2960 convertunt.

540 2980 604 3033 Et
660 2982 1073 3048 praptereaille
1108 2984 1325 3051 quidem
1382 3002 1476 3055 per
1518 2992 1947 3061 segregationem
1981 3004 2101 3050 tan-

1846 282 2117 361 τιιΕοι).
2157 281 2550 344 BALSAMON

2270 419 2289 451 ι
2345 402 2704 470 ἀφωρισμένα
2762 400 2927 470 σκεύη
2976 400 3156 472 τινὰἧ
3205 400 3385 471 ἄμφια
3436 402 3516 466 εἰς
3565 420 3769 473 χρησιν

2275 511 2292 543 ι
2336 494 2553 563 ἀνίερον
2588 495 2799 557 ἑαυτοῖς
2830 496 2861 563 ἢ
2894 494 3097 566 ἑτέροις
3143 496 3478 565 παρέχοντας
3498 540 3514 560 ,
3543 498 3771 559 τούτους

2273 605 2291 637 ι
2342 587 2437 638 καὶ
2484 589 2512 639 6
2560 588 2739 641 κανὼν
2785 587 3055 658 ἀφορίζει,
3086 590 3180 642 καὶ
3208 590 3366 659 ἡμεῖς
3408 591 3775 663 συναφορίζοο

2281 696 2302 729 ι
2352 696 2451 748 μεν
2473 696 2487 709 ·
2514 680 2640 742 τοὺς
2666 680 2721 733 δὲ
2750 681 3029 743 παντελῶς
3070 681 3491 751 ἁφαρπάζοντας
3543 686 3607 753 τῇ
3652 684 3775 736 τῶν

2276 788 2293 820 ι
2351 771 2643 841 ἱεροσύλων
2675 773 2943 843 καταδίκῃ
2975 774 3479 844 καθυποϐάλλομεν.

2269 864 2465 919 ΒΑΛΣ.
2499 864 2657 925 Τινὲς
2701 866 3141 933 καθαρπάζοντες
3187 867 3255 919 τὰ
3283 866 3417 933 ἅγια
3461 866 3555 920 καὶ
3586 886 3779 923 κοινο-

2204 956 2484 1018 ποιοῦντες
2539 956 2696 1019 αὐτὰ,
2746 958 2821 1019 ὡς
2869 955 3029 1026 ’τυχὸν
3081 958 3180 1026 τὴν
3224 958 3449 1028 ὲνδυτὴν
3480 960 3578 1027 τῆς
3605 962 3780 1028 ἁγίας

2148 1038 2160 1051 ’
2197 1049 2475 1119 τραπέζης
2510 1050 2588 1109 είς
2614 1049 2927 1118 ὲνδυμενίαν
2968 1048 3436 1119 μεταποιούμενοι.
3466 1053 3775 1105 κάντεῦθεν

2202 1141 2517 1209 καθαιρέσει
2563 1140 3116 1210 καθυποϐαλλόμενοι,
3157 1142 3234 1211 τῷ
3283 1142 3364 1209 ογ¹
3419 1144 3776 1215 ἀποστολικῴ

2201 1236 2382 1288 κανόνι.
2425 1234 2681 1305 ἐχρῶντο,
2730 1234 2974 1303 λέγοντι’
3003 1236 3204 1297 Σκεῦος
3248 1235 3487 1305 χρυσοῦν
3530 1238 3780 1307 ἢὰργυ-

2203 1326 2327 1395 ροῦν
2353 1326 2611 1395 ἀγιασθὲν
2638 1326 2671 1396 ἢ
2700 1326 2889 1396 ὀθόνην
2917 1327 3102 1397 μηδεὶς
3124 1327 3202 1379 ἔτι
3234 1331 3311 1391 εἰς
3340 1328 3549 1382 οίκείαν
3580 1332 3779 1398 χρείαν

2202 1420 2633 1489 σφετεριζὲσθω·
2685 1422 2733 1473 εἰ
2774 1420 2831 1472 δὲ
2872 1421 2969 1488 μὴ,
3017 1420 3379 1491 ἀφοριζέσθω.
3430 1424 3542 1475 Καὶ
3580 1423 3778 1493 ἤθελον

2199 1512 2285 1563 διὰ
2320 1515 2479 1579 μόνου
2514 1510 2819 1579 ἁξρορισμοῦ
2850 1511 3170 1577 κολασθῆναι
3204 1527 3220 1543 ⁸
3252 1513 3383 1580 φησὶ
3420 1512 3549 1579 γοῦν
3573 1514 3601 1565 6
3629 1532 3773 1583 πσρ-

2199 1603 2274 1654 ὼν
2320 1603 2498 1655 κανὼν
2550 1601 2925 1671 καθαιρεῖσθαι
2953 1604 3077 1664 τοὺς
3108 1604 3183 1661 είς
3212 1603 3342 1654 ἴδιον
3369 1603 3561 1672 κέρδος
3590 1605 3773 1673 ὑφαρ-

2203 1695 2471 1758 πάζοντας
2517 1696 2608 1746 καὶ
2664 1693 3104 1755 κοινοποιοῦντας
3145 1695 3635 1764 ἢὰποχρωμένους
3688 1700 3772 1758 εἰς

2202 1789 2387 1853 κοινὴν
2436 1789 2529 1841 καὶ
2574 1788 2788 1857 ἀνίερον
2830 1789 3024 1856 χρῆσιν
3056 1788 3213 1854 ἆγιόν
3238 1806 3291 1840 τι
3341 1788 3533 1850 σκεῦος
3558 1791 3621 1841 ἐκ
3655 1791 3765 1841 τῶν

2199 1879 2291 1931 τοῦ
2317 1880 2471 1946 ἁγίου
2506 1878 2919 1947 θυσιαστηρίου.
2953 1879 3090 1941 Τοὺς
3125 1879 3307 1948 μέντοι
3329 1882 3762 1944 κοινοποιοῦντας

2200 1972 2287 2025 διὰ
2344 1974 2588 2041 χρήσεως
2645 1973 2897 2040 ἀνιέρου,
2971 1973 3002 2041 ῆ
3065 1973 3271 2042 ἑτέροις
3318 1974 3547 2034 διδόντας
3594 1976 3757 2043 χάριν

2198 2066 2387 2134 ὁμοίας
2420 2066 2687 2134 χρήσεως,
2716 2064 2782 2116 τὰ
2828 2065 2983 2127 ἐκτὸς
3014 2065 3106 2117 τοῦ
3155 2064 3395 2134 βήματος
3435 2067 3553 2135 ἱερὰ
3586 2067 3759 2135 σκεύη

2202 2158 2294 2209 καὶ
2324 2156 2545 2214 ἔπιπλα,
2574 2157 2863 2225 διορίζεται
2908 2150 3043 2208 εἶναι
3073 2156 3479 2225 ἀφωρισμένως
3501 2169 3517 2185 ⁶
3551 2156 3679 2218 τοὺς
3709 2157 3765 2209 δὲ

2199 2250 2625 2320 ἁφαρπάζοντας
2670 2249 2829 2313 αὐτὰ,
2856 2247 3270 2316 ὠςηίεροσύλους
3319 2248 3765 2315 κατακρίνεσθαι.

2202 2340 2417 2394 Τούτων
2443 2341 2615 2403 οὓτως
2638 2340 2888 2407 ἐχόντων,
2920 2338 3172 2409 ἠρώτησέ
3205 2356 3309 2405 τις,
3356 2336 3507 2409 *Δρα
3528 2339 3695 2392 πλέον
3719 2356 3767 2390 τι

2202 2436 2351 2503 παρὰ
2385 2434 2473 2486 τὸν
2520 2432 2873 2486 ἀποστολικὸν
2925 2432 3123 2486 κανόνα
3174 2432 3470 2501 διορίζεται
3515 2435 3544 2484 6
3595 2432 3764 2485 κανὼν

2202 2522 2355 2589 οὗτος
2380 2544 2394 2593 ;
2424 2528 2635 2591 Λύσις.
2681 2527 2740 2579 Ὀ
2773 2527 2870 2594 μὲν
2900 2526 3253 2589 ἀποστολικὺς
3294 2524 3480 2578 κανὼν
3514 2526 3753 2593 περὶτῶν

2201 2620 2650 2674 κοινοποιούντων
2699 2619 2881 2688 μόνον,
2921 2619 2994 2689 μὴ
3022 2619 3206 2687 μέντοι
3237 2619 3332 2671 καὶ
3357 2619 3673 2685 ἱδιουμένων
3696 2622 3752 2669 τα

2203 2713 2343 2781 ἱερὰ,
2375 2712 2639 2775 θεσπίζει·
2663 2713 2689 2763 6
2710 2711 2765 2762 δὲ
2794 2708 2985 2780 παρὼν
3012 2710 3268 2779 περὶτῶν
3299 2711 3760 2779 σφετεριζομένων

2201 2804 2233 2873 ἦ
2283 2803 2756 2873 καταχραινόντων
2787 2802 2817 2871 ἢ
2863 2802 3311 2872 μεταμειῦόντων
3341 2803 3484 2855 αὐτὰ
3515 2806 3596 2865 είς
3628 2803 3761 2855 [61m-

2201 2897 2358 2967 τικὴν
2389 2897 2606 2966 χρῆσιν.
2646 2896 2754 2948 Καὶ
2779 2894 2868 2949 διὰ
2894 2895 3054 2947 τοῦτο
3100 2896 3305 2957 ἐκεῖνος
3351 2894 3450 2964 μὲν
3482 2894 3549 2946 δι’
3582 2896 3765 2961 ἀφορι-

2203 2988 2340 3059 σμοῦ
2377 2989 2539 3059 μόνου
2586 2988 2800 3052 κολάζει
2837 2989 2928 3040 τὸν
2961 2987 3338 3057 ἡμαρτηκότα,
3395 2980 3551 3047 οὗτος
3596 2985 3653 3036 δὲ
3680 2986 3768 3037 διὰ

541 3084 655 3123 tum
691 3072 848 3139 punit
875 3088 998 3126 eum
1036 3076 1126 3143 qui
1164 3080 1450 3146 peccavit:
1485 3081 1573 3134 hic
1601 3098 1729 3137 vero
1760 3102 1855 3155 per
1885 3080 2102 3158 deposi-

2208 3081 2602 3151 καθαιρέσεως,
2651 3079 2812 3132 πλέον
2852 3078 3060 3131 ἐκείνου
3097 3079 3358 3132 λιπαίνων
3387 3077 3485 3148 τὴν
3524 3078 3767 3131 κόλασιν.

541 3166 764 3228 tionem,
798 3169 1018 3236 gravius
1052 3169 1145 3222 illo
1176 3173 1505 3239 supplicium
1544 3176 1793 3234 aﬂ‘erens.
1835 3180 2098 3247 Quoniam

538 3276 667 3329 ergo
715 3270 844 3315 sunt
897 3273 1115 3331 peccata
1174 3265 1502 3331 dilferentia,
1540 3270 1739 3325 habent
1768 3290 1983 3345 quoque
2015 3278 2101 3331 di-

540 3367 753 3405 versam
792 3367 1031 3421 poenam.
1074 3356 1169 3410 lllc
1217 3358 1384 3423 enim,
1444 3361 1619 3430 inquit
1674 3380 1873 3429 canon,
1926 3370 2100 3423 soluat

538 3454 786 3498 sanctum
827 3445 1167 3512 profanavit.
1205 3466 1311 3502 non
1351 3460 1531 3507 autem
1558 3463 1612 3509 et
1639 3457 2052 3516 transformavit
2085 3481 2099 3518 :

543 3536 628 3588 laic
663 3552 791 3590 vero
838 3538 1014 3605 ipsum
1050 3540 1350 3597 sulfuratus
1396 3546 1599 3613 pariter
1629 3564 1693 3602 ac
1742 3566 1874 3606 usus
1908 3564 2011 3617 est,
2049 3568 2103 3611 et

544 3628 666 3682 ideo
689 3630 1016 3697 depositioni
1052 3635 1399 3702 Subjicietur.
1431 3637 1697 3695 Praeterea
1730 3644 2099 3715 interrogave-

541 3719 615 3770 rit
669 3720 940 3789 quispiam
964 3760 978 3785 ,
1016 3738 1178 3791 quant
1212 3726 1280 3777 ob
1312 3742 1531 3783 causam
1564 3732 1709 3786 circa
1745 3736 1904 3790 linem
1936 3741 2102 3791 verba

544 3810 753 3866 faciens
782 3828 960 3867 canon
994 3818 1058 3870 de
1087 3820 1259 3873 sacris
1291 3831 1442 3873 extra
1476 3822 1665 3883 altare.
1706 3843 1823 3892 eos,
1874 3830 1965 3898 qui
2013 3833 2101 3886 illa

539 3900 758 3967 quidem
814 3906 1124 3959 communia
1188 3907 1424 3974 faciunt,
1485 3924 1778 3983 segreget:
1812 3932 1907 3972 eos
1948 3936 2101 3987 vero,

542 3993 634 4058 qui
667 3995 903 4063 rapiunt.
936 4008 988 4051 ut
1026 4001 1320 4070 sacrilegos
1346 4004 1708 4068 condemnet:
1732 4024 1855 4063 cum
1882 4012 2103 4068 deberet

544 4084 726 4137 dicere
754 4100 850 4141 eos
882 4103 1099 4156 quoque
1134 4086 1379 4159 deponi?
1419 4094 1642 4152 Salutio.
1688 4098 1832 4154 idem
1882 4112 1967 4156 est
2012 4106 2104 4158 de-

544 4177 668 4242 poni
700 4195 823 4231 eum
860 4183 950 4249 qui
984 4183 1153 4249 rapit,
1187 4192 1240 4237 et
1272 4188 1622 4242 condemnari
1666 4202 1723 4245 ut
1757 4194 2101 4265 sacrilegum.

542 4268 853 4338 Saerilegus
882 4274 1026 4325 enim
1071 4274 1287 4330 infamis
1312 4277 1541 4333 ellicitur
1572 4298 1585 4333 :
1616 4281 1895 4338 infamiam
1924 4297 2101 4341 autem

542 4365 901 4430 consequitur
931 4368 1093 4418 etiam
1124 4368 1582 4440 depositio.Lege
1608 4382 1660 4427 ω
1692 4392 1812 4445 cap.
1843 4379 1876 4431 9.
1900 4380 2038 4432 tituli
2070 4382 2104 4435 2

543 4453 825 4516 praesentis
856 4458 1067 4521 Operis,
1104 4460 1246 4525 quod
1278 4499 1291 4521 ,
1344 4478 1464 4528 qua:
1509 4465 1573 4516 ad
1605 4442 1774 4520 sacra.
1795 4482 1922 4523 vasa
1955 4480 2008 4524 et
2040 4488 2101 4525 ea
2137 4442 2180 4496 Β

544 4557 664 4608 qum
688 4553 817 4595 sunt
845 4547 1093 4599 dedicata
1134 4551 1429 4614 pertinent.
1466 4554 1642 4610 fusius
1677 4557 1836 4613 ducet
1868 4577 1881 4613 :
1911 4576 2103 4631 eaque,

544 4649 666 4697 ιμιςιε
731 4634 782 4686 in
839 4638 1014 4701 ipsqu
1047 4640 1261 4695 aliobis
1315 4644 1515 4713 scripta
1562 4657 1708 4702 sunt.
1764 4649 1901 4720 Lege
1926 4666 2103 4707 autem

546 4727 817 4795 pi'a'cipue
844 4743 963 4797 cap.
996 4732 1053 4783 Ἦ
1110 4735 1193 4787 tit.
1248 4736 1282 4788 2
1318 4737 1410 4790 lib.
1442 4756 1472 4790 v
1503 4739 1665 4795 Basil.
1698 4744 1857 4813 cujus
1886 4749 2102 4815 quidem

547 4817 627 4871 vis
660 4826 712 4870 et
742 4819 972 4874 effectus
1023 4823 1160 4879 situs
1192 4835 1274 4880 est
1317 4842 1345 4879 a
1380 4828 1573 4885 Pliotio
1623 4833 1675 4887 in
1711 4837 1948 4892 secundo
1986 4856 2102 4909 cap.

545 4908 626 4961 tit.
660 4910 693 4962 2
724 4917 1007 4979 praesentis
1033 4918 1236 4983 operis.

615 4990 867 5058 ZONA‘R.
906 5006 1235 5065 Sanctorum
1278 5014 1645 5080 apostolorum
1700 5034 1873 5076 canon
1919 5026 1987 5079 75
2026 5027 2105 5080 sic

542 5097 747 5151 habet:
789 5098 913 5164 Vas,
959 5101 1155 5170 inquit,
1186 5117 1412 5159 aureum
1468 5109 1549 5161 vel
1601 5123 1955 5180 argenteum,
2014 5128 2107 5172 aut

546 5192 721 5243 velum
760 5194 1158 5247 sanctificatum
1185 5237 1202 5260 ,
1244 5211 1402 5251 nemo
1436 5200 1673 5267 amplius
1727 5203 1779 5257 in
1811 5220 1941 5260 suos
1972 5224 2107 5265 usus

544 5293 863 5348 convertat;
910 5295 995 5340 est
1020 5286 1166 5341 enim
1220 5298 1417 5357 praeter
1451 5292 1638 5359 leges:
1669 5294 1713 5348 si
1755 5297 1879 5355 quis
1922 5308 2105 5354 autem

545 5374 923 5440 deprehensus
968 5378 1151 5444 fuerit,
1213 5385 1592 5451 segregatione
1644 5388 1925 5445 multetur.
1994 5391 2105 5450 Hoc

547 5477 679 5527 ergo
709 5482 921 5523 canone
952 5472 1171 5539 quidam
1207 5473 1517 5540 abutentes,
1572 5478 1666 5546 qui
1713 5489 1916 5543 sancta,
1955 5498 2105 5552 quae-

546 5570 762 5625 cunque
824 5560 1042 5616 demum
1106 5558 1195 5617 illa
1253 5578 1456 5628 essent.
1509 5570 1574 5622 ad
1625 5572 1891 5639 privatum
1945 5590 2103 5630 suum

556 5662 715 5699 usum
769 5654 1296 5717 accommodassent,
1328 5661 1697 5728 segregatione
1722 5671 1957 5726 tantum,
2000 5682 2103 5719 non

551 5739 886 5809 depositione
918 5746 1279 5810 puniendum,
1335 5755 1559 5805 canonis
1588 5756 1910 5809 sententiam
1939 5774 2101 5827 prave

2205 3175 2326 3228 Ὀτι
2368 3174 2549 3227 τοίνυν
2595 3172 2700 3224 είσὶ
2747 3172 2814 3224 τὰ
2867 3172 3237 3241 ἁμαρτήματα
3286 3171 3538 3239 διάφορα,
3590 3170 3775 3238 ἔχουσι

2203 3266 2297 3319 καὶ
2330 3265 2426 3333 τὴν
2474 3262 2696 3316 κόλασιν
2742 3262 3018 3333 διάφορον.
3070 3264 3307 3325 Ἐκεῖνος
3354 3262 3486 3331 γὰρ,
3532 3262 3700 3330 φησὶν
3744 3263 3773 3313 6

2202 3358 2404 3421 κανὼν,
2440 3355 2743 3426 ἐόεὸήλωσε
2776 3356 2936 3425 μόνον
2971 3356 3030 3409 τὺ
3061 3356 3233 3423 ἅγιον,
3264 3354 3324 3407 οὐ
3358 3354 3466 3425 μὴν
3498 3354 3592 3406 καὶ
3618 3370 3775 3422 μετεο

2204 3452 2431 3521 ποίησεν
2450 3467 2463 3481 ·
2506 3445 2660 3511 οὗτος
2709 3448 2767 3501 δὲ
2796 3448 3023 3517 ἔκλεψεν
3058 3448 3151 3509 καὶ
3183 3445 3485 3517 ἠχρείωσεν
3511 3447 3662 3508 αὐτὸ,
3692 3446 3772 3498 διὸ

2202 3546 2298 3598 καὶ
2360 3541 2681 3611 καθαιρέσει
2742 3540 3309 3609 καθυποϐληθησεται.
3347 3539 3470 3592 Ἔτι
3516 3538 3769 3609 ἠρώτησὲ

2201 3655 2306 3703 τις,
2353 3636 2453 3690 Διά
2486 3634 2540 3688 τί
2574 3637 2701 3705 περὶ
2738 3636 2799 3687 τὸ
2832 3634 2986 3697 τέλος
3033 3632 3124 3686 τὸν
3166 3632 3324 3701 λόγον
3379 3630 3702 3701 ποιούμενος
3739 3634 3767 3684 6

2203 3728 2383 3783 κανὼν
2414 3728 2574 3798 χάριν
2618 3727 2727 3779 τῶν
2773 3726 2974 3793 ἔξωθεν
3000 3725 3093 3778 τοῦ
3134 3724 3377 3795 βήματος
3419 3722 3604 3791 ἱερῶν,
3642 3721 3765 3783 τοὺς

2206 3822 2304 3891 μὲν
2336 3817 2771 3881 κοινοποιοῦντας
2812 3818 2950 3870 αὐτὰ
2995 3816 3267 3887 ἀφορίζει,
3318 3816 3441 3877 τοὺς
3484 3814 3541 3867 δὲ
3590 3816 3767 3883 ἀφαρ-

2205 3913 2477 3976 πάζοντας
2518 3912 2594 3974 ὼς
2630 3912 2939 3981 ἱεροσύλους
2968 3911 3315 3979 κατακρίνει;
3342 3907 3573 3976 ὤφειλεν
3596 3909 3764 3959 εἰπεῖν

2204 4006 2300 4060 καὶ
2340 4004 2563 4068 τούτους
2607 4004 3012 4074 καθαιρεῖσθαι.
3042 4003 3255 4068 Λύσις.
3305 4002 3516 4055 Ταυτόν
3546 4003 3664 4053 ἐστι
3706 4000 3765 4050 τὸ

2206 4096 2586 4167 καθαιρεῖσθαι
2609 4096 2702 4147 τὸν
2731 4095 3064 4167 ἁρπάζοντα,
3099 4094 3194 4149 καὶ
3225 4093 3287 4147 τὸ
3316 4092 3764 4158 καταδικάζεσθαι

2202 4188 2278 4253 ὡς
2327 4185 2621 4257 ἱερόσυλον.
2657 4186 2777 4240 Ὅτι
2811 4188 2902 4239 καὶ
2939 4186 2968 4237 ό
3003 4185 3280 4253 ἱερόσυλος
3328 4183 3647 4253 ἀτιμοῦται,
3700 4184 3760 4248 τῇ

2204 4282 2259 4335 δὲ
2290 4281 2481 4351 ἀτιμίᾳ.
2510 4280 2700 4334 ἕπεται
2734 4281 2829 4333 καὶ
2879 4279 3219 4351 καθαίρεσις.
3269 4278 3566 4346 ’Δνὰγνωθι
3620 4277 3683 4329 τὸ
3723 4268 3764 4344 β’

2209 4374 2501 4440 κεφάλαιον
2544 4370 2640 4424 τοῦ
2687 4371 2940 4440 δευτέρου
2971 4370 3151 4423 τίτλον
3183 4368 3277 4422 τοῦ
3329 4368 3597 4437 παρόντος
3639 4384 3763 4419 συνο

2206 4470 2506 4534 τάγματος,
2536 4463 2564 4515 ὃ
2594 4464 2721 4533 περὶ
2753 4462 2914 4532 ἱερῶν
2944 4461 3155 4515 σκευῶν
3183 4462 3276 4513 καὶ
3310 4458 3667 4527 ἀναθεμάτων
3693 4456 3769 4507 δι-

2206 4558 2393 4610 δάσκει
2444 4555 2801 4623 πλατύτερον,
2862 4554 2956 4606 καὶ
2992 4555 3061 4605 τὰ
3113 4554 3169 4604 ὲν
3229 4550 3378 4621 αύτῷ
3425 4549 3557 4618 παρ’
3611 4548 3768 4617 ἡμῶν

2208 4646 2509 4714 γραφέντα.
2554 4644 2879 4709 Ἐξαιρέτως
2902 4644 2956 4695 δὲ
2986 4642 3259 4711 ἀνάγνωθι
3282 4641 3344 4694 τὸ
3365 4647 3446 4693 κα¹
3477 4639 3770 4706 κεφάλαιον

2206 4739 2301 4791 τοῦ
2344 4740 2386 4808 β’
2436 4737 2611 4790 τίτλον
2665 4736 2756 4789 τοῦ
2785 4743 2826 4788 ε’
2875 4736 3080 4806 βιϐλίου
3114 4734 3223 4787 τῶν
3268 4733 3593 4798 Βασιλικῶν,
3628 4726 3692 4784 οὗ
3736 4734 3772 4802 ἡ

2207 4831 2436 4898 δύναμις
2487 4829 2839 4899 κατεστρώθη
2896 4832 3045 4897 παρὰ
3095 4828 3300 4880 Φωτίου
3350 4829 3408 4880 ὲν
3441 4826 3517 4895 τῷ
3555 4824 3601 4895 β’
3642 4841 3768 4892 κεφ.

2207 4923 2297 4977 τοῦ
2334 4924 2377 4992 β’
2406 4922 2587 4975 τίτλον
2618 4921 2711 4974 τοῦ
2742 4921 3008 4991 παρόντος
3044 4921 3444 4990 συντάγματος.

2278 5011 2519 5067 ΖΩΝΑΡ.
2579 5011 2638 5063 ’0
2682 5010 3078 5080 ἑϐδομηκοστδς
3095 5012 3277 5080 τρίτος
3301 5012 3409 5063 τῶν
3429 5010 3601 5079 ἁγίων
3628 5010 3769 5063 ἀπο·-

2208 5106 2411 5157 στόλων
2458 5104 2636 5157 κανών
2693 5100 3101 5176 φησι⁶’Σκειξος
3146 5104 3443 5174 χρυσοῦνῆ
3492 5103 3767 5172 ἀργυροῦν

2206 5195 2467 5263 ἀγιασθὲν
2506 5195 2539 5265 ἢ
2588 5194 2780 5263 ὀθόνην
2838 5194 3028 5265 μηδεὶς
3074 5195 3154 5247 ἔτι
3187 5197 3269 5258 είς
3315 5198 3525 5249 οίκείαν
3575 5200 3760 5266 χρῆσιν

2209 5287 2631 5359 σφετεριξέσθω·
2667 5286 2984 5357 παράνομον
3011 5288 3155 5358 γάρ·
3187 5289 3235 5340 εί
3265 5288 3321 5340 δέ
3343 5305 3429 5351 τις
3461 5290 3748 5359 φωραθείηο

2207 5379 2553 5450 ὲπιτιμάσθω
2609 5378 2919 5450 ἁφορισμῷ.
2968 5378 3154 5449 Τούτῳ
3185 5378 3279 5433 οὖν
3327 5380 3404 5449 τῷ
3445 5384 3632 5435 κανόνι
3676 5398 3754 5433 κει

2208 5473 2474 5544 χρημένοι
2519 5471 2665 5535 τινὲς
2719 5471 2902 5540 ἔλεγον
2933 5474 3014 5526 ὅτι
3059 5472 3149 5525 τὸν
3188 5472 3256 5526 τὰ
3301 5470 3453 5540 ἅγια,
3509 5476 3672 5526 ὁποῖα
3703 5472 3761 5523 ἀν

2209 5565 2340 5630 εἷεν,
2378 5566 2455 5627 είς
2502 5567 2708 5617 οἰκείαν
2741 5564 3287 5635 μετασχηματίζοντα
3329 5569 3518 5639 χρείαν
3575 5569 3766 5636 ἀφορί-

2208 5661 2419 5726 ζεσθαι,
2461 5666 2577 5716 ἀλλ’
2621 5666 2683 5717 οὐ
2722 5664 3100 5733 καθαιρεῖσθαι
3140 5668 3334 5736 χρεὼν,
3386 5668 3770 5736 στρεῦλοῦντες

2210 5756 2304 5809 καὶ
2333 5758 2743 5823 διαστρέφοντες
2791 5761 2886 5823 τὴν
2917 5760 3103 5812 τούτου
3152 5759 3404 5817 διάνοιαν.
3453 5762 3591 5823 Τοὺς
3641 5760 3776 5826 γοῦν
