4074 6214
315 319 459 384 1057

1483 321 1562 383 IN
1602 320 1773 384 CAN.
1801 321 1881 378 X1
1924 320 2131 379 CONC.
2159 319 2270 378 ΟΡ.

3396 321 3538 386 1058

307 439 481 502 οὕτως
509 436 950 506 ἐκλαμϐάνοντας
982 435 1071 488 τὸν
1118 434 1315 488 κανόνα
1355 433 1597 498 κακίζων
1626 436 1653 487 ό
1682 420 1873 504 παρὼν

1986 435 2374 503 detorquentcs
2420 434 2881 502 invertentesque,
2941 432 3300 488 aﬂirmabant.
3335 435 3540 492 Eorum

308 532 508 592 κανὼν,
539 528 798 593 διαστίζει
828 529 953 591 τοὺς
985 527 1297 590 κοινοῦντας
1332 527 1398 580 τὰ
1437 527 1592 595 ἅγια,
1617 526 1706 579 καὶ
1743 525 1881 580 αὐτὰ

307 621 363 673 δὲ
397 620 468 673 τὰ
491 619 611 689 ἱερὰ
637 617 900 683 διαστίζει
927 619 1024 671 ἀπ’
1051 618 1314 685 ἀλλήλων.
1355 616 1436 670 Τὰ
1463 617 1561 686 μὲν
1590 617 1719 686 γὰρ.
1773 635 1882 686 φη·-

312 713 414 776 σὶν,
464 711 744 782 ἐνεργοῦσι
791 712 920 781 περὶ
966 710 1027 763 τὸ
1077 708 1482 779 θυσιαστήριον.
1533 703 1645 761 οἷον
1699 707 1884 771 δίσκος

311 803 478 874 ίερὸς,
525 802 621 854 καὶ
645 802 928 873 ποτήριον,
951 804 1045 856 καὶ
1069 805 1137 855 τὰ
1169 803 1267 871 τῆς
1293 799 1572 867 παναγοῦς
1600 798 1884 868 τραπέζης

309 893 603 960 ἐνδύματα,
638 895 733 945 καὶ
766 894 866 946 ὅσα
891 893 1148 946 τοιαῦτα·
1179 893 1247 946 τὰ
1273 894 1328 946 δέ
1360 893 1464 959 ἔξω
1492 910 1593 945 που
1625 891 1716 944 τὸν
1753 891 1882 943 ναὸν

311 984 659 1056 αἰωρούμενα
694 985 916 1040 ἔπιπλα.
941 987 1035 1038 καὶ
1065 984 1202 1039 ἄλλα
1226 986 1469 1040 τοιαῦτα.
1499 984 1640 1047 Τοὺς
1657 981 1770 1053 -μέν
1789 980 1884 1034 οὖν
1929 1053 1938 1064 _

311 1075 383 1127 τὰ
413 1077 542 1144 περὶ
569 1074 659 1127 τὸν
690 1074 815 1127 ναὸν
846 1075 925 1138 είς
954 1075 1162 1127 οἰκείαν
1201 1075 1389 1145 χρείαν
1415 1073 1812 1144 λαμϐάνοντας.
1843 1072 1877 1142 ἢ

307 1166 517 1237 ἑτέροις
566 1167 926 1236 παρέχοντας,
998 1167 1094 1219 καὶ
1145 1165 1287 1219 οὕτω
1333 1165 1645 1226 κοινοῦντας
1705 1165 1882 1227 αὐτὰ,

307 1259 665 1330 ἀφορίζεσθαι
693 1259 1009 1330 διορίζεται.
1040 1259 1176 1330 Περὶ
1205 1261 1396 1312 τούτου
1430 1259 1560 1329 γάρ,
1597 1274 1729 1326 φησι
1787 1256 1882 1308 καὶ

307 1353 397 1406 τὸν
455 1352 804 1407 ἀποστολικὸν
856 1351 1236 1407 διατάττεσθαι
1290 1354 1512 1416 κανόνα,
1572 1352 1647 1414 ὡς
1697 1349 1882 1408 ἁπλῶς

309 1444 682 1511 ἁγιασθέντων
715 1447 781 1513 τῇ
813 1445 950 1514 πρὸς
979 1448 1068 1498 τὸν
1100 1447 1225 1499 ναὸν
1256 1445 1530 1498 ἀναθέσει.
1567 1443 1704 1506 Τοὺς
1733 1443 1787 1495 δὲ
1819 1445 1880 1496 ἐκ

306 1535 418 1589 τῶν
447 1535 540 1589 τοῦ
592 1535 976 1608 θυσιαστηρίου
1021 1537 1395 1606 λαμϐάνοντάς
1427 1555 1479 1588 τι
1510 1535 1606 1590 καὶ
1634 1535 1882 1602 νοσφιζο-

308 1625 503 1695 μένους
529 1626 680 1690 αὐτὸ,
735 1626 764 1695 ἦ
821 1628 902 1689 είς
951 1629 1145 1697 χρῆσιν
1199 1626 1532 1697 μετάγοντας
1575 1625 1758 1694 κοινὴν
1789 1625 1881 1676 καὶ

303 1717 540 1788 ἀνίερον.
589 1718 968 1790 καθαιρεῖσθαι
1001 1719 1233 1774 κελεύει.
1271 1719 1343 1772 Τὸ
1375 1719 1474 1787 μὲν
1511 1717 1619 1787 γαρ
1661 1717 1876 1770 ἰδιώσα-

305 1809 430 1863 σθαι
475 1812 645 1864 ταῦτα
691 1812 921 1882 συλῆσαί
965 1813 1166 1864 ἐστιτὰ
1201 1812 1352 1880 ἅγια,
1388 1812 1480 1864 καὶ
1532 1811 1802 1881 ἱερόσυλος
1848 1813 1876 1862 ό

299 1903 543 1964 τοιοῦτος
588 1904 868 1967 κρίνεται⁶
902 1905 960 1956 τὸ
991 1904 1046 1956 δέ
1088 1905 1394 1973 χρήσασθαι
1422 1904 1605 1964 αὐτοῖς
1634 1906 1726 1954 καὶ
1758 1920 1875 1956 κοι-

300 1995 473 2049 νῶσαι
504 1995 809 2065 βεϐηλῶσαί
844 1998 1051 2049 ἐστιτὰ
1085 1998 1237 2063 am,
1269 1998 1364 2048 καὶ
1394 1995 1730 2065 ἑκατέρωθεν
1765 1996 1875 2057 τοῖς

301 2086 560 2151 τοιούτοις
608 2082 830 2153 δικαίως
857 2089 1120 2157 ἐπάγεται
1170 2091 1202 2159 ή
1231 2089 1570 2159 καθαίρεσις.
1603 2089 1663 2141 Ei
1702 2088 1757 2139 δέ
1783 2089 1877 2141 καὶ

301 2179 368 2252 ἐκ
395 2179 505 2231 τῶν
534 2179 637 2244 ἔξω
671 2184 763 2234 καὶ
804 2183 932 2252 περὶ
959 2180 1053 2234 τὸν
1100 2184 1226 2233 ναὸν
1257 2182 1425 2232 ὄντων
1461 2181 1667 2232 σκευῶν
1700 2180 1733 2248 ἢ
1768 2180 1875 2249 ἁμ-

303 2247 470 2337 φῖων,
501 2272 667 2341 ἧγουν
699 2247 1035 2343 ἐνδυμάτων,
1085 2273 1465 2343 ὑφαρπάσουσί
1510 2273 1651 2335 τινές
1683 2247 1756 2333 τι,
1790 2247 1876 2324 ἵνα

304 2360 494 2430 κέρδος
528 2365 659 2416 αύτδ
692 2367 1058 2430 ποιήσωνται,
1089 2368 1183 2418 καὶ
1227 2367 1470 2427 ἐκείνους
1502 2365 1813 2434 ἱεροσύλους
1850 2366 1878 2416 ό

315 2454 496 2507 κανὼν
519 2453 671 2518 οὗτος
704 2458 1076 2522 καταδικάζει.

1985 523 2174 596 igitur,
2204 525 2298 595 qui
2330 525 2411 578 sic
2439 539 2702 578 canonem
2733 525 3256 594 interpretabantur,
3280 528 3544 595 opinione

1984 617 2209 685 reiecta,
2234 617 2321 670 hic
2341 631 2515 671 canon
2542 617 2730 671 statuit
2758 618 2904 672 inter
2924 632 3038 681 eos,
3060 619 3152 687 qui
3180 619 3341 674 rebus
3364 621 3542 676 sacris

1983 708 2360 767 abuterentur,
2416 709 2667 776 interque
2722 709 2838 778 ipsa
2889 710 3119 764 invicem
3175 713 3542 776 sanctiﬁcata,

1982 800 2298 854 diserimen.
2331 800 2589 866 Quaedam
2611 815 2864 868 namque,
2889 801 2985 860 ait.
3013 803 3066 854 in
3092 802 3249 855 altari
3278 804 3545 858 adhiben-

1985 901 2092 955 tur,
2132 899 2191 944 ut
2226 890 2412 944 discus
2438 906 2611 955 sacer,
2650 901 2702 945 et
2739 892 2903 952 calix.
2935 903 2985 945 et
3019 907 3190 945 sacra:
3225 909 3426 948 tuensm
3453 895 3542 948 in-

1983 983 2259 1040 dumenta.
2287 992 2448 1052 atque
2468 983 2632 1050 hujus
2657 984 2872 1051 generis
2900 985 3083 1038 omnia
3119 1001 3132 1037 :
3164 985 3267 1037 alia
3295 986 3540 1053 quaedam

1984 1073 2256 1142 intempli
2284 1083 2482 1127 ornatu
2519 1075 2791 1128 exteriore
2818 1078 3182 1139 collocantur,
3227 1089 3285 1129 ut
3313 1077 3544 1146 lycium-

1983 1166 2094 1228 chi,
2152 1181 2382 1234 qumque
2410 1167 2555 1220 circa
2590 1167 2851 1236 templum
2880 1171 3293 1237 suspenduntur
3353 1172 3542 1236 aulaea,

1983 1260 2196 1327 aliaque
2228 1258 2564 1328 hujusmodi.
2591 1259 2734 1328 Ergo
2761 1276 2880 1328 quae
2905 1261 2968 1313 ad
3011 1262 3195 1330 templi
3224 1274 3543 1316 ornamenta

1983 1350 2278 1416 pertinent,
2312 1348 2356 1402 si
2381 1349 2504 1415 quis
2533 1349 2596 1402 ad
2621 1364 2752 1403 suos
2775 1366 2908 1405 usus
2942 1351 3276 1414 adhibuerit,
3311 1353 3538 1408 alterive

1984 1439 2433 1506 commodaverit,
2493 1455 2668 1506 eaque
2707 1442 2917 1496 ratione
2947 1443 3175 1513 profana
3207 1445 3419 1512 reddat,
3457 1463 3546 1500 se-

1984 1533 2317 1601 gregaudum
2372 1548 2494 1588 esse
2546 1534 2813 1589 decernit.
2870 1534 2943 1588 De
3001 1535 3086 1590 his
3120 1552 3354 1606 namque
3384 1540 3546 1594 rebus

1985 1626 2270 1692 apostolici
2332 1641 2551 1696 quoque
2592 1629 2822 1682 canonis
2871 1627 3242 1683 deﬁnitionem
3278 1632 3548 1701 accipien-

1987 1717 2110 1769 dam
2147 1717 2379 1783 asserit;
2419 1705 2540 1784 qua;
2565 1719 2820 1772 nimirum
2869 1735 2933 1774 eo
2993 1722 3109 1790 ipso
3154 1722 3297 1791 quod
3345 1726 3545 1792 templo

1983 1809 2332 1873 dedicantur,
2363 1811 2858 1880 quomodocunqne
2886 1815 3222 1867 sanctiﬁcata
3254 1824 3406 1870 sunt.
3437 1815 3540 1881 Qui

1983 1917 2111 1955 vero
2145 1901 2423 1971 quidpiam
2477 1917 2542 1956 ex
2578 1918 2738 1957 sacro
2782 1906 2935 1958 altari
2960 1909 3225 1971 acceperit
3257 1909 3546 1978 subripue-

1986 1995 2164 2063 ritque
2193 1994 2275 2048 vel
2309 1995 2363 2048 in
2406 2010 2565 2049 usum
2599 2012 2941 2051 communem
2974 2013 3037 2052 ac
3090 1999 3380 2068 profanum
3411 2015 3545 2054 cun-

1985 2087 2227 2150 verterit,
2271 2095 2393 2141 enin
2431 2087 2822 2156 deponijubet.
2877 2089 2946 2143 Ea
2995 2106 3235 2161 namque
3283 2092 3386 2146 sibi
3424 2102 3545 2145 tan-

1983 2195 2141 2249 quam
2170 2180 2389 2249 pr0pria
2425 2179 2725 2258 vindicare,
2769 2193 2853 2236 est
2882 2184 2956 2236 rei
2993 2199 3162 2237 sacra:
3193 2184 3542 2254 depeculato-

1985 2288 2098 2324 rem
2130 2288 2274 2335 esse,
2309 2272 2711 2342 sacrilegiique,
2768 2277 2857 2343 qui
2887 2276 2937 2330 id
2975 2276 3180 2342 fecerit,
3211 2279 3542 2333 condemna-

1987 2365 2341 2419 tur:eisdem
2397 2380 2528 2420 vero
2581 2369 2655 2417 uti
2711 2369 3131 2438 commttniaque
3185 2372 3405 2434 habere,
3458 2379 3541 2424 est

1983 2467 2170 2511 sancta
2201 2455 2525 2524 profanare;
2566 2473 2795 2527 quorum
2831 2461 3046 2527 quidem
3083 2461 3370 2516 criminum
3401 2461 3541 2517 utri-

305 2566 412 2620 que
438 2551 796 2619 depositionis
844 2567 1002 2620 poana
1045 2554 1343 2609 constituta
1389 2562 1491 2609 est.
1543 2553 1696 2618 Quod
1730 2552 1773 2605 si
1830 2567 1894 2605 ex
1962 2553 2030 2608 iis
2081 2555 2268 2618 etiam,
2315 2570 2433 2623 quae
2481 2557 2533 2608 in
2597 2561 2826 2609 externo
2871 2557 3053 2625 templi
3105 2567 3299 2612 ornatu
3366 2562 3540 2628 posita

305 2652 455 2704 sunt,
495 2658 587 2695 vas
617 2643 831 2712 aliquod
857 2683 872 2706 ,
904 2652 995 2696 aut
1022 2653 1245 2701 vestem.
1309 2647 1408 2701 hoc
1431 2655 1534 2706 est,
1567 2636 1968 2706 indummtum,
2003 2653 2060 2697 ut
2092 2645 2217 2699 inde
2284 2647 2388 2701 sibi
2441 2647 2665 2699 lucrum
2738 2650 3044 2716 acquirant,
3110 2650 3277 2720 aliqui
3359 2653 3542 2707 subri-

305 2747 578 2808 puerunt;
620 2739 672 2792 hi
709 2755 926 2808 quoque
963 2750 1019 2795 ut
1055 2727 1302 2816 sacrilegi
1331 2746 1432 2798 hoc
1489 2756 1700 2795 canone
1729 2738 2189 2804 condemnamur.

302 2828 523 2883 ΑΡΙΣΤ.
576 2849 592 2878 ι
635 2833 694 2882 ()i
729 2831 788 2882 τὺ
839 2831 993 2899 ἅγιον
1039 2835 1319 2904 ποτήριον,
1380 2835 1413 2904 ἢ
1466 2834 1554 2916 τὸν
1597 2832 1799 2895 δίσκον,
1841 2831 1873 2899 ἢ

381 2941 398 2972 ι
448 2921 686 2991 ἐνδυτὴν,
737 2922 769 2991 ἦ
821 2923 1032 2987 λαὸίδα,
1081 2926 1111 2994 ἢ
1176 2927 1234 2978 τὸ
1281 2927 1574 2996 λεγόμενον
1621 2925 1780 2994 ἀέρα,
1841 2923 1874 2993 ἢ

382 3033 399 3062 ι
451 3012 639 3073 ἁπλῶς
673 3013 732 3064 ἓν
762 3032 815 3065 τι
859 3015 968 3066 τῶν
1014 3017 1172 3086 ἱερῶν
1207 3018 1435 3079 σκευῶν,
1470 3018 1502 3086 ἢ
1554 3015 1876 3084 ἀμφιασμά-

383 3123 402 3154 ι
449 3120 580 3167 των,
609 3104 688 3165 εἰς
739 3105 873 3158 ἴδιον
905 3107 1092 3175 κέρδος
1121 3109 1536 3178 ύιραρπάζοντες
1570 3108 1597 3178 ἢ
1625 3109 1702 3169 εἰς
1737 3107 1875 3177 χρῆ·
1907 3148 1949 3205 C

381 3211 402 3246 ι
455 3211 538 3247 σιν
577 3194 794 3264 ἀνίερον
843 3195 1222 3266 ἀποχρώμενοι
1270 3197 1765 3265 καθαιρείσθωσαν.
1808 3195 1880 3248 Τὸ

385 3304 401 3335 ι
451 3287 548 3354 μὲν
582 3286 688 3356 γάρ
728 3287 840 3338 ἐστι
889 3286 1215 3356 βεϐηλῶσαι,
1246 3287 1305 3338 τὸ
1331 3287 1385 3338 δὲ
1414 3287 1781 3356 ἱεροσυλῆσαι.
1815 3277 1880 3336 υἱ

386 3398 404 3430 ι
449 3379 504 3431 δὲ
547 3380 615 3431 τὰ
659 3379 763 3443 ἔξω
789 3379 882 3432 τοῦ
933 3381 1320 3448 θυσιαστηρίου
1367 3381 1558 3448 σκεύη,
1604 3378 1636 3448 ἢ
1679 3379 1856 3447 ἄμφια

388 3489 406 3520 ι
452 3473 531 3532 εἰς
560 3473 756 3540 χρῆσιν
789 3472 1001 3542 ἀνίερον
1035 3473 1266 3537 ἑαυτοῖς,
1308 3472 1339 3540 ἢ
1369 3472 1566 3534 ἄλλοις,
1617 3471 1880 3540 παρέχον-

389 3581 408 3612 ι
455 3579 541 3621 τες
587 3562 1064 3633 ἁφοριζέσθωσαν·
1120 3564 1169 3614 οἱ
1215 3563 1271 3615 δὲ
1314 3563 1595 3624 παντελῶς
1623 3563 1876 3632 ἀφαρπά-

385 3671 404 3703 ι
450 3653 633 3715 ζοντες
663 3652 738 3715 ὡς
771 3652 1036 3704 ἱεοόσυλοι
1075 3652 1642 3714 καταδικαζέσθωσαν.
1685 3672 1705 3703 ι

947 3920 1186 3972 ΚΛΝΩΝ
1212 3918 1315 3974 lA'.

318 4030 338 4066 ι
365 4014 504 4076 Τοὺς
527 4011 793 4080 πρεσϐυτέ
801 4030 925 4083 ρους
944 4013 1269 4082 ἦδιακόνους
1288 4018 1301 4068 t
1311 4010 1399 4080 54)
1415 4013 1681 4082 κοσμικὰς
1699 4013 1873 4084 ἀρχὰς

388 4126 407 4158 ι
455 4108 486 4176 ἢ
515 4107 799 4176 φροντίδας
821 4106 1268 4176 ἀναδεχομένους,
1295 4106 1326 4176 ἢ
1353 4108 1451 4168 τὰς
1481 4108 1536 4158 ἐν
1561 4109 1674 4170 τοῖς
1703 4109 1872 4170 οἴκοις

387 4219 406 4250 ι
445 4199 554 4252 τῶν
577 4200 854 4270 ἀρχόντων
873 4199 1170 4268 λεγομένας
1197 4198 1602 4268 κουρατωρείας
1643 4201 1690 4251 οἱ
1739 4199 1870 4252 θεῖοι

389 4311 405 4340 ι
446 4292 541 4343 καὶ
570 4291 705 4361 ἱεροὶ
754 4293 972 4354 κανόνες
1019 4289 1330 4359 καθαιρέσει
1379 4292 1868 4345 καθυποσὰλλουσι.

387 4398 404 4432 ι
442 4379 612 4432 Τοῦτο
659 4379 751 4432 οὖν
796 4383 892 4434 καὶ
935 4383 1095 4450 ἡμεῖς
1156 4383 1563 4452 ἐπικυροῦντες,
1600 4386 1694 4438 καὶ
1743 4387 1868 4454 περ)⁸

389 4491 409 4522 ι
447 4472 553 4524 τῶν
574 4473 776 4526 λοιπῶν
805 4474 913 4526 τῶν
939 4475 996 4525 ἐν
1024 4474 1209 4544 κλήρῳ
1250 4476 1682 4546 κατειλεγμένων
1704 4478 1870 4548 διορι·
1905 4494 1944 4547 ο

389 4584 406 4615 ι
451 4564 655 4631 ζόμεθα
681 4564 778 4629 ὡς,
811 4566 968 4622 εἴτις
996 4565 1176 4618 αὐτῶν
1201 4567 1469 4636 κοσμικὰς
1498 4569 1668 4637 ἀρχὰς
1699 4588 1868 4638 μετα·
1938 4576 1940 4578 ⁷

391 4677 410 4708 ι
444 4657 752 4726 χειρίζοιτο,
795 4657 828 4727 ἦ
868 4657 966 4720 τὰς
1009 4659 1067 4709 ἐν
1099 4660 1210 4720 τοῖς
1238 4657 1346 4710 τῶν
1387 4660 1661 4730 ἀρχόντων
1699 4662 1870 4723 οἴκοις

389 4769 407 4801 ι
445 4751 479 4820 ἢ
506 4749 851 4819 προαστείοις
897 4748 1195 4818 λεγομένας
1228 4753 1654 4824 κουρατωρεξας,
1681 4754 1870 4806 ἀναδέ-

387 4859 408 4892 ι
447 4857 612 4911 χοιτο,
637 4839 828 4893 τοῦτον
859 4841 954 4894 τοῦ
987 4841 1185 4894 οἰκείου
1235 4843 1435 4912 κλήρου
1487 4843 1868 4898 ἐκδιώκεσθαι.

387 4954 406 4987 ε
443 4933 632 4991 Οὐδεὶς
660 4933 774 5004 γὰρ
801 4932 1048 5000 δύναται,
1074 4935 1214 4987 κατὰ
1257 4934 1355 5006 τὴν
1382 4934 1474 4987 τοῦ
1506 4934 1745 5000 Χριστοῦ
1770 4936 1867 4989 τοῦ

1986 2828 2212 2884 ABlST.
2253 2849 2270 2881 ι
2311 2831 2410 2894 Οιιί
2447 2847 2662 2885 sacrum
2712 2832 2933 2885 calicem
2963 2874 2976 2897 ,
3027 2833 3110 2888 vel
3166 2835 3397 2902 discum,
3456 2837 3544 2906 vel

2019 2979 2025 2995 .
2061 2939 2078 2971 ι
2122 2931 2350 2983 vestem,
2374 2925 2454 2976 vel
2488 2924 2771 2992 forcipem,
2797 2926 2878 2978 vel
2912 2940 3115 2992 aerem,
3150 2937 3206 2979 ut.
3234 2928 3436 2983 dicitur
3464 2931 3541 2999 (id

2063 3031 2080 3063 ι
2123 3022 2206 3067 est
2235 3015 2575 3084 sudarium),
2608 3017 2688 3070 vel
2717 3026 2772 3069 ut
2795 3017 3103 3070 summatim
3135 3017 3331 3080 dicam.
3369 3035 3536 3074 unum

2060 3124 2080 3157 ι
2122 3106 2337 3175 aliquod
2393 3123 2672 3162 sacrormu
2732 3126 3008 3172 vasorum,
3059 3109 3215 3179 351
3253 3113 3330 3167 vel
3381 3113 3546 3167 indu-

2063 3219 2082 3250 ι
2127 3208 2436 3252 mentorum
2458 3240 2471 3261 ,
2493 3201 2546 3253 in
2575 3203 2849 3270 proprium
2876 3203 3083 3256 lucrum
3114 3205 3426 3273 subripiunt
3455 3207 3542 3260 vel

2056 3309 2074 3341 ι
2116 3291 2180 3343 ad
2236 3307 2394 3344 usum
2454 3293 2740 3360 profanum
2787 3296 3110 3360 abutuntur,
3174 3297 3538 3365 deponantur.

2055 3400 2073 3431 ι
2116 3382 2228 3437 Iloc
2271 3386 2415 3436 enim
2475 3394 2560 3437 est
2609 3384 2916 3452 profanare,
2955 3387 3098 3442 istud
3140 3406 3298 3445 sacra
3360 3393 3544 3444 subri-

2058 3490 2076 3523 ι
2117 3488 2265 3542 perc.
2323 3474 2424 3540 Qui
2479 3484 2653 3529 autem
2702 3492 2829 3531 vasa
2888 3480 2970 3531 vel
3030 3481 3382 3548 vestimenta,
3416 3494 3541 3552 qute

2056 3582 2073 3613 ι
2115 3572 2241 3617 sunt
2276 3575 2429 3618 extra
2489 3568 2684 3630 altare,
2750 3569 2802 3620 in
2859 3585 3014 3623 usum
3073 3571 3357 3641 profanum
3400 3576 3537 3629 sibi-

2053 3673 2073 3704 ‹
2120 3667 2248 3720 met,
2285 3657 2369 3711 vel
2402 3659 2546 3722 aliis,
2577 3659 2834 3728 praebent,
2873 3674 3250 3732 segregentur.
3277 3665 3380 3730 Qui
3407 3681 3540 3720 vero

2055 3766 2074 3797 ‹
2110 3747 2335 3804 omnino
2389 3750 2734 3819 subripiunt,
2783 3760 2843 3805 ut
2877 3753 3124 3825 sacrilegi
3166 3758 3538 3812 condemnau-

2056 3859 2073 3890 ι
2113 3849 2222 3894 tur.
2263 3859 2283 3891 ι

2565 3933 2791 3988 ΟΑΝΟΝ
2847 3935 2939 3990 XI.

1982 4043 2001 4077 ι
2047 4025 2401 4095 l’resbyteros
2435 4028 2516 4078 vel
2547 4027 2812 4082 diaconos
2847 4029 3135 4085 saecularcs
3173 4033 3526 4102 magistratus

2048 4131 2068 4165 ι
2107 4116 2188 4166 vel
2220 4128 2380 4167 curas
2411 4116 2769 4182 suscipientes
2797 4155 2812 4179 ,
2862 4117 2942 4170 vel
2987 4133 3107 4186 qua:
3154 4119 3208 4172 in
3249 4123 3536 4190 magistra-

2046 4225 2065 4257 ι
2101 4215 2265 4261 tuum
2305 4205 2511 4260 aedibus
2549 4207 2860 4263 curationes
2895 4210 3256 4278 appellantur,
3291 4213 3457 4267 divini
3483 4221 3538 4267 et

2047 4317 2066 4349 ι
2109 4299 2248 4350 sacri
2286 4312 2524 4352 canones
2551 4298 2885 4366 depositioni
2918 4301 3237 4366 subjiciunt.
3273 4303 3382 4358 Hoc
3408 4320 3540 4374 ergo

2046 4408 2066 4441 ι
2108 4405 2206 4442 nos
2232 4404 2450 4458 quoque
2495 4389 2877 4445 continuantes
2927 4391 2994 4445 de
3039 4393 3264 4460 reliquis
3295 4411 3536 4464 quoque.

2047 4504 2064 4534 ι
2113 4481 2202 4553 qui
2241 4489 2367 4536 sunt
2402 4481 2455 4533 in
2493 4482 2814 4535 clericorum
2857 4483 3124 4553 catalogo,
3160 4486 3528 4552 decernimus;

2055 4593 2072 4624 ι
2114 4573 2255 4641 quod
2288 4572 2334 4626 si
2366 4571 2490 4639 quis
2519 4586 2708 4626 eorum
2740 4574 3018 4627 saecularia
3054 4575 3226 4628 ollicia
3262 4587 3531 4644 assumat,

2052 4685 2069 4716 ι
2110 4667 2192 4719 vel
2223 4681 2342 4734 qum
2373 4665 2429 4717 in
2463 4664 2880 4730 magistratuum
2904 4666 3108 4721 aedibus
3136 4672 3218 4721 vel
3250 4670 3535 4725 suburbiis

2054 4774 2074 4807 ι
2109 4756 2422 4808 curationes
2472 4754 2832 4822 appellantur,
2884 4757 3164 4827 suscipiat,
3221 4761 3267 4815 is
3314 4775 3380 4814 ex
3432 4775 3537 4814 suo

2052 4865 2069 4898 ι
2118 4847 2262 4900 clero
2299 4846 2615 4916 expellatur.
2660 4845 2827 4901 Nemo
2876 4853 3017 4902 enim
3075 4861 3270 4920 potest,
3325 4861 3381 4905 ut
3441 4860 3530 4906 est

2053 4957 2074 4989 ι
2107 4938 2312 4992 Christi
2358 4937 2470 4992 veri
2526 4937 2615 4992 Dei
2667 4939 2838 4993 nostri
2872 4955 2975 4995 vox-
3026 4943 3094 4996 ab
3130 4944 3246 5012 ipso
3278 4942 3489 5013 prolata
3513 4977 3539 5005 τ

1526 5075 1708 5136 Guill.
1759 5078 2080 5156 Beveregii
2122 5084 2310 5138 notua.

383 5202 504 5277 (54)-
525 5200 671 5264 Τοὺς
695 5199 1186 5277 πρεσϐυτέρουςῇ
1215 5200 1658 5277 ὃιιψάνουᾳώιιῖχ
1694 5201 1856 5277 hujus

314 5269 541 5331 canonis
569 5273 903 5339 praescripto,
940 5269 1166 5339 Michael
1200 5274 1508 5339 patriarcha
1542 5269 1857 5326 Constanti-

312 5345 679 5415 nopolitanus,
711 5338 993 5415 quietiam
1025 5342 1052 5392 ό
1083 5338 1176 5392 τοῦ
1207 5338 1500 5415 Ἀγχιάλου
1535 5344 1626 5394 καὶ
1655 5341 1858 5405 ὕπατος

308 5410 418 5470 τῶν
447 5412 750 5481 φιλοσόφων
783 5410 961 5464 dictus
991 5417 1094 5471 est,
1117 5414 1546 5481 nequelectores
1573 5415 1856 5465 srecularia

313 5479 596 5552 suscipere
631 5481 803 5535 cilicia
840 5481 1114 5552 praecepit.
1138 5551 1141 5552 ν
1165 5479 1228 5532 Ἦ
1252 5480 1479 5550 δύναμις
1506 5481 1861 5552 τούνσημειώς

315 5549 604 5624 ματοςντοῦ
631 5549 1091 5624 -κυρίουΜι-χαήλ
1130 5551 1277 5624 ἐστιν
1334 5549 1528 5624 οὕτως,
1564 5549 1708 5624 Μηνὶ
1739 5552 1861 5624 ’_'_la-

312 5619 547 5693 νουαρίῳ
574 5622 662 5689 ιγ’,
691 5619 876 5692 ἡμέρᾳ
913 5619 976 5685 δ’,
1004 5619 1378 5693 ἐπινεμήσεως
1405 5620 1468 5693 δ’,
1497 5621 1592 5673 καὶ
1632 5619 1854 5690 ἐφεξῆς,

313 5690 653 5746 διατάττεται
677 5690 773 5744 καὶ
799 5695 923 5754 τοὺς
954 5690 1304 5756 ἀναγνώστας
1333 5691 1526 5760 ἐπίσης
1547 5693 1659 5752 τοῖς
1679 5693 1860 5743 διακό-

317 5779 426 5827 νοις
457 5766 552 5818 καὶ
583 5766 693 5827 τοῖς
728 5761 930 5832 ἱερεῦσι
957 5760 1030 5832 μὴ
1051 5761 1403 5830 ἀναδέχεσθαι
1431 5763 1668 5831 κοσμικα
1701 5761 1862 5830 6:9qu-

1959 5220 2070 5267 κια,
2093 5203 2125 5272 ἦ
2173 5201 2552 5273 πρακτορικὰς
2586 5202 2867 5271 ἐνεργείας
2889 5243 2903 5264 ,
2929 5203 2961 5273 ἢ
2993 5203 3417 5273 κουρατωρείας.
3441 5205 3534 5259 διὰ

1958 5273 2051 5326 τὸν
2107 5271 2174 5324 ια’
2206 5271 2416 5324 κανόνα
2485 5271 2584 5339 τῆς
2617 5274 2676 5324 ἐν
2719 5271 3282 5326 Κωνσταντινουπόλει
3334 5281 3382 5327 α’
3433 5277 3532 5328 καὶ

1963 5342 2016 5412 β(
2054 5342 2296 5412 συνόδου.
2343 5340 2429 5394 Vis
2471 5343 2626 5395 edicti
2678 5342 2899 5412 Domini
2934 5341 3201 5400 Michaelis
3249 5344 3359 5397 [uec
3395 5355 3474 5398 est
3505 5361 3528 5398 :

1962 5409 2142 5465 Mense
2195 5409 2476 5470 Januario.
2510 5412 2594 5465 die
2642 5411 2728 5471 15,
2778 5411 2912 5479 feria
2967 5413 3020 5473 4,
3068 5413 3350 5467 indictione
3388 5416 3442 5478 4,
3475 5428 3526 5469 et

1962 5483 2224 5548 deinceps,
2266 5483 2558 5542 constituit,
2603 5497 2666 5533 ne
2697 5481 2919 5535 lectores
2953 5498 3099 5551 teque
3135 5497 3195 5536 ac
3225 5485 3436 5538 diaconi
3477 5496 3528 5538 et

1961 5556 2258 5606 sacerdotes
2297 5552 2579 5606 sa'cularia
2639 5553 2805 5620 ofﬁcia
2840 5555 3128 5617 suscipiant
3151 5593 3166 5618 ,
3204 5553 3280 5606 rel
3309 5567 3530 5610 exacto-

1966 5640 2078 5675 rum
2115 5638 2350 5681 munera.
2378 5623 2455 5675 vel
2484 5623 2814 5686 curatiOnes,
2865 5634 3076 5691 propter
3154 5639 3402 5678 rationem
3457 5626 3518 5680 if

1966 5697 2148 5761 prima:
2169 5703 2215 5746 et
2245 5692 2486 5746 secunda:
2529 5693 2714 5761 synodi
2740 5691 3363 5762 Constantinopolitanae.
3395 5695 3523 5750 Jur.

1971 5763 2136 5816 erc.
2181 5762 2327 5817 Rom.
2368 5765 2402 5815 l.
2433 5777 2517 5825 ιιι,
2551 5779 2602 5832 p.
2632 5762 2757 5817 223'.
2798 5778 2830 5818 ἢ
