4074 6214
529 290 668 358 1059

1753 286 1855 344 ΤΗ
1865 284 2029 345 ΕΟῐ).
2077 284 2168 341 BA
2179 284 2475 344 LSAMON

3598 284 3732 347 1061)

602 426 620 457 ι
659 418 832 473 eaque
878 402 1036 468 longe
1080 398 1360 453 verissima
1390 436 1406 461 ,
1435 395 1651 451 duobus
1689 395 1928 450 dominis
1964 409 2083 448 ser-

2220 404 2233 416 '
2263 413 2281 445 ι
2320 395 2455 448 Θεοῦ
2503 395 2661 465 ἡμῶν
2714 393 2968 457 ἀληθινοῦ
3026 395 3347 448 αύτόλεκτον
3396 396 3488 448 καὶ
3525 394 3749 464 ἀψευδε-

601 517 619 549 ι
659 512 792 550 Vll'e.
835 514 855 546 ι

596 588 788 643 BALS.
818 588 1063 640 Prarseus
1088 599 1262 638 canon
1292 584 1577 654 przedietos
1597 596 1856 644 canones,
1883 580 1975 649 qui
2003 595 2091 633 ca-

532 692 660 738 vent
692 696 756 734 ne
795 677 1108 732 sacerdotes
1136 675 1552 744 magistratuum
1588 684 1811 726 munera
1836 672 2089 730 subeant,

523 775 876 832 eonlirmans,
913 768 1123 837 adjicit.
1160 778 1217 821 ut
1261 783 1367 820 non
1410 766 1585 820 solum
1619 764 1712 834 qui
1746 772 1874 818 sunt
1907 759 2083 815 sancti

522 862 833 922 tribunalis.
857 861 949 914 sed
986 860 1151 913 etiam
1188 856 1373 911 clerici
1420 856 1510 923 qui
1552 863 1704 908 extra
1734 861 1880 916 Sunt,
1910 853 1953 904 si
1985 852 2093 903 tale

521 957 651 1025 quid
693 955 915 1016 faciant,
948 969 979 1007 e
1021 953 1169 1004 clero
1204 950 1571 1018 expellantur.
1605 946 1873 1013 Quoniam
1907 953 2089 997 autem

524 1051 574 1102 in
647 1063 852 1103 canone
905 1047 1201 1114 apostolico
1229 1045 1260 1097 6
1293 1053 1343 1095 et
1371 1044 1423 1094 in
1457 1041 1516 1093 81
1573 1051 1626 1092 et
1680 1040 1732 1090 in
1766 1037 1885 1091 aliis
1923 1050 2090 1089 eano-

524 1142 704 1204 nibus,
750 1139 882 1208 quin
915 1138 1078 1190 etiam
1103 1138 1154 1189 in
1183 1151 1302 1205 cap.
1336 1134 1402 1187 1⁸5
1427 1138 1513 1186 tit.
1540 1131 1570 1186 8
1604 1131 1883 1200 praesentis
1909 1128 2091 1193 operis

522 1233 657 1286 satis
688 1235 752 1285 de
788 1247 852 1285 eo
881 1231 1228 1298 scripsimus,
1282 1228 1395 1294 lege
1434 1242 1497 1279 ea
1526 1265 1540 1287 ,
1590 1234 1646 1277 et
1705 1220 1978 1276 sullicient
2025 1220 2093 1273 ad

522 1327 1043 1398 interpretationem.

594 1588 843 1644 ZONAB.
883 1588 1086 1657 Magnae
1128 1586 1532 1642 venerabilibns
1575 1586 1839 1656 apostolis
1878 1601 1943 1640 ac
1995 1601 2088 1656 sy-

524 1685 732 1737 nodicis
761 1682 1013 1735 Patribus
1049 1695 1194 1735 cura:
1232 1682 1351 1743 fuit,
1386 1688 1442 1732 nt
1475 1680 1869 1734 sacris‘initiati
1910 1696 1937 1733 a
1967 1696 2091 1750 pro-

526 1774 663 1827 fanis
690 1772 1117 1841 magistratibus,
1144 1779 1305 1839 atque
1336 1770 1401 1823 ab
1426 1770 1568 1825 omni
1610 1770 1947 1838 negotiorum
1979 1783 2089 1824 tra—

523 1869 779 1927 ctatione,
816 1866 1028 1930 penitus
1057 1864 1436 1925 abstinerent,
1477 1862 1737 1929 multique
1767 1862 1867 1915 hac
1915 1864 1981 1915 de
2032 1878 2088 1916 re

522 1972 763 2011 canones
798 1958 927 2010 editi
968 1965 1127 2017 sunt;
1177 1970 1313 2024 quos
1347 1954 1564 2022 quidem
1600 1956 1702 2007 hoc
1750 1955 1868 2008 loco
1900 1956 2089 2009 Patres

523 2049 684 2117 hujus
727 2049 955 2103 canonis
992 2050 1210 2102 decreto
1246 2047 1591 2111 conﬁrmant,
1637 2064 1700 2101 ac
1758 2048 1959 2119 aliquid
2001 2050 2079 2103 in-

520 2158 685 2211 super
718 2141 784 2194 ad
833 2157 897 2196 ea
920 2183 934 2206 ,
981 2158 1101 2210 qnze
1148 2142 1216 2193 ab
1254 2141 1356 2193 illis
1387 2149 1544 2193 antea
1577 2140 1796 2193 delinita
1832 2141 2085 2206 fuerant,

521 2236 838 2304 adjungnnt.
868 2234 1141 2303 Siquidem
1197 2232 1272 2286 illi
1321 2248 1558 2286 canones
1591 2234 1659 2286 de
1712 2235 2086 2289 sacerdotibus

519 2339 572 2379 et
603 2326 845 2379 diaronis
880 2327 1309 2392 promulgavere,
1363 2340 1596 2393 quorum
1653 2327 1868 2380 decreto
1918 2329 2086 2391 magi-

520 2430 727 2473 stratus
761 2426 813 2470 et
840 2418 1065 2485 profana
1125 2419 1336 2485 negotia
1392 2416 1668 2483 suscipere
1719 2426 2029 2471 veterentur
2067 2436 2082 2473 :

522 2511 572 2563 1ιὶ
604 2524 732 2562 vero
760 2508 887 2561 nulli
926 2508 1150 2561 omnino
1185 2508 1384 2561 clerico
1419 2508 1672 2574 profanos
1714 2509 2082 2577 magistratus,

522 2609 610 2652 aut
642 2616 761 2668 quae
796 2599 846 2651 in
887 2599 1301 2666 magistratuum
1337 2597 1590 2649 domibus
1619 2605 1711 2649 aut
1741 2598 1883 2666 agris
1925 2614 2082 2652 cura-

520 2694 695 2745 tiones
745 2692 1178 2759 appellabantur,
1235 2689 1563 2757 suscipiendi
1620 2689 1927 2743 facultatem
1964 2708 2083 2747 esse

519 2784 843 2835 decernunt.
873 2782 973 2846 Qui
1013 2794 1139 2831 vero
1170 2779 1363 2832 canoni
1401 2794 1509 2831 non
1546 2780 2039 2847 obtemperaverint
2064 2819 2081 2846 ,

520 2889 615 2927 eos
644 2875 787 2926 clero
818 2874 1018 2925 moveri
1056 2872 1267 2939 jnbent.
1308 2868 1477 2922 Nemo
1516 2871 1713 2923 ctenim
1745 2880 1961 2939 potest,
1996 2872 2081 2924 in-

522 2964 736 3031 quiunt,
793 2963 1003 3015 duobus
1059 2962 1293 3014 dominis
1342 2960 1567 3023 servire,
1627 2961 2078 3029 quemadmodum

526 3055 694 3122 ipsius
731 3052 940 3104 Domini
978 3067 1107 3104 voce
1141 3060 1391 3103 testatum
1428 3057 1532 3102 est.

520 3144 748 3197 ARlST.
780 3161 797 3194 ι
840 3143 895 3195 Si
942 3142 1064 3211 quis
1096 3158 1313 3219 eorum,
1371 3143 1461 3209 qni
1494 3142 1543 3193 in
1589 3141 1789 3195 clerum
1834 3155 2092 3212 cooptan.

601 3255 619 3286 ι
660 3248 765 3299 tur,
791 3236 1074 3288 smculares
1107 3235 1454 3303 magistratus
1477 3234 1773 3302 susceperit
1796 3237 1873 3287 vel
1896 3253 2015 3305 quae
2037 3238 2090 3293 in

594 3349 612 3380 ι
656 3330 861 3383 αξιιὼιιε
901 3337 993 3381 aut
1022 3328 1295 3380 suburbiis
1326 3326 1455 3379 liunt
1479 3330 1807 3390 curationes,
1830 3329 1975 3383 clero
2001 3347 2091 3385 ex-

595 3440 615 3474 (
659 3404 907 3490 pellatur.
946 3419 1114 3473 Nemo
1145 3420 1287 3471 enim
1318 3417 1425 3472 Deo
1447 3425 1494 3469 trt
1536 3432 1859 3471 mammona:
1888 3423 2091 3476 servire

603 3533 620 3563 ι
661 3523 860 3583 potest.
902 3530 917 3562 ι

1105 3619 1329 3675 ΟΑΝΟΝ
1388 3619 1502 3675 XII.

531 3735 551 3771 ι
589 3718 720 3771 Cum
757 3723 945 3769 sancta
981 3723 1034 3768 et
1068 3713 1395 3767 universalis
1427 3726 1580 3768 sexta
1640 3716 1902 3784 synodus.
1931 3715 2091 3769 cleri-

606 3827 624 3859 ς
667 3822 783 3870 eos,
822 3806 913 3875 qui
950 3807 1000 3858 in
1034 3805 1313 3868 oratoriis,
1341 3820 1459 3871 qua:
1498 3814 1628 3858 sunt
1662 3806 1807 3857 intra
1845 3807 2084 3871 domum,

600 3919 621 3953 ε
663 3908 855 3967 praeter
885 3898 1124 3968 episcopi
1176 3898 1514 3950 voluntatem
1564 3898 1840 3951 celebrant
1872 3900 1954 3952 vel
2002 3898 2092 3953 ba-

606 4012 624 4043 ι
662 3992 888 4062 ptizant,
911 3990 1231 4059 depositioni
1256 3990 1542 4059 subjiciat;
1573 4006 1674 4045 nos
1705 4005 1921 4060 quoque
1948 3991 2088 4046 idem

603 4104 621 4136 ι
662 4084 1027 4138 decernimus.
1081 4080 1213 4134 Cum
1246 4081 1387 4135 enim
1426 4092 1615 4135 sancta
1647 4081 1889 4138 Ecclesia
1945 4091 2091 4138 recte

603 4194 622 4227 ι
665 4176 973 4243 dispertiat,
1046 4190 1343 4243 veramque
1400 4176 1666 4229 rationem
1712 4175 1985 4240 defendat,
2036 4184 2090 4227 et

606 4288 625 4320 ι
664 4268 1022 4323 venerabilem
1065 4282 1129 4319 ac
1180 4267 1463 4319 honestam
1520 4267 1673 4320 bona:
1730 4268 2089 4323 institutionis

605 4381 624 4413 ι
664 4362 891 4415 formam
932 4361 1125 4413 doceat
1150 4370 1204 4412 et
1238 4370 1549 4425 conservet,
1587 4360 1978 4414 inconeinnum
2005 4370 2087 4415 est

606 4471 624 4503 ι
667 4462 720 4506 et
760 4452 1029 4519 ineptum,
1071 4459 1131 4503 ut
1166 4453 1254 4517 qui
1285 4450 1338 4503 in
1373 4450 1665 4519 petulantia
1706 4460 1759 4503 et
1798 4450 2085 4504 insolentia

606 4565 624 4594 ι
667 4560 730 4597 ac
788 4545 841 4596 in
892 4542 1255 4595 inobedientia
1310 4543 1473 4595 vitam
1529 4551 1716 4610 agunt,
1746 4542 1937 4597 domos
1968 4543 2092 4597 sub-

605 4652 623 4683 ι
667 4644 873 4695 euntes,
933 4633 1131 4686 bonum
1202 4632 1321 4699 ejus
1377 4633 1619 4685 ordinem
1673 4633 1996 4698 convellant,
2038 4642 2090 4687 ct

604 4745 622 4776 ι
660 4725 825 4778 multa
859 4725 1261 4793 perturbatione
1301 4734 1354 4778 et
1384 4725 1777 4781 olfcnsionibus
1805 4727 2083 4797 impleant.

605 4837 623 4868 ι
666 4816 731 4869 Et
767 4816 886 4869 ideo
919 4829 1073 4868 sacra
1122 4830 1264 4867 nime
1298 4825 1350 4867 et
1381 4814 1642 4867 divinitus
1690 4825 1878 4867 coacta
1926 4829 2090 4885 syno-

606 4929 623 4961 ι
664 4910 788 4969 dus,
821 4907 1109 4961 universali
1136 4917 1304 4959 sextze
1335 4906 1541 4976 synodo
1565 4907 1935 4971 consentiens,
1964 4921 2056 4960 eos
2075 4946 2089 4970 ,

604 5022 621 5054 ι
665 5004 756 5072 qui
801 5003 854 5055 in
887 4998 1145 5054 oratoriis
1172 5042 1185 5063 ,
1224 5014 1343 5067 quae
1378 5007 1505 5051 sunt
1539 4998 1679 5050 intra
1712 4999 1922 5062 domos,
1953 4999 2093 5053 cele.

605 5119 622 5146 ι
660 5100 838 5157 brant,
874 5097 1019 5150 clero
1062 5101 1274 5148 amotos
1321 5107 1443 5146 esse
1482 5092 1711 5158 statuit;
1750 5107 1778 5144 a
1834 5093 1976 5145 clero
2008 5093 2090 5145 vi-

606 5207 623 5238 ι
666 5188 861 5242 delicet
891 5189 1167 5239 amotione
1195 5186 1278 5237 eis
1306 5183 1373 5236 ab
1405 5183 1527 5251 ejus
1562 5183 1665 5237 loci
1701 5182 1939 5251 episcopi
1974 5182 2092 5235 edi-

605 5299 622 5331 ι
668 5290 777 5334 eta.
817 5278 874 5333 Si
911 5280 1003 5348 qui
1055 5288 1231 5330 autem
1276 5285 1468 5353 praeter
1506 5290 1620 5336 eos,
1682 5291 1791 5328 non
1842 5290 2094 5329 consen-

609 5391 625 5422 l
672 5375 839 5426 tiente
879 5372 1135 5440 episcopo
1162 5412 1175 5431 ,
1208 5368 1369 5438 352
1400 5369 1452 5421 in
1482 5367 1674 5421 domos
1703 5367 1972 5421 irruentes
2005 5382 2093 5421 ce-

605 5484 623 5512 ι
666 5459 978 5515 lebratioais
1033 5459 1389 5514 ministerium
1449 5460 1715 5527 attingere
1755 5457 2022 5520 audeant;
2057 5456 2092 5510 ii

603 5567 621 5599 ι
661 5550 880 5619 quidem
916 5550 1258 5619 deponantur
1291 5566 1306 5603 :
1334 5549 1423 5620 qui
1463 5564 1591 5604 vero
1619 5563 1808 5604 eorum
1849 5562 2094 5601 cominu-

604 5658 623 5689 ο
664 5644 841 5695 nionis
869 5652 995 5697 sunt
1046 5643 1355 5712 participes,
1380 5640 1745 5712 segregationi
1799 5637 2064 5708 subjician

609 5751 628 5782 ι
676 5744 777 5785 tttr.
818 5750 836 5782 ι

2270 507 2287 540 ι
2330 488 2527 558 στάτην
2556 488 2759 557 φωνὴν,
2784 489 2904 540 δυσὶ
2938 487 3146 557 κυρίοις
3174 485 3468 541 δουλεύειν.
3508 504 3529 540 ι

2268 579 2461 631 ΒΑΛΣ.
2529 580 2588 630 '0
2648 578 2840 648 παρὼν
2900 576 3113 639 κανὼν,
3182 577 3561 646 ἐπικρατύνων
3628 580 3759 643 τοῦς

2194 669 2724 740 προεκφωνηθέντας
2768 670 2999 732 κανόνας
3045 669 3204 738 χάριν
3256 669 3348 723 τοῦ
3380 670 3457 739 μὴ
3514 671 3762 741 ἐνεργεῖν

2192 762 2319 824 τοὺς
2377 761 2704 831 ἱερωμένους
2752 765 3043 830 κοσμικαῖς
3089 762 3376 824 δουλείαις,
3433 763 3764 834 προστίθησι

2196 849 2270 919 μὴ
2310 850 2471 918 μόνον
2505 851 2629 912 τοὺς
2655 849 2807 913 ὲντὸς
2838 849 2932 902 τοῦ
2968 851 3123 917 ἀγίου
3165 850 3432 920 βήματος,
3493 852 3629 905 ἀλλά
3664 858 3763 907 καὶ

2190 942 2317 1004 τοὺς
2362 943 2516 1009 ἐκτὸς
2566 941 2732 995 αὐτοῦ
2779 941 3075 1011 κληρικοὺς
3117 943 3359 996 τοιοῦτόν
3391 962 3443 997 τι
3472 942 3763 1007 ποιοῦντας

2192 1037 2257 1089 ἐκ
2284 1035 2377 1088 τοῦ
2411 1035 2611 1106 κλήρου
2632 1034 2941 1089 διώκεσθαι.
2980 1035 3136 1088 Ἐπεὶ
3155 1034 3210 1086 δὲ
3233 1037 3290 1087 ὲν
3319 1033 3396 1103 τῷ
3423 1039 3477 1098 ς’
3521 1037 3761 1087 ἀποστοο

2191 1128 2327 1197 λικῷ
2358 1129 2544 1194 κανόνι
2576 1129 2669 1182 καὶ
2704 1130 2759 1180 ἐν
2791 1127 2870 1198 τῷ
2924 1134 3013 1181 πα⁰
3049 1128 3143 1180 καὶ
3191 1129 3250 1179 ὲν
3274 1127 3482 1196 ἑτέροις
3512 1127 3762 1187 κανόσιν,

2191 1220 2325 1272 ἀλλά
2359 1221 2463 1289 μὴν
2497 1222 2590 1272 καὶ
2638 1222 2695 1273 ὲν
2726 1218 2801 1289 τῷ
2839 1218 2906 1289 ιγ’
2958 1238 3084 1287 κεφ.
3144 1220 3237 1274 τοῦ
3310 1228 3358 1291 η’
3435 1222 3620 1276 τίτλου
3664 1224 3763 1275 τοῦ

2191 1311 2458 1379 παρόντος
2495 1314 2874 1380 συντάγματος
2923 1314 3124 1373 ἱκανῶς
3177 1314 3304 1381 περὶ
3346 1312 3538 1364 τούτου
3596 1314 3764 1383 ἐγρα-

2189 1400 2395 1470 φαμεν,
2424 1402 2708 1469 ἀνάγνωθι
2744 1402 2939 1460 ταῦτα.
2973 1405 3066 1454 καὶ
3113 1405 3441 1466 ἀρκέσουσιν
3472 1404 3551 1465 είς
3585 1405 3766 1473 ἑρμη-

2191 1492 2358 1545 νείαν.
3580 1556 3591 1571 κ

2261 1581 2505 1636 ΖΩΝΑΡ.
2561 1583 2766 1654 Πολλὴν
2816 1585 2997 1637 ἔθεντο
3054 1585 3288 1655 σπουδὴν
3331 1591 3424 1639 καὶ
3474 1589 3524 1639 ot
3572 1593 3761 1641 σεπτοὶ

2190 1675 2477 1729 ἀπόστολοι
2508 1677 2601 1728 κα)⁸
2652 1679 2703 1729 οἱ
2753 1677 2862 1731 τῶν
2892 1677 3123 1730 συνόδων
3157 1678 3398 1747 Πατέρες
3439 1680 3564 1742 τοὺς
3601 1682 3762 1748 ἱερωο

2194 1767 2387 1836 μένους
2442 1767 2715 1835 κοσμικὰς
2769 1769 3014 1838 ἀρχάςῆ
3068 1769 3364 1839 διοικήσεις
3415 1771 3757 1839 πραγμάτων

2193 1856 2267 1926 μὴ
2302 1857 2675 1926 ἀναδέχεσθαι.
2702 1860 2809 1911 Καὶ
2842 1860 3086 1929 διάφοροι
3131 1862 3353 1923 κανόνες
3392 1864 3518 1931 περὶ
3562 1861 3753 1914 τούτου

2188 1947 2627 2018 ὲξειρωνήθησαν.
2662 1950 2754 2019 οὓς
2779 1952 2829 2002 οἱ
2861 1953 3101 2021 Πατέρες
3140 1948 3285 2007 οῦτοι
3310 1954 3394 2006 διὰ
3418 1953 3506 2005 τοῦ
3542 1957 3748 2022 παρόν-

2186 2059 2277 2105 τος
2339 2045 2561 2111 κανόνος
2618 2045 3065 2115 ἐπικρατύνουσι,
3128 2036 3505 2114 προστιθέντες
3549 2049 3645 2101 καί
3692 2067 3751 2101 τι

2187 2136 2350 2187 πλέον
2388 2136 2538 2205 παρὰ
2571 2137 2637 2188 τά
2687 2138 2915 2198 ἐκείνοις
2967 2139 3321 2206 διωρισμένα.
3382 2140 3442 2191 Οἱ
3492 2140 3588 2207 μὶν
3643 2142 3758 2210 γὰρ

2188 2227 2315 2293 περὶ
2361 2224 2549 2296 ἱερέων
2597 2226 2693 2279 καὶ
2729 2226 2990 2279 διακόνων
3038 2228 3167 2289 τοὺς
3223 2229 3453 2290 κανόνας
3488 2229 3761 2294 ἐξέθεντο,

2187 2323 2493 2386 κωλύοντας
2520 2324 2714 2386 αὐτοὺς
2735 2323 2908 2395 ἀρχὰς
2936 2323 3030 2376 καὶ
3057 2327 3344 2394 φροντίδας
3398 2326 3760 2396 ἀναδέχεσθαι

2187 2416 2480 2484 κοσμικὰς
2511 2410 2656 2468 οῦτοι
2691 2417 2745 2483 δὲ
2795 2422 2971 2469 πάντα
2996 2418 3257 2487 κληρικδν
3303 2420 3639 2491 διορίζονται
3682 2422 3755 2491 μὴ

2189 2506 2671 2577 μεταχειρίζεσθαι
2699 2508 2968 2576 κοσμικὰς
3015 2508 3280 2581 ἀρχὰς,ἢ
3323 2510 3423 2573 τὰς
3479 2513 3539 2563 ἐν
3595 2512 3747 2572 οἴκοις

2185 2601 2524 2668 ἀρχοντεκοῖς
2573 2599 2666 2651 καὶ
2723 2601 2909 2668 ἀγροῖς
2936 2601 3277 2670 καλουμένας
3323 2607 3746 2675 κουρατωρείας.

2187 2692 2323 2753 Τοὺς
2350 2690 2405 2743 δὲ
2448 2690 2537 2742 τὸν
2574 2692 2771 2743 κανόνα
2808 2692 3243 2761 παραϐαίνοντας
3274 2695 3638 2763 ἐκδιώκεσθαι
3662 2698 3748 2750 τοῦ

2187 2782 2388 2861 κλήρου
2423 2782 2753 2835 κελεύουσιν.
2798 2783 2985 2846 Οὐδεὶς
3013 2785 3121 2851 γὰρ
3150 2784 3393 2852 δύναται,
3452 2791 3611 2855 φασὶ,
3638 2790 3758 2842 δυσὶ

2185 2873 2393 2943 κυρίοις
2415 2874 2705 2937 δουλεύειν,
2738 2874 2878 2926 κατά
2901 2874 2997 2944 τὴν
3023 2874 3152 2945 παρ’
3172 2877 3335 2929 αὑτοῦ
3356 2877 3636 2949 λεχθεῖσαν
3656 2880 3752 2933 τοῦ

2185 2964 2388 3034 Κυρίου
2423 2968 2630 3036 φωνήν.

2194 3144 2411 3200 ΛΡῙΣΤ.
2471 3166 2489 3198 ι
2529 3148 2595 3200 Εἰ
2626 3167 2708 3212 τις
2735 3152 2841 3205 τῶν
2870 3154 2926 3205 ἐν
2954 3153 3140 3225 κλήρῳ
3174 3156 3610 3228 κατειλεγμένων
3659 3181 3759 3216 κο-

2271 3256 2289 3288 (
2330 3242 2527 3308 σμικάς
2592 3242 2766 3311 ἀρχὰς
2832 3248 3283 3319 μεταχειρίζοιτο,
3339 3254 3369 3320 ἧ
3416 3255 3513 3315 τὰς
3542 3256 3600 3306 ὲν
3645 3260 3757 3319 τοῖς

2270 3349 2288 3381 ι
2327 3332 2494 3395 οἴκοις
2544 3333 2575 3403 ἢ
2624 3338 2967 3404 προαστείοις
3022 3346 3447 3413 κουρατωρείας,
3500 3349 3757 3400 ἐκδιωκέο

2266 3442 2282 3472 ι
2326 3424 2434 3476 σθω
2467 3426 2559 3478 τοῦ
2598 3428 2800 3496 κλήρου
2825 3446 2838 3458 ·
2859 3432 2920 3482 ού
2952 3432 3062 3502 γὰρ
3084 3436 3306 3489 δύναται
3334 3439 3451 3504 θεῷ
3483 3439 3756 3495 δουλεύειν

2265 3534 2282 3565 ι
2324 3518 2416 3568 καὶ
2444 3522 2741 3590 μαμμωνᾷ.
2789 3543 2807 3573 ι

2792 3616 3030 3669 ΚΑΝΩΝ
3054 3619 3156 3672 lB'.

2198 3717 2214 3749 ι
2258 3702 2368 3770 Τῆς
2396 3703 2557 3771 ἁγίας
2588 3706 2681 3757 καὶ
2706 3708 3093 3779 οίκουμενικῆς
3139 3712 3310 3783 ἕκτης
3358 3719 3581 3773 συνόδου
3630 3723 3752 3785 τοὺς

2265 3814 2283 3845 ι
2328 3798 2523 3859 ἐντοῖς
2575 3798 2882 3868 εὐκτηρίοις
2934 3801 3122 3865 οἴκοις,
3180 3803 3328 3858 ἔνδον
3390 3810 3568 3872 οίκίας
3613 3808 3747 3874 οὖσι,

2264 3906 2282 3936 ι
2322 3886 2769 3957 λειτουργοῦντας
2803 3889 2834 3957 ἢ
2868 3890 3229 3959 βαπτίζοντας
3277 3898 3572 3969 κληρικοῦς
3604 3907 3749 3975 παρά

2263 3996 2279 4027 ι
2319 3978 2543 4050 γνώμην
2581 3980 2674 4032 τοῦ
2705 3981 3006 4036 ἐπισκόπου
3051 3985 3365 4056 καθαιρέσει
3403 3993 3749 4048 καθυποὸαλ-

2265 4089 2283 4121 ι
2328 4069 2543 4142 λούσης,
2577 4072 2669 4123 καὶ
2709 4073 2868 4141 ἡμεῖς
2895 4075 3068 4144 τούτῳ
3123 4080 3604 4151 συμῲηιριζόμεθα.
3641 4085 3747 4154 Τῆς

2262 4180 2281 4213 ι
2322 4165 2428 4232 γὰρ
2453 4162 2613 4230 ἁγίας
2658 4164 2981 4236 Ἑκκλησίας
3037 4168 3459 4244 όρθοτομούσης,
3516 4179 3613 4231 καὶ
3664 4180 3750 4232 τὸν

2265 4272 2282 4304 ι
2327 4254 2499 4323 ἀληθῆ
2541 4254 2953 4325 πρεσϐευούσης
2991 4258 3169 4327 λόγον,
3199 4263 3382 4315 καὶτὸ
3414 4268 3613 4335 σεμνὸν
3655 4272 3748 4339 τῆς

2271 4365 2286 4397 ι
2326 4346 2600 4407 πολιτείας
2650 4349 3017 4420 συντηρούσης
3076 4370 3134 4403 τε
3177 4357 3269 4406 καὶ
3315 4356 3747 4433 ὲνδιδασκούσης,

2267 4455 2285 4487 ι
2324 4437 2535 4505 ἀπηχὲς
2572 4438 2666 4489 καὶ
2688 4438 2902 4491 ἀνόσιον
2944 4449 3291 4511 παραχωρεῖν
3322 4448 3449 4511 τοῦς
3488 4450 3753 4504 ἀπαιδευ-

2265 4545 2281 4575 ι
2326 4526 2414 4597 σία
2449 4529 2542 4579 καὶ
2579 4529 2812 4600 ἀναρχία
2844 4532 3142 4599 συζῶντας,
3178 4538 3255 4599 εἰς
3286 4538 3384 4600 τὰς
3411 4541 3591 4605 οἰκίας
3618 4544 3751 4595 ύπο-

2266 4637 2283 4668 ι
2322 4618 2638 4688 δυομένους,
2674 4620 2770 4690 τὴν
2803 4622 3005 4692 ταύτης
3041 4625 3294 4690 εὐταξίαν
3355 4628 3614 4703 διασπᾷν,
3660 4637 3753 4687 καὶ

2268 4730 2285 4759 ι
2324 4710 2523 4779 πολλῆς
2558 4711 2801 4780 ταραχῆς
2870 4714 2966 4766 καὶ
3010 4718 3320 4772 σκανδάλων
3375 4724 3754 4794 ἀποπληροῦν.

2270 4818 2286 4850 ι
2323 4802 2576 4871 Διόπερή
2616 4800 2709 4852 νῦν
2760 4803 2879 4871 ιερὰ
2928 4807 3024 4857 καὶ
3058 4807 3480 4881 θεοσυνέργητος
3508 4814 3752 4881 σύνοδος,

2270 4909 2286 4940 ι
2327 4892 2391 4958 τῇ
2432 4890 2781 4959 οἱκουμενικῇ
2807 4890 2940 4962 ἕκτῃ
2976 4896 3177 4965 συνόδῳ
3198 4900 3589 4969 συμφωνοῦσα,
3611 4905 3753 4958 ἀπο-

2272 5001 2290 5031 ι
2330 4981 2783 5050 κεκληρωμένους
2843 4979 2984 5036 εἶναι
3035 4989 3163 5050 τοὺς
3202 4990 3259 5041 ὲν
3292 4994 3401 5054 τοῖς
3441 4995 3757 5063 εύκτηρίοις

2271 5092 2288 5124 ι
2327 5072 2495 5134 οἴκοις
2532 5072 2682 5124 ἔνδον
2713 5074 2890 5137 οἰκίας
2920 5072 3039 5128 οὖσι
3092 5077 3536 5150 λειτουργοῦντας
3567 5086 3752 5157 διωρί-

2270 5186 2287 5217 ι
2330 5180 2481 5228 σατο,
2536 5164 2635 5239 τῆς
2673 5165 3113 5235 ἁποκληρώσεως
3160 5170 3402 5241 δηλονότι
3457 5177 3609 5247 παρά
3664 5179 3745 5231 τοῦ

2269 5275 2287 5308 ι
2332 5258 2473 5308 κατὰ
2515 5255 2605 5307 τὸν
2631 5259 2799 5310 τόπον
2838 5260 3137 5314 ἐπισκόπου
3172 5265 3351 5328 αὐτοῖς
3395 5269 3736 5339 ὲπινεμηθείο

2272 5370 2290 5401 ι
2333 5358 2462 5419 om:
2498 5349 2558 5400 Εἰ
2600 5349 2656 5402 δέ
2692 5366 2837 5415 τινες
2864 5353 3016 5422 παρά
3054 5356 3293 5421 τούτους,
3326 5358 3419 5410 τοῦ
3455 5363 3735 5415 ἐπισκόπου

2270 5460 2287 5493 ι
2331 5441 2405 5511 μὴ
2452 5441 2817 5507 εὐδοκοῦντος,
2854 5444 2935 5507 είς
2997 5446 3093 5508 τὰς
3143 5449 3318 5511 οἰκίας
3376 5450 3745 5515 είσπίπτοντες

2272 5554 2291 5586 ι
2334 5534 2604 5587 ἅπτεσθαι
2632 5536 2731 5605 τῆς
2754 5537 3100 5611 λειτουργίας
3130 5540 3505 5610 ἀποτολμῶσι,
3530 5545 3753 5608 τούτους

2272 5651 2289 5680 ι
2336 5630 2432 5699 μὲν
2455 5629 2872 5700 καθαιρεῖσθαι⁸
2903 5636 3028 5698 τοὺς
3055 5635 3112 5689 δὲ
3175 5636 3275 5705 τῆς
3326 5637 3511 5691 αὐτῶν
3565 5657 3759 5693 κοινω-

2274 5743 2293 5773 ι
2331 5724 2447 5785 νίας
2479 5724 2846 5793 μετασχόντας
2887 5727 2965 5795 τῷ
3015 5730 3302 5801 ἁφορισμῷ
3350 5730 3765 5787 καθυποὸἀλλε-

2276 5836 2296 5867 ι
2337 5815 2477 5870 σθαι.
2515 5833 2534 5868 ι
