4074 6214
331 300 456 367 Ῑθὸὶ

1536 304 1618 361 ΙΝ
1658 302 1823 361 CAN.
1858 298 2003 357 Xlll.
2052 296 2260 357 CONC.
2303 296 2411 356 ΕΡ.

3418 294 3555 356 1063Δ

398 418 742 473 ΒΔΛΣ.Καὶ
797 420 824 470 ὁ
884 418 1073 487 παρὼν
1122 416 1323 480 κανὼν,
1379 416 1888 486 παρακελευόμενος

2060 413 2253 467 BALS.
2276 410 2523 464 Praisens
2546 422 2761 477 quoque
2792 421 2991 468 canon,
3030 406 3120 474 qui
3152 403 3308 475 jubet
3335 403 3553 474 deponi.

328 508 709 579 καθαιρεῖσθαι
733 508 860 571 τοὺς
888 508 1342 579 λειτουργοῦντας
1370 509 1402 579 ἢ
1435 507 1886 578 βαπτίζονταςείς

327 600 590 671 εὖκτήρια
619 600 769 671 παρὰ
795 598 1023 670 γνώμην
1050 600 1146 653 τοῦ
1178 601 1506 665 ἐπισκόπου,
1562 598 1885 669 ἡρμηνεύθη

328 691 386 741 ὲν
417 689 495 759 τῷ
509 691 588 742 λα’
619 689 801 742 κανόνι
830 688 928 757 τῆς
961 692 1020 743 ὲν
1043 691 1119 760 τῷ
1147 691 1403 761 Τρούλλῳ
1433 688 1674 752 συνόδου,
1700 690 1793 741 καὶ
1830 689 1889 739 ὲν

328 780 403 848 τῷ
432 779 777 850 ἀποστολικῷ
832 778 915 833 λα’
965 780 1184 834 κανόνιο
1226 783 1321 834 καὶ
1388 780 1662 846 ἀνάγνωθι
1713 778 1782 831 τὰ
1831 779 1889 830 ὲν

328 870 555 931 ἐκείνοις
590 869 891 939 γραφέντα.

395 961 637 1014 ΖΩΝΑΡ.
684 963 740 1015 Ὀ
764 963 861 1029 τῆς
890 962 1057 1030 ἕκτης
1077 962 1298 1015 συνόδου
1320 959 1889 1032 τριακοστὸς,πρῶτος

329 1051 529 1113 κανὼν,
571 1046 632 1103 οὗ
670 1052 948 1121 μέμνηται
1003 1055 1030 1104 ό
1087 1052 1266 1105 κανὼν
1319 1048 1492 1113 οὗτος.
1548 1052 1889 1121 ἡρμήνευται

327 1143 463 1205 ἐκεῖ,
494 1137 538 1210 ᾧ
564 1142 845 1211 σύμψηφοι
877 1142 1137 1210 γεγόνασι
1183 1143 1278 1195 καὶ
1306 1142 1353 1193 οἱ
1386 1141 1571 1194 τοῦτον
1607 1141 1890 1210 ἐκθέμενοι

325 1234 415 1282 τὸν
469 1234 689 1295 κανόνα,
748 1232 1032 1302 ὁρίσαντες
1101 1231 1668 1302 ἁποκεκληρωμένους
1728 1226 1887 1297 εἶναι,

326 1324 495 1394 ἡγουν
557 1323 897 1396 ὡρισμένους
955 1326 1049 1379 καὶ
1084 1325 1613 1393 ὲπιτετραμμένους,
1658 1325 1893 1392 ἐκκεχω-

328 1416 625 1485 ρημένους,
649 1417 775 1479 τοὺς
810 1418 869 1470 ὲν
901 1418 1216 1488 εὐκτηρίοις
1254 1418 1404 1480 ἐντὸς
1434 1416 1600 1469 οῖκων
1624 1415 1745 1468 οῦσι
1774 1415 1888 1467 λει-

325 1511 579 1577 τουργεῖν
637 1510 929 1578 μέλλοντας
980 1510 1080 1578 τῆς
1136 1508 1591 1580 ἀποκληρώσεως,
1646 1510 1890 1561 τουτέστι

326 1602 424 1670 τῆς
456 1594 841 1673 ἐκχωρήσεως,
879 1594 1035 1672 παρὰ(
1054 1602 1147 1654 τοῦ
1190 1602 1334 1655 κατὰ
1364 1602 1547 1671 χώραν
1582 1603 1889 1653 ἐπισκόπου

326 1694 643 1763 γινομένης.
676 1695 738 1746 El
788 1694 833 1746 δ’
881 1693 1058 1764 ἕτεροί
1098 1711 1241 1755 τινες
1292 1694 1443 1763 παρὰ
1486 1694 1611 1757 τοὺς
1644 1695 1891 1761 ἐκχωρη-

327 1788 523 1850 θέντας
548 1788 881 1857 τολμήσουσι
900 1787 1285 1857 λειτουργῆσαι
1312 1790 1368 1839 ὲν
1388 1788 1720 1862 εὐκτηρίοις,
1739 1785 1889 1839 οῦσιν

325 1880 474 1941 ἐντὸς
506 1879 714 1943 οἰκιῶν,
744 1878 873 1933 ἄνευ
909 1876 1133 1947 γνώμης
1162 1877 1263 1930 τοῦ
1292 1878 1621 1942 ἐπισκόπου,
1644 1877 1888 1938 ἐκείνους

326 1970 427 2038 μὲν
460 1970 864 2041 καθαιρεῖσθαι,
888 1972 1015 2034 τοὺς
1051 1971 1111 2025 δὲ
1138 1974 1684 2043 συγκοινωνήσαντας
1704 1972 1890 2034 αὐτοῖς

325 2064 705 2132 ἀφορίζεσθαι.

329 2178 548 2231 ΑΡΙΣΤ.
588 2198 606 2229 ι
648 2180 852 2250 Μηδεὶς
892 2182 949 2232 ὲν
998 2180 1130 2250 ναῷ,
1167 2180 1313 2232 ἔνδον
1347 2179 1524 2241 οἰκίας
1551 2182 1893 2248 τυγχάνοντι,

404 2290 425 2317 σ
462 2272 844 2340 λειτουργείτω
874 2273 906 2343 ἦ
946 2272 1256 2341 βαπτιζέτω
1290 2272 1550 2341 κληρικὸς
1584 2272 1894 2342 παρὰγνώ-

407 2380 426 2413 ι
468 2380 574 2431 μην
597 2362 690 2415 τοῦ
723 2365 1049 2416 ὲπισκόποιν
1089 2364 1437 2433 καθαιρεῖται
1489 2364 1618 2433 γάρ.
1661 2364 1893 2416 Ἀποκε-

410 2473 427 2504 ι
470 2456 819 2525 κληρωμὲνοι
851 2451 945 2509 οὖν
996 2455 1147 2525 παρὰ
1179 2455 1271 2508 τοῦ
1322 2456 1622 2508 ἐπισκόπου
1654 2456 1899 2509 ἔστωσαν

409 2565 427 2597 ι
470 2548 522 2599 οί
568 2549 626 2599 ὲν
655 2549 965 2618 εὐκτηρίοις
992 2547 1140 2601 ἔνδον
1170 2549 1335 2601 οἴκων
1370 2547 1489 2601 οὖσι
1516 2548 1901 2619 λειτουργοῦν-

411 2657 430 2689 ι
470 2656 582 2702 τες.
618 2642 682 2693 Οἱ
708 2642 765 2693 δὲ
813 2639 962 2711 παρὰ
984 2640 1143 2693 τοῦτο
1169 2640 1475 2709 τολμῶντες
1503 2640 1899 2709 καθαιρείσθω-

409 2749 429 2781 c
473 2748 595 2784 σανο
626 2735 787 2786 καίοξ
828 2732 1211 2796 κοινωνοῦντες
1243 2733 1707 2803 ἀφοριζὲσθωσαν.
1765 2752 1786 2784 ›

928 2868 1169 2920 ΚΑΝΩΝ
1204 2866 1301 2922 ll".

343 2997 363 3030 ι
410 2980 518 3041 Τὰς
548 2982 657 3032 τῶν
688 2982 982 3051 αἱρετικῶν
1004 2983 1260 3046 ζιζανίων
1282 2984 1586 3052 ἐπισπορὰς
1613 2986 1668 3037 ὲν
1708 2987 1775 3055 τῇ
1800 2983 1897 3037 τοῦ

410 3090 431 3123 ι
467 3074 701 3144 Χριστοῦ
751 3075 1047 3146 Ἐκκλησία
1092 3078 1119 3128 ό
1158 3076 1515 3147 παμπόνηρος
1549 3077 1902 3142 καταϐαλὼν,

412 3187 431 3219 ι
472 3168 563 3220 καὶ
593 3168 796 3230 ταύτας
851 3168 993 3237 ὁρῶν
1024 3171 1088 3237 τῇ
1149 3168 1394 3239 μαχαίρᾳ
1449 3167 1545 3221 τοῦ
1585 3168 1900 3238 Πνεῦματος
1927 3155 1971 3213 C

420 3280 437 3311 ι
475 3260 816 3331 τεμνομένας
843 3259 1194 3331 προρρίζους,
1226 3261 1310 3328 ἐφ’
1338 3261 1535 3332 ἑτέραν
1558 3257 1691 3331 ἦλθε
1738 3261 1899 3330 μεθο-

409 3374 427 3407 t
467 3355 614 3416 δείας
654 3353 770 3406 ὁδὸν
819 3356 883 3423 τῇ
928 3353 1038 3405 τῶν
1080 3353 1455 3423 σχισματικῶν
1494 3356 1663 3425 μανίᾳ
1702 3356 1763 3407 τὸ
1803 3354 1899 3407 τοῦ

410 3466 428 3497 ι
467 3446 704 3515 Χριστοῦ
742 3448 899 3513 σῶμα
959 3444 1206 3514 μερίζειν
1252 3446 1568 3514 ὲπιχειρῶνσ
1634 3446 1767 3499 ἀλλὰ
1807 3449 1899 3498 καὶ

409 3559 427 3590 ι
467 3540 676 3607 ταύτην
728 3537 892 3590 αὑτοῦ
938 3536 1037 3605 τὴν
1086 3535 1379 3604 ἐπιϐουλὴν
1413 3537 1447 3605 ἡ
1504 3537 1630 3603 ἁγία
1686 3538 1899 3597 σύνοδος

412 3651 429 3684 ι
474 3629 902 3690 ἀναστέλλουσα,
930 3626 1208 3689 παντελῶς
1240 3626 1409 3699 ὥρισε
1438 3627 1533 3679 τοῦ
1570 3628 1762 3679 λοιποῦ
1790 3630 1899 3689 ἴνα,

409 3742 426 3774 ι
466 3723 621 3785 εἴτις
677 3718 1104 3789 πρεσϐύτεροςῆ
1160 3718 1427 3781 διάκονος,
1473 3719 1548 3779 ὡς
1601 3719 1758 3787 δῆθεν
1814 3718 1900 3770 ἐπ’

413 3834 429 3865 t
474 3812 788 3882 ἐγκλήμασί
839 3828 947 3863 τισι
1000 3809 1093 3862 τοῦ
1133 3809 1336 3861 οίκείου
1387 3809 1747 3876 κατεγνωκὼς
1783 3811 1901 3862 ἐπι-

413 3929 431 3959 ι
475 3910 706 3971 σκόπου,
743 3906 849 3976 πρὸ
886 3903 1166 3973 συνοδικῆς
1192 3901 1562 3971 διαγνώσεως,
1595 3904 1689 3956 καὶ
1722 3902 1903 3967 ἐξετά-

413 4019 432 4052 ι
476 4017 637 4063 σεως,
664 3999 870 4067 καὶτῆς
898 3996 984 4049 ἐπ’
1003 3996 1150 4065 αὑτῴ
1169 3995 1378 4058 τελείας
1395 3994 1771 4065 κατακρίσεως
1791 3994 1899 4064 (55)

411 4112 427 4143 I
468 4091 774 4160 ἀποστῆναι
819 4090 1080 4159 τολμήσοι
1128 4089 1225 4158 τῆς
1260 4089 1422 4141 αὐτοῦ
1472 4089 1776 4147 κοινωνίας,
1810 4088 1902 4139 κα)⁸

414 4205 432 4234 ι
469 4185 530 4236 τὸ
564 4184 734 4253 ὄνομα
763 4183 928 4236 αὑτοῦ
956 4184 1014 4234 ἐν
1046 4185 1165 4243 ταῖς
1199 4182 1372 4251 ἱεραῖς
1405 4180 1516 4249 (56)
1543 4181 1650 4231 τῶν
1669 4180 1904 4249 λειτουρο

413 4295 432 4327 ι
478 4274 612 4342 γιῶν
643 4276 833 4343 εὐχαῖς
865 4272 1081 4326 κατὰτὸ
1114 4270 1549 4341 παραδεδομένον
1571 4274 1634 4339 τῇ
1680 4272 1903 4339 Ἐκκλη-

412 4388 430 4417 ι
475 4366 567 4437 ei;
598 4366 676 4436 μὴ
696 4367 977 4435 ἀναφέροι,
1001 4364 1187 4417 τοῦτον
1217 4362 1538 4417 ὑποκεῖσθαι
1559 4363 1899 4431 καθαιρέσει,

414 4483 430 4511 ι
472 4464 565 4515 καὶ
605 4462 784 4531 πάσης
824 4460 1103 4531 ἱερατικῆς
1148 4457 1574 4528 ἀποστερεῖσθαι
1603 4457 1793 4525 τιμῆς.
1839 4456 1899 4509 'U

416 4576 436 4606 ι
474 4556 582 4625 γὰρ
608 4558 665 4607 ὲν
709 4555 1081 4624 πρεσϐυτέρου
1107 4553 1260 4618 τάξει
1291 4552 1649 4622 τεταγμένος,
1673 4554 1768 4604 καὶ
1788 4552 1899 4605 τῶν

414 4666 433 4696 ι
478 4644 889 4716 μητροπολιτῶν
937 4644 1199 4714 ἁρπάζων
1253 4645 1353 4713 τὴν
1412 4645 1616 4713 κρίσιν,
1675 4646 1766 4696 καὶ
1796 4644 1903 4715 πρὸ

419 4760 437 4788 σ
478 4739 715 4809 κρίσεως
747 4740 909 4801 αὐτὸς
963 4738 1330 4810 κατακρίνων,
1369 4739 1491 4791 ὅσον
1527 4739 1588 4790 τὸ
1641 4738 1728 4790 ἐπ’
1754 4737 1903 4807 αὐτῷ

417 4849 433 4879 ι
482 4830 576 4883 τὸν
608 4833 807 4882 οἰκεῖον
856 4830 1068 4901 πατέρα
1102 4830 1197 4883 καὶ
1242 4830 1560 4892 ἐπίσκοπον,
1592 4824 1743 4891 οὗτος
1784 4829 1902 4882 οὐδὲ

417 4943 436 4974 ι
481 4926 578 4993 τῆς
606 4922 700 4975 τοῦ
733 4922 1106 4991 πρεσϐυτέρου
1149 4924 1296 4975 ἐστὶν
1329 4923 1476 4987 ἄξιος
1515 4921 1685 4992 τιμῆς
1716 4923 1749 4991 ἦ
1784 4920 1905 4973 ὀνο-

419 5032 440 5064 ο
477 5013 697 5083 μασίας.
726 5012 788 5066 Οἱ
818 5011 873 5064 δὲ
908 5011 1119 5075 τούτοις
1142 4993 1541 5081 συνεπόμενοι,
1565 5012 1614 5063 εἰ
1656 5010 1755 5080 μὲν
1793 5011 1903 5062 τῶν

419 5128 438 5160 ι
481 5107 791 5177 ἱερωμένων
843 5103 955 5158 εἶὲν
987 5122 1152 5168 τινες,
1215 5104 1310 5157 καὶ
1352 5104 1509 5156 αὐτοὶ
1559 5103 1656 5173 τῆς
1700 5103 1905 5162 οἰκείας

1918 1751 1966 1809 Β

1988 526 2083 563 eos
2115 509 2207 577 qui
2249 505 2529 559 celebrant
2563 502 2644 555 vel
2675 500 2949 569 baptizant
2980 498 3033 552 in
3071 498 3326 555 oratoriis
3361 506 3555 567 ρτιιτιιιτ

1989 598 2228 668 episcopi
2268 597 2603 649 voluntatem
2627 632 2643 655 ,
2680 592 2967 658 expositus
3000 599 3080 642 cst
3126 589 3177 641 in
3205 602 3330 641 can.
3360 588 3421 640 ’51
3466 602 3555 654 sy-

1990 691 2114 747 nodi
2150 693 2201 745 in
2233 689 2441 751 Trullo,
2472 696 2526 740 et
2562 687 2614 739 in
2649 698 2858 738 canone
2885 679 3189 752 apostolico
3212 681 3273 734 51
3308 696 3323 732 :
3361 688 3417 733 et
3443 680 3558 746 lege

1990 802 2110 854 qua:
2139 785 2190 837 iii
2234 784 2339 837 illis
2370 783 2573 849 scripta
2608 788 2755 833 sunt

2060 962 2311 1021 ZONAR.
2347 960 2709 1015 Tricesimuin
2748 959 2978 1028 primum
3012 964 3177 1009 sextze
3231 953 3420 1023 synodi
3465 968 3559 1005 ca-

1992 1076 2183 1116 nonem
2220 1057 2376 1125 cujus
2433 1056 2517 1107 hic
2554 1068 2732 1106 canon
2776 1050 3041 1110 meminit,
3083 1049 3282 1101 ibidem
3324 1046 3561 1114 explica-

1993 1156 2189 1208 vimus.
2228 1153 2285 1203 ln
2325 1151 2571 1203 eamdem
2604 1144 2930 1199 sententiam
2970 1143 3111 1195 hunc
3144 1155 3360 1211 quoque
3389 1154 3555 1192 cauo-

1993 1262 2116 1300 item
2148 1245 2336 1298 Patres
2374 1241 2618 1301 edidere,
2653 1254 2760 1305 quo
2810 1235 3026 1305 quidem
3069 1245 3127 1288 ut
3158 1233 3249 1303 qui
3296 1234 3346 1284 iii
3379 1232 3562 1302 priva-

1990 1352 2169 1393 torum
2197 1336 2406 1390 aedibus
2435 1346 2593 1387 sacra
2631 1330 2832 1383 facturi
2866 1338 3015 1393 sunt,
3046 1343 3074 1379 a
3108 1328 3253 1380 clero
3275 1326 3571 1392 seérega‘ti,

1993 1431 2097 1484 hoc
2135 1437 2239 1491 est,
2274 1426 2470 1481 deleCIi
2503 1434 2557 1479 et
2586 1423 2811 1476 admissi
2840 1420 3209 1488 descriptique
3245 1418 3352 1472 sint
3377 1432 3563 1485 segre—

1992 1520 2228 1591 gatione,
2262 1518 2363 1571 hoc
2392 1524 2493 1576 est,
2523 1515 2898 1584 designatione
2926 1527 2954 1563 a
2982 1512 3082 1566 loci
3116 1512 3371 1579 episcopo
3396 1508 3561 1568 facta,

1992 1612 2309 1667 decernunt.
2347 1607 2501 1672 Quod
2545 1606 2589 1660 si
2624 1605 2715 1658 alii
2750 1608 3084 1672 quicunque,
3122 1614 3310 1670 praeter
3345 1616 3439 1654 eos
3468 1601 3565 1667 qui

1994 1699 2258 1769 designati
2292 1698 2495 1774 fuerint
2546 1697 2598 1749 in
2645 1696 2981 1766 privatorum
3029 1693 3268 1754 sacellis,
3317 1706 3423 1744 non
3461 1691 3565 1743 oti-

1994 1801 2139 1847 tenta
2180 1791 2249 1845 ab
2283 1790 2542 1860 episcopo
2574 1788 2854 1851 facultate,
2891 1801 3049 1840 sacra
3080 1784 3263 1839 facere
3292 1798 3412 1861 auSi
3443 1783 3565 1837 lue-

1993 1886 2137 1951 rint;
2170 1884 2319 1952 ipsos
2352 1884 2571 1952 quidem
2606 1881 2801 1949 deponi
2842 1920 2859 1944 ,
2892 1880 2984 1949 qui
3033 1894 3159 1933 vero
3204 1878 3284 1933 eis
3318 1892 3564 1931 commu-

1995 1978 2324 2037 nicarerint.
2355 1976 2621 2045 segregari
2646 1973 2863 2043 jubciit.

2065 2186 2289 2242 ARIST.
2336 2205 2361 2237 ιλ
2396 2185 2589 2239 Nullus
2641 2185 2874 2239 clericus
2922 2187 2975 2239 in
3037 2184 3265 2253 temp-lo,
3314 2182 3458 2251 quod
3511 2181 3571 2234 in

2004 2299 2023 2331 ι
2064 2280 2273 2334 aedibus
2320 2288 2404 2334 est
2464 2274 2623 2333 sacra
2670 2277 2945 2339 celebret,
2983 2279 3065 2331 vel
3120 2277 3378 2344 baptizet,
3430 2274 3569 2328 citra

2003 2391 2023 2424 ι
2065 2372 2307 2443 episcopi
2346 2372 2710 2435 sententiam;
2745 2385 2866 2423 nam
2907 2369 3217 2438 deponitur.
3251 2366 3353 2432 Qui
3404 2366 3569 2436 igitur

2005 2480 2026 2512 ι
2065 2464 2118 2515 in
2151 2462 2427 2524 oratoriis,
2449 2476 2569 2530 qua:
2598 2470 2723 2514 sunt
2748 2460 2887 2513 intra
2910 2460 3054 2513 mdes
3081 2475 3233 2513 sacra
3267 2457 3570 2518 celebrant,

2004 2572 2024 2606 ι
2061 2554 2128 2608 ab
2166 2553 2420 2622 episcopo
2465 2555 2610 2607 clero
2644 2554 3003 2621 expelluntur.
3056 2550 3156 2616 Qui
3199 2562 3326 2602 vero
3374 2538 3571 2617 prater

2004 2661 2023 2694 ι
2068 2642 2180 2695 haec
2212 2644 2388 2696 facere
2419 2646 2535 2696 ausi
2574 2641 2801 2706 fuerint,
2838 2642 3201 2711 deponantur.
3238 2640 3305 2693 Et
3353 2638 3448 2709 qui
3497 2638 3573 2691 iis

2007 2752 2027 2785 ι
2068 2734 2497 2797 communicant,
2527 2743 2902 2802 segregentur.
2942 2752 2959 2784 i

2559 2866 2783 2921 CANON
2856 2867 2997 2921 XIII.
3037 2904 3042 2909 -

2006 3001 2025 3035 ι
2071 2983 2460 3038 IlaaretiCnrum
2496 2983 2825 3036 zizaniaruiii
2867 2983 3073 3037 semina
3124 2984 3176 3036 in
3211 2982 3414 3037 Christi
3465 2981 3571 3038 Ec-

2078 3096 2096 3127 ι
2136 3076 2299 3131 clesia
2331 3075 2598 3146 malignus
2631 3076 2912 3144 dejiciens,
2944 3086 2995 3129 et
3024 3091 3117 3131 eas
3148 3075 3337 3132 videns
3388 3073 3571 3145 gladio

2080 3186 2098 3219 ι
2142 3167 2375 3237 Spiritus
2411 3167 2653 3222 exscindi
2695 3167 2974 3228 radicitus.
3011 3168 3075 3220 ad
3110 3167 3268 3221 aliam
3306 3170 3449 3222 venit
3479 3169 3569 3221 in-

2076 3280 2092 3311 i
2131 3262 2394 3315 sidiaruni
2420 3260 2586 3323 viain,
2617 3258 3086 3312 scliisniaticorum
3120 3259 3330 3314 insania
3360 3258 3563 3312 Christi

2077 3372 2096 3403 ι
2140 3370 2336 3422 corpus
2378 3352 2619 3407 dividere
2656 3352 2976 3420 aggrediens
3024 3368 3037 3403 :
3087 3351 3182 3405 sed
3212 3361 3265 3404 et
3318 3353 3414 3405 has
3447 3353 3572 3421 ejus

2076 3467 2093 3499 ι
2135 3448 2361 3500 insidias
2413 3458 2600 3500 sancta
2658 3445 2899 3515 synodus
2946 3447 3295 3513 reprimens,
3344 3447 3573 3498 omnino

2078 3561 2095 3591 i
2138 3542 2346 3595 defiuiit
2379 3540 2661 3609 deinceps.
2696 3548 2755 3591 ut
2786 3538 2831 3594 si
2863 3541 2984 3607 quis
3010 3539 3295 3610 presbyter
3340 3543 3417 3593 vel
3452 3539 3576 3592 dia-

2078 3653 2096 3685 ι
2132 3650 2302 3688 conus
2332 3672 2345 3695 ,
2378 3642 2434 3686 ut
2463 3632 2555 3702 qui
2589 3634 2774 3700 utique
2822 3630 2891 3686 ob
2936 3631 3113 3701 aliqua
3165 3632 3392 3686 crimina
3444 3648 3570 3701 pro-

2078 3747 2095 3777 ι
2141 3728 2315 3796 prium
2367 3726 2682 3795 episcopum
2716 3725 3116 3786 condemnarit,
3162 3736 3289 3778 ante
3333 3724 3572 3790 synoda-

2079 3838 2096 3869 ι
2133 3820 2234 3872 lein
2268 3818 2630 3886 cognitionem
2679 3826 2731 3871 et
2780 3816 3259 3882 exanimationem,
3297 3825 3350 3871 et
3394 3816 3571 3885 porl‘e-

2078 3930 2093 3961 ι
2136 3919 2280 3963 ctam
2313 3910 2431 3977 ejus
2468 3909 3012 3971 condemnationem,
3045 3909 3111 3961 ab
3152 3907 3295 3961 illius
3327 3924 3542 3961 commii

2078 4022 2097 4054 ι
2137 4002 2298 4056 iiione
2325 4002 2608 4057 discedere
2640 4016 2807 4054 ausus
2837 4000 2993 4053 fuerit
3018 4011 3069 4053 et
3106 3999 3223 4066 cjus
3273 4014 3467 4053 nomen
3517 3998 3569 4051 in

2085 4113 2102 4145 ι
2145 4094 2319 4149 sacris
2374 4094 2798 4147 celebrationnm
2858 4091 3151 4160 precibus,
3200 4100 3257 4144 ut
3318 4091 3579 4145 Ecclesia:

2079 4207 2096 4237 ι
2145 4187 2399 4239 traditum
2436 4194 2536 4248 est,
2572 4200 2679 4237 non
2710 4181 2936 4245 referat,
2970 4181 3015 4235 is
3051 4181 3367 4251 depositioni
3401 4182 3571 4251 subji-

2080 4298 2098 4330 ι
2138 4280 2314 4333 ciatiir
2341 4318 2355 4343 ,
2392 4286 2445 4332 et
2482 4279 2628 4331 omni
2678 4275 3002 4331 sacerdotali
3061 4276 3264 4329 honore
3312 4275 3574 4343 privetur.

2079 4389 2097 4422 ι
2136 4370 2237 4436 Qui
2278 4370 2420 4424 enini
2452 4378 2533 4423 est
2576 4368 2628 4421 in
2664 4366 2993 4423 sacerdotali
3028 4366 3221 4420 ordine
3248 4364 3573 4428 collocatus,

2083 4482 2101 4514 ι
2139 4472 2189 4517 et
2222 4463 2761 4531 metropolitanorum
2785 4459 3049 4529 judicium
3082 4459 3351 4527 prmripit,
3376 4467 3427 4511 et
3451 4466 3579 4510 ante

2084 4572 2103 4605 ι
2136 4552 2400 4623 judicium
2439 4552 2572 4620 ipse,
2619 4564 2885 4620 quantum
2930 4550 2983 4603 in
3034 4564 3092 4602 se
3146 4558 3250 4610 est,
3285 4550 3566 4617 proprium

2084 4666 2103 4698 ί
2144 4654 2350 4715 patrem
2382 4656 2433 4697 et
2465 4643 2779 4712 episcopum
2823 4641 3151 4695 condemnat
3178 4658 3197 4705 ;.
3230 4642 3273 4695 is
3323 4656 3419 4693 nec
3454 4655 3579 4708 ιιι·οο

2083 4757 2102 4790 ι
2146 4737 2350 4807 sbytcri
2391 4736 2613 4798 honore,
2650 4752 2749 4789 nec
2803 4734 3021 4788 nomine
3071 4733 3264 4803 dignus
3313 4743 3413 4786 est.
3468 4731 3578 4796 Qui

2084 4849 2102 4879 ι
2140 4839 2319 4882 autem
2350 4842 2443 4881 eos
2475 4835 2915 4891 consequuntur,
2932 4826 2975 4878 si
3012 4824 3121 4877 sint
3150 4823 3372 4892 quidem
3404 4838 3465 4874 ex
3506 4822 3579 4873 iis

2084 4938 2101 4971 ι
2148 4921 2238 4990 qui
2271 4925 2400 4974 s‘liiit
2445 4920 2618 4972 sacris
2646 4918 2867 4977 initiati,
2902 4917 3000 4985 ipsi
3029 4930 3248 4985 quoque
3284 4928 3314 4967 a
3350 4912 3581 4980 propriu-

2087 5031 2106 5062 ι
2146 5013 2350 5065 honore
2377 5010 2630 5063 excidant
2662 5024 2674 5061 :
2708 5009 2791 5063 sin
2826 5017 3009 5061 autem
3047 5005 3155 5058 sint
3193 5001 3468 5057 monachi.
3492 4999 3578 5050 \ei
3628 5042 3631 5049 ,

2091 5120 2113 5151 ο
2151 5101 2295 5164 laic.,
2327 5116 2389 5154 ex
2424 5097 2667 5154 Ecclesia
2721 5098 2945 5152 omnino
2980 5103 3358 5162 segregeiitur;
3400 5090 3581 5144 donec

1558 5259 1743 5321 Guill.
1786 5260 2104 5337 Beveiegii
2149 5268 2337 5322 IIOltB.

418 5422 531 5488 (55)
568 5422 697 5473 Καί
730 5418 840 5485 τῆς
891 5416 983 5470 ἐπ’
1026 5413 1186 5488 αὺςῷ
1219 5415 1453 5488 τελείας
1484 5412 1914 5488 κατακρίσεως.

346 5482 469 5547 Haec
492 5482 655 5544 Verba
687 5482 990 5542 noninodo
1024 5489 1078 5539 iii
1108 5484 1403 5538 Parisiensi
1434 5482 1692 5546 editione,
1720 5499 1907 5536 verum

349 5572 509 5616 ctiam
558 5561 609 5612 in
651 5561 841 5613 codice
868 5558 1307 5611 Ainerbachiano
1332 5556 1682 5605 omittuntur.
1722 5552 1826 5605 Sed
1854 5554 1908 5605 in

350 5634 562 5687 Tiliano
595 5646 749 5700 aeque
780 5646 842 5685 ac
889 5632 941 5681 in
992 5626 1286 5681 Bodleiano
1344 5636 1533 5676 nostro
1580 5640 1682 5676 ins.
1723 5625 1912 5691 legun-

354 5717 454 5757 ΝΥ.

423 5771 535 5837 toti)
566 5770 671 5824 Καὶ
702 5770 767 5824 τὸ
792 5768 977 5838 ὄνομα
1017 5765 1204 5821 αὑτοῦ
1242 5764 1311 5817 ἐν
1342 5761 1469 5827 ταῖς
1499 5762 1700 5832 ἱεραῖς.
1742 5760 1909 5817 Nimi-

2027 5428 2144 5465 rum
2183 5427 2306 5464 cuin
2338 5422 2491 5464 sacra
2553 5408 2823 5478 mysteria,
2863 5412 3215 5478 peraguntur.
3250 5398 3402 5454 Tunc
3427 5401 3576 5454 enim

2026 5482 2286 5549 sacerdos
2319 5496 2417 5549 pro
2446 5473 2845 5549 episcopo‘sub
2867 5473 3201 5549 nominatim
3240 5487 3398 5525 orare
3428 5480 3575 5549 tene-

2026 5543 2112 5606 tur
2155 5561 2254 5603 :iit
2304 5543 2357 5603 lII
2412 5543 2650 5617 Liturgia
2695 5545 3081 5617 Clitysostonii
3119 5545 3270 5617 inter
3307 5543 3579 5617 orandum

2025 5624 2157 5675 dicit
2194 5624 2286 5673 καὶ
2333 5621 2475 5687 ὑπὲρ
2504 5612 2936 5686 ἀρχιεπισκὸπου
2968 5613 3144 5685 ήμῶν,
3176 5615 3203 5666 ὁ
3247 5612 3439 5678 δεῖνος,
3487 5612 3581 5666 Si:

2022 5694 2221 5761 passim
2253 5694 2304 5745 in
2335 5689 2683 5758 liueholosiu.
