4074 6214
308 311 328 369 l
339 310 444 372 005

1456 305 1534 364 1N
1563 304 1728 383 csa.
1763 305 1894 363 xw
1935 303 2146 364 coxe.
2193 301 2400 360 ενοι.

3405 294 3537 366 Ῑθιὶίῑ

296 421 686 488 συγκοινωνεῖν
713 419 884 488 αὐτῷ,
913 418 1046 488 μηδέ
1077 418 1376 488 ἀναφέρειν
1409 422 1467 470 τὸ
1498 418 1670 487 ὄνομα
1704 417 1863 471 αὐτοῦ

1976 415 2260 483 subjectus
2287 423 2369 467 est
2398 413 2739 472 subtrahere,
2787 424 2851 463 ac
2893 409 3059 470 illius.
3094 407 3248 476 quasi
3284 406 3540 462 videlicet

293 515 434 566 κατὰ
471 513 534 564 τὸ
563 512 706 574 ἔθος,
746 510 820 571 ὡς
839 509 982 586 τᾴχα
1009 509 1397 576 κατεγνωκότά
1433 508 1526 560 τοῦ
1557 509 1862 561 ἐπισκόπου

293 603 482 667 αὑτοῦ,
547 602 674 670 πρὶν
708 600 739 670 ἢ
784 597 1078 661 συνοδικῶς
1112 597 1319 667 ζητηθῇ
1350 599 1383 666 ἡ
1420 598 1560 650 κατά
1599 595 1690 648 τοῦ
1745 598 1864 648 ἐπι-

299 697 505 748 σκόπου
550 693 822 763 φερομένη
843 692 990 744 αἰτία
1022 691 1115 742 καὶ
1147 691 1332 742 τελεία
1357 688 1657 759 προενεχθῇ
1683 689 1863 756 ψῆφος

296 784 699 855 κατακρίνουσιν.
739 783 920 834 αὐτόν’
963 782 1053 833 τὸν
1091 781 1147 834 δὲ
1164 781 1320 834 τοῦτο
1343 783 1645 850 ποιήσαντα
1665 780 1858 831 καθαι-

296 878 530 941 ρεῖσθαι.
570 875 630 926 '0
670 874 781 943 γὰρ
814 876 870 928 ἐν
903 875 1280 944 πρεσϐυτέρου
1313 873 1440 944 ἀξία
1491 873 1590 932 ὢν,
1625 876 1718 926 καὶ
1755 874 1863 926 τῶν

296 968 716 1038 μητροπολιτῶν
748 967 1011 1037 ἁρπάζων
1065 969 1163 1036 τὴν
1198 967 1379 1036 κρίσιν
1424 967 1569 1035 (τοὺς
1597 967 1706 1036 γὰρ
1743 969 1863 1019 ἐπι-

290 1060 523 1119 σκόπους
541 1061 588 1110 οἱ
614 1056 1009 1127 μητροπολίται
1035 1055 1325 1125 κρίνουσι),
1362 1056 1457 1107 καὶ
1489 1055 1596 1122 προ
1627 1053 1862 1122 κρίσεως

289 1151 382 1200 τὸν
423 1151 622 1205 οἰκεῖον
651 1149 970 1210 ἐπίσκοπον,
1001 1147 1058 1209 ὃς
1094 1148 1278 1216 πατήρ
1329 1148 1474 1198 ἐστιν
1523 1145 1688 1197 αὑτοῦ
1722 1147 1862 1196 κατά

291 1238 530 1308 πιεῦμα,
587 1239 813 1306 κρίνων,
845 1239 944 1291 οὐκ
975 1238 1122 1290 ἐστιν
1165 1236 1314 1300 ἄξιος
1359 1236 1434 1298 ὡς
1494 1235 1862 1306 πρεσϐύτερος

291 1331 561 1397 τιμᾶσθαι
595 1331 626 1398 ἦ
656 1329 1037 1399 ὀνομάζεσθαι.
1083 1329 1253 1382 Καὶοί
1297 1331 1656 1396 ’συνεπόμενοι
1695 1327 1751 1378 δὲ
1785 1327 1860 1394 τῷ

293 1420 658 1490 σχισμαεικῷ,
686 1425 780 1474 καὶ
808 1420 1197 1490 ἀποσχίξοντες
1229 1421 1324 1473 καὶ
1358 1421 1532 1482 αὐτοὶ,
1571 1419 1862 1487 ίερωμένοι

233 1563 242 1568 -
296 1509 394 1576 μὲν
438 1513 610 1575 ὄντες,
645 1513 1139 1584 καθαιρείσθωσαν,
1179 1512 1359 1565 λαϊκοί
1411 1512 1468 1564 δέ
1508 1513 1861 1580 τυγχάνοντες

293 1605 325 1674 ἢ
371 1607 616 1673 μοναχοὶ,
657 1604 1110 1674 ἀφοριζέσθωσαν
1131 1606 1404 1670 παντελῶς
1431 1607 1528 1677 τῆς
1549 1606 1861 1675 ἐκκλησίας,

288 1695 410 1748 ἀντὶ
462 1697 556 1748 τοῦ
622 1697 1055 1771 ὲξωθείσθωσαν.
1111 1697 1251 1750 ὥστε
1309 1699 1443 1769 μηδὲ
1504 1699 1728 1753 εἰσιέναι
1786 1703 1863 1762 είς

288 1788 609 1857 ἐκκλησίαν.
665 1767 827 1842 Ἔστι
858 1791 968 1860 γὰρ
995 1766 1419 1862 ἀφορισμὺςνκαὶ
1453 1790 1515 1843 τὸ
1552 1793 1719 1862 μόνης
1747 1792 1859 1862 είρ-
1893 1766 1936 1823 Β

287 1878 481 1944 γεσθαι
543 1881 638 1950 τῆς
701 1881 1056 1949 μεταλήψεως
1118 1883 1226 1935 τῶν
1291 1883 1448 1935 θείων

286 1970 404 2022 ἐστι
454 1969 510 2022 δὲ
546 1972 721 2024 καὶτὸ
779 1971 884 2035 ἔξω
923 1975 1021 2040 τῆς
1063 1973 1395 2045 Ἐκκλησίας
1443 1971 1604 2034 εἶναι,
1635 1976 1856 2027 ὃν¹παν-

285 2065 414 2132 τελῆ
455 2065 770 2134 ὠνόμασαν,
803 2066 877 2128 ὠς
910 2065 1230 2136 βαρύτερον.
1272 2067 1476 2134 Καιρὸν
1509 2065 1570 2117 δὲ·
1621 2065 1696 2134 τῷ
1721 2066 1855 2132 ἀφο-

245 2157 474 2224 -ρισμῷ
531 2158 703 2226 τούτῳ
767 2158 1006 2226 ὁρίζουσι
1064 2158 1161 2227 τὴν
1225 2159 1448 2210 ἐκείνων
1500 2160 1855 2226 ἐπιστροφήν.

296 2248 553 2300 Ἔσονται
581 2251 711 2316 γὰρ,
745 2253 932 2317 φησὶν,
960 2250 1335 2319 ἀφωρισμέναι
1361 2249 1554 2318 μέχρις
1588 2250 1655 2301 ἂν
1679 2249 1756 2318 τῷ
1777 2252 1856 2301 οἰ-

292 2338 427 2406 κείῳ
460 2340 742 2408 ἐπισκόπῳ
787 2340 1150 2409 προσέλθωσι,
1186 2342 1522 2409 μισήσαντες
1569 2340 1668 2409 τὴν
1725 2342 1860 2406 πρὸς

297 2431 423 2491 τοὺς
456 2434 852 2500 σχισματικοὺς
883 2433 1187 2485 οἰκείωσιν.

1523 1883 1853 1952 μυστηρίων

1969 509 2036 560 ab
2069 507 2186 576 ipso
2223 507 2592 570 condemnati,
2626 506 2704 557 vel
2733 503 3172 557 communionem
3206 500 3494 571 repudiare
3520 548 3536 567 ,

1969 600 2050 653 vel
2085 601 2153 654 ab
2187 599 2430 667 ejusdem
2477 597 2696 650 nomine
2735 593 2801 648 de
2849 610 2998 648 more
3049 593 3337 648 referendo
3389 594 3533 647 desi-

1969 706 2112 747 S'ere
2168 690 2384 751 audeat,
2434 690 2752 759 priusquam
2800 689 3038 756 episcopi
3079 702 3241 740 causa
3279 686 3332 738 iu
3378 702 3532 756 synn-

1966 779 2090 840 dico
2124 794 2393 840 conventu
2435 784 2740 852 examinata
2786 791 2838 836 et
2882 782 3098 849 cognita
3143 780 3329 843 fuerit,
3359 782 3538 833 onuii-

1969 894 2147 947 noque
2176 879 2298 931 latis
2327 875 2601 942 siiﬂ'ragiis
2651 873 2718 928 de
2750 873 2897 927 illius
2932 871 3279 926 damnatione
3309 871 3378 924 sit
3419 887 3533 939 pro—

1968 970 2305 1030 nuntiatum;
2345 967 2546 1035 quique
2601 963 2651 1018 id
2688 965 2896 1036 fecerit,
2931 963 3272 1031 depositione
3319 961 3533 1014 multari

1962 1058 2238 1126 jubemus.
2311 1058 2571 1127 Quisquis
2646 1057 2790 1111 enim
2873 1055 3196 1110 sacerdotali
3271 1055 3540 1124 dignitate

1967 1151 2244 1218 pra-ditus,
2285 1166 2406 1218 quae
2436 1151 2979 1220 metropolitanorum
3009 1149 3204 1216 judicii
3259 1155 3386 1201 sunt
3434 1148 3536 1201 sibi

1966 1253 2222 1310 arrogat.
2277 1242 2499 1311 (quippe
2538 1241 2605 1296 de
2643 1241 2914 1310 episcopis
2947 1239 3195 1307 judicare
3226 1238 3539 1306 metropoli-

1968 1341 2223 1385 tanorum
2255 1333 2532 1402 proprium
2559 1344 2642 1388 est
2671 1330 2892 1397 munus)
2916 1347 2979 1385 ac
3007 1331 3321 1399 episcopum
3354 1347 3536 1390 suum,

1966 1423 2056 1489 qui
2091 1423 2394 1490 spiritualis
2445 1425 2618 1494 ipsius
2665 1433 2817 1492 pater
2869 1433 2973 1481 est.
3025 1422 3346 1492 priusquam
3381 1423 3446 1475 de
3477 1439 3540 1475 eo

1966 1515 2259 1584 quidquam
2304 1515 2605 1585 judicatum
2649 1517 2848 1578 fuerit,
2891 1515 3007 1583 ipse
3051 1516 3400 1578 condemnet,
3454 1515 3540 1568 hic

1968 1608 2277 1663 sacerdotis
2318 1610 2522 1663 honore
2569 1617 2662 1661 aut
2704 1609 3068 1676 appellatione
3115 1607 3538 1676 haudquaquam

1976 1708 2059 1752 est
2116 1681 2331 1770 dignus.
2369 1701 2434 1754 Et
2479 1717 2607 1753 vero
2639 1701 2948 1770 quicunque
2997 1699 3361 1754 schismaticis
3408 1713 3540 1752 con-

1965 1793 2269 1847 sentientes
2299 1793 2401 1862 ipsi
2429 1809 2647 1862 quoque
2685 1808 2805 1847 sese
2833 1808 2956 1846 cum
2992 1792 3096 1846 illis
3130 1790 3452 1858 abjuugnut,
3491 1789 3536 1841 si

1967 1885 2182 1955 quidem
2230 1887 2406 1940 sacris
2434 1885 2627 1939 initiati
2674 1885 2806 1948 sint,
2837 1884 3178 1953 deponantur
3229 1899 3244 1935 :
3291 1883 3376 1937 sin
3408 1897 3537 1936 vero

1967 1978 2090 2032 laici
2123 1985 2217 2029 aut
2248 1977 2522 2040 monachi,
2555 1975 2772 2045 penitus
2822 1983 3196 2044 segregentur,
3258 1975 3362 2028 hoc
3407 1985 3492 2028 est
3519 2016 3533 2037 ,

1966 2069 2064 2126 ita.
2099 2077 2157 2122 ut
2185 2086 2250 2122 ne
2284 2070 2568 2123 ecclesiam
2601 2069 2819 2138 quidem
2870 2068 3003 2136 ipsis
3038 2067 3247 2136 ingredi
3301 2066 3384 2121 l'as
3443 2067 3536 2129 sit,

1916 2215 1922 2221 ,
1967 2160 2278 2226 ejiciautur.
2331 2161 2423 2216 Est
2474 2176 2704 2230 namque
2745 2161 3046 2230 scgregatio
3079 2161 3271 2224 etiam,
3327 2174 3448 2213 cum
3505 2175 3536 2212 a

1970 2253 2092 2304 solo
2127 2251 2436 2306 divinorum
2469 2253 2848 2322 mysteriorum
2882 2253 3232 2321 perceptione
3265 2252 3534 2321 quispiam

1968 2355 2341 2400 Stttumovctur
2360 2363 2372 2398 :
2392 2355 2474 2400 est
2497 2346 2685 2410 etiam,
2717 2361 2841 2410 eum
2863 2344 3110 2399 ecclesiaa
3135 2358 3354 2412 quoque
3384 2342 3535 2395 aditu

1966 2441 2240 2508 segregati
2306 2440 2700 2508 prohibentur;
2770 2441 2912 2507 quod
2977 2436 3192 2508 penitus
3263 2435 3534 2504 segregari

244 2528 250 2538 '
290 2526 570 2587 dixerunt,
599 2526 723 2595 quia
757 2529 974 2594 gravior
1019 2545 1079 2582 ea
1111 2528 1410 2597 segregatio
1454 2530 1546 2584 sit.
1604 2529 1851 2597 Spatium
1894 2545 2080 2599 porro,
2111 2551 2395 2605 quousque
2423 2536 2488 2587 ad
2513 2535 2805 2590 sanitatem
2863 2533 3110 2586 homines
3166 2538 3534 2586 revertantur.

289 2617 655 2685 segregationi
723 2620 1045 2685 pra-liniunt.
1128 2619 1298 2673 Erunt
1349 2620 1650 2690 siquidem,
1736 2623 1952 2689 inquit,
1995 2627 2296 2696 segregati,
2353 2628 2529 2682 donec
2565 2628 2848 2696 episcopo'
2886 2641 3008 2689 suo,
3071 2622 3354 2707 repudiata
3409 2636 3531 2674 cum

290 2706 658 2761 schismatieis
692 2707 1080 2776 familiaritate,
1112 2709 1172 2763 se
1206 2711 1575 2778 adjuuxeriut.

292 2796 511 2855 ΛΡΙΣΤ.
553 2818 568 2848 ι
618 2800 682 2852 Εἴ
712 2818 791 2863 τις
848 2801 1270 2872 πρεσϐύτεροςῆ
1311 2803 1576 2865 διάκονος,
1607 2804 1680 2866 ὡς
1697 2803 1860 2872 δῆθεν

369 2908 385 2936 ι
429 2888 516 2938 ἐπ’
546 2890 850 2958 ἐγκλήματι
879 2890 972 2943 τοῦ
998 2891 1200 2944 οἰκείου
1245 2893 1606 2961 κατεγνωκὼς
1635 2895 1861 2946 ἐπισκό-

370 2995 386 3024 ι
433 2991 560 3038 που,
619 2979 724 3044 πρὸ
781 2979 1064 3046 συνοδικῆς
1126 2980 1469 3047 διαγνώσεως
1508 2985 1721 3051 ἀποστῇ
1761 2982 1860 3050 τῆς

372 3086 386 3116 ι
437 3069 604 3120 αὑτοῦ
658 3073 965 3137 κοινωνίας,
1027 3076 1119 3125 καί
1161 3073 1239 3144 μὴ
1293 3074 1554 3145 ἀναφέρει
1595 3076 1760 3127 αὑτοῦ
1801 3076 1860 3127 τὸ

372 3181 388 3212 ι
436 3160 626 3230 ὄνομα,
660 3163 1050 3234 καθαιρείσθω,
1087 3167 1180 3218 καὶ
1207 3167 1388 3235 πάσης
1429 3169 1709 3238 ἱερατικῆς
1741 3185 1859 3220 στε-

369 3271 386 3301 ι
437 3254 637 3322 ρείσθω
689 3259 875 3324 τιμῆς.
940 3259 1002 3309 Οί
1068 3258 1123 3311 δὲ
1166 3259 1542 3329 συνεπόμενοι,
1597 3261 1861 3328 ίερατικο“ι

378 3364 396 3394 ι
448 3346 544 3414 μέν
608 3347 780 3412 ὄντες,
818 3349 914 3418 τῆς
942 3350 1146 3413 οἰκείας
1205 3351 1370 3421 τιμῆς
1426 3353 1859 3414 ἐκπιπτέτωσαν,

373 3455 392 3486 ι
442 3440 665 3507 μοναχοὶ
729 3440 786 3493 δὲ
839 3441 870 3510 ἦ
918 3443 1118 3506 λαῐκοὶ,
1173 3441 1620 3510 ἀφοριζὲσθωσαν
1671 3444 1861 3513 μέχρις

375 3547 393 3580 ι
441 3532 843 3600 ἐπιστραφεῖεν.
891 3552 908 3582 ι

924 3626 1163 3680 ΚΑΝΩΝ
1192 3625 1292 3680 ω’.

300 3715 428 3769 ιδΕἷ
462 3733 544 3779 τις
572 3719 898 3780 ἐπίσκοπος,
936 3719 1284 3788 ἐγκλήματος
1341 3721 1618 3789 πρόφασιν
1677 3719 1862 3771 ποιού-

369 3827 386 3858 ι
435 3826 594 3878 μενος
631 3810 878 3862 κατάτοῦ
915 3809 1118 3862 οἰκείου
1163 3812 1560 3880 μητροπολίτου
1593 3812 1699 3880 πρὸ
1730 3829 1858 3864 συν-

369 3923 388 3954 (
431 3902 619 3971 οδικῆς
661 3901 1026 3968 διαγνώσεως,
1058 3904 1358 3973 ἀποστήσει
1388 3904 1580 3956 ἑαυτὸν
1609 3905 1705 3972 τῆς
1725 3905 1860 3974 προς

370 4015 387 4044 ι
437 3996 599 4046 αὐτὸν
651 3993 959 4056 κοινωνίας,
1020 3993 1226 4063 καὶμὴ
1282 3995 1542 4064 ἀναφέρει
1582 3996 1642 4047 τὸ
1688 3996 1859 4063 ονομα

373 4108 391 4140 ι
438 4086 604 4140 αὐτοῦ
641 4085 784 4139 κατὰ
809 4085 870 4138 τὸ
895 4085 1200 4153 εἰθισμένον
1239 4089 1298 4138 ἐν
1323 4090 1388 4156 τῇ
1421 4085 1538 4156 θείᾳ
1571 4103 1859 4156 μυσταγω-

367 4201 384 4232 t
432 4181 552 4250 γίᾳ,
579 4179 772 4230 τοῦτον
812 4177 1009 4247 ὥρισεν
1042 4180 1073 4246 ἠ
1107 4179 1235 4246 ἁγία
1278 4179 1494 4241 σύνοδος
1535 4179 1856 4249 καθῃρημέ-

371 4289 388 4322 t
438 4289 525 4322 νον
585 4266 750 4333 εἶναι,
801 4269 850 4320 εί
899 4268 1058 4338 μόνον
1099 4269 1402 4339 ἐλεγχθείη,
1469 4269 1713 4332 ἀποστὰς
1763 4268 1855 4321 τοῦ

373 4383 391 4415 ι
437 4361 643 4414 οίκείου
678 4359 1076 4430 μητροπολίτου
1108 4360 1200 4413 καὶ
1235 4360 1438 4429 σχίσμα
1469 4361 1698 4429 ποιήσας
1732 4375 1747 4391 ⁶
1777 4359 1858 4412 δεῖ

371 4476 388 4504 ι
437 4459 546 4522 γὰρ
589 4455 820 4505 ἕκαστον
851 4455 918 4505 τὰ
971 4455 1147 4505 οἰκεῖα
1205 4453 1380 4520 μέτρα
1423 4451 1727 4517 γινώσκειν,
1763 4453 1854 4504 καὶ

368 4569 383 4596 σ
432 4548 570 4613 μήτε
601 4544 693 4596 τὸν
726 4545 1098 4614 πρεσϐύτερον
1141 4547 1504 4612 καταφρονεῖν
1526 4545 1621 4596 τού
1651 4545 1851 4598 οἰκείου
1887 4572 1932 4627 D

365 4657 381 4686 ι
432 4634 756 4695 ἐπισκόπου,
805 4636 942 4703 μήτε
999 4636 1088 4694 τὸν
1137 4635 1440 4687 ἐπίσκοπον
1495 4631 1589 4688 τοῦ
1649 4637 1850 4688 οἰκείου

369 4748 384 4778 ι
438 4726 861 4796 μητροπολίτου.
914 4745 933 4778 ι

362 4819 556 4871 ΒΛΛΣ.
599 4819 707 4873 Καὶ
743 4818 771 4869 ὁ
811 4817 1002 4886 παρὼν
1051 4819 1230 4870 κανὼν
1260 4821 1445 4887 ὅμοιος
1499 4825 1642 4874 κατὰ
1673 4821 1853 4872 πάντα

289 4913 404 4964 ἐστὶ
445 4912 522 4980 τῷ
566 4910 669 4980 πρὸ
713 4909 897 4975 αὑτοῦ,
941 4910 1043 4963 κᾶν
1067 4911 1355 4983 διαλλάττῃ
1409 4914 1632 4982 περὶτὰ
1679 4914 1849 4981 προσ-

289 5021 434 5056 ωπι.

304 5124 312 5132 -
363 5099 607 5154 ΖΩΝΑΡ.
651 5097 731 5151 Τά
776 5097 915 5151 αὐτὰ
948 5098 1044 5151 τοῦ
1080 5100 1354 5168 ἀνωτέρου
1396 5102 1614 5159 κανόνος
1670 5101 1762 5151 καὶ
1824 5099 1852 5150 ὀ

289 5190 471 5244 κανὼν
499 5181 653 5253 οὗτος
693 5191 825 5260 περὶ
857 5192 1177 5246 ἐπισκόπων
1209 5192 1615 5260 ἀποσχιζόντων
1646 5194 1711 5243 ἐκ
1745 5193 1851 5244 τάν

290 5285 437 5336 ἰδίων
469 5282 906 5353 μητροπολιτῶν,
945 5285 1040 5334 καὶ
1070 5282 1144 5351 μὴ
1190 5281 1594 5334 κοινωνούντων
1643 5284 1847 5342 αὐτοῖς,

288 5375 423 5445 μηδὲ
459 5375 838 5444 ἀναφερόντων
863 5373 1082 5437 αὐτοὺς,
1110 5374 1428 5444 διορίζεται.

286 5470 504 5537 ΑΡΙΣΤ.
542 5489 560 5522 t
597 5471 708 5526 Καὶ
763 5470 817 5523 εἰ
853 5487 936 5533 τις
1006 5467 1302 5530 ἐπίσκοπος
1357 5468 1490 5520 αὐτὸ
1537 5466 1695 5519 τοῦτο
1733 5468 1852 5519 το).-

363 5581 383 5613 ι
432 5564 596 5633 μήσει
633 5562 774 5616 κατά
812 5563 906 5615 τοῦ
947 5560 1150 5614 οἰκείου
1187 5559 1614 5630 μητροπολίτου,
1659 5560 1858 5650 καθαιῖ

361 5673 380 5708 t
429 5655 660 5727 ρείσθω..
691 5658 780 5707 Δεί
808 5655 915 5725 γὰρ
949 5654 1179 5706 ἕκαστον
1202 5653 1271 5704 τὰ
1294 5654 1466 5736 ρίκεῖα
1494 5653 1668 5722 μέτρα
1694 5651 1852 5718 γινω-

361 5766 381 5798 ε
431 5766 598 5805 σχειν.

604 5842 872 5902 PATROL.
927 5842 1040 5900 GR.
1089 5838 1422 5901 CXXXVII.

1967 2806 2194 2861 ARIST.
2229 2829 2245 2858 ‹
2285 2809 2338 2862 Si
2363 2807 2484 2876 quis
2516 2809 2796 2878 presbyter
2829 2808 2909 2861 vel
2939 2809 3201 2861 diaconus
3229 2845 3244 2865 .
3275 2805 3529 2858 nimirum

2046 2919 2076 2973 «η
2102 2919 2162 2954 ac
2185 2902 2227 2954 si
2251 2902 2558 2970 episcopum
2582 2917 2738 2954 suum
2764 2901 3256 2966 etcriuiinealiquo
3281 2896 3419 2950 cond
3458 2912 3530 2946 Iu-

2043 3010 2060 3041 ι
2110 3002 2283 3055 uaret,
2335 3003 2458 3047 ante
2489 2992 2803 3062 synodalem
2859 2990 3246 3056 cognitionem,
3293 2987 3362 3040 ab
3391 2987 3532 3040 illius

2044 3104 2060 3132 ι
2103 3085 2488 3139 comnutuione
2517 3101 2573 3140 se
2609 3083 2950 3148 subduxi'rit,
2984 3097 3037 3137 et
3065 3098 3257 3136 nomen
3288 3082 3532 3149 ejus-non

2043 3196 2060 3224 ι
2109 3177 2374 3238 retulerit.
2403 3178 2731 3246 deponatur,
2751 3188 2801 3230 et
2831 3175 3320 3230 oruuisacerdotali
3357 3174 3534 3241 digni-

2042 3289 2057 3318 ι
2104 3280 2212 3322 tate
2241 3271 2502 3339 privetur.
2539 3269 2640 3334 Qui
2668 3281 2844 3322 autem
2869 3285 2992 3322 eum
3027 3276 3454 3338 consequuntur,
3486 3266 3530 3319 si

2039 3381 2057 3412 ι
2095 3361 2310 3430 quidem
2339 3362 2508 3416 sacris
2553 3364 2661 3415 sint
2717 3361 2932 3424 initiati,
2969 3360 3231 3426 dignitate
3269 3359 3532 3413 stzaeu-i-

2042 3473 2058 3502 ‹
2096 3454 2222 3506 dant
2254 3473 2266 3506 :
2293 3453 2375 3506 sin
2401 3453 2654 3507 numacbi
2677 3454 2756 3507 vel
2789 3453 2930 3516 laici,
2956 3442 3322 3522 segregentur,
3359 3465 3530 3520 usque

2042 3564 2056 3594 t
2098 3545 2224 3596 dum
2267 3548 2465 3600 reversi
2497 3546 2717 3599 fuerint.
2761 3565 2776 3596 ι

2409 3637 2573 3709 354
2611 3635 2840 3692 CANON
2891 3635 3028 3692 xw.

1971 3746 1987 3775 ι
2027 3725 2079 3778 Si
2136 3731 2261 3796 quis
2325 3731 2615 3799 episcopus
2673 3732 3080 3801 metropolitani
3135 3747 3340 3787 crimen
3393 3749 3530 3803 pra-.-

2047 3840 2062 3869 ι
2105 3831 2314 3885 texens,
2358 3833 2485 3876 ante
2527 3823 2841 3894 synodaletn
2872 3827 3259 3894 cognitionem,
3292 3830 3526 3896 seipsum

2043 3931 2058 3962 ι
2109 3916 2177 3966 ab
2215 3916 2333 3982 ejus
2385 3918 2768 3972 communione
2818 3919 3181 3981 subduxerit,
3225 3931 3274 3974 et
3330 3938 3524 3976 nonum

2041 4024 2056 4051 ι
2095 4004 2210 4071 ejus
2238 4005 2291 4056 in
2334 4004 2502 4057 divini
2539 4009 2786 4076 mysterii
2818 4010 3182 4064 celebratione
3214 4021 3270 4063 ut
3300 4029 3528 4067 consul»

2039 4115 2056 4146 ‹
2098 4104 2210 4150 turn
2241 4107 2345 4160 est,
2377 4112 2483 4150 non
2513 4098 2740 4163 referat;
2770 4112 2956 4154 sancta
2997 4103 3237 4170 synodus
3281 4118 3404 4157 eum
3437 4109 3528 4160 de-

2041 4208 2056 4238 ι
2100 4189 2334 4256 positum
2365 4206 2487 4244 csse
2512 4191 2724 4255 statuit,
2753 4193 2796 4245 si
2825 4202 3031 4246 tantmn
3059 4197 3339 4252 convictus
3365 4197 3527 4254 fuerit

2039 4300 2055 4329 ι
2096 4298 2124 4334 a
2155 4282 2375 4350 preprio
2407 4277 2830 4352 metropolitano
2879 4285 3172 4341 recessisse
3201 4297 3253 4341 et
3284 4291 3523 4346 schisma

2036 4393 2052 4423 ι
2099 4374 2309 4429 iecisse.
2344 4373 2574 4444 Oportet
2599 4375 2744 4429 enim
2789 4393 3228 4448 unumquemque
3277 4385 3523 4452 praprias

2036 4487 2051 4514 i
2092 4482 2386 4524 .mensuras
2421 4459 2752 4537 cOgttuscere
2778 4478 2830 4522 et
2859 4485 2956 4523 nec
2985 4471 3360 4541 presbyterum
3395 4491 3523 4545 pro-

2035 4579 2052 4608 ι
2092 4563 2266 4628 prium
2311 4563 2619 4630 episcopm‘u
2658 4573 3006 4618 contemnere
3060 4581 3156 4619 nec
3202 4569 3516 4639 episcopum

2033 4670 2050 4699 ‹
2094 4655 2374 4721 proprium
2407 4655 2902 4721 metmpolitanum.
2931 4673 2960 4704 π»

2029 4829 2220 4884 BALS.
2265 4829 2508 4885 Praesens
2540 4847 2754 4901 quoque
2785 4849 2956 4886 canon
2992 4837 3316 4902 pra-cedenti
3349 4848 3431 4889 est
3463 4838 3514 4890 in
3591 4889 3594 4892 .

1958 4923 2208 4976 omnibus
2241 4922 2458 4986 similis,
2492 4925 2702 4977 etiamsi
2732 4925 2783 4977 in
2813 4924 3061 4993 personis
3102 4926 3370 4980 diﬂerant.

2026 5101 2274 5158 ZONAR.
2309 5104 2505 5157 Eadem
2538 5119 2658 5157 cum
2685 5105 2951 5173 superiori
2985 5119 3190 5157 canone
3215 5104 3282 5158 de
3310 5105 3508 5172 epiSco—

1957 5199 2063 5265 pis,
2099 5198 2187 5264 qui
2235 5211 2294 5250 se
2342 5215 2370 5248 a
2415 5197 2953 5264 metropolitanorum
3005 5211 3228 5247 suorum
3295 5196 3513 5258 conjun-

1957 5289 2144 5340 ctione
2178 5287 2461 5344 divelluut.
2506 5302 2604 5339 nec
2635 5287 2714 5339 eis
2743 5285 3166 5350 communicant,
3199 5301 3298 5340 nec
3329 5303 3512 5342 eorum

1956 5380 2174 5434 nomina
2206 5379 2465 5442 referunt,
2502 5381 2586 5432 hic
2617 5393 2830 5446 quoque
2859 5391 3030 5429 cauou
3061 5378 3325 5432 decernit.

2025 5470 2248 5525 AlllS'l'.
2291 5491 2308 5521 ι
2347 5471 2413 5523 Et
2454 5471 2500 5523 si
2539 5471 2661 5538 quis
2692 5470 2979 5536 episcOpus
3033 5469 3085 5522 id
3123 5469 3299 5540 ipsmn
3347 5487 3511 5528 ausus

1963 5583 1980 5616 ι
2027 5565 2185 5618 fuerit
2213 5575 2402 5616 contra
2445 5579 2601 5615 suum
2640 5561 3154 5630 metropolitanum,
3189 5561 3512 5630 deponatur.

1962 5674 1979 5705 ι
2017 5654 2240 5721 Oportet
2275 5656 2416 5708 enim
2447 5668 2880 5722 mmmquemque
2918 5652 3168 5722 proprias
3202 5667 3330 5710 suas
3368 5669 3508 5710 men-

1962 5765 1978 5796 ι
2017 5751 2176 5802 suras
2205 5759 2551 5816 cognosccl‘c.
2592 5764 2608 5797 ι

3051 5840 3126 5902 34
