4074 6214
812 357 814 364 ’
1205 351 1435 410 ’(ΣΑΝΟΝ
1487 353 1602 420 XV.

626 470 648 507 ι
692 453 823 519 Qum
851 451 919 506 de
965 450 1301 519 presbyteris
1333 457 1385 500 et
1429 445 1699 516 episcopis
1733 455 1786 500 et
1821 445 2189 514 metropolita-

703 563 722 596 ‹
773 545 854 598 uis
890 540 1194 596 constituta
1238 549 1384 604 sunt,
1418 539 1588 594 multo
1619 537 1786 606 magis
1815 537 1974 590 etiam
2014 539 2064 590 in
2097 551 2190 604 pa-

701 656 718 687 ι
767 634 1036 688 triarchas
1061 631 1412 687 conveniunt.
1451 630 1813 696 Quamobrem
1840 629 1884 684 si
1911 629 2032 697 quis
2069 645 2188 697 pre-

697 746 715 778 ι
759 727 968 796 sbyter,
1003 726 1086 777 vel
1117 725 1430 793 episcopus,
1459 721 1540 775 vel
1569 721 2022 789 metropolitanus
2050 735 2078 771 a
2103 719 2186 772 sui

698 836 716 868 ι
745 815 1084 886 patriarcha:
1110 813 1494 868 communione
1518 811 1772 866 recedere
1796 827 1966 865 ausus
2003 810 2185 873 fuerit,

695 928 714 960 ι
755 921 811 962 et
845 923 1043 963 nomen
1078 907 1199 977 ejus
1236 908 1288 960 in
1321 906 1489 961 divini
1513 905 1755 976 mysterii
1797 903 2183 962 celebratimie,

695 1021 712 1053 ι
755 1014 913 1072 prout
942 1003 1302 1055 constitutum
1332 1007 1414 1054 est
1455 1009 1508 1054 et
1547 997 1856 1051 ordinatum
1895 1011 2000 1048 non
2051 993 2187 1046 refe-

696 1116 712 1147 ι
759 1105 860 1156 rat,
895 1093 991 1149 sed
1025 1101 1150 1146 ante
1181 1093 1439 1162 synodale
1472 1091 1773 1151 decretum,
1802 1098 1853 1142 et
1891 1087 2183 1156 perfectam

697 1210 713 1240 ι
757 1192 874 1258 ejus
913 1185 1420 1241 condemnationem
1449 1184 1690 1237 schisma
1723 1181 1949 1242 fecerit;
1987 1179 2183 1231 statuit
2262 1207 2264 1212 ι

697 1303 713 1332 ι
760 1290 948 1334 sancta
999 1279 1239 1349 synodus
1272 1293 1394 1330 eum
1427 1290 1547 1330 esse
1580 1275 1648 1326 ab
1683 1273 1829 1325 omni
1884 1271 2207 1325 sacerdotio‘

696 1394 712 1424 ι
751 1376 1006 1436 alienum,
1050 1373 1094 1424 si
1131 1370 1183 1423 in
1217 1369 1317 1422 hoc
1357 1367 1531 1422 solum
1561 1366 1854 1433 deliquisse
1892 1364 2182 1417 convictus

697 1486 712 1516 ι
758 1465 942 1520 fuerit.
974 1462 1184 1540 Ethice
1216 1461 1434 1531 quidem
1467 1459 1764 1513 constituta
1809 1465 1861 1510 ct
1901 1457 2184 1524 obsignata

697 1579 712 1610 ι
758 1570 884 1613 sunt
914 1557 980 1610 de
1008 1556 1102 1619 iis,
1134 1555 1222 1624 qui
1260 1553 1568 1622 aliquorum
1601 1549 1892 1602 criminum
1929 1555 2184 1618 praetextu

695 1669 778 1706 ea
815 1651 1053 1722 propriis
1095 1646 1422 1719 praesulibus
1477 1644 1780 1703 recedunt,
1837 1650 1890 1694 et
1947 1639 2182 1692 sehisma

695 1766 712 1797 ι
763 1745 989 1805 faciunt,
1031 1750 1084 1793 et
1115 1736 1668 1794 Ecclesiaz'unionem
1705 1731 2035 1786 convellunt.
2077 1728 2178 1794 Qui

695 1857 712 1887 ι
755 1837 898 1890 enim
927 1843 1148 1904 propter
1199 1829 1428 1883 lueresin
1479 1826 1738 1894 aliquam,
1770 1838 1798 1874 a
1848 1822 2049 1880 sanctis
2083 1821 2183 1884 Pa,-

697 1951 714 1983 ‹
756 1931 933 1985 tribus
966 1929 1048 1982 vel
1080 1925 1305 1997 synodis
1330 1922 1766 1976 condemnatam.
1793 1933 1852 1971 se
1879 1932 1906 1968 a
1932 1917 2180 1986 przesulis

699 2045 714 2073 ς
753 2021 1136 2078 communione
1190 2023 1483 2085 separant,
1546 2011 1639 2065 illo
1695 2010 1925 2063 literesin
1973 2008 2181 2062 scilicet

697 2138 712 2168 ι
759 2115 972 2185 publice
1009 2105 1357 2181 praedicante,
1387 2115 1441 2161 ct
1477 2104 1621 2158 nudo
1649 2105 1825 2172 capite
1869 2103 1921 2155 in
1951 2100 2182 2154 ecclesia

614 2265 622 2274 ,
698 2231 713 2262 ι
756 2213 1020 2273 docente;
1084 2206 1118 2258 ii
1149 2220 1255 2257 non
1311 2194 1804 2255 solum’cauonica:
1853 2210 2026 2264 ρατηερ
2072 2211 2179 2246 non

696 2324 714 2356 ι
756 2302 1134 2372 subjicientur,
1171 2307 1296 2349 ante
1331 2293 1644 2363 synodaletn
1679 2289 2042 2364 cognitionem
2073 2287 2182 2341 sei—

697 2417 713 2448 ι
753 2410 880 2465 psos
907 2408 934 2445 a
956 2391 1341 2446 communione
1366 2385 1501 2453 ejus,
1527 2384 1619 2455 qui
1653 2380 2180 2452 episcopus'dicitur,

696 2508 715 2540 ι
758 2487 1106 2555 scjungontcs
1143 2500 1157 2537 :
1197 2480 1291 2536 sed
1348 2489 1400 2533 et
1454 2479 1682 2540 honore,
1735 2476 1828 2544 qui
1866 2473 2181 2527 orthodoxis

683 2600 716 2631 ιι
754 2577 1026 2639 convenit,
1062 2573 1213 2643 digni
1259 2571 1619 2625 habebuntur.
1651 2565 1767 2620 Non
1794 2565 1937 2619 enim
1974 2565 2184 2634 episco-

697 2694 714 2725 ι
756 2686 876 2742 pos,
917 2668 1010 2723 sed
1057 2665 1514 2736 pseudepiscopos
1559 2662 1814 2714 doctores
1846 2657 2181 2712 condemna-

697 2784 716 2817 ι
758 2771 882 2818 ruut
926 2777 940 2813 :
991 2767 1045 2813 et
1096 2775 1199 2812 non
1251 2756 1550 2836 schismate
1601 2752 1861 2806 Ecclesia:
1917 2749 2178 2804 unionem

697 2877 716 2910 ι
763 2855 1185 2914 consciderunt,
1229 2852 1320 2908 sed
1375 2865 1406 2902 a
1453 2846 1841 2904 scliismatihus
1871 2853 1923 2898 et
1954 2843 2182 2898 divisio-

698 2972 717 3004 ι
756 2952 916 3006 ribus
951 2949 1248 3004 Ecclesium
1281 2947 1514 3000 liberare
1542 2942 1896 2998 studuerunt.
1942 2957 1958 2989 ι
1991 2989 1993 2995 ,

689 3215 887 3270 BALS.
927 3213 1022 3268 llic
1052 3226 1271 3284 quoque
1319 3225 1562 3280 prazsens
1608 3223 1782 3264 canon
1831 3206 2022 3263 eadem
2060 3221 2184 3260 cum

569 3287 576 3304 ’
622 3310 692 3365 53
723 3319 777 3363 et
815 3306 884 3362 M
930 3322 1140 3361 canone
1188 3305 1370 3375 aliqua
1417 3319 1483 3357 ex
1529 3309 1680 3372 parte
1725 3301 1997 3370 praecepit.
2049 3297 2190 3350 Dicit

618 3404 763 3457 enim
800 3415 886 3464 ea,
912 3413 1032 3469 qua:
1068 3396 1219 3468 prius
1258 3389 1655 3464 definita‘suut,
1688 3390 1850 3446 etiam
1879 3390 1931 3444 in
1962 3388 2191 3459 patriar-

619 3493 774 3546 cham
806 3490 976 3544 multo
1008 3487 1178 3558 magis
1200 3486 1510 3546 convenire,
1538 3483 1760 3555 quando
1791 3483 1859 3536 ah
1887 3483 2008 3548 ejus
2035 3494 2187 3534 com-

621 3581 879 3636 munione
915 3593 974 3634 se
1019 3579 1142 3648 quis
1173 3585 1378 3646 temere
1409 3575 1769 3632 subtraxerit.
1806 3572 2040 3627 Perinde
2083 3587 2186 3626 au-
2270 3587 2274 3594 ·

622 3683 728 3728 tetu
761 3688 823 3727 ac
852 3672 896 3726 si
931 3671 1162 3726 dixisset
1188 3669 1480 3740 quispiam,
1515 3669 1560 3722 si
1599 3681 1666 3722 ex
1700 3680 1865 3722 causa
1897 3665 2184 3736 probabili,

621 3766 875 3821 videlicet
907 3773 1132 3835 propter
1165 3763 1391 3816 lueresin
1431 3760 1665 3816 fortasse
1687 3801 1701 3825 ,
1753 3759 1879 3828 quis
1921 3775 1950 3813 a
1982 3761 2188 3830 proprii

621 3857 884 3912 antistitis
937 3854 1323 3911 communione
1375 3853 1686 3917 recesserit,
1738 3867 1838 3907 cur
1889 3851 2188 3922 punietur?

622 3944 1082 4015 infcrunLPatres
1109 3983 1126 4011 ,
1151 3947 1295 4016 quod
1329 3945 1444 3998 haec
1473 3953 1602 3997 tunc
1637 3942 1791 4008 fiunt,
1833 3942 2048 4012 quando
2087 3941 2184 3994 alis

620 4043 777 4108 cujus
820 4038 1122 4093 criminalis
1151 4051 1333 4092 causa:
1382 4044 1646 4106 prmtextu
1683 4049 1778 4104 per
1811 4051 1868 4089 se
1907 4035 2031 4104 quis
2064 4049 2187 4102 pro-

623 4133 795 4202 prium
819 4110 1096 4201 pastoi'em
1126 4127 1594 4190 condemnaverit,
1620 4135 1674 4180 et
1703 4128 1823 4181 ideo
1845 4128 2086 4197 scipsum
2120 4127 2189 4180 ab

622 4243 685 4279 eo
720 4224 1037 4288 absciderit,
1070 4231 1124 4275 et
1160 4225 1261 4276 hoc
1291 4221 1452 4276 modo
1491 4221 1746 4276 Ecclesiae
1779 4222 2035 4275 unionem
2069 4235 2190 4287 pcr-

605 4308 851 4388 'rupcrit.
892 4315 947 4370 Si
984 4317 1125 4370 enim
1181 4330 1284 4370 non
1333 4323 1554 4383 propter
1580 4309 2188 4368 critninalem'aceusa-

632 4413 857 4475 tionem,
892 4409 984 4462 sed
1031 4417 1255 4479 propter
1298 4407 1531 4461 ItaBI't'Sin
1559 4448 1574 4472 ,
1609 4407 1847 4476 seipsum
1901 4423 1930 4461 a
1969 4407 2186 4476 proprio
2218 4404 2263 4459 Ι)

621 4503 878 4573 episcopo
907 4502 1236 4570 sejuuxerit,
1267 4499 1348 4552 vel
1380 4499 1823 4568 metropolitano,
1846 4499 1925 4552 vel
1958 4502 2188 4568 patriar-

622 4598 748 4656 cha,
779 4605 1036 4661 tanquam
1072 4593 1124 4645 in
1160 4593 1393 4649 ecclesia
1433 4593 1553 4647 sine
1584 4592 1790 4661 pudore
1827 4593 2058 4646 docente
2087 4596 2187 4646 do-

623 4691 829 4743 ctrinas
861 4687 1124 4758 quasdam
1165 4701 1196 4740 a
1249 4695 1397 4740 recto
1441 4689 1690 4758 dogmate
1740 4687 1985 4752 alienas;
2041 4688 2087 4741 is
2135 4698 2189 4742 et

626 4793 751 4836 autc
787 4782 1080 4849 perfectam
1111 4779 1493 4848 cosuitionem,
1527 4790 1580 4834 et
1616 4781 1787 4834 multo
1825 4782 1990 4853 magis
2027 4783 2189 4835 etiam

631 4884 750 4944 post
775 4873 1168 4943 cogriitiooem,
1199 4873 1243 4927 si
1274 4890 1511 4943 seipsum
1551 4891 1579 4927 τι
1626 4880 1708 4928 sui
1748 4880 2007 4945 praesulis
2049 4895 2194 4931 cotu-

630 4971 887 5022 munionc
921 4966 1224 5035 sejunxerit
1250 4965 1332 5020 vel
1359 4959 1718 5036 scparave’rit,
1748 4986 1851 5022 non
1877 4971 2051 5023 solum
2085 4988 2188 5023 non

630 5062 904 5130 punietur,
942 5060 1035 5114 sed
1092 5059 1254 5112 etiam
1305 5071 1362 5113 ut
1415 5062 1751 5115 orthodoxns
1813 5062 2189 5116 ltonorabitur.

628 5151 742 5206 Non
774 5153 920 5205 enim
952 5151 1099 5205 scab
1123 5151 1377 5220 episcopo
1406 5152 1695 5213 abscindit,
1722 5150 1815 5203 Sed
1845 5167 1874 5202 ιι
1906 5151 2194 5220 pseudepi-

629 5260 794 5314 scopo
1018 5253 1071 5298 et
1098 5245 1235 5299 falso
1265 5245 1487 5297 ductore
1514 5261 1526 5293 :
1553 5243 1772 5312 etquod
1804 5243 1871 5295 ab
1899 5260 1963 5296 eo
1994 5243 2201 5296 factum.

632 5347 714 5391 est
748 5338 904 5392 laude
935 5339 1196 5408 dignum;
1232 5346 1290 5390 ut
1344 5337 1489 5405 quod
1550 5337 1849 5392 Ecclesium
1909 5354 2014 5390 non
2065 5355 2194 5390 ωηο

634 5433 868 5492 scindat,
903 5431 996 5485 sed
1029 5446 1147 5485 eam
1192 5430 1364 5502 magis
1397 5431 1712 5500 conjungat,
1763 5440 1817 5484 et
1869 5447 1898 5483 a
1934 5429 2200 5484 divisioiie

634 5522 849 5576 liberet.
885 5524 1096 5577 Dictum
1133 5533 1217 5576 est
1245 5534 1424 5578 autem
1457 5542 1483 5575 a
1518 5538 1747 5584 canone,
1785 5524 2195 5578 schismaticum

636 5615 705 5666 ah
735 5614 880 5667 omni
929 5615 1235 5669 sacerdotio
1271 5619 1464 5671 debere
1499 5632 1622 5671 esse
1669 5617 1932 5680 alienum,
1978 5627 2198 5686 propter

634 5720 727 5761 eos
755 5710 847 5767 qui
876 5707 1066 5763 dicunt
1101 5709 1414 5777 huiusmodi
1469 5711 1716 5766 homines
1766 5710 1962 5766 debere
2022 5711 2201 5782 aliquo

1877 229 2159 301 THEOD.
2192 240 2598 301 BALSAMON

2864 351 3106 406 ΚΑΝΩΝ
3161 351 3263 406 ιε’.

2296 463 2314 495 ι
2365 446 2443 498 Τὰ
2481 445 2766 516 ὁρισθέντα
2821 447 2912 499 ἐπὶ
2948 445 3338 517 πρεσϐυτέρων
3389 444 3482 498 καὶ
3536 446 3835 502 ἐπισκόπων

2339 537 2386 590 ἰ
2429 540 2525 592 καὶ
2551 539 2964 608 μητροπολιτῶν
3005 538 3185 608 πολλῷ
3214 538 3412 608 μᾶλλον
3456 542 3549 593 καὶ
3607 542 3699 595 ἐπὶ
3747 561 3833 596 πα-

2365 649 2384 682 ι
2423 629 2699 701 τριαρχῶν
2730 631 2985 701 ἁρμόζει.
3028 633 3213 693 Ὥστε,
3251 631 3417 694 εἴτις
3471 633 3832 706 ὲπίσκοπο;,ῆ

2365 742 2383 774 ι
2425 723 2818 794 πρεσϐύτερος,
2856 724 2888 793 ἢ
2917 725 3340 794 ⁴μητροπολίττις
3368 726 3697 794 τολμήσειεν
3713 729 3830 779 ἀπο-

2364 834 2382 866 ι
2423 815 2616 884 στῆναι
2672 816 2768 885 τῆς
2802 817 2936 886 πρὸς
2966 816 3055 870 τὸν
3082 818 3280 869 οἰκεῖον
3314 819 3660 888 πατριάρχην
3681 837 3834 874 κοινω-

2370 927 2387 958 ι
2427 908 2568 970 νίας,
2603 907 2697 961 καὶ
2735 907 2810 978 μὴ
2835 909 3094 978 ἀναφέροι
3139 909 3199 960 τὸ
3235 909 3408 978 ὃνιμα
3437 910 3602 963 αὐτοῦ
3633 915 3761 965 κατὰ
3786 917 3832 966 τὸ

2364 1021 2382 1053 ι
2419 1003 2726 1073 ὡρισμένον
2754 1004 2847 1055 καὶ
2864 1003 3282 1071 διατεταγμένον
3311 1003 3367 1054 ὲν
3407 1007 3472 1074 τῇ
3509 1003 3632 1075 θείᾳ
3656 1023 3830 1074 μυστα-

2366 1115 2382 1146 ι
2423 1095 2625 1167 γωγίᾳ,
2643 1094 2779 1148 ἀλλὰ
2797 1094 2902 1164 πρὸ
2916 1093 3215 1162 ἐμφανείας
3235 1095 3520 1160 συνοδικῆς
3539 1098 3636 1148 καὶ
3652 1099 3832 1163 τελείας

2365 1208 2383 1240 ι
2427 1188 2594 1241 αὐτοῦ
2654 1187 3034 1258 κατακρίσεως
3069 1185 3305 1256 ισχίσμα
3366 1189 3607 1256 ποιήσει·
3668 1190 3830 1244 τοῦτον

2366 1295 2383 1327 ι
2425 1278 2626 1346 ὥρισεν
2660 1278 2692 1346 ή
2725 1277 2856 1344 ἁγία
2885 1275 3103 1338 σύνοδος
3134 1269 3316 1346 πάσης
3354 1277 3631 1345 ἱερατείας
3659 1297 3830 1333 παντε-

2364 1389 2382 1419 ι
2433 1369 2540 1431 λῶς
2571 1368 2852 1438 ἀλλότριον
2892 1363 3054 1432 εἶναι,
3095 1369 3143 1419 εί
3178 1368 3340 1436 μόνον
3386 1369 3671 1442 ἐλεγχθείη
3697 1375 3828 1428 τοῦτο

2372 1481 2390 1512 ι
2435 1461 2855 1532 παρανομήσας.
2918 1461 3030 1512 Καὶ
3081 1459 3255 1512 ταῦτα
3312 1462 3411 1530 μὲν
3482 1462 3706 1530 ὥρισται
3752 1471 3828 1519 καὶ

2366 1573 2383 1605 ι
2431 1553 2800 1624 ἐσφράγισται
2836 1552 3102 1624 περὶτῶν
3149 1557 3421 1623 προφάσει
3471 1557 3631 1611 τινῶν
3660 1558 3826 1628 έγκλη·

2367 1665 2386 1698 ι
2437 1646 2625 1716 μάτων
2671 1647 2784 1699 τῶν
2844 1647 3072 1714 οἰκείων,
3119 1647 3509 1717 ἀφισταμένων
3557 1653 3825 1722 προέδρων,

2371 1759 2387 1790 ι
2434 1741 2529 1792 καὶ
2554 1741 2826 1809 σχίσματα
2880 1741 3200 1806 ποιούντων,
3232 1742 3332 1794 κα)⁸
3383 1742 3482 1812 τὴν
3515 1743 3695 1797 ἕνωσιν
3739 1747 3825 1814 τῆς

2369 1853 2387 1885 ι
2428 1833 2759 1904 Ἐκκλησίας
2788 1834 3164 1889 διασπώντων.
3200 1837 3262 1888 Oi
3282 1836 3391 1907 γὰρ
3414 1838 3482 1891 δι’
3501 1840 3695 1907 αἵρεσίν
3713 1859 3820 1893 τινα

2365 1945 2383 1978 ι
2429 1928 2578 1998 παρὰ
2621 1927 2730 1980 τῶν
2785 1927 2956 1994 ἁγίων
3013 1929 3247 1983 συνόδων
3296 1931 3328 1999 ἢ
3385 1931 3630 2002 Πατέρων
3669 1950 3812 1986 κατε-

2365 2039 2383 2071 (
2429 2022 2756 2089 γνωσμὲνην
2781 2021 2882 2089 τῆς
2936 2022 3072 2089 πρὸς
3122 2021 3213 2074 τὸν
3268 2022 3516 2094 πρόεδρον
3560 2026 3812 2087 κοινωνίας

2358 2131 2375 2163 ι
2429 2113 2658 2174 ἑαυτοὺς
2726 2111 3151 2176 διαστέλλοντες,
3220 2115 3426 2176 ἐκείνου
3472 2115 3570 2186 τὴν
3629 2117 3816 2186 αἰρεσιν

2369 2221 2386 2252 ι
2433 2202 2676 2271 δηλονότι
2705 2201 2945 2274 δημοσίᾳ
2978 2203 3367 2281 κηρύττοντος,
3424 2207 3519 2259 καὶ
3541 2208 3709 2276 γυμνῇ
3761 2210 3814 2274 τῇ

2365 2312 2386 2346 ι
2432 2294 2638 2364 κεφαλῇ
2684 2295 2772 2346 ἐπ’
2813 2294 3106 2365 ἐκκλησίας
3144 2293 3586 2361 διδάσκοντος,ὀὶ
3612 2299 3813 2350 τοιοῦτοι

2367 2404 2386 2436 ι
2434 2386 2494 2438 οὐ
2531 2388 2689 2456 μόνων
2720 2389 2786 2456 τῇ
2823 2391 3080 2458 κανονικῇ
3111 2390 3434 2459 ἐπιτιμήσει
3467 2391 3569 2460 οὐχ
3625 2391 3804 2442 ὑποκεί-

2375 2497 2393 2528 ‹
2441 2495 2648 2543 σονται,
2680 2481 2785 2556 πρὸ
2817 2479 3101 2550 συνοδικῆς
3123 2481 3469 2548 διαγνώσεως
3499 2483 3705 2554 ἑαυτοὺς
3724 2482 3798 2547 τῆς

2366 2591 2386 2623 ι
2434 2572 2572 2642 πρὸς
2626 2573 2717 2626 τὸν
2797 2573 3132 2642 καλούμενον
3199 2575 3503 2627 ἐπίσκοπον
3577 2573 3796 2634 κοινωνίας

2365 2685 2384 2718 ι
2430 2666 2902 2736 ἀποτειχίζοντες,
2929 2667 3067 2721 ἀλλὰ
3105 2668 3315 2736 καὶτῆς
3354 2665 3796 2737 πρεπούσηςτιμῆς

2369 2777 2388 2810 ι
2434 2758 2735 2828 ὁρθοδόξοις
2787 2758 3179 2829 ἁξιωθήσονται
3206 2775 3222 2791 ·
3283 2759 3345 2811 οὐ
3377 2759 3486 2829 γὰρ
3521 2761 3805 2819 ἐπισκόπων,

2369 2873 2388 2905 ι
2437 2849 2572 2904 ἀλλὰ
2615 2852 3064 2922 ψευδεπισκόπων
3096 2851 3434 2904 διδασκάλων
3479 2855 3808 2918 κατέγνωσαν,

2369 2966 2387 2998 ι
2420 2949 2529 3000 ’καὶ
2559 2947 2619 2998 οὐ
2676 2947 2933 3016 σχίσματι
2968 2944 3066 3015 τὴν
3123 2945 3320 2998 ἕνωσιν
3371 2945 3470 3013 τῆς
3532 2943 3814 3013 Ἐκκλησίας

2366 3059 2383 3090 ι
2432 3037 2757 3107 κατέτεμον,
2803 3037 2936 3090 ἀλλὰ
2975 3037 3293 3107 σχισμάτων
3328 3037 3420 3089 καὶ
3451 3035 3724 3106 μερισμῶν
3741 3034 3816 3100 τὴν

2371 3152 2391 3186 ι
2445 3132 2771 3202 Ἐκκλησίαν
2795 3132 3140 3185 ἐσπούδασαν
3171 3130 3462 3201 ῥύσασθαι.
3508 3150 3528 3182 ι
3727 3184 3730 3185 ,

2357 3228 2551 3280 ΒΑΛΣ.
2583 3227 2694 3279 Καὶ
2727 3220 2883 3288 οὗτος
2911 3226 2938 3277 ό
2971 3221 3151 3277 κανὼν
3209 3224 3276 3276 τὰ
3325 3223 3466 3275 αὖτᾶ
3518 3221 3603 3292 τῷ
3641 3219 3703 3289 ιγ’
3745 3218 3822 3269 καὶ

2291 3318 2350 3372 ιδ’
2399 3319 2585 3373 κανόνι
2647 3316 3084 3389 παρακελεύεται
3145 3315 3308 3388 μέχρι
3348 3316 3515 3378 τινός.
3571 3315 3706 3384 Φησὶ
3736 3313 3827 3380 γὰρ

2289 3411 2452 3466 πλέον
2471 3411 2738 3482 ἁρμόζειν
2759 3411 2830 3465 τὰ
2855 3412 3306 3484 προδιορισοέντα
3337 3410 3433 3463 καὶ
3460 3408 3560 3463 ἐπὶ
3595 3407 3831 3476 πατριάρ-

2289 3521 2406 3576 χου.
2447 3504 2577 3558 ὅταν
2624 3505 2689 3558 ὲκ
2738 3504 2838 3575 τῆς
2885 3503 3074 3557 τούτου
3117 3503 3401 3566 κοινωνίας
3451 3503 3734 3575 ἀποστήσῃ
3763 3516 3830 3559 τις

2289 3591 2480 3646 ἑαυτὸν
2508 3593 2816 3662 τολμηρῶς.
2861 3591 2950 3656 Ὠς
2982 3592 3042 3645 δέ
3065 3609 3213 3655 τινος
3245 3594 3513 3654 εἰπόντος,
3563 3591 3692 3646 Ἐὰν
3711 3591 3759 3643 δὲ
3786 3589 3833 3654 ἐξ

2290 3685 2516 3753 εὐλόγου
2547 3685 2731 3754 αἰτίας
2759 3685 2924 3755 τυχὸν
2979 3687 3251 3757 προφάσει
3304 3687 3604 3756 αἱρέσεως,
3653 3685 3834 3753 ἀποστῇ
3871 3722 3877 3730 ι

2287 3793 2373 3840 τις
2426 3777 2534 3830 ἀπὸ
2551 3777 2648 3847 τῆς
2676 3777 2770 3831 τοῦ
2811 3778 3014 3831 οἰκείου
3068 3778 3379 3850 ἀρχιερέως
3408 3779 3725 3842 κοινωνίας,
3763 3778 3833 3828 διὰ

2287 3866 2341 3918 τί
2379 3865 2818 3938 κολασθήσεται;
2863 3869 3165 3936 ἐπάγουσιν
3199 3869 3248 3921 οἱ
3306 3868 3555 3938 Πατέρες
3591 3868 3666 3930 ὡς
3691 3866 3836 3920 ταῦτα

2289 3957 2466 4011 πάντα
2499 3961 2618 4012 τότε
2652 3959 2919 4027 γίνονται,
2954 3961 3083 4014 ὃταν
3124 3962 3394 4030 προφάσει
3435 3961 3837 4032 ἐγκληματικῆς

2288 4067 2436 4113 τινος
2467 4051 2777 4113 ὑποθέσεως
2807 4052 2930 4105 καθ’
2959 4051 3150 4105 ἑαυτόν
3184 4069 3266 4114 τις
3288 4051 3386 4104 τοῦ
3410 4051 3631 4105 οἰκείου
3666 4049 3835 4118 ποιμέ-

2289 4141 2378 4205 νος
2400 4141 2838 4210 καταγνώσεται,
2869 4145 2963 4196 καὶ
2992 4143 3268 4214 ἀποσχίσῃ
3311 4143 3502 4197 ἑαυτὸν
3548 4146 3618 4198 ὲκ
3651 4143 3838 4199 τούτου,

2289 4235 2384 4288 καὶ
2410 4235 2834 4303 τοιουτοτρόπως
2872 4234 3141 4307 διαῤῥήξῃ
3181 4236 3279 4305 τὴν
3307 4236 3504 4288 ἕνωσιν
3569 4239 3674 4307 τῆς
3729 4235 3834 4286 Ἐκο

2290 4326 2535 4397 κλησίας.
2559 4328 2619 4380 Et
2649 4327 2756 4396 γὰρ
2791 4330 2865 4397 μὴ
2892 4327 2962 4381 δι’
2984 4327 3399 4397 ὲγκληματικὴν
3430 4329 3704 4393 αἰτίασιν,
3731 4326 3844 4380 dita

2291 4422 2362 4473 δι’
2393 4422 2603 4491 αἵρεσιν
2640 4422 2862 4492 χωρίσῃ»
2893 4439 2980 4483 τις
3034 4422 3227 4474 ἑαυτὸν
3251 4423 3357 4474 ἀπὸ
3412 4421 3504 4474 τοῦ
3565 4425 3848 4475 ἐπισκόπου

2293 4513 2459 4567 αὑτοῦ
2494 4514 2652 4584 ἢτοῦ
2691 4513 3090 4584 μητροπολίτου
3124 4514 3156 4584 ἢ
3219 4513 3314 4566 τοῦ
3367 4517 3743 4586 πατριάρχου,
3790 4512 3851 4572 ὡς

2294 4607 2388 4660 ἐπὶ
2413 4607 2712 4674 ἐκκλησίας
2757 4605 3102 4669 διδάσκοντος
3159 4605 3621 4676 ἀνερυθριάστως
3689 4606 3852 4670 διδάγ-

2297 4701 2446 4768 ματα
2474 4716 2595 4751 τινα
2629 4699 3124 4769 ἁπηλλοτριωμένα
3150 4698 3246 4760 τοῦ⁷
3280 4697 3438 4769 ὀρθοῦ
3485 4698 3792 4770 δόγματος,
3837 4697 3857 4745 ὁ

2293 4792 2534 4855 τοιοῦτος
2588 4793 2684 4846 καὶ
2735 4795 2841 4863 πρὸ
2885 4793 3132 4857 ἐντελοῦς
3173 4793 3542 4859 διαγνώσεως,
3586 4796 3767 4862 πολλῷ
3814 4793 3855 4842 δὲ

2296 4884 2457 4937 πλέον
2486 4886 2752 4954 καὶιμετά
2789 4885 3104 4954 διάγνωσιν,
3142 4887 3237 4939 ἐὰν
3284 4887 3478 4939 ἑαυτὸν
3515 4888 3852 4955 ἁποτειχίσς.

2297 4977 2467 5044 ἡγουν
2494 4978 2710 5048 χωρίσῃ
2756 4980 2820 5030 ἐκ
2847 4978 2946 5048 τῆς
2987 4983 3274 5044 κοινωνίας
3297 4981 3392 5033 τοῦ
3425 4979 3660 5050 πρώτου
3693 4977 3848 5032 αὑτοῦ.

2296 5069 2356 5118 οὐ
2391 5069 2550 5138 μόνον
2577 5070 2636 5121 οὐ
2660 5070 3133 5141 τιμωρηθήσεται,
3170 5073 3306 5126 ἀλλὰ
3328 5073 3423 5125 καὶ
3474 5074 3853 5142 τιμηθήσεται.

2297 5161 2370 5224 ώς
2384 5162 2678 5232 ὀρθόδοξος.
2711 5165 2783 5215 Οὐ
2814 5163 2921 5233 γὰρ
2951 5165 3248 5234 ἁπέσχισεν
3277 5166 3468 5218 ἑαυτὸν
3493 5167 3612 5218 ἀπὸ
3665 5165 3854 5224 ἐπισκο-

2313 5271 2441 5316 που,
2475 5255 2740 5307 ἀλλὰ’ἀπδ
2765 5257 3200 5324 ψευδεπισκόπου
3229 5259 3323 5310 καὶ
3352 5259 3846 5326 ψευδοδιδάσκαὶῡυο

2303 5345 2412 5399 Καὶ
2456 5348 2516 5399 τὸ
2552 5352 2701 5417 παρὰ
2727 5349 2930 5402 τούτου
2967 5353 3186 5418 γεγονὸς
3235 5352 3458 5404 ἐπαίνου
3492 5350 3668 5415 ἄξιόν
3714 5355 3847 5402 ἐστιν,

2303 5437 2375 5499 ὡς
2424 5437 2498 5508 μὴ
2558 5437 2895 5509 κατατέμνον
2952 5441 3049 5508 τὴν
3097 5439 3440 5509 Ἐκκλησίαν,
3481 5440 3633 5495 ἀλλὰ
3693 5434 3862 5511 pili-0V

2306 5531 2576 5584 συνάπτον
2634 5531 2803 5601 αὐτὴν
2851 5534 2947 5586 καὶ
3018 5533 3112 5584 τοῦ
3180 5531 3452 5603 μερισμοῦ
3507 5533 3868 5585 ἀπαλλάττον.

2308 5621 2539 5698 Εἱρηται
2569 5623 2624 5675 δὲ
2649 5622 2724 5691 τῷ
2764 5624 2950 5676 κανόνι
2986 5623 3045 5676 τὺ
3090 5626 3271 5695 πάσης
3299 5624 3580 5694 ἱερατείας
3605 5617 3876 5678 παντελῶς

2312 5703 2592 5786 ἀλλότριον
2627 5713 2763 5768 εἶναι
2811 5715 2902 5770 τὸν
2932 5719 3292 5786 σχισματικὸν
3323 5717 3410 5770 διὰ
3458 5717 3592 5779 τοὺς
3629 5717 3879 5781 λέγοντας
