4074 6214
378 281 544 377 ιιι69’
877 329 901 340 ·

1532 309 1614 368 ΙΝ
1648 308 1815 370 CAN.
1857 307 1957 368 XV
1995 305 2202 369 CONC.
2246 308 2462 368 CPOL.

3492 287 3648 368 1070

381 425 613 493 ὀφείλειν
635 425 758 487 τοὺς
781 422 1057 484 τοιούτους
1073 423 1166 474 ἐπὶ
1189 420 1380 491 καιρόν
1402 436 1520 473 τινα
1545 421 1644 489 τῆς
1670 418 1944 490 ἱερατείας

2051 419 2313 486 temporis
2357 418 2530 488 spatio
2576 433 2604 471 a
2657 419 2966 475 sacerdotio
3005 401 3266 484 cessare,
3296 424 3350 473 et
3387 433 3493 470 non
3534 421 3628 470 de-

376 518 669 580 παύεσθαι,
703 519 792 570 καὶ
850 516 925 586 μὴ
962 515 1364 585 καθαιρεῖσθαι.
1428 511 1844 582 Ἐγκληματικά
1887 509 1944 562 δὲ

375 609 677 678 αίτιάματά
711 611 816 660 εισι
850 606 1100 676 πορνεία,
1120 604 1417 676 ἱεροσυλία,
1450 603 1543 656 καὶ¹
1570 604 1678 654 τῶν
1705 603 1946 655 κανόνων

374 701 633 768 ἀθέτησις
654 738 670 751 .
704 697 898 759 Καλῶς
919 696 974 748 δὲ
1005 692 1157 748 εἶπεν
1183 697 1212 747 6
1235 692 1416 746 κανὼν
1444 693 1787 753 ὲπαινετέους
1807 689 1947 744 εἶναι

376 790 503 851 τοὺς
535 789 935 859 ἀποσχίζοντας
988 787 1218 848 ἑαυτοὺς
1251 787 1345 838 καὶ
1376 785 1484 855 πρὸ
1514 784 1812 852 καταδίκης
1843 785 1950 836 ἀπὸ

374 883 482 935 τῶν
516 882 753 954 δημοσίᾳ
786 880 1150 933 διδασκόντων
1197 879 1454 950 αίρετικὰ
1493 878 1820 946 διδάγματα,
1855 877 1950 929 καὶ

373 974 546 1027 ὅντων
576 975 874 1045 προφανῶς
909 975 1224 1043 αἱρετικῶν.
1284 971 1348 1024 Εἰ
1373 970 1480 1040 γὰρ
1511 969 1811 1038 ἁπόκρυφα
1857 969 1952 1022 καὶ

375 1068 514 1138 μετὰ
559 1069 860 1138 ὑποστολῆς
885 1065 1264 1139 ψιθυρίζονται
1297 1065 1367 1118 τὰ
1389 1065 1486 1134 τῆς
1511 1063 1775 1132 αἱρέσεως
1801 1064 1952 1132 παρά

375 1165 473 1217 τοῦ
517 1165 739 1235 πρώτου
774 1165 849 1228 ὡς
895 1167 961 1219 ἂν
1002 1165 1456 1235 ἁμφιὸάλλοντος,
1489 1164 1591 1216 οὐκ
1620 1161 1824 1228 ὀφείλει
1867 1176 1952 1217 τις

373 1257 432 1321 ἐξ
465 1257 632 1311 αὑτοῦ
668 1258 774 1328 πρὸ
818 1258 1119 1328 καταδίκης
1174 1256 1596 1326 ἀποσχισθῆναι·
1656 1253 1808 1316 εἰκὸς
1844 1246 1953 1323 Ῠάρ

373 1351 490 1402 ἐστι
527 1350 1076 1422 μεταρρυθμισθῆναι
1136 1350 1328 1402 τοῦτον
1363 1349 1500 1418 πρὸς
1548 1348 1610 1401 τὸ
1669 1346 1952 1418 όρθόδοξον

374 1442 482 1513 πρὸ
515 1442 614 1513 τῆς
635 1442 886 1505 ἐντελοῦς
935 1444 1287 1510 ἀποφάσεως,
1346 1441 1442 1494 καὶ
1513 1441 1816 1509 ἀποστῆναι
1857 1439 1954 1505 τῆς

373 1534 656 1604 αἱρέσεως.
693 1535 1013 1606 Σημείωσαι
1040 1535 1212 1588 ταῦτα
1242 1536 1375 1597 ίσως
1421 1533 1776 1603 ὠφελήσοντα
1815 1533 1954 1582 κατὰ

375 1627 486 1675 τῶν
527 1625 791 1692 λεγόντων
847 1627 922 1697 μή
981 1626 1161 1688 καλῶς
1201 1627 1347 1694 ἡμᾶς
1386 1623 1785 1693 ἀποσχισθῆναι
1843 1623 1952 1673 ἀπὸ

372 1717 470 1769 τοῦ
503 1716 698 1787 θρόνου
754 1719 855 1787 τῆς
886 1716 1122 1779 παλαιᾶς
1162 1717 1405 1787 Ῥώμης,
1436 1717 1544 1784 πρὸ
1581 1714 1678 1767 τοῦ
1721 1713 1947 1768 καταδι-

371 1811 642 1882 κασθῆναι
671 1811 796 1874 τοὺς
827 1811 957 1883 περὶ
1003 1811 1209 1881 ταύτην
1235 1814 1308 1873 ὡς
1352 1811 1724 1878 κακόφρονας.
1778 1811 1888 1862 Καὶ
1923 1809 1950 1857 6

372 1902 474 1972 μὲν
503 1901 697 1972 παρὼν
729 1903 910 1956 κανὼν
926 1904 1054 1965 τοὺς
1094 1904 1184 1956 διὰ
1210 1902 1552 1972 δογματικὴν
1584 1902 1762 1954 αἰτίαν
1815 1903 1950 1952 ἀπο-

370 1995 717 2066 τειχίζοντας
746 1998 806 2050 οὐ
837 1996 1084 2060 κολάζειο
1113 1999 1139 2048 ὀ
1174 1996 1231 2049 δὲ
1261 1992 1342 2048 λα’
1383 1996 1740 2058 ἀποστολικὸς
1765 1995 1950 2049 κανὼν

369 2091 467 2141 καὶ
495 2090 623 2152 τοὺς
648 2090 1074 2157 κατεγνωκότας
1104 2089 1213 2141 τῶν
1245 2089 1466 2140 οἰκείων
1515 2087 1832 2139 ἐπισκόπων
1877 2088 1951 2150 ὡς

371 2180 654 2250 προδήλως
675 2180 1008 2236 ἀδικούντων
1050 2183 1144 2234 καὶ
1167 2181 1582 2249 ἀποσχίσαντας
1614 2177 1674 2241 ἐξ
1733 2179 1936 2240 αὐτῶν,

370 2271 696 2335 ἀνευθύνους
725 2275 1002 2343 συντηρεῖ.

447 2449 877 2524 ΖΩΝΑΡ.⁹Ἀπερ
900 2452 1106 2523 ὥρισαν
1131 2455 1178 2506 oi
1204 2451 1302 2522 τῆς
1327 2451 1544 2504 συνόδου
1562 2451 1798 2521 Πατέρες
1828 2448 1952 2518 περὶ

373 2545 784 2616 μητροπολιτῶν
816 2546 910 2599 καὶ
934 2546 1270 2606 ἐπισκόπων,
1312 2545 1486 2598 ταῦτα
1535 2544 1749 2612 λέγουσι
1795 2543 1952 2595 πλέον

368 2635 635 2706 ἁρμόζειν
663 2637 912 2707 καὶπερὶ
931 2637 1306 2708 πατριαρχῶν.
1325 2637 1387 2690 Εἰ
1407 2639 1515 2706 γάρ
1549 2654 1650 2700 τις,
1678 2636 1828 2706 φασὶ,
1853 2654 1955 2704 μη·

366 2729 740 2800 τροπολίτηςῆ
763 2729 1058 2803 ἐπίσκοπος
1087 2728 1506 2800 ἢπρεσὸύτερος
1534 2729 1793 2798 τολμήσει
1825 2729 1956 2780 ἁπο-

371 2823 561 2891 στῆναι
591 2821 683 2874 τού
728 2823 1111 2890 συγκοινωνεῖν
1169 2821 1245 2890 τῷ
1280 2821 1594 2892 πατριάρχῃ
1646 2819 1840 2881 αὑτοῦ,
1863 2821 1956 2872 καὶ

367 2912 663 2979 ἀναφέρειν
683 2911 746 2964 τὸ
762 2911 934 2981 ὄνομα
963 2909 1128 2964 αὐτοῦ
1155 2910 1336 2982 πρὶνῆ
1363 2911 1638 2980 ἐμφανίσῃ
1657 2911 1722 2978 τῇ
1753 2909 1955 2978 συνόδῳ

365 3003 509 3056 κατὰ
522 3003 617 3056 τοῦ
647 3005 1007 3075 πατριάρχου,
1027 3003 1120 3056 καὶ
1141 3002 1247 3075 πρὸ
1267 3001 1360 3054 τοῦ
1383 3001 1733 3065 ἐξετασθῆναι
1751 3000 1948 3065 ταῦτα,

2052 511 2202 579 poni.
2255 512 2576 568 Crimiuales
2637 524 2814 568 autem
2852 529 3033 568 causa!
3084 523 3233 578 sunt,
3283 511 3620 574 fornicatio,

2051 604 2416 677 sacrilegium,
2465 614 2521 662 et
2555 622 2823 662 canonum
2883 607 3245 677 transgressio
3284 621 3348 660 ac
3383 613 3634 660 contem;

2053 705 2200 765 ptus.
2233 694 2400 752 Recte
2432 708 2610 753 autent
2651 699 2789 752 dixit
2817 715 2990 754 canon
3022 701 3117 754 eos
3141 715 3265 754 esse
3302 700 3625 760 laudandos.

2051 787 2143 854 qui
2177 787 2413 856 seipsos,
2464 790 2626 842 etiam
2680 797 2807 842 ante
2853 791 3386 854 condemnationem,
3420 792 3486 842 ab
3528 791 3616 852 iis,

2051 877 2145 946 qui
2207 879 2495 933 haereticas
2528 881 2804 934 doctrinas
2851 881 3065 948 publice
3108 882 3346 941 docent.
3394 890 3446 934 et
3495 890 3624 933 sunt

2052 978 2238 1040 aperte
2272 972 2509 1026 haeretici
2539 974 2868 1027 abscindunt
2926 974 2982 1028 Si
3028 976 3174 1029 enim
3223 975 3530 1030 clanculum
3568 987 3625 1031 ct

2052 1065 2174 1118 cum
2206 1065 2440 1132 quadam
2472 1065 2834 1127 haesitatione,
2863 1069 3058 1134 praesul
3093 1077 3150 1121 ut
3178 1051 3479 1136 ambigens,
3507 1070 3617 1124 hae-

2054 1157 2221 1210 retica
2279 1157 2550 1227 loquatur,
2592 1173 2702 1213 non
2751 1160 2911 1216 debet
2955 1162 3079 1230 quis
3119 1163 3278 1216 abeo
3333 1176 3617 1233 propterea

2053 1259 2182 1303 ante
2212 1252 2723 1305 condemnationem
2775 1252 3038 1307 abscindi.
3088 1253 3180 1306 Est
3225 1255 3367 1308 enim
3428 1257 3621 1309 verisi-

2056 1343 2206 1408 mile,
2249 1343 2365 1397 fore
2394 1352 2453 1397 ut
2487 1345 2552 1398 ad
2597 1344 2963 1408 orthodoxam
2994 1347 3320 1400 sententiam
3353 1358 3476 1407 ante
3506 1363 3626 1416 per-

2055 1436 2250 1490 fectam
2285 1436 2663 1506 prolatamque
2705 1438 2758 1490 in
2791 1451 2914 1490 eum
2943 1439 3270 1492 sententiam
3305 1419 3624 1501 reducatur,

2053 1539 2110 1582 et
2141 1529 2209 1582 ab
2240 1523 2709 1583 ltzcresi'desistat.
2750 1527 2887 1583 Nota
2929 1529 3062 1595 haec,
3095 1543 3216 1598 quae
3242 1528 3473 1584 fortasse
3504 1546 3628 1600 pro-

2054 1621 2251 1675 derunt
2281 1621 2543 1675 adversus
2582 1637 2679 1675 eos
2711 1622 2804 1691 qui
2856 1621 3046 1675 dicunt
3098 1637 3195 1675 nos
3241 1637 3347 1674 non
3399 1631 3544 1676 recte
3594 1637 3626 1674 a

2056 1714 2259 1768 throno
2292 1714 2531 1792 antiqua:
2581 1713 2770 1769 Romae
2822 1715 3099 1782 sejunctos
3140 1728 3286 1778 esse,
3335 1725 3626 1784 antequam

2052 1811 2144 1878 qui
2177 1825 2298 1864 eum
2330 1795 2650 1863 obtinebant
2681 1818 2740 1863 ttt
2783 1825 2950 1879 prave
3003 1811 3325 1873 sentientes,
3359 1812 3626 1865 condem—

2055 1905 2162 1975 nati
2193 1912 2418 1966 esseab
2447 1907 2524 1957 Ac
2576 1917 2815 1975 praesens
2868 1903 3085 1971 quidem
3133 1919 3310 1957 canon
3360 1919 3474 1966 eos,
3530 1905 3625 1974 qni

2052 1973 2276 2063 propter
2296 1995 2562 2063 dogmatis
2589 2008 2810 2047 causam
2839 1993 3104 2049 recedunt
3128 2003 3182 2048 et
3203 1993 3646 2060 abscinduntur,;,

2054 2102 2162 2140 non
2219 2087 2372 2154 punit
2413 2103 2429 2140 :
2479 2087 2792 2142 tricesimus
2819 2098 2999 2142 autem
3044 2087 3252 2157 primus
3281 2103 3455 2142 canon
3491 2104 3626 2158 apo-

2056 2180 2284 2235 stolicus
2305 2195 2404 2235 eos
2431 2185 2625 2243 etiam,
2649 2181 2741 2249 qui
2771 2181 3023 2250 proprios
3052 2181 3342 2252 episcopos
3367 2181 3629 2237 condem-

2057 2281 2272 2333 narunt,
2309 2283 2370 2327 ttt
2402 2272 2491 2341 qui
2527 2282 2714 2342 aperte
2760 2273 2963 2343 injuste
3004 2283 3188 2344 agant.
3223 2283 3278 2328 et
3305 2275 3425 2329 ideo
3456 2289 3514 2328 se
3553 2275 3626 2328 ab

2058 2366 2123 2418 iis
2153 2364 2516 2432 sejunxerunt
2541 2405 2557 2429 ,
2591 2363 2658 2418 ab
2687 2366 2834 2418 omni
2869 2379 3027 2435 poena
3067 2366 3270 2420 liberos
3311 2376 3622 2421 conservat.

2130 2456 2381 2511 ZONAB.
2439 2455 2569 2522 Quae
2619 2458 2686 2512 de
2731 2457 3164 2527 metropolitauis
3242 2459 3624 2527 cpiscopisque

2057 2551 2279 2604 definita
2311 2558 2460 2611 sunt,
2489 2567 2549 2604 ea
2578 2550 2644 2604 de
2666 2540 2992 2619 patriarehis
3016 2566 3232 2622 quoque
3258 2553 3426 2606 multo
3455 2556 3628 2622 magis

2059 2643 2287 2711 intelligi
2331 2642 2531 2698 debere
2580 2641 2769 2712 synodi
2804 2642 2995 2697 Patres
3029 2643 3321 2697 aﬂirmant.
3379 2643 3436 2698 Si
3493 2646 3617 2715 quis

2045 2735 2228 2800 enim,
2261 2734 2536 2803 inquiunt,
2565 2735 3041 2804 metropolitanus.
3067 2737 3356 2804 episcopus
3385 2747 3474 2790 aut
3504 2752 3630 2806 pre-

2059 2830 2264 2899 sbyter,
2297 2819 2414 2883 sea
2467 2828 2814 2896 patriarcha;
2873 2830 2958 2882 stti
3010 2830 3402 2884 communione
3459 2846 3630 2884 remo-

2059 2937 2209 2984 vere,
2238 2930 2403 2991 atque
2433 2922 2502 2975 ai)
2534 2921 2679 2976 illius
2708 2922 2926 2976 nomine
2952 2921 3238 2976 referendo
3263 2937 3484 2978 cessare
3526 2939 3628 2976 an-

2058 3011 2206 3074 deat,
2252 3011 2573 3080 priusquam
2605 3026 2692 3073 ea,
2715 3011 2782 3065 de
2815 3011 3014 3080 quibus
3045 3011 3412 3080 patriarcham
3459 3029 3628 3068 aecu-

367 3095 463 3148 καὶ
493 3097 889 3168 κατακριθῆναι
924 3096 1051 3159 ἴσως
1071 3097 1268 3150 αὐτόν’
1303 3097 1331 3147 ὁ
1357 3095 1596 3157 τοιοῦτος
1635 3097 1691 3156 6;
1747 3095 1945 3164 σχίσμα

2054 3107 2163 3160 sat.
2214 3099 2427 3170 synodo
2466 3098 2811 3163 indicaverit,
2845 3114 2908 3150 ac
2960 3098 3050 3152 ille
3100 3099 3260 3162 forte,
3292 3114 3456 3154 causa
3499 3101 3627 3155 dili-

367 3187 598 3258 ποιήσας
622 3187 800 3256 πάσης
823 3189 1096 3255 ίερατείας
1123 3185 1401 3256 ἀλλότριος
1451 3185 1602 3237 ἔσται
1636 3183 1936 3243 παντελῶς.

367 3279 598 3348 Εἴρηται
634 3279 690 3331 δὲ
722 3280 782 3332 τὸ
809 3279 1015 3349 πάσης
1042 3280 1164 3333 ἀντὶ
1198 3280 1318 3344 τοῦ,
1341 3280 1389 3331 οἱ
1416 3279 1514 3348 μὲν
1542 3279 1816 3348 ἀρχιερεῖς
1839 3276 1939 3345 τῆς

365 3370 777 3440 ἀρχιερατικῆς,
807 3374 858 3424 οἱ
882 3372 935 3424 δὲ
962 3373 1125 3443 ἱερεῖς
1151 3375 1250 3442 τῆς
1275 3371 1554 3440 ἱερατικῆς
1577 3386 1590 3398 ·
1617 3369 1676 3420 τὸ
1699 3369 1754 3420 δὲ
1786 3381 1940 3419 παν.

365 3459 573 3525 τελῶς,
605 3463 688 3513 ὅτι
745 3462 845 3513 οὐκ
888 3463 979 3514 ἐπί
1007 3479 1132 3514 τινα
1175 3461 1366 3531 χρόνον
1409 3460 1792 3529 εἱρχθήσονται
1844 3459 1938 3510 τοῦ

368 3554 696 3622 ἱερουργεῖν,
749 3545 870 3605 εἶτα
923 3554 1470 3622 ἀποκαταστήσονται
1531 3549 1688 3614 αὖθις
1736 3552 1815 3611 εἰς
1843 3549 1940 3619 τὴν

364 3647 571 3700 οἰκείαν
600 3647 788 3716 τιμήνο
834 3644 970 3698 ἀλλὰ
998 3644 1220 3707 τελείως
1261 3641 1622 3696 ἐκπεσοῦνται
1657 3643 1758 3712 τῆς
1786 3643 1942 3708 ἀξίας

367 3739 570 3804 αὐτῶν,
602 3741 695 3792 καὶ
721 3737 844 3791 οὐδὲ
876 3737 1043 3806 τιμὴν
1074 3736 1258 3800 ἓξωσι
1291 3738 1462 3805 μόνην
1489 3734 1807 3804 ἀρχιερεῦσι
1852 3734 1942 3783 καὶ

370 3833 606 3904 ἱερεῦσιν
636 3832 966 3900 ἀνήκουσαν.
989 3825 1126 3882 Εἶτα
1149 3831 1450 3896 ἐπάγουσιν
1480 3829 1560 3879 ὅτι
1606 3826 1781 3878 ταῦτα
1843 3827 1942 3896 μὲν

365 3927 596 3997 ὥρισται
624 3925 716 3977 καὶ
747 3925 1137 3994 ὲσφράγισται,
1165 3921 1410 3975 τουτέστι
1446 3918 1676 3989 βεϐαίως
1698 3917 1942 3968 τετύπω-

367 4037 456 4072 ται
486 4022 539 4088 (ἡ
568 4019 676 4086 γὰρ
704 4016 937 4085 σφραγὶς
970 4016 1049 4078 εἰς
1082 4011 1370 4084 βεϐαίωσίν
1418 4012 1533 4062 ἐστι
1567 4008 1672 4059 τῶν
1709 4023 1942 4076 σφραγιο

372 4113 616 4182 ζομένων
644 4112 736 4162 καὶ
755 4108 1046 4177 φυλακήν),
1075 4107 1200 4174 περὶ
1229 4104 1337 4155 τῶν
1373 4101 1644 4172 προφάσει
1671 4099 1831 4149 re.th
1855 4101 1944 4164 ἐγ-

381 4204 675 4271 κλημάτων
709 4200 818 4253 τῶν
850 4198 1066 4252 οἰκείων
1095 4194 1482 4264 ἀφισταμένων
1508 4191 1806 4261 προέδρων,
1852 4192 1943 4242 καὶ

363 4299 464 4366 τὴν
494 4296 688 4346 τένωσιν
715 4291 1067 4346 διασπώντων
1109 4289 1207 4358 τῆς
1241 4285 1585 4354 Ἐκκλησίας,
1608 4285 1696 4362 ῥτε
1743 4283 1942 4352 δηλαδὴ

365 4388 624 4456 πορνείαν
642 4385 772 4445 ἴσως
789 4383 1099 4450 αἰτιωμένῳ
1117 4377 1542 4448 προσάπτουσιν,
1560 4373 1884 4444 ἱεροσυλίαν,
1910 4378 1938 4441 η

367 4447 720 4548 ὲπίχρήμασι
745 4447 1108 4546 χειροθεσίαν,
1126 4447 1554 4541 ἢῗάλλαιτοιαῦτὰ
1582 4469 1802 4520 τινα.Εί
1837 4466 1880 4518 δ’
1909 4470 1935 4518 ὁ
1964 4447 2016 4506 D

369 4571 716 4638 πατριάρχης
747 4565 967 4635 τυχὸνῆ
1022 4561 1453 4633 μητροπολίτης,
1499 4560 1532 4630 ἦ
1565 4561 1592 4612 6
1637 4559 1937 4620 ἐπίσκοπος

368 4664 645 4734 αἱρετικὸς
693 4661 804 4726 είη,
841 4661 936 4712 καὶ
967 4657 1209 4720 τοιοῦτος
1256 4656 1332 4719 ὡς
1380 4655 1614 4724 δημοσίᾳ
1645 4654 1938 4722 κηρύττειν

368 4755 466 4823 τὴν
497 4751 732 4819 αἰρεσιν,
761 4749 852 4802 καὶ
880 4750 1062 4818 γυμνῇ
1081 4748 1148 4817 τῇ
1169 4747 1402 4815 κεφαλῇ.
1432 4747 1551 4796 ἀντὶ
1581 4745 1699 4806 τοῦ,
1722 4747 1938 4795 “dvorto-

370 4845 574 4906 στόλως
606 4845 698 4895 καὶ
758 4841 898 4912 μετὰ
929 4840 1266 4910 παρρησίας,
1311 4839 1552 4891 διδάσκει
1587 4837 1654 4889 τὰ
1686 4837 1938 4905 αἱρετικά

367 4941 630 5007 δόγματα,
666 4938 715 4990 oi.
753 4934 1202 5005 ’άποσχίζοντες⁸
1239 4931 1425 4997 αὐτοῦ,
1466 4934 1641 4983 ὁποῖοι
1692 4930 1756 4982 ἂν
1805 4926 1936 4990 εἷεν,

368 5037 426 5086 οὐ
458 5035 616 5102 μόνον
639 5030 912 5093 κολάσεως
941 5029 1080 5095 ἄξιοι
1109 5027 1206 5079 οὐκ
1237 5027 1451 5079 ἔσονται
1477 5025 1564 5077 διὰ
1598 5022 1775 5086 τοῦτο,
1802 5022 1938 5074 ἀλλὰ

366 5129 462 5178 καὶ
493 5123 679 5194 τιμῆς,
713 5125 788 5185 ὠς
821 5121 1110 5189 ὀρθόδοξοι,
1155 5117 1574 5186 ἀξιωθήσονται,
1613 5115 1934 5184 χωρίζοντες

368 5217 594 5279 ἑαυτοὺς
629 5219 728 5285 τῆς
760 5213 868 5266 τῶν
913 5212 1204 5282 αἱρετικῶν
1258 5208 1566 5269 κοινωνίας.
1623 5207 1793 5258 Τοῦτο
1828 5210 1935 5272 γὰρ

363 5311 514 5377 δηλοῖ
545 5310 605 5360 τὸ
648 5307 1109 5377 ἀποτειχίζοντες.
1139 5286 1366 5372 ΤίΓγάρ
1419 5303 1597 5370 τεῖχος
1639 5298 1747 5351 τῶν
1785 5299 1936 5357 ἐντὸς

363 5402 529 5456 αὑτοῦ
558 5404 694 5472 πρὸς
726 5401 852 5464 τοὺς
876 5401 1032 5461 ἐκτὸς
1060 5396 1335 5468 χωρισμός
1369 5396 1540 5446 ἔστιν.
1572 5392 1647 5444 Οὐ
1681 5393 1787 5461 γάρ
1816 5393 1937 5441 ἐπι-

276 5479 280 5486 .
367 5499 570 5550 σκόπου
603 5494 939 5558 ἀπέστησαν,
974 5491 1112 5544 ἀλλὰ
1143 5489 1584 5559 ψευδεπισκὸπου
1619 5489 1706 5536 καὶ
1741 5484 1935 5552 ψευδο-

365 5589 708 5645 διδασκάλου.
745 5587 879 5639 Οὐδὲ
911 5587 1116 5654 σχίσμα
1145 5585 1213 5635 τὰ
1246 5582 1342 5651 τῆς
1383 5578 1711 5647 Ἑκκλησίας
1737 5577 1924 5645 ἑποίης

369 5702 486 5750 σαν,
518 5683 666 5737 ἀλλὰ¹
690 5680 888 5753 μᾶλλον
920 5679 1238 5748 σχισμάτων
1265 5675 1363 5745 τὴν
1401 5671 1729 5741 Ἐκκλησίαν
1756 5671 1932 5738 ἀπήλ.

367 5779 532 5845 λαξαν
564 5781 690 5834 ὅσον
721 5778 781 5831 τὸ
804 5777 894 5832 ἐπ’
915 5778 1120 5834 αὐτοῖς.

2043 3200 2232 3262 genter
2253 3192 2601 3253 examinata,
2649 3190 2942 3244 damnatus
2977 3188 3179 3253 fuerit;
3224 3191 3488 3259 ejusmodi
3515 3186 3629 3246 'ho-

2047 3284 2293 3348 minem,
2350 3294 2606 3353 tanquam
2670 3282 3124 3341 schismaticum,
3193 3285 3340 3337 omni
3400 3301 3626 3350 prorsus

2044 3375 2366 3431 sacerdotali
2415 3378 2620 3431 honore
2654 3378 2926 3446 privatum
2953 3391 3074 3430 esse
3103 3374 3425 3430 derernuut.
3464 3378 3644 3432 Omni

2043 3470 2256 3539 quidem
2279 3470 2450 3533 aiunt,
2470 3478 2532 3524 ut
2550 3481 2789 3524 summos
2811 3470 3118 3524 sacerdotes
3141 3484 3352 3524 summo
3375 3473 3626 3526 sacerdo-

2047 3562 2140 3627 tio,
2181 3563 2494 3618 sacerdotes
2516 3576 2642 3615 vero
2673 3559 2996 3615 sacerdotali
3045 3560 3306 3631 dignitate.
3332 3551 3624 3631 privandos

2045 3656 2459 3716 demonstrent;
2488 3669 2705 3722 prorsus
2740 3668 2868 3708 vero
2899 3653 3218 3723 particulam
3253 3654 3529 3713 addidere.
3562 3668 3622 3709 ut

2044 3761 2140 3800 eos
2171 3762 2277 3800 non
2323 3748 2390 3801 ad
2421 3760 2631 3801 certum
2680 3747 2942 3815 temporis
2986 3730 3333 3800 intervallum
3379 3762 3410 3800 a
3462 3763 3623 3802 sacro

2047 3836 2356 3890 ministerio
2389 3839 2674 3898 arcendos,
2714 3849 2771 3890 ut
2796 3837 2992 3891 deinde
3019 3853 3213 3890 rursus
3245 3838 3478 3904 pristino
3517 3839 3587 3892 ho
3609 3869 3622 3880 -

2048 3928 2168 3980 nori
2203 3930 2596 3994 restituantur;
2628 3931 2720 3983 sed
2754 3933 2902 3984 omni
2956 3930 3172 3999 penitus
3205 3931 3467 4000 dignitate
3493 3947 3620 4000 Spo-

2049 4021 2259 4076 liandos
2291 4037 2465 4091 neque
2494 4021 2660 4074 ullum
2687 4022 2822 4090 ipsis
2852 4022 3140 4081 honorem,
3172 4023 3264 4088 qui
3297 4024 3620 4090 praesulibus

2048 4123 2137 4166 aut
2177 4111 2299 4166 aliis
2329 4113 2710 4167 sacerdotibus
2741 4114 2958 4182 proprie
3005 4111 3254 4173 debetur,
3308 4113 3624 4180 relinquera-

2047 4205 2174 4259 dum
2206 4219 2330 4260 esse
2353 4204 2670 4259 ostendant.
2709 4202 2914 4258 Deinde
2943 4216 3071 4256 vero
3105 4203 3219 4256 haec
3268 4203 3488 4272 quidem
3543 4205 3619 4258 ita

2047 4298 2270 4352 decreta
2305 4297 2730 4367 obsignataque,
2759 4297 2862 4350 hoc
2896 4305 3007 4370 est,
3037 4297 3108 4350 ita
3145 4296 3304 4364 plane
3327 4300 3619 4354 constituta

2048 4388 2240 4452 fuisse,
2301 4388 2610 4458 subjiciunt
2660 4388 2897 4458 (signum
2945 4403 3178 4456 namque
3228 4391 3294 4442 ad
3342 4404 3448 4454 ea,
3495 4407 3620 4459 quae

2041 4482 2422 4551 obsignantur,
2453 4479 2820 4536 confirmanda
2860 4494 2925 4533 ac
2957 4478 3315 4534 custodienda
3337 4481 3614 4548 pertinet),

2041 4589 2109 4629 ne
2138 4589 2243 4642 qua
2277 4573 2485 4627 fraudis
2515 4572 2734 4628 occasio
2760 4571 2827 4626 iis
2854 4570 3165 4624 hominibus
3190 4572 3612 4642 relinqueretur,

2039 4669 2130 4736 qui
2167 4665 2528 4736 quorumdam
2567 4664 2855 4718 criminum
2885 4663 3132 4725 obtentu,
3163 4661 3307 4731 quod
3363 4666 3409 4718 ei
3462 4667 3613 4719 vide-

2043 4762 2169 4814 licet
2194 4774 2354 4828 quem
2392 4768 2675 4818 accusant,
2704 4766 2798 4810 aut
2842 4767 3254 4824 constupratam
3291 4758 3615 4819 mulierem,

2042 4859 2134 4904 aut
2165 4850 2243 4904 rei
2278 4864 2449 4903 sacra:
2506 4847 2750 4912 furtum,
2808 4857 2899 4901 aut
2955 4850 3208 4902 ordinum
3265 4849 3614 4902 collationem

2041 4943 2214 5013 pretio
2247 4941 2608 5002 divenditam,
2634 4949 2727 4993 aut
2751 4941 2852 4993 alia
2890 4940 3053 5009 hujus
3088 4941 3300 5009 generis
3342 4939 3605 5002 facinora,

2041 5035 2316 5105 aiﬁngant,
2350 5036 2418 5088 ab
2447 5035 2758 5087 antistitum
2791 5049 3014 5087 suorum
3056 5032 3380 5086 auctoritate
3430 5033 3607 5086 desci-

2041 5136 2221 5189 scunt,
2253 5139 2304 5182 et
2328 5125 2581 5181 Ecclesiae
2609 5125 3044 5194 conjunctionem
3079 5135 3365 5192 propterea
3403 5125 3604 5176 distra-

2042 5223 2177 5274 hunt
2216 5235 2280 5273 ac
2308 5219 2594 5272 divellunt.
2629 5219 2784 5280 Quod
2815 5221 2859 5272 si
2902 5218 3038 5272 forte
3068 5218 3433 5288 patriarcham
3463 5253 3476 5276 ,
3510 5222 3610 5266 aut

2041 5313 2517 5382 metropolitanum
2547 5351 2562 5373 ,
2613 5319 2707 5363 aut
2757 5311 3069 5380 episcopum
3126 5309 3443 5362 haereticunt
3491 5321 3614 5360 esse

2039 5406 2340 5475 contingat,
2380 5417 2442 5456 ac
2477 5402 2749 5471 ejusmodi
2778 5401 2997 5470 quidem
3031 5402 3366 5466 hacrctieum,
3403 5410 3460 5454 ut
3498 5399 3614 5453 itm—-

2041 5494 2204 5548 resim
2246 5507 2398 5546 suam
2449 5492 2664 5561 publice
2695 5492 3019 5562 profiteatur
3043 5532 3057 5555 ,
3092 5500 3144 5545 et
3189 5501 3376 5559 aperto
3413 5492 3613 5560 capite,

2039 5587 2143 5642 hoc
2167 5595 2272 5650 est,
2305 5585 2530 5640 fidenter
2558 5599 2788 5654 prorsus
2816 5592 2981 5654 atque
3015 5584 3295 5646 audacter,
3330 5585 3615 5638 itmretieas

2038 5681 2324 5751 opiniones
2360 5679 2608 5733 docendo
2641 5679 2694 5732 in
2729 5677 2924 5749 vulgus
2964 5677 3280 5731 disseminet
3311 5694 3324 5743 ;
3379 5660 3620 5746 qmtrtln:

2046 5791 2148 5846 que
2178 5775 2394 5829 demum
2430 5773 2497 5828 ab
2523 5773 2612 5828 illo
2649 5788 2707 5828 se
2736 5771 3060 5827 abduxerint
3082 5810 3095 5835 ,
3123 5787 3230 5825 non
3269 5770 3424 5825 modo
3457 5769 3635 5846 nullo‘
