4074 6214
373 340 507 402 1073

1471 347 1553 408 ΙΝ
1595 341 1757 409 CAN.
1803 349 1936 409 XVI
2004 351 2210 410 CONC.
2251 352 2455 411 CPOLo

3442 319 3576 414 ltiti

373 475 484 527 ρες,
517 457 592 521 ὡς
633 458 785 512 Ἐπεὶ
818 459 971 513 τοῦτο
1008 459 1251 515 στάσεων
1306 460 1400 513 καὶ
1444 461 1688 530 θορυεων
1720 461 1917 531 ἐκκληο

2037 475 2150 518 :unt
2171 476 2296 536 ergo
2323 464 2508 518 Patres
2536 482 2546 517 :
2578 462 2841 527 Quoniam
2877 464 2926 518 id
2964 464 3285 518 seditionum
3318 475 3369 518 et
3401 469 3572 521 eccle-

373 554 662 608 σιαστικῶν
691 557 804 607 ἐστι
837 555 1148 630 παραίτιον,
1189 556 1445 626 ὁρίζομεν
1479 557 1554 626 μὴ
1589 557 1919 624 ψηφίζεσθαι

372 647 688 712 ἐπίσκοπον,
719 646 920 711 ζῶντος
961 648 1054 701 τοῦ
1086 650 1352 719 προέδρου
1385 649 1482 719 τῆς
1529 649 1843 718 ἐκκλησίας,
1874 652 1922 702 εἰ

376 742 540 808 μήπω
571 739 676 791 ἀπὸ
703 741 1111 804 κατεξετάσεως
1141 741 1388 810 ἀναφανῇ
1415 740 1580 808 δεκτὴ
1607 741 1638 808 ὴ
1671 740 1763 792 τοῦ
1789 741 1924 803 ζῶν-

371 851 463 896 τος
486 835 837 902 παραίτησις,
869 834 900 905 ἣ
935 835 1303 905 καταδικασθῇ
1335 837 1444 887 ἀπὸ
1475 835 1754 904 συνοδικῆς
1785 837 1925 888 ἀπο-

371 927 608 992 φάσεως.
645 927 956 995 Τηνικαῦτα
991 928 1099 996 γὰρ
1151 928 1244 980 καὶ
1277 928 1476 992 ζῶντος
1523 927 1712 980 τούτου
1754 946 1929 998 χειρο-

370 1017 726 1086 τονηθήσεται
764 1017 967 1086 ἔτερος.
1010 1021 1097 1082 Ὠς
1153 1021 1210 1074 δέ
1265 1038 1408 1083 τινος
1462 1020 1727 1084 εἰπόντος,
1776 1023 1839 1074 Τί
1872 1024 1927 1076 δὲ

369 1109 661 1178 γενήσεται
690 1111 770 1172 είς
800 1111 890 1164 τὸν
920 1113 1049 1166 λαὸν
1075 1113 1174 1182 τῆς
1205 1115 1531 1182 ἐπισκοπῆς,
1558 1112 1651 1165 ἐὰν
1688 1115 1715 1166 ό
1767 1119 1928 1184 προῖ-

372 1202 638 1277 στιάμινος
697 1202 901 1274 ταύτης
953 1206 1012 1257 οὐ
1063 1206 1207 1257 ποιεῖ
1241 1205 1568 1274 παραίτησιν
1616 1206 1926 1276 κανονικὴν,

371 1289 506 1343 ἀλλὰ
537 1295 874 1361 χρονοτριῦεῖ
917 1293 1021 1359 ἔξω
1048 1298 1147 1365 τῆς
1185 1297 1390 1361 οἰκείας
1417 1299 1724 1364 ἐπισκοπῆς
1753 1317 1767 1362 ;
1799 1300 1933 1368 ἐπή-

369 1398 560 1448 γαγον,
597 1383 667 1446 ὡς
716 1386 779 1438 Et
806 1403 886 1448 τις
919 1387 1215 1450 ἐπίσκοπος
1247 1389 1386 1459 ὑπὲρ
1421 1391 1480 1442 τὸ
1514 1390 1781 1461 ἑξάμηνον
1805 1393 1936 1453 ἁπο-

375 1475 522 1543 δημή
535 1491 613 1526 σει
659 1477 721 1528 ἐκ
750 1476 848 1546 τῆς
874 1478 1165 1550 ἐκκλησίας
1199 1481 1361 1534 αὐτοῦ
1390 1482 1559 1553 χωρίς
1591 1482 1869 1556 βασιλικῆς
1896 1483 1928 1550 ἦ

344 1567 777 1635 ’πατριαρχικῆς
820 1571 1186 1635 προστάξεως,
1235 1573 1266 1643 ἢ
1315 1573 1436 1644 δίχα
1475 1574 1699 1642 βαρείας
1755 1575 1932 1638 νόσου,

381 1655 456 1724 μὴ
505 1659 939 1730 παραχωρούσης
974 1662 1124 1732 αὐτῷ
1154 1665 1216 1715 ἐκ
1241 1665 1404 1716 τόπου
1434 1669 1514 1727 είς
1555 1666 1719 1716 τόπον
1766 1680 1934 1732 μετα-

375 1747 602 1808 ϐαίνειν,
632 1749 905 1820 ἀλλότριος
933 1752 1034 1820 τῆς
1069 1755 1478 1824 ἀρχιερωσύνης
1501 1757 1810 1826 γενήσεται,
1841 1755 1933 1808 καὶ

2031 559 2371 612 siasticarum
2403 557 2870 627 perturbationum
2912 570 3075 608 causa
3107 563 3222 611 est.
3255 545 3590 619 statuimus,

2026 665 2093 704 ne
2121 647 2346 718 eligatur
2375 648 2662 717 episcopus
2695 645 2814 700 vivo
2874 645 3118 699 ecclesia:
3177 644 3426 711 praesule,
3473 645 3574 698 nisi

2028 743 2214 810 utique
2242 740 2320 794 vel
2346 755 2412 794 ex
2441 737 2846 793 examinatione
2883 735 3188 790 constiterit
3224 751 3346 789 esse
3384 735 3591 789 admit!

2027 835 2238 889 tendam
2273 833 2505 888 viventis
2531 830 3014 891 reuuntialionem,
3049 829 3128 880 vel
3167 828 3412 898 synodali
3459 845 3575 882 seno
3608 829 3615 836 ’

2029 928 2192 980 tentia
2247 925 2639 980 condemnatus
2691 923 2870 977 fuerit.
2919 923 3073 976 Tune
3112 923 3253 975 enim
3303 936 3367 973 eo
3415 921 3576 974 etiatr

2033 1020 2240 1071 vivente
2275 1016 2616 1070 ordinabitur
2643 1013 2986 1079 alius.Quasi
3015 1029 3142 1069 vero
3172 1013 3400 1068 dixisset
3430 1011 3573 1080 quis-

2029 1109 2194 1177 piam,
2225 1108 2363 1173 Quid
2391 1121 2520 1160 vero
2557 1106 2648 1160 lict
2683 1107 2737 1160 in
2789 1099 2988 1175 popqu
3015 1107 3362 1175 episcopatus
3385 1144 3400 1166 ,
3436 1105 3480 1156 si
3519 1103 3584 1164 is,

2030 1204 2121 1271 qui
2173 1202 2248 1255 illi
2303 1207 2517 1269 praeest,
2551 1215 2657 1253 non
2707 1197 2836 1252 facit
2875 1199 3189 1252 canonicam
3229 1195 3579 1251 renuntiatio-

2033 1312 2174 1358 uem,
2219 1293 2312 1349 sed
2343 1301 2497 1347 extra
2532 1306 2690 1346 suum
2720 1291 3091 1358 episcopatum
3125 1287 3404 1342 moratur?
3443 1287 3556 1340 into

2033 1387 2230 1450 lerunt,
2263 1385 2406 1456 quod
2440 1383 2485 1439 si
2523 1385 2644 1454 quis
2671 1383 2960 1451 episcopus
2989 1383 3126 1435 ultra
3171 1396 3262 1433 sex
3308 1395 3522 1436 menses
3556 1392 3584 1432 a

2017 1492 2129 1532 sua
2182 1477 2412 1531 ecclesia
2441 1473 2694 1536 abfuerit,
2736 1473 2855 1527 sine
2905 1471 3172 1541 imperiali
3223 1470 3304 1523 vel
3353 1469 3586 1538 patriar-
3650 1493 3661 1512 ο

2034 1568 2174 1623 cbali
2208 1567 2476 1640 jussione,
2507 1565 2587 1620 vel
2621 1565 2737 1619 sine
2771 1563 2918 1634 gravi
2953 1566 3159 1621 morbo.
3193 1563 3285 1631 qui
3319 1576 3423 1614 non
3459 1576 3586 1628 per-

2035 1659 2200 1713 mittit
2231 1667 2291 1712 ut
2322 1659 2492 1726 possit
2529 1658 2704 1711 locum
2735 1659 2851 1711 loco
2876 1665 3105 1716 mutare,
3143 1655 3188 1706 is
3215 1654 3319 1708 erit
3344 1668 3373 1706 a
3397 1667 3584 1706 sacer-

2037 1753 2182 1807 dotio
2209 1753 2444 1816 alienus,
2477 1760 2530 1804 et
2557 1750 2696 1804 alios
2720 1764 2816 1820 pro
2839 1765 2904 1803 eo
2931 1749 3290 1803 ordinabitur.
3320 1747 3585 1811 Quoniam

375 1837 492 1888 ἀντ’
542 1838 706 1890 αὐτοῦ
749 1841 1256 1910 χειροτονηθήσεται
1305 1844 1510 1913 ἕτερος.
1562 1845 1710 1896 Ἐπεὶ
1756 1845 1812 1896 δὲ
1869 1847 1932 1897 ἐκ

2037 1851 2213 1898 autent
2253 1860 2317 1896 ex
2364 1843 2451 1895 his
2483 1841 2702 1911 quidem
2741 1852 3001 1909 apparet,
3055 1856 3174 1894 esse
3210 1841 3591 1901 admitten-las,

370 1933 572 1985 τούτων
631 1935 730 2000 μὲν
775 1935 1128 2000 ἀναφαίνεται
1192 1938 1568 2003 παραδεκτέας
1619 1933 1759 1991 εἶναι
1835 1939 1933 2001 τὰς

374 2026 525 2091 παρα
554 2026 661 2075 τῶν
695 2026 1008 2080 ἐπισκόπων
1036 2028 1388 2097 ὁπωσδήποτε
1411 2029 1700 2096 γινομένας
1733 2048 1929 2100 παραι-

376 2118 583 2183 τήσεις
608 2116 784 2185 ἕτεροι
813 2117 870 2168 δὲ
903 2117 1144 2182 κανόνες,
1198 2121 1291 2172 καὶ
1323 2120 1458 2188 αὑτὴ
1486 2123 1518 2189 ἡ
1573 2123 1703 2189 πρὸς
1730 2124 1938 2189 Δὸμνον

377 2210 634 2275 ἐπιστολὴ
679 2209 772 2261 τοῦ
820 2209 976 2274 ἁγίου
1041 2210 1328 2281 Κνρίλλον,
1380 2213 1495 2280 ἦτοι
1529 2213 1585 2265 τὸ
1634 2219 1680 2264 α’
1726 2214 1816 2265 καὶ
1883 2211 1932 2278 γ’

379 2319 508 2370 κεφ.
541 2302 728 2371 αὐτῆς,
761 2303 1082 2372 διορίζονται
1118 2305 1190 2373 μὴ
1217 2306 1670 2374 ἀπεριμερίμνως
1709 2309 1805 2368 τὰς
1834 2309 1938 2360 τῶν

377 2393 694 2445 ἐπισκόπων
727 2397 1088 2464 παραιτήσεις
1137 2381 1406 2464 δέχεσθαιο
1451 2397 1686 2463 ὀφείλεις
1719 2400 1812 2448 καὶ
1845 2398 1938 2450 τὸν

376 2485 618 2554 παρόντα
659 2487 858 2538 κανόνα
887 2487 1019 2556 πρὸς
1055 2489 1236 2540 ἐκεῖνα
1264 2488 1612 2556 συμϐιϐάσαι.
1653 2489 1926 2555 Ἀνᾶγνςυο

375 2593 467 2627 σον
501 2579 592 2628 κτλ
621 2577 681 2628 τὸ
713 2583 777 2629 ια’
799 2595 925 2644 κειρ.
960 2578 1052 2631 τοῦ
1081 2579 1120 2628 8'
1174 2580 1350 2630 τίτλον
1415 2580 1502 2631 τοῦ
1533 2581 1795 2649 παρόντος
1822 2597 1940 2632 συν⁹

372 2673 650 2738 τ’ῖγματος
716 2671 810 2723 καὶ
838 2671 904 2723 τὰ
934 2673 989 2722 ἐν
1021 2671 1189 2740 αὐτῷ.
1224 2671 1346 2726 ’Ότι
1393 2673 1447 2725 δὲ
1497 2674 1554 2723 τὸ
1599 2673 1698 2742 μὲν
1727 2673 1775 2742 β’
1806 2690 1931 2738 κειρ.

371 2761 464 2812 τοῦ
518 2768 564 2829 η’
607 2761 785 2814 τίτλου
824 2763 916 2815 τοῦ
957 2764 1215 2834 παρόντος
1287 2768 1688 2834 συντάγματος,
1731 2765 1852 2834 ἦτοι
1882 2765 1942 2815 τὸ

370 2854 428 2904 ὲν
489 2855 660 2922 τούτῳ
710 2856 1095 2925 περιεχόμενον
1147 2857 1210 2926 ιη’
1265 2857 1358 2910 καὶ
1412 2855 1476 2909 ιο⁹
1532 2875 1655 2924 κεφ.
1727 2859 1822 2910 τοῦ
1884 2865 1940 2910 α’

369 2945 547 2995 τίτλον
579 2944 670 2997 τοῦ
699 2944 745 3012 γ’
802 2945 1006 3016 βιϐλίου
1039 2947 1146 3000 τῶν
1171 2948 1493 3011 Βασιλικῶν,
1526 2949 1661 3017 ὅπερ
1693 2949 1808 3001 ἐστὶ
1841 2952 1940 3018 μὲ-

374 3049 462 3101 ρος
486 3037 581 3100 τῆς
610 3032 724 3104 ρκγ⁹
751 3035 1174 3088 ’ίουστινιανείου
1229 3038 1463 3106 Νεαρᾶς.
1492 3038 1639 3090 δοκεῖ
1661 3039 1934 3090 ἐναντιοῦ-

2037 1950 2156 2000 quae
2187 1933 2679 2002 quonnllocunqne
2717 1931 2852 1985 tiunt
2887 1931 2953 1983 ab
2998 1931 3269 1998 episcopis
3317 1930 3595 1983 renuntia-

2037 2031 2233 2091 tioucs;
2259 2028 2346 2082 alii
2377 2042 2504 2080 vero
2533 2041 2791 2083 canones.
2825 2033 2878 2076 et
2910 2023 3082 2077 sancti
3114 2021 3300 2093 Cyrilli
3331 2022 3395 2073 ad
3432 2021 3592 2073 Dom-

2040 2131 2167 2169 num
2217 2117 2444 2183 epistola
2472 2155 2486 2178 ,
2528 2114 2642 2167 sive
2699 2113 2718 2166 l
2764 2124 2813 2166 et
2849 2113 2882 2167 5
2922 2113 3039 2181 ejus
3080 2119 3399 2181 responsum
3427 2150 3440 2173 ,
3490 2119 3596 2163 sta-

2038 2216 2218 2267 tuunt,
2255 2222 2362 2259 non
2394 2221 2514 2260 esse
2545 2204 2947 2258 inconsiderate
2983 2203 3348 2258 admittendos
3377 2202 3592 2271 episeo-

2043 2312 2230 2365 pormn
2283 2294 2742 2354 renuutiationes,
2799 2294 2963 2346 debes
3008 2305 3324 2361 praesentem
3381 2306 3598 2360 quoque

2040 2403 2302 2441 canonem
2355 2387 2420 2440 ad
2483 2387 2570 2438 illa
2628 2384 2905 2439 reducere.
2962 2384 3187 2453 Legell
3227 2399 3444 2452 quoque
3473 2397 3592 2450 cap.

2043 2482 2128 2532 tit.
2167 2480 2198 2533 9
2233 2479 2509 2548 [mesentis
2557 2477 2757 2544 operis.
2792 2488 2845 2529 et
2893 2492 3013 2544 quae
3047 2477 3098 2529 in
3140 2491 3204 2530 eo
3259 2486 3406 2530 sunt.
3463 2473 3596 2538 Quia

2042 2582 2220 2624 autem
2249 2584 2359 2638 cap.
2407 2569 2440 2620 2
2469 2571 2532 2622 tit
2586 2570 2617 2622 8
2649 2570 2930 2638 praesentis
2957 2572 3160 2637 operis,
3195 2568 3275 2621 vel
3301 2583 3419 2635 qua:
3447 2567 3498 2618 in
3532 2581 3596 2616 eo

2042 2663 2390 2717 continentur
2429 2675 2547 2728 cap.
2602 2662 2666 2714 l8
2700 2670 2751 2714 et
2805 2662 2867 2715 l9
2923 2661 3008 2713 tit.
3042 2661 3063 2712 Ἰ
3115 2661 3209 2714 lib.
3267 2675 3324 2711 ιιι
3380 2657 3596 2711 Basilio.

2043 2742 2181 2821 quod
2237 2760 2317 2805 est
2379 2766 2502 2820 pars
2555 2752 2657 2806 l25
2699 2751 2991 2806 Jistiniani
3067 2751 3327 2812 Novella,
3385 2750 3600 2803 videtur

2046 2847 2296 2916 praesenti
2350 2845 2543 2899 canoni
2601 2859 2921 2913 repugnare,
2972 2845 3271 2913 qu:esitum
3297 2851 3377 2895 est
3409 2857 3438 2893 a
3481 2843 3601 2910 qui-

2047 2938 2267 2989 busdam
2302 2974 2316 2997 ,
2361 2935 2620 3002 quidnam
2661 2935 2810 3001 sequi
2855 2934 3170 2987 debeamus.
3204 2932 3469 2986 Videntur
3500 2947 3599 2982 au-

2046 3039 2153 3083 tem
2183 3031 2236 3083 in
2267 3029 2348 3082 bis
2382 3028 2682 3084 adversari;
2713 3027 2897 3080 Canon
2925 3028 3181 3096 episeopo
3215 3042 3306 3080 sex
3332 3026 3596 3079 mensium

371 3123 493 3175 σθαι
517 3125 591 3193 τῷ
614 3125 835 3192 παρόντι
860 3121 1065 3178 κανόνι·
1092 3126 1428 3197 συνεζητὴοη
1460 3130 1610 3198 παρά
1631 3147 1808 3191 τινων,
1831 3131 1933 3181 τίνι

2049 3123 2280 3190 spatium
2315 3120 2379 3172 ad
2419 3121 2518 3172 boc
2555 3131 2612 3172 ιιι.
2660 3122 2828 3188 possit
2860 3119 3186 3187 perigrenari
3221 3129 3273 3170 et
3296 3117 3364 3169 ab
3397 3117 3604 3182 episca-

371 3216 662 3282 προσέχειν
699 3218 1006 3291 ὀφείλομεν.
1042 3218 1277 3270 Δοκοῦσι
1338 3219 1395 3271 δὲ
1447 3219 1825 3272 ἐναντιοῦσθαι
1880 3223 1933 3272 ἐν

2041 3224 2164 3283 patu
2199 3214 2409 3280 abesse,
2449 3216 2672 3285 largitus
2703 3224 2784 3268 est
2811 3230 2824 3266 :
2851 3211 3066 3265 Novella
3101 3227 3236 3263 vero
3262 3210 3310 3262 id
3341 3210 3403 3262 ad
3438 3208 3600 3260 unius

369 3306 600 3369 τούτοις.
636 3307 696 3359 τυ
733 3307 910 3361 κανὼν
946 3311 1369 3378 ἐφιλοτιμήσατο
1401 3312 1480 3373 είς
1520 3311 1836 3380 ἀποδημίαν

369 3390 656 3469 ἐπισκόπῳ
681 3400 1026 3470 ἑξαμηνιαῖον
1046 3403 1254 3472 καιρόψ
1281 3405 1313 3473 ἡ
1338 3404 1523 3472 Νεαρὰ
1552 3406 1630 3466 είς
1670 3405 1938 3474 χρονιαῖον

373 3490 652 3558 διάστημα
701 3492 888 3543 τοῦτον
946 3493 1287 3561 ἐφὴπλωσεν,
1328 3496 1450 3547 Ἔτι
1502 3500 1528 3547 ό
1575 3494 1754 3547 κανὼν
1812 3497 1938 3555 τοὺς

377 3581 519 3649 ὑπὲρ
571 3582 630 3633 τὸ
683 3583 948 3650 ἑξάμηνον
1005 3584 1416 3650 ἀποδημοῦντας
1468 3588 1529 3636 ὲκ
1567 3585 1671 3637 τῶν
1721 3585 1938 3638 οἰκείων

375 3674 683 3739 ἐκκλησιῶν
712 3677 987 3744 ἀρχιερεῖς
1011 3677 1362 3744 ὰσυξητήτως
1397 3677 1454 3742 ἐξ
1485 3677 1662 3728 αὐτῶν
1695 3678 1938 3748 ἀλλοτρι-

369 3765 559 3818 οὖσοαι
588 3767 951 3835 διωρίσατο’.ή
986 3766 1172 3836 Νεαρὰ
1211 3769 1465 3836 πρότερον
1494 3769 1734 3830 δαπάνας
1756 3772 1937 3840 ἀρχιε-

373 3858 529 3928 ρεῦσι
567 3859 641 3928 μὴ
685 3859 1041 3928 χορηγεῖσθαι
1081 3855 1236 3929 παρέ
1286 3859 1391 3910 τῶν
1438 3861 1740 3929 οἰκονόμων
1795 3863 1935 3931 μετὰ

373 3951 473 4019 τὴν
525 3951 718 4017 χρόνου
759 3950 1118 4019 παραδρομὴν
1158 3949 1618 4017 παρεκελεύσατο,
1661 3951 1756 4004 καὶ
1793 3953 1936 4006 οὕτω

376 4037 802 4106 μετακαλεῖσοαι
837 4026 1033 4101 αὐτοὺς
1063 4039 1165 4090 ὑπὸ
1199 4039 1306 4092 τῶν
1355 4041 1573 4092 οἰκείων
1618 4042 1895 4111 κληρικῶν
1921 4059 1934 4072 ⁸

373 4129 468 4180 καὶ
498 4127 546 4178 εί
595 4126 728 4196 μηδὲ
779 4126 920 4179 οὕτω
980 4128 1298 4193 πεισθῶσιν,
1347 4130 1566 4198 ἐτέρους
1614 4137 1937 4203 χειροτονεῖ-

373 4219 517 4272 σθαι.
558 4219 619 4269 Ἰ.)
651 4218 825 4270 κανὼν
854 4220 1092 4288 ἐκχωρεῖ
1151 4223 1265 4281 τοῖς
1298 4223 1612 4291 ἀρχιερεῦσι
1645 4226 1737 4277 καὶ
1779 4226 1940 4278 πλέον

370 4309 467 4360 τοῦ
500 4309 744 4361 ἐνιαυτοῦ
765 4310 1090 4378 ἀποδημεῖν,
1116 4311 1272 4381 παρά
1305 4311 1570 4379 βασιλέων
1598 4315 1630 4384 ἢ
1657 4332 1933 4384 πατριάρ-

374 4401 486 4472 χῶν
514 4403 919 4468 κατεχομένοις,
953 4401 983 4470 ἢ
1014 4401 1101 4453 διὰ
1124 4402 1278 4455 νόσον
1307 4403 1533 4473 βαρεῖαν
1556 4407 1934 4475 κω).υομένοις’

2038 3306 2162 3359 anni
2192 3306 2534 3358 intervallum
2570 3304 2823 3359 extendat.
2859 3299 3122 3355 Praeterea
3153 3312 3324 3366 canon
3354 3309 3469 3356 eos.
3505 3295 3598 3359 qui

2040 3397 2178 3449 ultra
2207 3412 2301 3450 sex
2331 3411 2545 3449 menses
2582 3411 2610 3447 a
2644 3396 2756 3448 suls
2819 3392 3065 3467 ecclesiis
3097 3388 3601 3453 absunt,antistitt-s

2038 3489 2172 3541 citra
2230 3488 2635 3556 inquisitionem
2680 3486 2746 3539 ab
2794 3486 2859 3539 iis
2905 3483 3037 3553 ipsis
3079 3480 3306 3536 alienari
3343 3482 3538 3536 statuit
3588 3499 3599 3530 :

2040 3579 2258 3632 Novella
2297 3587 2545 3646 sumptus
2591 3579 2742 3648 prius
2787 3578 2854 3630 ab
2883 3576 3236 3631 meonomicis
3259 3572 3603 3627 antistitibus

2043 3689 2150 3726 non
2175 3670 2512 3741 suppeditari
2541 3672 2717 3740 jubet,
2754 3669 2913 3738 357
2956 3679 3076 3737 post
3104 3677 3315 3735 tempus
3336 3665 3602 3731 elapsum,
3683 3665 3686 3667 ’

2040 3777 2093 3821 et
2116 3767 2194 3822 sic
2227 3783 2254 3819 a
2277 3768 2389 3821 suis
2419 3765 2938 3829 clericisaccersiri;
2967 3773 3021 3817 et
3049 3764 3093 3817 si
3125 3778 3226 3815 non
3253 3761 3330 3812 sie
3360 3761 3602 3829 persuasi

2041 3859 2262 3924 fuerint,
2295 3858 2428 3912 alios
2461 3857 2725 3912 ordinari.
2755 3856 2941 3911 Canon
2977 3855 3240 3924 permittit
3265 3853 3603 3907 antistitibus

2039 3949 2199 4004 etiam
2233 3949 2370 4003 ultra
2401 3964 2603 4001 anmtm
2634 3949 2828 4002 abesse
2855 3986 2869 4011 ,
2899 3948 2943 4001 si
2973 3947 3040 4018 ab
3077 3943 3493 4012 imperatoribus
3521 3943 3602 3995 vel

2043 4058 2070 4094 a
2099 4040 2423 4110 patriarcbis
2449 4039 2822 4100 detineantur,
2858 4039 2940 4101 vel
2970 4046 3188 4105 propter
3212 4049 3427 4103 gravem
3457 4051 3603 4084 mor-

2043 4134 2169 4185 bum
2196 4131 2587 4201 prohibcantnr
2623 4147 2635 4181 :
2669 4129 2891 4183 Novella
2923 4128 3056 4182 nihil
3082 4135 3278 4181 tractat
3309 4125 3601 4194 ejusmodi.

2040 4223 2209 4293 Magis
2253 4237 2380 4291 ergo
2412 4222 2555 4289 quod
2593 4221 2645 4274 in
2707 4229 2855 4289 parte
2883 4220 2914 4273 6
2945 4219 3234 4274 Jttstiniani
3288 4219 3509 4271 novella:
3538 4220 3605 4269 de

2037 4316 2146 4368 sole
2180 4315 2505 4383 imperatore
2541 4313 2868 4378 continetur,
2895 4323 2949 4365 et
2971 4327 3002 4366 a
3032 4310 3222 4365 Pbotio
3241 4311 3292 4364 in
3314 4312 3456 4363 dicto
3478 4325 3599 4378 cap.

2037 4407 2071 4460 2
2105 4405 2187 4460 tit.
2227 4405 2259 4459 8
2293 4405 2574 4473 praesentis
2601 4403 2786 4475 operis
2819 4403 2984 4458 situm
3035 4391 3142 4466 est,
3199 4400 3430 4470 repetita
3465 4415 3603 4469 prze-
3625 4398 3646 4401 “

371 4493 405 4559 ἡ
435 4491 620 4560 Νεαρά
653 4492 808 4543 οὐδέν
832 4509 882 4544 τι
909 4493 1153 4546 τοιοῦτον
1181 4495 1558 4564 διαλαμϐάνει.
1588 4499 1808 4551 Μᾶλλον
1838 4500 1933 4567 μὲν

2044 4500 2204 4553 lectio
2260 4513 2365 4551 non
2395 4498 2640 4565 recepit,
2678 4496 2772 4550 sed
2819 4496 3060 4563 expulit;
3115 4496 3292 4548 visum
3347 4501 3432 4547 est
3471 4508 3602 4562 ergo

368 4577 462 4632 οὗν
489 4583 550 4632 τὸ
581 4583 638 4634 ὲν
678 4583 831 4651 μέρει
865 4583 961 4653 τῆς
989 4583 1044 4646 ς’
1104 4586 1533 4641 Ἰουστινιανείου
1565 4590 1783 4658 Νεαρᾶς
1815 4591 1943 4657 περὶ

374 4672 534 4740 μόνου
561 4673 653 4725 τοῦ
681 4673 944 4752 βασιλέως
976 4678 1385 4747 περιεχόμενον,
1417 4682 1510 4733 καὶ
1546 4671 1933 4752 καταστρωΘὲν

371 4766 524 4833 παρὰ
556 4765 648 4817 τοῦ
679 4767 880 4820 Φωτίου
913 4771 970 4820 ὲν
998 4768 1074 4839 τῷ
1107 4771 1321 4840 ῥηθέντι
1357 4771 1402 4840 β’
1466 4790 1589 4841 κεφ.
1626 4775 1719 4825 τοῦ
1749 4781 1809 4842 η’
1860 4773 1942 4825 τί·

370 4857 496 4908 τλου
528 4858 622 4910 τοῦ
655 4860 918 4926 παρόντος
951 4865 1352 4932 συντάγματος,
1384 4866 1811 4936 ἡάνακάοαρσις
1837 4868 1937 4918 οὐκ

368 4945 608 5012 ἐδέξατο,
645 4947 760 5000 ἀλλ’
811 4950 1028 5014 ἐδίωξεν
1054 4969 1069 4982 ·
1107 4952 1250 5017 ἔδοξε
1287 4955 1418 5020 γοῦν
1469 4958 1536 5008 τὰ
1572 4954 1666 5007 τοῦ
1709 4956 1933 5017 κανόνος

372 5041 575 5112 μᾶλλον
624 5044 861 5111 ὀφείλειν
905 5050 1144 5111 κρατεῖν.
1197 5046 1340 5112 Ἐγὼ
1373 5047 1429 5098 δὲ
1487 5047 1584 5098 καὶ
1631 5047 1712 5099 ἔτι
1766 5051 1936 5118 ἀμφι·

2039 4606 2302 4644 canonem
2340 4591 2521 4658 potius
2569 4589 2772 4642 servari
2818 4579 3089 4656 oportere.
3121 4585 3231 4654 Ego
3265 4600 3392 4639 vero
3425 4584 3602 4638 adhuc

2039 4683 2204 4736 etiam
2235 4681 2446 4735 dubito.
2477 4681 2759 4744 Quatenus
2799 4679 2940 4734 enim
2973 4690 3057 4732 est
3086 4678 3313 4749 quze’stio
3342 4675 3600 4730 ecclesia-

2043 4773 2206 4838 stiea,
2244 4781 2329 4826 sto
2369 4771 2437 4825 ab
2476 4771 2586 4825 illis
2616 4771 2705 4838 qui
2735 4771 2928 4824 dicunt.
2961 4783 3224 4824 canonem
3272 4769 3443 4836 magis
3482 4781 3598 4819 ser-

2044 4866 2158 4917 vari
2194 4874 2444 4934 oportere
2475 4880 2490 4917 :
2531 4872 2805 4931 quatenus
2833 4873 3010 4917 autem
3041 4862 3264 4916 Basilica
3309 4867 3598 4928 repurgata

2041 4966 2170 5010 sunt
2216 4966 2335 5024 pOSl
2379 4955 2737 5012 nomdcanoni
2790 4955 3241 5022 compositionem
3273 4989 3291 5021 ,
3338 4960 3394 5003 et
3442 4948 3602 5016 bujus

2045 5048 2271 5101 canonis
2300 5047 2625 5110 editionem,
2660 5046 2812 5099 alteri
2846 5047 3134 5100 sententim
3176 5043 3470 5097 assentior.

369 5134 569 5191 ϐάλλω.
597 5139 789 5202 Καθὼς
828 5140 926 5210 μὲν
959 5141 1067 5210 γάρ
1127 5143 1242 5193 ἐστι
1280 5143 1339 5193 τδ
1374 5143 1598 5213 ζήτημα
1675 5145 2157 5215 ἐκκλησιαστικον,
2223 5145 2559 5214 πρόσκειμαι
2623 5144 2744 5205 τοῖς*
2791 5143 3042 5206 λέγουσιν
3091 5139 3325 5207 ὀφείλειν
3403 5135 3601 5205 μᾶλλον

369 5229 441 5283 τὰ
472 5230 564 5283 τοῦ
592 5232 816 5296 κανόνος
855 5235 1077 5304 κρατεῖν
1113 5251 1126 5263 ·
1156 5235 1291 5287 καθὸ
1322 5237 1377 5288 δὲ
1407 5239 1473 5290 τὰ
1511 5237 1774 5292 Βασιλικά
1806 5236 2260 5304 ἀνεκαοάρθησαν
2291 5235 2427 5304 μετὰ
2461 5236 2560 5302 τὴν
2629 5234 2725 5286 τοῦ
2788 5233 3145 5302 νομοτιανόνου
3219 5228 3440 5298 ποίησιν
3506 5230 3601 5282 καὶ

364 5325 467 5397 τὴν
499 5326 600 5380 ’τοῦ
644 5328 868 5391 κανόνος
919 5331 1108 5383 τούτου
1146 5330 1432 5393 ἀπόλυσιν,
1480 5333 1813 5404 πρόσκειμαι
1863 5336 1929 5404 τῇ
1972 5335 2132 5403 ἑτέρᾳ
2164 5331 2377 5402 γνώμῃ.

815 5421 1012 5491 Ἑτέρα
1045 5425 1327 5493 ἑρμηνεία
1365 5427 1496 5496 (58).

450 5510 538 5561 Ἐν
559 5511 673 5572 τοῖς
710 5510 809 5579 μὲν
851 5512 1175 5584 ἐγράψαμεν
1207 5515 1447 5584 ὀφείλειν
1480 5517 1549 5570 τά
1577 5518 1654 5584 τῷ
1703 5533 1931 5589 παροντι

2514 5426 2692 5480 Altera
2731 5426 3117 5494 interpretatio.

2111 5517 2167 5572 ln
2201 5519 2284 5572 bis
2318 5517 2535 5588 quidem
2570 5517 2890 5586 scripsimus
2917 5515 3121 5572 Servari
3149 5525 3444 5583 oportere,
3476 5526 3602 5585 quae

1556 5629 1750 5691 Guill.
1781 5634 2108 5711 Beveregi-i
2155 5641 2340 5694 notae.

441 5721 557 5802 (ii8)
607 5723 806 5802 Ἑτέρα
832 5728 1131 5794 ἑρμηνεία.
1175 5730 1299 5783 llaec
1326 5733 1490 5786 altera
1552 5735 1929 5802 interpretatio

375 5792 537 5862 hujus
571 5801 794 5850 rationis
839 5792 942 5852 non
966 5792 1136 5854 ἰιιιοιΙυ
1185 5806 1234 5853 in
1270 5803 1461 5857 codice
1494 5792 1814 5868 Bodleiano,
1834 5809 1923 5859 sed

2034 5750 2084 5788 et.
2121 5738 2173 5789 in
2225 5736 2662 5790 Amerbaebiano
2686 5777 2701 5797 ,
2738 5750 2947 5789 necnon
2996 5736 3046 5788 in
3110 5742 3487 5804 supplemento
3525 5738 3590 5792 ad

2037 5808 2396 5862 Parisiensem
2431 5806 2770 5862 Balsamonis
2797 5805 3090 5860 editionem
3135 5817 3333 5864 exstat.
