4074 6214
250 352 384 415 ῙΟΠ

1345 359 1422 419 ΙΝ
1457 361 1621 420 CAN.
1676 361 1834 420 XVII
1873 360 2081 420 CONC.
2130 362 2339 423 lZPOL.

3335 357 3463 424 1078
3499 321 3502 324 ’

238 454 379 531 ίδίας
409 467 594 539 τιμῆς,
628 468 793 538 ἤγουν
820 468 917 538 τῆς
940 467 1300 544 ἐπισκοπικῆς
1333 471 1513 538 ἀξίας.
1552 476 1643 524 Δεῖ
1675 475 1802 542 γὰρ,

1928 477 2146 534 9roinde
2176 457 2359 550 igitur,
2396 479 2579 548 quain
2617 479 2846 534 ecclesia
2898 479 3192 549 episc0pns
3247 491 3330 534 cst
3383 496 3477 534 sn-

241 563 420 632 φησὶνι
461 565 726 634 πρότερόν
777 564 1078 627 κανονικῶς
1108 565 1461 630 ἐξετάζεσθαι
1493 569 1594 634 τὴν
1623 567 1803 618 αἰτίαν

242 655 338 725 τὴν
367 658 485 709 κατ’
508 657 673 711 αὑτοῦ
701 659 1074 728 ἐπαγομένην,
1104 662 1200 712 καί¹
1233 661 1312 723 είς
1350 661 1526 732 πέρας
1550 661 1802 728 ἄγεσθαι,

241 749 518 802 τουτέστιν
542 751 621 812 είς
668 751 961 819 ἀπόφασιν,
986 755 1079 805 καὶ
1130 754 1222 806 ὅτε
1274 756 1577 817 κανονικῶς
1600 757 1805 817 ἐκεῖνος

241 842 566 913 καθαιρεθῇ,
609 842 797 912 ἕτερον
844 846 1275 914 χειροτονεῖσθαι
1326 847 1404 908 εἰς
1438 846 1536 915 τὴν
1581 848 1804 898 ἐπισκο-

242 937 372 1005 πὴν.
441 937 675 1005 Ὁμοίως
711 938 840 1006 φησὶ
893 937 987 989 καὶ
1033 939 1061 990 ό
1099 939 1358 1008 τέταρτος
1405 939 1587 991 κανὼν
1623 940 1722 1008 τῆς
1753 941 1810 990 ἐν

243 1026 478 1096 Σαρδικῇ
537 1027 778 1081 συνόδου.
831 1029 892 1080 Εἰ
920 1028 976 1080 δέ
1003 1046 1086 1093 τις
1121 1031 1442 1094 ἐπίσκοπος,
1475 1031 1570 1082 τοῦ
1599 1031 1808 1084 δικαίου

241 1118 337 1186 τῆς
387 1121 696 1192 ἐπισκοπῆς
739 1121 1120 1190 ἀντεχόμενος,
1173 1121 1296 1176 οὗτε
1335 1123 1427 1175 τὸν
1456 1125 1659 1175 οἰκεῖον
1687 1141 1808 1176 ποι-

243 1209 425 1274 μαίνει
467 1210 620 1274 λαὸν,
662 1209 788 1264 οὔτε
818 1218 1188 1283 παραιτεῖται,
1250 1217 1298 1267 εἰ
1349 1213 1572 1283 εὔλογον
1627 1215 1808 1274 αἰτίαν

243 1302 374 1364 ἴσως
419 1303 529 1373 ἔχει
577 1308 986 1376 παραιτήσεως,
1039 1308 1174 1361 ἁλλὰ
1196 1309 1358 1363 πλέον
1413 1309 1471 1375 ἒξ
1523 1311 1708 1378 μηνῶν
1752 1313 1810 1362 ἐν

243 1392 418 1464 ἑτέρῳ
460 1395 728 1465 διατρίϐει
756 1397 927 1467 τόπῳ,
976 1399 1292 1453 ἐκπεσεῖται
1318 1401 1412 1453 καὶ
1444 1401 1543 1469 τῆς
1585 1402 1811 1455 ἐπισκο-

242 1484 355 1552 πῆς
389 1489 486 1540 καὶ
513 1488 613 1556 τῆς
638 1486 796 1552 ἀξίας
830 1489 1023 1559 αὐτῆς,
1057 1492 1106 1544 εί
1137 1493 1211 1560 μή
1241 1493 1403 1563 πουῆ
1435 1495 1500 1545 ἐκ
1533 1492 1812 1564 βασιλικοῦ

244 1579 671 1648 προστάγματος
716 1582 1006 1652 κατέχεται
1065 1585 1155 1639 διά
1200 1603 1321 1639 τινα
1375 1586 1584 1655 χρείαν,
1643 1587 1676 1656 ἦ
1727 1585 1806 1656 τῷ

242 1671 433 1740 οἰκείῳ
463 1673 780 1745 πατριάρχῃ
808 1676 1124 1742 ἀναγκαίως
1164 1677 1450 1746 ὑπηρετεῖ,
1473 1679 1504 1748 ῆ
1531 1677 1673 1748 νόσῳ
1704 1680 1811 1730 τινὶ

1877 627 1880 630 Α
1914 582 2146 641 pet-stes,
2182 587 2358 642 neque
2385 573 2607 642 proprio
2635 572 2861 637 honore,
2903 573 3007 627 hoc
3033 582 3135 636 est,
3175 572 3477 642 episcopali

1913 670 2196 738 dignitate,
2233 678 2409 722 motus
2440 679 2545 726 est.
2585 671 2790 722 nullum
2819 670 2952 722 inea
2975 669 3289 738 episcopum
3313 669 3476 721 al-inm

1913 761 2174 816 constitui
2228 761 2392 815 licere
2453 761 2695 831 synodus
2745 760 3009 813 definivit.
3067 758 3293 825 Oportet
3335 760 3478 811 enim

1915 855 2088 924 prius,
2120 854 2319 924 inquit,
2354 869 2416 908 ex
2445 838 2764 922 przescripto
2787 868 3058 908 canonum
3085 854 3311 918 crimen,
3337 851 3478 921 quod

1913 947 2170 1016 episcopo
2200 945 2518 1007 intenditur,
2550 946 2845 999 cxarnioari
2884 945 2948 997 ad
2993 945 3309 1013 exitumque
3361 960 3481 1010 per-

1915 1040 2064 1103 duci,
2101 1040 2200 1093 hoc
2227 1047 2334 1095 est.
2365 1039 2686 1090 sententiam
2731 1037 2797 1091 de
2829 1038 2922 1090 illo
2954 1035 3120 1100 ferri;
3167 1053 3344 1104 eoque
3390 1037 3480 1090 tle-

1917 1147 2062 1184 mum
2105 1145 2169 1183 ex
2203 1129 2438 1185 decretis
2472 1144 2745 1182 canonum
2794 1127 3046 1197 deposito
3074 1169 3088 1189 ,
3139 1131 3370 1182 alterum
3433 1129 3484 1179 in

1915 1223 2036 1290 ejus
2061 1222 2380 1290 episc0patu
2415 1221 2649 1289 denique
2679 1219 2986 1288 subrogari.
3017 1219 3169 1274 ldem'
3196 1219 3485 1272 Sardicon-

1915 1316 1992 1369 sis
2031 1329 2247 1383 quoque
2278 1313 2468 1382 synodi
2504 1327 2714 1367 canone
2744 1314 2777 1366 4
2805 1313 3161 1365 constitutum
3196 1321 3304 1365 est.
3329 1310 3483 1374 Quod

1915 1409 1960 1464 si
1993 1407 2262 1478 quispiam
2299 1408 2610 1478 episcbpus,
2660 1407 2784 1476 jure
2839 1406 3182 1473 episcopatus
3237 1412 3444 1456 retento
3470 1442 3485 1464 ,

1919 1515 2098 1571 neque
2127 1502 2181 1555 in
2222 1517 2408 1554 curam
2453 1501 2708 1570 pascendi
2761 1502 2942 1570 gregis
2979 1500 3282 1560 incumbit,
3316 1514 3488 1564 neque.

1918 1594 2218 1657 renuntiat,
2256 1594 2300 1649 si
2334 1592 2476 1661 justa
2509 1592 2584 1645 illi
2613 1592 2752 1646 forte
2777 1592 2958 1660 aliqua
2994 1608 3154 1646 causa
3188 1593 3260 1645 sit
3285 1607 3487 1644 retinn-

1920 1685 2190 1745 tiationis:
2225 1687 2318 1738 sed
2352 1685 2493 1737 ultra
2530 1695 2799 1738 semestre
2831 1685 3092 1752 temporis
3116 1684 3350 1751 spatium
3383 1682 3490 1735 alio

245 1762 454 1831 χαλεπῇ
486 1764 582 1815 καὶ
604 1763 800 1836 βαρείᾳ
825 1767 1134 1835 συνέχεται,
1176 1769 1272 1820 καὶ
1300 1769 1552 1840 τοιαύτῃ,
1578 1769 1653 1832 ὼς
1683 1771 1807 1822 ἀκι-

247 1853 760 1872 ,,,.,.-..
897 1853 1036 1872 ,ιλ
1157 1860 1229 1872 ...,
1386 1861 1397 1872 .
1673 1861 1684 1872 .

1928 1780 1972 1832 in
2011 1778 2132 1832 loco
2161 1777 2330 1845 degit,
2369 1776 2415 1831 is
2444 1776 2761 1845 episcopatu
2797 1776 2958 1829 simul
2995 1775 3221 1844 ipsaque
3271 1777 3492 1844 cpisco-

245 1853 438 1922 νησίας
468 1855 618 1924 αὺτῷ
645 1857 828 1909 αἰτίαν
853 1853 1121 1926 γίνεσθαι.
1157 1860 1292 1912 Τότε
1337 1861 1448 1930 γὰρ
1479 1861 1813 1931 συγγνώμην

241 1945 358 2010 ἕξει
395 1947 698 2018 ἀποδημῶν
730 1951 832 2018 τῆς
867 1949 1164 2020 ἐκκλησίας
1196 1951 1386 2006 αὐτοῦ.
1427 1953 1588 2006 Ἀνευ
1618 1954 1674 2006 δὲ
1706 1955 1814 2007 τῶν

244 2037 504 2093 τοιούτων
542 2039 734 2095 αἰτιῶν
772 2042 1070 2112 ἀποδημῶν
1104 2043 1246 2115 ὑπὲρ
1293 2043 1352 2095 τὸ
1379 2045 1674 2114 ἑξάμηνον,
1721 2049 1817 2100 καὶ

231 2131 483 2202 -ἁλλαχοῦ
516 2133 834 2201 διατρίϐων,
877 2133 1374 2206 ἀλλοτριωθήσεται
1405 2139 1504 2207 τῆς
1545 2139 1818 2209 ἀρχιερωο

214 2233 217 2236 ’
250 2223 440 2291 σύνηςν
469 2225 562 2276 καὶ
589 2227 775 2296 ἕτερος
803 2227 882 2291 εἷς
897 2227 996 2295 τὴν
1025 2228 1334 2298 ἐπισκοπὴν
1364 2231 1579 2283 ἐκείνην
1604 2225 1817 2284 ἀντεισ-

166 2363 180 2379 κ
249 2315 578 2385 αχθήσεται.

1922 1870 2026 1940 pali
2063 1870 2324 1938 dignitate
2361 1870 2615 1933 excidet;
2655 1869 2760 1922 nisi
2792 1867 2876 1922 vel
2913 1869 3265 1932 imperatoris
3310 1866 3490 1931 jussu,

1924 1961 2045 2030 ejus
2080 1976 2241 2031 opera
2276 1961 2502 2023 utentis,
2531 1961 2728 2014 alicubi
2762 1961 3094 2027 detineatur,
3127 1961 3207 2012 νυι
3244 1974 3492 2014 necessa-

1925 2053 2022 2106 riis
2053 2053 2373 2121 patriarchze
2397 2053 2479 2106 sui
2518 2053 2840 2108 ministeriis
2872 2063 3168 2120 occupetur
3197 2094 3212 2112 ,
3265 2054 3347 2106 vel
3405 2069 3492 2106 eo-

1927 2160 2102 2212 usque
2130 2143 2332 2198 dillicili
2367 2145 2628 2212 gravique
2652 2143 2841 2197 morbo
2862 2158 3159 2212 oppressus
3181 2141 3489 2204 decumhat,

1930 2246 1986 2290 nt
2021 2251 2366 2292 commovere
2401 2251 2525 2290 sese
2558 2237 2868 2290 nullatenus
2899 2244 3080 2304 queat.
3117 2232 3273 2287 Tunc
3319 2234 3488 2294 enim,

1930 2329 2183 2398 quamvis
2215 2329 2404 2399 procul
2443 2329 2509 2382 ab
2542 2329 2770 2383 ecclesia
2804 2315 2898 2382 sua
2932 2321 3169 2395 degenti,
3207 2325 3492 2378 nihilomi-

251 2427 356 2464 nus
388 2412 720 2480 ignoscetur.
749 2415 804 2470 Si
842 2433 995 2482 vero,
1066 2418 1212 2472 nulla
1285 2417 1551 2486 ejusmodi
1607 2436 1769 2475 causa
1838 2422 2250 2490 intercedente,
2315 2427 2458 2478 ultra
2514 2435 2776 2478 semestre
2829 2421 3062 2492 spatium
3113 2420 3238 2474 alibi
3296 2420 3493 2473 absens
3565 2436 3568 2438 ‘

251 2510 490 2593 exegerit
525 2513 742 2567 :altero
768 2514 821 2567 in
841 2514 960 2583 ejus
983 2514 1301 2584 episcopatu
1335 2517 1582 2581 suﬂecto,
1610 2522 1810 2573 summi
1854 2523 2141 2577 sacerdotii
2170 2521 2437 2593 dignitate
2471 2524 2588 2592 ipse
2621 2519 2945 2590 privabitur.

249 2581 475 2656 APIE'i‘.
544 2625 564 2658 ι
609 2606 766 2659 Κατὰ
832 2581 1038 2678 μηδένα
1107 2609 1308 2676 τρόπον
1368 2607 1695 2663 ἐπιϐαινέτω
1743 2629 1824 2674 τις

331 2714 350 2748 ι
396 2700 723 2770 ἐπισκοπῆς,
758 2694 826 2772 ἧς
854 2701 883 2753 ὁ
910 2700 1191 2771 προεστὼς
1219 2701 1300 2753 ἐτι
1331 2700 1418 2770 ζῇ.
1451 2703 1544 2754 Δεῖ
1583 2706 1691 2772 γὰρ
1719 2705 1820 2773 τὴν

327 2805 348 2838 ι
394 2789 576 2843 αίτίαν
601 2790 866 2861 πρότερον
891 2790 1174 2863 ζητεῖσθαι
1193 2794 1289 2844 τοῦ
1317 2793 1602 2860 μέλλοντος
1633 2793 1824 2865 ἐκδιώ-

327 2899 346 2932 ι
393 2881 610 2947 κεσοαι,
657 2885 756 2936 καὶ
789 2883 930 2952 μετὰ
961 2883 1283 2954 καθαίρεσιν
1321 2885 1512 2948 ἕτερον
1545 2886 1817 2956 προϐιϐἀ·
1873 2879 1882 2900 ’⁸

327 2991 348 3024 ι
397 2974 613 3036 ζεσθαι.
654 2975 716 3027 El
753 2975 808 3027 δέ
860 2992 946 3036 τις
995 2977 1224 3046 ἀμελοίη
1259 2978 1359 3047 τῆς
1394 2977 1532 3040 ἰδίας
1561 2979 1823 3049 ποίμνης,

333 3084 350 3114 ι
393 3065 486 3118 καὶ
543 3066 681 3134 μήτε
723 3065 882 3136 νόσῳ,
939 3065 971 3137 ἢ
1025 3066 1293 3137 βασιλικῷ
1348 3067 1379 3136 ἢ
1438 3069 1826 3139 πατριαρχικῷ

332 3176 350 3207 ι
398 3155 734 3227 κελεύσματι
805 3161 1196 3230 κατεχόμενος,
1255 3161 1396 3230 ὑπὲρ
1471 3161 1824 3229 ἑξαμηνιαῖον

333 3272 350 3303 ι
399 3253 741 3324 ἁποδημήσει
777 3253 988 3324 χρόνον,
1022 3255 1120 3324 τῆς
1153 3253 1248 3308 τοῦ
1302 3257 1602 3309 ἐπισκόπου
1642 3255 1767 3321 ἀξία
1794 3274 1822 3319 ς

332 3365 351 3396 1
399 3346 492 3398 καὶ
523 3346 686 3414 τιμῆς
709 3346 821 3414 ῆτω
840 3345 1132 3416 ἀλλότριοε.
1163 3365 1181 3397 ι
1513 3342 1519 3352 “

854 3441 1090 3493 ΚΑΝΩΝ
1141 3439 1236 3494 lZ’.

248 3549 272 3583 ι
341 3531 430 3582 Ἐν
485 3532 617 3584 πᾶσι
696 3533 795 3600 τῆς
863 3532 1327 3601 ἐκκλησιαστικῆς
1392 3533 1650 3598 εὐταξίας
1713 3533 1825 3604 (59)

335 3642 356 3675 ι
406 3625 814 3694 φροντίζοντες,
895 3625 988 3677 καὶ
1052 3625 1210 3676 τοῦτο
1283 3625 1464 3694 ὁρίσαι
1531 3628 1829 3694 ἀναγκαῖον

337 3737 355 3767 ι
404 3717 664 3787 ἐθέμεθα,
703 3716 843 3772 ὥστε
878 3715 972 3768 τοῦ
1011 3716 1200 3768 λοιποῦ
1240 3717 1446 3786 μηδένα
1477 3719 1586 3771 τῶν
1619 3720 1828 3772 λαῖκῶν

335 3827 354 3860 ι
403 3808 434 3878 ἢ
477 3807 728 3878 μοναχῶν
755 3807 952 3876 ἀθρόον
999 3808 1078 3868 είς
1112 3808 1167 3858 τὸ
1216 3806 1314 3876 τῆς
1358 3809 1665 3878 ἐπισκοπῆς
1695 3809 1828 3878 ὕψος

337 3920 356 3952 ι
404 3900 725 3972 ἀνάγεσθαι.
774 3897 913 3951 ἀλλὰ
942 3899 1002 3950 ἐν
1034 3901 1144 3961 τοῖς
1174 3898 1649 3968 ἐκκλησιαστικοῖς
1702 3897 1832 3972 βαθ-

339 4015 358 4046 ι
406 3996 528 4064 μοῖς
582 3991 971 4060 ἐξεταζόμενον
991 3979 1281 4064 πρότερον,
1310 3992 1454 4046 οὕτω
1478 3995 1574 4063 τῆς
1608 3997 1828 4048 ἐπισκο-

339 4107 360 4139 ι
401 4087 510 4158 πῆς
540 4086 638 4158 τὴν
681 4086 1018 4157 χειροτονίαν
1053 4085 1434 4154 ὑποδέχεσθαι.
1492 4088 1553 4140 Et
1598 4088 1704 4158 γὰρ
1736 4089 1833 4142 καὶ

1932 2603 2160 2669 ARIST.
2201 2633 2219 2665 ι
2255 2614 2426 2668 Nemo
2453 2616 2828 2684 episcopatum
2865 2610 2971 2665 ullo
3029 2609 3187 2663 modo
3237 2609 3493 2670 invadat,

2010 2727 2028 2759 ι
2065 2708 2224 2775 cujus
2253 2707 2452 2776 praesul
2480 2707 2657 2759 adhuc
2688 2705 2842 2758 vivit.
2881 2703 3113 2758 Causam
3153 2701 3296 2754 enim
3329 2701 3491 2761 illius.

2011 2819 2028 2849 ‹
2065 2799 2156 2868 qui
2188 2797 2540 2865 expellendns
2571 2807 2688 2860 est,
2718 2795 3020 2875 examinari
3055 2796 3204 2863 prius
3235 2805 3448 2863 Oportet
3480 2834 3494 2852 ,

2011 2912 2027 2943 ι
2059 2902 2111 2946 et
2143 2900 2266 2962 post
2299 2891 2695 2958 depositionem
2728 2889 2890 2942 alium
2919 2888 3245 2957 promoveri.
3274 2885 3327 2939 Si
3371 2886 3496 2954 quis

2003 3001 2018 3030 ι
2058 2991 2236 3034 autem
2257 2995 2470 3050 gregem
2497 2996 2652 3032 suum
2681 2979 2996 3046 neglexerit,
3015 2986 3069 3030 et
3091 2991 3264 3045 neque
3289 2979 3494 3037 lilol'lm,

2011 3095 2028 3125 ι
2069 3088 2169 3128 nec
2205 3073 2470 3142 imperiali
2505 3088 2601 3126 nec
2625 3071 2984 3142 .patriarchali
3030 3070 3186 3140 jussu
3220 3070 3492 3126 detentus,

2009 3187 2026 3218 ι
2067 3167 2207 3220 ultra
2237 3175 2503 3221 semestre
2532 3165 2767 3234 spatium
2814 3163 3045 3218 abfuerit
3079 3203 3094 3224 ,
3146 3161 3216 3216 ab
3255 3161 3494 3232 episcopi

2009 3280 2026 3310 ι
2063 3258 2323 3329 dignitate
2349 3259 2510 3314 simul
2539 3272 2600 3311 ac
2636 3259 2841 3312 honore
2874 3256 3089 3310 alienus
3122 3256 3213 3309 sit.

2502 3434 2731 3490 CANON
2768 3434 2906 3488 XVII

1938 3550 1955 3581 ι
1999 3531 2058 3585 ln
2117 3529 2375 3583 omnibus
2439 3529 2564 3582 boni
2625 3528 2982 3582 ecclesiastici
3045 3529 3254 3584 ordinis
3309 3547 3496 3586 curam

2009 3643 2026 3674 ι
2063 3632 2354 3693 gerentes,
2406 3620 2510 3676 hoc
2568 3636 2786 3690 quoque
2839 3621 3069 3677 delinire
3123 3625 3497 3678 necessarium

2009 3735 2026 3767 ι
2065 3717 2354 3772 duximus:
2384 3725 2441 3769 ut
2473 3717 2654 3771 nullus
2683 3716 2938 3784 deinceps
2973 3718 3142 3773 laicus
3194 3719 3274 3772 vel
3308 3735 3500 3772 mona-

2015 3828 2032 3857 σ
2072 3810 2211 3864 chus
2240 3819 2463 3878 repente
2495 3809 2559 3862 ad
2597 3811 2959 3877 episeopalem
2990 3815 3332 3867 altitudinem
3376 3829 3500 3867 eve-

2011 3921 2026 3950 ι
2067 3903 2258 3963 batur;
2292 3900 2383 3953 sed
2416 3901 2469 3952 in
2516 3900 2906 3956 ecclesiasticis
2958 3904 3214 3970 gradibus
3261 3904 3495 3972 primum

2013 4010 2030 4040 ι
2073 3990 2437 4052 examinatus,
2475 3991 2547 4043 ita
2579 3990 2906 4059 episcopalis
2951 3991 3230 4059 dignitatis
3281 3994 3500 4046 ordina-

2012 4102 2029 4134 ι
2070 4081 2270 4141 tionem
2307 4082 2589 4149 suscipiat.
2625 4081 2736 4135 Etsi
2767 4083 2910 4136 enim
2967 4083 3248 4152 hucusque
3272 4085 3495 4154 quidam

1488 4219 1676 4281 Guill.
1709 4218 2034 4297 Bevereg’ii
2067 4224 2257 4278 nolle.

337 4351 446 4421 (59)
501 4351 602 4402 Ἐν
646 4346 930 4414 πᾶσι,τῆς
957 4344 1469 4421 ἐκκλησιᾳστιιιῆς
1513 4346 1814 4411 εὐταξίας.

250 4417 499 4476 Cautum
532 4421 745 4472 esthoc
779 4434 1010 4474 canone.
1045 4434 1110 4469 ne
1142 4418 1264 4484 quis
1307 4417 1473 4468 laicus
1502 4425 1595 4468 aut
1632 4432 1817 4468 Iliona-

253 4495 404 4548 clins
434 4491 497 4542 ad
537 4490 905 4556 episcopalem
940 4487 1262 4554 dignitatem
1299 4487 1352 4538 itt
1376 4497 1651 4554 pt)Slt:l'ttltI
1684 4502 1817 4538 eve-

256 4556 452 4620 liat'ur,
497 4559 600 4611 nisi
642 4561 734 4626 qui
785 4570 998 4625 tempus
1047 4561 1098 4610 in
1151 4556 1382 4626 singulis
1437 4557 1823 4609 ecclesiasticis

257 4631 632 4699 pi'azstitulum
709 4626 965 4699 gralibus
1033 4627 1184 4694 prius
1257 4627 1829 4699 aditnplevcrit._lloc

257 4696 447 4752 autem
468 4713 495 4748 a
522 4696 711 4750 Photio
737 4698 818 4750 sui
841 4697 1013 4760 ipsius
1033 4711 1197 4750 causa
1219 4698 1575 4750 constitutum
1597 4697 1830 4757 videtur,

256 4769 351 4820 vel
406 4769 519 4836 ipse
568 4770 756 4819 saltem
785 4766 834 4818 ei
866 4767 1255 4820 constituendo
1310 4767 1656 4819 occasionem
1701 4782 1834 4834 pra--

256 4835 438 4902 buit;
480 4838 678 4904 quippe
713 4835 832 4906 qui,
870 4849 1062 4889 ctmtra
1103 4853 1164 4889 ac
1227 4838 1312 4888 hic
1359 4837 1702 4898 decernitur,
1739 4851 1831 4904 pa-

255 4909 631 4962 triarcltatum
693 4907 1365 4974 Constantinopolitanum
1431 4906 1664 4974 adeptus
1727 4919 1830 4958 est.

253 4980 314 5034 Is
350 4980 492 5031 enim
526 4994 647 5030 eum
708 4979 1187 5046 protospatbarius
1221 4987 1273 5032 et
1312 4979 1520 5044 primus
1554 4993 1582 5028 e
1604 4978 1832 5030 secretis

254 5049 584 5115 imperatori
634 5059 800 5108 esset,
866 5063 895 5098 e
944 5048 1084 5100 laico
1118 5062 1214 5101 sex
1276 5047 1469 5100 diebus
1521 5047 1832 5114 patriarcha

252 5129 486 5176 creatus
508 5127 614 5171 cst.
659 5117 791 5170 Nam
831 5118 1002 5182 primo
1037 5119 1126 5169 die
1163 5121 1336 5169 lactus
1379 5127 1462 5170 est
1509 5119 1833 5179 monachus,

251 5193 442 5246 altera
506 5188 714 5253 lector,
765 5188 960 5254 deinde
1015 5188 1467 5255 hypodiacouns,
1544 5190 1832 5249 aliucmttts,

253 5261 577 5332 presbyter,
608 5272 660 5312 et
703 5269 860 5332 sexto
891 5258 1243 5332 patriarcha;
1272 5269 1332 5332 ut
1381 5255 1835 5332 lfiicetasjni'ita

256 5327 458 5401 ignatii
487 5327 1078 5401 Constantinopoluani
1108 5327 1362 5401 tradidit:
1388 5329 1496 5380 Kal
1521 5327 1578 5401 ἐν
1605 5327 1662 5401 ἓξ
1686 5329 1834 5401 ὅλαις

255 5396 508 5472 ’ἡμέραις
551 5401 737 5472 χερσὶν
769 5396 1075 5472 ἀνθρώπων
1110 5397 1483 5472 τελειούμενος
1502 5398 1600 5472 τῇς
1630 5398 1838 5472 ornabo-

261 5465 521 5540 μουμέ-ιη
551 5465 582 5470 ’⁷
607 5465 1017 5540 ἑπελαμὸἅνετο
1062 5465 1350 5540 καθέδρας)
1386 5469 1494 5519 Καὶ
1525 5465 1594 5539 ἦν
1625 5468 1838 5534 ἀληθῶς

261 5538 482 5610 ἐκεῖνον
532 5542 662 5610 όρᾷν
717 5538 1033 5610 αὐθημερὸν
1073 5538 1241 5610 ἄλγιον
1290 5538 1660 5610 πλαττόμενον
1701 5539 1838 5610 κατὰ

260 5609 371 5678 τὴν
431 5607 767 5680 παροιμίαν·
815 5607 1010 5680 πρώτῃ
1059 5608 1168 5680 γὰρ
1221 5608 1407 5677 ἡμέρᾳ
1446 5607 1683 5680 μοιαχὸς
1717 5609 1839 5657 ἀντὶ

487 5699 498 5712 ·
517 5677 853 5768 sileat)”:ng
879 5679 934 5730 δὲ
965 5677 1347 5768 ἀνταγνώστηὲ,
1370 5679 1464 5730 καί
1491 5679 1838 5764 ὑπρὸιακονος

271 5751 347 5816 τῇ
382 5752 526 5818 ἑξῆς,
555 5744 671 5804 εἶτα
696 5744 962 5818 διάκονος,
993 5744 1114 5800 εἶτα
1142 5744 1532 5816 πρεσϐύτερος,
1557 5750 1750 5800 ἔπειτα
1771 5753 1837 5817 τῇ

277 5819 434 5887 ἕκτῃ,
457 5816 688 5876 Χοιστοῦ
711 5821 762 5874 δὲ
789 5816 855 5878 ἦν
884 5819 1157 5879 Γενέθλια.
1187 5821 1277 5873 καὶ
1300 5820 1458 5881 αὐτὸς
1484 5819 1556 5881 τῷ
1581 5820 1840 5882 legat:th

1932 4343 2174 4413 προστὰς
2230 4341 2404 4410 θρόνῳ
2456 4341 2554 4412 τὴν
2579 4343 2804 4413 είρήνην
2828 4340 2902 4408 τῷ
2940 4341 3054 4411 λαῷ
3112 4343 3486 4411 προσεφώνει.

1931 4411 2112 4468 Nicet.
2151 4415 2203 4465 in
2243 4413 2357 4466 Vita
2394 4411 2570 4481 lgnat.
2606 4411 2671 4465 Et
2698 4413 2811 4480 ipsa
2848 4415 3066 4480 quidem
3099 4421 3292 4466 octava
3330 4432 3495 4482 gene—

1929 4487 2060 4539 ralis
2099 4485 2260 4550 vulgo
2317 4485 2587 4554 appellata
2645 4484 2927 4554 synodus,
2959 4484 3150 4551 lgnatii
3186 4485 3356 4554 gratia
3404 4485 3497 4538 ha-

1937 4556 2069 4618 bita,
2133 4563 2520 4622 pratposteram
2576 4553 2716 4606 hanc
2772 4565 2824 4607 et
2889 4555 3239 4624 irrcgnlarem
3314 4553 3536 4612 Pliotii.

1937 4627 2337 4678 ordinationem
2390 4624 2752 4693 perstringere
2805 4625 3041 4687 videtur,
3084 4625 3171 4676 ubi
3223 4627 3493 4678 neminem

1937 4697 2001 4747 ad
2033 4697 2382 4764 episcopatus
2414 4697 2674 4748 honorem
2704 4695 3011 4762 promoveri
3051 4696 3263 4755 statuit,
3303 4698 3401 4748 nisi
3441 4695 3491 4747 in

1939 4766 2158 4819 lectoris
2212 4780 2435 4818 munere
2478 4779 2704 4823 annum,
2747 4766 2798 4815 in
2853 4764 3175 4818 subdiaconi
3235 4768 3396 4826 duos,
3439 4767 3492 4816 in

1937 4837 2156 4888 diaconi
2215 4843 2350 4891 tres.
2403 4835 2695 4887 sacertlolii
2777 4846 2955 4888 autem
3022 4844 3252 4903 quatuor
3325 4852 3498 4887 annos

1937 4905 2266 4975 expleverit,
2317 4903 2748 4975 Προὸιὸασθητω
2798 4907 2876 4975 εἰς
2921 4907 3018 4972 τὴν
3048 4903 3496 4974 ἀρχιερωσύνην,

1937 4973 2076 5028 ὥστε
2102 4977 2159 5025 ἐν
2199 4973 2272 5038 τῷ
2307 4973 2500 5044 βαθμῴ
2530 4974 2623 5026 τοῦ
2656 4973 3003 5044 αναγνώστου
3043 4973 3289 5044 ἐνιαυτὸν
3311 4977 3498 5044 τρεῖς,

1937 5048 2029 5098 καὶ
2076 5045 2344 5112 τέσσαρας
2401 5046 2457 5096 ἐν
2516 5044 2605 5114 γτῴ
2672 5043 2764 5096 τοῦ
2836 5043 3231 5114 πρεσϐυτέρου.
3287 5043 3497 5114 Sypodu

1938 5126 2145 5169 octava:
2202 5131 2324 5168 ean.
2386 5115 2436 5168 5.
2510 5113 2739 5168 Photins
2787 5113 2966 5168 antem
3027 5115 3077 5178 in
3120 5113 3499 5181 praesentien-

1937 5203 2080 5240 none
2107 5201 2217 5239 rem
2249 5195 2546 5238 extenuare
2601 5185 2814 5237 nititur.
2868 5183 3052 5236 Primo
3109 5185 3251 5234 enim
3309 5183 3499 5236 subin-

1939 5260 2106 5321 dicat,
2142 5257 2434 5310 nonnullos
2463 5271 2493 5308 e
2557 5255 2706 5308 lancis
2760 5255 2838 5306 vel
2890 5252 3172 5305 monachis
3209 5253 3501 5320 episcopos

1939 5335 2122 5381 statim
2159 5327 2331 5380 laetos
2377 5325 2546 5379 fuisse
2576 5365 2590 5386 ,
2625 5334 2681 5378 et
2718 5323 2979 5376 ecclesias
3043 5338 3171 5376 snas
3238 5323 3292 5376 in
3329 5323 3496 5376 altum

1939 5398 2198 5450 extulisse
2255 5396 2834 5466 (quales-nimirum;
2879 5393 3097 5446 luerunt
3173 5393 3498 5466 Atnbrosius

1940 5463 2290 5520 Mediolensis
2324 5463 2398 5521 iet
2472 5463 2757 5518 Nectarius
2800 5464 3494 5532 Constantinopolitanns),

1941 5537 2036 5592 sed
2069 5537 2240 5597 addit,
2274 5537 2374 5590 hoc
2419 5535 2470 5588 in
2507 5535 2816 5601 exemplum
2856 5548 2961 5585 non
2994 5535 3320 5587 trahendum
3351 5551 3497 5594 esse,

1942 5609 2242 5675 prmsertiut
2298 5605 2391 5658 τοῦ
2431 5604 2622 5667 λοιποῦ
2657 5621 2709 5656 m
2753 5612 3019 5670 posterum
3058 5620 3075 5659 :
3110 5605 3248 5658 adeo
3284 5616 3340 5658 ut
3375 5623 3500 5674 qua)

1942 5689 2100 5731 antea
2172 5681 2273 5730 hoc
2355 5678 2516 5728 tnodo
2575 5677 2728 5728 laetae
2792 5682 2920 5726 sunt
2970 5677 3348 5730 ordinationes
3410 5687 3498 5741 (ac

1945 5751 2172 5814 proinde
2199 5751 2377 5814 suam)
2414 5753 2560 5800 ratas
2594 5760 2714 5798 esse
2757 5746 2916 5808 velit;
2955 5748 3049 5802 sed
3085 5759 3267 5803 tamen
3310 5753 3364 5802 ιιι
3399 5764 3494 5817 νου

1944 5830 2144 5873 sterum
2175 5835 2278 5873 non
2322 5819 2596 5872 iaciendas
2623 5831 2743 5871 csse
2783 5825 3004 5871 statuat.
