4074 6214
295 258 430 321 1085

1051 264 1135 323 IN
1176 267 1335 330 CAN.
1373 270 1396 328 Ι
1437 271 1648 332 CONC.
1687 273 1978 338 INLEDE
2011 283 2074 342 S.
2114 283 2417 344 SOPHl/E
2453 286 2552 344 HA
2571 287 2744 348 Bl'l‘l.

3381 284 3516 347 1086

361 370 558 424 ΒΑΛΣ.
587 371 739 434 Τινὲς
771 373 1213 445 κατακρινόμενοι
1239 379 1666 454 ἀκοινωνησίςμῆ
1685 388 1844 455 ἑτέρα

2017 393 2212 450 υλιλδ.
2267 394 3008 462 Quidam'excmnmnnicati,
3069 400 3146 454 vel
3195 399 3284 454 alii
3341 417 3516 468 paena:

287 462 554 536 καταδίκῃ
590 463 865 532 ἐπιτιμίου
891 465 1344 536 ὲκκλησιαστικοῦ
1372 473 1849 546 καθυποόαλλόμε-

286 570 388 616 νοι,
422 554 572 622 παρὰ
595 553 688 607 τοῦ
740 554 932 625 θρόνου
974 559 1074 630 τῆς
1125 561 1366 625 παλαιᾶς
1405 562 1644 636 Ῥώμης,
1677 584 1846 636 προσ-

284 649 514 716 ήρχοντο
536 647 612 717 τῷ
643 647 816 718 θρόνῳ
841 650 940 719 τῆς
970 653 1595 721 Κωνσταντινουπόλεως
1615 674 1630 689 ·
1667 661 1760 712 καὶ
1785 661 1847 713 τὸ

284 738 576 792 ἀνάπαλιν.
642 741 753 792 Καὶ
783 742 906 795 ἐπεὶ
935 743 1000 795 ἐκ
1024 743 1211 798 τούτου
1241 746 1508 800 σκάνδαλα
1543 750 1708 819 μέσον
1736 752 1847 805 τῶν

283 830 376 882 δύο
434 831 772 902 Ἐκκλησιῶν
829 835 1147 904 ἀνεφύοντο,
1203 837 1546 910 ὲλαλήθησαν
1603 842 1672 895 τὰ
1718 846 1846 914 περὶ

284 923 476 976 τούτου
525 927 667 978 κατὰ
695 929 786 978 τὸν
830 928 1017 997 καιρὸν
1067 929 1167 997 τῆς
1215 931 1599 1003 οίκουμενικῆς
1643 933 1845 1006 ταύτης

284 1017 648 1099 σμίνάδουιμΕίς
668 1019 1010 1090 περιαίρεσιν
1041 1018 1134 1076 οὖν
1166 1024 1463 1077 σκανδάλου
1497 1028 1695 1087 παντὸς
1718 1026 1846 1095 ὥρι-

279 1125 382 1161 σαν
431 1111 480 1162 οἱ
523 1112 773 1180 Πατέρες
837 1113 963 1175 τοὺς
1009 1115 1356 1186 ὁπωσδήποτε
1411 1111 1847 1188 κατακριθέντας

280 1202 431 1268 παρᾷ
494 1201 590 1255 τοῦ
649 1206 849 1258 πάππα
911 1203 1050 1260 εῖναι
1102 1211 1195 1260 καὶ
1248 1209 1400 1276 παρὰ
1425 1208 1503 1279 τῷ
1533 1210 1864 1281 πατριάρχῃ,

279 1283 904 1362 Κωνσταντινουπόλεως
957 1300 1569 1367 καταδεδικασμένους·
1622 1303 1715 1354 καλ⁵
1788 1304 1848 1354 το

278 1387 574 1442 ἀνάπαλιν.
636 1389 722 1452 Ὠς
775 1391 832 1443 δέ
874 1407 1022 1452 τινος
1079 1391 1175 1444 τοῦ
1232 1392 1292 1456 ἐξ
1323 1393 1560 1455 Ἰταλίας
1603 1393 1848 1456 εἰπόντος

277 1479 367 1531 ἐπὶ
395 1485 708 1553 περιγραφῇ
735 1483 842 1534 τῶν
897 1483 1211 1551 προνομίων
1243 1483 1338 1538 τοῦ
1377 1485 1568 1554 θρὸνου
1594 1485 1692 1554 τῆς
1743 1501 1847 1537 πα·-

276 1573 430 1635 λαιᾶς
469 1571 686 1643 Ῥώμης
713 1574 887 1626 ταῦτα
933 1574 1284 1638 θεσπίζεσθαι
1323 1575 1413 1628 διὰ
1437 1577 1539 1646 τὴν
1565 1575 1848 1641 ἑξίσωσιν,

274 1664 604 1733 προσέθεντο
633 1666 1043 1735 ἁκαινοτόμητα
1078 1669 1464 1736 συντηρεῖσθαι
1505 1670 1594 1729 ἐίς
1623 1669 1684 1721 τὸ
1716 1669 1845 1738 ἑξῆς

273 1757 340 1807 τα
371 1758 654 1822 πρεσὸεἶα,
706 1758 801 1810 καὶ⁵
860 1759 957 1828 τὴν
1001 1760 1167 1828 τιμὴν
1209 1759 1303 1812 τοῦ
1342 1759 1610 1830 προέδρου
1651 1761 1842 1830 αὐτῆς.

287 1847 438 1900 Ἐπεὶ
468 1847 579 1918 γὰρ
613 1849 904 1918 ἠρώτησαν
935 1869 1100 1916 τινες,
1128 1852 1203 1915 ώς
1265 1850 1359 1904 τοῦ
1408 1853 1628 1914 κανόνος
1674 1853 1849 1923 μόνων

280 1941 382 1993 τῶν
415 1941 507 1994 δύο
537 1941 786 2012 μεγάλων
815 1943 1117 2014 ἀρχιερέων
1147 1947 1518 2015 μεμνημένου,
1553 1945 1608 1998 τί
1630 1947 1850 2016 γενήσε-

275 2049 362 2084 ται
402 2035 482 2096 εἰς
532 2037 659 2097 τοὺς
685 2035 878 2098 ἄλλους
929 2037 1306 2107 πατριάρχας;
1337 2035 1517 2106 φαμὲν
1541 2037 1733 2099 κοινῶς
1754 2037 1847 2090 καὶ

274 2123 363 2176 διὰ
393 2125 604 2188 πάντας
630 2126 1014 2196 ὲκφωνηθῆναι
1044 2128 1135 2180 τὸν
1167 2128 1391 2181 κανόνα.
1426 2128 1552 2180 Ὅτι
1589 2129 1682 2180 καὶ
1731 2127 1848 2179 ἓτε-

280 2230 364 2281 ροι
396 2214 621 2276 κανόνες
653 2217 967 2285 παρομοίως
999 2215 1326 2286 διορίζονται
1357 2218 1722 2286 ἀκοινώνητον
1763 2213 1844 2269 εἷ-

277 2321 364 2353 ναι
397 2302 490 2354 τὸν
515 2303 950 2374 προσδεχόμενον
977 2306 1278 2359 ἐπίσκοπον
1315 2308 1442 2369 τοὺς
1471 2307 1624 2376 παρὰ
1650 2308 1839 2376 ὲτέρου

275 2395 577 2448 ἐπισκόπου
611 2398 1029 2467 ἁφορισθέντας,
1064 2399 1096 2470 ἢ
1144 2399 1240 2452 καὶ
1285 2399 1462 2463 ἄλλως
1493 2400 1844 2470 ἐπιτιμηθέν-

273 2506 398 2552 τας,
429 2490 519 2543 διὰ
551 2491 610 2543 τὸ
637 2490 694 2542 ἓν
720 2491 880 2561 σῶμα
907 2492 1221 2558 λογίζεσθαι
1250 2492 1432 2555 πάσας
1455 2493 1552 2555 τὰς
1574 2493 1666 2546 τοῦ
1703 2492 1840 2545 Θεοῦ

671 2585 1024 2654 Ἐγράφησαν
1093 2585 1150 2638 δὲ
1234 2585 1305 2637 τὰ
1365 2587 1423 2639 ὲν
1473 2584 1552 2656 τῷ
1611 2585 1841 2655 παρόντι

275 2675 464 2728 κανόνι
497 2676 682 2739 ίδικῶς
710 2675 798 2729 διὰ
827 2676 894 2729 τὰ
924 2675 1047 2729 τότε
1081 2677 1434 2746 συμπεσόντα
1466 2674 1738 2729 σκάνδαλα
1770 2677 1835 2728 ὲκ

271 2767 367 2820 τοῦ
412 2768 678 2830 πολλάκις
761 2767 1230 2837 καταϐιϐασθῆναι
1295 2769 1389 2821 τὸν
1455 2772 1804 2839 πατριάχρην

272 2860 476 2914 Φώτιον
494 2863 558 2915 ὲκ
589 2860 682 2913 τοῦ
729 2860 1126 2930 πατριάρχικοῦ
1179 2861 1393 2930 θρόνου,
1428 2861 1522 2912 καὶ
1575 2860 1838 2921 πολλάκις

271 2954 735 3023 ἀποκαταστῆναι,
769 2953 1062 3006 κάντεῦθεν
1111 2953 1283 3006 πολλὰ
1320 2954 1600 3023 σχίσματα
1634 2971 1850 3023 συμπε-

272 3061 406 3100 σειν.

274 2582 444 2650 ἑκκλη
454 2583 595 2645 σίας.

211 3254 216 3255 ί
275 3234 413 3304 πρὸς
444 3232 705 3304 ἀλλήλους
721 3231 812 3285 τόν
835 3249 894 3284 τε
916 3231 1013 3300 τῆς
1039 3229 1418 3300 πρεσϐυτέρας
1451 3229 1671 3300 Ῥώμης
1699 3232 1848 3282 πάπ-

269 3345 380 3380 παν
423 3326 520 3378 καὶ
560 3325 653 3378 τὸν
709 3324 810 3394 τῆς
866 3325 991 3386 νέας
1028 3322 1232 3392 ταύτης
1272 3324 1370 3390 τῆς
1409 3323 1846 3376 Κωνσταντινου-

270 3416 479 3478 πόλεως
509 3413 876 3484 πατριάρχην,
904 3412 1019 3466 ἀλλ’
1048 3415 1289 3482 ὁμονοεῖν
1316 3411 1568 3484 ἀλλήλοις
1593 3429 1609 3443 ⁸
1631 3412 1710 3465 ἔτι
1741 3413 1846 3481 γὰρ

269 3503 412 3571 ἦσαν
433 3504 674 3575 ὁμόδοξοι
694 3505 788 3557 καὶ
808 3504 1113 3574 όμόθρονοι·
1137 3503 1340 3574 ὥρισαν
1361 3505 1454 3558 καὶ
1477 3505 1603 3568 τοὺς
1630 3504 1736 3558 ὑπὸ
1753 3501 1848 3558 τοῦ

270 3601 470 3653 πάππα
485 3598 715 3667 δεδεσμη
723 3596 933 3666 μένους,
954 3596 1129 3666 ἦγουνρ
1150 3597 1582 3668 άφωρισμένους,
1607 3595 1703 3649 καὶ
1721 3597 1849 3660 τοὺς

271 3690 714 3764 καθῃρημένους,
748 3688 846 3740 καὶ
874 3689 1004 3751 τοὺς
1037 3688 1343 3757 ἀναθέματι
1376 3686 1846 3758 ύποϐεὸλημένους

270 3783 336 3834 ὲκ
365 3782 472 3834 τῶν
507 3779 568 3845 ἐξ
621 3779 856 3842 Ἰταλίας
905 3777 1182 3848 κληρικών
1215 3778 1248 3847 ἢ
1291 3779 1519 3841 λαῖκῶν,
1555 3777 1589 3848 ἢ
1633 3778 1849 3830 ἐπισκό-

272 3893 411 3939 πων,
444 3865 547 3927 κᾶν
574 3875 632 3928 ὲν
659 3875 725 3943 τῇ
773 3872 932 3943 Ἀσίᾳ
979 3871 1242 3939 διάγοιεν,
1282 3872 1454 3942 ήγουν
1491 3874 1556 3942 τῇ
1588 3871 1844 3940 ἀνατολῇ,

273 3966 375 4019 κᾶν
433 3968 491 4018 ἐν
534 3968 601 4037 τῇ
648 3965 906 4036 Εὐρώπῃ,
955 3964 1126 4036 ἤγουν
1157 3966 1222 4035 τῇ
1266 3963 1440 4030 δύσει,
1494 3963 1600 4016 κᾶν
1659 3963 1718 4015 ὲν
1779 3965 1845 4032 τῇ

270 4058 444 4131 Λιϐύῃ
493 4058 748 4129 (κάκείνη
786 4059 894 4128 γὰρ
941 4058 1062 4109 τότε
1098 4055 1203 4107 ὑπὸ
1227 4054 1297 4107 τὰ
1323 4055 1510 4107 δίκαια
1549 4052 1650 4121 τῆς
1697 4052 1848 4122 βασι-

269 4149 419 4212 λείας
436 4149 640 4220 ταύτης
667 4148 888 4218 ἐτέλει),
919 4141 1064 4199 εἶναι
1091 4146 1195 4199 ὑπὸ
1224 4145 1284 4197 τὸ
1312 4143 1444 4196 αὐτὸ
1468 4139 1845 4212 ὲπιτίμιοντοῦ

270 4240 580 4311 ἁφορισμοῦ
627 4239 662 4310 ἢ
706 4239 806 4308 τῆς
842 4237 1238 4308 καθαιρέσεως,
1281 4235 1314 4305 ἢ
1356 4233 1450 4287 τοῦ
1482 4233 1842 4303 άναθέματος,

271 4337 363 4388 καὶ
410 4334 561 4402 παρὰ
603 4332 794 4400 Φωτίῳ
827 4330 904 4402 τῷ
932 4331 1051 4384 τότε
1107 4325 1538 4398 πατριαρχοῦντι
1580 4327 1638 4378 ὲν
1693 4327 1847 4379 Κων-

274 4425 732 4481 σταντινουπόλει.
779 4424 979 4477 Ἰταλία
1029 4423 1072 4474 δ’
1129 4423 1281 4474 ἔστιν
1335 4423 1369 4492 ή
1425 4421 1574 4473 πᾶσα
1622 4417 1776 4489 χώρα
1807 4419 1842 4487 ὴ

1948 486 2335 543 ecclesiastica:
2392 489 2834 545 condemnationi
2894 493 3160 560 subjecti,
3226 508 3254 544 a
3312 493 3514 546 veteris

1950 572 2135 628 Bonna:
2171 576 2301 632 sede
2348 578 2414 631 ad
2443 577 3104 648 Constantinopolitanam
3137 581 3318 634 sedem
3351 596 3512 634 acce-

1948 666 2175 734 debant;
2204 678 2258 723 et
2286 681 2498 724 contra.
2523 669 2584 723 Et
2607 671 2865 740 quoniam
2893 687 2954 725 ex
2988 687 3053 726 eo
3084 673 3337 726 scandala
3369 675 3513 726 inter

1949 758 2087 815 duas
2146 761 2428 816 Ecclesias
2487 763 2824 827 oriebantur,
2884 778 2946 817 ea
2979 762 3141 831 hujus
3190 764 3512 816 universalis

1949 854 2140 922 synodi
2174 865 2414 926 tempore
2442 855 2508 909 ad
2543 871 2660 910 eam
2698 857 2866 910 relata
2896 864 3048 910 sunt.
3085 855 3165 907 Ad
3194 843 3354 909 omne
3384 871 3514 924 ergo

1951 949 2252 1002 tollendum
2311 950 2633 1004 scandalum
2691 958 3000 1004 statuerunt
3053 948 3263 1012 Patres,
3318 953 3513 1022 ut\qui

1949 1039 2448 1109 quomodocunque
2483 1056 2511 1093 a
2548 1056 2682 1110 papa
2745 1053 2874 1094 sunt
2927 1033 3299 1102 condemnati,
3340 1042 3372 1093 ii
3405 1043 3516 1096 sint

1948 1132 2091 1200 apud
2149 1132 2516 1202 patriarcham
2579 1147 2796 1202 quoque
2848 1133 3512 1201 Constantinepolitanmn

1948 1223 2331 1289 condemnati;
2362 1234 2414 1279 et
2447 1225 2564 1280 vice
2595 1241 2774 1279 versa.
2805 1225 3086 1295 Tanquam
3127 1235 3306 1279 autem
3343 1226 3518 1278 dixis-

1948 1327 2030 1372 set
2059 1317 2228 1372 italus
2257 1318 2529 1387 quisniam
2557 1358 2572 1382 ,
2609 1311 2728 1372 haec
2757 1319 2826 1370 ad
2858 1318 3338 1372 circumvenienda
3368 1329 3516 1385 veteg

1949 1413 2024 1465 ris
2078 1409 2339 1464 Romanae
2387 1411 2535 1464 sedis
2587 1410 2864 1479 privilegia
2925 1409 3167 1472 decterni,
3224 1419 3509 1477 propterea

1947 1505 2092 1573 quod
2127 1502 2414 1558 inducatur
2442 1501 2760 1570 aequalitas;
2795 1502 3137 1570 adjecerunt,
3194 1501 3329 1555 nihil
3366 1503 3516 1572 peni-

1950 1607 2038 1649 tus
2068 1596 2322 1649 innovata
2360 1597 2416 1650 in
2471 1605 2746 1666 posterum
2803 1596 3008 1649 servari
3046 1595 3166 1664 ejus
3204 1595 3512 1663 privilegia.

1950 1697 2005 1741 et
2038 1686 2160 1751 ejus
2194 1688 2456 1742 antistitis
2491 1688 2775 1742 honorem.
2809 1688 3080 1752 Quoniam
3131 1695 3311 1740 autem
3349 1703 3513 1757 roga-

1957 1786 2152 1833 verunt
2182 1778 2456 1841 nonnulli,
2490 1794 2613 1832 cunI
2648 1793 2825 1833 canon
2857 1779 3089 1832 duorum
3150 1787 3363 1832 tantum
3394 1794 3516 1832 ma-

1954 1886 2184 1940 gnorum
2225 1869 2532 1926 antistitum
2589 1871 2916 1929 meminerit.
2972 1868 3114 1935 Quid
3147 1871 3238 1924 ﬁet
3284 1869 3354 1925 tle
3393 1870 3518 1924 aliis

1954 1962 2316 2034 patriarchis?
2345 1965 2580 2019 dicimus
2605 1963 2964 2018 communiter
2991 1974 3047 2018 et
3075 1972 3298 2036 pr0pter
3327 1978 3519 2018 omnes

1952 2057 2157 2110 editum
2188 2069 2309 2110 esse
2338 2070 2626 2110 canonem.
2680 2053 2815 2107 Nam
2872 2055 2960 2110 alii
3009 2047 3224 2124 quoque
3276 2069 3517 2109 canones

1952 2146 2207 2201 similiter
2231 2146 2538 2202 decernunt
2589 2162 2707 2201 esse
2736 2146 3268 2201 excommunicatum
3305 2147 3519 2213 episco-

1954 2255 2104 2304 pum,
2136 2239 2229 2307 qui
2265 2240 2333 2291 ab
2363 2238 2470 2291 alio
2499 2237 2756 2307 episeopo
2795 2246 3108 2306 segregatos
3144 2237 3395 2306 suscipit,
3431 2237 3514 2290 vel

1951 2331 2132 2396 aliqua
2183 2331 2288 2384 alia
2342 2345 2500 2397 poena
2547 2329 2806 2392 affectos;
2865 2344 2930 2383 eo
2981 2327 3127 2397 quod
3180 2345 3368 2384 onmes
3421 2329 3515 2382 Dei

1948 2423 2192 2501 ecclesia;
2239 2439 2404 2474 unum
2441 2436 2638 2490 corpus
2663 2430 3001 2490 reputentur.
3030 2421 3159 2486 Quae.
3180 2429 3358 2475 autem
3388 2431 3516 2474 sunt

1947 2519 2001 2570 in
2036 2515 2284 2585 przesenti
2322 2530 2530 2569 canone
2561 2515 2876 2583 specialiter
2925 2515 3128 2583 scripta
3193 2521 3342 2578 sunt,
3378 2528 3517 2581 pro-

1948 2618 2066 2677 pter
2101 2606 2357 2662 scandala
2393 2621 2515 2676 quae
2546 2617 2676 2659 tunc
2712 2590 3084 2675 contigerunt.
3135 2621 3202 2659 eo
3235 2605 3380 2673 quod
3413 2621 3511 2673 pa-

1946 2700 2184 2754 triarcha
2209 2697 2435 2753 Photius
2470 2713 2610 2767 saepe
2657 2713 2722 2752 ex
2760 2697 2969 2751 throno
3017 2696 3372 2776 patriarchali
3422 2699 3514 2748 de.

1940 2789 2252 2861 jectuszest,
2285 2799 2337 2845 et
2367 2805 2507 2857 saepe
2539 2789 2821 2843 restitutus
2849 2807 2862 2840 :
2897 2797 2951 2842 et
2985 2787 3106 2843 ideo
3138 2789 3308 2842 multa
3339 2787 3517 2841 schis-

1949 2892 2092 2937 mata
2126 2880 2460 2936 inciderunt.

345 3137 592 3196 ΖΩΝΑΡ.
615 3138 706 3210 Μὴ
724 3110 1096 3207 ’διαφέρεσθαι
1127 3136 1373 3200 θέλοντες
1409 3137 1462 3190 οἱ
1498 3137 1598 3206 τῆς
1627 3137 1842 3190 συνόδου

2018 3133 2275 3190 ZONAR.
2327 3129 2462 3187 Cum
2498 3133 2639 3186 inter
2673 3131 2860 3186 Romae
2908 3132 3146 3201 antiqua:
3200 3147 3419 3202 papam,
3457 3129 3513 3188 et

1949 3243 2101 3282 novae
2133 3228 2293 3296 hujus
2312 3224 2864 3292 Constantinopoleos
2896 3225 3259 3298 patriarchatn
3292 3234 3517 3281 contro-

1948 3321 2144 3376 versiae
2173 3319 2306 3375 nihil
2337 3319 2593 3385 existere,
2629 3329 2792 3390 atque
2838 3319 2984 3373 inter
3032 3319 3184 3390 ipsos
3247 3335 3410 3390 quam
3452 3333 3516 3374 o-

1947 3412 2115 3483 ptime
2162 3409 2476 3475 convenire,
2515 3409 2707 3479 synodi
2759 3407 2950 3464 Patres
3005 3417 3260 3479 optarent
3322 3408 3516 3481 (erant

1947 3500 2093 3556 enim
2119 3499 2299 3554 adhuc
2334 3499 2578 3569 quidem,
2625 3511 2680 3554 et
2711 3497 3112 3554 sententiarum
3151 3499 3428 3569 opinione,
3457 3510 3514 3555 et

1948 3597 2024 3649 rei
2075 3593 2462 3648 ecclesiastica:
2515 3592 2775 3648 concordi
2834 3589 3325 3657 administratione,
3381 3608 3514 3664 con-

1941 3686 2176 3757 juncti),
2229 3685 2546 3756 quicunque
2573 3701 2642 3740 ex
2671 3685 2825 3740 Italia
2855 3686 3062 3749 clerici,
3094 3696 3188 3738 aut
3237 3686 3382 3750 laici,
3417 3693 3512 3738 aut

1946 3777 2186 3848 episcotii
2218 3793 2248 3830 a
2276 3793 2414 3848 papa
2463 3778 2636 3847 ligati,
2689 3779 2791 3832 hoc
2825 3786 2932 3847 est.
2982 3778 3294 3847 quicunque
3323 3791 3511 3845 segre-

1946 3869 2184 3937 gatione,
2215 3868 2418 3936 quique
2450 3867 2815 3937 depositione,
2868 3875 2960 3920 aut
2989 3867 3338 3920 anathemate
3367 3867 3506 3919 mul-

1949 3959 2044 4013 tati
2075 3961 2325 4024 l‘uissent,
2363 3961 2481 4015 sive
2534 3959 2588 4014 in
2623 3960 2780 4020 Asia,
2831 3961 2934 4013 hoc
2985 3968 3092 4024 est,
3153 3960 3210 4013 in
3264 3957 3508 4025 Oriente,

1944 4051 2060 4106 sive
2090 4052 2142 4106 in
2176 4051 2417 4122 Europa,
2469 4051 2573 4106 hoc
2601 4060 2708 4116 est,
2742 4052 2794 4104 in
2831 4050 3142 4112 Occidente,
3166 4049 3282 4105 sive
3328 4049 3382 4103 in
3415 4048 3512 4104 Li-

1945 4127 2048 4216 bya
2103 4145 2364 4214 degerent
2450 4145 2613 4215 (nam
2689 4158 2752 4198 ea
2806 4158 3024 4214 quoque
3073 4153 3203 4197 tunc
3250 4143 3512 4211 temporis

1945 4237 2109 4307 hujus
2141 4238 2341 4307 regina:
2371 4237 2590 4293 urbium
2623 4237 2853 4306 imperio
2887 4237 3134 4305 subjecta
3163 4234 3334 4303 erat),
3366 4235 3512 4302 apud

1945 4334 2123 4400 ipsttm
2144 4346 2362 4402 quoque
2379 4329 2662 4394 Photinm,
2681 4330 2772 4398 qui
2805 4326 3240 4398 patriarchatum
3262 4325 3420 4395 361
3445 4340 3512 4379 eo

1947 4429 2192 4488 tempore
2244 4418 2716 4489 Constantinopoli
2792 4418 3038 4488 gerebat,
3092 4415 3534 4497 segregationis,‘

275 4522 406 4588 περὶ
457 4517 555 4586 τὴν
613 4515 856 4587 Ῥώμην,
903 4517 996 4567 καὶ
1027 4515 1061 4584 ἡ
1115 4511 1258 4566 κατὰ
1285 4511 1510 4580 ’ταύτην
1556 4510 1840 4581 διοίκησις.

1950 4513 2029 4566 vel
2087 4509 2466 4580 depositionis,
2517 4511 2602 4564 vel
2673 4508 3038 4564 anathematis
3092 4507 3284 4561 iisdem
3335 4505 3510 4574 pmnis

286 4610 474 4679 Ῥώμη
503 4609 560 4662 δὲ
590 4609 835 4662 καλεῖται
870 4609 903 4677 ὴ
937 4606 1111 4670 πόλις,
1148 4607 1210 4657 ὲκ
1239 4603 1333 4656 τοῦ
1375 4605 1578 4675 ταύτην
1609 4603 1845 4672 δομησα-

276 4702 437 4770 μένου
473 4699 752 4769 Ῥωμύλου
793 4697 1193 4770 κληρωσαμένη
1226 4697 1423 4766 ὄνομα.
1455 4697 1565 4749 Καὶ
1596 4691 1751 4760 αὖθις
1787 4694 1844 4745 δὲ

271 4793 398 4853 τοὺς
423 4791 526 4844 ὑπὸ
563 4791 662 4845 τοῦ
695 4791 1038 4862 πατριάρχου
1076 4791 1282 4843 Φωτίου
1323 4785 1662 4857 ἁπανταχοῦ,
1691 4785 1842 4852 φασὶ,

271 4886 593 4951 κληρικοὺς,
626 4883 659 4955 ἢ
691 4883 940 4949 λαῖκοὺς,
969 4883 1000 4954 ἢ
1037 4883 1164 4945 τοὺς
1196 4881 1255 4948 ἐξ
1292 4877 1606 4950 ἱεραρχικοῦ
1635 4879 1846 4947 τάγμα-

268 4996 360 5040 τος
404 4975 802 5046 γενησομένους
845 4975 948 5027 ὑπὸ
973 4959 1298 5045 άφορισμδν,
1329 4974 1363 5044 ἢ
1414 4971 1756 5041 καθαίρεσιν,
1811 4967 1843 5040 ἢ

269 5069 544 5138 ἀνάθεμα,
577 5069 722 5138 ἔχειν
752 5069 956 5129 αὐτοὺς
999 5068 1092 5118 καὶ
1133 5066 1225 5117 τὸν
1269 5064 1572 5133 ἁγιώτατον
1611 5061 1846 5114 πάππαν

268 5167 365 5215 καὶ
400 5163 499 5231 τὴν
542 5159 651 5212 τῶν
723 5156 1006 5228 Ῥωμαίων
1082 5155 1410 5225 Ἐκκλησίαν
1456 5154 1516 5206 ὲν
1569 5152 1646 5222 τῷ
1699 5149 1846 5221 αὐτῷ

265 5256 551 5324 ἐπιτιμίῳ.
588 5252 669 5306 Τά
720 5253 776 5304 δὲ
809 5251 1099 5321 πρεσϐεῖα,
1131 5249 1299 5320 ἤγουν
1341 5246 1443 5318 τὴν
1497 5243 1844 5314 προτίμησιν,

267 5352 363 5410 καὶ
399 5347 468 5400 τὰ
494 5347 785 5417 προνόμια,
819 5337 895 5396 ὢν
925 5343 1161 5414 ἠξιώθη,
1212 5340 1358 5410 ἔχειν
1397 5337 1500 5407 τὴν
1559 5333 1846 5402 Ῥωμαίων

282 5441 616 5512 Ἐκκλησίαν
643 5438 1079 5512 ᾲκαινοτόμητα.
1141 5433 1303 5487 Ἀλλὰ
1355 5429 1532 5484 ταῦτα
1587 5431 1728 5489 τότε,
1754 5426 1842 5478 ὅτε

273 5532 425 5588 οὔπω
447 5509 577 5602 περὶ
605 5509 703 5602 τὴν
728 5532 908 5585 πίστιν
939 5530 973 5600 ἡ
1012 5527 1299 5598 Ῥωμαίων
1325 5522 1623 5587 Ἐκκλησία
1643 5518 1842 5588 ἐσφάλ-

276 5624 415 5690 λετο,
475 5625 570 5676 καὶ
626 5624 762 5695 πρὸς
806 5621 1302 5693 ἡμᾶς-,διεφέρετοσ
1359 5617 1455 5670 νῦν
1499 5615 1554 5668 δὲ
1595 5615 1726 5684 ἡμῖν
1773 5612 1840 5664 τά

221 5771 230 5777 _
279 5717 411 5782 πρὸς
435 5717 648 5787 ἐκείνην
675 5713 983 5784 ἀσύμϐατα.
1508 5706 1510 5708 ’

1946 4606 2273 4660 constrictos
2302 4605 2472 4658 teneri
2500 4603 2882 4658 decreverunt.
2908 4600 3072 4655 Italiae
3103 4615 3233 4655 vero
3265 4601 3506 4662 nomine,

1947 4697 2258 4751 universam
2315 4695 2464 4750 circa
2492 4695 2719 4749 Romam
2771 4696 3065 4762 regionem,
3118 4693 3279 4762 eique
3313 4690 3512 4759 adjun-

1946 4797 2088 4842 ctam
2121 4786 2404 4841 dioecesim
2451 4787 2826 4856 intelligimus.
2845 4784 3017 4838 Roma
3047 4785 3345 4854 porroipsa
3382 4782 3510 4835 urbs

1945 4876 2166 4939 dicitur,
2201 4888 2231 4928 a
2265 4873 2521 4941 Romulo,
2571 4874 2663 4943 qui
2715 4890 2832 4927 eam
2865 4873 3132 4934 condidit.
3189 4869 3510 4941 appellatio—

1946 4983 2070 5022 nem
2121 4966 2338 5022 sortita.
2361 4965 2604 5036 -Quique
2658 4967 2926 5031 vicissim,
2978 4966 3166 5031 aiunt,
3223 4978 3253 5015 a
3313 4959 3509 5014 Photio

1948 5059 2284 5131 patriarcha,
2318 5059 2636 5128 ubicunque
2688 5060 2952 5121 locorum,
2990 5054 3202 5119 clerici,
3240 5052 3326 5106 vel
3358 5051 3506 5116 laici,

1948 5152 2028 5206 vel
2063 5166 2128 5203 ex
2163 5149 2468 5203 antistitum
2495 5149 2689 5202 ordine
2739 5145 3125 5215 segregationi,
3157 5141 3536 5211 depositioni,

1946 5250 2040 5296 aut
2069 5241 2398 5297 anathemati
2427 5241 2786 5309 subjicientur
2808 5277 2824 5302 ,
2864 5253 2893 5291 a
2916 5235 3264 5289 sanctissimo
3293 5248 3510 5303 quoque

1950 5329 2088 5404 papa
2118 5344 2174 5389 et
2208 5333 2579 5389 Romanorum
2613 5333 2857 5387 Ecclesia
2911 5331 3088 5384 eidem
3128 5333 3301 5399 poenae
3331 5330 3508 5382 obito-
3608 5369 3617 5380 .

1951 5431 2071 5482 xios
2139 5428 2469 5482 existimari.
2544 5424 2938 5494 Praerogativas
2984 5409 3188 5488 autem,
3219 5423 3351 5477 ‘hoc
3402 5431 3508 5486 est,

1949 5521 2184 5588 primum
2213 5518 2441 5572 honoris
2472 5517 2673 5579 locum,
2729 5514 2944 5582 aliaque
2978 5511 3279 5582 privilegia,
3309 5508 3507 5579 quibus

1948 5609 2320 5665 Romanorum
2381 5608 2627 5662 Ecclesia
2690 5607 2976 5660 houestata
3043 5602 3168 5669 fuit,
3253 5601 3505 5656 inuiolata

1947 5702 2150 5758 servari
2190 5702 2386 5772 placet.
2418 5702 2472 5757 S.
2493 5701 2523 5755 d
2559 5701 2670 5754 hate
2695 5699 2805 5768 jant
2834 5696 2988 5763 olim,
3017 5710 3142 5748 cum
3177 5699 3230 5749 in
3261 5693 3349 5759 iis,
3385 5709 3505 5764 qua:
