4074 6214
619 295 751 360 1091

1862 280 2144 356 ‘THEOD.
2177 294 2579 354 BALSAMON
2985 292 3012 319 κ

3708 298 3847 362 1092

621 416 844 468 verbum
882 410 1167 479 apposuit;
1206 410 1249 463 si
1300 410 1518 479 quidem
1571 424 1601 465 e
1647 410 1844 463 sunur.i
1896 409 2178 465 sacerdotii

2288 411 2670 472 ταπεινώσεως
2702 408 3108 482 χθαμαλότητα,
3172 411 3265 462 καὶ
3324 412 3387 463 ἐκ
3449 410 3542 464 τοῦ
3577 416 3847 483 πατρικοῦ

621 504 840 573 fastigio
876 504 940 557 ad
981 503 1217 555 intimam
1250 502 1578 571 abjectionis
1626 502 2009 565 humilitatem,
2034 510 2088 555 et
2116 518 2179 555 ex

624 598 950 662 patriarelize
1004 603 1166 663 atque
1218 594 1456 648 doctoris
1486 593 1799 663 dignatione
1845 594 1899 647 in
1934 593 2180 647 ordinem

630 692 860 742 filiorum
901 703 963 738 ac
1020 687 1409 755 discipulorum
1467 702 1606 751 sese,
1656 688 1749 756 qui
1785 687 2055 750 tondetur,
2090 689 2183 738 de-

625 780 804 850 mittit)
840 783 931 831 sed
962 780 1373 833 unncdeerevit
1421 780 1679 850 synodus,
1726 788 1784 832 ut
1836 781 1927 847 qui
1982 781 2181 833 summi

620 870 906 924 sacerdotii
954 872 1213 941 dignitate
1265 872 1472 939 praediti
1521 872 1584 924 ad
1637 872 1947 924 monasticze
2000 882 2183 939 postea

622 950 745 1016 vita:
782 964 1085 1016 institutum
1115 962 1401 1017 deﬂectere
1434 964 1745 1025 voluerunt,
1776 978 1840 1014 ne
1866 976 2024 1029 quam
2056 962 2185 1026 ipsis

620 1056 739 1124 ejus
805 1056 1083 1125 dignitatis
1139 1064 1343 1125 partem
1394 1056 1624 1125 amplius
1684 1070 1949 1122 usurpare
2001 1056 2181 1108 liceat.

620 1148 786 1215 Cujus
819 1149 1034 1217 quidem
1066 1150 1141 1201 rei
1177 1149 1315 1202 hanc
1335 1150 1595 1202 rationem
1624 1147 1840 1217 subjicit
1873 1149 2181 1217 :quoniam,

610 1242 816 1307 inquit,
851 1242 994 1295 illius
1025 1244 1115 1310 qni
1153 1243 1409 1295 tondetur
1442 1240 1657 1309 propria
1706 1240 2027 1309 abjeetionis
2063 1256 2186 1310 pro-

624 1334 788 1385 fessio
819 1343 925 1399 est,
956 1349 1127 1401 seque
1164 1333 1209 1387 is
1245 1334 1596 1402 discipulum,
1627 1342 1680 1387 et
1706 1334 1772 1385 ab
1803 1333 1925 1387 aliis
1958 1348 2186 1402 pascen-

618 1422 768 1486 dum,
788 1441 894 1477 non
928 1425 1101 1494 ipsum
1138 1434 1436 1493 pastorem,
1458 1426 1701 1479 futurum
1724 1440 1843 1479 esse
1862 1425 2182 1493 despondet.

622 1513 742 1578 Quo
775 1525 932 1583 pacto
969 1517 1156 1585 igitur,
1195 1529 1246 1570 et
1278 1532 1375 1585 pro
1408 1517 1606 1569 sniutui
1640 1517 1924 1570 sacerdotii
1962 1531 2186 1569 munere

619 1606 741 1658 aliis
776 1605 1081 1673 praefectus,
1128 1619 1183 1660 et
1208 1607 1275 1660 ob
1305 1608 1585 1679 monastici
1638 1606 1855 1660 habitus
1896 1606 2185 1661 demissio-

618 1713 740 1750 nem
776 1697 938 1752 fuerit
964 1700 1219 1753 idemmet
1247 1698 1531 1768 abjectus?
1569 1714 1672 1767 qua
1705 1700 1913 1752 ratione
1942 1698 2183 1752 doctoris

616 1798 670 1840 et
697 1789 943 1857 discipuli
972 1791 1133 1844 simul
1157 1791 1472 1844 muneribus
1506 1790 1849 1844 satisfaciet?
1869 1791 2177 1859 Propterea.
2211 1760 2257 1819 Β

616 1896 685 1933 ne
713 1897 791 1945 se,
829 1883 1001 1952 inquit
1023 1884 1256 1952 amplius
1282 1884 1335 1937 in
1372 1884 1546 1937 locum
1578 1884 1948 1952 pmnitentiuut
1979 1883 2178 1937 summi

616 1975 930 2037 sacerdotes
965 1976 1252 2031 demittant
1299 1976 1716 2045 (monachorum
1766 1974 2038 2045 siquidem
2070 1976 2179 2027 vita

615 2066 949 2132 paenitentiae
1003 2067 1247 2137 qnzedam
1294 2067 1569 2137 professio
1623 2069 1726 2137 est)
1776 2048 2176 2141 constituimus.

614 2156 768 2220 Quod
801 2159 843 2214 si
880 2159 1003 2229 quis
1036 2159 1244 2223 fecerit,
1278 2162 1476 2214 summi
1509 2161 1801 2215 sacerdotii
1856 2161 2175 2229 dignitatem

616 2248 715 2303 sibi
748 2251 974 2318 ipsemet
1009 2252 1376 2322 abrogaverit,
1414 2267 1511 2305 nec
1562 2254 1707 2307 illius
1763 2254 1958 2305 iterum
1998 2250 2174 2303 vindio

614 2338 802 2392 eandaz
826 2339 1055 2395 facultas
1090 2342 1323 2409 amplius
1369 2340 1726 2409 relinquetur.
1776 2339 1953 2391 Verba
2010 2350 2175 2405 porro

616 2429 728 2486 illa.
762 2428 840 2484 Ne
879 2446 938 2485 se
990 2431 1047 2485 in
1082 2433 1259 2483 locum
1312 2428 1689 2498 pmtiiteutium
1748 2427 2071 2489 demittant;
2127 2434 2179 2479 et

615 2524 746 2587 alia,
781 2524 934 2587 Quod
966 2524 1010 2578 si
1038 2524 1162 2591 quis
1197 2524 1248 2577 id
1285 2524 1463 2578 facere
1493 2524 1723 2585 audeat;
1782 2535 1887 2573 non
1934 2520 2005 2571 ita
2025 2514 2182 2571 'acci-

2284 504 2381 554 καὶ
2438 500 2819 554 διδασκαλικοῦ
2874 501 3180 571 ἀξιώματος
3235 503 3314 565 είς
3375 503 3492 556 υἱοῦ
3552 504 3708 568 τάξιν
3762 510 3850 559 καὶ

2286 592 2556 663 μαθητοῦ)
2589 594 2705 646 ἀλλ’
2731 593 2896 663 ὥρισε
2932 594 3023 647 νῦν
3063 596 3095 663 ή
3129 594 3345 657 σύνοδος
3373 596 3496 658 τοὺς
3533 599 3849 668 ἀρχιερατιο

2283 682 2381 739 κοῦ
2433 685 2744 754 ἀξιώματος
2781 688 3172 755 τυγχάνοντας,
3206 684 3322 739 εἶτα
3366 690 3443 747 εἰς
3492 689 3583 741 τὸν
3638 695 3848 762 μονήρη

2285 777 2399 844 βίον
2443 776 2775 846 θελήσαντας
2818 778 3127 840 ἀποκλῖναι,
3166 778 3363 846 μηκέτι
3409 780 3507 847 τῆς
3541 782 3853 851 ἀρχιερατι-

2284 868 2386 933 κῆς
2434 867 2592 932 ἀξίας
2647 869 3044 921 ἀντιποιεῖσθαι
3074 884 3089 898 ⁰
3143 869 3239 922 καὶ
3272 870 3372 940 τὴν
3424 872 3607 924 αἰτίαν
3661 873 3852 941 ἐπάγει

2281 959 2460 1022 λέγων
2490 960 2570 1010 ὅτι
2622 961 2649 1011 ὀ
2688 960 3007 1030 κειρόμενος
3049 960 3383 1013 ταπείνωσιν
3435 964 3849 1031 ἐπαγγέλλεται,

2284 1051 2379 1103 καὶ
2428 1050 2675 1120 μαθητὴς
2728 1046 2867 1104 εἶναι
2915 1052 3245 1114 συντίθεται,
3300 1054 3391 1106 καὶ
3446 1054 3849 1124 ποιμαίνεσθαι,

2284 1137 2400 1190 ἀλλ’
2451 1139 2570 1209 οὐχὶ
2624 1142 2954 1207 ποιμαίνειν,
2999 1141 3123 1205 Πῶς
3156 1138 3249 1195 οὖν
3293 1146 3320 1196 ὁ
3372 1144 3533 1207 αὐτὸς
3581 1146 3684 1198 καὶ
3736 1165 3854 1216 προτ

2283 1231 2519 1297 εδρεύων
2569 1233 2719 1286 ἔσται
2778 1234 2865 1287 διά
2920 1233 3017 1304 τὴν
3062 1236 3495 1305 ἀρχιερωσύνην,
3530 1238 3625 1289 καὶ
3670 1237 3760 1293 διὰ
3800 1241 3853 1293 τδ

2285 1323 2474 1391 σχῆμα
2505 1323 2566 1375 τὸ
2601 1326 2895 1394 μοναχικδν
2933 1326 3404 1395 ταπεινούμενος;
3446 1328 3569 1391 Πῶς
3620 1329 3682 1382 δὲ
3723 1330 3853 1384 διδά-

2286 1432 2431 1468 σκων
2457 1414 2607 1468 ἔσται
2640 1418 2731 1469 καὶ
2756 1417 3139 1487 διδασκόμενος
3162 1436 3176 1483 ;
3205 1420 3316 1484 Διδ,
3343 1421 3499 1487 φησὶ,
3531 1420 3853 1492 θεσπίζομεν

2282 1510 2409 1570 τοὺς
2464 1504 2740 1578 ἀρχιερεῖς
2807 1510 3007 1602 μηκέτῆ
3064 1510 3457 1573 καταϐιϐάζειν
3498 1513 3729 1577 ἑαυτοὺς
3779 1518 3852 1577 είς

2283 1602 2447 1652 τόπον
2508 1599 2917 1669 μετανοούντων
2968 1599 3281 1671 (μετανοίας
3310 1603 3419 1673 γάρ
3477 1605 3505 1656 ὁ
3566 1606 3851 1675 μοναχικὶκς

2287 1694 2401 1762 βίος
2446 1694 2811 1761 ἐπάγγελμα).
2838 1693 2901 1746 Εἰ
2928 1694 2986 1747 δὲ
3021 1696 3175 1748 τοῦτό
3198 1713 3281 1759 τις
3309 1697 3515 1769 πράξῃ,
3548 1698 3709 1761 αὐτὸς
3732 1700 3850 1751 ἐαυ-

2284 1785 2373 1836 τὸν
2414 1786 2712 1854 ἀποστερεῖ
2735 1787 2835 1855 τῆς
2870 1786 3266 1857 ἀρχιερατικῆς
3300 1787 3479 1861 ἀξίας,
3528 1791 3620 1843 καὶ
3668 1791 3848 1844 οὐκέτι

2284 1878 2421 1947 πρὸς
2468 1879 2527 1930 τὸ
2584 1878 2851 1949 πρότερον
2884 1879 2985 1949 τῆς
3012 1880 3425 1951 ἀρχιερωσύνης
3456 1883 3845 1952 ὲπαναστρέψει

2283 1970 2519 2039 ἀξίωμα.
2552 1971 2736 2024 Ταῦτα
2767 1970 2847 2035 δὲ,
2875 1972 3047 2040 ἤγουν
3072 1972 3135 2025 τὸ
3180 1972 3269 2045 μὴὶ
3307 1974 3686 2039 καταϐιϐάζειν
3718 1978 3841 2029 ἐαυ-

2282 2060 2410 2121 τοὺς
2458 2060 2538 2117 είς
2593 2060 2779 2128 χώραν
2837 2060 3262 2130 μετανοούντων,
3294 2062 3388 2115 καὶ
3413 2065 3490 2127 τδ,
3536 2066 3598 2118 El
3647 2065 3699 2119 δέ
3756 2082 3842 2128 τις

2282 2153 2573 2222 τολμήσειε
2626 2153 2783 2205 τοῦτο
2840 2154 3072 2223 πρᾶξαι,
3131 2156 3231 2209 οὐκ
3282 2157 3690 2227 ἀπαγορεύοντα
3748 2159 3843 2230 τὴν

2287 2246 2572 2315 μετάνοιαν
2597 2248 2712 2308 τοῖς
2741 2244 3088 2315 ἀρχιερεῦσιν
3133 2246 3369 2317 εἴρηται,
3402 2249 3517 2300 ἀλλ’
3556 2250 3843 2303 ἐκδείκνυσι

2283 2338 2561 2399 τοιούτους
2584 2332 2725 2390 εἶναι
2760 2339 2871 2390 δεῖν
2898 2342 3023 2401 τοὺς
3051 2340 3353 2410 ἀρχιερεῖς,
3388 2342 3483 2394 καὶ
3506 2342 3665 2396 ιοῦτω
3686 2344 3835 2413 βιοῦν,

2284 2431 2360 2493 ὡς
2395 2431 2527 2499 μηδὲ
2558 2431 2770 2484 δεῖσθαι
2820 2432 3111 2500 μετανοίας
3163 2434 3368 2502 σχεδὸν,
3426 2436 3567 2487 ἀλλά
3615 2437 3701 2488 καὶ
3740 2441 3831 2497 τοῖς

2288 2518 2470 2581 ἄλλοις
2502 2518 2590 2570 διὰ
2621 2520 2727 2570 τῶν
2751 2520 2968 2571 οἰκείων
2999 2521 3294 2585 ἐντεύξεων
3325 2525 3384 2576 τὸ
3415 2525 3575 2577 Θεῖον
3606 2527 3813 2590 ἐξιὶεοῦν.

617 2612 808 2678 picnda
865 2622 1010 2677 sunt,
1066 2613 1221 2684 quasi
1285 2613 1607 2682 praesulibus
1650 2610 1795 2663 omni
1844 2608 2178 2675 poenitentia:
2209 2622 2405 2677 genere
2436 2607 2509 2661 sit
2568 2607 2964 2663 interdictum:
3004 2610 3097 2663 sed
3131 2622 3189 2664 nt
3250 2614 3518 2683 ejusmodi
3591 2618 3815 2676 antisites

613 2716 754 2764 esse,
781 2702 964 2771 itaque
997 2704 1158 2756 vitam
1191 2704 1475 2757 instituere
1544 2703 1743 2763 debere
1812 2703 2125 2757 ostendant.
2150 2698 2243 2766 qui
2284 2714 2351 2753 ne
2381 2700 2488 2752 ulla
2517 2699 2732 2769 quidem
2763 2700 3080 2767 poenitentia
3112 2703 3283 2758 ferme
3315 2706 3633 2779 indigeant;
3665 2726 3819 2764 verunt

614 2794 736 2846 aliis
769 2810 983 2862 quoque
1018 2793 1282 2850 offensum
1326 2795 1533 2849 Numen
1587 2808 1683 2847 sua
1736 2792 1837 2860 ipsi
1887 2789 2263 2857 deprecatione
2294 2790 2606 2843 coaeilient.

614 2885 837 2939 ARIST.
878 2906 894 2936 ι
931 2885 985 2939 Si
1020 2889 1141 2956 quis
1166 2887 1231 2940 ab
1254 2888 1513 2941 antistitis
1544 2884 1876 2941 sublimitate
1899 2882 1963 2935 ad
1987 2895 2177 2934 mona-

692 2990 710 3023 ι
747 2973 959 3037 sticam,
1033 2986 1083 3028 et
1137 2991 1165 3028 e
1209 2977 1505 3035 contrario,
1578 2975 1745 3026 vitam
1800 2971 2171 3034 descenderit;

694 3088 710 3118 ε
740 3069 1000 3123 antistitis
1035 3068 1346 3136 dignitatem
1378 3066 1699 3136 ampliusne
1732 3072 2026 3133 usurpet.»

1199 3160 1425 3215 CANON
1496 3161 1588 3214 Ill.

615 3270 639 3310 ε
669 3254 723 3310 Si
760 3257 883 3326 qnis
920 3257 1093 3311 laicus
1140 3256 1463 3310 auctoritate
1498 3270 1652 3317 usus,
1710 3251 1910 3307 divinis
1957 3250 2175 3320 quidem

688 3367 707 3399 ‹
736 3360 788 3402 et
820 3350 980 3418 regiis
1019 3350 1186 3417 jussis
1231 3348 1580 3414 contemptis,
1630 3345 2049 3413 reverendisque
2078 3343 2178 3397 Ee-

688 3461 706 3493 ι
737 3443 917 3497 elesiae
944 3444 1141 3498 ritibus
1187 3451 1234 3497 et
1270 3442 1478 3511 legibus
1530 3441 1729 3502 irrisis,
1782 3438 2017 3517 aliquem
2068 3439 2179 3506 epi-

687 3557 705 3588 ι
738 3553 963 3606 scopum
1004 3539 1295 3591 verberare
1324 3552 1494 3591 ausus
1531 3535 1695 3589 fuerit
1746 3533 1830 3587 vel
1886 3533 1939 3586 in
1993 3544 2178 3587 custo-

682 3647 703 3680 ε
737 3629 880 3682 dium
922 3631 1153 3692 tradere,
1206 3628 1287 3683 vel
1334 3628 1451 3681 sine
1481 3642 1663 3689 causa,
1702 3626 1784 3679 vel
1837 3626 2017 3693 aliqua
2048 3640 2180 3679 con-

686 3740 704 3771 c
742 3722 865 3775 ficta
893 3738 1080 3784 causa,
1112 3723 1157 3775 is
1190 3722 1262 3776 sit
1292 3723 1603 3774 anathema.
1640 3739 1657 3771 ι

688 3898 877 3953 BALS.
918 3899 1260 3971 Episcopalis
1310 3898 1545 3968 dignitas
1596 3913 1808 3953 omnem
1850 3899 1959 3952 fere
2008 3900 2178 3952 hono-

612 4009 727 4048 rem
745 4002 983 4061 snperat.
1006 3992 1329 4062 Apostolicze
1354 3992 1496 4045 enim
1515 3990 1761 4061 dignitati
1791 3992 2174 4061 aequiparatur,

614 4088 852 4156 propter
910 4086 1173 4139 doctrina:
1232 4083 1646 4153 professionem.
1730 4083 1995 4149 Quoniam
2051 4102 2179 4155 ergo

611 4178 826 4248 quidam
884 4191 1233 4247 arrogantes,
1290 4184 1343 4231 et
1393 4175 1703 4230 divinorum
1782 4186 2172 4245 praeceptorum

607 4279 1034 4336 contemptores,
1070 4267 1565 4335 ecelesiasticorum
1597 4266 1803 4321 scilicet
1836 4278 1889 4321 et
1917 4267 2176 4335 imperia-

612 4361 740 4412 ltum
776 4342 1010 4413 absurda
1045 4358 1288 4429 quaedam
1320 4368 1374 4413 et
1403 4358 1799 4412 contumeliosa
1832 4359 1887 4411 in
1911 4358 2174 4427 quosdam

2280 2883 2505 2935 ΑΡΙΣΤ.
2551 2902 2569 2932 ι
2617 2883 2684 2935 Et
2730 2901 2814 2947 τις
2879 2886 2987 2937 ἀπὸ
3040 2888 3351 2959 ίερα⁴ρχικοῦ
3410 2890 3582 2960 ὕψους
3624 2897 3698 2951 είς
3751 2897 3829 2948 τὸν

2359 2992 2377 3023 ς
2429 2975 2737 3042 μοναδικὸν,
2769 2978 2864 3029 καὶ
2892 2977 3155 3045 ἔμπαλιν,
3182 2982 3435 3036 κατέλθοι
3479 2985 3618 3051 βίον,
3659 2990 3833 3058 μηκέτι

2358 3086 2376 3117 ‹
2425 3068 2743 3139 ίεραρχικῆς
2768 3071 3158 3125 ἀντιποιείσθω
3185 3073 3360 3140 ἀξίας.

2876 3164 3114 3219 ΚΑΝΩΝ
3166 3166 3242 3219 Γ’.

2293 3270 2311 3301 α
2358 3252 2423 3304 Εἴ
2449 3270 2533 3315 τις
2556 3251 2664 3309 τῶν
2699 3254 2904 3309 λαῖκῶν
2934 3258 3276 3328 αύθεντήσας
3306 3264 3400 3314 καὶ
3431 3268 3839 3337 καταφρονήσας

2357 3364 2373 3393 ι
2424 3344 2527 3413 μὲν
2558 3345 2665 3398 τῶν
2706 3345 2865 3400 θείων
2895 3349 2988 3402 καὶ
3039 3349 3336 3417 βασιλικῶν
3385 3360 3841 3425 προσταγμάτων.

2359 3457 2376 3487 ι
2425 3439 2809 3505 καταγελάσας
2839 3441 2896 3493 δὲ
2926 3443 3022 3495 καὶ
3052 3443 3163 3495 τῶν
3195 3447 3445 3514 φρικτῶν
3486 3448 3585 3517 τῆς
3636 3451 3847 3519 Ἐκκλη-

2360 3548 2377 3580 ι
2426 3531 2547 3594 σίας
2594 3531 2813 3603 θεσμῶν
2850 3552 2908 3587 τε
2963 3536 3058 3589 καὶ
3108 3536 3319 3606 νόμων,
3370 3541 3703 3611 τολμήσειεν
3743 3544 3848 3595 ἐπί-

2361 3641 2379 3673 t
2428 3626 2629 3677 σκοπόν
2649 3644 2767 3678 τινα
2797 3627 2961 3697 τύψαι
2989 3630 3019 3698 ἢ
3049 3632 3369 3698 φυλακίσαι,
3404 3633 3435 3703 ῆ
3481 3636 3663 3704 χωρὶς
3685 3637 3846 3697 αἰτίας

2356 3734 2374 3765 ι
2418 3716 2449 3783 ἦ
2483 3723 2578 3768 καὶ
2637 3719 3094 3790 συμπλασάμενος
3140 3724 3339 3789 αίτίαν,
3380 3728 3407 3778 ὀ
3435 3725 3691 3791 τοιοῦτος
3729 3729 3847 3780 ἀνά-

2360 3826 2378 3857 ‹
2422 3809 2564 3878 θεμα
2593 3810 2753 3866 ἔστω.
2790 3831 2808 3862 ι

2352 3900 2548 3952 ΒΑΛΣ.
2575 3900 2647 3952 Τὸ
2672 3904 2771 3972 τῆς
2789 3904 3200 3977 ἀρχιερωσύνης
3222 3907 3439 3978 ἀξίωμα
3466 3912 3666 3981 σχεδον
3692 3912 3841 3981 ὑπὲρ·

2278 4007 2452 4044 κειται
2500 3992 2681 4060 πάσης
2720 3995 2908 4064 τιμῆς.
2955 3998 3066 4067 Τῆς
3115 4002 3225 4069 γὰρ
3281 3991 3663 4074 ἀποστολικῆς
3708 4008 3847 4071 ἀξίας

2283 4085 2591 4139 ἱσοστάσιόν
2618 4087 2734 4139 ἐστι
2765 4088 2855 4140 διὰ
2893 4088 2953 4140 τδ
2984 4090 3081 4159 τῆς
3118 4092 3464 4158 διδασκαλίας
3503 4098 3846 4167 ἐπάγγελμα.

2290 4175 2444 4227 Ἐπεὶ
2492 4176 2588 4231 οὖν
2645 4196 2789 4242 τινες
2834 4180 3086 4245 αὐθάδεις
3133 4186 3227 4236 καὶ
3281 4192 3706 4259 καταφρονηταὶ
3757 4191 3849 4241 τῶν

2280 4268 2436 4320 θείων
2496 4270 3016 4341 παραγγελμάτων,
3073 4274 3549 4343 ἐκκλησιαστικῶν
3621 4282 3849 4350 δηλονότι

2283 4359 2372 4410 καὶ
2402 4357 2719 4427 βασιλικῶν,
2753 4363 2932 4423 ἄτοπά
2971 4380 3093 4417 τινα
3118 4370 3211 4417 καὶ
3240 4367 3547 4437 ἐφύϐριστα
3576 4375 3671 4435 εἷς
3716 4391 3851 4433 τινας

610 4453 884 4505 antistites
920 4450 1157 4504 fecerant
1185 4469 1207 4515 ;-
1232 4450 1558 4505 definierunt
1585 4451 1760 4505 sancti
1792 4449 2000 4514 Patres,
2026 4452 2171 4520 quod

2281 4452 2603 4520 εἰργάσαντο
2638 4454 2938 4523 ἀρχιερεῖς,
2975 4457 3182 4525 ὥρισαν
3205 4459 3252 4509 οἱ
3292 4458 3441 4527 ἆγιοι
3480 4461 3738 4533 Πατέρες
3766 4465 3849 4523 ὡη

611 4542 655 4594 si
691 4544 813 4610 quis
871 4544 1042 4595 laicus
1096 4546 1420 4596 auctoritate
1467 4558 1622 4607 usus,
1662 4542 1867 4596 scilicet
1899 4542 2173 4595 authenti-

610 4646 728 4681 eam
755 4632 835 4682 vel
867 4633 1215 4697 magistratus
1249 4640 1569 4699 potestatem
1604 4640 1818 4695 nactus,
1846 4631 2015 4699 jndex
2038 4631 2175 4684 forte

609 4722 694 4785 vel
726 4731 946 4774 exactor
976 4725 1334 4784 constitutus,
1389 4723 1721 4776 confidenter
1777 4723 2008 4791 aliquem
2060 4726 2174 4792 epi-

610 4829 833 4881 scopum
871 4816 1262 4876 verberaverit,
1322 4815 1406 4868 vel
1462 4816 1516 4868 in
1572 4816 1818 4868 custodia
1866 4816 2169 4878 incluserit,

609 4908 727 4960 sine
757 4920 918 4959 causa
954 4907 1036 4959 vel
1064 4922 1185 4959 eum
1215 4911 1446 4959 conllcta
1479 4917 1530 4961 et
1576 4908 1709 4961 falsa
1757 4923 1941 4969 causa,
1991 4910 2038 4959 id
2068 4918 2171 4969 est,

610 4999 728 5050 sine
761 4996 1008 5060 ratione;
1064 4998 1108 5048 is
1147 4998 1212 5051 sit
1251 4997 1563 5059 anathema,
1606 4998 1705 5051 hoc
1752 5010 1857 5062 est,
1889 5014 1917 5048 a
1958 4998 2062 5051 Deo
2100 5000 2172 5051 sit

609 5100 927 5157 separatus,
974 5088 1132 5158 363
1186 5100 1238 5142 et
1273 5089 1518 5142 tradatur
1561 5092 1810 5154 dzemoni,
1863 5100 1919 5145 ut
1976 5108 2171 5144 munus

609 5182 753 5247 quod
786 5183 832 5233 ei
885 5196 1182 5249 appensunt
1242 5180 1548 5235 dedicatur.
1607 5182 1741 5234 Cum
1797 5191 1975 5236 autem
2014 5187 2171 5235 anuis

610 5289 873 5326 (-auonem
909 5275 1199 5334 dicentem,
1231 5276 1375 5342 quod
1411 5273 1501 5327 ille
1535 5274 1712 5328 laicus
1744 5277 2171 5329 anathematiza-

612 5377 716 5428 tur,
752 5367 841 5434 qui
877 5368 993 5420 sine
1044 5381 1229 5427 causa,
1270 5367 1348 5419 vel
1380 5382 1503 5420 cunt
1538 5366 1659 5421 ftcta
1695 5383 1881 5431 causa,
1935 5370 2036 5423 hoc
2065 5380 2169 5429 est,

612 5464 805 5524 praeter
838 5458 1131 5520 rationem,
1172 5459 1286 5513 sola
1320 5461 1641 5515 auctoritate
1670 5476 1824 5524 usus,
1854 5462 2168 5530 episc0punt

611 5550 693 5598 vel
724 5549 1109 5611 verberaverit,
1140 5552 1223 5602 vel
1249 5552 1513 5605 custodiat
1545 5552 1863 5618 tradiderit;
1896 5570 1963 5609 ne
1998 5557 2169 5617 dieas,

613 5651 935 5705 argumento
968 5655 995 5692 a
1033 5643 1310 5696 contrario
1358 5634 1595 5712 sumpto,
1648 5645 1808 5699 licere
1858 5646 2010 5700 laicis
2061 5664 2172 5699 ma-

619 5731 939 5800 gistratibus
988 5732 1275 5802 episcopos
1307 5749 1372 5788 ex
1420 5734 1569 5803 justa
1601 5747 1653 5791 et
1690 5738 1953 5806 probabili
2008 5755 2168 5794 causa

2276 4545 2433 4605 εἴτις
2469 4543 2657 4605 λαῖκὸς
2690 4546 3052 4616 αύθεντήσας,
3086 4550 3253 4619 ἡγουν
3285 4551 3634 4620 ἀρχοντικῆς
3673 4556 3857 4608 αὐθεν-

2275 4632 2393 4693 τίας
2454 4634 2547 4684 καὶ
2597 4632 2842 4697 ἐξουσίας
2894 4636 3249 4704 δραξάμενος,
3299 4640 3564 4710 δικαστὴς
3623 4644 3782 4712 τυχὸν
3826 4644 3851 4709 ἦ

2278 4723 2545 4792 πράκτωρ
2572 4727 2876 4811 καταστὰςέ
2900 4726 3188 4797 τολμηρῶς
3217 4731 3523 4800 οίονδήτινα
3554 4734 3853 4788 ἐπίσκοπον

2273 4816 2454 4883 τύψειν
2489 4817 2520 4887 ἢ
2561 4820 2615 4868 ἐν
2646 4818 2863 4886 φυλακῇ
2886 4814 2889 4815 ν
2913 4820 3249 4885 ἀποκλείσει,
3306 4822 3336 4891 ἢ
3375 4824 3545 4892 χωρὶς
3580 4829 3793 4887 αἰτίας,
3824 4827 3845 4889 ᾖ

2278 4908 2414 4974 μετά
2449 4909 2546 4976 τῆς
2576 4909 2909 4962 ἐπιπλάστου
2944 4912 3039 4962 καὶ
3079 4911 3307 4979 ψευδοῦς
3333 4915 3537 4977 αίτίις,
3570 4924 3843 4969 τουτέττμ

2273 4999 2605 5065 ἀνευλόγως,
2652 5004 2678 5053 ὁ
2720 5001 2963 5062 τοιοῦτος
2992 5003 3248 5070 ἀνάθεμα
3280 5004 3443 5068 ἔστω,
3480 5008 3665 5076 ἤγουν
3698 5028 3835 5077 κεχω-

2276 5090 2531 5157 ρισμένος
2586 5091 2693 5142 ἀπὸ
2732 5091 2825 5142 τοῦ
2869 5093 3001 5144 Θεοῦ
3032 5094 3191 5157 ἔστω,
3223 5097 3316 5145 καὶ
3354 5099 3749 5165 παραδιδότθω
3788 5097 3826 5161 τέο

2272 5184 2531 5251 δαίμονι,
2581 5185 2655 5249 ὠς
2722 5187 2994 5254 ἀνάθεμα.

2271 5278 2518 5343 λέγοντος
2578 5279 2652 5339 ὼς

3073 5190 3313 5242 ’Λκοὺων
3371 5191 3425 5243 δὲ
3485 5193 3582 5245 τοῦ
3646 5200 3822 5249 κανένεῖς

2714 5282 2922 5343 ἐκεῖνος
2966 5285 2992 5333 ὁ
3028 5282 3235 5343 nam;
3294 5285 3772 5354 ἀναθεματίζετει,
3806 5288 3826 5334 ἀ

2274 5370 2441 5438 χωρὶς
2495 5373 2698 5434 αἰτίας,
2748 5374 2779 5443 ἢ
2824 5375 2965 5442 μετᾶ
3005 5376 3186 5437 αἰτίας
3239 5377 3675 5449 πεπλασμένης,
3718 5395 3829 5432 tmt-

2272 5462 2418 5511 ἐστιν
2448 5464 2775 5531 ἀνευὶύγως,
2812 5469 2951 5517 κατὰ
3006 5468 3172 5535 μόνην
3204 5468 3493 5522 αῦθεντίαν
3526 5475 3846 5543 ἀρχοντικῂν

2271 5554 2446 5622 τύψας
2493 5556 2524 5625 ἢ
2576 5556 2879 5621 φυλακίσας
2915 5560 3234 5623 ἐπίσκοπον,
3276 5563 3349 5628 μὴ
3381 5565 3547 5635 εἴπῃς
3608 5570 3675 5633 ἐξ
3724 5572 3852 5619 ἀντι-

2272 5645 2558 5714 διαστολῆς
2588 5646 2732 5715 ἔχειν
2756 5646 2839 5697 ἐπ’
2872 5650 3054 5710 ἀδείας
3104 5651 3227 5712 τοὺς
3257 5652 3475 5716 λαῖκοὺς
3501 5656 3790 5725 ἄρχοντας
3815 5655 3856 5718 ἐξ

2274 5738 2497 5804 εὐλόγου
2534 5740 2711 5800 αἰτίας
2744 5738 2966 5793 τύπτειν
2999 5742 3093 5794 καὶ
3121 5744 3440 5809 φυλακίζειν
3478 5750 3613 5811 τοὺς
3643 5751 3854 5803 smni-

3643 5786 3670 5802 ὁ
3686 5786 3777 5803 δασύ
