  <div class='ocr_page' id='page_1' title='image "/cluster/home/n/w/nwhite01/storage/ocr_20150623/137/hvd.32044073502536/596.png"; bbox 0 0 4074 6214; ppageno 0'>
   <div class='ocr_carea' id='block_1_1' title="bbox 375 283 509 337">
    <p class='ocr_par' dir='ltr' id='par_1_1' title="bbox 375 283 509 337">
     <span class='ocr_line' id='line_1_1' title="bbox 375 283 509 337; baseline 0.007 -1"><span class='ocrx_word' id='word_1_1' title='bbox 375 283 509 337; x_wconf 68' lang='lat' dir='ltr'><strong>IU&#39;JSS</strong></span> 
     </span>
    </p>
   </div>
   <div class='ocr_carea' id='block_1_2' title="bbox 374 407 525 449">
    <p class='ocr_par' dir='ltr' id='par_1_2' title="bbox 374 407 525 449">
     <span class='ocr_line' id='line_1_2' title="bbox 374 407 525 449; baseline -0.02 -7"><span class='ocrx_word' id='word_1_2' title='bbox 374 407 525 449; x_wconf 67' lang='grc' dir='ltr'>κους.</span> 
     </span>
    </p>
   </div>
   <div class='ocr_carea' id='block_1_3' title="bbox 376 476 1940 551">
    <p class='ocr_par' dir='ltr' id='par_1_3' title="bbox 376 476 1940 551">
     <span class='ocr_line' id='line_1_3' title="bbox 376 476 1940 551; baseline -0.006 -17"><span class='ocrx_word' id='word_1_3' title='bbox 376 481 700 551; x_wconf 78' lang='grc' dir='ltr'>σπισμάτων</span> <span class='ocrx_word' id='word_1_4' title='bbox 732 478 931 547; x_wconf 75' lang='grc' dir='ltr'>ἔμαθες</span> <span class='ocrx_word' id='word_1_5' title='bbox 987 479 1060 542; x_wconf 84' lang='grc' dir='ltr'>ὡς</span> <span class='ocrx_word' id='word_1_6' title='bbox 1126 481 1264 532; x_wconf 83' lang='grc' dir='ltr'><strong>κατὰ</strong></span> <span class='ocrx_word' id='word_1_7' title='bbox 1318 481 1632 534; x_wconf 79' lang='grc' dir='ltr'>ἐπισκόπων</span> <span class='ocrx_word' id='word_1_8' title='bbox 1679 481 1726 529; x_wconf 86' lang='grc' dir='ltr'>οἱ</span> <span class='ocrx_word' id='word_1_9' title='bbox 1761 476 1940 527; x_wconf 73' lang='grc' dir='ltr'>λαῖκοὶ</span> 
     </span>
    </p>
   </div>
   <div class='ocr_carea' id='block_1_4' title="bbox 367 569 1940 644">
    <p class='ocr_par' dir='ltr' id='par_1_4' title="bbox 367 569 1940 644">
     <span class='ocr_line' id='line_1_4' title="bbox 367 569 1940 644; baseline -0.005 -16"><span class='ocrx_word' id='word_1_10' title='bbox 367 574 629 644; x_wconf 74' lang='grc' dir='ltr'>ἄρχοντες</span> <span class='ocrx_word' id='word_1_11' title='bbox 679 571 935 640; x_wconf 79' lang='grc' dir='ltr'><strong>οὐδεμίαν</strong></span> <span class='ocrx_word' id='word_1_12' title='bbox 983 572 1346 625; x_wconf 80' lang='grc' dir='ltr'><strong>δικαιοδοσίαν</strong></span> <span class='ocrx_word' id='word_1_13' title='bbox 1397 573 1633 641; x_wconf 76' lang='grc' dir='ltr'>ἔχουσιν.</span> <span class='ocrx_word' id='word_1_14' title='bbox 1699 570 1861 623; x_wconf 80' lang='grc' dir='ltr'>Ὅθεν</span> <span class='ocrx_word' id='word_1_15' title='bbox 1913 569 1940 620; x_wconf 86' lang='grc' dir='ltr'>ὁ</span> 
     </span>
    </p>
   </div>
   <div class='ocr_carea' id='block_1_5' title="bbox 370 661 1936 733">
    <p class='ocr_par' dir='ltr' id='par_1_5' title="bbox 370 661 1936 733">
     <span class='ocr_line' id='line_1_5' title="bbox 370 661 1936 733; baseline -0.002 -18"><span class='ocrx_word' id='word_1_16' title='bbox 370 665 587 716; x_wconf 80' lang='grc' dir='ltr'><strong>τύπτων</strong></span> <span class='ocrx_word' id='word_1_17' title='bbox 621 664 802 724; x_wconf 79' lang='grc' dir='ltr'>λαῖκὸς</span> <span class='ocrx_word' id='word_1_18' title='bbox 831 662 862 733; x_wconf 87' lang='grc' dir='ltr'>ἦ</span> <span class='ocrx_word' id='word_1_19' title='bbox 903 663 1214 729; x_wconf 75' lang='grc' dir='ltr'><strong>φυλακίζων</strong></span> <span class='ocrx_word' id='word_1_20' title='bbox 1267 661 1361 715; x_wconf 79' lang='grc' dir='ltr'>τὸν</span> <span class='ocrx_word' id='word_1_21' title='bbox 1394 663 1625 732; x_wconf 76' lang='grc' dir='ltr'>τυχόντα</span> <span class='ocrx_word' id='word_1_22' title='bbox 1655 664 1936 732; x_wconf 76' lang='grc' dir='ltr'>ἀρχιερέα,</span> 
     </span>
    </p>
   </div>
   <div class='ocr_carea' id='block_1_6' title="bbox 371 755 1938 824">
    <p class='ocr_par' dir='ltr' id='par_1_6' title="bbox 371 755 1938 824">
     <span class='ocr_line' id='line_1_6' title="bbox 371 755 1938 824; baseline -0.001 -16"><span class='ocrx_word' id='word_1_23' title='bbox 371 756 472 809; x_wconf 84' lang='grc' dir='ltr'>κᾶν</span> <span class='ocrx_word' id='word_1_24' title='bbox 507 755 566 820; x_wconf 52' lang='grc' dir='ltr'>ἃ</span> <span class='ocrx_word' id='word_1_25' title='bbox 594 756 772 818; x_wconf 87' lang='grc' dir='ltr'>αἰτίας</span> <span class='ocrx_word' id='word_1_26' title='bbox 801 757 978 824; x_wconf 84' lang='grc' dir='ltr'>πάντη</span> <span class='ocrx_word' id='word_1_27' title='bbox 1011 756 1414 824; x_wconf 87' lang='grc' dir='ltr'>εὐλογωτάτης,</span> <span class='ocrx_word' id='word_1_28' title='bbox 1450 755 1552 808; x_wconf 78' lang='grc' dir='ltr'>κᾶν</span> <span class='ocrx_word' id='word_1_29' title='bbox 1580 756 1678 824; x_wconf 83' lang='grc' dir='ltr'><strong>τὴν</strong></span> <span class='ocrx_word' id='word_1_30' title='bbox 1715 756 1938 823; x_wconf 74' lang='grc' dir='ltr'>μείζονα</span> 
     </span>
    </p>
   </div>
   <div class='ocr_carea' id='block_1_7' title="bbox 371 845 1939 918">
    <p class='ocr_par' dir='ltr' id='par_1_7' title="bbox 371 845 1939 918">
     <span class='ocr_line' id='line_1_7' title="bbox 371 845 1939 918; baseline -0.001 -21"><span class='ocrx_word' id='word_1_31' title='bbox 371 847 543 916; x_wconf 74' lang='grc' dir='ltr'>ἀρχὴν</span> <span class='ocrx_word' id='word_1_32' title='bbox 597 847 717 918; x_wconf 76' lang='grc' dir='ltr'>ἔχῃ,</span> <span class='ocrx_word' id='word_1_33' title='bbox 779 845 1221 915; x_wconf 78' lang='grc' dir='ltr'>κολασθήσεται’</span> <span class='ocrx_word' id='word_1_34' title='bbox 1290 846 1385 898; x_wconf 73' lang='grc' dir='ltr'><strong>καὶ</strong></span> <span class='ocrx_word' id='word_1_35' title='bbox 1447 845 1507 897; x_wconf 75' lang='grc' dir='ltr'>τὸ</span> <span class='ocrx_word' id='word_1_36' title='bbox 1561 845 1782 913; x_wconf 78' lang='grc' dir='ltr'>εὔλογον</span> <span class='ocrx_word' id='word_1_37' title='bbox 1841 845 1939 911; x_wconf 81' lang='grc' dir='ltr'><strong>τῆς</strong></span> 
     </span>
    </p>
   </div>
   <div class='ocr_carea' id='block_1_8' title="bbox 371 927 1938 1004">
    <p class='ocr_par' dir='ltr' id='par_1_8' title="bbox 371 927 1938 1004">
     <span class='ocr_line' id='line_1_8' title="bbox 371 927 1938 1004; baseline -0.003 -14"><span class='ocrx_word' id='word_1_38' title='bbox 371 938 548 998; x_wconf 79' lang='grc' dir='ltr'><strong>αἰτίας</strong></span> <span class='ocrx_word' id='word_1_39' title='bbox 577 937 678 989; x_wconf 84' lang='grc' dir='ltr'><strong>οὐκ</strong></span> <span class='ocrx_word' id='word_1_40' title='bbox 720 935 994 1004; x_wconf 77' lang='grc' dir='ltr'>ὠφελήσει</span> <span class='ocrx_word' id='word_1_41' title='bbox 1043 935 1225 988; x_wconf 85' lang='grc' dir='ltr'>αὐτόν.</span> <span class='ocrx_word' id='word_1_42' title='bbox 1294 935 1542 989; x_wconf 80' lang='grc' dir='ltr'>Ἀκούσει</span> <span class='ocrx_word' id='word_1_43' title='bbox 1577 927 1787 1004; x_wconf 75' lang='grc' dir='ltr'>γάρὼς</span> <span class='ocrx_word' id='word_1_44' title='bbox 1820 939 1938 998; x_wconf 79' lang='grc' dir='ltr'>ταῖς</span> 
     </span>
    </p>
   </div>
   <div class='ocr_carea' id='block_1_9' title="bbox 376 1025 1939 1096">
    <p class='ocr_par' dir='ltr' id='par_1_9' title="bbox 376 1025 1939 1096">
     <span class='ocr_line' id='line_1_9' title="bbox 376 1025 1939 1096; baseline 0 -20"><span class='ocrx_word' id='word_1_45' title='bbox 376 1025 622 1087; x_wconf 76' lang='grc' dir='ltr'>συνόδοις</span> <span class='ocrx_word' id='word_1_46' title='bbox 656 1028 749 1078; x_wconf 78' lang='grc' dir='ltr'><strong>καὶ</strong></span> <span class='ocrx_word' id='word_1_47' title='bbox 795 1025 988 1094; x_wconf 82' lang='grc' dir='ltr'><strong>μόναις</strong></span> <span class='ocrx_word' id='word_1_48' title='bbox 1035 1025 1258 1094; x_wconf 77' lang='grc' dir='ltr'>ἐνεδόθη</span> <span class='ocrx_word' id='word_1_49' title='bbox 1316 1027 1440 1086; x_wconf 80' lang='grc' dir='ltr'>τοὺς</span> <span class='ocrx_word' id='word_1_50' title='bbox 1472 1027 1750 1096; x_wconf 81' lang='grc' dir='ltr'><strong>ἀρχιερεῖς</strong></span> <span class='ocrx_word' id='word_1_51' title='bbox 1780 1025 1939 1077; x_wconf 75' lang='grc' dir='ltr'>κολά-</span> 
     </span>
    </p>
   </div>
   <div class='ocr_carea' id='block_1_10' title="bbox 370 1116 1938 1189">
    <p class='ocr_par' dir='ltr' id='par_1_10' title="bbox 370 1116 1938 1189">
     <span class='ocr_line' id='line_1_10' title="bbox 370 1116 1938 1189; baseline -0.003 -18"><span class='ocrx_word' id='word_1_52' title='bbox 370 1118 527 1184; x_wconf 79' lang='grc' dir='ltr'>ζεινο</span> <span class='ocrx_word' id='word_1_53' title='bbox 593 1121 688 1170; x_wconf 76' lang='grc' dir='ltr'><strong>καὶ</strong></span> <span class='ocrx_word' id='word_1_54' title='bbox 743 1117 941 1187; x_wconf 73' lang='grc' dir='ltr'>ὤφειλε</span> <span class='ocrx_word' id='word_1_55' title='bbox 1005 1117 1104 1189; x_wconf 81' lang='grc' dir='ltr'><strong>τὴν</strong></span> <span class='ocrx_word' id='word_1_56' title='bbox 1149 1117 1243 1170; x_wconf 81' lang='grc' dir='ltr'>τοῦ</span> <span class='ocrx_word' id='word_1_57' title='bbox 1292 1118 1594 1188; x_wconf 81' lang='grc' dir='ltr'><strong>ἀρχιερέως</strong></span> <span class='ocrx_word' id='word_1_58' title='bbox 1654 1116 1938 1184; x_wconf 76' lang='grc' dir='ltr'><strong>ἀνάκρισιν</strong></span> 
     </span>
    </p>
   </div>
   <div class='ocr_carea' id='block_1_11' title="bbox 371 1209 1940 1282">
    <p class='ocr_par' dir='ltr' id='par_1_11' title="bbox 371 1209 1940 1282">
     <span class='ocr_line' id='line_1_11' title="bbox 371 1209 1940 1282; baseline -0.002 -19"><span class='ocrx_word' id='word_1_59' title='bbox 371 1215 509 1280; x_wconf 68' lang='grc' dir='ltr'>πρὸς</span> <span class='ocrx_word' id='word_1_60' title='bbox 540 1213 638 1280; x_wconf 79' lang='grc' dir='ltr'><strong>τὴν</strong></span> <span class='ocrx_word' id='word_1_61' title='bbox 675 1214 982 1282; x_wconf 81' lang='grc' dir='ltr'>πρόσφορον</span> <span class='ocrx_word' id='word_1_62' title='bbox 1017 1211 1232 1265; x_wconf 83' lang='grc' dir='ltr'>σύνοδον</span> <span class='ocrx_word' id='word_1_63' title='bbox 1257 1211 1593 1272; x_wconf 85' lang='grc' dir='ltr'>ἀποστεῖλαι,</span> <span class='ocrx_word' id='word_1_64' title='bbox 1619 1210 1715 1262; x_wconf 76' lang='grc' dir='ltr'>καὶ</span> <span class='ocrx_word' id='word_1_65' title='bbox 1750 1209 1940 1261; x_wconf 72' lang='grc' dir='ltr'>ἑαυτὸν</span> 
     </span>
    </p>
   </div>
   <div class='ocr_carea' id='block_1_12' title="bbox 372 1302 1936 1373">
    <p class='ocr_par' dir='ltr' id='par_1_12' title="bbox 372 1302 1936 1373">
     <span class='ocr_line' id='line_1_12' title="bbox 372 1302 1936 1373; baseline -0.003 -16"><span class='ocrx_word' id='word_1_66' title='bbox 372 1305 703 1373; x_wconf 78' lang='grc' dir='ltr'><strong>διατηρῆσαι</strong></span> <span class='ocrx_word' id='word_1_67' title='bbox 729 1305 1001 1372; x_wconf 81' lang='grc' dir='ltr'>ἀμέτοχον</span> <span class='ocrx_word' id='word_1_68' title='bbox 1027 1305 1122 1373; x_wconf 83' lang='grc' dir='ltr'><strong>τῆς</strong></span> <span class='ocrx_word' id='word_1_69' title='bbox 1155 1302 1551 1372; x_wconf 74' lang='grc' dir='ltr'>ἀρχιερατικῆς</span> <span class='ocrx_word' id='word_1_70' title='bbox 1576 1303 1936 1372; x_wconf 66' lang='grc' dir='ltr'>ἀνακρίσεως.</span> 
     </span>
    </p>
   </div>
   <div class='ocr_carea' id='block_1_13' title="bbox 377 1393 1935 1467">
    <p class='ocr_par' dir='ltr' id='par_1_13' title="bbox 377 1393 1935 1467">
     <span class='ocr_line' id='line_1_13' title="bbox 377 1393 1935 1467; baseline -0.004 -17"><span class='ocrx_word' id='word_1_71' title='bbox 377 1397 684 1467; x_wconf 81' lang='grc' dir='ltr'>Προσετέθη</span> <span class='ocrx_word' id='word_1_72' title='bbox 716 1399 772 1448; x_wconf 81' lang='grc' dir='ltr'><strong>δὲ</strong></span> <span class='ocrx_word' id='word_1_73' title='bbox 827 1397 903 1465; x_wconf 82' lang='grc' dir='ltr'><strong>τῷ</strong></span> <span class='ocrx_word' id='word_1_74' title='bbox 947 1398 1134 1448; x_wconf 80' lang='grc' dir='ltr'>κανόνι</span> <span class='ocrx_word' id='word_1_75' title='bbox 1179 1397 1238 1448; x_wconf 80' lang='grc' dir='ltr'><strong>τὸ</strong></span> <span class='ocrx_word' id='word_1_76' title='bbox 1277 1398 1446 1466; x_wconf 74' lang='grc' dir='ltr'>χωρὶς</span> <span class='ocrx_word' id='word_1_77' title='bbox 1477 1395 1696 1462; x_wconf 81' lang='grc' dir='ltr'>εὐλόγου</span> <span class='ocrx_word' id='word_1_78' title='bbox 1738 1393 1935 1456; x_wconf 86' lang='grc' dir='ltr'>αἰτίας,</span> 
     </span>
    </p>
   </div>
   <div class='ocr_carea' id='block_1_14' title="bbox 375 1481 1938 1560">
    <p class='ocr_par' dir='ltr' id='par_1_14' title="bbox 375 1481 1938 1560">
     <span class='ocr_line' id='line_1_14' title="bbox 375 1481 1938 1560; baseline -0.003 -21"><span class='ocrx_word' id='word_1_79' title='bbox 375 1490 469 1541; x_wconf 70' lang='grc' dir='ltr'><strong>καὶ</strong></span> <span class='ocrx_word' id='word_1_80' title='bbox 499 1490 563 1560; x_wconf 73' lang='grc' dir='ltr'>τὰ</span> <span class='ocrx_word' id='word_1_81' title='bbox 594 1489 777 1552; x_wconf 67' lang='grc' dir='ltr'>λοιπὰ,</span> <span class='ocrx_word' id='word_1_82' title='bbox 809 1489 898 1541; x_wconf 80' lang='grc' dir='ltr'>διὰ</span> <span class='ocrx_word' id='word_1_83' title='bbox 930 1490 1022 1542; x_wconf 72' lang='grc' dir='ltr'><strong>τὸν</strong></span> <span class='ocrx_word' id='word_1_84' title='bbox 1054 1490 1526 1559; x_wconf 82' lang='grc' dir='ltr'>ἁναθεματισμόν.</span> <span class='ocrx_word' id='word_1_85' title='bbox 1565 1489 1698 1540; x_wconf 83' lang='grc' dir='ltr'>Οὐδὲ</span> <span class='ocrx_word' id='word_1_86' title='bbox 1729 1488 1839 1556; x_wconf 82' lang='grc' dir='ltr'>γὰρ</span> <span class='ocrx_word' id='word_1_87' title='bbox 1871 1481 1938 1554; x_wconf 79' lang='grc' dir='ltr'>ἦν</span> 
     </span>
    </p>
   </div>
   <div class='ocr_carea' id='block_1_15' title="bbox 373 1580 1938 1652">
    <p class='ocr_par' dir='ltr' id='par_1_15' title="bbox 373 1580 1938 1652">
     <span class='ocr_line' id='line_1_15' title="bbox 373 1580 1938 1652; baseline -0.002 -20"><span class='ocrx_word' id='word_1_88' title='bbox 373 1580 578 1634; x_wconf 84' lang='grc' dir='ltr'>δίκαιον</span> <span class='ocrx_word' id='word_1_89' title='bbox 605 1581 1109 1650; x_wconf 79' lang='grc' dir='ltr'>ἀναθεματισθῆναι</span> <span class='ocrx_word' id='word_1_90' title='bbox 1143 1581 1232 1633; x_wconf 77' lang='grc' dir='ltr'><strong>τὸν</strong></span> <span class='ocrx_word' id='word_1_91' title='bbox 1263 1581 1520 1652; x_wconf 84' lang='grc' dir='ltr'>ἄρχοντα,</span> <span class='ocrx_word' id='word_1_92' title='bbox 1546 1581 1634 1632; x_wconf 85' lang='grc' dir='ltr'><strong>τὸν</strong></span> <span class='ocrx_word' id='word_1_93' title='bbox 1671 1580 1938 1650; x_wconf 76' lang='grc' dir='ltr'>προφάσει</span> 
     </span>
    </p>
   </div>
   <div class='ocr_carea' id='block_1_16' title="bbox 374 1670 1940 1741">
    <p class='ocr_par' dir='ltr' id='par_1_16' title="bbox 374 1670 1940 1741">
     <span class='ocr_line' id='line_1_16' title="bbox 374 1670 1940 1741; baseline 0 -17"><span class='ocrx_word' id='word_1_94' title='bbox 374 1673 587 1735; x_wconf 76' lang='grc' dir='ltr'>δικαίας</span> <span class='ocrx_word' id='word_1_95' title='bbox 621 1674 801 1735; x_wconf 62' lang='grc' dir='ltr'>αἰτίας</span> <span class='ocrx_word' id='word_1_96' title='bbox 851 1672 1087 1724; x_wconf 79' lang='grc' dir='ltr'>τοιοῦτόν</span> <span class='ocrx_word' id='word_1_97' title='bbox 1133 1690 1185 1724; x_wconf 91' lang='grc' dir='ltr'><strong>τι</strong></span> <span class='ocrx_word' id='word_1_98' title='bbox 1229 1672 1557 1741; x_wconf 77' lang='grc' dir='ltr'>ὲφύϐριστον</span> <span class='ocrx_word' id='word_1_99' title='bbox 1600 1670 1940 1741; x_wconf 81' lang='grc' dir='ltr'>πεποιηκότα</span> 
     </span>
    </p>
   </div>
   <div class='ocr_carea' id='block_1_17' title="bbox 374 1753 1938 1834">
    <p class='ocr_par' dir='ltr' id='par_1_17' title="bbox 374 1753 1938 1834">
     <span class='ocr_line' id='line_1_17' title="bbox 374 1753 1938 1834; baseline -0.001 -18"><span class='ocrx_word' id='word_1_100' title='bbox 374 1765 509 1834; x_wconf 82' lang='grc' dir='ltr'>πρὸς</span> <span class='ocrx_word' id='word_1_101' title='bbox 573 1766 911 1830; x_wconf 73' lang='grc' dir='ltr'><strong>ἐπίσκοπον⁸</strong></span> <span class='ocrx_word' id='word_1_102' title='bbox 977 1763 1114 1816; x_wconf 83' lang='grc' dir='ltr'><strong>ἀλλά</strong></span> <span class='ocrx_word' id='word_1_103' title='bbox 1171 1763 1522 1834; x_wconf 78' lang='grc' dir='ltr'>ἀλλοτρόπως</span> <span class='ocrx_word' id='word_1_104' title='bbox 1581 1753 1938 1828; x_wconf 75' lang='grc' dir='ltr'>κολασθῆναι.</span> 
     </span>
    </p>
   </div>
   <div class='ocr_carea' id='block_1_18' title="bbox 380 1854 1940 1928">
    <p class='ocr_par' dir='ltr' id='par_1_18' title="bbox 380 1854 1940 1928">
     <span class='ocr_line' id='line_1_18' title="bbox 380 1854 1940 1928; baseline -0.001 -22"><span class='ocrx_word' id='word_1_105' title='bbox 380 1857 443 1906; x_wconf 83' lang='grc' dir='ltr'><strong>Γὸ</strong></span> <span class='ocrx_word' id='word_1_106' title='bbox 472 1857 718 1924; x_wconf 79' lang='grc' dir='ltr'>ἀνάθεμα</span> <span class='ocrx_word' id='word_1_107' title='bbox 762 1855 831 1928; x_wconf 27' lang='grc' dir='ltr'>δὲὶ</span> <span class='ocrx_word' id='word_1_108' title='bbox 865 1856 1142 1924; x_wconf 85' lang='grc' dir='ltr'>χωρισμός</span> <span class='ocrx_word' id='word_1_109' title='bbox 1195 1858 1309 1907; x_wconf 77' lang='grc' dir='ltr'>ἐστι</span> <span class='ocrx_word' id='word_1_110' title='bbox 1356 1856 1451 1907; x_wconf 83' lang='grc' dir='ltr'>τοῦ</span> <span class='ocrx_word' id='word_1_111' title='bbox 1509 1854 1668 1910; x_wconf 79' lang='grc' dir='ltr'>Θεοῦ.</span> <span class='ocrx_word' id='word_1_112' title='bbox 1714 1854 1799 1916; x_wconf 73' lang='grc' dir='ltr'>Ὠς</span> <span class='ocrx_word' id='word_1_113' title='bbox 1831 1855 1940 1924; x_wconf 76' lang='grc' dir='ltr'>γὰρ</span> 
     </span>
    </p>
   </div>
   <div class='ocr_carea' id='block_1_19' title="bbox 373 1949 1941 2020">
    <p class='ocr_par' dir='ltr' id='par_1_19' title="bbox 373 1949 1941 2020">
     <span class='ocr_line' id='line_1_19' title="bbox 373 1949 1941 2020; baseline -0.002 -19"><span class='ocrx_word' id='word_1_114' title='bbox 373 1952 438 2002; x_wconf 73' lang='grc' dir='ltr'><strong>τὰ</strong></span> <span class='ocrx_word' id='word_1_115' title='bbox 493 1950 884 2020; x_wconf 86' lang='grc' dir='ltr'>προσαγόμενα</span> <span class='ocrx_word' id='word_1_116' title='bbox 939 1949 1265 2020; x_wconf 81' lang='grc' dir='ltr'>ἀναθήματα</span> <span class='ocrx_word' id='word_1_117' title='bbox 1317 1950 1394 2019; x_wconf 85' lang='grc' dir='ltr'>τῷ</span> <span class='ocrx_word' id='word_1_118' title='bbox 1445 1949 1565 2018; x_wconf 82' lang='grc' dir='ltr'><strong>Θεῷ</strong></span> <span class='ocrx_word' id='word_1_119' title='bbox 1618 1950 1941 2019; x_wconf 77' lang='grc' dir='ltr'>χωρίζονται</span> 
     </span>
    </p>
   </div>
   <div class='ocr_carea' id='block_1_20' title="bbox 372 2041 1936 2113">
    <p class='ocr_par' dir='ltr' id='par_1_20' title="bbox 372 2041 1936 2113">
     <span class='ocr_line' id='line_1_20' title="bbox 372 2041 1936 2113; baseline -0.001 -20"><span class='ocrx_word' id='word_1_120' title='bbox 372 2041 480 2094; x_wconf 75' lang='grc' dir='ltr'>ἀπὸ</span> <span class='ocrx_word' id='word_1_121' title='bbox 523 2042 626 2108; x_wconf 76' lang='grc' dir='ltr'><strong>τῶν</strong></span> <span class='ocrx_word' id='word_1_122' title='bbox 657 2043 850 2093; x_wconf 76' lang='grc' dir='ltr'>κοινῶν</span> <span class='ocrx_word' id='word_1_123' title='bbox 885 2058 943 2092; x_wconf 90' lang='grc' dir='ltr'><strong>τε</strong></span> <span class='ocrx_word' id='word_1_124' title='bbox 990 2043 1086 2092; x_wconf 72' lang='grc' dir='ltr'><strong>καὶ</strong></span> <span class='ocrx_word' id='word_1_125' title='bbox 1139 2041 1498 2110; x_wconf 81' lang='grc' dir='ltr'>ἀνθρωπίνων</span> <span class='ocrx_word' id='word_1_126' title='bbox 1553 2043 1895 2113; x_wconf 73' lang='grc' dir='ltr'>πραγμάτων</span> <span class='ocrx_word' id='word_1_127' title='bbox 1923 2057 1936 2070; x_wconf 88' lang='grc'><strong>·</strong></span> 
     </span>
    </p>
   </div>
   <div class='ocr_carea' id='block_1_21' title="bbox 373 2115 1943 2202">
    <p class='ocr_par' dir='ltr' id='par_1_21' title="bbox 373 2131 1943 2202">
     <span class='ocr_line' id='line_1_21' title="bbox 373 2131 1943 2202; baseline 0.002 -20"><span class='ocrx_word' id='word_1_128' title='bbox 373 2133 516 2183; x_wconf 73' lang='grc' dir='ltr'>οὕτω</span> <span class='ocrx_word' id='word_1_129' title='bbox 547 2132 640 2184; x_wconf 74' lang='grc' dir='ltr'><strong>καὶ</strong></span> <span class='ocrx_word' id='word_1_130' title='bbox 664 2135 687 2183; x_wconf 88' lang='grc' dir='ltr'>ὁ</span> <span class='ocrx_word' id='word_1_131' title='bbox 715 2131 964 2200; x_wconf 81' lang='grc' dir='ltr'>ἀνάθεμα</span> <span class='ocrx_word' id='word_1_132' title='bbox 996 2135 1291 2202; x_wconf 85' lang='grc' dir='ltr'>γενόμενος</span> <span class='ocrx_word' id='word_1_133' title='bbox 1320 2135 1650 2187; x_wconf 81' lang='grc' dir='ltr'>ἐκκόπτεται</span> <span class='ocrx_word' id='word_1_134' title='bbox 1679 2135 1774 2187; x_wconf 79' lang='grc' dir='ltr'><strong>καὶ</strong></span> <span class='ocrx_word' id='word_1_135' title='bbox 1806 2136 1943 2186; x_wconf 86' lang='grc' dir='ltr'>διαι-</span> 
     </span>
    </p>
   </div>
   <div class='ocr_carea' id='block_1_22' title="bbox 378 2223 1943 2294">
    <p class='ocr_par' dir='ltr' id='par_1_22' title="bbox 378 2223 1943 2294">
     <span class='ocr_line' id='line_1_22' title="bbox 378 2223 1943 2294; baseline 0.003 -20"><span class='ocrx_word' id='word_1_136' title='bbox 378 2225 554 2292; x_wconf 82' lang='grc' dir='ltr'>ρεῖται</span> <span class='ocrx_word' id='word_1_137' title='bbox 585 2223 696 2275; x_wconf 81' lang='grc' dir='ltr'><strong>ἀπὸ</strong></span> <span class='ocrx_word' id='word_1_138' title='bbox 732 2225 828 2294; x_wconf 79' lang='grc' dir='ltr'><strong>τῆς</strong></span> <span class='ocrx_word' id='word_1_139' title='bbox 865 2223 974 2275; x_wconf 82' lang='grc' dir='ltr'>τῶν</span> <span class='ocrx_word' id='word_1_140' title='bbox 1015 2224 1222 2276; x_wconf 84' lang='grc' dir='ltr'>πιστῶν</span> <span class='ocrx_word' id='word_1_141' title='bbox 1256 2225 1579 2294; x_wconf 84' lang='grc' dir='ltr'>ὁμηγύρεως</span> <span class='ocrx_word' id='word_1_142' title='bbox 1615 2225 1723 2277; x_wconf 80' lang='grc' dir='ltr'>τῶν</span> <span class='ocrx_word' id='word_1_143' title='bbox 1754 2229 1943 2278; x_wconf 88' lang='grc' dir='ltr'>ἀνατε-</span> 
     </span>
    </p>
   </div>
   <div class='ocr_carea' id='block_1_23' title="bbox 377 2315 1941 2388">
    <p class='ocr_par' dir='ltr' id='par_1_23' title="bbox 377 2315 1941 2388">
     <span class='ocr_line' id='line_1_23' title="bbox 377 2315 1941 2388; baseline 0.003 -21"><span class='ocrx_word' id='word_1_144' title='bbox 377 2315 644 2383; x_wconf 84' lang='grc' dir='ltr'>υειμένων</span> <span class='ocrx_word' id='word_1_145' title='bbox 677 2317 770 2367; x_wconf 72' lang='grc' dir='ltr'>καὶ</span> <span class='ocrx_word' id='word_1_146' title='bbox 803 2316 1202 2385; x_wconf 82' lang='grc' dir='ltr'>ἀφωρισμένων</span> <span class='ocrx_word' id='word_1_147' title='bbox 1231 2317 1310 2385; x_wconf 79' lang='grc' dir='ltr'>τῷ</span> <span class='ocrx_word' id='word_1_148' title='bbox 1341 2317 1480 2388; x_wconf 83' lang='grc' dir='ltr'>Θεῷ,</span> <span class='ocrx_word' id='word_1_149' title='bbox 1525 2318 1620 2369; x_wconf 75' lang='grc' dir='ltr'><strong>καὶ</strong></span> <span class='ocrx_word' id='word_1_150' title='bbox 1659 2319 1753 2372; x_wconf 87' lang='grc' dir='ltr'>ἀπ’</span> <span class='ocrx_word' id='word_1_151' title='bbox 1777 2319 1941 2374; x_wconf 77' lang='grc' dir='ltr'>αὐτοῦ</span> 
     </span>
    </p>
   </div>
   <div class='ocr_carea' id='block_1_24' title="bbox 384 2399 1941 2481">
    <p class='ocr_par' dir='ltr' id='par_1_24' title="bbox 384 2399 1941 2481">
     <span class='ocr_line' id='line_1_24' title="bbox 384 2399 1941 2481; baseline 0.004 -25"><span class='ocrx_word' id='word_1_152' title='bbox 384 2407 469 2457; x_wconf 74' lang='grc' dir='ltr'>τοῦ</span> <span class='ocrx_word' id='word_1_153' title='bbox 496 2405 652 2468; x_wconf 82' lang='grc' dir='ltr'>Θεοῦ,</span> <span class='ocrx_word' id='word_1_154' title='bbox 682 2406 779 2458; x_wconf 67' lang='grc' dir='ltr'><strong>καὶ</strong></span> <span class='ocrx_word' id='word_1_155' title='bbox 829 2406 1241 2476; x_wconf 77' lang='grc' dir='ltr'>προσκυροῦται</span> <span class='ocrx_word' id='word_1_156' title='bbox 1297 2407 1373 2478; x_wconf 83' lang='grc' dir='ltr'><strong>τῷ</strong></span> <span class='ocrx_word' id='word_1_157' title='bbox 1406 2399 1642 2481; x_wconf 71' lang='grc' dir='ltr'>Σατανᾷ,</span> <span class='ocrx_word' id='word_1_158' title='bbox 1674 2410 1817 2462; x_wconf 84' lang='grc' dir='ltr'><strong>κατά</strong></span> <span class='ocrx_word' id='word_1_159' title='bbox 1852 2412 1941 2461; x_wconf 76' lang='grc' dir='ltr'>τὸν</span> 
     </span>
    </p>
   </div>
   <div class='ocr_carea' id='block_1_25' title="bbox 379 2498 1944 2572">
    <p class='ocr_par' dir='ltr' id='par_1_25' title="bbox 379 2498 1944 2572">
     <span class='ocr_line' id='line_1_25' title="bbox 379 2498 1944 2572; baseline 0.004 -24"><span class='ocrx_word' id='word_1_160' title='bbox 379 2501 554 2565; x_wconf 81' lang='grc' dir='ltr'>μέγαν</span> <span class='ocrx_word' id='word_1_161' title='bbox 592 2498 801 2551; x_wconf 77' lang='grc' dir='ltr'>Παῦλον</span> <span class='ocrx_word' id='word_1_162' title='bbox 850 2498 1140 2568; x_wconf 70' lang='grc' dir='ltr'>γράψαντα</span> <span class='ocrx_word' id='word_1_163' title='bbox 1193 2500 1504 2567; x_wconf 79' lang='grc' dir='ltr'>Κορινθίοις</span> <span class='ocrx_word' id='word_1_164' title='bbox 1553 2503 1677 2572; x_wconf 79' lang='grc' dir='ltr'>περὶ</span> <span class='ocrx_word' id='word_1_165' title='bbox 1721 2502 1816 2555; x_wconf 78' lang='grc' dir='ltr'>τοῦ</span> <span class='ocrx_word' id='word_1_166' title='bbox 1851 2520 1944 2555; x_wconf 90' lang='grc' dir='ltr'>πε-</span> 
     </span>
    </p>
   </div>
   <div class='ocr_carea' id='block_1_26' title="bbox 376 2591 1943 2664">
    <p class='ocr_par' dir='ltr' id='par_1_26' title="bbox 376 2591 1943 2664">
     <span class='ocr_line' id='line_1_26' title="bbox 376 2591 1943 2664; baseline 0.004 -21"><span class='ocrx_word' id='word_1_167' title='bbox 376 2594 738 2662; x_wconf 82' lang='grc' dir='ltr'>πορνευκότος</span> <span class='ocrx_word' id='word_1_168' title='bbox 762 2594 840 2650; x_wconf 79' lang='grc' dir='ltr'>εἰς</span> <span class='ocrx_word' id='word_1_169' title='bbox 863 2591 959 2662; x_wconf 83' lang='grc' dir='ltr'><strong>τὴν</strong></span> <span class='ocrx_word' id='word_1_170' title='bbox 985 2592 1180 2644; x_wconf 79' lang='grc' dir='ltr'>ἑαυτοῦ</span> <span class='ocrx_word' id='word_1_171' title='bbox 1215 2595 1489 2664; x_wconf 81' lang='grc' dir='ltr'>μητρυιὰν</span> <span class='ocrx_word' id='word_1_172' title='bbox 1511 2596 1615 2660; x_wconf 82' lang='grc' dir='ltr'>ὅτι,</span> <span class='ocrx_word' id='word_1_173' title='bbox 1643 2596 1943 2662; x_wconf 83' lang='grc' dir='ltr'>Παράδοτε</span> 
     </span>
    </p>
   </div>
   <div class='ocr_carea' id='block_1_27' title="bbox 375 2683 1943 2759">
    <p class='ocr_par' dir='ltr' id='par_1_27' title="bbox 375 2683 1943 2759">
     <span class='ocr_line' id='line_1_27' title="bbox 375 2683 1943 2759; baseline 0.003 -22"><span class='ocrx_word' id='word_1_174' title='bbox 375 2683 562 2737; x_wconf 78' lang='grc' dir='ltr'>αὑτὸν</span> <span class='ocrx_word' id='word_1_175' title='bbox 598 2683 676 2749; x_wconf 81' lang='grc' dir='ltr'>τῷ</span> <span class='ocrx_word' id='word_1_176' title='bbox 707 2683 944 2749; x_wconf 78' lang='grc' dir='ltr'>Σατανᾴ</span> <span class='ocrx_word' id='word_1_177' title='bbox 970 2701 982 2713; x_wconf 91' lang='grc'><strong>·</strong></span> <span class='ocrx_word' id='word_1_178' title='bbox 1008 2685 1100 2738; x_wconf 77' lang='grc' dir='ltr'>καὶ</span> <span class='ocrx_word' id='word_1_179' title='bbox 1126 2685 1507 2740; x_wconf 82' lang='grc' dir='ltr'>ἐπιστείλαντα</span> <span class='ocrx_word' id='word_1_180' title='bbox 1531 2688 1782 2759; x_wconf 81' lang='grc' dir='ltr'>Τιμοθέῳ</span> <span class='ocrx_word' id='word_1_181' title='bbox 1815 2691 1943 2759; x_wconf 76' lang='grc' dir='ltr'>περὶ</span> 
     </span>
    </p>
   </div>
   <div class='ocr_carea' id='block_1_28' title="bbox 385 2775 1945 2849">
    <p class='ocr_par' dir='ltr' id='par_1_28' title="bbox 385 2775 1945 2849">
     <span class='ocr_line' id='line_1_28' title="bbox 385 2775 1945 2849; baseline 0.004 -23"><span class='ocrx_word' id='word_1_182' title='bbox 385 2775 692 2847; x_wconf 81' lang='grc' dir='ltr'>’Υμηναίου</span> <span class='ocrx_word' id='word_1_183' title='bbox 754 2778 850 2830; x_wconf 75' lang='grc' dir='ltr'><strong>καὶ</strong></span> <span class='ocrx_word' id='word_1_184' title='bbox 921 2777 1292 2849; x_wconf 82' lang='grc' dir='ltr'>Ἀλεξάνδρου,</span> <span class='ocrx_word' id='word_1_185' title='bbox 1323 2779 1440 2845; x_wconf 79' lang='grc' dir='ltr'><strong>Οὓς</strong></span> <span class='ocrx_word' id='word_1_186' title='bbox 1496 2779 1811 2847; x_wconf 77' lang='grc' dir='ltr'>παρέδωκα</span> <span class='ocrx_word' id='word_1_187' title='bbox 1865 2779 1945 2845; x_wconf 79' lang='grc' dir='ltr'>τῷ</span> 
     </span>
    </p>
   </div>
   <div class='ocr_carea' id='block_1_29' title="bbox 377 2867 1944 2940">
    <p class='ocr_par' dir='ltr' id='par_1_29' title="bbox 377 2867 1944 2940">
     <span class='ocr_line' id='line_1_29' title="bbox 377 2867 1944 2940; baseline 0.004 -22"><span class='ocrx_word' id='word_1_188' title='bbox 377 2867 632 2933; x_wconf 74' lang='grc' dir='ltr'>Σατανᾷ,</span> <span class='ocrx_word' id='word_1_189' title='bbox 661 2871 759 2922; x_wconf 78' lang='grc' dir='ltr'><strong>ἵνα</strong></span> <span class='ocrx_word' id='word_1_190' title='bbox 779 2870 863 2938; x_wconf 76' lang='grc' dir='ltr'>μὴ</span> <span class='ocrx_word' id='word_1_191' title='bbox 893 2872 1291 2940; x_wconf 64' lang='grc' dir='ltr'>βλασφημεῖν</span> <span class='ocrx_word' id='word_1_192' title='bbox 1319 2870 1748 2927; x_wconf 73' lang='grc' dir='ltr'>παιδευθῶσιν.</span> <span class='ocrx_word' id='word_1_193' title='bbox 1785 2873 1846 2924; x_wconf 83' lang='grc' dir='ltr'><strong>ΕΞ</strong></span> <span class='ocrx_word' id='word_1_194' title='bbox 1887 2873 1944 2925; x_wconf 81' lang='grc' dir='ltr'>δὲ</span> 
     </span>
    </p>
   </div>
   <div class='ocr_carea' id='block_1_30' title="bbox 381 2961 1942 3036">
    <p class='ocr_par' dir='ltr' id='par_1_30' title="bbox 381 2961 1942 3036">
     <span class='ocr_line' id='line_1_30' title="bbox 381 2961 1942 3036; baseline 0.004 -24"><span class='ocrx_word' id='word_1_195' title='bbox 381 2961 546 3014; x_wconf 80' lang='grc' dir='ltr'>ταῦτα</span> <span class='ocrx_word' id='word_1_196' title='bbox 577 2961 754 3026; x_wconf 79' lang='grc' dir='ltr'>οὕτως</span> <span class='ocrx_word' id='word_1_197' title='bbox 787 2964 922 3032; x_wconf 75' lang='grc' dir='ltr'>ἔχει,</span> <span class='ocrx_word' id='word_1_198' title='bbox 961 2963 1141 3034; x_wconf 84' lang='grc' dir='ltr'>πολλῷ</span> <span class='ocrx_word' id='word_1_199' title='bbox 1172 2982 1235 3034; x_wconf 85' lang='grc' dir='ltr'><strong>γε</strong></span> <span class='ocrx_word' id='word_1_200' title='bbox 1272 2966 1476 3036; x_wconf 81' lang='grc' dir='ltr'>μᾶλλον</span> <span class='ocrx_word' id='word_1_201' title='bbox 1504 2968 1531 3019; x_wconf 86' lang='grc' dir='ltr'>ὁ</span> <span class='ocrx_word' id='word_1_202' title='bbox 1565 2967 1670 3018; x_wconf 76' lang='grc' dir='ltr'>ὑπὸ</span> <span class='ocrx_word' id='word_1_203' title='bbox 1698 2966 1942 3036; x_wconf 79' lang='grc' dir='ltr'>ἀνάθεμα</span> 
     </span>
    </p>
   </div>
   <div class='ocr_carea' id='block_1_31' title="bbox 384 3055 1940 3130">
    <p class='ocr_par' dir='ltr' id='par_1_31' title="bbox 384 3055 1940 3130">
     <span class='ocr_line' id='line_1_31' title="bbox 384 3055 1940 3130; baseline 0.004 -24"><span class='ocrx_word' id='word_1_204' title='bbox 384 3055 632 3122; x_wconf 71' lang='grc' dir='ltr'>γεγονὼς,</span> <span class='ocrx_word' id='word_1_205' title='bbox 662 3057 1045 3112; x_wconf 87' lang='grc' dir='ltr'>ἀποδιίσταται</span> <span class='ocrx_word' id='word_1_206' title='bbox 1077 3059 1174 3130; x_wconf 82' lang='grc' dir='ltr'><strong>μὲν</strong></span> <span class='ocrx_word' id='word_1_207' title='bbox 1191 3059 1288 3112; x_wconf 81' lang='grc' dir='ltr'>τοῦ</span> <span class='ocrx_word' id='word_1_208' title='bbox 1318 3059 1474 3124; x_wconf 83' lang='grc' dir='ltr'>Θεοῦ,</span> <span class='ocrx_word' id='word_1_209' title='bbox 1502 3060 1861 3130; x_wconf 82' lang='grc' dir='ltr'>προσενοῦται</span> <span class='ocrx_word' id='word_1_210' title='bbox 1884 3061 1940 3112; x_wconf 86' lang='grc' dir='ltr'>δὲ</span> 
     </span>
    </p>
   </div>
   <div class='ocr_carea' id='block_1_32' title="bbox 375 3148 1931 3224">
    <p class='ocr_par' dir='ltr' id='par_1_32' title="bbox 375 3148 1931 3224">
     <span class='ocr_line' id='line_1_32' title="bbox 375 3148 1931 3224; baseline 0.005 -26"><span class='ocrx_word' id='word_1_211' title='bbox 375 3148 471 3200; x_wconf 74' lang='grc' dir='ltr'>καὶ</span> <span class='ocrx_word' id='word_1_212' title='bbox 501 3149 912 3218; x_wconf 74' lang='grc' dir='ltr'>προσκυροῦται</span> <span class='ocrx_word' id='word_1_213' title='bbox 942 3149 1019 3221; x_wconf 82' lang='grc' dir='ltr'>τῷ</span> <span class='ocrx_word' id='word_1_214' title='bbox 1053 3153 1292 3223; x_wconf 81' lang='grc' dir='ltr'>Σατανᾷ,</span> <span class='ocrx_word' id='word_1_215' title='bbox 1321 3154 1417 3205; x_wconf 79' lang='grc' dir='ltr'>καὶ</span> <span class='ocrx_word' id='word_1_216' title='bbox 1450 3153 1698 3224; x_wconf 84' lang='grc' dir='ltr'>ἀνάθεμα</span> <span class='ocrx_word' id='word_1_217' title='bbox 1720 3153 1931 3206; x_wconf 80' lang='grc' dir='ltr'>ἐκείνου</span> 
     </span>
    </p>
   </div>
   <div class='ocr_carea' id='block_1_33' title="bbox 376 3239 1938 3318">
    <p class='ocr_par' dir='ltr' id='par_1_33' title="bbox 376 3239 1938 3318">
     <span class='ocr_line' id='line_1_33' title="bbox 376 3239 1938 3318; baseline 0.006 -28"><span class='ocrx_word' id='word_1_218' title='bbox 376 3239 533 3302; x_wconf 78' lang='grc' dir='ltr'>αὐτὸς</span> <span class='ocrx_word' id='word_1_219' title='bbox 575 3241 768 3294; x_wconf 75' lang='grc' dir='ltr'>ἑαυτὸν</span> <span class='ocrx_word' id='word_1_220' title='bbox 817 3246 983 3297; x_wconf 82' lang='grc' dir='ltr'>ποιεῖ.</span> <span class='ocrx_word' id='word_1_221' title='bbox 1031 3244 1227 3308; x_wconf 82' lang='grc' dir='ltr'>Καλῶς</span> <span class='ocrx_word' id='word_1_222' title='bbox 1258 3245 1315 3297; x_wconf 80' lang='grc' dir='ltr'>δὲ</span> <span class='ocrx_word' id='word_1_223' title='bbox 1359 3245 1609 3318; x_wconf 78' lang='grc' dir='ltr'>ἐμνήσθη</span> <span class='ocrx_word' id='word_1_224' title='bbox 1675 3249 1702 3298; x_wconf 90' lang='grc' dir='ltr'><strong>ὁ</strong></span> <span class='ocrx_word' id='word_1_225' title='bbox 1759 3247 1938 3300; x_wconf 85' lang='grc' dir='ltr'>κανὼν</span> 
     </span>
    </p>
   </div>
   <div class='ocr_carea' id='block_1_34' title="bbox 375 3331 1935 3411">
    <p class='ocr_par' dir='ltr' id='par_1_34' title="bbox 375 3331 1935 3411">
     <span class='ocr_line' id='line_1_34' title="bbox 375 3331 1935 3411; baseline 0.007 -30"><span class='ocrx_word' id='word_1_226' title='bbox 375 3331 660 3395; x_wconf 81' lang='grc' dir='ltr'>αὐθεντίας</span> <span class='ocrx_word' id='word_1_227' title='bbox 681 3335 1026 3406; x_wconf 84' lang='grc' dir='ltr'>ἀρχοντικῆς.</span> <span class='ocrx_word' id='word_1_228' title='bbox 1066 3338 1124 3389; x_wconf 88' lang='lat'><strong>&#39;0</strong></span> <span class='ocrx_word' id='word_1_229' title='bbox 1150 3337 1256 3407; x_wconf 88' lang='grc' dir='ltr'><strong>γάρ</strong></span> <span class='ocrx_word' id='word_1_230' title='bbox 1281 3338 1356 3408; x_wconf 85' lang='grc' dir='ltr'><strong>μὴ</strong></span> <span class='ocrx_word' id='word_1_231' title='bbox 1390 3339 1658 3409; x_wconf 79' lang='grc' dir='ltr'>προφάσει</span> <span class='ocrx_word' id='word_1_232' title='bbox 1691 3340 1935 3411; x_wconf 84' lang='grc' dir='ltr'>τοιαύτῃ,</span> 
     </span>
    </p>
   </div>
   <div class='ocr_carea' id='block_1_35' title="bbox 375 3423 1936 3501">
    <p class='ocr_par' dir='ltr' id='par_1_35' title="bbox 375 3423 1936 3501">
     <span class='ocr_line' id='line_1_35' title="bbox 375 3423 1936 3501; baseline 0.007 -27"><span class='ocrx_word' id='word_1_233' title='bbox 375 3423 506 3476; x_wconf 74' lang='grc' dir='ltr'>ἀλλὰ</span> <span class='ocrx_word' id='word_1_234' title='bbox 538 3423 887 3495; x_wconf 73' lang='grc' dir='ltr'>ἰδιορρύθμου</span> <span class='ocrx_word' id='word_1_235' title='bbox 915 3428 1116 3490; x_wconf 86' lang='grc' dir='ltr'>κακίας</span> <span class='ocrx_word' id='word_1_236' title='bbox 1160 3429 1400 3482; x_wconf 83' lang='grc' dir='ltr'>τοιοῦτόν</span> <span class='ocrx_word' id='word_1_237' title='bbox 1421 3448 1474 3482; x_wconf 91' lang='grc' dir='ltr'><strong>τι</strong></span> <span class='ocrx_word' id='word_1_238' title='bbox 1504 3431 1805 3501; x_wconf 80' lang='grc' dir='ltr'>τολμήσας,</span> <span class='ocrx_word' id='word_1_239' title='bbox 1834 3432 1936 3485; x_wconf 79' lang='grc' dir='ltr'><strong>κᾶν</strong></span> 
     </span>
    </p>
   </div>
   <div class='ocr_carea' id='block_1_36' title="bbox 374 3515 1938 3595">
    <p class='ocr_par' dir='ltr' id='par_1_36' title="bbox 374 3515 1938 3595">
     <span class='ocr_line' id='line_1_36' title="bbox 374 3515 1938 3595; baseline 0.006 -29"><span class='ocrx_word' id='word_1_240' title='bbox 374 3515 432 3579; x_wconf 76' lang='grc' dir='ltr'><strong>ἐξ</strong></span> <span class='ocrx_word' id='word_1_241' title='bbox 458 3516 678 3583; x_wconf 79' lang='grc' dir='ltr'>εὐλόγου</span> <span class='ocrx_word' id='word_1_242' title='bbox 715 3518 907 3581; x_wconf 75' lang='grc' dir='ltr'><strong>αἰτίας¹</strong></span> <span class='ocrx_word' id='word_1_243' title='bbox 933 3520 1093 3571; x_wconf 81' lang='grc' dir='ltr'>τοῦτο</span> <span class='ocrx_word' id='word_1_244' title='bbox 1115 3522 1342 3592; x_wconf 73' lang='grc' dir='ltr'>ποιήσῃ,</span> <span class='ocrx_word' id='word_1_245' title='bbox 1385 3521 1647 3591; x_wconf 75' lang='grc' dir='ltr'>μειζόνως</span> <span class='ocrx_word' id='word_1_246' title='bbox 1671 3523 1938 3595; x_wconf 73' lang='grc' dir='ltr'>κολασθή-</span> 
     </span>
    </p>
   </div>
   <div class='ocr_carea' id='block_1_37' title="bbox 374 3607 1305 3680">
    <p class='ocr_par' dir='ltr' id='par_1_37' title="bbox 374 3607 1305 3680">
     <span class='ocr_line' id='line_1_37' title="bbox 374 3607 1305 3680; baseline 0.009 -22"><span class='ocrx_word' id='word_1_247' title='bbox 374 3624 522 3659; x_wconf 81' lang='grc' dir='ltr'>σεται</span> <span class='ocrx_word' id='word_1_248' title='bbox 557 3608 643 3660; x_wconf 84' lang='grc' dir='ltr'><strong>διά</strong></span> <span class='ocrx_word' id='word_1_249' title='bbox 676 3607 775 3680; x_wconf 81' lang='grc' dir='ltr'><strong>τὴν</strong></span> <span class='ocrx_word' id='word_1_250' title='bbox 802 3609 978 3679; x_wconf 82' lang='grc' dir='ltr'>ἄκραν</span> <span class='ocrx_word' id='word_1_251' title='bbox 1009 3611 1305 3666; x_wconf 82' lang='grc' dir='ltr'>ἀναίδειαν.</span> 
     </span>
    </p>
   </div>
   <div class='ocr_carea' id='block_1_38' title="bbox 444 3790 1930 3862">
    <p class='ocr_par' dir='ltr' id='par_1_38' title="bbox 444 3790 1930 3862">
     <span class='ocr_line' id='line_1_38' title="bbox 444 3790 1930 3862; baseline 0.004 -19"><span class='ocrx_word' id='word_1_252' title='bbox 444 3793 692 3846; x_wconf 76' lang='grc' dir='ltr'><strong>ΖΩΝΑΡ.</strong></span> <span class='ocrx_word' id='word_1_253' title='bbox 747 3791 1013 3845; x_wconf 78' lang='grc' dir='ltr'>Οὐδέποτε</span> <span class='ocrx_word' id='word_1_254' title='bbox 1069 3790 1146 3862; x_wconf 86' lang='grc' dir='ltr'>τῷ</span> <span class='ocrx_word' id='word_1_255' title='bbox 1198 3791 1298 3862; x_wconf 86' lang='grc' dir='ltr'><strong>βίῳ</strong></span> <span class='ocrx_word' id='word_1_256' title='bbox 1347 3793 1592 3847; x_wconf 78' lang='grc' dir='ltr'>ἐνέλιπον</span> <span class='ocrx_word' id='word_1_257' title='bbox 1633 3795 1700 3848; x_wconf 74' lang='grc' dir='ltr'>τὰ</span> <span class='ocrx_word' id='word_1_258' title='bbox 1763 3797 1930 3850; x_wconf 74' lang='grc' dir='ltr'>κακά.</span> 
     </span>
    </p>
   </div>
   <div class='ocr_carea' id='block_1_39' title="bbox 384 3882 1976 3958">
    <p class='ocr_par' dir='ltr' id='par_1_39' title="bbox 384 3882 1976 3958">
     <span class='ocr_line' id='line_1_39' title="bbox 384 3882 1976 3958; baseline 0.011 -32"><span class='ocrx_word' id='word_1_259' title='bbox 384 3883 613 3954; x_wconf 76' lang='grc' dir='ltr'>Ἀληοὴς</span> <span class='ocrx_word' id='word_1_260' title='bbox 643 3882 687 3936; x_wconf 81' lang='grc' dir='ltr'>δ’</span> <span class='ocrx_word' id='word_1_261' title='bbox 718 3883 826 3954; x_wconf 78' lang='grc' dir='ltr'><strong>ἀρα</strong></span> <span class='ocrx_word' id='word_1_262' title='bbox 855 3884 949 3942; x_wconf 76' lang='grc' dir='ltr'>καὶ</span> <span class='ocrx_word' id='word_1_263' title='bbox 983 3884 1232 3954; x_wconf 72' lang='grc' dir='ltr'>ἀσφαλὴς</span> <span class='ocrx_word' id='word_1_264' title='bbox 1255 3887 1288 3954; x_wconf 82' lang='grc' dir='ltr'><strong>ἠ</strong></span> <span class='ocrx_word' id='word_1_265' title='bbox 1316 3885 1409 3937; x_wconf 78' lang='grc' dir='ltr'>τοῦ</span> <span class='ocrx_word' id='word_1_266' title='bbox 1442 3886 1606 3954; x_wconf 83' lang='grc' dir='ltr'>σοφοῦ</span> <span class='ocrx_word' id='word_1_267' title='bbox 1643 3885 1858 3956; x_wconf 83' lang='grc' dir='ltr'>γνώμη,</span> <span class='ocrx_word' id='word_1_268' title='bbox 1899 3890 1932 3958; x_wconf 85' lang='grc' dir='ltr'><strong>ἠ</strong></span> <span class='ocrx_word' id='word_1_269' title='bbox 1971 3949 1976 3952; x_wconf 93' lang='lat'>_</span> 
     </span>
    </p>
   </div>
   <div class='ocr_carea' id='block_1_40' title="bbox 374 3975 1932 4050">
    <p class='ocr_par' dir='ltr' id='par_1_40' title="bbox 374 3975 1932 4050">
     <span class='ocr_line' id='line_1_40' title="bbox 374 3975 1932 4050; baseline 0.004 -24"><span class='ocrx_word' id='word_1_270' title='bbox 374 3980 494 4035; x_wconf 74' lang='grc' dir='ltr'>τοὺς</span> <span class='ocrx_word' id='word_1_271' title='bbox 530 3977 779 4039; x_wconf 77' lang='grc' dir='ltr'>πλείονας</span> <span class='ocrx_word' id='word_1_272' title='bbox 805 3976 1202 4045; x_wconf 78' lang='grc' dir='ltr'>ἀποφηναμένη</span> <span class='ocrx_word' id='word_1_273' title='bbox 1246 3977 1472 4040; x_wconf 82' lang='grc' dir='ltr'>κακούς.</span> <span class='ocrx_word' id='word_1_274' title='bbox 1520 3975 1659 4030; x_wconf 80' lang='grc' dir='ltr'>Ἰδοὺ</span> <span class='ocrx_word' id='word_1_275' title='bbox 1694 3981 1804 4050; x_wconf 75' lang='grc' dir='ltr'>γὰρ</span> <span class='ocrx_word' id='word_1_276' title='bbox 1839 3983 1932 4032; x_wconf 75' lang='grc' dir='ltr'>καὶ</span> 
     </span>
    </p>
   </div>
   <div class='ocr_carea' id='block_1_41' title="bbox 356 4065 1933 4148">
    <p class='ocr_par' dir='ltr' id='par_1_41' title="bbox 356 4065 1933 4148">
     <span class='ocr_line' id='line_1_41' title="bbox 356 4065 1933 4148; baseline -0.004 -29"><span class='ocrx_word' id='word_1_277' title='bbox 356 4066 540 4148; x_wconf 49' lang='grc' dir='ltr'>,παλαι</span> <span class='ocrx_word' id='word_1_278' title='bbox 606 4068 752 4137; x_wconf 77' lang='grc' dir='ltr'><strong>παρά</strong></span> <span class='ocrx_word' id='word_1_279' title='bbox 831 4065 1033 4119; x_wconf 83' lang='grc' dir='ltr'>λαῖκῶν</span> <span class='ocrx_word' id='word_1_280' title='bbox 1101 4068 1395 4135; x_wconf 80' lang='grc' dir='ltr'>ἐτύπτοντο</span> <span class='ocrx_word' id='word_1_281' title='bbox 1474 4069 1774 4138; x_wconf 76' lang='grc' dir='ltr'>ἀρχιερεῖς,</span> <span class='ocrx_word' id='word_1_282' title='bbox 1840 4071 1933 4122; x_wconf 70' lang='grc' dir='ltr'>καὶ</span> 
     </span>
    </p>
   </div>
   <div class='ocr_carea' id='block_1_42' title="bbox 373 4159 1935 4229">
    <p class='ocr_par' dir='ltr' id='par_1_42' title="bbox 373 4159 1935 4229">
     <span class='ocr_line' id='line_1_42' title="bbox 373 4159 1935 4229; baseline 0.003 -20"><span class='ocrx_word' id='word_1_283' title='bbox 373 4160 619 4229; x_wconf 77' lang='grc' dir='ltr'>εἱρκταῖς</span> <span class='ocrx_word' id='word_1_284' title='bbox 666 4159 1060 4213; x_wconf 81' lang='grc' dir='ltr'>συνεκλείοντο.</span> <span class='ocrx_word' id='word_1_285' title='bbox 1095 4159 1256 4212; x_wconf 88' lang='grc' dir='ltr'>Ὅθεν</span> <span class='ocrx_word' id='word_1_286' title='bbox 1301 4161 1332 4229; x_wconf 83' lang='grc' dir='ltr'><strong>ἡ</strong></span> <span class='ocrx_word' id='word_1_287' title='bbox 1380 4159 1593 4221; x_wconf 83' lang='grc' dir='ltr'>σύνοδος</span> <span class='ocrx_word' id='word_1_288' title='bbox 1629 4160 1764 4229; x_wconf 81' lang='grc' dir='ltr'>αὕτη</span> <span class='ocrx_word' id='word_1_289' title='bbox 1819 4162 1935 4214; x_wconf 87' lang='grc' dir='ltr'>δια-</span> 
     </span>
    </p>
   </div>
   <div class='ocr_carea' id='block_1_43' title="bbox 372 4248 1931 4315">
    <p class='ocr_par' dir='ltr' id='par_1_43' title="bbox 372 4248 1931 4315">
     <span class='ocr_line' id='line_1_43' title="bbox 372 4248 1931 4315; baseline 0.004 -15"><span class='ocrx_word' id='word_1_290' title='bbox 372 4252 626 4301; x_wconf 74' lang='grc' dir='ltr'>τάττεται</span> <span class='ocrx_word' id='word_1_291' title='bbox 655 4248 751 4311; x_wconf 78' lang='grc' dir='ltr'><strong>ιῦς,</strong></span> <span class='ocrx_word' id='word_1_292' title='bbox 793 4248 846 4300; x_wconf 79' lang='grc' dir='ltr'><strong>εἴ</strong></span> <span class='ocrx_word' id='word_1_293' title='bbox 879 4265 964 4312; x_wconf 86' lang='grc' dir='ltr'><strong>τις</strong></span> <span class='ocrx_word' id='word_1_294' title='bbox 1006 4249 1114 4301; x_wconf 81' lang='grc' dir='ltr'>τῶν</span> <span class='ocrx_word' id='word_1_295' title='bbox 1141 4249 1342 4302; x_wconf 84' lang='grc' dir='ltr'>λαῖκῶν</span> <span class='ocrx_word' id='word_1_296' title='bbox 1395 4250 1745 4315; x_wconf 82' lang='grc' dir='ltr'>αὐθεντήσας,</span> <span class='ocrx_word' id='word_1_297' title='bbox 1774 4270 1931 4306; x_wconf 84' lang='grc' dir='ltr'>τουτ-</span> 
     </span>
    </p>
   </div>
   <div class='ocr_carea' id='block_1_44' title="bbox 372 4340 1928 4414">
    <p class='ocr_par' dir='ltr' id='par_1_44' title="bbox 372 4340 1928 4414">
     <span class='ocr_line' id='line_1_44' title="bbox 372 4340 1928 4414; baseline 0.005 -24"><span class='ocrx_word' id='word_1_298' title='bbox 372 4342 519 4392; x_wconf 82' lang='grc' dir='ltr'>έστιν</span> <span class='ocrx_word' id='word_1_299' title='bbox 551 4340 781 4410; x_wconf 67' lang='grc' dir='ltr'>ιρχικῆς</span> <span class='ocrx_word' id='word_1_300' title='bbox 842 4340 1088 4404; x_wconf 77' lang='grc' dir='ltr'>ἐξουσίας</span> <span class='ocrx_word' id='word_1_301' title='bbox 1121 4341 1215 4394; x_wconf 78' lang='grc' dir='ltr'><strong>καὶ</strong></span> <span class='ocrx_word' id='word_1_302' title='bbox 1261 4342 1541 4406; x_wconf 83' lang='grc' dir='ltr'>αὐθεντίας</span> <span class='ocrx_word' id='word_1_303' title='bbox 1574 4342 1928 4414; x_wconf 77' lang='grc' dir='ltr'>δραξάμενος,</span> 
     </span>
    </p>
   </div>
   <div class='ocr_carea' id='block_1_45' title="bbox 373 4433 1929 4506">
    <p class='ocr_par' dir='ltr' id='par_1_45' title="bbox 373 4433 1929 4506">
     <span class='ocr_line' id='line_1_45' title="bbox 373 4433 1929 4506; baseline 0.005 -22"><span class='ocrx_word' id='word_1_304' title='bbox 373 4435 404 4500; x_wconf 79' lang='grc' dir='ltr'>ἦ</span> <span class='ocrx_word' id='word_1_305' title='bbox 437 4433 611 4500; x_wconf 77' lang='grc' dir='ltr'>ἐαυτῷ</span> <span class='ocrx_word' id='word_1_306' title='bbox 638 4433 868 4502; x_wconf 72' lang='grc' dir='ltr'>ψυχικοῦ</span> <span class='ocrx_word' id='word_1_307' title='bbox 901 4433 1131 4486; x_wconf 80' lang='grc' dir='ltr'>θανάτου</span> <span class='ocrx_word' id='word_1_308' title='bbox 1160 4435 1450 4502; x_wconf 86' lang='grc' dir='ltr'>γενόμενος</span> <span class='ocrx_word' id='word_1_309' title='bbox 1482 4438 1654 4495; x_wconf 73' lang='grc' dir='ltr'>αἴτιος</span> <span class='ocrx_word' id='word_1_310' title='bbox 1693 4438 1929 4506; x_wconf 85' lang='grc' dir='ltr'>(λέγεται</span> 
     </span>
    </p>
   </div>
   <div class='ocr_carea' id='block_1_46' title="bbox 377 4519 1930 4600">
    <p class='ocr_par' dir='ltr' id='par_1_46' title="bbox 377 4519 1930 4600">
     <span class='ocr_line' id='line_1_46' title="bbox 377 4519 1930 4600; baseline 0.005 -26"><span class='ocrx_word' id='word_1_311' title='bbox 377 4531 484 4593; x_wconf 66' lang='grc' dir='ltr'><strong>γαρ</strong></span> <span class='ocrx_word' id='word_1_312' title='bbox 514 4523 777 4592; x_wconf 75' lang='grc' dir='ltr'>αὐθέντης</span> <span class='ocrx_word' id='word_1_313' title='bbox 803 4525 895 4575; x_wconf 74' lang='grc' dir='ltr'>καὶ</span> <span class='ocrx_word' id='word_1_314' title='bbox 929 4525 956 4573; x_wconf 88' lang='grc' dir='ltr'><strong>ὸ</strong></span> <span class='ocrx_word' id='word_1_315' title='bbox 976 4519 1432 4594; x_wconf 76' lang='grc' dir='ltr'>ἀύτοφονευτὴς),</span> <span class='ocrx_word' id='word_1_316' title='bbox 1464 4529 1557 4579; x_wconf 81' lang='grc' dir='ltr'><strong>καὶ</strong></span> <span class='ocrx_word' id='word_1_317' title='bbox 1587 4531 1930 4600; x_wconf 79' lang='grc' dir='ltr'>καταφρονὴ-</span> 
     </span>
    </p>
   </div>
   <div class='ocr_carea' id='block_1_47' title="bbox 377 4607 1931 4687">
    <p class='ocr_par' dir='ltr' id='par_1_47' title="bbox 377 4607 1931 4687">
     <span class='ocr_line' id='line_1_47' title="bbox 377 4607 1931 4687; baseline 0.006 -21"><span class='ocrx_word' id='word_1_318' title='bbox 377 4633 473 4675; x_wconf 86' lang='grc' dir='ltr'><strong>σας</strong></span> <span class='ocrx_word' id='word_1_319' title='bbox 505 4616 610 4666; x_wconf 80' lang='grc' dir='ltr'><strong>τῶν</strong></span> <span class='ocrx_word' id='word_1_320' title='bbox 646 4614 939 4682; x_wconf 79' lang='grc' dir='ltr'>βασιλικῶν</span> <span class='ocrx_word' id='word_1_321' title='bbox 971 4616 1432 4685; x_wconf 78' lang='grc' dir='ltr'>προσταγμάτων,</span> <span class='ocrx_word' id='word_1_322' title='bbox 1469 4607 1846 4687; x_wconf 83' lang='grc' dir='ltr'>καταγελάσας</span> <span class='ocrx_word' id='word_1_323' title='bbox 1874 4622 1931 4675; x_wconf 83' lang='grc' dir='ltr'>δὲ</span> 
     </span>
    </p>
   </div>
   <div class='ocr_carea' id='block_1_48' title="bbox 378 4707 1930 4780">
    <p class='ocr_par' dir='ltr' id='par_1_48' title="bbox 378 4707 1930 4780">
     <span class='ocr_line' id='line_1_48' title="bbox 378 4707 1930 4780; baseline 0.004 -22"><span class='ocrx_word' id='word_1_324' title='bbox 378 4709 470 4758; x_wconf 78' lang='grc' dir='ltr'><strong>καὶ</strong></span> <span class='ocrx_word' id='word_1_325' title='bbox 502 4708 608 4758; x_wconf 72' lang='grc' dir='ltr'><strong>τῶν</strong></span> <span class='ocrx_word' id='word_1_326' title='bbox 633 4708 873 4775; x_wconf 83' lang='grc' dir='ltr'>φρικτῶν</span> <span class='ocrx_word' id='word_1_327' title='bbox 902 4708 995 4774; x_wconf 74' lang='grc' dir='ltr'><strong>τῆς</strong></span> <span class='ocrx_word' id='word_1_328' title='bbox 1036 4707 1360 4776; x_wconf 68' lang='grc' dir='ltr'>Ἐκκλησξας</span> <span class='ocrx_word' id='word_1_329' title='bbox 1384 4710 1600 4780; x_wconf 67' lang='grc' dir='ltr'>θεσμῶν</span> <span class='ocrx_word' id='word_1_330' title='bbox 1625 4713 1716 4762; x_wconf 81' lang='grc' dir='ltr'><strong>καὶ</strong></span> <span class='ocrx_word' id='word_1_331' title='bbox 1749 4712 1930 4780; x_wconf 81' lang='grc' dir='ltr'>νόμων</span> 
     </span>
    </p>
   </div>
   <div class='ocr_carea' id='block_1_49' title="bbox 379 4798 1927 4867">
    <p class='ocr_par' dir='ltr' id='par_1_49' title="bbox 379 4798 1927 4867">
     <span class='ocr_line' id='line_1_49' title="bbox 379 4798 1927 4867; baseline 0.005 -20"><span class='ocrx_word' id='word_1_332' title='bbox 379 4798 632 4866; x_wconf 63' lang='grc' dir='ltr'>(θεσμοὺς</span> <span class='ocrx_word' id='word_1_333' title='bbox 666 4798 722 4849; x_wconf 81' lang='grc' dir='ltr'>δὲ</span> <span class='ocrx_word' id='word_1_334' title='bbox 754 4800 878 4857; x_wconf 54' lang='lat' dir='ltr'><strong>mi);</strong></span> <span class='ocrx_word' id='word_1_335' title='bbox 924 4798 1205 4867; x_wconf 76' lang='grc' dir='ltr'>ἀγράφους</span> <span class='ocrx_word' id='word_1_336' title='bbox 1248 4799 1452 4862; x_wconf 80' lang='grc' dir='ltr'>τύπους</span> <span class='ocrx_word' id='word_1_337' title='bbox 1479 4801 1648 4867; x_wconf 82' lang='grc' dir='ltr'>λέγει,</span> <span class='ocrx_word' id='word_1_338' title='bbox 1692 4805 1783 4854; x_wconf 71' lang='grc' dir='ltr'>καὶ</span> <span class='ocrx_word' id='word_1_339' title='bbox 1830 4806 1927 4866; x_wconf 68' lang='grc' dir='ltr'><strong>τὰς</strong></span> 
     </span>
    </p>
   </div>
   <div class='ocr_carea' id='block_1_50' title="bbox 375 4889 1929 4966">
    <p class='ocr_par' dir='ltr' id='par_1_50' title="bbox 375 4889 1929 4966">
     <span class='ocr_line' id='line_1_50' title="bbox 375 4889 1929 4966; baseline 0.025 -24"><span class='ocrx_word' id='word_1_340' title='bbox 375 4892 605 4958; x_wconf 76' lang='grc' dir='ltr'>ἀρχαίας</span> <span class='ocrx_word' id='word_1_341' title='bbox 631 4889 953 4958; x_wconf 77' lang='grc' dir='ltr'>παραδόσεις</span> <span class='ocrx_word' id='word_1_342' title='bbox 983 4889 1236 4955; x_wconf 61' lang='grc' dir='ltr'>ἐνταῦθα,</span> <span class='ocrx_word' id='word_1_343' title='bbox 1262 4892 1460 4961; x_wconf 68' lang='grc' dir='ltr'><strong>νόμους</strong></span> <span class='ocrx_word' id='word_1_344' title='bbox 1484 4893 1538 4944; x_wconf 65' lang='grc' dir='ltr'><strong>δὲ</strong></span> <span class='ocrx_word' id='word_1_345' title='bbox 1567 4898 1694 4957; x_wconf 67' lang='grc' dir='ltr'><strong>τοὺς</strong></span> <span class='ocrx_word' id='word_1_346' title='bbox 1723 4897 1929 4966; x_wconf 58' lang='grc' dir='ltr'>ὲΥΥΡά“</span> 
     </span>
    </p>
   </div>
   <div class='ocr_carea' id='block_1_51' title="bbox 377 4981 1930 5055">
    <p class='ocr_par' dir='ltr' id='par_1_51' title="bbox 377 4981 1930 5055">
     <span class='ocr_line' id='line_1_51' title="bbox 377 4981 1930 5055; baseline 0.003 -23"><span class='ocrx_word' id='word_1_347' title='bbox 377 4985 554 5051; x_wconf 49' lang='grc' dir='ltr'>φους),</span> <span class='ocrx_word' id='word_1_348' title='bbox 588 4981 906 5051; x_wconf 82' lang='grc' dir='ltr'>τολμήσειεν</span> <span class='ocrx_word' id='word_1_349' title='bbox 934 4981 1228 5034; x_wconf 81' lang='grc' dir='ltr'>ἐπίσκοπόν</span> <span class='ocrx_word' id='word_1_350' title='bbox 1251 5000 1369 5036; x_wconf 86' lang='grc' dir='ltr'>τινα</span> <span class='ocrx_word' id='word_1_351' title='bbox 1384 4983 1546 5051; x_wconf 68' lang='grc' dir='ltr'>τύψαι</span> <span class='ocrx_word' id='word_1_352' title='bbox 1577 4986 1801 5053; x_wconf 87' lang='grc' dir='ltr'>(τόλμης</span> <span class='ocrx_word' id='word_1_353' title='bbox 1822 4990 1930 5055; x_wconf 77' lang='grc' dir='ltr'>γὰρ</span> 
     </span>
    </p>
   </div>
   <div class='ocr_carea' id='block_1_52' title="bbox 373 5073 1930 5145">
    <p class='ocr_par' dir='ltr' id='par_1_52' title="bbox 373 5073 1930 5145">
     <span class='ocr_line' id='line_1_52' title="bbox 373 5073 1930 5145; baseline 0.004 -19"><span class='ocrx_word' id='word_1_354' title='bbox 373 5076 539 5136; x_wconf 76' lang='grc' dir='ltr'>ὅντως</span> <span class='ocrx_word' id='word_1_355' title='bbox 573 5078 665 5126; x_wconf 81' lang='grc' dir='ltr'>καὶ</span> <span class='ocrx_word' id='word_1_356' title='bbox 702 5075 940 5143; x_wconf 82' lang='grc' dir='ltr'>ἀμέτρου</span> <span class='ocrx_word' id='word_1_357' title='bbox 986 5073 1324 5144; x_wconf 79' lang='grc' dir='ltr'>θρασύτητος</span> <span class='ocrx_word' id='word_1_358' title='bbox 1355 5075 1414 5127; x_wconf 88' lang='grc' dir='ltr'><strong>τὸ</strong></span> <span class='ocrx_word' id='word_1_359' title='bbox 1441 5076 1605 5145; x_wconf 69' lang='grc' dir='ltr'>τύψαι</span> <span class='ocrx_word' id='word_1_360' title='bbox 1635 5080 1930 5132; x_wconf 78' lang='grc' dir='ltr'>ἐπίσκοπόν</span> 
     </span>
    </p>
   </div>
   <div class='ocr_carea' id='block_1_53' title="bbox 371 5166 1951 5255">
    <p class='ocr_par' dir='ltr' id='par_1_53' title="bbox 371 5166 1951 5255">
     <span class='ocr_line' id='line_1_53' title="bbox 371 5166 1951 5255; baseline 0.002 -34"><span class='ocrx_word' id='word_1_361' title='bbox 371 5183 534 5235; x_wconf 54' lang='grc' dir='ltr'>τινα),</span> <span class='ocrx_word' id='word_1_362' title='bbox 562 5170 648 5220; x_wconf 70' lang='grc' dir='ltr'><strong>διὰ</strong></span> <span class='ocrx_word' id='word_1_363' title='bbox 681 5168 738 5218; x_wconf 83' lang='grc' dir='ltr'><strong>δὲ</strong></span> <span class='ocrx_word' id='word_1_364' title='bbox 787 5166 880 5218; x_wconf 83' lang='grc' dir='ltr'>τοῦ</span> <span class='ocrx_word' id='word_1_365' title='bbox 932 5169 1104 5238; x_wconf 62' lang='grc' dir='ltr'>εἰπεῖν</span> <span class='ocrx_word' id='word_1_366' title='bbox 1133 5185 1272 5231; x_wconf 88' lang='grc' dir='ltr'>τινα,</span> <span class='ocrx_word' id='word_1_367' title='bbox 1302 5168 1557 5237; x_wconf 80' lang='grc' dir='ltr'>ἐνέφηνεν</span> <span class='ocrx_word' id='word_1_368' title='bbox 1583 5172 1661 5221; x_wconf 76' lang='grc' dir='ltr'><strong>ὅτι</strong></span> <span class='ocrx_word' id='word_1_369' title='bbox 1691 5171 1749 5222; x_wconf 89' lang='grc' dir='ltr'><strong>οὐ</strong></span> <span class='ocrx_word' id='word_1_370' title='bbox 1773 5171 1951 5255; x_wconf 77' lang='grc' dir='ltr'><strong>μόνονΙ</strong></span> 
     </span>
    </p>
   </div>
   <div class='ocr_carea' id='block_1_54' title="bbox 363 5258 1930 5332">
    <p class='ocr_par' dir='ltr' id='par_1_54' title="bbox 363 5258 1930 5332">
     <span class='ocr_line' id='line_1_54' title="bbox 363 5258 1930 5332; baseline 0 -21"><span class='ocrx_word' id='word_1_371' title='bbox 363 5261 642 5332; x_wconf 56' lang='grc' dir='ltr'>ῥπίσημον</span> <span class='ocrx_word' id='word_1_372' title='bbox 694 5259 987 5310; x_wconf 79' lang='grc' dir='ltr'>ἐπίσκοπον</span> <span class='ocrx_word' id='word_1_373' title='bbox 1043 5261 1102 5309; x_wconf 73' lang='grc' dir='ltr'><strong>οὐ</strong></span> <span class='ocrx_word' id='word_1_374' title='bbox 1159 5258 1241 5310; x_wconf 86' lang='grc' dir='ltr'><strong>δεῖ</strong></span> <span class='ocrx_word' id='word_1_375' title='bbox 1295 5258 1592 5312; x_wconf 86' lang='grc' dir='ltr'>τύπτεσθαι</span> <span class='ocrx_word' id='word_1_376' title='bbox 1639 5261 1671 5329; x_wconf 80' lang='grc' dir='ltr'><strong>ἢ</strong></span> <span class='ocrx_word' id='word_1_377' title='bbox 1712 5263 1930 5330; x_wconf 83' lang='grc' dir='ltr'>καθείρ-</span> 
     </span>
    </p>
   </div>
   <div class='ocr_carea' id='block_1_55' title="bbox 374 5352 1929 5429">
    <p class='ocr_par' dir='ltr' id='par_1_55' title="bbox 374 5352 1929 5424">
     <span class='ocr_line' id='line_1_55' title="bbox 374 5352 1929 5424; baseline 0.002 -19"><span class='ocrx_word' id='word_1_378' title='bbox 374 5358 632 5424; x_wconf 82' lang='grc' dir='ltr'>γνυσθαι,</span> <span class='ocrx_word' id='word_1_379' title='bbox 663 5353 775 5404; x_wconf 82' lang='grc' dir='ltr'>ἀλλ’</span> <span class='ocrx_word' id='word_1_380' title='bbox 801 5353 920 5404; x_wconf 79' lang='grc' dir='ltr'>οὐδὲ</span> <span class='ocrx_word' id='word_1_381' title='bbox 944 5352 1036 5404; x_wconf 85' lang='grc' dir='ltr'><strong>τὸν</strong></span> <span class='ocrx_word' id='word_1_382' title='bbox 1065 5353 1301 5421; x_wconf 82' lang='grc' dir='ltr'>τυχόντα</span> <span class='ocrx_word' id='word_1_383' title='bbox 1342 5353 1437 5406; x_wconf 76' lang='grc' dir='ltr'>καὶ</span> <span class='ocrx_word' id='word_1_384' title='bbox 1464 5355 1677 5422; x_wconf 73' lang='grc' dir='ltr'>ἄσημον</span> <span class='ocrx_word' id='word_1_385' title='bbox 1705 5357 1796 5409; x_wconf 82' lang='grc' dir='ltr'><strong>καὶ</strong></span> <span class='ocrx_word' id='word_1_386' title='bbox 1818 5361 1929 5421; x_wconf 81' lang='grc' dir='ltr'>τοῖς</span> 
     </span>
    </p>
   </div>
   <div class='ocr_carea' id='block_1_56' title="bbox 373 5446 1926 5526">
    <p class='ocr_par' dir='ltr' id='par_1_56' title="bbox 373 5446 1926 5526">
     <span class='ocr_line' id='line_1_56' title="bbox 373 5446 1926 5526; baseline -0.001 -24"><span class='ocrx_word' id='word_1_387' title='bbox 373 5451 616 5526; x_wconf 61' lang='grc' dir='ltr'>πλείοσιν</span> <span class='ocrx_word' id='word_1_388' title='bbox 671 5447 966 5514; x_wconf 78' lang='grc' dir='ltr'>ἄγνωστον,</span> <span class='ocrx_word' id='word_1_389' title='bbox 1014 5446 1182 5514; x_wconf 75' lang='grc' dir='ltr'>ἡγουν</span> <span class='ocrx_word' id='word_1_390' title='bbox 1228 5446 1417 5516; x_wconf 84' lang='grc' dir='ltr'>εὐτελῆ</span> <span class='ocrx_word' id='word_1_391' title='bbox 1447 5453 1540 5500; x_wconf 73' lang='grc' dir='ltr'>καὶ</span> <span class='ocrx_word' id='word_1_392' title='bbox 1573 5451 1926 5515; x_wconf 61' lang='grc' dir='ltr'>πενέστατοι),</span> 
     </span>
    </p>
   </div>
   <div class='ocr_carea' id='block_1_57' title="bbox 369 5541 1928 5616">
    <p class='ocr_par' dir='ltr' id='par_1_57' title="bbox 369 5541 1928 5616">
     <span class='ocr_line' id='line_1_57' title="bbox 369 5541 1928 5616; baseline 0.004 -22"><span class='ocrx_word' id='word_1_393' title='bbox 369 5545 402 5616; x_wconf 77' lang='grc' dir='ltr'>ἦ</span> <span class='ocrx_word' id='word_1_394' title='bbox 464 5544 592 5598; x_wconf 83' lang='grc' dir='ltr'>ἄνευ</span> <span class='ocrx_word' id='word_1_395' title='bbox 642 5542 839 5603; x_wconf 84' lang='grc' dir='ltr'>αἰτίας,</span> <span class='ocrx_word' id='word_1_396' title='bbox 890 5541 922 5610; x_wconf 87' lang='grc' dir='ltr'>ἢ</span> <span class='ocrx_word' id='word_1_397' title='bbox 975 5543 1068 5596; x_wconf 73' lang='grc' dir='ltr'>καὶ</span> <span class='ocrx_word' id='word_1_398' title='bbox 1124 5541 1582 5613; x_wconf 87' lang='grc' dir='ltr'>συμπλασάμενος</span> <span class='ocrx_word' id='word_1_399' title='bbox 1645 5546 1845 5613; x_wconf 81' lang='grc' dir='ltr'>αἰτίαν,</span> <span class='ocrx_word' id='word_1_400' title='bbox 1900 5551 1928 5601; x_wconf 88' lang='grc' dir='ltr'><em>ὀ</em></span> 
     </span>
    </p>
   </div>
   <div class='ocr_carea' id='block_1_58' title="bbox 480 5726 1056 5790">
    <p class='ocr_par' dir='ltr' id='par_1_58' title="bbox 480 5726 1056 5790">
     <span class='ocr_line' id='line_1_58' title="bbox 480 5726 1056 5790; baseline 0.005 -10"><span class='ocrx_word' id='word_1_401' title='bbox 480 5727 571 5781; x_wconf 76' lang='grc'><strong>⁷⁷1</strong></span> <span class='ocrx_word' id='word_1_402' title='bbox 611 5726 850 5784; x_wconf 81' lang='lat' dir='ltr'><strong>Timoth.</strong></span> <span class='ocrx_word' id='word_1_403' title='bbox 888 5744 925 5790; x_wconf 81' lang='grc' dir='ltr'><strong>ι,</strong></span> <span class='ocrx_word' id='word_1_404' title='bbox 967 5728 1056 5783; x_wconf 62' lang='grc' dir='ltr'><strong>ῗθ.</strong></span> 
     </span>
    </p>
   </div>
   <div class='ocr_carea' id='block_1_59' title="bbox 1108 245 2874 339">
    <p class='ocr_par' dir='ltr' id='par_1_59' title="bbox 1108 245 2874 339">
     <span class='ocr_line' id='line_1_59' title="bbox 1108 245 2874 339; baseline 0.003 -5"><span class='ocrx_word' id='word_1_405' title='bbox 1108 245 1190 334; x_wconf 79' lang='lat' dir='ltr'><strong>1N</strong></span> <span class='ocrx_word' id='word_1_406' title='bbox 1220 275 1383 338; x_wconf 73' lang='lat' dir='ltr'><strong>CAN.</strong></span> <span class='ocrx_word' id='word_1_407' title='bbox 1426 275 1516 334; x_wconf 88' lang='lat' dir='ltr'><strong>IlI</strong></span> <span class='ocrx_word' id='word_1_408' title='bbox 1545 263 1751 336; x_wconf 81' lang='lat' dir='ltr'><strong>CONC.</strong></span> <span class='ocrx_word' id='word_1_409' title='bbox 1790 275 1863 332; x_wconf 69' lang='lat'><strong>1:;</strong></span> <span class='ocrx_word' id='word_1_410' title='bbox 1906 273 2071 332; x_wconf 67' lang='grc' dir='ltr'>Λευίς</span> <span class='ocrx_word' id='word_1_411' title='bbox 2118 275 2172 334; x_wconf 87' lang='lat' dir='ltr'><strong>s.</strong></span> <span class='ocrx_word' id='word_1_412' title='bbox 2223 276 2525 336; x_wconf 64' lang='lat' dir='ltr'><strong>somn};</strong></span> <span class='ocrx_word' id='word_1_413' title='bbox 2583 251 2874 339; x_wconf 76' lang='grc' dir='ltr'><strong>ΗᾸΒΙΤΙ.</strong></span> 
     </span>
    </p>
   </div>
   <div class='ocr_carea' id='block_1_60' title="bbox 574 383 1937 458">
    <p class='ocr_par' dir='ltr' id='par_1_60' title="bbox 574 383 1937 458">
     <span class='ocr_line' id='line_1_60' title="bbox 574 383 1937 458; baseline -0.005 -19"><span class='ocrx_word' id='word_1_414' title='bbox 574 386 704 439; x_wconf 75' lang='grc' dir='ltr'><strong>Ἀπὸ</strong></span> <span class='ocrx_word' id='word_1_415' title='bbox 733 387 842 458; x_wconf 70' lang='grc' dir='ltr'>γὰρ</span> <span class='ocrx_word' id='word_1_416' title='bbox 876 385 1151 455; x_wconf 60' lang='grc' dir='ltr'>διαφόρων</span> <span class='ocrx_word' id='word_1_417' title='bbox 1197 387 1438 440; x_wconf 68' lang='grc' dir='ltr'>κανόνων</span> <span class='ocrx_word' id='word_1_418' title='bbox 1490 388 1581 438; x_wconf 76' lang='grc' dir='ltr'><strong>καὶ</strong></span> <span class='ocrx_word' id='word_1_419' title='bbox 1617 385 1820 454; x_wconf 76' lang='grc' dir='ltr'>νεαρῶν</span> <span class='ocrx_word' id='word_1_420' title='bbox 1866 383 1937 433; x_wconf 86' lang='grc' dir='ltr'><strong>Οε-</strong></span> 
     </span>
    </p>
   </div>
   <div class='ocr_carea' id='block_1_61' title="bbox 2035 383 3602 458">
    <p class='ocr_par' dir='ltr' id='par_1_61' title="bbox 2058 384 3602 443">
     <span class='ocr_line' id='line_1_61' title="bbox 2058 384 3602 443; baseline 0.005 -8"><span class='ocrx_word' id='word_1_421' title='bbox 2058 384 2343 438; x_wconf 81' lang='lat' dir='ltr'><strong>verberare</strong></span> <span class='ocrx_word' id='word_1_422' title='bbox 2401 394 2452 437; x_wconf 88' lang='lat' dir='ltr'><strong>ct</strong></span> <span class='ocrx_word' id='word_1_423' title='bbox 2507 387 2766 441; x_wconf 77' lang='lat' dir='ltr'><strong>custodiae</strong></span> <span class='ocrx_word' id='word_1_424' title='bbox 2826 387 3058 440; x_wconf 83' lang='lat' dir='ltr'><strong>tradere.</strong></span> <span class='ocrx_word' id='word_1_425' title='bbox 3096 387 3132 440; x_wconf 86' lang='lat' dir='ltr'><strong>A</strong></span> <span class='ocrx_word' id='word_1_426' title='bbox 3193 387 3424 442; x_wconf 79' lang='lat' dir='ltr'><strong>diversis</strong></span> <span class='ocrx_word' id='word_1_427' title='bbox 3457 392 3602 443; x_wconf 77' lang='lat' dir='ltr'><strong>etum</strong></span> 
     </span>
    </p>
   </div>
   <div class='ocr_carea' id='block_1_62' title="bbox 3470 277 3606 355">
    <p class='ocr_par' dir='ltr' id='par_1_62' title="bbox 3470 277 3606 355">
     <span class='ocr_line' id='line_1_62' title="bbox 3470 277 3606 355; baseline -0.037 -15"><span class='ocrx_word' id='word_1_428' title='bbox 3470 277 3606 355; x_wconf 68' lang='grc'><strong>1094</strong></span> 
     </span>
    </p>
   </div>
   <div class='ocr_carea' id='block_1_63' title="bbox 2041 477 3600 542">
    <p class='ocr_par' dir='ltr' id='par_1_63' title="bbox 2041 477 3600 542">
     <span class='ocr_line' id='line_1_63' title="bbox 2041 477 3600 542; baseline 0.003 -14"><span class='ocrx_word' id='word_1_429' title='bbox 2041 477 2342 530; x_wconf 74' lang='lat' dir='ltr'><strong>rationibus</strong></span> <span class='ocrx_word' id='word_1_430' title='bbox 2397 488 2450 532; x_wconf 89' lang='lat' dir='ltr'><strong>et</strong></span> <span class='ocrx_word' id='word_1_431' title='bbox 2506 480 2735 534; x_wconf 72' lang='lat' dir='ltr'><strong>novellis</strong></span> <span class='ocrx_word' id='word_1_432' title='bbox 2784 480 3268 534; x_wconf 75' lang='lat' dir='ltr'><strong>constitutionibus</strong></span> <span class='ocrx_word' id='word_1_433' title='bbox 3335 481 3600 542; x_wconf 80' lang='lat' dir='ltr'><strong>didicisti.</strong></span> 
     </span>
    </p>
   </div>
   <div class='ocr_carea' id='block_1_64' title="bbox 2040 569 3604 641">
    <p class='ocr_par' dir='ltr' id='par_1_64' title="bbox 2040 569 3604 641">
     <span class='ocr_line' id='line_1_64' title="bbox 2040 569 3604 641; baseline 0.004 -20"><span class='ocrx_word' id='word_1_434' title='bbox 2040 569 2182 636; x_wconf 88' lang='lat' dir='ltr'><strong>quod</strong></span> <span class='ocrx_word' id='word_1_435' title='bbox 2217 569 2337 622; x_wconf 83' lang='lat' dir='ltr'><strong>laici</strong></span> <span class='ocrx_word' id='word_1_436' title='bbox 2366 570 2690 638; x_wconf 84' lang='lat' dir='ltr'><strong>magitratus</strong></span> <span class='ocrx_word' id='word_1_437' title='bbox 2743 575 2943 625; x_wconf 87' lang='lat' dir='ltr'><strong>nullam</strong></span> <span class='ocrx_word' id='word_1_438' title='bbox 2979 573 3178 626; x_wconf 87' lang='lat' dir='ltr'><strong>habent</strong></span> <span class='ocrx_word' id='word_1_439' title='bbox 3229 573 3285 627; x_wconf 92' lang='lat' dir='ltr'><strong>in</strong></span> <span class='ocrx_word' id='word_1_440' title='bbox 3317 574 3604 641; x_wconf 74' lang='lat' dir='ltr'><strong>episcopos</strong></span> 
     </span>
    </p>
   </div>
   <div class='ocr_carea' id='block_1_65' title="bbox 2035 659 3604 734">
    <p class='ocr_par' dir='ltr' id='par_1_65' title="bbox 2035 659 3604 734">
     <span class='ocr_line' id='line_1_65' title="bbox 2035 659 3604 734; baseline 0.004 -22"><span class='ocrx_word' id='word_1_441' title='bbox 2035 659 2498 728; x_wconf 84' lang='lat' dir='ltr'><strong>jurisdictiouem.</strong></span> <span class='ocrx_word' id='word_1_442' title='bbox 2555 661 2705 716; x_wconf 84' lang='lat' dir='ltr'><strong>Unde</strong></span> <span class='ocrx_word' id='word_1_443' title='bbox 2763 663 2926 718; x_wconf 90' lang='lat' dir='ltr'><strong>etiam</strong></span> <span class='ocrx_word' id='word_1_444' title='bbox 2987 665 3179 727; x_wconf 59' lang='lat' dir='ltr'><strong>laicus,</strong></span> <span class='ocrx_word' id='word_1_445' title='bbox 3231 666 3318 732; x_wconf 92' lang='lat' dir='ltr'><strong>qui</strong></span> <span class='ocrx_word' id='word_1_446' title='bbox 3356 666 3604 734; x_wconf 80' lang='lat' dir='ltr'><strong>quemvis</strong></span> 
     </span>
    </p>
   </div>
   <div class='ocr_carea' id='block_1_66' title="bbox 2040 752 3601 824">
    <p class='ocr_par' dir='ltr' id='par_1_66' title="bbox 2040 752 3601 824">
     <span class='ocr_line' id='line_1_66' title="bbox 2040 752 3601 824; baseline 0.002 -21"><span class='ocrx_word' id='word_1_447' title='bbox 2040 752 2338 806; x_wconf 78' lang='lat' dir='ltr'><strong>antistitem</strong></span> <span class='ocrx_word' id='word_1_448' title='bbox 2379 753 2458 806; x_wconf 48' lang='lat' dir='ltr'><strong>\‘el</strong></span> <span class='ocrx_word' id='word_1_449' title='bbox 2513 756 2782 816; x_wconf 78' lang='lat' dir='ltr'><strong>verberat,</strong></span> <span class='ocrx_word' id='word_1_450' title='bbox 2816 757 2896 808; x_wconf 73' lang='lat' dir='ltr'><strong>vel</strong></span> <span class='ocrx_word' id='word_1_451' title='bbox 2928 756 3147 824; x_wconf 83' lang='lat' dir='ltr'><strong>euujicit</strong></span> <span class='ocrx_word' id='word_1_452' title='bbox 3198 757 3246 809; x_wconf 94' lang='lat' dir='ltr'><strong>iu</strong></span> <span class='ocrx_word' id='word_1_453' title='bbox 3305 772 3601 820; x_wconf 79' lang='lat' dir='ltr'><strong>carcerem,</strong></span> 
     </span>
    </p>
   </div>
   <div class='ocr_carea' id='block_1_67' title="bbox 2039 842 3600 917">
    <p class='ocr_par' dir='ltr' id='par_1_67' title="bbox 2039 842 3600 917">
     <span class='ocr_line' id='line_1_67' title="bbox 2039 842 3600 917; baseline 0.004 -21"><span class='ocrx_word' id='word_1_454' title='bbox 2039 842 2251 897; x_wconf 91' lang='lat' dir='ltr'><strong>etiamsi</strong></span> <span class='ocrx_word' id='word_1_455' title='bbox 2299 861 2364 897; x_wconf 78' lang='lat' dir='ltr'><strong>ex</strong></span> <span class='ocrx_word' id='word_1_456' title='bbox 2421 860 2587 899; x_wconf 88' lang='lat' dir='ltr'><strong>causa</strong></span> <span class='ocrx_word' id='word_1_457' title='bbox 2636 847 2794 914; x_wconf 72' lang='lat' dir='ltr'><strong>longe</strong></span> <span class='ocrx_word' id='word_1_458' title='bbox 2858 848 3189 917; x_wconf 87' lang='lat' dir='ltr'><strong>justissima,</strong></span> <span class='ocrx_word' id='word_1_459' title='bbox 3239 858 3293 902; x_wconf 87' lang='lat' dir='ltr'><strong>et</strong></span> <span class='ocrx_word' id='word_1_460' title='bbox 3342 852 3600 912; x_wconf 87' lang='lat' dir='ltr'><strong>majorem</strong></span> 
     </span>
    </p>
   </div>
   <div class='ocr_carea' id='block_1_68' title="bbox 2040 937 3603 1008">
    <p class='ocr_par' dir='ltr' id='par_1_68' title="bbox 2040 937 3603 1008">
     <span class='ocr_line' id='line_1_68' title="bbox 2040 937 3603 1008; baseline 0.006 -22"><span class='ocrx_word' id='word_1_461' title='bbox 2040 937 2413 1004; x_wconf 67' lang='lat' dir='ltr'><strong>magistratuum</strong></span> <span class='ocrx_word' id='word_1_462' title='bbox 2443 951 2613 1007; x_wconf 82' lang='lat' dir='ltr'><strong>gerat.</strong></span> <span class='ocrx_word' id='word_1_463' title='bbox 2645 941 2938 1008; x_wconf 85' lang='lat' dir='ltr'><strong>punietur:</strong></span> <span class='ocrx_word' id='word_1_464' title='bbox 2991 953 3045 994; x_wconf 83' lang='lat' dir='ltr'><strong>et</strong></span> <span class='ocrx_word' id='word_1_465' title='bbox 3092 957 3269 994; x_wconf 75' lang='lat' dir='ltr'><strong>causae</strong></span> <span class='ocrx_word' id='word_1_466' title='bbox 3300 943 3508 994; x_wconf 81' lang='lat' dir='ltr'><strong>bonitas</strong></span> <span class='ocrx_word' id='word_1_467' title='bbox 3539 958 3603 996; x_wconf 82' lang='lat' dir='ltr'><strong>ac</strong></span> 
     </span>
    </p>
   </div>
   <div class='ocr_carea' id='block_1_69' title="bbox 2041 1029 3600 1102">
    <p class='ocr_par' dir='ltr' id='par_1_69' title="bbox 2041 1029 3600 1102">
     <span class='ocr_line' id='line_1_69' title="bbox 2041 1029 3600 1102; baseline 0.006 -24"><span class='ocrx_word' id='word_1_468' title='bbox 2041 1029 2394 1092; x_wconf 84' lang='lat' dir='ltr'><strong>probabilitas</strong></span> <span class='ocrx_word' id='word_1_469' title='bbox 2445 1031 2494 1082; x_wconf 87' lang='lat' dir='ltr'><strong>ei</strong></span> <span class='ocrx_word' id='word_1_470' title='bbox 2547 1048 2652 1083; x_wconf 83' lang='lat' dir='ltr'><strong>non</strong></span> <span class='ocrx_word' id='word_1_471' title='bbox 2693 1034 2953 1101; x_wconf 83' lang='lat' dir='ltr'><strong>proderit.</strong></span> <span class='ocrx_word' id='word_1_472' title='bbox 2995 1033 3191 1087; x_wconf 80' lang='lat' dir='ltr'><strong>Audiet</strong></span> <span class='ocrx_word' id='word_1_473' title='bbox 3236 1034 3402 1095; x_wconf 84' lang='lat' dir='ltr'><strong>enim,</strong></span> <span class='ocrx_word' id='word_1_474' title='bbox 3456 1035 3600 1102; x_wconf 84' lang='lat' dir='ltr'><strong>quod</strong></span> 
     </span>
    </p>
   </div>
   <div class='ocr_carea' id='block_1_70' title="bbox 2039 1119 3598 1194">
    <p class='ocr_par' dir='ltr' id='par_1_70' title="bbox 2039 1119 3598 1194">
     <span class='ocr_line' id='line_1_70' title="bbox 2039 1119 3598 1194; baseline 0.004 -22"><span class='ocrx_word' id='word_1_475' title='bbox 2039 1119 2260 1188; x_wconf 89' lang='lat' dir='ltr'><strong>synodis</strong></span> <span class='ocrx_word' id='word_1_476' title='bbox 2305 1120 2479 1189; x_wconf 87' lang='lat' dir='ltr'><strong>iisque</strong></span> <span class='ocrx_word' id='word_1_477' title='bbox 2528 1124 2661 1178; x_wconf 85' lang='lat' dir='ltr'><strong>solis</strong></span> <span class='ocrx_word' id='word_1_478' title='bbox 2693 1125 3006 1191; x_wconf 47' lang='lat' dir='ltr'><strong>antistites\</strong></span> <span class='ocrx_word' id='word_1_479' title='bbox 3036 1125 3226 1192; x_wconf 78' lang='lat' dir='ltr'><strong>punire</strong></span> <span class='ocrx_word' id='word_1_480' title='bbox 3278 1126 3598 1194; x_wconf 80' lang='lat' dir='ltr'><strong>permissum</strong></span> 
     </span>
    </p>
   </div>
   <div class='ocr_carea' id='block_1_71' title="bbox 2041 1199 3602 1284">
    <p class='ocr_par' dir='ltr' id='par_1_71' title="bbox 2041 1199 3602 1284">
     <span class='ocr_line' id='line_1_71' title="bbox 2041 1199 3602 1284; baseline 0.003 -18"><span class='ocrx_word' id='word_1_481' title='bbox 2041 1221 2166 1266; x_wconf 89' lang='lat' dir='ltr'><strong>est:</strong></span> <span class='ocrx_word' id='word_1_482' title='bbox 2203 1222 2256 1266; x_wconf 89' lang='lat' dir='ltr'><strong>et</strong></span> <span class='ocrx_word' id='word_1_483' title='bbox 2282 1212 2514 1268; x_wconf 80' lang='lat' dir='ltr'><strong>debebat</strong></span> <span class='ocrx_word' id='word_1_484' title='bbox 2559 1215 2626 1270; x_wconf 90' lang='lat' dir='ltr'><strong>de</strong></span> <span class='ocrx_word' id='word_1_485' title='bbox 2661 1218 2908 1270; x_wconf 83' lang='lat' dir='ltr'><strong>antistite</strong></span> <span class='ocrx_word' id='word_1_486' title='bbox 2945 1199 3310 1284; x_wconf 69' lang='lat' dir='ltr'><strong>cognitionem</strong></span> <span class='ocrx_word' id='word_1_487' title='bbox 3366 1222 3430 1270; x_wconf 89' lang='lat' dir='ltr'><strong>ad</strong></span> <span class='ocrx_word' id='word_1_488' title='bbox 3465 1234 3602 1270; x_wconf 88' lang='lat' dir='ltr'><strong>con-</strong></span> 
     </span>
    </p>
   </div>
   <div class='ocr_carea' id='block_1_72' title="bbox 2039 1304 3604 1377">
    <p class='ocr_par' dir='ltr' id='par_1_72' title="bbox 2039 1304 3604 1377">
     <span class='ocr_line' id='line_1_72' title="bbox 2039 1304 3604 1377; baseline 0.003 -21"><span class='ocrx_word' id='word_1_489' title='bbox 2039 1304 2342 1358; x_wconf 71' lang='lat' dir='ltr'><strong>venientem</strong></span> <span class='ocrx_word' id='word_1_490' title='bbox 2376 1307 2640 1376; x_wconf 81' lang='lat' dir='ltr'><strong>synmlum</strong></span> <span class='ocrx_word' id='word_1_491' title='bbox 2673 1310 2971 1372; x_wconf 75' lang='lat' dir='ltr'><strong>remittere,</strong></span> <span class='ocrx_word' id='word_1_492' title='bbox 3029 1319 3081 1362; x_wconf 90' lang='lat' dir='ltr'><strong>et</strong></span> <span class='ocrx_word' id='word_1_493' title='bbox 3109 1325 3166 1362; x_wconf 86' lang='lat' dir='ltr'><strong>se</strong></span> <span class='ocrx_word' id='word_1_494' title='bbox 3202 1310 3267 1360; x_wconf 85' lang='lat' dir='ltr'><strong>ab</strong></span> <span class='ocrx_word' id='word_1_495' title='bbox 3316 1310 3604 1377; x_wconf 83' lang='lat' dir='ltr'><strong>episcopa-</strong></span> 
     </span>
    </p>
   </div>
   <div class='ocr_carea' id='block_1_73' title="bbox 2039 1393 3604 1469">
    <p class='ocr_par' dir='ltr' id='par_1_73' title="bbox 2039 1393 3604 1469">
     <span class='ocr_line' id='line_1_73' title="bbox 2039 1393 3604 1469; baseline 0.004 -24"><span class='ocrx_word' id='word_1_496' title='bbox 2039 1393 2109 1447; x_wconf 90' lang='lat' dir='ltr'><strong>lis</strong></span> <span class='ocrx_word' id='word_1_497' title='bbox 2163 1411 2342 1450; x_wconf 73' lang='lat' dir='ltr'><strong>c;:us:e</strong></span> <span class='ocrx_word' id='word_1_498' title='bbox 2395 1396 2789 1463; x_wconf 87' lang='lat' dir='ltr'><strong>disceptatione</strong></span> <span class='ocrx_word' id='word_1_499' title='bbox 2873 1401 3144 1468; x_wconf 69' lang='lat' dir='ltr'><strong>integrum</strong></span> <span class='ocrx_word' id='word_1_500' title='bbox 3233 1400 3604 1469; x_wconf 80' lang='lat' dir='ltr'><strong>intactumque</strong></span> 
     </span>
    </p>
   </div>
   <div class='ocr_carea' id='block_1_74' title="bbox 2039 1490 3604 1558">
    <p class='ocr_par' dir='ltr' id='par_1_74' title="bbox 2039 1490 3604 1558">
     <span class='ocr_line' id='line_1_74' title="bbox 2039 1490 3604 1558; baseline 0.003 -18"><span class='ocrx_word' id='word_1_501' title='bbox 2039 1500 2384 1540; x_wconf 67' lang='lat' dir='ltr'><strong>COHSl‘l‘Vﬂl‘f‘.</strong></span> <span class='ocrx_word' id='word_1_502' title='bbox 2422 1490 2702 1558; x_wconf 79' lang='lat' dir='ltr'><strong>Atljectum</strong></span> <span class='ocrx_word' id='word_1_503' title='bbox 2735 1501 2817 1544; x_wconf 84' lang='lat' dir='ltr'><strong>est</strong></span> <span class='ocrx_word' id='word_1_504' title='bbox 2870 1502 3046 1544; x_wconf 85' lang='lat' dir='ltr'><strong>autem</strong></span> <span class='ocrx_word' id='word_1_505' title='bbox 3089 1495 3282 1545; x_wconf 71' lang='lat' dir='ltr'><strong>eanoui</strong></span> <span class='ocrx_word' id='word_1_506' title='bbox 3323 1493 3453 1545; x_wconf 84' lang='lat' dir='ltr'><strong>illud</strong></span> <span class='ocrx_word' id='word_1_507' title='bbox 3484 1493 3604 1545; x_wconf 82' lang='lat' dir='ltr'><strong>sine</strong></span> 
     </span>
    </p>
   </div>
   <div class='ocr_carea' id='block_1_75' title="bbox 2037 1577 3605 1652">
    <p class='ocr_par' dir='ltr' id='par_1_75' title="bbox 2037 1577 3605 1652">
     <span class='ocr_line' id='line_1_75' title="bbox 2037 1577 3605 1652; baseline 0.002 -22"><span class='ocrx_word' id='word_1_508' title='bbox 2037 1577 2186 1647; x_wconf 79' lang='lat' dir='ltr'><strong>justa</strong></span> <span class='ocrx_word' id='word_1_509' title='bbox 2225 1598 2408 1646; x_wconf 83' lang='lat' dir='ltr'><strong>causa,</strong></span> <span class='ocrx_word' id='word_1_510' title='bbox 2467 1596 2518 1634; x_wconf 88' lang='lat' dir='ltr'><strong>et</strong></span> <span class='ocrx_word' id='word_1_511' title='bbox 2550 1584 2778 1650; x_wconf 85' lang='lat' dir='ltr'><strong>reliqua,</strong></span> <span class='ocrx_word' id='word_1_512' title='bbox 2834 1594 3053 1652; x_wconf 78' lang='lat' dir='ltr'><strong>propter</strong></span> <span class='ocrx_word' id='word_1_513' title='bbox 3097 1585 3605 1638; x_wconf 81' lang='lat' dir='ltr'><strong>analltelnatizatiu-</strong></span> 
     </span>
    </p>
   </div>
   <div class='ocr_carea' id='block_1_76' title="bbox 2040 1671 3599 1744">
    <p class='ocr_par' dir='ltr' id='par_1_76' title="bbox 2040 1671 3599 1744">
     <span class='ocr_line' id='line_1_76' title="bbox 2040 1671 3599 1744; baseline 0.004 -20"><span class='ocrx_word' id='word_1_514' title='bbox 2040 1687 2185 1725; x_wconf 88' lang='lat' dir='ltr'><strong>nem.</strong></span> <span class='ocrx_word' id='word_1_515' title='bbox 2219 1671 2401 1742; x_wconf 84' lang='lat' dir='ltr'><strong>Neque</strong></span> <span class='ocrx_word' id='word_1_516' title='bbox 2430 1675 2573 1726; x_wconf 77' lang='lat' dir='ltr'><strong>enim</strong></span> <span class='ocrx_word' id='word_1_517' title='bbox 2605 1692 2813 1743; x_wconf 84' lang='lat' dir='ltr'><strong>a-quum</strong></span> <span class='ocrx_word' id='word_1_518' title='bbox 2847 1685 2985 1738; x_wconf 85' lang='lat' dir='ltr'><strong>erat,</strong></span> <span class='ocrx_word' id='word_1_519' title='bbox 3015 1686 3072 1729; x_wconf 91' lang='lat' dir='ltr'><strong>ut</strong></span> <span class='ocrx_word' id='word_1_520' title='bbox 3108 1679 3476 1742; x_wconf 69' lang='lat' dir='ltr'><strong>magistratus,</strong></span> <span class='ocrx_word' id='word_1_521' title='bbox 3507 1678 3599 1744; x_wconf 89' lang='lat' dir='ltr'><strong>qui</strong></span> 
     </span>
    </p>
   </div>
   <div class='ocr_carea' id='block_1_77' title="bbox 2037 1762 3602 1834">
    <p class='ocr_par' dir='ltr' id='par_1_77' title="bbox 2037 1762 3602 1834">
     <span class='ocr_line' id='line_1_77' title="bbox 2037 1762 3602 1834; baseline 0.003 -20"><span class='ocrx_word' id='word_1_522' title='bbox 2037 1762 2198 1830; x_wconf 58' lang='lat' dir='ltr'><strong>justas</strong></span> <span class='ocrx_word' id='word_1_523' title='bbox 2227 1779 2407 1818; x_wconf 80' lang='lat' dir='ltr'><strong>causa:</strong></span> <span class='ocrx_word' id='word_1_524' title='bbox 2438 1778 2694 1833; x_wconf 76' lang='lat' dir='ltr'><strong>pra-textu</strong></span> <span class='ocrx_word' id='word_1_525' title='bbox 2751 1767 2855 1818; x_wconf 81' lang='lat' dir='ltr'><strong>tale</strong></span> <span class='ocrx_word' id='word_1_526' title='bbox 2888 1767 3013 1834; x_wconf 89' lang='lat' dir='ltr'><strong>quid</strong></span> <span class='ocrx_word' id='word_1_527' title='bbox 3071 1766 3268 1821; x_wconf 75' lang='lat' dir='ltr'><strong>fecerat</strong></span> <span class='ocrx_word' id='word_1_528' title='bbox 3319 1779 3602 1820; x_wconf 82' lang='lat' dir='ltr'><strong>contume-</strong></span> 
     </span>
    </p>
   </div>
   <div class='ocr_carea' id='block_1_78' title="bbox 2041 1852 3594 1925">
    <p class='ocr_par' dir='ltr' id='par_1_78' title="bbox 2041 1852 3594 1925">
     <span class='ocr_line' id='line_1_78' title="bbox 2041 1852 3594 1925; baseline 0.004 -21"><span class='ocrx_word' id='word_1_529' title='bbox 2041 1852 2228 1905; x_wconf 79' lang='lat' dir='ltr'><strong>liosius</strong></span> <span class='ocrx_word' id='word_1_530' title='bbox 2269 1854 2320 1907; x_wconf 90' lang='lat' dir='ltr'><strong>in</strong></span> <span class='ocrx_word' id='word_1_531' title='bbox 2353 1857 2690 1925; x_wconf 84' lang='lat' dir='ltr'><strong>episcopum,</strong></span> <span class='ocrx_word' id='word_1_532' title='bbox 2722 1856 3282 1912; x_wconf 78' lang='lat' dir='ltr'><strong>anatltematizaretur</strong></span> <span class='ocrx_word' id='word_1_533' title='bbox 3311 1875 3323 1910; x_wconf 91' lang='lat'><strong>:</strong></span> <span class='ocrx_word' id='word_1_534' title='bbox 3361 1859 3453 1912; x_wconf 84' lang='lat' dir='ltr'><strong>sed</strong></span> <span class='ocrx_word' id='word_1_535' title='bbox 3489 1860 3594 1910; x_wconf 86' lang='lat' dir='ltr'><strong>ali-</strong></span> 
     </span>
    </p>
   </div>
   <div class='ocr_carea' id='block_1_79' title="bbox 2039 1945 3599 2016">
    <p class='ocr_par' dir='ltr' id='par_1_79' title="bbox 2039 1945 3599 2016">
     <span class='ocr_line' id='line_1_79' title="bbox 2039 1945 3599 2016; baseline 0.003 -20"><span class='ocrx_word' id='word_1_536' title='bbox 2039 1959 2147 2011; x_wconf 91' lang='lat' dir='ltr'><strong>quo</strong></span> <span class='ocrx_word' id='word_1_537' title='bbox 2175 1945 2280 1998; x_wconf 88' lang='lat' dir='ltr'><strong>alio</strong></span> <span class='ocrx_word' id='word_1_538' title='bbox 2328 1947 2491 2000; x_wconf 91' lang='lat' dir='ltr'><strong>modo</strong></span> <span class='ocrx_word' id='word_1_539' title='bbox 2527 1949 2850 2016; x_wconf 85' lang='lat' dir='ltr'><strong>puniretur:</strong></span> <span class='ocrx_word' id='word_1_540' title='bbox 2904 1957 2986 2002; x_wconf 87' lang='lat' dir='ltr'><strong>est</strong></span> <span class='ocrx_word' id='word_1_541' title='bbox 3025 1958 3203 2001; x_wconf 88' lang='lat' dir='ltr'><strong>autem</strong></span> <span class='ocrx_word' id='word_1_542' title='bbox 3254 1951 3537 2001; x_wconf 81' lang='lat' dir='ltr'><strong>anathema</strong></span> <span class='ocrx_word' id='word_1_543' title='bbox 3568 1964 3599 2000; x_wconf 91' lang='lat' dir='ltr'><strong>a</strong></span> 
     </span>
    </p>
   </div>
   <div class='ocr_carea' id='block_1_80' title="bbox 2043 2034 3600 2104">
    <p class='ocr_par' dir='ltr' id='par_1_80' title="bbox 2043 2034 3600 2104">
     <span class='ocr_line' id='line_1_80' title="bbox 2043 2034 3600 2104; baseline 0.001 -17"><span class='ocrx_word' id='word_1_544' title='bbox 2043 2034 2152 2088; x_wconf 91' lang='lat' dir='ltr'><strong>Deo</strong></span> <span class='ocrx_word' id='word_1_545' title='bbox 2182 2037 2476 2104; x_wconf 86' lang='lat' dir='ltr'><strong>separatio.</strong></span> <span class='ocrx_word' id='word_1_546' title='bbox 2529 2035 2986 2102; x_wconf 76' lang='lat' dir='ltr'><strong>Quemadmmlem</strong></span> <span class='ocrx_word' id='word_1_547' title='bbox 3022 2039 3163 2089; x_wconf 87' lang='lat' dir='ltr'><strong>enim</strong></span> <span class='ocrx_word' id='word_1_548' title='bbox 3201 2037 3447 2101; x_wconf 77' lang='lat' dir='ltr'><strong>dotiaria,</strong></span> <span class='ocrx_word' id='word_1_549' title='bbox 3480 2051 3600 2103; x_wconf 68' lang='lat' dir='ltr'><strong>qua!</strong></span> 
     </span>
    </p>
   </div>
   <div class='ocr_carea' id='block_1_81' title="bbox 2045 2125 3600 2192">
    <p class='ocr_par' dir='ltr' id='par_1_81' title="bbox 2045 2125 3600 2192">
     <span class='ocr_line' id='line_1_81' title="bbox 2045 2125 3600 2192; baseline 0.002 -14"><span class='ocrx_word' id='word_1_550' title='bbox 2045 2125 2153 2179; x_wconf 84' lang='lat' dir='ltr'><strong>Deo</strong></span> <span class='ocrx_word' id='word_1_551' title='bbox 2191 2125 2519 2192; x_wconf 85' lang='lat' dir='ltr'><strong>olleruntur,</strong></span> <span class='ocrx_word' id='word_1_552' title='bbox 2552 2143 2581 2180; x_wconf 83' lang='lat' dir='ltr'><strong>a</strong></span> <span class='ocrx_word' id='word_1_553' title='bbox 2615 2129 2995 2182; x_wconf 83' lang='lat' dir='ltr'><strong>communibus</strong></span> <span class='ocrx_word' id='word_1_554' title='bbox 3025 2137 3076 2180; x_wconf 87' lang='lat' dir='ltr'><strong>et</strong></span> <span class='ocrx_word' id='word_1_555' title='bbox 3130 2129 3383 2182; x_wconf 81' lang='lat' dir='ltr'><strong>humanis</strong></span> <span class='ocrx_word' id='word_1_556' title='bbox 3433 2129 3600 2182; x_wconf 81' lang='lat' dir='ltr'><strong>rebus</strong></span> 
     </span>
    </p>
   </div>
   <div class='ocr_carea' id='block_1_82' title="bbox 2041 2221 3597 2290">
    <p class='ocr_par' dir='ltr' id='par_1_82' title="bbox 2041 2221 3597 2290">
     <span class='ocr_line' id='line_1_82' title="bbox 2041 2221 3597 2290; baseline 0 -18"><span class='ocrx_word' id='word_1_557' title='bbox 2041 2228 2362 2287; x_wconf 77' lang='lat' dir='ltr'><strong>separantur</strong></span> <span class='ocrx_word' id='word_1_558' title='bbox 2388 2234 2400 2270; x_wconf 91' lang='lat'><strong>:</strong></span> <span class='ocrx_word' id='word_1_559' title='bbox 2434 2221 2515 2274; x_wconf 89' lang='lat' dir='ltr'><strong>sic</strong></span> <span class='ocrx_word' id='word_1_560' title='bbox 2539 2229 2592 2273; x_wconf 87' lang='lat' dir='ltr'><strong>et</strong></span> <span class='ocrx_word' id='word_1_561' title='bbox 2621 2222 2712 2290; x_wconf 89' lang='lat' dir='ltr'><strong>qui</strong></span> <span class='ocrx_word' id='word_1_562' title='bbox 2739 2222 3022 2274; x_wconf 81' lang='lat' dir='ltr'><strong>anathema</strong></span> <span class='ocrx_word' id='word_1_563' title='bbox 3060 2221 3235 2275; x_wconf 82' lang='lat' dir='ltr'><strong>lactus</strong></span> <span class='ocrx_word' id='word_1_564' title='bbox 3259 2233 3343 2276; x_wconf 87' lang='lat' dir='ltr'><strong>est</strong></span> <span class='ocrx_word' id='word_1_565' title='bbox 3369 2221 3597 2274; x_wconf 77' lang='lat' dir='ltr'><strong>exscin-</strong></span> 
     </span>
    </p>
   </div>
   <div class='ocr_carea' id='block_1_83' title="bbox 2043 2310 3600 2379">
    <p class='ocr_par' dir='ltr' id='par_1_83' title="bbox 2043 2310 3600 2379">
     <span class='ocr_line' id='line_1_83' title="bbox 2043 2310 3600 2379; baseline -0.001 -17"><span class='ocrx_word' id='word_1_566' title='bbox 2043 2311 2190 2364; x_wconf 85' lang='lat' dir='ltr'><strong>ditur</strong></span> <span class='ocrx_word' id='word_1_567' title='bbox 2242 2320 2304 2364; x_wconf 88' lang='lat' dir='ltr'><strong>et&#39;</strong></span> <span class='ocrx_word' id='word_1_568' title='bbox 2324 2319 2612 2379; x_wconf 80' lang='lat' dir='ltr'><strong>separatur</strong></span> <span class='ocrx_word' id='word_1_569' title='bbox 2642 2326 2670 2364; x_wconf 90' lang='lat' dir='ltr'><strong>a</strong></span> <span class='ocrx_word' id='word_1_570' title='bbox 2708 2320 2849 2365; x_wconf 74' lang='lat' dir='ltr'><strong>cmtu</strong></span> <span class='ocrx_word' id='word_1_571' title='bbox 2887 2312 3147 2372; x_wconf 86' lang='lat' dir='ltr'><strong>lidelium,</strong></span> <span class='ocrx_word' id='word_1_572' title='bbox 3181 2310 3273 2377; x_wconf 84' lang='lat' dir='ltr'><strong>qui</strong></span> <span class='ocrx_word' id='word_1_573' title='bbox 3321 2321 3447 2363; x_wconf 86' lang='lat' dir='ltr'><strong>sunt</strong></span> <span class='ocrx_word' id='word_1_574' title='bbox 3496 2311 3600 2361; x_wconf 54' lang='lat' dir='ltr'><strong>lli-0</strong></span> 
     </span>
    </p>
   </div>
   <div class='ocr_carea' id='block_1_84' title="bbox 2042 2403 3600 2473">
    <p class='ocr_par' dir='ltr' id='par_1_84' title="bbox 2042 2403 3600 2473">
     <span class='ocr_line' id='line_1_84' title="bbox 2042 2403 3600 2473; baseline 0 -17"><span class='ocrx_word' id='word_1_575' title='bbox 2042 2403 2343 2456; x_wconf 84' lang='lat' dir='ltr'><strong>consecrati</strong></span> <span class='ocrx_word' id='word_1_576' title='bbox 2392 2411 2445 2458; x_wconf 90' lang='lat' dir='ltr'><strong>et</strong></span> <span class='ocrx_word' id='word_1_577' title='bbox 2467 2403 2722 2466; x_wconf 85' lang='lat' dir='ltr'><strong>dedicati,</strong></span> <span class='ocrx_word' id='word_1_578' title='bbox 2775 2416 2827 2457; x_wconf 89' lang='lat' dir='ltr'><strong>et</strong></span> <span class='ocrx_word' id='word_1_579' title='bbox 2870 2407 3032 2456; x_wconf 78' lang='lat' dir='ltr'><strong>etiam</strong></span> <span class='ocrx_word' id='word_1_580' title='bbox 3067 2405 3135 2456; x_wconf 87' lang='lat' dir='ltr'><strong>ab</strong></span> <span class='ocrx_word' id='word_1_581' title='bbox 3189 2404 3305 2473; x_wconf 88' lang='lat' dir='ltr'><strong>ipso</strong></span> <span class='ocrx_word' id='word_1_582' title='bbox 3361 2403 3488 2467; x_wconf 84' lang='lat' dir='ltr'><strong>Deo,</strong></span> <span class='ocrx_word' id='word_1_583' title='bbox 3544 2414 3600 2458; x_wconf 90' lang='lat' dir='ltr'><strong>et</strong></span> 
     </span>
    </p>
   </div>
   <div class='ocr_carea' id='block_1_85' title="bbox 2043 2495 3600 2566">
    <p class='ocr_par' dir='ltr' id='par_1_85' title="bbox 2043 2495 3600 2566">
     <span class='ocr_line' id='line_1_85' title="bbox 2043 2495 3600 2566; baseline 0.001 -16"><span class='ocrx_word' id='word_1_584' title='bbox 2043 2495 2256 2550; x_wconf 67' lang='lat' dir='ltr'><strong>Satanae</strong></span> <span class='ocrx_word' id='word_1_585' title='bbox 2289 2497 2542 2558; x_wconf 81' lang='lat' dir='ltr'><strong>traditur.</strong></span> <span class='ocrx_word' id='word_1_586' title='bbox 2578 2497 2873 2550; x_wconf 84' lang='lat' dir='ltr'><strong>secundum</strong></span> <span class='ocrx_word' id='word_1_587' title='bbox 2923 2513 3176 2565; x_wconf 81' lang='lat' dir='ltr'><strong>maguum</strong></span> <span class='ocrx_word' id='word_1_588' title='bbox 3227 2498 3474 2561; x_wconf 87' lang='lat' dir='ltr'><strong>Paulum,</strong></span> <span class='ocrx_word' id='word_1_589' title='bbox 3504 2499 3600 2566; x_wconf 85' lang='lat' dir='ltr'><strong>qui</strong></span> 
     </span>
    </p>
   </div>
   <div class='ocr_carea' id='block_1_86' title="bbox 2005 2589 3602 2659">
    <p class='ocr_par' dir='ltr' id='par_1_86' title="bbox 2005 2589 3602 2659">
     <span class='ocr_line' id='line_1_86' title="bbox 2005 2589 3602 2659; baseline 0.002 -18"><span class='ocrx_word' id='word_1_590' title='bbox 2005 2651 2010 2657; x_wconf 93' lang='lat'><em>_</em></span> <span class='ocrx_word' id='word_1_591' title='bbox 2048 2590 2118 2642; x_wconf 89' lang='lat' dir='ltr'><strong>ita</strong></span> <span class='ocrx_word' id='word_1_592' title='bbox 2152 2589 2376 2658; x_wconf 85' lang='lat' dir='ltr'><strong>scripsit</strong></span> <span class='ocrx_word' id='word_1_593' title='bbox 2410 2589 2734 2652; x_wconf 71' lang='lat' dir='ltr'><strong>Corinthiis,</strong></span> <span class='ocrx_word' id='word_1_594' title='bbox 2771 2589 2838 2644; x_wconf 89' lang='lat' dir='ltr'><strong>de</strong></span> <span class='ocrx_word' id='word_1_595' title='bbox 2870 2606 2959 2652; x_wconf 86' lang='lat' dir='ltr'><strong>eo,</strong></span> <span class='ocrx_word' id='word_1_596' title='bbox 2993 2591 3084 2659; x_wconf 91' lang='lat' dir='ltr'><strong>qui</strong></span> <span class='ocrx_word' id='word_1_597' title='bbox 3118 2593 3170 2644; x_wconf 92' lang='lat' dir='ltr'><strong>in</strong></span> <span class='ocrx_word' id='word_1_598' title='bbox 3206 2607 3360 2645; x_wconf 89' lang='lat' dir='ltr'><strong>suam</strong></span> <span class='ocrx_word' id='word_1_599' title='bbox 3410 2608 3602 2646; x_wconf 77' lang='lat' dir='ltr'><strong>nover-</strong></span> 
     </span>
    </p>
   </div>
   <div class='ocr_carea' id='block_1_87' title="bbox 2043 2681 3601 2746">
    <p class='ocr_par' dir='ltr' id='par_1_87' title="bbox 2043 2681 3601 2746">
     <span class='ocr_line' id='line_1_87' title="bbox 2043 2681 3601 2746; baseline 0.003 -12"><span class='ocrx_word' id='word_1_600' title='bbox 2043 2696 2159 2734; x_wconf 90' lang='lat' dir='ltr'><strong>caut</strong></span> <span class='ocrx_word' id='word_1_601' title='bbox 2195 2681 2615 2736; x_wconf 78' lang='lat' dir='ltr'><strong>fornicationem</strong></span> <span class='ocrx_word' id='word_1_602' title='bbox 2649 2685 3018 2746; x_wconf 84' lang='lat' dir='ltr'><strong>commiserat,</strong></span> <span class='ocrx_word' id='word_1_603' title='bbox 3055 2683 3266 2738; x_wconf 79' lang='lat' dir='ltr'><strong>Tradite</strong></span> <span class='ocrx_word' id='word_1_604' title='bbox 3291 2703 3408 2739; x_wconf 82' lang='lat' dir='ltr'><strong>eum</strong></span> <span class='ocrx_word' id='word_1_605' title='bbox 3444 2684 3601 2738; x_wconf 86' lang='lat' dir='ltr'><strong>Sata—</strong></span> 
     </span>
    </p>
   </div>
   <div class='ocr_carea' id='block_1_88' title="bbox 2043 2777 3602 2846">
    <p class='ocr_par' dir='ltr' id='par_1_88' title="bbox 2043 2777 3602 2846">
     <span class='ocr_line' id='line_1_88' title="bbox 2043 2777 3602 2846; baseline 0.003 -18"><span class='ocrx_word' id='word_1_606' title='bbox 2043 2791 2162 2829; x_wconf 65' lang='lat' dir='ltr'><strong>na&#39;:</strong></span> <span class='ocrx_word' id='word_1_607' title='bbox 2213 2785 2267 2829; x_wconf 79' lang='lat' dir='ltr'><strong>et</strong></span> <span class='ocrx_word' id='word_1_608' title='bbox 2316 2777 2410 2846; x_wconf 91' lang='lat' dir='ltr'><strong>qui</strong></span> <span class='ocrx_word' id='word_1_609' title='bbox 2487 2777 2650 2831; x_wconf 90' lang='lat' dir='ltr'><strong>etiam</strong></span> <span class='ocrx_word' id='word_1_610' title='bbox 2716 2778 2934 2846; x_wconf 86' lang='lat' dir='ltr'><strong>scripsit</strong></span> <span class='ocrx_word' id='word_1_611' title='bbox 2999 2779 3064 2831; x_wconf 86' lang='lat' dir='ltr'><strong>ad</strong></span> <span class='ocrx_word' id='word_1_612' title='bbox 3116 2777 3480 2840; x_wconf 80' lang='lat' dir='ltr'><strong>Timotheum,</strong></span> <span class='ocrx_word' id='word_1_613' title='bbox 3533 2781 3602 2832; x_wconf 85' lang='lat' dir='ltr'><strong>de</strong></span> 
     </span>
    </p>
   </div>
   <div class='ocr_carea' id='block_1_89' title="bbox 2045 2866 3599 2935">
    <p class='ocr_par' dir='ltr' id='par_1_89' title="bbox 2045 2866 3599 2935">
     <span class='ocr_line' id='line_1_89' title="bbox 2045 2866 3599 2935; baseline 0.001 -18"><span class='ocrx_word' id='word_1_614' title='bbox 2045 2866 2334 2935; x_wconf 70' lang='lat' dir='ltr'><strong>Hymenaeo</strong></span> <span class='ocrx_word' id='word_1_615' title='bbox 2388 2877 2441 2920; x_wconf 87' lang='lat' dir='ltr'><strong>et</strong></span> <span class='ocrx_word' id='word_1_616' title='bbox 2497 2867 2828 2931; x_wconf 80' lang='lat' dir='ltr'><strong>Alexandro,</strong></span> <span class='ocrx_word' id='word_1_617' title='bbox 2865 2867 3006 2932; x_wconf 78' lang='lat' dir='ltr'><strong>Quos</strong></span> <span class='ocrx_word' id='word_1_618' title='bbox 3045 2869 3244 2921; x_wconf 79' lang='lat' dir='ltr'><strong>tradidi</strong></span> <span class='ocrx_word' id='word_1_619' title='bbox 3280 2868 3512 2932; x_wconf 74' lang='lat' dir='ltr'><strong>Satanw,</strong></span> <span class='ocrx_word' id='word_1_620' title='bbox 3542 2879 3599 2920; x_wconf 83' lang='lat' dir='ltr'><strong>ut</strong></span> 
     </span>
    </p>
   </div>
   <div class='ocr_carea' id='block_1_90' title="bbox 2042 2958 3601 3027">
    <p class='ocr_par' dir='ltr' id='par_1_90' title="bbox 2042 2958 3601 3027">
     <span class='ocr_line' id='line_1_90' title="bbox 2042 2958 3601 3027; baseline 0.003 -16"><span class='ocrx_word' id='word_1_621' title='bbox 2042 2958 2379 3013; x_wconf 72' lang='lat' dir='ltr'><strong>discantuon</strong></span> <span class='ocrx_word' id='word_1_622' title='bbox 2425 2958 2782 3027; x_wconf 82' lang='lat' dir='ltr'><strong>blasphemare</strong></span> <span class='ocrx_word' id='word_1_623' title='bbox 2831 2961 2897 3014; x_wconf 85' lang='lat'><strong>&quot;.</strong></span> <span class='ocrx_word' id='word_1_624' title='bbox 2939 2959 2993 3014; x_wconf 87' lang='lat' dir='ltr'><strong>Si</strong></span> <span class='ocrx_word' id='word_1_625' title='bbox 3023 2970 3202 3014; x_wconf 87' lang='lat' dir='ltr'><strong>autem</strong></span> <span class='ocrx_word' id='word_1_626' title='bbox 3257 2961 3370 3015; x_wconf 66' lang='lat' dir='ltr'><strong>haec</strong></span> <span class='ocrx_word' id='word_1_627' title='bbox 3421 2963 3490 3014; x_wconf 88' lang='lat' dir='ltr'><strong>ita</strong></span> <span class='ocrx_word' id='word_1_628' title='bbox 3541 2977 3601 3015; x_wconf 82' lang='lat' dir='ltr'><strong>se</strong></span> 
     </span>
    </p>
   </div>
   <div class='ocr_carea' id='block_1_91' title="bbox 1965 3051 3596 3143">
    <p class='ocr_par' dir='ltr' id='par_1_91' title="bbox 1965 3051 3596 3143">
     <span class='ocr_line' id='line_1_91' title="bbox 1965 3051 3596 3143; baseline -0.001 -39"><span class='ocrx_word' id='word_1_629' title='bbox 1965 3081 2008 3143; x_wconf 81' lang='lat' dir='ltr'>C</span> <span class='ocrx_word' id='word_1_630' title='bbox 2045 3052 2314 3116; x_wconf 86' lang='lat' dir='ltr'><strong>habeant;</strong></span> <span class='ocrx_word' id='word_1_631' title='bbox 2349 3053 2518 3106; x_wconf 88' lang='lat' dir='ltr'><strong>multo</strong></span> <span class='ocrx_word' id='word_1_632' title='bbox 2549 3053 2717 3119; x_wconf 79' lang='lat' dir='ltr'><strong>magis</strong></span> <span class='ocrx_word' id='word_1_633' title='bbox 2743 3053 2944 3120; x_wconf 87' lang='lat' dir='ltr'><strong>quiest</strong></span> <span class='ocrx_word' id='word_1_634' title='bbox 2999 3051 3101 3104; x_wconf 86' lang='lat' dir='ltr'><strong>sub</strong></span> <span class='ocrx_word' id='word_1_635' title='bbox 3151 3052 3512 3114; x_wconf 76' lang='lat' dir='ltr'><strong>anathemata,</strong></span> <span class='ocrx_word' id='word_1_636' title='bbox 3568 3067 3596 3103; x_wconf 91' lang='lat' dir='ltr'><strong>a</strong></span> 
     </span>
    </p>
   </div>
   <div class='ocr_carea' id='block_1_92' title="bbox 2044 3142 3602 3214">
    <p class='ocr_par' dir='ltr' id='par_1_92' title="bbox 2044 3142 3602 3214">
     <span class='ocr_line' id='line_1_92' title="bbox 2044 3142 3602 3214; baseline -0.001 -17"><span class='ocrx_word' id='word_1_637' title='bbox 2044 3144 2154 3198; x_wconf 90' lang='lat' dir='ltr'><strong>Deo</strong></span> <span class='ocrx_word' id='word_1_638' title='bbox 2182 3144 2401 3213; x_wconf 82' lang='lat' dir='ltr'><strong>quidem</strong></span> <span class='ocrx_word' id='word_1_639' title='bbox 2458 3156 2762 3214; x_wconf 85' lang='lat' dir='ltr'><strong>separatur,</strong></span> <span class='ocrx_word' id='word_1_640' title='bbox 2816 3152 2870 3196; x_wconf 89' lang='lat' dir='ltr'><strong>et</strong></span> <span class='ocrx_word' id='word_1_641' title='bbox 2920 3142 3134 3197; x_wconf 68' lang='lat' dir='ltr'><strong>Satanae</strong></span> <span class='ocrx_word' id='word_1_642' title='bbox 3191 3148 3383 3197; x_wconf 86' lang='lat' dir='ltr'><strong>unitur</strong></span> <span class='ocrx_word' id='word_1_643' title='bbox 3444 3145 3602 3213; x_wconf 80' lang='lat' dir='ltr'><strong>eique</strong></span> 
     </span>
    </p>
   </div>
   <div class='ocr_carea' id='block_1_93' title="bbox 2040 3235 3602 3304">
    <p class='ocr_par' dir='ltr' id='par_1_93' title="bbox 2040 3235 3602 3304">
     <span class='ocr_line' id='line_1_93' title="bbox 2040 3235 3602 3304; baseline -0.001 -15"><span class='ocrx_word' id='word_1_644' title='bbox 2040 3235 2379 3300; x_wconf 87' lang='lat' dir='ltr'><strong>attribuitur,</strong></span> <span class='ocrx_word' id='word_1_645' title='bbox 2428 3237 2653 3304; x_wconf 88' lang='lat' dir='ltr'><strong>ipseque</strong></span> <span class='ocrx_word' id='word_1_646' title='bbox 2688 3237 2926 3304; x_wconf 72' lang='lat' dir='ltr'><strong>seipsum</strong></span> <span class='ocrx_word' id='word_1_647' title='bbox 2963 3236 3081 3304; x_wconf 86' lang='lat' dir='ltr'><strong>ejus</strong></span> <span class='ocrx_word' id='word_1_648' title='bbox 3134 3251 3331 3289; x_wconf 89' lang='lat' dir='ltr'><strong>munus</strong></span> <span class='ocrx_word' id='word_1_649' title='bbox 3383 3236 3602 3291; x_wconf 76' lang='lat' dir='ltr'><strong>dedica-</strong></span> 
     </span>
    </p>
   </div>
   <div class='ocr_carea' id='block_1_94' title="bbox 2038 3328 3603 3384">
    <p class='ocr_par' dir='ltr' id='par_1_94' title="bbox 2038 3328 3603 3384">
     <span class='ocr_line' id='line_1_94' title="bbox 2038 3328 3603 3384; baseline -0.001 -2"><span class='ocrx_word' id='word_1_650' title='bbox 2038 3337 2151 3382; x_wconf 88' lang='lat' dir='ltr'><strong>tutn</strong></span> <span class='ocrx_word' id='word_1_651' title='bbox 2178 3329 2480 3384; x_wconf 88' lang='lat' dir='ltr'><strong>constituit.</strong></span> <span class='ocrx_word' id='word_1_652' title='bbox 2518 3328 2684 3382; x_wconf 83' lang='lat' dir='ltr'><strong>Recte</strong></span> <span class='ocrx_word' id='word_1_653' title='bbox 2701 3339 2876 3382; x_wconf 88' lang='lat' dir='ltr'><strong>autem</strong></span> <span class='ocrx_word' id='word_1_654' title='bbox 2916 3329 3162 3381; x_wconf 89' lang='lat' dir='ltr'><strong>meminit</strong></span> <span class='ocrx_word' id='word_1_655' title='bbox 3191 3345 3367 3383; x_wconf 88' lang='lat' dir='ltr'><strong>canon</strong></span> <span class='ocrx_word' id='word_1_656' title='bbox 3406 3343 3603 3383; x_wconf 81' lang='lat' dir='ltr'><strong>aucto-</strong></span> 
     </span>
    </p>
   </div>
   <div class='ocr_carea' id='block_1_95' title="bbox 2037 3423 3594 3494">
    <p class='ocr_par' dir='ltr' id='par_1_95' title="bbox 2037 3423 3594 3494">
     <span class='ocr_line' id='line_1_95' title="bbox 2037 3423 3594 3494; baseline 0.001 -16"><span class='ocrx_word' id='word_1_657' title='bbox 2037 3425 2216 3478; x_wconf 83' lang='lat' dir='ltr'><strong>ritatis</strong></span> <span class='ocrx_word' id='word_1_658' title='bbox 2243 3426 2610 3494; x_wconf 75' lang='lat' dir='ltr'><strong>magistratus.</strong></span> <span class='ocrx_word' id='word_1_659' title='bbox 2645 3423 2747 3489; x_wconf 84' lang='lat' dir='ltr'><strong>Qui</strong></span> <span class='ocrx_word' id='word_1_660' title='bbox 2779 3424 2926 3478; x_wconf 87' lang='lat' dir='ltr'><strong>enim</strong></span> <span class='ocrx_word' id='word_1_661' title='bbox 2961 3438 3153 3477; x_wconf 68' lang='lat' dir='ltr'><strong>nomeo</strong></span> <span class='ocrx_word' id='word_1_662' title='bbox 3183 3436 3466 3493; x_wconf 66' lang='lat' dir='ltr'><strong>prmtextu.</strong></span> <span class='ocrx_word' id='word_1_663' title='bbox 3501 3426 3594 3479; x_wconf 81' lang='lat' dir='ltr'><strong>sed</strong></span> 
     </span>
    </p>
   </div>
   <div class='ocr_carea' id='block_1_96' title="bbox 2036 3515 3594 3586">
    <p class='ocr_par' dir='ltr' id='par_1_96' title="bbox 2036 3515 3594 3586">
     <span class='ocr_line' id='line_1_96' title="bbox 2036 3515 3594 3586; baseline 0 -14"><span class='ocrx_word' id='word_1_664' title='bbox 2036 3533 2135 3572; x_wconf 89' lang='lat' dir='ltr'><strong>sua</strong></span> <span class='ocrx_word' id='word_1_665' title='bbox 2192 3519 2557 3586; x_wconf 82' lang='lat' dir='ltr'><strong>improbitate,</strong></span> <span class='ocrx_word' id='word_1_666' title='bbox 2614 3519 2717 3570; x_wconf 88' lang='lat' dir='ltr'><strong>tale</strong></span> <span class='ocrx_word' id='word_1_667' title='bbox 2767 3515 2894 3584; x_wconf 89' lang='lat' dir='ltr'><strong>quid</strong></span> <span class='ocrx_word' id='word_1_668' title='bbox 2951 3531 3118 3568; x_wconf 81' lang='lat' dir='ltr'><strong>ausus</strong></span> <span class='ocrx_word' id='word_1_669' title='bbox 3151 3516 3333 3580; x_wconf 79' lang='lat' dir='ltr'><strong>fuerit,</strong></span> <span class='ocrx_word' id='word_1_670' title='bbox 3381 3518 3594 3572; x_wconf 82' lang='lat' dir='ltr'><strong>etiamsi</strong></span> 
     </span>
    </p>
   </div>
   <div class='ocr_carea' id='block_1_97' title="bbox 2037 3611 3599 3683">
    <p class='ocr_par' dir='ltr' id='par_1_97' title="bbox 2037 3611 3599 3683">
     <span class='ocr_line' id='line_1_97' title="bbox 2037 3611 3599 3683; baseline -0.001 -17"><span class='ocrx_word' id='word_1_671' title='bbox 2037 3613 2140 3667; x_wconf 85' lang='lat' dir='ltr'><strong>hoc</strong></span> <span class='ocrx_word' id='word_1_672' title='bbox 2169 3612 2438 3683; x_wconf 87' lang='lat' dir='ltr'><strong>probabili</strong></span> <span class='ocrx_word' id='word_1_673' title='bbox 2471 3613 2537 3666; x_wconf 87' lang='lat' dir='ltr'><strong>de</strong></span> <span class='ocrx_word' id='word_1_674' title='bbox 2561 3627 2721 3666; x_wconf 82' lang='lat' dir='ltr'><strong>causa</strong></span> <span class='ocrx_word' id='word_1_675' title='bbox 2753 3611 2962 3676; x_wconf 81' lang='lat' dir='ltr'><strong>fecerit,</strong></span> <span class='ocrx_word' id='word_1_676' title='bbox 2991 3613 3164 3681; x_wconf 75' lang='lat' dir='ltr'><strong>magis</strong></span> <span class='ocrx_word' id='word_1_677' title='bbox 3191 3613 3445 3680; x_wconf 78' lang='lat' dir='ltr'><strong>punietur</strong></span> <span class='ocrx_word' id='word_1_678' title='bbox 3474 3628 3599 3681; x_wconf 83' lang='lat' dir='ltr'><strong>pro-</strong></span> 
     </span>
    </p>
   </div>
   <div class='ocr_carea' id='block_1_98' title="bbox 2036 3702 3318 3772">
    <p class='ocr_par' dir='ltr' id='par_1_98' title="bbox 2036 3702 3318 3772">
     <span class='ocr_line' id='line_1_98' title="bbox 2036 3702 3318 3772; baseline 0.005 -18"><span class='ocrx_word' id='word_1_679' title='bbox 2036 3713 2155 3772; x_wconf 87' lang='lat' dir='ltr'><strong>pter</strong></span> <span class='ocrx_word' id='word_1_680' title='bbox 2186 3717 2454 3756; x_wconf 86' lang='lat' dir='ltr'><strong>summam</strong></span> <span class='ocrx_word' id='word_1_681' title='bbox 2495 3702 2912 3772; x_wconf 69' lang='lat' dir='ltr'><strong>impudentiqut.</strong></span> <span class='ocrx_word' id='word_1_682' title='bbox 3316 3705 3318 3708; x_wconf 76' lang='grc'><em>’</em></span> 
     </span>
    </p>
   </div>
   <div class='ocr_carea' id='block_1_99' title="bbox 2104 3795 3594 3866">
    <p class='ocr_par' dir='ltr' id='par_1_99' title="bbox 2104 3795 3594 3866">
     <span class='ocr_line' id='line_1_99' title="bbox 2104 3795 3594 3866; baseline 0 -17"><span class='ocrx_word' id='word_1_683' title='bbox 2104 3795 2352 3851; x_wconf 78' lang='lat' dir='ltr'><strong>ZONAR.</strong></span> <span class='ocrx_word' id='word_1_684' title='bbox 2378 3797 2535 3851; x_wconf 85' lang='lat' dir='ltr'><strong>Nullo</strong></span> <span class='ocrx_word' id='word_1_685' title='bbox 2559 3813 2790 3866; x_wconf 89' lang='lat' dir='ltr'><strong>unquam</strong></span> <span class='ocrx_word' id='word_1_686' title='bbox 2812 3807 3050 3866; x_wconf 84' lang='lat' dir='ltr'><strong>tempore</strong></span> <span class='ocrx_word' id='word_1_687' title='bbox 3077 3797 3213 3851; x_wconf 87' lang='lat' dir='ltr'><strong>mala</strong></span> <span class='ocrx_word' id='word_1_688' title='bbox 3239 3798 3290 3851; x_wconf 89' lang='lat' dir='ltr'><strong>in</strong></span> <span class='ocrx_word' id='word_1_689' title='bbox 3316 3799 3594 3852; x_wconf 84' lang='lat' dir='ltr'><strong>hominum</strong></span> 
     </span>
    </p>
   </div>
   <div class='ocr_carea' id='block_1_100' title="bbox 2035 3887 3598 3959">
    <p class='ocr_par' dir='ltr' id='par_1_100' title="bbox 2035 3887 3598 3959">
     <span class='ocr_line' id='line_1_100' title="bbox 2035 3887 3598 3959; baseline 0.001 -17"><span class='ocrx_word' id='word_1_690' title='bbox 2035 3889 2142 3942; x_wconf 84' lang='lat' dir='ltr'><strong>vita</strong></span> <span class='ocrx_word' id='word_1_691' title='bbox 2167 3888 2501 3942; x_wconf 69' lang='lat' dir='ltr'><strong>defecerunt.</strong></span> <span class='ocrx_word' id='word_1_692' title='bbox 2533 3887 2667 3940; x_wconf 81' lang='lat' dir='ltr'><strong>\‘era</strong></span> <span class='ocrx_word' id='word_1_693' title='bbox 2706 3891 2902 3957; x_wconf 89' lang='lat' dir='ltr'><strong>quippe</strong></span> <span class='ocrx_word' id='word_1_694' title='bbox 2935 3891 3020 3942; x_wconf 90' lang='lat' dir='ltr'><strong>illa</strong></span> <span class='ocrx_word' id='word_1_695' title='bbox 3057 3905 3119 3943; x_wconf 92' lang='lat' dir='ltr'><strong>ac</strong></span> <span class='ocrx_word' id='word_1_696' title='bbox 3163 3902 3308 3944; x_wconf 90' lang='lat' dir='ltr'><strong>certa</strong></span> <span class='ocrx_word' id='word_1_697' title='bbox 3336 3893 3598 3959; x_wconf 74' lang='lat' dir='ltr'><strong>sapientis</strong></span> 
     </span>
    </p>
   </div>
   <div class='ocr_carea' id='block_1_101' title="bbox 2037 3980 3594 4049">
    <p class='ocr_par' dir='ltr' id='par_1_101' title="bbox 2037 3980 3594 4049">
     <span class='ocr_line' id='line_1_101' title="bbox 2037 3980 3594 4049; baseline -0.001 -14"><span class='ocrx_word' id='word_1_698' title='bbox 2037 3982 2304 4035; x_wconf 87' lang='lat' dir='ltr'><strong>sententia</strong></span> <span class='ocrx_word' id='word_1_699' title='bbox 2342 3981 2522 4048; x_wconf 81' lang='lat' dir='ltr'><strong>plures</strong></span> <span class='ocrx_word' id='word_1_700' title='bbox 2577 3981 2850 4046; x_wconf 85' lang='lat' dir='ltr'><strong>improbos</strong></span> <span class='ocrx_word' id='word_1_701' title='bbox 2878 3981 3298 4048; x_wconf 85' lang='lat' dir='ltr'><strong>pronuntiantis.</strong></span> <span class='ocrx_word' id='word_1_702' title='bbox 3333 3980 3594 4049; x_wconf 72' lang='lat' dir='ltr'><strong>Eccejaut</strong></span> 
     </span>
    </p>
   </div>
   <div class='ocr_carea' id='block_1_102' title="bbox 2035 4074 3597 4140">
    <p class='ocr_par' dir='ltr' id='par_1_102' title="bbox 2035 4074 3597 4140">
     <span class='ocr_line' id='line_1_102' title="bbox 2035 4074 3597 4140; baseline 0.001 -14"><span class='ocrx_word' id='word_1_703' title='bbox 2035 4075 2163 4128; x_wconf 88' lang='lat' dir='ltr'><strong>olim</strong></span> <span class='ocrx_word' id='word_1_704' title='bbox 2223 4089 2250 4128; x_wconf 89' lang='lat' dir='ltr'><strong>a</strong></span> <span class='ocrx_word' id='word_1_705' title='bbox 2309 4074 2460 4127; x_wconf 87' lang='lat' dir='ltr'><strong>laicis</strong></span> <span class='ocrx_word' id='word_1_706' title='bbox 2521 4074 2711 4124; x_wconf 72' lang='lat' dir='ltr'><strong>stitumi</strong></span> <span class='ocrx_word' id='word_1_707' title='bbox 2760 4074 3067 4126; x_wconf 76' lang='lat' dir='ltr'><strong>sacerdotes</strong></span> <span class='ocrx_word' id='word_1_708' title='bbox 3099 4075 3441 4140; x_wconf 77' lang='lat' dir='ltr'><strong>vapulabant,</strong></span> <span class='ocrx_word' id='word_1_709' title='bbox 3479 4089 3597 4129; x_wconf 87' lang='lat' dir='ltr'><strong>car-</strong></span> 
     </span>
    </p>
   </div>
   <div class='ocr_carea' id='block_1_103' title="bbox 2037 4164 3596 4233">
    <p class='ocr_par' dir='ltr' id='par_1_103' title="bbox 2037 4164 3596 4233">
     <span class='ocr_line' id='line_1_103' title="bbox 2037 4164 3596 4233; baseline -0.001 -12"><span class='ocrx_word' id='word_1_710' title='bbox 2037 4167 2256 4231; x_wconf 85' lang='lat' dir='ltr'><strong>cerique</strong></span> <span class='ocrx_word' id='word_1_711' title='bbox 2289 4164 2760 4233; x_wconf 88' lang='lat' dir='ltr'><strong>mancipabantur.</strong></span> <span class='ocrx_word' id='word_1_712' title='bbox 2798 4165 2852 4216; x_wconf 81' lang='lat' dir='ltr'><strong>Si</strong></span> <span class='ocrx_word' id='word_1_713' title='bbox 2887 4166 3009 4232; x_wconf 89' lang='lat' dir='ltr'><strong>quis</strong></span> <span class='ocrx_word' id='word_1_714' title='bbox 3041 4164 3205 4231; x_wconf 74' lang='lat' dir='ltr'><strong>igitur</strong></span> <span class='ocrx_word' id='word_1_715' title='bbox 3232 4164 3400 4218; x_wconf 82' lang='lat' dir='ltr'><strong>laicus</strong></span> <span class='ocrx_word' id='word_1_716' title='bbox 3430 4166 3596 4233; x_wconf 78' lang='lat' dir='ltr'><strong>impe-</strong></span> 
     </span>
    </p>
   </div>
   <div class='ocr_carea' id='block_1_104' title="bbox 2036 4256 3591 4327">
    <p class='ocr_par' dir='ltr' id='par_1_104' title="bbox 2036 4256 3591 4327">
     <span class='ocr_line' id='line_1_104' title="bbox 2036 4256 3591 4327; baseline -0.003 -14"><span class='ocrx_word' id='word_1_717' title='bbox 2036 4261 2175 4313; x_wconf 88' lang='lat' dir='ltr'><strong>rimn</strong></span> <span class='ocrx_word' id='word_1_718' title='bbox 2206 4273 2268 4313; x_wconf 89' lang='lat' dir='ltr'><strong>ac</strong></span> <span class='ocrx_word' id='word_1_719' title='bbox 2304 4266 2622 4327; x_wconf 82' lang='lat' dir='ltr'><strong>potestatem</strong></span> <span class='ocrx_word' id='word_1_720' title='bbox 2652 4256 2998 4325; x_wconf 79' lang='lat' dir='ltr'><strong>magistratus</strong></span> <span class='ocrx_word' id='word_1_721' title='bbox 3028 4270 3320 4324; x_wconf 88' lang='lat' dir='ltr'><strong>usurpans,</strong></span> <span class='ocrx_word' id='word_1_722' title='bbox 3353 4257 3434 4312; x_wconf 86' lang='lat' dir='ltr'><strong>vel</strong></span> <span class='ocrx_word' id='word_1_723' title='bbox 3477 4257 3591 4325; x_wconf 86' lang='lat' dir='ltr'><strong>spi-</strong></span> 
     </span>
    </p>
   </div>
   <div class='ocr_carea' id='block_1_105' title="bbox 2037 4346 3597 4417">
    <p class='ocr_par' dir='ltr' id='par_1_105' title="bbox 2037 4346 3597 4417">
     <span class='ocr_line' id='line_1_105' title="bbox 2037 4346 3597 4417; baseline -0.001 -13"><span class='ocrx_word' id='word_1_724' title='bbox 2037 4351 2284 4405; x_wconf 85' lang='lat' dir='ltr'><strong>ritualem</strong></span> <span class='ocrx_word' id='word_1_725' title='bbox 2313 4349 2529 4405; x_wconf 89' lang='lat' dir='ltr'><strong>sibimet</strong></span> <span class='ocrx_word' id='word_1_726' title='bbox 2551 4361 2735 4401; x_wconf 87' lang='lat' dir='ltr'><strong>necem</strong></span> <span class='ocrx_word' id='word_1_727' title='bbox 2765 4346 2996 4400; x_wconf 76' lang='lat' dir='ltr'><strong>olfereus</strong></span> <span class='ocrx_word' id='word_1_728' title='bbox 3061 4347 3228 4413; x_wconf 88' lang='lat' dir='ltr'><strong>(nam</strong></span> <span class='ocrx_word' id='word_1_729' title='bbox 3279 4347 3324 4402; x_wconf 88' lang='lat' dir='ltr'><strong>is</strong></span> <span class='ocrx_word' id='word_1_730' title='bbox 3381 4363 3597 4417; x_wconf 87' lang='lat' dir='ltr'><strong>quoque</strong></span> 
     </span>
    </p>
   </div>
   <div class='ocr_carea' id='block_1_106' title="bbox 1965 4427 3595 4514">
    <p class='ocr_par' dir='ltr' id='par_1_106' title="bbox 1965 4427 3595 4514">
     <span class='ocr_line' id='line_1_106' title="bbox 1965 4427 3595 4514; baseline -0.003 -17"><span class='ocrx_word' id='word_1_731' title='bbox 1965 4427 2006 4480; x_wconf 74' lang='grc' dir='ltr'><strong>ί)</strong></span> <span class='ocrx_word' id='word_1_732' title='bbox 2041 4445 2304 4514; x_wconf 77' lang='grc' dir='ltr'>αὐθέντης</span> <span class='ocrx_word' id='word_1_733' title='bbox 2329 4443 2548 4504; x_wconf 89' lang='lat' dir='ltr'><strong>dicitur,</strong></span> <span class='ocrx_word' id='word_1_734' title='bbox 2572 4442 2660 4510; x_wconf 90' lang='lat' dir='ltr'><strong>qui</strong></span> <span class='ocrx_word' id='word_1_735' title='bbox 2691 4455 2748 4493; x_wconf 88' lang='lat' dir='ltr'><strong>se</strong></span> <span class='ocrx_word' id='word_1_736' title='bbox 2777 4441 2890 4508; x_wconf 87' lang='lat' dir='ltr'><strong>ipse</strong></span> <span class='ocrx_word' id='word_1_737' title='bbox 2936 4439 3236 4509; x_wconf 82' lang='lat' dir='ltr'><strong>interﬁcit),</strong></span> <span class='ocrx_word' id='word_1_738' title='bbox 3259 4448 3311 4493; x_wconf 89' lang='lat' dir='ltr'><strong>et</strong></span> <span class='ocrx_word' id='word_1_739' title='bbox 3351 4451 3595 4495; x_wconf 84' lang='lat' dir='ltr'><strong>contem-</strong></span> 
     </span>
    </p>
   </div>
   <div class='ocr_carea' id='block_1_107' title="bbox 2041 4530 3595 4604">
    <p class='ocr_par' dir='ltr' id='par_1_107' title="bbox 2041 4530 3595 4604">
     <span class='ocr_line' id='line_1_107' title="bbox 2041 4530 3595 4604; baseline -0.001 -18"><span class='ocrx_word' id='word_1_740' title='bbox 2041 4535 2150 4604; x_wconf 83' lang='lat' dir='ltr'><strong>ptis</strong></span> <span class='ocrx_word' id='word_1_741' title='bbox 2185 4535 2574 4601; x_wconf 89' lang='lat' dir='ltr'><strong>imperatorum</strong></span> <span class='ocrx_word' id='word_1_742' title='bbox 2610 4530 2824 4592; x_wconf 82' lang='lat' dir='ltr'><strong>edictis,</strong></span> <span class='ocrx_word' id='word_1_743' title='bbox 2853 4530 3316 4598; x_wconf 80' lang='lat' dir='ltr'><strong>formidandisque</strong></span> <span class='ocrx_word' id='word_1_744' title='bbox 3343 4531 3595 4585; x_wconf 77' lang='lat' dir='ltr'><strong>Ecclesia:</strong></span> 
     </span>
    </p>
   </div>
   <div class='ocr_carea' id='block_1_108' title="bbox 2036 4622 3596 4692">
    <p class='ocr_par' dir='ltr' id='par_1_108' title="bbox 2036 4622 3596 4692">
     <span class='ocr_line' id='line_1_108' title="bbox 2036 4622 3596 4692; baseline -0.004 -11"><span class='ocrx_word' id='word_1_745' title='bbox 2036 4626 2301 4680; x_wconf 85' lang='lat' dir='ltr'><strong>institutis</strong></span> <span class='ocrx_word' id='word_1_746' title='bbox 2352 4623 2669 4692; x_wconf 75' lang='lat' dir='ltr'><strong>legibusque</strong></span> <span class='ocrx_word' id='word_1_747' title='bbox 2737 4622 3000 4690; x_wconf 60' lang='lat' dir='ltr'><strong>neglectis</strong></span> <span class='ocrx_word' id='word_1_748' title='bbox 3051 4622 3337 4691; x_wconf 84' lang='lat' dir='ltr'><strong>(instituta</strong></span> <span class='ocrx_word' id='word_1_749' title='bbox 3389 4637 3596 4692; x_wconf 83' lang='lat' dir='ltr'><strong>porro,</strong></span> 
     </span>
    </p>
   </div>
   <div class='ocr_carea' id='block_1_109' title="bbox 2035 4712 3596 4794">
    <p class='ocr_par' dir='ltr' id='par_1_109' title="bbox 2035 4712 3596 4794">
     <span class='ocr_line' id='line_1_109' title="bbox 2035 4712 3596 4794; baseline -0.005 -22"><span class='ocrx_word' id='word_1_750' title='bbox 2035 4718 2224 4772; x_wconf 69' lang='lat' dir='ltr'><strong>Graece</strong></span> <span class='ocrx_word' id='word_1_751' title='bbox 2256 4717 2513 4782; x_wconf 75' lang='grc' dir='ltr'>θεσμοὺς,</span> <span class='ocrx_word' id='word_1_752' title='bbox 2542 4714 2641 4766; x_wconf 81' lang='lat' dir='ltr'><strong>hoc</strong></span> <span class='ocrx_word' id='word_1_753' title='bbox 2680 4715 2796 4766; x_wconf 86' lang='lat' dir='ltr'><strong>loco</strong></span> <span class='ocrx_word' id='word_1_754' title='bbox 2837 4712 3265 4794; x_wconf 71' lang='lat' dir='ltr'><strong>consuetudines</strong></span> <span class='ocrx_word' id='word_1_755' title='bbox 3305 4730 3406 4766; x_wconf 82' lang='lat' dir='ltr'><strong>non</strong></span> <span class='ocrx_word' id='word_1_756' title='bbox 3459 4714 3596 4766; x_wconf 87' lang='lat' dir='ltr'><strong>seri-</strong></span> 
     </span>
    </p>
   </div>
   <div class='ocr_carea' id='block_1_110' title="bbox 2035 4802 3595 4877">
    <p class='ocr_par' dir='ltr' id='par_1_110' title="bbox 2035 4802 3595 4877">
     <span class='ocr_line' id='line_1_110' title="bbox 2035 4802 3595 4877; baseline -0.007 -18"><span class='ocrx_word' id='word_1_757' title='bbox 2035 4821 2175 4877; x_wconf 83' lang='lat' dir='ltr'><strong>ptas.</strong></span> <span class='ocrx_word' id='word_1_758' title='bbox 2200 4806 2705 4872; x_wconf 84' lang='lat' dir='ltr'><strong>ecclesiasticasque</strong></span> <span class='ocrx_word' id='word_1_759' title='bbox 2746 4802 3359 4872; x_wconf 72' lang='lat' dir='ltr'><strong>alitiqttastraditiOItes,</strong></span> <span class='ocrx_word' id='word_1_760' title='bbox 3399 4802 3595 4867; x_wconf 71' lang='grc' dir='ltr'>νῧμους</span> 
     </span>
    </p>
   </div>
   <div class='ocr_carea' id='block_1_111' title="bbox 2040 4895 3592 4965">
    <p class='ocr_par' dir='ltr' id='par_1_111' title="bbox 2040 4895 3592 4965">
     <span class='ocr_line' id='line_1_111' title="bbox 2040 4895 3592 4965; baseline -0.01 -11"><span class='ocrx_word' id='word_1_761' title='bbox 2040 4915 2167 4954; x_wconf 88' lang='lat' dir='ltr'><strong>vero</strong></span> <span class='ocrx_word' id='word_1_762' title='bbox 2194 4899 2336 4965; x_wconf 76' lang='lat' dir='ltr'><strong>leges</strong></span> <span class='ocrx_word' id='word_1_763' title='bbox 2387 4897 2617 4964; x_wconf 86' lang='lat' dir='ltr'><strong>scriptas</strong></span> <span class='ocrx_word' id='word_1_764' title='bbox 2668 4895 2884 4964; x_wconf 78' lang='lat' dir='ltr'><strong>vocat),</strong></span> <span class='ocrx_word' id='word_1_765' title='bbox 2922 4895 3234 4963; x_wconf 89' lang='lat' dir='ltr'><strong>episcopum</strong></span> <span class='ocrx_word' id='word_1_766' title='bbox 3285 4907 3592 4960; x_wconf 86' lang='lat' dir='ltr'><strong>quemp:am</strong></span> 
     </span>
    </p>
   </div>
   <div class='ocr_carea' id='block_1_112' title="bbox 2040 4985 3594 5055">
    <p class='ocr_par' dir='ltr' id='par_1_112' title="bbox 2040 4985 3594 5055">
     <span class='ocr_line' id='line_1_112' title="bbox 2040 4985 3594 5055; baseline -0.008 -11"><span class='ocrx_word' id='word_1_767' title='bbox 2040 4993 2326 5046; x_wconf 78' lang='lat' dir='ltr'><strong>verberare</strong></span> <span class='ocrx_word' id='word_1_768' title='bbox 2360 5004 2527 5042; x_wconf 83' lang='lat' dir='ltr'><strong>ausus</strong></span> <span class='ocrx_word' id='word_1_769' title='bbox 2562 4987 2725 5041; x_wconf 78' lang='lat' dir='ltr'><strong>fuerit</strong></span> <span class='ocrx_word' id='word_1_770' title='bbox 2762 4987 3030 5055; x_wconf 67' lang='lat' dir='ltr'><strong>(audaciae</strong></span> <span class='ocrx_word' id='word_1_771' title='bbox 3072 4987 3213 5038; x_wconf 90' lang='lat' dir='ltr'><strong>enim</strong></span> <span class='ocrx_word' id='word_1_772' title='bbox 3267 4985 3507 5050; x_wconf 71' lang='lat' dir='ltr'><strong>prol‘eeto</strong></span> <span class='ocrx_word' id='word_1_773' title='bbox 3533 4995 3594 5032; x_wconf 89' lang='lat' dir='ltr'><strong>ea</strong></span> 
     </span>
    </p>
   </div>
   <div class='ocr_carea' id='block_1_113' title="bbox 2039 5074 3593 5152">
    <p class='ocr_par' dir='ltr' id='par_1_113' title="bbox 2039 5074 3593 5152">
     <span class='ocr_line' id='line_1_113' title="bbox 2039 5074 3593 5152; baseline -0.01 -14"><span class='ocrx_word' id='word_1_774' title='bbox 2039 5101 2165 5146; x_wconf 82' lang='lat' dir='ltr'><strong>res,</strong></span> <span class='ocrx_word' id='word_1_775' title='bbox 2227 5092 2390 5152; x_wconf 89' lang='lat' dir='ltr'><strong>atque</strong></span> <span class='ocrx_word' id='word_1_776' title='bbox 2458 5081 2818 5134; x_wconf 84' lang='lat' dir='ltr'><strong>intolerabilis</strong></span> <span class='ocrx_word' id='word_1_777' title='bbox 2875 5076 3214 5132; x_wconf 69' lang='lat' dir='ltr'><strong>conﬁdentia:</strong></span> <span class='ocrx_word' id='word_1_778' title='bbox 3281 5074 3593 5141; x_wconf 87' lang='lat' dir='ltr'><strong>episcopum</strong></span> 
     </span>
    </p>
   </div>
   <div class='ocr_carea' id='block_1_114' title="bbox 2037 5166 3590 5248">
    <p class='ocr_par' dir='ltr' id='par_1_114' title="bbox 2037 5166 3590 5248">
     <span class='ocr_line' id='line_1_114' title="bbox 2037 5166 3590 5248; baseline -0.012 -17"><span class='ocrx_word' id='word_1_779' title='bbox 2037 5181 2338 5248; x_wconf 88' lang='lat' dir='ltr'><strong>quempiam</strong></span> <span class='ocrx_word' id='word_1_780' title='bbox 2369 5173 2712 5240; x_wconf 72' lang='lat' dir='ltr'><strong>verberare);</strong></span> <span class='ocrx_word' id='word_1_781' title='bbox 2746 5187 2808 5223; x_wconf 81' lang='lat' dir='ltr'><strong>ex</strong></span> <span class='ocrx_word' id='word_1_782' title='bbox 2863 5185 2926 5222; x_wconf 90' lang='lat' dir='ltr'><strong>eo</strong></span> <span class='ocrx_word' id='word_1_783' title='bbox 2981 5183 3106 5220; x_wconf 77' lang='lat' dir='ltr'><strong>vero</strong></span> <span class='ocrx_word' id='word_1_784' title='bbox 3135 5167 3278 5234; x_wconf 77' lang='lat' dir='ltr'><strong>quod</strong></span> <span class='ocrx_word' id='word_1_785' title='bbox 3333 5166 3590 5226; x_wconf 76' lang='lat' dir='ltr'><strong>verbum,</strong></span> 
     </span>
    </p>
   </div>
   <div class='ocr_carea' id='block_1_115' title="bbox 2038 5260 3594 5340">
    <p class='ocr_par' dir='ltr' id='par_1_115' title="bbox 2038 5260 3594 5340">
     <span class='ocr_line' id='line_1_115' title="bbox 2038 5260 3594 5340; baseline -0.009 -19"><span class='ocrx_word' id='word_1_786' title='bbox 2038 5270 2365 5340; x_wconf 88' lang='lat' dir='ltr'><strong>quempiam,</strong></span> <span class='ocrx_word' id='word_1_787' title='bbox 2398 5265 2628 5326; x_wconf 86' lang='lat' dir='ltr'><strong>addidit,</strong></span> <span class='ocrx_word' id='word_1_788' title='bbox 2667 5280 2770 5315; x_wconf 86' lang='lat' dir='ltr'><strong>non</strong></span> <span class='ocrx_word' id='word_1_789' title='bbox 2798 5261 2960 5314; x_wconf 88' lang='lat' dir='ltr'><strong>modo</strong></span> <span class='ocrx_word' id='word_1_790' title='bbox 2988 5260 3254 5325; x_wconf 72' lang='lat' dir='ltr'><strong>insignem</strong></span> <span class='ocrx_word' id='word_1_791' title='bbox 3283 5271 3392 5325; x_wconf 74' lang='lat' dir='ltr'><strong>pra:</strong></span> <span class='ocrx_word' id='word_1_792' title='bbox 3439 5266 3594 5309; x_wconf 83' lang='lat' dir='ltr'><strong>c:ete-</strong></span> 
     </span>
    </p>
   </div>
   <div class='ocr_carea' id='block_1_116' title="bbox 2022 5350 3588 5428">
    <p class='ocr_par' dir='ltr' id='par_1_116' title="bbox 2022 5350 3588 5428">
     <span class='ocr_line' id='line_1_116' title="bbox 2022 5350 3588 5428; baseline -0.011 -13"><span class='ocrx_word' id='word_1_793' title='bbox 2022 5363 2117 5415; x_wconf 86' lang='lat' dir='ltr'><strong>&#39;ris</strong></span> <span class='ocrx_word' id='word_1_794' title='bbox 2140 5360 2474 5428; x_wconf 84' lang='lat' dir='ltr'><strong>episcopum,</strong></span> <span class='ocrx_word' id='word_1_795' title='bbox 2504 5357 2595 5410; x_wconf 76' lang='lat' dir='ltr'><strong>sed</strong></span> <span class='ocrx_word' id='word_1_796' title='bbox 2649 5367 3030 5422; x_wconf 87' lang='lat' dir='ltr'><strong>quemcunque</strong></span> <span class='ocrx_word' id='word_1_797' title='bbox 3063 5351 3222 5402; x_wconf 84' lang='lat' dir='ltr'><strong>etiam</strong></span> <span class='ocrx_word' id='word_1_798' title='bbox 3256 5350 3545 5402; x_wconf 83' lang='lat' dir='ltr'><strong>obscurum</strong></span> <span class='ocrx_word' id='word_1_799' title='bbox 3573 5387 3588 5410; x_wconf 90' lang='lat'><strong>,</strong></span> 
     </span>
    </p>
   </div>
   <div class='ocr_carea' id='block_1_117' title="bbox 2041 5442 3588 5524">
    <p class='ocr_par' dir='ltr' id='par_1_117' title="bbox 2041 5442 3588 5524">
     <span class='ocr_line' id='line_1_117' title="bbox 2041 5442 3588 5524; baseline -0.009 -18"><span class='ocrx_word' id='word_1_800' title='bbox 2041 5453 2392 5524; x_wconf 83' lang='lat' dir='ltr'><strong>pluribusque</strong></span> <span class='ocrx_word' id='word_1_801' title='bbox 2418 5449 2683 5517; x_wconf 82' lang='lat' dir='ltr'><strong>ignotum,</strong></span> <span class='ocrx_word' id='word_1_802' title='bbox 2716 5444 2987 5514; x_wconf 82' lang='lat' dir='ltr'><strong>al-jectum</strong></span> <span class='ocrx_word' id='word_1_803' title='bbox 3037 5442 3322 5505; x_wconf 88' lang='lat' dir='ltr'><strong>videlicet,</strong></span> <span class='ocrx_word' id='word_1_804' title='bbox 3375 5451 3426 5494; x_wconf 91' lang='lat' dir='ltr'><strong>et</strong></span> <span class='ocrx_word' id='word_1_805' title='bbox 3474 5457 3588 5492; x_wconf 89' lang='lat' dir='ltr'><strong>ma-</strong></span> 
     </span>
    </p>
   </div>
   <div class='ocr_carea' id='block_1_118' title="bbox 2038 5533 3590 5611">
    <p class='ocr_par' dir='ltr' id='par_1_118' title="bbox 2038 5533 3590 5611">
     <span class='ocr_line' id='line_1_118' title="bbox 2038 5533 3590 5611; baseline -0.01 -9"><span class='ocrx_word' id='word_1_806' title='bbox 2038 5549 2180 5602; x_wconf 78' lang='lat' dir='ltr'><strong>xime</strong></span> <span class='ocrx_word' id='word_1_807' title='bbox 2212 5544 2451 5611; x_wconf 87' lang='lat' dir='ltr'><strong>inopem,</strong></span> <span class='ocrx_word' id='word_1_808' title='bbox 2485 5538 2632 5593; x_wconf 85' lang='lat' dir='ltr'><strong>nullo</strong></span> <span class='ocrx_word' id='word_1_809' title='bbox 2665 5537 2824 5591; x_wconf 89' lang='lat' dir='ltr'><strong>modo</strong></span> <span class='ocrx_word' id='word_1_810' title='bbox 2870 5535 3144 5590; x_wconf 74' lang='lat' dir='ltr'><strong>verberari</strong></span> <span class='ocrx_word' id='word_1_811' title='bbox 3180 5572 3194 5590; x_wconf 83' lang='lat'><em>.</em></span> <span class='ocrx_word' id='word_1_812' title='bbox 3250 5541 3342 5588; x_wconf 81' lang='lat' dir='ltr'><strong>aut</strong></span> <span class='ocrx_word' id='word_1_813' title='bbox 3383 5533 3590 5589; x_wconf 84' lang='lat' dir='ltr'><strong>carceri</strong></span> 
     </span>
    </p>
   </div>
  </div>
