4014 6224
346 285 486 353 i097

1465 294 1548 354 IN
1588 296 1755 358 CAN.
1799 296 1825 357 Ι
1865 296 2080 360 CONC.
2108 299 2528 364 CARTHAG..

3349 303 3362 313 ’
3461 309 3592 373 1098

341 404 437 456 καὶ
503 403 620 473 μετ’
673 402 840 475 αὐτὴν
895 405 954 459 ἐν
1026 404 1328 477 ’Δντιοχείᾳ
1375 405 1477 478 τῆς
1527 408 1728 480 Συρίας
1773 410 1908 464 κατὰ

2024 412 2124 470 fuit
2155 412 2210 468 in
2237 413 2528 506 Antiochia
2562 413 2733 486 Syria:
2764 416 3030 476 adversus
3082 418 3309 476 Paulum
3346 417 3596 480 Samosa-

340 493 554 548 Παῦλον
581 494 672 547 τοῦ
707 496 1064 566 Σαμοσατὲως
1090 497 1184 550 ἐπὶ
1233 498 1575 566 Αὐρηλιανοῦ
1626 500 1916 569 βασιλέως.

341 588 821 659 Συνηθροίσθησαν
842 589 896 641 δὲ
924 590 1004 652 είς
1028 590 1356 660 Καρχηδόνα
1405 593 1738 663 ὀγδοήκοντα
1781 593 1918 664 πρὸς

343 682 456 743 τοῖς
491 681 786 749 τέσσαρσιν
830 679 979 748 ἅγιοι
1012 681 1277 752 Πατέρες,
1310 683 1402 735 καὶ
1439 684 1836 754 συνεζήτησαν,
1867 685 1916 738 εί

338 772 446 841 χρὴ
471 770 832 840 βαπτίζεσθαι
870 774 996 834 τοὺς
1045 773 1106 837 ἐξ
1163 774 1425 844 αἱρέσεως
1489 776 1918 846 ἐπιστρέφοντας

339 861 714 926 εἰδωλοθύτας,
773 862 913 915 κατὰ
946 863 1045 933 τὴν
1087 866 1214 935 περὶ
1255 865 1448 918 τούτου
1495 864 1766 938 ἐρώτησιν
1820 868 1916 921 τοῦ

338 952 637 1005 ἐπισκόπου
708 952 988 1007 ’ἰοδιανοῦ.
1040 953 1165 1007 Ὀτι
1217 953 1273 1006 δὲ
1323 956 1442 1007 τότε
1471 955 1574 1028 καὶ,
1606 957 1634 1009 ό
1664 956 1918 1021 Ναυάτος

339 1040 717 1110 πρεσϐύτερος
752 1039 828 1094 ὢν
878 1044 978 1111 τῆς
1042 1040 1335 1113 Ῥωμαίων
1382 1042 1710 1113 Ἐκκλησίσς
1742 1045 1916 1119 καθῃ-

339 1133 493 1203 ρέθη,
514 1131 590 1196 ὡς
625 1133 700 1202 μὴ
726 1133 1018 1203 δεχόμενος
1041 1135 1121 1197 είς
1155 1136 1446 1204 μετάνοιαν
1493 1136 1619 1200 τοὺς
1647 1136 1916 1203 θύσαντας

337 1226 450 1284 τοῖς
478 1222 740 1287 εἰδώλοις,
769 1224 1068 1278 κάντεῦθεν
1095 1225 1268 1278 ἐποίει
1313 1225 1518 1297 σχίσμα
1557 1230 1697 1296 μετά
1753 1247 1916 1282 τινων

336 1313 635 1380 ἀσυνέτων,
651 1314 1275 1386 ἐπολυπραγμονήθηγεί
1294 1319 1400 1390 χρὴ
1418 1319 1512 1370 καὶ
1535 1320 1662 1382 τοὺς
1680 1336 1916 1390 σχισμα-

337 1405 524 1466 τικοὺς
555 1404 938 1474 βαπτίζεσθαι,
967 1406 1043 1471 ὡς
1080 1409 1172 1462 καὶ
1195 1408 1356 1462 τοῦτο
1383 1411 1763 1481 ἐρωτήσαντος
1788 1411 1917 1474 τοὺς

349 1495 636 1550 ’1ο6ιανοῦ.

407 1591 656 1647 ΖΩΝΑΡ.
695 1591 846 1662 Αὕτη
904 1593 941 1663 ἠ
992 1595 1208 1659 σύνοδος
1270 1597 1460 1649 πασῶν
1515 1596 1624 1650 τῶν
1680 1596 1914 1650 συνόδων

332 1684 738 1754 προγενεστέρα
769 1687 907 1741 ἐστί.
960 1688 1288 1758 Προτερεύει
1321 1689 1422 1758 μὲν
1452 1691 1558 1760 γὰρ
1604 1690 1712 1742 τῶν
1737 1689 1912 1745 ἄλλων

330 1772 365 1840 ἡ
399 1774 457 1825 ἐν
509 1772 810 1846 Ἀντιοχείᾳ
830 1777 928 1846 τῆς
964 1757 1167 1847 Συρίας
1194 1757 1470 1847 γεγονυῖα
1495 1757 1714 1842 σύνοδος
1770 1779 1914 1832 κατὰ
1946 1757 1988 1813 Β

331 1863 548 1917 Παύλου
601 1865 696 1917 τοῦ
741 1868 1124 1936 Σαμοσατέως,
1157 1870 1281 1939 ἥτις
1314 1870 1408 1924 ἐπὶ
1431 1870 1774 1942 Αὐρηλιανοῦ
1812 1873 1913 1942 βα·

321 1953 526 2018 σσιλέως
564 1955 870 2027 ἠθροίσθη·
937 1958 1077 2030 αὕτη
1147 1959 1206 2013 δὲ
1263 1962 1529 2032 κάκείνης
1577 1964 1914 2035 ἀρχαιοτέρα

328 2044 503 2100 ἐστίν.
539 2045 600 2099 '0
627 2048 736 2118 γὰρ
774 2048 947 2118 μέγας
968 2052 1284 2122 Κυπριανὸς
1310 2053 1402 2106 ἐπὶ
1426 2055 1619 2107 Δεκίου
1645 2055 1914 2125 βασιλέως

326 2135 424 2188 τὸν
473 2137 574 2207 τῆς
642 2142 956 2211 μαρτυρίας
1009 2144 1174 2214 ἤνυσε
1235 2145 1439 2216 δρόμον
1465 2161 1480 2176 ·
1528 2148 1822 2214 πολλοστὸς
1867 2150 1913 2204 δ’

335 2225 490 2279 ἐστιν
539 2228 567 2280 6
625 2231 967 2300 Αὐρηλιανὸς
1025 2234 1163 2304 πρὸς
1211 2235 1304 2289 τὸν
1328 2239 1545 2294 Δέκιον.
1575 2241 1771 2294 Πολλοὶ
1804 2243 1913 2312 γὰρ

333 2314 478 2385 μετά
509 2319 602 2371 τὸν
632 2321 822 2375 Δέκιον
869 2324 1183 2396 ἐκράτησαν
1209 2327 1635 2401 αὐτοκράτορες,
1669 2335 1787 2404 μεθ’
1818 2335 1913 2400 οὒς

325 2406 669 2478 Δύρηλιανὸς
729 2411 829 2475 τῆς
865 2413 1149 2483 βασιλείας
1208 2417 1432 2488 ἠξίωτο.
1481 2426 1638 2479 Οὕτω
1688 2427 1788 2497 μὲν
1817 2425 1912 2482 οὖν

331 2501 742 2570 προγενεστέρα
778 2503 969 2558 πασῶν
996 2507 1164 2563 ἐστιν.
1207 2508 1607 2583 Ἠθροίσθησαν
1633 2516 1678 2569 δ’
1710 2517 1770 2569 ἐν
1817 2518 1916 2573 αύ-

327 2592 398 2662 τῇ
433 2592 722 2647 ἐπίσκοποι
765 2596 900 2664 πρὸς
939 2598 1232 2670 τέσσαρσιν
1266 2602 1913 2681 ὀγδοήκοντα,ζητήσεως

331 2684 657 2756 γενομένης,
693 2689 740 2740 εί
770 2690 895 2752 τοὺς
930 2689 988 2756 ἐξ
1031 2690 1295 2760 αἱρέσεως
1330 2696 1760 2770 ἐπιστρέφοντας
1817 2703 1912 2756 καὶ

329 2777 459 2839 τοὺς
503 2783 896 2848 σχισματικοὺς
936 2783 1296 2852 βαπτίζεσθαι
1332 2793 1413 2844 δεῖ
1435 2795 1912 2866 προσερχομένους

330 2870 400 2938 τῇ
434 2869 698 2944 καθολικῇ
743 2874 1061 2949 Ἐκκλησία.
1127 2881 1384 2948 Ἰοϐιανδς
1422 2886 1531 2958 γάρ
1563 2905 1648 2951 τις
1683 2889 1910 2944 ἐπίσκο⁴

332 2977 433 3053 πος
467 2963 746 3018 ἐπέστειλε
777 2969 906 3039 περ)⁵
932 2970 1122 3024 τούτου
1157 2974 1232 3044 τῷ
1264 2977 1392 3048 θείῳ
1424 2980 1747 3053 Κυπριανῷ,
1768 2984 1909 3053 ἐρω-

2022 516 2206 562 tenum
2229 508 2332 562 sub
2373 509 2670 563 Aureliano
2697 509 3044 580 imperatore.
3092 513 3418 586 Congregati
3465 527 3596 572 sunt

2020 606 2202 654 autem
2230 597 2558 670 Carthagine
2584 600 2654 656 84
2699 603 2876 659 sancti
2926 603 3118 660 Patres
3142 643 3160 670 ,
3200 613 3254 660 et
3301 607 3596 678 quaesitum

2020 702 2125 758 est,
2152 709 2219 746 an
2259 693 2537 761 baptizare
2572 703 2955 764 Oporteateos,
2993 697 3085 767 qui
3143 709 3498 755 revertuntur
3526 717 3596 757 ex

2022 783 2214 840 haeresi
2251 801 2440 840 eorum
2471 786 2564 856 qui
2587 786 2749 842 idolis
2790 787 3228 857 immolaverant,
3262 793 3597 848 convenien-

2020 882 2104 930 ter
2124 875 2540 945 interrogationi
2587 876 2744 932 factze
2777 878 2846 932 de
2877 893 2940 933 ea
2982 893 3041 934 re
3087 880 3155 934 ab
3203 881 3462 952 episcopo
3497 880 3596 936 Jo-

2020 965 2205 1021 viano.
2259 967 2398 1033 Quia
2442 978 2625 1024 autem
2705 976 2839 1025 tunc
2919 969 3160 1028 Novatus
3219 973 3593 1028 Romanorum

2019 1059 2278 1116 Ecclesiae
2319 1062 2608 1131 presbyter
2634 1061 2921 1132 depositus
2951 1074 3055 1131 est,
3095 1072 3154 1120 ut
3192 1067 3283 1136 qui
3329 1067 3394 1121 ad
3422 1067 3596 1135 ι)ωηὶ-

2019 1152 2244 1207 tentiam
2285 1167 2396 1207 non
2459 1152 2772 1209 admitteret
2803 1159 2911 1221 {eos
2947 1156 3042 1226 qui
3096 1157 3254 1212 idolis
3307 1159 3596 1214 sacrifica-

2017 1251 2245 1310 veraut;
2285 1253 2340 1299 ct
2367 1243 2488 1298 ideo
2521 1259 2645 1299 cum
2674 1246 3006 1314 quibusdam
3062 1247 3449 1317 insipientibus
3506 1249 3591 1305 fa-

2019 1334 2200 1390 ciebat
2226 1337 2499 1390 schisma:
2536 1338 2803 1407 agitatum
2834 1347 2942 1403 est,
2972 1354 3043 1394 an
3096 1341 3262 1395 etiam
3312 1342 3587 1397 schisma-

2019 1426 2160 1480 ticos
2214 1427 2495 1498 baptizare
2553 1437 2843 1498 Oportcat,
2901 1437 3163 1501 tanquam
3218 1432 3320 1488 hoc
3369 1449 3590 1506 quoque

2026 1513 2294 1571 Jovianus
2322 1518 2686 1587 quaesivisset.

2087 1605 2341 1662 ZONAR.
2365 1609 2460 1664 Est
2489 1609 2607 1666 haec
2629 1612 2873 1682 synodus
2901 1613 3148 1668 omnium
3181 1615 3590 1685 antiquissima.

2016 1695 2154 1753 Nam
2207 1700 2329 1755 aliis
2370 1701 2590 1772 quidem
2638 1702 2918 1775 antiquior
2973 1715 3055 1760 est
3111 1703 3350 1775 ea,’quae
3398 1707 3593 1764 Antio-

2016 1792 2156 1848 chia:
2185 1791 2241 1847 in
2275 1792 2435 1864 Syria
2469 1803 2664 1851 contra
2691 1797 2926 1852 Paulum
2957 1796 3376 1854 Samosatenum
3413 1802 3592 1856 Aure-

2016 1884 2164 1938 liano
2186 1882 2561 1940 Romanorum
2611 1888 2952 1956 imperatore
3005 1887 3283 1943 celebrata
3321 1889 3447 1956 fuit,
3477 1891 3592 1946 bace

2016 1989 2151 2032 vero
2218 1983 2497 2033 vetustate
2546 1977 2694 2032 illam
2746 1993 2968 2049 quoque
3007 1980 3304 2037 antecedit.
3360 1979 3592 2054 Magnus

2015 2068 2286 2139 siquidem
2333 2068 2667 2141 Cyprianus,
2712 2071 2875 2126 Decio
2925 2071 3276 2142 imperatore,
3343 2075 3592 2146 martyrii

2013 2175 2241 2216 cursum
2293 2161 2572 2217 confecit:
2628 2171 2683 2217 at
2740 2178 2871 2219 vero
2926 2164 3088 2234 longo
3129 2164 3418 2220 intervallo
3464 2176 3592 2236 post

2014 2253 2244 2310 Decium
2306 2254 2640 2311 Aurelianus
2719 2255 2843 2312 fuit.
2895 2256 3051 2312 Multi
3111 2258 3382 2328 siquidem
3424 2258 3591 2315 Decio

2019 2347 2302 2402 exstincto
2351 2363 2652 2418 regnavere
2700 2348 3084 2418 imperatores,
3117 2352 3319 2421 quibus
3368 2352 3590 2407 demum

2015 2437 2350 2494 Aurelianus
2380 2440 2434 2493 in
2479 2439 2713 2509 imperio
2738 2439 3000 2496 suffectus
3045 2451 3151 2498 est.
3195 2442 3382 2514 Itaque
3431 2445 3591 2516 longe

2014 2525 2137 2581 haec
2161 2526 2405 2597 synodus
2434 2527 2679 2582 omnium
2707 2528 3097 2600 antiquissima
3127 2540 3230 2587 est.
3252 2531 3310 2586 ln
3336 2547 3398 2587 ea
3422 2547 3588 2604 porro

2012 2625 2253 2688 quatuor
2291 2634 2458 2689 supra
2486 2621 2767 2690 octoginta
2798 2621 3045 2692 episcopi
3077 2625 3399 2694 congregati
3433 2635 3587 2691 sunt,

2014 2723 2079 2764 ac
2113 2708 2181 2764 de
2212 2709 2303 2774 iis,
2328 2713 2422 2781 qui
2461 2711 2715 2767 abdicata
2746 2711 2936 2768 haeresi
2968 2714 3326 2783 resipiscunt,
3348 2730 3412 2770 ac
3435 2716 3588 2772 sebi-

2015 2804 2282 2869 smaticis,
2337 2806 2429 2875 qui
2468 2803 2537 2858 ad
2571 2803 2874 2860 Ecclesiam
2913 2789 3298 2869 revertuntur,
3360 2820 3430 2860 an
3493 2806 3589 2861 ba-

2013 2895 2254 2966 ptizandi
2289 2896 2491 2962 forent,
2530 2897 2847 2966 quaesitum.
2876 2895 3142 2952 Jovianus
3179 2896 3449 2967 siquidem
3473 2897 3592 2969 epi-

2015 3003 2218 3058 scopus
2261 2988 2509 3058 quidam,
2559 3003 2623 3044 ea
2663 2989 2730 3044 de
2782 3003 2865 3053 re,
2916 3004 2984 3043 an
3039 2990 3256 3047 scilicet
3314 2990 3588 3060 ejusmodi

329 3051 460 3158 161v,
493 3057 542 3158 εί
563 3056 646 3108 δεῖ
674 3059 798 3122 τοὺς
816 3063 1092 3130 τοιούτους
1114 3068 1493 3136 βαπτίζεσθαι.
1514 3074 1648 3126 Τότε
1678 3051 1908 3146 γὰρκαὶ

2017 3051 2566 3149 homines-baptizari
2604 3051 2910 3150 oporteret,
2959 3080 3295 3153 Cyprianum
3324 3098 3420 3154 per
3466 3085 3586 3152 epi-

330 3143 639 3248 fl‘iaudtoc
686 3149 787 3218 τῆς
841 3153 948 3206 τῶν
973 3153 1283 3224 λεγομένων
1323 3163 1598 3235 Καθαρῶν
1641 3143 1908 3237 αίρέσεως

2014 3173 2211 3229 stolam
2259 3175 2637 3230 consulberat.
2672 3173 2829 3229 Tunc
2870 3175 3016 3231 enim
3065 3173 3310 3232 Navatus
3368 3191 3589 3248 quoque

326 3228 484 3306 ἦρξε,
532 3240 903 3312 πρεσϐύτερος
951 3248 1192 3314 γεγονὼς
1241 3251 1336 3322 τῆς
1382 3228 1716 3326 Ἐκκηλσίας
1778 3228 1911 3314 'Pm;

333 3327 531 3394 μαίων,
567 3335 927 3402 σχισματικὸς
958 3335 1034 3390 ὢν
1071 3342 1297 3411 κυρίως,
1335 3345 1452 3398 ἀλλ’
1479 3348 1577 3418 οὐχ
1601 3349 1905 3420 αίρετικός.

257 3457 264 3462 .
442 3419 562 3512 *γὰρ
611 3423 748 3488 πρὸς
789 3425 965 3495 δόγμα
995 3446 1048 3482 τι
1101 3435 1211 3496 τοῖς
1259 3416 1903 3512 ὀρθόφροσιγδιε-φέρετοε

327 3506 467 3561 ἀλλὰ
511 3513 624 3573 τοῖς
659 3513 719 3565 ἐν
765 3514 1028 3586 διωγμοῖς
1070 3521 1386 3594 ὐποκύψασί
1439 3506 1498 3580 τε
1550 3532 1648 3585 καὶ
1677 3506 1907 3588 θύσασιν

325 3598 636 3693 ἀπηγόρευε
665 3605 763 3674 τὴν
793 3614 1104 3677 μετάνοιαν.
1150 3614 1370 3688 Ἐπειδὴ
1404 3620 1575 3672 ότότε
1615 3623 1714 3693 τῆς
1756 3624 1897 3678 Ῥω-

329 3691 511 3786 μαίων
572 3692 918 3786 ᾼῈκκλπησίας
988 3705 1346 3776 προεστηκὼς
1406 3691 1707 3783 Κορνήλιος
1765 3718 1907 3786 μετὰ

323 3783 432 3835 τῶν
492 3783 584 3837 ὑπ’
635 3787 799 3842 αὐτὸν
849 3793 1187 3863 ἐπισκόπων,
1237 3799 1576 3871 ζητήσαντες
1632 3783 1778 3877 περὶ⁷
1810 3809 1903 3863 τοῦ

323 3876 710 3947 εἰσαγομένου,
781 3882 1122 3954 ἐψηφίσαντο
1185 3888 1439 3960 δέχεσθαι
1480 3893 1561 3957 είς
1612 3896 1904 3964 μετάνοιαν

323 3969 419 4021 καὶ
453 3970 579 4034 τοὺς
613 3972 1002 4042 ἐπιθύσαντας,
1062 3982 1090 4033 ό
1137 3981 1194 4034 δέ
1241 3983 1494 4048 Ναυάτος
1543 3987 1644 4055 τῆς
1698 3991 1905 4056 οἰκείας

321 4061 629 4128 ἐνστάσεως
674 4065 735 4119 ού
798 4069 1056 4138 μεθίετο*
1119 4072 1386 4145 ἐξέκοψαν
1437 4077 1538 4149 τῆς
1575 4078 1904 4152 Ἐκκλησίας

323 4155 534 4210 ἐκεῖνον
585 4160 681 4211 καὶ
739 4161 1098 4235 ἁπεκήρυξαν
1171 4166 1243 4231 ὡς
1302 4169 1653 4240 μισάδελφον.
1723 4173 1783 4229 Ὀ
1845 4178 1902 4231 δὲ

324 4248 420 4299 καὶ
475 4250 671 4313 ἄλλους
693 4251 1003 4323 ὁμόφρονας
1026 4259 1276 4328 ἐσχηκὼς
1308 4263 1427 4315 καθ’
1451 4265 1643 4318 ἐαυτὸν
1667 4267 1902 4321 ἐποιεῖτο

324 4345 750 4414 παρασυνάξεις,
804 4351 897 4400 καὶ
921 4349 1130 4420 σχίσμα
1161 4357 1312 4426 παρὰ
1359 4359 1424 4429 τῇ
1469 4358 1772 4433 Ἐκκλησία
1803 4363 1899 4416 ὑπ’

2010 3281 2200 3322 eorum
2241 3275 2424 3332 sectae,
2459 3267 2552 3337 qui
2581 3255 2806 3322 Catbari
2840 3265 2967 3337 (hoc
2997 3276 3084 3322 est
3121 3267 3266 3338 puri)
3318 3269 3590 3324 diceban-

2010 3365 2121 3425 tur,
2149 3373 2209 3414 se
2236 3359 2539 3430 principem
2580 3358 2964 3428 proﬁtebatur.
3019 3358 3285 3414 Romanae
3330 3358 3588 3419 Ecclesiae

2012 3433 2320 3522 presbyter,
2353 3451 2746 3507 schismaticus
2796 3453 3043 3523 proprie,
3100 3467 3209 3508 non
3271 3451 3586 3512 haereticus.

2009 3541 2120 3598 Nec
2149 3545 2292 3599 enim
2322 3545 2377 3600 in
2410 3544 2498 3608 iis.
2536 3559 2660 3616 quae
2698 3545 2766 3598 ad
2812 3545 3070 3616 dogmata
3115 3547 3422 3616 pertinent,
3471 3549 3585 3604 nilo

2010 3645 2176 3705 pacto
2217 3651 2248 3691 a
2271 3636 2576 3694 Catholicis
2602 3638 2998 3694 dissentiebat:
3054 3640 3151 3696 sed
3209 3642 3306 3711 qui
3338 3641 3584 3697 adversis

2008 3728 2662 3796 rcipublicaCbristiana:
2684 3730 3030 3801 temporibus
3058 3733 3200 3788 malo
3223 3734 3350 3789 victi
3380 3749 3584 3790 succu-

2009 3814 2280 3882 buissent,
2299 3817 2518 3888 diisque
2545 3818 2947 3886 immolassent,
2970 3821 3036 3875 ad
3071 3823 3446 3891 paenitentiam
3474 3838 3586 3878 non

2007 3901 2346 3959 admittebat.
2371 3904 2504 3960 Cum
2525 3922 2654 3963 vero
2668 3905 2922 3965 Beclesiaa
2952 3907 3321 3966 Romanorum
3358 3911 3588 3982 praefec-

2009 4001 2097 4048 tus
2110 4009 2174 4048 eo
2188 4002 2432 4066 tempore
2458 3996 2768 4062 Cornelius,
2788 4013 2909 4052 cum
2936 3999 3039 4053 sibi
3062 3999 3331 4069 subjectis
3364 4002 3584 4069 episcov

2009 4087 2116 4157 pis,
2151 4087 2354 4158 agitata
2392 4091 2716 4158 quaestione,
2743 4105 2839 4145 eos
2870 4105 3090 4161 quoque
3126 4092 3217 4161 qui
3267 4091 3585 4148 immolave-

2007 4188 2132 4233 rant
2165 4181 2231 4235 ad
2268 4181 2649 4251 paenitentiam
2705 4182 3078 4238 admittendos
3136 4198 3258 4238 esse
3310 4183 3585 4239 decrevis-

2005 4281 2150 4336 sent,
2198 4288 2378 4343 neque
2406 4281 2586 4330 tamen
2658 4271 2900 4329 Navatus
2937 4274 3142 4344 aliquid
3173 4274 3241 4330 de
3279 4274 3582 4343 pertinacia

2005 4364 2336 4430 remitteret,
2390 4365 2545 4420 illum
2580 4364 2651 4420 ab
2701 4365 2965 4420 Ecclesia:
3017 4379 3250 4435 corpore
3308 4365 3582 4429 excisum,

319 4434 534 4488 ἐκείνου
571 4439 818 4496 καὶτῶν
873 4447 1024 4514 αὑτῳ
1086 4451 1600 4513 συγκοινωνούντων
1653 4454 1893 4522 ἐγένετο.

2011 4454 2206 4526 quippe
2268 4452 2504 4509 fratrum
2573 4469 2789 4510 osorem
2862 4453 3082 4509 decreto
3119 4434 3581 4524 promulgavere.

320 4525 459 4594 Περὶ
497 4535 875 4599 σχισματικών
907 4537 1090 4589 τοίνυν
1119 4539 1212 4590 καὶ¹
1247 4542 1546 4610 αίρετικῶν
1572 4547 1893 4617 ἐρωτήσαν-

318 4633 411 4679 τος
469 4618 751 4688 Ὶοὸιανοῦ,
801 4627 1220 4685 ἀντεπέστειλεν
1270 4634 1417 4704 αὐτῷ
1486 4654 1545 4689 τε
1632 4640 1727 4692 καὶ
1785 4643 1896 4704 τοῖς

323 4715 748 4779 συνεπισκόποις
774 4719 942 4771 αὐτοῦ
969 4724 996 4771 6
1026 4722 1203 4791 μέγας
1232 4725 1549 4796 Κυπριανὸς
1583 4731 1676 4783 καὶ
1705 4732 1736 4801 ή
1795 4732 1894 4786 σὺν

323 4802 471 4874 αὐτῷ
509 4806 728 4874 σύνοδος
766 4814 862 4882 τὴν
894 4816 1179 4887 ἐπιστολὴν
1215 4820 1438 4890 ταύτην.

2005 4549 2155 4604 Alios
2190 4562 2322 4604 vero
2349 4548 2440 4604 ille
2472 4556 2774 4604 sectatores
2810 4557 3033 4612 nactus,
3066 4547 3298 4602 seorsim
3345 4560 3582 4599 conven-

2005 4651 2094 4697 tus
2130 4655 2416 4713 peragere,
2475 4641 2887 4711 schismateque
2935 4640 3064 4694 hinc
3108 4639 3233 4694 inde
3281 4655 3405 4694 cum
3465 4639 3582 4694 suis

2005 4734 2321 4806 gregalibus
2373 4733 2677 4789 Ecclesiam
2731 4734 2974 4790 lacerare
3034 4734 3405 4799 adortusest.
3441 4731 3576 4786 Cum

2009 4844 2140 4898 ergo
2175 4829 2245 4883 de
2275 4827 2649 4885 schismaticis
2675 4835 2727 4883 et
2752 4828 3030 4884 haereticis
3076 4835 3222 4883 esset
3251 4842 3280 4878 a
3347 4823 3576 4879 Joviano

322 4896 635 4991 quaesitum,
668 4900 735 4955 ad
766 4917 889 4958 eum
920 4906 1146 4976 ejusque
1177 4910 1536 4982 coepiscopos
1571 4927 1802 4983 magnus
1826 4896 2129 4987 Cyprianus
2158 4932 2283 4974 cum
2306 4933 2407 4974 sua
2439 4917 2652 4991 synodo
2692 4919 3002 4976 rescribens
3042 4919 3342 4988 subjectam
3371 4915 3574 4986 cpisto.

318 4982 425 5036 lam
454 4987 720 5043 exaravit.

928 5081 1168 5134 ΚᾹΝΩΝ
1201 5081 1283 5138 A'.

323 5179 344 5215 ι
400 5162 497 5217 Ἐκ
542 5165 890 5238 κοινοσουλίῳ
940 5171 1114 5236 ὄντες,
1138 5175 1414 5244 ἀγαπητοὶ
1455 5176 1695 5247 ἀδελφοὶ,
1766 5180 1890 5236 ἀνέ-

395 5273 415 5308 ι
455 5274 673 5328 γνωμεν
716 5263 1023 5332 γράμματα
1074 5265 1170 5333 ἀφ’
1215 5266 1373 5337 ὑμῶν
1432 5271 1700 5325 σταλέντα
1759 5275 1890 5344 περὶ

2637 5096 2865 5154 CANON
2893 5098 2932 5154 Ι.

2006 5205 2025 5241 ι
2070 5187 2206 5242 Cum
2242 5189 2298 5244 in
2335 5191 2615 5254 communi
2637 5193 2872 5248 consilio
2905 5204 3180 5254 essemus,
3214 5189 3403 5244 dilecti
3455 5189 3566 5244 fra-

2075 5297 2093 5330 ι
2129 5288 2261 5345 tres,
2288 5281 2516 5354 legimus
2541 5283 2752 5338 litteras
2782 5296 2813 5336 a
2838 5282 2994 5338 vobis
3015 5283 3214 5337 missas
3238 5281 3308 5338 de
3336 5282 3428 5347 iis,
3471 5286 3568 5354 qui

1573 5385 1774 5450 Guill.
1805 5391 2140 5474 Beveregii
2181 5402 2370 5458 notte.

313 5494 658 5586 Balsamonis
687 5498 1026 5586 e‘ditionibus
1059 5517 1324 5586 canones_
1356 5509 1550 5578 synodi
1593 5511 1882 5586 Carthagi-

314 5570 525 5628 nensis,
554 5577 613 5621 ut
642 5570 904 5643 aGrtecis
959 5583 1247 5640 vocantur,
1313 5570 1416 5633 hoc
1477 5593 1583 5643 est,
1634 5570 1878 5638 codicem

313 5652 587 5720 canonum
635 5640 896 5720 Ecclesiae
956 5643 1267 5720 Africanae,
1303 5647 1448 5720 inter
1512 5640 1882 5720 su'pradictam

317 5707 584 5777 synodum
620 5710 964 5780 Ancyranam
997 5707 1292 5785 interponi.
1353 5717 1554 5775 Verum
1581 5707 1689 5776 ῖιοιι
1722 5707 1883 5780 modo

558 5804 831 5868 Panos.
874 5809 992 5869 Gn.
1038 5810 1408 5876 CXXXVII.

1992 5515 2048 5595 in
2086 5515 2384 5595 Bodleiano
2407 5520 2595 5595 codice
2626 5536 2788 5591 quem
2820 5524 3021 5594 ubique
3053 5524 3360 5595 sequimur,
3395 5525 3487 5580 sed
3520 5532 3576 5577 et

1993 5589 2460 5668 Amerbacbiano,
2495 5589 2798 5668 idem'ordo
2832 5589 3166 5668 synodorum
3215 5600 3569 5659 observatur,

1995 5671 2106 5736 quo
2134 5659 2253 5736 _bic_
2283 5661 2692 5730 imprimuntur,
2728 5659 2882 5733 juxta
2916 5681 3076 5736 quem
3133 5680 3373 5726 veterem
3423 5669 3570 5728 illum

1998 5728 2483 5802 Carthaginensem
2515 5728 2752 5804 synodus
2786 5728 3076 5809 Ancy'rana
3113 5742 3335 5813 excipit.

3116 5847 3190 5909 35
