4014 6224
438 270 500 344 Η
510 271 582 335 03

1693 260 1976 329 ἸἸΙΕΟΙ).
2006 258 2408 323 BALSAMON

3568 262 3709 328 1104

509 382 706 437 BALS.
764 379 1033 448 Scriptum
1067 385 1150 433 est
1173 377 1228 430 in
1263 373 1527 446 prommio
1560 389 1725 444 quam
1777 373 1848 427 ob
1878 387 2008 426 cau-

2171 370 2368 423 ΒΑΛΣ.
2423 369 2512 422 Ἐν
2551 367 2630 439 τῷ
2653 367 2935 441 προοιμίῳ
2969 367 3287 440 γέγραπται
3336 367 3486 434 τίνος
3541 374 3714 441 χάριν

438 490 557 530 sant
589 487 832 544 praesens
867 469 1096 541 epistola
1149 466 1253 520 fuit
1312 466 1459 520 edita
1492 485 1504 518 :
1535 476 1588 519 et
1613 465 1732 534 ipsa
1781 463 2005 533 quidem

438 565 654 624 statuit,
691 561 860 629 utqui
881 559 948 611 ad
993 555 1322 611 catholicam
1358 555 1663 609 Ecclesiam
1689 554 1758 607 ab
1793 553 2012 607 haereti-

439 655 522 708 cis
547 654 628 708 vel
653 650 1018 708 schismaticis
1042 648 1342 710 accedunt,
1378 647 1745 716 baptizentur,
1794 644 2008 699 etiamsi

438 747 509 800 ab
561 745 667 798 illis
723 742 876 811 prius
915 739 1176 810 baptizati
1227 739 1452 792 fuerint.
1495 736 1777 807 Septimus
1825 745 2008 790 autem

439 849 611 888 canon
651 833 906 889 secunda:
936 832 1130 902 synodi
1163 830 1486 885 universalis
1535 844 1748 894 eorum,
1781 829 1873 898 qui
1914 827 2012 880 ba-

438 925 630 995 ptizari
680 932 734 977 et
788 924 880 994 qui
920 937 1028 977 non
1079 921 1340 991 baptizari
1377 919 1596 982 debent,
1650 917 2010 972 diﬁerentiam

441 1019 829 1080 constituens,
889 1016 992 1069 alia
1052 1015 1298 1080 quaadam
1359 1012 1623 1082 praecipit.
1689 1011 1832 1080 Lege
1883 1022 2013 1078 ergo

439 1123 586 1172 eum,
626 1117 680 1163 et
729 1119 966 1161 mentem
1001 1107 1198 1160 adhibe
1245 1105 1312 1159 iis
1344 1120 1464 1173 quae
1500 1105 1555 1156 in
1587 1104 1706 1171 ipso
1737 1109 1867 1157 sunt
1914 1116 2013 1169 po-

441 1201 694 1255 steriora.
749 1199 892 1268 Lege
937 1213 1067 1267 ergo
1097 1198 1262 1250 etiam
1289 1196 1326 1248 2
1358 1210 1620 1248 canonem
1653 1194 1846 1265 synodi
1894 1207 2015 1263 qua:

441 1303 525 1348 est
553 1294 604 1345 in
623 1291 831 1351 Trullo,
868 1301 921 1344 et
950 1291 1110 1351 scies,
1141 1289 1286 1358 quod
1311 1304 1430 1356 qua:
1457 1290 1555 1342 hac
1582 1288 1808 1357 epistola
1834 1285 2014 1339 conti-

444 1397 662 1450 nentur,
721 1385 789 1437 ab
831 1383 1089 1437 omnibus
1131 1381 1386 1435 Patribus
1430 1380 1668 1433 admissa
1716 1394 1822 1431 non
1862 1388 2011 1433 sunt.

442 1479 537 1534 Sic
591 1479 736 1533 enim
769 1477 903 1530 dicit
929 1477 1068 1544 ipsis
1112 1472 1291 1528 verbis
1325 1489 1339 1526 :
1377 1465 1648 1526 Praeterea
1682 1481 1859 1525 autem
1893 1481 1946 1524 et
1985 1485 2015 1522 a

435 1569 739 1640 Cypriane,
781 1568 872 1636 qui
907 1568 1160 1619 Alromm
1199 1563 1442 1632 regionis
1479 1562 1772 1631 episcopus
1814 1559 1919 1614 fuit
1964 1569 2018 1615 et

444 1669 672 1729 martyr,
733 1667 787 1711 ct
843 1673 870 1710 a
929 1660 1177 1726 synodo,
1231 1669 1354 1723 quae
1403 1654 1473 1706 ab
1529 1652 1622 1705 illo
1680 1651 1860 1704 habita
1910 1658 2013 1712 est,

2113 463 2146 528 ἡ
2189 460 2438 530 παροῦσα
2471 459 2690 531 ἐξετέθη
2723 461 2989 530 ἐπιστολή
3016 476 3030 490 ο
3073 461 3169 514 καὶ
3201 460 3345 532 αὕτη
3380 463 3480 531 μὲν
3534 463 3682 533 διορί
3705 495 3720 506 ο

2117 553 2270 616 ζεται
2303 553 2431 615 τοὺς
2476 553 2959 622 προσερχομένους
3013 557 3081 624 τῇ
3131 554 3396 624 καθολικῇ
3477 555 3719 626 Ἐκκληο

2119 645 2210 714 σία
2239 646 2346 696 ἀπὸ
2374 645 2670 716 αίρετικῶν
2698 646 2732 716 ἢ
2765 647 3151 716 σχίσματικῶν
3193 647 3584 716 βαπτίζεσθαι,
3608 651 3720 703 κᾶν

2119 737 2208 788 ὑπ’
2248 738 2476 790 ἐκείνων
2507 736 3030 819 προεῦαπτίσθησαν
3069 749 3084 766 ⁶
3117 741 3144 790 ὁ
3171 738 3229 790 δὲ
3292 737 3338 802 ζ’
3378 739 3565 792 κανὼν
3614 741 3722 810 τῆς

2119 827 2503 898 οίκουμενικῆς
2535 828 2577 898 β’
2619 829 2862 894 συνόδου,
2900 829 3225 898 ποιούμενος
3252 829 3527 899 διαίρεσιν
3603 831 3723 883 τῶν

2119 919 2444 987 ὀφειλόντων
2469 919 2831 988 βαπτίζεσθαι
2863 921 2957 973 καὶ
2984 921 3081 991 μὴ,
3111 922 3281 990 ἐτερά
3340 939 3466 974 τινα
3530 940 3724 993 παραο

2121 1010 2423 1063 κελεύεται.
2465 1007 2880 1078 ’ᾼνᾶγνωθιοῦν
2913 1011 3127 1075 τοῦτον,
3164 1013 3260 1066 καὶ
3291 1013 3571 1084 πρόσσχες
3605 1017 3723 1076 τοῖς

2121 1104 2178 1154 ἐν
2211 1101 2362 1172 αύτῷ
2385 1103 2872 1172 μεταγενεστέροις
2901 1103 3073 1156 οὖσιν.
3155 1104 3459 1172 Ἀνάγνωθι
3496 1106 3594 1158 καὶ
3627 1109 3722 1160 τὸν

2124 1194 2166 1263 β’
2200 1193 2404 1247 κανόνα
2437 1194 2534 1263 τῆς
2569 1196 2626 1247 ἐν
2680 1195 2762 1264 τῷ
2788 1195 3050 1266 Τρούλλῳ
3109 1197 3356 1258 συνόδου,
3392 1198 3488 1250 καὶ
3531 1200 3723 1270 μάθῃς

2121 1286 2204 1337 ὅτι
2231 1287 2300 1337 τὰ
2320 1289 2417 1354 τῆς
2448 1286 2731 1356 παρούσης
2764 1288 3054 1356 ἐπιστολῆς
3082 1289 3184 1340 ούκ
3216 1289 3526 1357 ἐδέχθησαν
3560 1292 3722 1359 παρὰ

2124 1377 2342 1430 πάντων
2370 1377 2478 1428 τῶν
2513 1378 2793 1447 Πατέρων.
2819 1380 2959 1448 Φησὶ
2998 1379 3106 1447 γὰρ
3151 1379 3298 1431 οὕτω
3352 1382 3598 1450 ῥήμασιν
3620 1382 3720 1433 αύ-

2123 1469 2237 1529 τοίς
2271 1483 2284 1498 ο
2327 1467 2450 1519 Ἔτι
2511 1467 2618 1537 μὴν
2658 1469 2872 1521 καὶτὸν
2911 1470 3017 1522 ὑπὸ
3079 1472 3425 1538 Κυπριανοῦ,
3479 1473 3720 1540 γενομέ-

2122 1575 2215 1610 νου
2250 1559 2549 1610 ἐπισκόπου
2581 1562 2681 1627 τῆς
2704 1559 2932 1628 ’Ἄφρων
2958 1561 3143 1630 χώρας
3169 1564 3265 1614 καὶ
3297 1563 3719 1632 μάρτυρος,καὶ

2127 1651 2224 1719 τῆς
2262 1650 2380 1700 κατ’
2413 1648 2574 1702 αὑτὸν
2607 1650 2830 1703 συνόδου
2895 1651 3199 1704 ἐκτεθέντα
3239 1656 3446 1706 κανόνα
3503 1653 3564 1718 ὃς
3621 1657 3719 1706 καὶ

430 1748 651 1803 editum
695 1761 999 1811 canonem,
1035 1747 1126 1814 qui
1182 1745 1234 1797 in
1281 1743 1665 1812 przedictorum
1718 1744 2011 1811 prmsulum

2125 1741 2176 1792 ἐν
2210 1741 2328 1802 τοῖς
2387 1740 2494 1791 τῶν
2541 1741 2963 1810 προειρημένων
3017 1743 3305 1813 προέδρων
3356 1745 3542 1805 τόποις
3618 1747 3716 1797 καὶ

439 1839 603 1901 locis,
634 1837 808 1905 iisque
836 1835 991 1898 solis,
1017 1835 1172 1903 juxta
1215 1833 1323 1886 illis
1372 1832 1630 1885 traditam
1657 1833 2015 1885 consuetudi-

444 1941 592 1992 nem,
626 1926 883 1979 obtinuit.
918 1922 1055 1978 Hinc
1075 1938 1208 1990 ergo
1239 1930 1482 1986 notatur,
1515 1920 1661 1990 quod
1683 1936 1711 1973 a
1745 1919 2015 1989 principio

432 2032 554 2072 .non
589 2025 708 2071 erat
754 2017 806 2068 in
839 2031 940 2070 usu
973 2014 1116 2084 apud
1161 2028 1352 2066 omnes
1396 2012 1484 2065 hic
1518 2026 1718 2064 canon.
1746 2010 1885 2064 Nota
1919 2025 2018 2064 au-

439 2117 579 2174 tem,
613 2107 755 2178 quod
781 2106 897 2160 Afri
922 2107 1183 2160 dicuntur
1221 2101 1700 2173 Carthaginenses.
1735 2102 1874 2168 Quia
1921 2118 2018 2155 au-

447 2211 557 2256 tem
618 2199 672 2252 in
722 2197 1004 2252 nonnullis
1045 2194 1448 2265 exemplaribus
1500 2204 1684 2264 aperte
1726 2193 2018 2263 descriptae

429 2291 800 2347 .inveniuntur
881 2289 952 2342 84
1017 2288 1398 2356 episcOporum
1455 2287 1772 2351 sententiae,
1813 2286 1908 2355 qui
1961 2287 2018 2340 in

446 2383 639 2439 eadem
707 2381 932 2435 fuerunt
966 2379 1224 2448 opinione
1280 2391 1405 2432 cum
1455 2385 1646 2432 sancto
1695 2377 2015 2446 Cypriano:

443 2488 666 2530 eramus
708 2487 801 2527 eas
847 2485 1066 2540 quoque
1131 2469 1392 2540 scripturi
1455 2477 1510 2523 et
1565 2469 2015 2538 iuterpretaturi:

429 2566 545 2622 .sed
575 2566 726 2633 quia,
765 2573 825 2618 ut
855 2564 1061 2617 dictum
1089 2570 1198 2626 est,
1233 2561 1502 2630 septimus
1537 2562 1792 2616 secunda:
1823 2560 2019 2632 synodi

433 2675 624 2716 canon
671 2660 776 2714 alia
834 2658 1082 2727 quaedam
1137 2658 1431 2711 constituit
1492 2656 1561 2709 ah
1601 2655 1689 2719 iis,
1743 2671 1863 2728 quae
1916 2658 2020 2710 hac

444 2752 704 2825 praesenti
756 2750 986 2818 epistola
1050 2751 1439 2811 continentur,
1507 2746 1575 2802 de
1634 2746 1907 2803 haereticis
1965 2759 2021 2805 et

445 2843 819 2900 schismaticis
869 2843 964 2910 qui
1015 2840 1084 2894 ad
1121 2840 1280 2894 Iidem
1315 2838 1607 2903 accedunt,
1650 2839 2018 2908 praetermissa

446 2946 532 2993 est
557 2951 746 2990 eorum
767 2935 1056 3002 expositio.

511 3026 774 3082 .ZONAR.
813 3026 1048 3094 EpiStola
1091 3024 1205 3079 hare
1235 3037 1596 3094 quoscunque
1631 3025 1698 3078 ab
1743 3025 2016 3080 haereticis

449 3131 542 3176 ant
584 3121 957 3177 schismaticis
995 3119 1320 3188 baptizatos,
1375 3118 1422 3172 si
1481 3117 1548 3171 ad
1583 3116 1880 3172 Ecclesiam
1924 3135 2016 3174 ca-

451 3212 708 3268 tholicam
774 3227 834 3267 se
884 3211 1198 3280 recipiant,
1259 3210 1455 3262 iterum
1519 3209 1786 3278 baptizari
1837 3211 2015 3280 jubet,

449 3319 684 3373 eamque
729 3301 1060 3357 sententiam
1085 3300 1251 3354 variis
1272 3301 1784 3368 epicliirematibus,
1813 3306 2016 3372 enthy-

451 3393 701 3448 mematis
750 3392 1155 3458 Scripturaeque
1223 3388 1548 3444 testimoniis
1590 3389 1902 3447 conﬁrmat.
1953 3397 2020 3446 At

451 3495 584 3536 vero
610 3480 850 3537 secunda
886 3479 1222 3532 uacuinenica
1251 3478 1493 3548 synodus
1525 3493 1737 3535 canone
1766 3483 2019 3550 septimo,

452 3587 562 3628 non
599 3586 812 3635 omnes,
843 3571 940 3640 qui
981 3585 1043 3623 ex
1100 3571 1292 3625 haeresi
1349 3569 1684 3638 demigrant,
1750 3572 2022 3640 baptismo

451 3667 650 3719 iterum
698 3661 1022 3733 expiandos,
1074 3664 1167 3717 sed
1215 3661 1356 3718 alios
1402 3661 1648 3730 quidem,
1687 3663 1732 3716 si
1774 3662 1918 3719 datis
1961 3666 2024 3718 li-

453 3755 611 3810 bellis
636 3767 793 3808 suam
833 3763 1094 3822 prmterea
1134 3755 1370 3821 quisque
1398 3751 1659 3816 heresin,
1693 3765 2023 3823 omnemque

448 3863 484 3902 a
513 3847 780 3900 catholica
817 3853 870 3899 et
904 3845 1205 3913 apostolica
1260 3843 1354 3898 Dei
1386 3841 1630 3899 Ecclesia
1669 3843 1907 3898 alienum
1937 3860 2024 3900 er-

452 3949 632 3989 rorem
691 3942 1070 3999 exsecrentur,
1119 3935 1438 3988 charactere
1487 3943 1728 4000 notatos,
1778 3933 1884 3989 hoc
1938 3942 2026 3992 est

451 4035 645 4082 sancto
693 4025 994 4080 chrismate
1041 4026 1301 4080 inunctos
1352 4025 1566 4079 admitti
1613 4035 1871 4096 oportere
1925 4026 2026 4082 de-

449 4120 668 4187 cernit;
727 4119 864 4172 alios
906 4133 1035 4172 vero
1086 4134 1300 4182 omnes,
1352 4133 1416 4174 ex
1465 4119 1667 4188 quibus
1729 4119 2026 4174 nonnullos

451 4213 779 4266 nominatim
815 4211 1066 4281 designat
1088 4251 1104 4277 ,
1138 4210 1454 4280 baptizari,
1499 4220 1666 4280 atque
1714 4221 1772 4264 ut
1807 4209 2026 4266 Grecos

452 4302 688 4365 admitti,
733 4301 910 4370 jubet.
943 4303 1046 4365 Qui
1074 4302 1296 4370 quidem
1343 4303 1510 4356 etiam
1552 4316 1730 4355 canon
1772 4317 1876 4356 suo
1909 4305 2027 4356 loco

2123 1831 2305 1899 μόνοις
2343 1831 2487 1908 κατὰ
2518 1831 2578 1883 τὸ
2606 1833 2911 1902 παραδοθὲν
2968 1834 3155 1896 αὐτοῖς
3202 1833 3327 1896 ἐθος
3411 1837 3707 1904 ἐκράτησε.

2119 1919 2408 1973 Δείκνυται
2443 1919 2534 1974 οὖν
2585 1922 2838 1975 ἐντεῦθεν
2867 1924 2949 1975 ὃτι
2975 1924 3224 1996 ἀρχῆθεν
3256 1926 3318 1978 οὑ
3359 1928 3514 1996 παρὰ
3541 1928 3706 1978 πᾶσιν

2118 2009 2186 2083 ἦν
2213 2014 2450 2080 ἐνεργῶν
2471 2015 2499 2066 ό
2523 2012 2724 2068 κανών.
2749 2016 3069 2086 Σημείωσαι
3121 2019 3180 2071 δὲ
3246 2019 3333 2072 ὅτι
3365 2021 3552 2089 ’Δφροι
3605 2018 3700 2069 λέο

2119 2105 2378 2170 γονταιοί
2407 2105 2793 2174 Καρχηδόνιοι.
2858 2107 2984 2160 Ἐπὶ
3017 2107 3074 2160 δὲ
3124 2108 3184 2160 ἐν
3210 2125 3357 2163 τισιν
3429 2113 3699 2182 ἀντιγρά-

2121 2212 2241 2263 φοις
2279 2195 2458 2265 ῥητῶς
2490 2196 2844 2266 εὑρίσκονται
2924 2203 3537 2272 καταγεγραμμέναιαί
3595 2207 3708 2260 τῶν

2119 2287 2453 2356 ὀγδοήκοντα
2483 2290 2620 2357 πρὸς
2648 2291 2760 2353 τοῖς
2796 2291 3093 2360 τέσσαρσιν
3130 2294 3461 2357 ἐπισκόποις
3492 2299 3708 2368 γνῶμαι

2119 2379 2229 2432 τῶν
2261 2383 2939 2453 συνομογνωμονησάντων
2996 2384 3139 2453 μετὰ
3203 2388 3300 2438 τοῦ
3387 2389 3548 2455 ἁγίου
3602 2394 3711 2445 Κυ-

2123 2469 2376 2541 πριανοῦ,
2407 2472 2710 2542 ἐμέλλομεν
2739 2474 2834 2526 καὶ
2893 2475 3100 2537 ταύτας
3138 2478 3353 2548 γράψαι
3409 2482 3509 2534 καὶ
3542 2484 3712 2553 ἑρμη-

2121 2561 2310 2618 νεῦσαι
2343 2575 2358 2590 ⁸
2391 2563 2473 2616 ὅτι
2502 2563 2580 2627 δὲ,
2611 2564 2685 2626 ὡς
2711 2566 2951 2634 εἴρηται,
2975 2568 3003 2619 ό
3039 2566 3083 2630 ζ’
3115 2569 3298 2622 κανὼν
3331 2574 3430 2641 τῆς
3471 2573 3514 2642 β’
3544 2575 3698 2627 συνό-

2121 2655 2213 2707 δου
2243 2655 2411 2727 ἕτερά
2433 2674 2556 2711 τινα
2583 2655 2841 2710 ἐθέσπισε
2901 2659 3140 2729 παρὰτὰ
3202 2665 3576 2733 περιεχόμενα
3641 2668 3706 2734 τῇ

2123 2744 2372 2817 παρούσῃ
2423 2747 2682 2817 ἐπιστολῇ
2718 2747 2878 2818 χάριν
2932 2750 3044 2802 τῶν
3106 2755 3566 2823 προσερχομένων
3641 2760 3707 2826 τῇ

2121 2837 2306 2891 πίστει
2371 2840 2665 2909 αίρετικῶν
2709 2842 2804 2894 καὶ
2879 2843 3283 2912 σχισματικὼν,
3356 2847 3600 2915 παρείθη
3673 2849 3706 2916 ὴ

2120 2929 2326 2983 τούτων
2351 2930 2635 3002 ἐξήγησις.

2197 3021 2440 3076 ΖΩΝΔΡ.
2471 3022 2620 3092 Αὕτη
2649 3023 2683 3094 ἡ
2725 3024 2984 3095 ἐπιστολὴ
2999 3025 3258 3092 καθάπαξ
3283 3030 3412 3095 τοὺς
3437 3031 3543 3087 ὑπὸ
3560 3038 3714 3107 αίρε-

2118 3112 2288 3165 τικῶν
2321 3111 2353 3181 ἢ
2381 3113 2761 3183 σχισματικῶν
2795 3113 3205 3196 βαοπτισθέντας
3229 3129 3710 3196 προσερχομένους

2117 3207 2183 3274 τῇ
2221 3201 2795 3277 καθολικῇἘκκλησίᾳ
2841 3207 3595 3286 βαπτίζεσθαιδιατάττεται,
3618 3226 3712 3274 καὶ

2120 3296 2184 3348 ἐκ
2201 3297 2474 3366 διαφόρων
2495 3298 2892 3368 ἐνθυμημάτων
2911 3301 3004 3353 καὶ
3024 3303 3472 3374 ἐπιχειρημάτων
3499 3313 3592 3366 καὶ
3621 3317 3714 3386 ρη-

2118 3390 2227 3442 τῶν
2258 3389 2546 3462 γραφικῶν
2568 3391 2658 3443 τὸν
2690 3393 2888 3444 οἰκεῖον
2934 3392 3092 3462 λόγον
3151 3403 3587 3466 κατασκευάζει.
3646 3406 3709 3460 Ἠ

2119 3481 2175 3534 δὲ
2207 3481 2438 3551 δευτέρα
2475 3483 2830 3554 οίκουμενικὴ
2889 3484 3129 3552 σύνοδος,
3161 3489 3222 3541 ἐν
3273 3495 3464 3548 κανόνι
3536 3501 3713 3569 αὐτῆς

2122 3572 2332 3643 ἐϐδόμῳ
2398 3574 2461 3626 ού
2526 3576 2735 3639 πάντας
2810 3576 2870 3641 ἐξ
2936 3579 3205 3648 αἱρέσεων
3276 3584 3712 3657 ἐπιστρέφοντας

2123 3662 2330 3716 ἀνωθεν
2391 3664 2611 3734 κελεύει
2662 3665 3048 3735 βαπτίζεσθαι,
3084 3671 3205 3724 ἀλλ’
3257 3674 3572 3748 ἀπαριθμεῖ
3631 3701 3714 3736 τι·

2125 3772 2222 3819 νας
2280 3756 2380 3827 μὲν
2463 3757 2547 3810 δεῖ
2623 3758 2876 3829 δέχεσθαι
2940 3760 3186 3827 διδόντας
3241 3765 3557 3840 hamo-4;,
3622 3779 3716 3830 καὶ

2124 3848 2632 3919 ἁναθεματίζοντας
2662 3854 2761 3922 τήν
2810 3869 2871 3904 τε
2897 3854 3108 3908 οίκείαν
3187 3859 3404 3930 αἰρεσιν
3455 3865 3711 3934 ἕκαστον,

2126 3941 2222 3994 καὶ
2263 3941 2446 3994 πᾶσαν
2495 3941 2572 4012 μὴ
2633 3943 2940 4013 φρονοῦσαν
3000 3946 3077 4010 ὡς
3129 3949 3162 4017 η
3230 3951 3365 4020 ἁγία
3424 3955 3520 4009 τοῦ
3579 3960 3714 4012 Θεοῦ

2129 4031 2394 4102 καθολικὴ
2423 4034 2519 4086 καὶ
2556 4033 2896 4108 ἁποστολικὴ
2941 4037 3239 4110 Ἐκκλησία
3292 4049 3506 4114 φρονεῖ,
3534 4066 3710 4122 σφρα-

2127 4122 2449 4193 γιξομένους
2474 4123 2592 4194 ἢτοι
2641 4129 2964 4197 χριομένους
2992 4129 3073 4200 τῷ
3129 4132 3274 4203 ἁγίῳ
3327 4136 3491 4206 μύρῳ
3520 4153 3535 4168 ⁸
3591 4143 3716 4205 τοὺς

2126 4215 2186 4268 δὲ
2215 4215 2434 4279 λοιποὺς
2465 4217 2694 4284 πάντας,
2728 4212 2804 4274 ὧν
2828 4236 2985 4285 τινας
3014 4228 3112 4275 καῖ⁵
3162 4224 3433 4294 ὀνομαστὶ
3483 4234 3717 4286 καταλέ-

2135 4322 2248 4374 γει,
2271 4305 2638 4376 βαπτίζεσθαι
2673 4310 2945 4380 ὁρίζεται,
2981 4313 3308 4384 δεχομένους
3351 4319 3429 4383 ὡς
3499 4323 3710 4394 Ἕλλη.

451 4395 753 4464 explicatus
796 4403 900 4450 est.
943 4393 1096 4449 Unde
1122 4395 1243 4464 ejus
1281 4395 1513 4450 canonis
1560 4396 2018 4450 constitutionem

2131 4415 2227 4458 νας
2249 4414 2262 4426 ·
2295 4398 2356 4460 ὃς
2389 4398 2524 4468 δῆτα
2551 4400 2732 4453 κανὼν
2769 4404 2862 4456 καὶ
2895 4406 2955 4456 ἐν
2978 4405 3056 4474 τῷ
3085 4407 3202 4477 ίδίῳ
3226 4410 3378 4480 τόπῳ
3417 4393 3714 4485 ἑξήγηται,

451 4505 481 4541 a
525 4486 734 4541 sanctis
779 4496 962 4555 postea
1011 4485 1266 4542 Patribus
1316 4495 1590 4554 receptam
1651 4485 1797 4541 haud
1846 4486 2021 4543 fuisse

451 4577 612 4631 facile
641 4587 886 4644 apparet.
915 4575 1052 4629 Cum
1081 4577 1244 4643 igitur
1279 4577 1346 4632 de
1365 4579 1554 4633 eadem
1590 4595 1646 4632 re
1684 4582 1803 4632 dua:
1829 4581 2024 4648 synodi

452 4671 725 4723 contraria
761 4668 902 4722 inter
933 4683 992 4723 se
1021 4671 1240 4722 decreta
1290 4670 1645 4736 protulerint,
1690 4673 1873 4741 potior
1931 4674 2029 4724 ha-

440 4763 631 4819 .benua
687 4771 769 4816 est
823 4759 1076 4814 secundae
1145 4759 1336 4830 synodi
1391 4763 1710 4816 constitutio
1746 4802 1761 4828 ,
1827 4763 2029 4833 quippe

438 4871 576 4926 .qua:
650 4861 704 4907 et
752 4853 1024 4922 posterior
1067 4850 1196 4913 fuit,
1258 4861 1312 4907 et
1374 4854 1739 4917 (ecumenica,
1800 4854 1854 4908 in
1921 4869 2028 4922 qua

449 4962 647 5002 omnes
722 4945 935 5000 scilicet
985 4945 1300 5014 quicunque
1363 4945 1782 5015 patriarchicam
1843 4949 2026 5002 sedem

437 5041 726 5104 .obtinent,
785 5047 880 5091 aut
911 5039 1135 5107 ipsimet
1169 5039 1516 5106 patriarchae,
1538 5050 1644 5091 .aut
1671 5040 1914 5106 ipsorum
1954 5042 2029 5092 le-

438 5132 566 5201 ,gati
606 5131 916 5186 adfuerunt.
955 5130 1129 5184 Porro
1179 5132 1322 5184 hunc
1372 5145 1634 5184 canonem
1680 5146 2026 5200 nequaquam

443 5241 486 5276 .a
535 5227 744 5278 sanctis
770 5224 1030 5279 Patribus
1068 5223 1342 5277 universis
1379 5236 1656 5290 receptum
1693 5221 1888 5287 fuisse,
1945 5234 2028 5286 vel

453 5333 522 5369 cx
557 5315 798 5370 secundo
825 5329 1034 5369 canone
1083 5314 1275 5385 synodi
1321 5315 1375 5368 in
1408 5312 1593 5367 Trullo
1629 5316 1860 5381 habitae,
1906 5331 2029 5384 qua:

449 5410 878 5474 sextadicitur,
940 5410 1166 5481 ἰιιιειιὶδί
1205 5411 1353 5464 licet.
1415 5409 1497 5464 lbi
1553 5427 1791 5480 namque
1849 5411 2025 5466 sancti

455 5502 647 5555 Patres
687 5503 753 5555 iis
783 5503 1114 5569 canonibus,
1143 5517 1378 5572 quorum
1407 5513 1526 5556 rata
1565 5502 1863 5557 auctoritas
1905 5516 2028 5557 esse

451 5591 635 5654 debet,
670 5591 942 5660 sigillatim
1002 5592 1358 5654 enumeratis,
1393 5589 1459 5644 de
1488 5590 1591 5645 hoc
1626 5605 1834 5645 canone
1865 5589 2031 5660 368

444 5680 676 5737 totidem
726 5679 946 5734 onmiuo
985 5679 1166 5734 verbis
1225 5681 1298 5734 ita
1333 5678 1717 5750 pronuntiant.
1755 5679 2026 5736 Praeterea

2131 4489 2295 4541 Ὅθεν
2319 4489 2572 4558 φαίνεται
2599 4493 2798 4546 ὅτιούκ
2827 4495 3022 4566 ἐδέχθη
3054 4500 3208 4570 παρὰ
3257 4502 3368 4556 τῶν
3403 4508 3714 4575 μετέπειτα

2130 4581 2300 4648 ἁγίων
2330 4582 2592 4652 Πατέρων
2616 4585 2648 4654 ή
2676 4584 2909 4656 διαταγὴ
2942 4587 3108 4660 αὕτη.
3154 4592 3405 4648 Ἑναντία
3437 4598 3629 4652 τοίνυν
3664 4605 3720 4655 ἐν

2127 4674 2302 4742 τούτῳ
2325 4673 2402 4740 τῷ
2438 4675 2721 4745 κεφαλαίῳ
2763 4678 2870 4730 τῶν
2900 4679 2992 4732 δύο
3048 4683 3288 4737 συνόδων
3342 4688 3718 4759 είσαγουσῶν,

2128 4766 2197 4818 τὰ
2231 4765 2329 4834 τῆς
2364 4765 2626 4837 δευτέρας
2653 4771 2851 4835 κρατεί
2890 4773 3138 4838 συνόδου,
3203 4777 3288 4829 ὅτι
3311 4795 3369 4831 τε
3409 4799 3722 4852 μεταγενε-

2129 4857 2296 4928 στέρα
2319 4859 2456 4920 ἐστὶ,
2479 4860 2570 4912 καὶ
2601 4859 2680 4912 ὅτι
2699 4863 3074 4936 οίκουμενικὴ,
3099 4868 3158 4921 ἐν
3180 4861 3214 4942 ᾖ
3243 4870 3460 4937 πάντως
3477 4876 3545 4929 ἐκ
3580 4879 3724 4933 πάν-

2129 4966 2239 5002 των
2274 4950 2385 5002 τῶν
2411 4954 2838 5022 πατριαρχικῶν
2870 4955 3080 5026 θρόνων
3123 4963 3362 5030 συνῆσαν
3396 4966 3428 5033 ἢ
3490 4970 3541 5020 οί
3615 4988 3721 5024 τινα-

2129 5043 2388 5134 τριάρχαι
2423 5043 2598 5106 αὐτοὶ,
2628 5044 2661 5101 ἢ
2695 5051 3089 5119 τοποτηρηταί.
3115 5052 3237 5106 Ὅτι
3293 5055 3350 5108 δὲ
3383 5058 3485 5111 οὐκ
3513 5061 3715 5134 ἐδέχθη

2129 5133 2157 5186 ό
2188 5133 2379 5202 παρὼν
2424 5135 2612 5188 κανὼν
2655 5139 2810 5208 παρὰ
2829 5142 3049 5194 πάντων
3070 5144 3180 5198 τῶν
3207 5146 3379 5214 ἁγίων
3419 5133 3711 5224 Πατέρων,

2128 5225 2384 5294 δηλοῦται
2413 5227 2509 5279 καὶ
2535 5228 2599 5279 ἐκ
2633 5229 2727 5281 τοῦ
2761 5229 3018 5301 δευτέρου
3059 5235 3286 5300 κανόνος
3340 5238 3440 5308 τῆς
3496 5243 3563 5295 ἐν
3645 5245 3708 5314 τῷ

2133 5317 2388 5388 Τρού).λῳ
2415 5320 2716 5390 γενομένης
2739 5323 2958 5375 συνόδου
2989 5324 3286 5399 λεγομένης
3314 5330 3502 5399 ἕκτης.
3548 5335 3710 5390 Ἀπα-

2133 5407 2391 5478 ρίθμησιν
2421 5407 2529 5479 γὰρ
2575 5411 2634 5463 ἐν
2672 5411 2819 5481 αύτῴ
2888 5414 2936 5464 oi
2989 5415 3215 5470 συνόδου
3292 5404 3440 5486 ἅγιοι
3471 5423 3718 5495 Πατέρες

2131 5502 2349 5571 ἐκείνης
2388 5501 2706 5573 ποιούμενοι
2737 5504 2844 5557 τῶν
2864 5505 3191 5575 ὀφειλόντων
3235 5515 3460 5580 κρατεῖν
3551 5519 3719 5570 κανόο

2132 5608 2264 5658 νων,
2296 5590 2474 5646 ταῦτα
2509 5594 2640 5664 περὶ
2671 5593 2765 5647 τοῦ
2786 5597 3014 5658 κανόνος
3077 5598 3271 5652 τούτου
3336 5603 3587 5672 ῥήμασιν
3619 5607 3720 5661 aii-

2131 5687 2245 5747 τοῖς
2277 5684 2540 5753 διεξίασιν
2571 5702 2586 5718 ·
2621 5687 2704 5740 ἔτι
2745 5689 2855 5759 μὴν
2881 5694 2973 5744 καὶ
2993 5689 3084 5745 τὸν
3103 5692 3208 5746 ὑπὸ
3232 5692 3573 5766 Κνπριανοῦ
3620 5696 3722 5753 τοῦ
