4014 6224
343 323 481 384 1)θῦ

1470 323 1553 384 IN
1591 322 1760 385 CAN.
1804 322 1832 382 Ι
1876 322 2493 389 CONC.CARTHAG.

3457 323 3592 390 1106

342 434 636 506 γενομένου
663 435 1102 507 άρχιεπισκόπου
1132 437 1231 507 τῆς
1289 438 1517 507 Ἄφρων
1563 436 1749 508 χώρας
1810 436 1907 490 καὶ

2030 453 2171 501 vero,
2202 438 2476 508 inquiunt,
2498 446 2550 493 et
2579 435 2921 507 aﬂypriano.
2954 437 3045 507 qui
3077 435 3333 492 Afrorum
3359 438 3596 508 regionis

348 529 649 600 μάρτυρος,
714 528 809 581 καὶ
840 528 943 597 τῆς
969 528 1091 582 κατ’
1114 530 1277 584 αὐτόν
1304 530 1564 593 ’συνόδου.
1626 528 1917 584 ἐκτεθέντα

344 621 569 683 κανόνα,
604 618 665 682 δς
690 620 747 670 ἐν
782 621 900 682 τοῖς
937 619 1048 673 τῶν
1072 620 1356 691 προέδρων
1383 623 1573 683 τόποις
1603 623 1700 674 καὶ
1734 620 1917 691 μόνοις

347 710 489 765 κατὰ
525 711 587 763 τὸ
612 711 921 782 παραδοθὲν
950 712 1135 776 αὐτοῖς
1163 712 1283 777 ἔθος
1331 714 1654 783 ἐκράτησεν.
1703 712 1918 765 Ἐντεῦ-

348 804 439 855 θεν
467 802 559 856 οῦν
583 803 865 857 δείκνυται
894 804 974 856 δτι
1003 805 1096 858 καὶ
1136 804 1378 873 ἀρχῆθεν
1425 805 1487 858 οὐ
1552 806 1706 873 παρά
1750 807 1918 859 πᾶσιν

342 889 412 964 ἦν
433 894 675 965 ἐνεργῶν
701 896 730 948 ό
759 894 962 951 κανών.
985 895 1173 951 Ταῦτα
1208 897 1307 967 μὲν
1335 896 1428 950 οὖν
1454 900 1521 951 τὰ
1567 897 1667 967 τῆς
1701 899 1920 952 ἐπιστο-

346 986 445 1055 λῆς
469 1002 484 1017 ο
521 988 578 1040 αἱ
631 987 689 1041 δὲ
718 989 776 1040 ὲν
813 991 880 1059 τῇ
909 992 1061 1061 κοινῇ
1087 989 1372 1058 διασκέψει
1402 989 1643 1045 δοθεῖσαι
1697 991 1916 1061 γνῶμαι

351 1078 485 1148 παρ’
524 1079 758 1134 ἐκάστου
787 1080 898 1134 τῶν
952 1083 1011 1134 ἐν
1074 1083 1142 1153 τῇ
1222 1082 1427 1153 συνόδῳ
1488 1083 1920 1153 συνειλεγμένων

346 1166 565 1237 εχουσιν
592 1167 738 1223 οὕτω
801 1171 925 1224 κατ’
972 1172 1269 1242 ἐπιτομήν.

796 1351 1137 1417 Κυπριανὸς
1164 1346 1355 1406 εἶπεν.

434 1437 758 1505 Ἠκούσατε,
793 1440 1071 1511 ἀγαπητοὶ
1103 1444 1517 1509 συνεπίσκοποι,
1550 1445 1604 1499 τί
1634 1462 1724 1516 μοι
1750 1446 1922 1518 ἔγρα-

346 1528 450 1595 ψεν
497 1529 758 1594 Ἰοσιανὸς
839 1532 870 1585 ὀ
922 1533 1323 1598 συνεπίσκοπος
1404 1536 1564 1606 ἡμῶν
1613 1538 1923 1610 συμϐουλὴν

357 1623 509 1692 παρά
541 1623 639 1694 τῆς
674 1625 1030 1694 μετριότητός
1087 1642 1189 1695 μου
1219 1626 1541 1697 βουλόμενος
1576 1627 1760 1682 λαϐεῖν
1794 1629 1924 1699 περὶ

344 1715 441 1769 τοῦ
475 1717 689 1770 ἀνοσίου
716 1717 811 1771 καὶ
832 1717 1037 1788 ἀνόμου
1069 1717 1447 1789 βαπτίσματος
1475 1720 1586 1773 τῶν
1607 1720 1919 1791 αίρετικῶν,

2027 530 2128 583 fuit
2163 531 2614 601 archiepiscopus
2651 538 2705 584 et
2744 538 2975 599 martyr,
3024 538 3085 585 et
3112 546 3142 584 a
3177 530 3425 601 synodo,
3474 548 3598 600 quae

2025 622 2127 677 sub
2185 637 2250 676 eo
2315 623 2442 686 fuit,
2485 624 2695 678 editum
2762 640 3056 688 canonem,
3105 625 3197 693 qui
3263 624 3319 677 in
3375 625 3596 679 illorum

2024 714 2320 781 pnesulum
2354 714 2492 769 locis
2527 715 2905 770 tantummodo
2930 714 3086 785 juxta
3120 714 3376 769 traditam
3422 715 3495 769 ab
3516 716 3599 770 eis

2025 806 2481 861 consuetudinem
2532 816 2781 862 servatus
2825 816 2929 862 est.
2973 806 3047 860 Ex
3096 806 3199 861 hoc
3249 805 3369 860 loco
3409 805 3597 875 igitur,

2026 900 2219 969 primis
2257 913 2486 968 quoque
2516 899 2856 969 temporibus
2890 912 3154 954 canonem
3201 896 3347 951 hunc
3388 912 3600 966 nequa-

2026 1005 2190 1059 quam
2219 990 2361 1063 apud
2387 1005 2580 1045 omnes
2606 991 2868 1054 valuisse,
2895 990 3054 1046 facile
3079 997 3332 1059 apparet.
3372 987 3472 1042 llic
3495 988 3600 1058 igi-

2027 1088 2118 1135 tur
2170 1089 2257 1136 est
2290 1089 2471 1136 textus
2509 1081 2757 1150 epistolae
2800 1099 2814 1136 :
2852 1096 2975 1151 quas
3018 1095 3147 1136 vero
3203 1080 3272 1135 ini
3321 1079 3601 1135 communi

2027 1169 2427 1237 disceptatione
2466 1171 2610 1226 dicta
2642 1180 2768 1227 sunt
2803 1188 2832 1226 a
2868 1171 3121 1242 singulis,
3152 1171 3247 1241 qui
3300 1172 3355 1225 in
3390 1170 3603 1242 synodo

2028 1271 2422 1329 convenerant,
2452 1263 2524 1316 ita
2566 1279 2626 1318 se
2660 1265 2885 1319 habent.

2563 1354 2866 1426 Cyprianus
2895 1358 3056 1410 dixit.

2098 1441 2367 1507 Audistis,
2400 1441 2740 1497 dilectissimi
2780 1442 3090 1513 coepiscopi
3114 1483 3130 1509 ,
3172 1442 3307 1513 quid
3346 1443 3476 1498 mihi
3508 1442 3603 1497 ,Ιο-

2029 1533 2227 1588 vianus
2292 1533 2649 1602 coepiscOpus
2687 1543 2897 1597 noster,
2928 1534 2994 1588 de
3020 1533 3212 1590 illicito
3252 1544 3306 1589 et
3369 1535 3598 1605 profano

2031 1626 2411 1681 hmreticorum
2445 1626 3167 1697 baptismomediocritatem
3198 1634 3444 1681 nostram
3468 1641 3601 1680 cono

2032 1716 2254 1782 sulens,
2310 1716 2616 1785 scripserit,
2675 1718 2898 1787 etquid
2945 1732 3045 1787 ego
3093 1718 3144 1773 ei
3198 1718 3602 1787 reseripserim,

346 1806 443 1859 καλ⁵
468 1807 523 1860 τί
555 1807 668 1877 ἐγὼ
697 1808 847 1879 αὐτῷ
877 1810 1220 1880 ἀντέγραψα,
1253 1811 1624 1879 δογματίζων,
1693 1812 1721 1865 ὃ
1775 1811 1922 1877 ἅπαξ

2030 1822 2258 1862 censens
2288 1808 2502 1862 scilicet
2524 1844 2540 1870 ,
2567 1808 2710 1877 quod
2732 1808 2901 1863 semel
2938 1816 3107 1877 atque
3136 1810 3334 1863 iterum
3369 1817 3423 1865 et
3461 1826 3606 1878 saepe

346 1900 441 1952 καὶ
466 1899 722 1970 δεύτερον
752 1899 847 1954 καὶ
881 1900 1142 1965 πολλάκις
1172 1901 1492 1971 ἐκρίναμεν,
1558 1902 1687 1966 τοὺς
1716 1905 1925 1973 αἱρετι-

344 1992 477 2054 κοῦς
505 1992 633 2054 τοὺς
666 1992 1142 2063 προσερχομένους
1173 1995 1238 2063 τῇ
1258 1993 1559 2066 Ἐκκλησία
1582 1993 1923 2064 βαπτίσματι

346 2080 714 2146 Βαπτίζεσθαι
747 2082 857 2136 δεῖν
888 2084 982 2137 καὶ
1004 2083 1358 2151 ἀγιάζεσθαι.
1392 2085 1629 2138 Ἔπειτα
1680 2084 1739 2138 δὲ
1799 2086 1925 2138 ἀνε-

347 2173 569 2243 γνώσθη
596 2175 728 2245 ὑμῖν
749 2175 847 2251 καὶ
878 2175 1017 2229 ἄλλα
1046 2175 1355 2245 γράμματα
1426 2175 1710 2238 ἰοϐιανοῦ,
1744 2174 1815 2230 δι’
1849 2171 1926 2232 ὢν

346 2265 494 2319 κατά
524 2265 583 2319 τὺ
633 2265 800 2320 αὑτοῦ
823 2266 1052 2329 εὐσεδὲς
1102 2266 1464 2337 ἀντίγραμμα
1493 2267 1554 2320 οὐ
1602 2265 1763 2337 μόνον
1792 2268 1927 2336 ἡμῖν

289 2334 307 2349 ⁸
349 2355 771 2425 συνευδόκησεν,
802 2356 939 2410 ἀλλά
971 2356 1063 2411 καὶ
1091 2360 1158 2428 τῇ
1192 2334 1494 2427 ἐπιγνώσει
1523 2334 1621 2429 τῆς
1663 2334 1929 2424 ἀληθείας

346 2452 513 2524 χάριν
537 2452 907 2523 ὡμολόγησεν.
944 2453 1271 2508 ’Υπόλοιπον
1304 2453 1398 2509 οῦν
1451 2455 1585 2525 περὶ
1636 2455 1801 2509 αὐτοῦ
1876 2455 1930 2509 τί

348 2540 588 2605 ἕκαστος
621 2543 780 2612 ἡμῶν
816 2546 1009 2613 φρονεί
1049 2545 1247 2609 εἰπεῖν,
1284 2544 1517 2615 μηδενὸς
1544 2544 1638 2613 ἀφ’
1682 2545 1846 2615 ἡμῶν
1869 2545 1929 2598 ἐν

347 2631 528 2702 τούτῳ
554 2627 905 2702 κρινομένου,
931 2634 1092 2705 μηδὲ,
1144 2635 1192 2687 εί
1237 2635 1460 2689 ἐναντία
1534 2637 1786 2707 φρονοίη,
1834 2637 1930 2690 καὶ

346 2726 718 2794 ἀκοινωνήτου
775 2726 1090 2796 γινομένου.
1142 2726 1282 2781 Οὔτε
1335 2728 1447 2796 γάρ
1495 2745 1580 2792 τις
1632 2731 1930 2784 ἐπίσκοπον

345 2816 544 2869 ἐαυτὸν
593 2818 943 2885 καθίστησιν,
1003 2819 1126 2873 οὐδὲ
1182 2823 1484 2892 τυραννικῇ
1532 2821 1795 2892 αὐθαδείᾳ
1849 2822 1931 2885 είς

345 2907 596 2978 ἀνάγκην
644 2908 740 2962 τοῦ
796 2908 1029 2962 ἔπεσθαι
1097 2910 1248 2980 αὒτῷ
1306 2912 1435 2975 τοὺς
1491 2913 1930 2975 συνεπισκόπους

347 2999 620 3070 βιάζεται,
651 3000 812 3053 ὁπότε
837 2997 918 3064 εἷς
935 3002 1168 3065 ἕκαστος
1208 3000 1506 3065 ἐπίσκοπος
1540 3002 1789 3066 ἐξουσίαν
1812 3002 1929 3072 ἔχει

347 3089 612 3159 πράττειν
638 3090 963 3163 ἐλευθερίως
994 3091 1031 3147 ἃ
1061 3094 1269 3163 φρονεῖ.
1314 3092 1404 3155 ’ος
1431 3093 1542 3163 γὰρ
1572 3093 1733 3157 αὐτὸς
1767 3093 1930 3148 ἀλλον

348 3184 538 3251 κρῖναι
574 3181 634 3234 οὐ
667 3181 917 3248 δύναται,
957 3181 1132 3247 οὕτως
1170 3184 1291 3237 οὐδὲ
1359 3184 1467 3237 ὑπὸ
1514 3183 1679 3238 ἄλλου
1741 3185 1931 3256 κριθῆ-

344 3291 458 3329 ναι.
492 3275 870 3346 Περιμένομεν
898 3276 1006 3346 γάρ
1035 3276 1237 3341 πάντες
1265 3278 1364 3349 τὴν
1389 3277 1485 3332 τοῦ
1530 3277 1737 3349 Κυρίου
1773 3278 1930 3349 ἡμῶν

357 3365 537 3434 Ἰησοῦ
590 3364 830 3437 Χριστοῦ
913 3366 1118 3438 κρίσιν,
1169 3367 1230 3432 δς
1290 3369 1451 3440 μόνος
1506 3365 1760 3433 ἐξουσίαν
1815 3367 1930 3437 ἔχει

346 3456 649 3510 ἐπίσκοπον
687 3456 953 3527 καθιστᾷν
1000 3459 1059 3510 ἐν
1123 3459 1190 3527 τῇ
1252 3457 1422 3513 αὑτοῦ
1493 3455 1796 3526 Ἐκκλησία
1834 3457 1930 3509 καὶ

346 3546 468 3611 ἐνὸς
528 3547 763 3602 ἑκάστου
813 3547 914 3621 τὴν
961 3548 1163 3621 πρᾶξιν
1224 3546 1503 3615 ἐξετάζειν
1562 3548 1656 3602 καὶ
1697 3547 1928 3616 δοκιμά-

345 3639 486 3706 ζειν,

653 3734 1006 3801 Καικίλλιος
1031 3732 1376 3801 Λιϐεράριος
1399 3727 1570 3787 εἶπεν

424 3828 522 3881 ’Ἐν
564 3827 852 3898 βάπτισμα
883 3828 943 3880 ἐν
993 3828 1130 3897 μόνῃ
1156 3829 1223 3898 τῇ
1268 3826 1570 3897 Ἐκκλησία
1622 3823 1763 3889 οἶδα,
1833 3828 1927 3881 καὶ

343 3922 503 3987 ἐκτὸς
528 3922 631 3993 τῆς
666 3922 1003 3991 Ἐκκλησίας
1067 3922 1329 3993 οὐδαμοῦ.
1362 3921 1532 3975 Ἔνθα
1566 3922 1675 3993 γάρ
1701 3923 1818 3975 ἐστι
1866 3922 1925 3974 τὸ

343 4015 405 4069 ἐν
434 4015 742 4085 βάπτισμα,
783 4015 953 4079 ὅντως
982 4016 1078 4068 καὶ
1103 4014 1262 4079 ἐλπὶς
1305 4014 1567 4085 ἀληθείας
1628 4014 1768 4078 ἐστὶ,
1828 4015 1923 4069 καὶ

342 4101 548 4165 πίστις.
618 4101 777 4156 Οὕτω
828 4102 939 4176 γὰρ
994 4102 1328 4173 γέγραπται,
1390 4103 1513 4159 Μία
1578 4106 1804 4171 πίστις,
1850 4105 1923 4159 ἐν

334 4194 679 4266 βάπτισμα.
710 4197 784 4250 Οὐ
824 4195 935 4265 γὰρ
973 4197 1089 4259 τοῖς
1120 4196 1445 4266 αἱρετικοῖς,
1508 4196 1643 4266 παρ’
1682 4192 1764 4261 οἷς
1817 4199 1925 4252 οὺ-

339 4285 506 4357 δεμία
537 4287 719 4352 πίστις
751 4287 847 4341 καὶ
878 4286 1061 4352 ἐλπὶς,
1096 4287 1232 4341 ὅπου
1288 4286 1467 4342 πάντα
1534 4288 1733 4360 ψευδῆ,
1785 4290 1920 4345 ὅπου

339 4379 615 4449 ἐξορκίζει
653 4377 1128 4451 δαιμονιζόμενος,
1202 4381 1504 4451 μυστήριον
1547 4382 1750 4454 ἐρωτᾷ,
1776 4377 1840 4438 οῦ
1861 4383 1922 4436 τὸ

2026 1900 2371 1961 censuimus.
2399 1901 2689 1957 haereticos
2738 1901 2805 1957 ad
2851 1901 3155 1957 Ecclesiam
3198 1902 3482 1957 venientes
3507 1902 3607 1957 ba-

2026 1989 2226 2061 ptismo
2253 1990 2552 2060 (Ecclesiae)
2589 1991 2850 2061 baptizari
2874 2003 2927 2046 et
2961 1993 3295 2049 sanetilieari
3325 2003 3602 2064 oportere.

2026 2081 2158 2137 Item
2190 2082 2341 2136 lectae
2368 2091 2501 2137 sunt
2521 2080 2677 2137 vobis
2693 2092 2749 2137 et
2771 2084 2890 2138 alite
2911 2084 3109 2139 littera:
3127 2083 3368 2151 Joviani,
3403 2085 3608 2155 quibus

2030 2192 2129 2246 pro
2179 2192 2276 2232 sua
2313 2176 2527 2232 sincera
2562 2184 2617 2231 et
2665 2176 2919 2249 religiosa
2962 2178 3250 2234 devotione
3292 2179 3359 2232 ad
3402 2179 3608 2247 episto-

2029 2268 2137 2322 lam
2182 2275 2422 2322 nostram
2477 2266 2821 2330 rescribens,
2866 2283 2975 2321 non
3023 2277 3239 2322 tantum
3273 2267 3433 2322 nobis
3473 2281 3609 2322 con-

2030 2360 2225 2425 sensit,
2273 2359 2368 2416 sed
2408 2360 2571 2415 etiam
2607 2361 2834 2416 veritate
2874 2360 3204 2417 instructum
3235 2375 3296 2415 se
3327 2375 3453 2415 esse
3481 2373 3612 2429 gra-

2032 2451 2135 2507 tias
2188 2451 2321 2523 egit.
2369 2450 2631 2521 Superest
2684 2452 2752 2507 de
2782 2452 2884 2506 hac
2926 2453 3042 2521 ipsa
3088 2468 3169 2516 re,
3214 2452 3344 2521 quid
3403 2452 3603 2522 singuli

2031 2545 2355 2609 sentiamus,
2409 2544 2677 2615 proferre,
2727 2544 3003 2599 neminem
3046 2544 3376 2614 jutlieantes,
3428 2553 3524 2600 aut
3573 2560 3604 2600 a

2024 2635 2149 2706 jure
2174 2635 2597 2699 communionis,
2620 2638 2665 2693 si
2681 2636 2959 2693 diversum
2979 2637 3233 2701 senserit,
3258 2645 3597 2693 amoventes.

2029 2723 2220 2796 Neque
2276 2726 2425 2781 enim
2483 2727 2773 2797 quisquam
2816 2727 3133 2798 episcopum
3185 2742 3244 2782 se
3294 2726 3606 2791 constituit,

2031 2826 2127 2871 aut
2158 2818 2445 2891 tyrannica
2494 2828 2700 2875 terrore
2737 2820 2803 2874 ad
2844 2820 3181 2890 obsequendi
3223 2820 3603 2875 necessitatem

2031 2911 2388 2982 coepiscOpos
2439 2928 2572 2970 suos
2641 2914 2856 2984 adigit,
2917 2912 3354 2984 quandoquidem
3428 2912 3611 2968 omnis

2031 3002 2319 3072 episcopus
2368 3013 2691 3074 potestatem
2745 3006 2909 3061 habet
2969 3005 3139 3061 libere
3204 3004 3436 3061 faciendi
3490 3018 3613 3074 qua:

2034 3093 2225 3149 sentit.
2296 3094 2368 3151 Ut
2402 3096 2519 3166 ipse
2553 3097 2698 3151 enim
2746 3096 2912 3152 alium
2941 3095 3194 3164 judicare
3244 3113 3353 3151 non
3409 3106 3607 3165 potest,

2040 3188 2120 3243 sic
2161 3203 2263 3243 nec
2314 3189 2381 3245 ab
2425 3189 2531 3243 alio
2580 3189 2840 3258 iudicari.
2891 3190 3025 3244 Nam
3088 3204 3280 3244 omnes
3331 3199 3614 3258 exspecta~

2033 3296 2157 3334 ntus
2198 3280 2466 3351 judicium
2529 3278 2746 3335 Domini
2795 3282 2967 3337 nostri
3017 3281 3147 3337 Jesu
3205 3281 3456 3347 Christi,
3513 3285 3608 3350 qui

2031 3374 2184 3428 solus
2243 3380 2567 3441 potestatem
2608 3372 2773 3427 habet
2801 3372 2854 3426 in
2883 3372 3123 3429 Ecclesia
3155 3388 3256 3428 sua
3287 3375 3605 3445 episcopum

2032 3465 2431 3532 constituendi,
2460 3474 2514 3522 et
2542 3472 2663 3521 acta
2690 3465 3130 3537 uniuscujusque
3174 3467 3524 3522 examinandi
3552 3475 3609 3522 ot

2026 3557 2328 3627 judicandi.

2428 3739 2669 3795 Caecilius
2690 3739 2994 3795 Liberarius
3023 3740 3181 3795 diuit.

2103 3830 2215 3900 Ego
2261 3845 2430 3884 unum
2494 3833 2779 3901 baptisma
2814 3834 2866 3887 in
2914 3833 3162 3889 Ecclesia
3198 3833 3312 3889 sola
3354 3834 3471 3889 scio
3497 3870 3511 3896 ,
3550 3840 3608 3887 et

2025 3931 2176 3973 extra
2229 3919 2530 3974 Ecelesiam
2580 3919 2792 3974 nullihi.
2831 3918 2906 3973 lbi
2949 3922 3095 3974 enim
3151 3928 3235 3973 est
3280 3934 3448 3973 unum
3496 3918 3606 3972 ba-

2028 4011 2250 4081 ptisma,
2315 4009 2407 4064 uhi
2457 4026 2582 4080 spes
2636 4026 2759 4065 vera
2817 4018 2873 4064 et
2915 4010 3050 4065 ﬁdes
3090 4018 3261 4064 certa.
3320 4009 3412 4064 Sic
3458 4008 3604 4062 enim

2026 4103 2288 4173 scriptum
2308 4112 2424 4157 est:
2449 4100 2741 4173 Unajﬁdes,
2762 4118 2925 4155 unum
2950 4100 3212 4170 baptisma
3229 4101 3298 4155 ⁸⁷.
3316 4099 3434 4155 Νοη
3458 4101 3604 4155 enim

2026 4197 2171 4267 apud
2204 4195 2514 4260 hzereticos,
2565 4195 2655 4248 ubi
2688 4210 2816 4264 spes
2848 4194 2998 4247 nulla
3030 4202 3133 4259 est,
3170 4202 3226 4248 et
3262 4194 3395 4250 lides
3436 4193 3603 4255 falsa;

2024 4288 2119 4344 ubi
2165 4288 2351 4343 omnia
2400 4302 2495 4357 per
2535 4285 2879 4342 mendacium
2931 4293 3171 4353 aguntur
3200 4326 3217 4349 ,
3261 4286 3349 4342 ubi
3391 4288 3610 4343 exorci-

2026 4390 2113 4438 zat
2138 4382 2529 4446 daemoniacus,
2561 4387 2966 4438 sacramentum
2999 4378 3317 4449 interrogat.
3356 4381 3513 4447 cujus
3539 4397 3604 4437 os

342 4471 522 4540 στόμα
554 4469 797 4540 λοιμώδη
829 4473 923 4524 καὶ
947 4469 1077 4540 ίὼδη
1109 4469 1407 4540 φθέγγεται
1444 4487 1458 4501 ο
1490 4472 1677 4527 πίστιν
1732 4473 1790 4527 δὲ
1842 4472 1922 4527 δί-

2030 4472 2338 4544 pestilentia
2368 4480 2423 4527 et
2461 4483 2736 4526 venenosa
2784 4476 2995 4524 eructat
3028 4486 3041 4523 :
3105 4469 3263 4525 ﬁdem
3295 4478 3478 4525 autem
3512 4470 3608 4524 dat

340 4564 504 4615 δωσιν
529 4562 779 4625 ἄπιστος,
804 4562 999 4630 ἄφεσιν
1046 4562 1333 4633 ἁμαρτιῶν
1370 4567 1601 4635 παρέχει
1653 4566 1920 4638 ἀμαρτω-

340 4650 453 4715 λδς,
476 4650 571 4703 καὶ
605 4653 685 4713 είς
723 4651 895 4723 ὄνομα
922 4653 1161 4723 Χριστοῦ
1195 4653 1485 4725 βασπτίζει
1546 4657 1915 4729 ἀντίχριστος,

343 4742 689 4812 ὑπισχνεῖται
710 4745 857 4816 ζωὴν
880 4746 1096 4818 νεκρὸς,
1137 4749 1363 4821 εἰρήνην
1413 4750 1635 4805 δίδωσιν
1684 4753 1915 4822 είρήνης

341 4832 647 4903 ἀλλότριος,
679 4836 814 4890 Θεὸν
861 4838 1197 4893 ἐπικαλεῖται
1253 4839 1604 4912 βλάσφημος,
1668 4841 1916 4914 ίερατεία

342 4924 613 4995 κέχρηται
637 4926 864 4998 ἀσεϐής.
893 4928 957 4983 Ol
988 4930 1172 4991 αὐτοῖς
1224 4933 1650 5004 συνηγοροῦντες
1674 4933 1918 4987 εἰπάτω-

343 5036 440 5071 σαν
462 5020 637 5075 ταῦτα
677 5021 859 5077 πάντα
895 5021 1068 5092 ψευδῆ
1085 5018 1227 5080 εἶναι
1259 5027 1392 5095 περὶ
1458 5027 1567 5081 τῶν
1594 5026 1912 5098 αἱρετικῶν.

352 5109 488 5165 Ἰδοὺ
517 5111 662 5166 τίσιν
693 5114 1065 5184 ἀναγκάζεται
1093 5121 1126 5190 ἠ
1192 5117 1492 5187 Ἐκκλησία
1546 5119 1910 5183 συνευδοκεῖν,

340 5202 429 5253 ἵνα
480 5204 650 5273 χωρὶς
705 5204 1088 5277 βαπτίσματος
1144 5211 1240 5265 καὶ
1309 5212 1562 5279 ἀφέσεως
1630 5210 1920 5283 ἁμαρτιῶν

339 5294 602 5359 τοιούτοις
634 5301 1073 5373 συγκοινωνήσῃ.
1130 5303 1314 5366 Ὅθεν,
1378 5302 1623 5372 ἀδελφοὶ,
1694 5301 1920 5374 φεύγειν

343 5388 439 5439 καὶ
492 5389 768 5444 ἐκκλίνειν
795 5390 1108 5464 ὀφείλομεν,
1138 5395 1232 5450 καὶ
1253 5396 1515 5467 χωρίζειν
1537 5396 1768 5460 ἑαυτοὺς
1810 5395 1919 5449 ἀπὸ

339 5479 602 5534 τοιούτων
661 5480 1180 5555 πλημμελημάτων,
1208 5487 1301 5540 καὶ
1329 5485 1389 5541 ἓν
1448 5485 1733 5556 βάπτισμα
1760 5486 1921 5541 κατέ-

342 5586 458 5639 χειν
487 5570 553 5625 τὸ
604 5573 775 5644 μόνον
800 5576 858 5629 ἐν
889 5576 958 5649 τῇ
1002 5575 1300 5651 Ἐκκλησία
1350 5578 1446 5635 τοῦ
1470 5578 1631 5653 ίΘεοῦ
1677 5577 1918 5651 δεδωρη-

347 5663 530 5731 μένον.

457 5832 504 5864 ’⁷
534 5835 900 5925 ενίέεὲἐῖρδ

2029 4565 2288 4631 infidelis,
2328 4564 2543 4619 veniam
2570 4560 2895 4618 delictorum
2938 4562 3131 4617 tribuit
3162 4564 3484 4628 sceleratus,
3548 4573 3605 4619 et.

2030 4656 2083 4711 in
2110 4657 2334 4712 nomine
2356 4655 2561 4711 Christi
2588 4654 2832 4725 baptizat
2861 4655 3257 4720 Antichristus,
3294 4657 3461 4711 vitam
3489 4656 3608 4725 pol-

2027 4749 2225 4806 licetur
2249 4756 2519 4816 mortuus,
2543 4761 2732 4818 pacem
2753 4747 2843 4801 dat
2874 4745 3236 4818 impacilieus,
3256 4748 3425 4804 Deum
3454 4751 3608 4805 invo-

2025 4852 2113 4897 cat
2142 4842 2516 4913 blasphemus,
2535 4840 2905 4896 sacerdotium
2940 4840 3289 4897 administrat
3318 4841 3605 4913 profanus.

2025 4935 2242 5001 Dicant,
2258 4936 2348 5006 qui
2368 4934 2476 4990 illis
2492 4933 2879 5005 astipulantur,
2913 4933 3028 4989 haec
3047 4935 3228 4989 omnia
3245 4934 3377 4989 falsa
3398 4949 3520 4989 esse
3539 4934 3608 4989 de

2025 5028 2316 5085 haereticis.
2332 5028 2471 5083 Ecce
2490 5027 2689 5098 quibus
2708 5025 2943 5081 Ecclesia
2963 5026 3272 5081 consentire
3288 5025 3521 5095 cogitur.
3546 5035 3607 5080 ut

2022 5124 2142 5179 sine
2163 5124 2433 5194 baptismo
2463 5135 2526 5176 ac
2539 5121 2696 5176 venia
2726 5120 3049 5175 delictorum
3074 5134 3198 5174 cum
3236 5117 3437 5173 talibus
3459 5133 3606 5173 eom-

2025 5218 2287 5273 ntunicet.
2310 5215 2486 5282 Quam
2510 5229 2648 5278 rem,
2679 5211 2900 5277 fratres,
2935 5212 3120 5280 fugere
3136 5226 3203 5266 ac
3228 5210 3400 5265 vitare
3434 5210 3603 5267 debe-

2025 5322 2171 5373 mus,
2197 5316 2249 5360 et
2274 5321 2305 5361 a
2337 5314 2487 5361 tanto
2521 5303 2731 5359 scelere
2763 5316 2863 5356 nos
2887 5315 3163 5371 separare,
3217 5308 3272 5356 et
3309 5316 3476 5354 unum
3511 5302 3604 5357 ba-

2022 5399 2223 5471 ptisma
2270 5406 2473 5468 tenere,
2506 5397 2653 5468 quod
2688 5394 2870 5452 solum
2920 5392 3178 5450 Ecclesiae
3227 5390 3325 5449 Dei
3375 5405 3605 5450 conces-

2031 5507 2150 5551 sum
2182 5499 2287 5549 est.
