4014 6224
493 427 719 490 Ἀλλος
746 422 940 492 Φῆλιξ
966 422 1084 476 ἀπὸ
1118 421 1430 491 Μεκκόρας
1452 418 1605 478 εἷπε.

333 519 446 576 Καὶ
473 519 635 581 αὐτὸς
681 517 946 585 ἑπόμενος
969 512 1046 585 τῷ
1068 513 1253 567 κανόνι
1293 513 1399 567 τῶν
1424 513 1583 568 θείων
1603 515 1838 585 Γραφῶν

259 615 387 674 τοὺς
421 609 732 682 αίρετικοὺς
764 607 858 662 καὶ
883 607 1278 679 σχισματικοὺς
1315 605 1674 677 βαπτίζεσθαι
1701 607 1838 660 ἁπο-

261 706 548 776 φαινόμαι.

501 795 868 863 ’Ῑανουὰριος
899 793 1019 848 ἀπὸ
1049 791 1396 859 Μουκούζης
1417 787 1586 846 εἶπεν
1618 805 1636 822 ο

333 889 394 942 Ei
415 887 685 957 αίρετικοὶ
713 886 899 955 ἔχουσι
949 885 1258 953 βάπτισμα,
1296 884 1456 951 ἡμεῖς
1481 881 1582 934 οὐκ
1612 880 1832 950 ἔχομεν’

262 979 313 1031 εί
343 980 502 1049 ἡμεῖς
530 976 752 1047 ἔχομεν,
774 975 1042 1045 αίρετικοὶ
1070 974 1216 1044 ἔχειν
1237 973 1294 1026 οὐ
1321 971 1597 1025 δύνανται.
1638 971 1840 1040 ’Λμφι-

264 1069 603 1140 σσητήσιμον
627 1067 684 1120 δὲ
711 1067 810 1119 οὐκ
843 1065 960 1118 ἔστι
988 1065 1084 1136 τὴν
1129 1064 1458 1134 Ἐκκλησίαν
1485 1063 1583 1132 τὴν
1607 1062 1840 1117 καθολι-

261 1162 366 1231 κὴν
423 1160 501 1231 τῷ
557 1158 652 1212 τοῦ
689 1157 928 1227 Χριστοῦ
973 1156 1312 1228 βαπτίσματι
1369 1154 1693 1226 κεχρῆσθαι,
1739 1153 1840 1224 τὴν

263 1254 437 1323 μόνην
468 1252 820 1322 κεκτημένην
848 1251 1022 1321 ξχάριν
1046 1250 1141 1304 καὶ
1195 1249 1415 1317 ἀγάπην
1445 1248 1540 1300 καὶ
1579 1246 1842 1317 ἀλήθειαν

263 1346 356 1400 τοῦ
390 1347 434 1399 Χ
443 1344 651 1416 ριστοῦ.

513 1436 864 1506 Ἀδέλςριδος
889 1432 1008 1490 ἀπὸ
1059 1431 1408 1497 Θασεέλθης
1435 1428 1588 1483 εἷπε.

332 1531 530 1601 Μάτην
601 1529 749 1594 τινὲς
799 1531 866 1599 τῇ
933 1525 1162 1597 ἀληθείᾳ
1214 1521 1538 1592 πολεμοῦσι,
1589 1520 1844 1589 λέγοντες

263 1623 412 1691 ἡμᾶς
442 1621 856 1684 ἀναὸαπτίζειν.
908 1619 972 1671 Ἠ
994 1618 1103 1688 γὰρ
1143 1614 1442 1684 Ἐκκλησία
1484 1613 1609 1676 τοὺς
1637 1613 1844 1683 αἱρετι-

262 1715 394 1776 κοὺς
419 1711 520 1766 οὐκ
547 1710 930 1774 ἁναὸαπτίζει,
957 1707 1092 1762 ἀλλὰ
1116 1704 1392 1776 βαπτίζει.

519 1803 846 1872 Δημήτριος
873 1801 989 1854 ἀπὸ
1021 1798 1370 1867 Πολεμόνου
1399 1789 1594 1848 εἶπεν.

334 1894 400 1949 Οί
431 1893 686 1961 λέγοντες
717 1894 800 1945 ὅτι
840 1892 890 1944 oi
924 1889 1196 1956 αίρετικοὶ
1223 1886 1438 1956 ἀληθῶς
1470 1886 1566 1940 καὶ
1594 1881 1843 1952 νομίμως

263 1987 644 2058 βαπτίζουσιν,
695 1979 842 2038 οὗτοι
896 1983 957 2036 οὑ
1002 1982 1164 2052 μόνον
1205 1978 1321 2042 δύο,
1364 1977 1501 2031 ἀλλὰ
1538 1976 1632 2028 καὶ
1673 1973 1843 2028 πολλὰ

265 2078 620 2150 βαπτίσματα
676 2077 1010 2143 εἰσάγουσιν.
1064 2071 1259 2126 Ὁπότε
1295 2069 1404 2140 γὰρ
1446 2068 1694 2137 διάφοροι
1749 2065 1842 2118 καὶ

265 2171 462 2224 πολλαὶ
481 2169 718 2239 αἱρέσεις
747 2167 877 2228 είσὶ,
925 2166 1069 2219 κατὰ
1117 2162 1210 2216 τὸν
1251 2159 1484 2232 ἀριθμὸν
1526 2158 1707 2211 αὐτῶν
1752 2157 1844 2210 καὶ

263 2261 335 2315 τὰ
371 2259 728 2330 βαπτίσματα
759 2257 883 2327 ἀριθ
895 2257 1099 2324 μεῖται.

585 2351 905 2414 Οὑκέντιος
934 2347 1052 2402 ἀπὸ
1079 2345 1337 2413 Θιϐάρης
1363 2339 1515 2397 εἷπε.

337 2444 478 2508 Τοὺς
505 2441 821 2513 αίρετικοὺς
853 2439 1078 2509 οἴδαμεν
1103 2437 1355 2508 χείρονας
1396 2434 1505 2488 τῶν
1558 2448 1845 2503 σχισματιο

265 2535 402 2590 κῶν.
441 2533 566 2589 Ἐὰν
607 2535 662 2588 δὲ
707 2533 1118 2605 μετανοήσωσιν
1163 2527 1336 2582 ἐλθεῖν
1376 2527 1456 2589 είς
1511 2525 1713 2578 κανόνα
1747 2523 1845 2590 τῆς

265 2627 552 2697 ἀληθείας,
609 2627 872 2697 πρότερον
934 2620 1261 2692 ἔξορκίζειν,
1311 2619 1504 2672 ἔπειτα
1561 2615 1845 2686 βαπτίζειν

265 2719 466 2781 αὐτοὺς
495 2719 594 2772 δεῖ.
647 2718 782 2770 Τότε
819 2715 926 2786 γὰρ
962 2712 1219 2768 δύνανται
1264 2714 1363 2783 τῆς
1389 2705 1628 2780 Χριστοῦ
1675 2707 1847 2774 ἑπαγ-

265 2811 456 2881 γελίας
482 2811 688 2879 τυχεῖν.

604 2899 848 2968 Μάρκος
876 2900 995 2955 ἀπὸ
1023 2896 1314 2965 Μαθάρων
1344 2891 1499 2950 εἶπε.

333 2995 544 3066 Κρίνω,
570 2993 645 3058 ὡς
676 2992 845 3064 μηδὲν
872 2992 1116 3062 ἔχοντας,
1142 2991 1268 3052 τοὺς
1302 2987 1612 3058 αἱρετικοὺς
1646 2985 1846 3058 βαπτί-

266 3087 476 3154 ζεσθαι.

537 3175 748 3240 Σάτιος
797 3174 916 3229 ἀπὸ
958 3172 1327 3239 Σακιλιὸὐης
1371 3167 1580 3224 εἶπεν-ο

333 3271 398 3326 Ei
420 3269 533 3332 τοῖς
587 3268 882 3339 αἱρετικοῖς
918 3265 976 3318 ὲν
1014 3264 1092 3334 τῷ
1124 3261 1468 3334 βαπτίσματι
1499 3261 1680 3315 αΰτῶν
1706 3259 1844 3330 ἄφε-

266 3382 354 3433 σις
381 3364 667 3437 ἁμαρτιῶν
699 3364 928 3433 γίνεται,
967 3360 1143 3432 μάτην
1171 3362 1237 3430 τῇ
1273 3357 1575 3429 Ἐκκλησία
1603 3355 1842 3428 προσέρ-

263 3474 475 3527 χονται.
517 3454 682 3509 Οὐδὲν
714 3453 820 3523 γάρ
850 3453 966 3504 ἔστι
995 3449 1057 3502 τὺ
1113 3449 1410 3520 δυνάμενον
1463 3449 1697 3518 φοϐῆσαι
1744 3444 1844 3497 αὺ-

264 3549 395 3611 τοὺς
430 3548 490 3599 ιν
538 3545 606 3616 τῇ
650 3545 830 3616 κρίσει
873 3539 969 3596 τοῦ
1017 3538 1278 3612 Χριστοῦ,
1314 3539 1511 3608 ἄφεσιν
1559 3535 1845 3608 ἁμαρτιῶν

264 3636 584 3708 εἰληφότας.

581 3721 881 3792 Αὐρήλιος
901 3719 1021 3775 ἀπὸ
1059 3718 1322 3787 Ἀττικῆς
1349 3715 1501 3772 εἶπε.

330 3815 601 3885 Λέγοντος
644 3816 742 3868 τοῦ
801 3811 1130 3867 Ἀποστόλου
1177 3809 1489 3880 ἀλλοτρίαις
1545 3809 1846 3880 ἁμαρτίαις

271 3909 348 3981 μὴ
371 3910 673 3972 κοινωνεῖν,
722 3907 896 3976 κρίνω
927 3903 1288 3975 βαπτίζεσθαι
1338 3903 1465 3965 τοὺς
1509 3903 1843 3971 αἱρετικοὺς,

269 4002 360 4056 ἵνα
385 3999 592 4054 λάόωσι
635 3997 900 4068 πρότερον
949 3995 1143 4066 ἄφεσιν
1167 3992 1478 4066 ἁμαρτιῶν,
1530 3993 1626 4046 καὶ
1671 3990 1846 4056 οὕτως

269 4097 454 4162 αὐτοῖς
478 4093 926 4163 κοινωνήσωμεν.
1757 4072 1780 4082 “

526 4185 759 4255 Ἰαμϐὸς
791 4183 912 4239 ἀπὸ
954 4179 1384 4250 Γερμανικείας
1411 4179 1604 4233 εἶπεν.

339 4280 405 4336 Oi
446 4280 507 4335 τὸ
557 4279 667 4334 τῶν
698 4275 992 4347 αἱρετικῶν
1028 4274 1413 4344 δοκιμάζοντες
1437 4271 1750 4344 βάπτισμα,
1787 4271 1845 4324 τὸ

267 4375 540 4447 ἡμέτερον
581 4367 1102 4438 ἀποδοκιμάζουσιν.

476 4464 812 4528 Λουκιανὸς
850 4462 968 4516 ἀπὸ
1003 4459 1378 4528 Ῥουκούμης
1404 4454 1597 4512 εἶπεν.

341 4559 402 4617 El
433 4557 656 4611 δυνατὸν
683 4555 797 4624 φῶς
819 4555 916 4607 καὶ
941 4553 1132 4615 σκότος
1159 4552 1462 4615 κοινωνεῖν,
1489 4548 1712 4603 δύναται
1743 4546 1840 4601 καὶ

270 4651 404 4720 ἡμῖν
444 4649 538 4700 καὶ⁵
568 4649 682 4711 τοῖς
723 4646 1018 4717 αίρετικοῐς
1065 4639 1207 4698 εἷναί
1232 4661 1280 4697 τι
1311 4644 1512 4698 κοινόν.
1537 4641 1722 4712 Κρίνω
1747 4640 1843 4694 οὖν

272 4742 396 4803 τοὺς
417 4740 728 4810 αἱρετικοὺς
765 4737 1146 4809 βαπτίζεσθαι.

480 4829 772 4897 Πελάτιος
799 4831 916 4885 ἀπὸ
939 4829 1391 4899 Δουπερκιαγῆς
1418 4825 1602 4883 εἶπεν.

342 4927 402 4978 El
429 4926 640 4996 αἵρεσις
669 4923 768 4978 οὐκ
799 4923 941 4977 ἔστιν
982 4925 1039 4976 ὲν
1089 4923 1412 4993 Ἐκκλησία,
1464 4920 1583 4984 πῶς
1619 4919 1841 4974 δύναται

269 5019 419 5091 παρὰ
444 5021 553 5082 τοῖς
584 5019 883 5090 αίρετικοϊς
928 5012 1070 5070 εἶναι
1113 5016 1174 5070 τὸ
1223 5016 1322 5087 τῆς
1359 5012 1685 5085 Ἐκκλησίας
1746 5011 1843 5083 βά.

263 5127 514 5181 πτισμα;
618 5141 628 5154 ο

669 5203 856 5270 Ἰάδερ
879 5200 999 5258 ἀπὸ
1022 5200 1284 5269 Μηδείας
1300 5197 1454 5254 εἷπε.

339 5295 459 5348 Mla
491 5295 719 5361 πίστις,
761 5293 830 5348 ἓν
879 5294 1199 5363 ,βάπτισμα
1229 5308 1244 5323 ο
1280 5292 1417 5346 ἀλλὰ
1465 5293 1533 5365 τῇ
1578 5291 1841 5365 καθολικῇ

307 5385 590 5454 Εκκλησίᾳ
615 5383 793 5450 ἔξεστι
831 5382 1138 5454 βαπτίζειν.

482 5475 708 5544 Ἀλλος
734 5475 926 5546 Φῆλιξ
952 5476 1072 5532 ἀπὸ
1088 5475 1445 5544 Μαρδιανῆς
1463 5471 1620 5535 εἶπε.

340 5566 419 5623 Τὰ
451 5567 610 5622 αὐτὰ.

631 5661 873 5727 Παῦλος
894 5661 1013 5716 ἀπὸ
1053 5659 1247 5728 Σαόἅς
1279 5655 1449 5714 εἶπεν
1471 5698 1487 5714 .

353 5754 412 5809 Et
443 5756 469 5809 ὁ
500 5754 632 5820 Θεὸς
669 5754 872 5827 ἀληθής
906 5757 1042 5824 ἐστι,
1077 5754 1201 5819 πῶς
1243 5754 1400 5810 ἔσται
1435 5752 1585 5825 παρά
1612 5755 1721 5818 τοῖς
1757 5754 1841 5806 at.

1387 307 1468 367 IN
1502 307 1672 371 CAN.
1707 309 1733 368 Ι
1775 309 1982 375 CONC.
2016 313 2403 376 CARTHAG.

1865 435 1913 490 Δ

1866 1783 1916 1844 Β

1869 4477 1923 4540 D

3385 317 3519 383 liii

2294 430 2451 484 Alius
2493 429 2644 485 Felix
2663 446 2696 483 a
2728 428 2972 484 Hcccora
2991 430 3158 486 dixit.

2015 518 2081 572 Et
2109 520 2223 590 ipse
2253 530 2477 578 secutus
2503 522 2815 576 divinarum
2867 521 3278 593 Scripturarum
3325 535 3516 582 aucto-

1942 613 2159 669 ritatem
2187 615 2480 670 haereticos
2506 624 2561 670 et
2589 613 2977 671 schismaticos
2998 617 3356 686 baptizandus
3395 636 3520 675 esse

1939 709 2262 778 pronuntio.

2289 799 2590 858 Ianuarius
2649 819 2682 855 a
2727 801 2965 856 Mucuza
3003 803 3167 860 dixit.

2014 889 2069 945 Si
2101 890 2342 946 haeretici
2371 893 2886 965 habeutbaptisma.
2915 911 3015 950 nos
3049 911 3160 950 non
3209 895 3514 953 habemus:

1940 984 1985 1039 si
2018 1000 2116 1039 nos
2143 987 2429 1050 habemus,
2464 985 2705 1065 haeretici
2730 989 2936 1044 habere
2968 1004 3078 1043 non
3121 999 3379 1059 possunt.
3408 989 3518 1044 Du-

1943 1077 2092 1133 bium
2127 1088 2308 1133 autem
2357 1094 2467 1134 non
2537 1088 2642 1144 est,
2693 1079 2998 1134 Ecclesium
3047 1080 3366 1135 catholicam
3426 1082 3522 1136 ba-

1941 1173 2142 1240 ptismo
2164 1170 2370 1225 Christi
2430 1171 2553 1236 uti;
2601 1187 2724 1239 qua:
2767 1173 2883 1226 sola
2938 1173 3146 1228 Christi
3190 1174 3417 1245 gratiam
3464 1185 3521 1230 et

1941 1262 2267 1318 charilatem
2307 1269 2361 1318 et
2393 1262 2678 1318 veritatem
2709 1262 3022 1332 possideat.

2263 1437 2588 1506 Adelphidus
2631 1454 2665 1491 a
2693 1436 2982 1490 Thasuelta
3033 1436 3194 1492 dixit.

2016 1529 2146 1583 Sine
2175 1545 2343 1584 causa
2367 1531 2588 1599 quidem
2617 1532 2948 1600 impugnant
2992 1531 3307 1597 veritatem,
3352 1541 3410 1588 ut
3438 1549 3521 1588 re-

1941 1622 2222 1692 baptizare
2251 1639 2352 1680 nos
2383 1623 2586 1678 dicant.
2624 1623 2908 1691 Siquidem
2939 1625 3190 1680 Ecclesia
3227 1625 3519 1681 hxreticos

1945 1730 2054 1769 non
2088 1713 2412 1784 rebaptizat,
2447 1716 2542 1769 sed
2587 1716 2840 1784 baptizat.

2296 1805 2592 1861 Demetrius
2625 1824 2656 1860 a
2697 1806 2980 1864 Polemone
3004 1812 3165 1865 dixit.

2016 1897 2118 1965 Qui
2155 1898 2345 1952 dicunt
2375 1900 2661 1954 haereticos
2697 1915 2823 1954 vere
2855 1911 2910 1956 et
2949 1903 3192 1972 legitime
3214 1903 3516 1973 baptizare.

1947 1991 2047 2060 ipsi
2081 2004 2187 2044 non
2221 1990 2400 2045 solum
2442 1990 2575 2055 duo,
2610 1991 2705 2044 sed
2728 1998 2781 2045 et
2819 1992 2992 2046 multa
3055 1993 3386 2064 baptismata
3433 1995 3520 2049 ἰι·

1947 2079 2264 2134 troducunt.
2297 2080 2435 2134 Nam
2466 2096 2589 2136 cum
2625 2080 2862 2137 hmreses
2883 2082 3050 2137 varia:
3067 2099 3130 2138 ac
3161 2085 3343 2138 multae
3387 2085 3517 2151 sint,

1945 2185 2046 2238 pro
2071 2184 2265 2225 earum
2298 2185 2530 2225 numero
2559 2181 2612 2224 et
2639 2171 2971 2240 baptismata
3031 2172 3519 2241 computabuntur.

2336 2347 2633 2402 Vincentius
2673 2365 2705 2401 a
2741 2348 2977 2402 Thibara
2999 2347 3163 2401 dixit.

2019 2435 2314 2494 Haerettcus
2345 2439 2550 2493 scimus
2577 2454 2696 2494 esse
2727 2439 2942 2508 pejores
2997 2454 3160 2507 quam
3216 2437 3524 2492 schismati—

1947 2542 2063 2584 cos.
2097 2527 2152 2583 Si
2184 2543 2314 2584 vero
2339 2528 2718 2600 paenitentiam
2762 2539 2987 2598 agentes
3015 2529 3081 2582 ad
3142 2527 3386 2598 regulam
3430 2540 3524 2582 ve—

1947 2624 2134 2678 ritatis
2170 2623 2354 2677 venire
2405 2624 2716 2682 voluerint;
2755 2623 2912 2692 prius
2951 2623 3280 2686 exorcizari,
3323 2621 3523 2677 deinde

1949 2713 2211 2784 baptizari
2236 2729 2331 2769 eos
2363 2721 2601 2783 oportet.
2628 2713 2781 2768 Tunc
2796 2713 2938 2768 enim
2965 2713 3166 2769 Christi
3199 2713 3521 2783 promissio-

1949 2821 2072 2861 nem
2111 2806 2294 2860 sortiri
2331 2814 2585 2875 possunt.

2337 2899 2546 2954 Marcus
2587 2917 2618 2952 a
2652 2898 2918 2952 Mat/toris
2975 2898 3134 2953 dixit.

2016 2991 2212 3047 Judico
2236 2990 2546 3058 haereticus,
2589 2999 2646 3044 ut
2675 2991 2766 3060 qui
2800 2991 2938 3045 nihil
2979 2991 3240 3054 habeant,
3272 3003 3395 3043 esse
3430 2987 3524 3043 ba-

1949 3082 2264 3154 pﬁzandos.

2371 3172 2558 3227 Satius
2584 3191 2616 3226 a
2638 3171 2914 3242 Sacilibya
2944 3171 3103 3227 dixit.

2020 3268 2078 3324 Si
2105 3267 2382 3323 haereticis
2412 3268 2466 3322 in
2509 3267 2785 3336 baptismo
2822 3269 3068 3336 ipsorum
3130 3273 3354 3337 peccata
3412 3262 3520 3317 do-

1945 3368 2172 3427 nantur,
2209 3359 2328 3414 sine
2358 3374 2528 3414 causa
2582 3358 2650 3412 ad
2704 3357 3008 3413 Ecclesiam
3075 3359 3320 3412 veniunt.
3373 3353 3523 3409 Nihil

1943 3452 2091 3509 enim
2130 3448 2235 3516 es't,
2269 3450 2415 3520 quod
2461 3451 2656 3505 timere
2684 3450 2902 3518 possint
2951 3449 3006 3502 in
3045 3447 3258 3517 judicio
3293 3444 3520 3512 Christi,

1947 3545 1992 3600 si
2025 3553 2154 3600 sunt
2185 3544 2570 3600 remissionem
2599 3552 2956 3613 peccatorum
2994 3540 3305 3598 consecuti.

2334 3721 2582 3775 Aurelius
2631 3720 2697 3773 ab
2733 3720 2910 3774 Attica
2969 3718 3130 3772 dixit.

2019 3813 2156 3869 Cum
2178 3814 2327 3868 dicat
2363 3812 2683 3882 Apostolus,
2710 3827 2816 3866 non
2837 3809 3358 3866 communicandum
3395 3821 3524 3878 pec:

1948 3907 2088 3962 catis
2118 3906 2337 3968 alienis,
2369 3920 2568 3960 censeo
2592 3903 2952 3974 baptizandus
2977 3917 3102 3958 esse
3125 3901 3438 3965 haereticus,
3464 3907 3523 3952 ut

1947 3997 2104 4068 prius
2135 3995 2410 4065 accipiant
2465 3995 2848 4050 remissionem
2916 4000 3293 4062 peccatorum,
3337 4001 3387 4044 et
3441 3989 3521 4042 sic

1947 4091 2055 4148 illis
2089 4090 2590 4146 communicemus.

2301 4180 2516 4235 Iambus
2547 4197 2579 4233 α
2619 4176 2964 4233 Germanicia
3005 4175 3170 4231 dixit.

2018 4276 2120 4344 Qui
2171 4273 2556 4330 haereticorum
2611 4269 2886 4340 baptisma
2939 4265 3205 4335 probant,
3269 4270 3520 4330 nostrum

1947 4369 2284 4441 improbant.

2330 4458 2596 4513 Lucianus
2649 4472 2682 4509 a
2709 4453 2944 4508 Rucuma
2972 4454 3064 4506 dix
3091 4462 3131 4506 t.

2021 4550 2080 4608 Si
2113 4552 2228 4607 ﬁeri
2274 4559 2454 4623 potest
2489 4559 2547 4604 ut
2599 4549 2693 4602 lux
2749 4562 2871 4602 cum
2911 4545 3152 4602 tenebris
3199 4544 3518 4612 conveniat,

1950 4651 2128 4713 potest
2159 4652 2212 4697 et
2244 4641 2404 4697 nobis
2432 4651 2486 4696 et
2516 4636 2790 4693 haereticis
2818 4635 3022 4704 aliquid
3057 4649 3177 4690 esse
3201 4647 3517 4689 commune.

1947 4738 2240 4806 Propterea
2273 4749 2476 4792 censeo
2510 4733 2798 4788 haereticus
2832 4728 3200 4800 baptizandus
3230 4742 3374 4783 esse.

2299 4832 2550 4902 Pelagius
2575 4849 2608 4885 a
2638 4829 2970 4898 Luperciana
3004 4827 3164 4882 dixit.

2018 4927 2078 4984 Si
2110 4926 2343 4982 haeresis
2378 4924 2436 4980 in
2495 4924 2740 4979 Ecclesia
2776 4938 2886 4977 non
2944 4928 3049 4985 est,
3084 4914 3360 4988 quomodo
3410 4911 3519 4966 Ec-

1945 5021 2125 5078 clesia:
2158 5020 2428 5090 baptisma
2461 5017 2603 5089 apud
2633 5014 2922 5071 haereticos
2948 5027 3073 5068 esse
3113 5006 3335 5080 potest?

2406 5194 2571 5251 Iader
2602 5213 2633 5250 a
2658 5193 2863 5248 Medeia
2893 5188 3051 5243 dixit.

2020 5290 2137 5347 Una
2164 5292 2318 5362 ﬁdes,
2353 5306 2517 5344 unum
2554 5287 2819 5358 baptisma
2850 5280 2990 5337 :sed
3015 5274 3278 5334 Ecclesia:
3321 5273 3514 5329 catho-

1946 5385 2065 5441 lica:
2099 5384 2228 5440 licet
2255 5383 2560 5452 baptizare.

2282 5475 2433 5528 Alius
2467 5470 2626 5526 Felix
2658 5487 2691 5523 a
2718 5466 3009 5522 Mardiana
3034 5463 3193 5520 dixit.

2019 5569 2251 5626 Eadem.

2407 5654 2615 5709 Paulus
2648 5669 2680 5706 a
2713 5651 2860 5708 Saba
2884 5649 3044 5704 dixit.

2021 5751 2079 5808 Si
2098 5749 2240 5808 Deus
2271 5764 2440 5808 verax
2461 5754 2566 5816 est,
2603 5743 2879 5819 quomodo
2929 5741 3074 5814 apud
3108 5742 3394 5800 bareticus
3419 5756 3511 5798 ιτε-
