4014 6224
373 246 515 312 1129

445 378 466 409 ε
512 355 726 428 ἀνάγκῃ
789 349 1177 412 ὑποπεσόντες,
1244 337 1589 418 προᾶγεσθαὲ
1637 351 1718 412 εἰς
1771 350 1946 414 τάξιν.
1983 353 2023 408 Α

447 468 466 500 ι
510 445 724 509 Ἔδοξεν
739 439 830 496 οὖν
848 443 939 494 καὶ¹
959 441 1206 504 τούτους,
1236 441 1314 503 ὡς
1338 441 1503 509 μηδὲν
1519 441 1944 515 ἡμαρτηκότας,

447 558 466 590 ι
508 539 559 589 εἰ
590 536 683 589 καὶ
721 535 752 603 ἡ
792 531 1140 602 προλαϐοῦσα
1170 532 1480 600 εὑρίσκοιτο
1511 528 1651 598 ὀρθ-ὴ
1679 529 1774 580 τοῦ
1826 528 1942 596 βίον

447 649 466 680 ι
515 628 778 687 πολιτεία,
803 622 1267 692 προχειρίζεσθαι.
1308 642 1326 675 ι

440 720 640 771 ΒΑΛΣ.
667 718 820 780 Τινὲς
853 718 1106 787 γληρικοὶ
1136 717 1229 770 καὶ
1291 715 1469 769 λαϊκοὶ
1517 715 1816 783 φεύγοντες
1849 717 1947 778 τὰς

372 807 479 858 τῶν
505 807 782 875 τυράννων
821 809 1032 876 χεῖρας,
1090 809 1186 860 καὶ
1246 806 1668 876 συλληφθέντες,
1718 807 1752 876 ἢ
1797 807 1948 875 παρά

370 915 534 950 τινων
570 897 937 967 προδοθέντες,
969 899 1062 950 καὶ
1081 898 1464 967 γυμνωθέντες
1491 897 1602 951 τῶν
1631 899 1947 968 προσόντων

374 991 579 1053 αὐτοῖς,
615 989 797 1041 ἔστιδ’
833 990 921 1041 ὅτε
972 991 1066 1042 καὶ
1102 989 1521 1060 βασανισθέντες
1565 992 1659 1044 καὶ
1709 991 1942 1058 φυλακιφ-

379 1080 624 1142 σθέντες.
658 1079 824 1132 ἐϐόων
856 1074 994 1133 εἶναι
1022 1081 1362 1150 Χριστιανοὶ.
1397 1081 1520 1134 ’Ότι
1555 1081 1612 1133 δὲ
1651 1083 1794 1135 κατὰ
1826 1082 1948 1152 βίαν

378 1173 643 1243 ἐνεϐλήθη
703 1175 856 1244 παρὰ
891 1174 999 1228 τῶν
1031 1175 1247 1244 δημίων
1276 1175 1394 1236 ταῖς
1429 1175 1588 1244 χερσὶ
1620 1172 1831 1228 τούτων
1861 1175 1947 1228 λι-

374 1263 615 1316 ϐανωτὸν
681 1265 862 1334 τυχὸν,
918 1266 1055 1335 ὅπερ
1108 1267 1222 1328 τοῖς
1274 1263 1513 1326 εἰδώλοις
1562 1264 1773 1327 θύεται,
1823 1266 1947 1337 ἢέν

379 1354 458 1422 τῷ
510 1355 736 1423 στόματι
769 1355 950 1408 αὐτῶν
980 1356 1178 1427 βρῶμα
1234 1357 1608 1422 εἰδωλόθυτον,
1649 1358 1951 1412 ἐκωλύοντο

379 1444 479 1511 τῆς
514 1447 650 1513 μετὰ
672 1447 780 1498 τῶν
842 1447 1052 1500 πιστῶν
1107 1450 1415 1512 κοινωνίας,
1461 1448 1550 1502 διὰ
1583 1450 1644 1502 τὸ
1673 1449 1833 1520 δῆθεν
1859 1469 1950 1520 γε·

374 1536 564 1589 νέσθαι
589 1538 789 1600 αὐτοὺς
817 1539 1170 1604 είδωλοθύτας
1197 1556 1212 1572 ·
1242 1541 1376 1608 φασὶ⁵
1428 1541 1560 1609 γοῦν
1605 1544 1652 1594 οἱ
1681 1544 1950 1614 Πατέρες,

379 1627 440 1679 τὸ
466 1631 606 1682 κατὰ
663 1628 784 1699 βίαν
813 1630 1110 1698 γενόμενον
1144 1633 1219 1701 μὴ
1285 1632 1722 1702 παρεμποδίζειν
1751 1634 1951 1698 αὐτοὺς

380 1718 777 1788 ὁμολογοῦντας
833 1721 1012 1774 διόλου
1071 1718 1215 1776 εἶναι
1246 1724 1633 1791 Χριστιανοὺς,
1664 1727 1956 1780 ἀποκλαιο-

384 1809 588 1878 μένους
646 1811 786 1880 μετὰ
847 1812 1193 1879 κατανύξεως
1222 1813 1284 1867 τὸ
1328 1815 1480 1885 παρὰ
1524 1817 1632 1870 τῶν
1675 1818 1956 1888 τυράννων

376 1898 522 1952 κατὰ
553 1899 672 1968 βίαν
697 1901 988 1970 γενόμενον
1009 1902 1318 1966 είςαύτούς.
1345 1904 1513 1958 Οὐδὲν
1543 1905 1654 1976 γὰρ
1674 1907 1956 1978 ἥμαρτον,

375 1988 521 2044 ὥστε
555 1991 649 2044 καὶ
671 1992 799 2060 παρ’
823 1992 984 2062 ἡμῶν
1016 1993 1369 2058 κολάζεσθαι.
1425 1996 1485 2050 Εί
1507 1997 1565 2051 δέ
1597 1999 1751 2069 παρά
1791 2016 1958 2054 τινων

377 2080 465 2134 διὰ
492 2083 884 2152 περισσοτέραν
913 2084 1200 2156 ἀκρίόειαν
1243 2085 1276 2156 ἢ
1307 2087 1377 2140 δι’
1403 2087 1626 2155 ἄγνοιαν
1653 2089 1748 2143 τοῦ
1787 2107 1959 2161 προσ-

379 2170 604 2239 ήκοντος
628 2172 985 2244 ἐκωλύθησαν
1011 2175 1112 2244 τῆς
1157 2179 1464 2242 κοινωνίας,
1496 2181 1659 2242 εὐθὺς
1697 2181 1957 2252 δεχθῆναι

379 2260 606 2325 τούτους
665 2265 1138 2336 ἐγνωμοδότησαν.
1181 2269 1274 2332 Ὠς
1307 2270 1365 2323 δέ
1391 2288 1536 2336 τινος
1590 2275 1841 2338 εἰπόντος
1867 2278 1960 2330 ἐπὶ

386 2351 570 2419 μόνοις
626 2356 741 2416 τοῖς
797 2355 1004 2421 λαῖκοῖς
1051 2357 1200 2428 ἔχειν
1248 2360 1436 2431 χώραν
1491 2364 1558 2416 τὰ
1586 2364 1680 2417 τοῦ
1737 2366 1958 2430 κανόνος

382 2435 456 2503 (οἱ
483 2438 590 2508 γὰρ
623 2439 872 2511 κληρικοὶ
926 2446 1066 2498 κατὰ
1112 2446 1238 2509 τοὺς
1283 2451 1700 2520 προρρηθέντας
1728 2455 1959 2520 κανόνας

379 2528 785 2599 δεχθήσονται),
804 2534 1086 2603 ἐπήγαγον
1119 2537 1193 2606 μὴ
1226 2539 1422 2607 μόνους
1443 2542 1718 2606 τοιούτους
1737 2547 1960 2609 λαῖκοὺς

382 2625 768 2686 συγκοινωνεῖν
800 2625 951 2695 ἡμῖν,
987 2627 1124 2680 ἀλλὰ
1148 2631 1245 2684 καὶ
1271 2631 1593 2702 κληρικούς.
1628 2637 1856 2706 Εἴρηται
1901 2640 1958 2692 δέ

381 2709 562 2774 τοῦτο,
591 2713 679 2766 διὰ
731 2715 793 2768 τὸ
833 2718 1079 2787 μεγάλην
1110 2717 1252 2774 εἶναι
1279 2724 1551 2799 διαφορὰν
1579 2728 1687 2781 τῶν
1719 2729 1962 2800 ἀρνγισαη

385 2802 566 2872 μόνων
604 2806 864 2871 ἑκουσίως
902 2809 992 2862 τὸν
1037 2810 1193 2877 Θεὸν,
1229 2815 1294 2866 ἐκ
1316 2814 1410 2868 τοῦ
1447 2817 1521 2886 μὴ
1545 2817 1808 2874 δύνασθαι
1858 2823 1958 2887 τὰς

385 2894 637 2959 κολάσεις
684 2898 1034 2968 ὑπενεγκεῖν,
1082 2904 1176 2956 καὶ
1230 2905 1341 2958 τῶν
1383 2909 1625 2962 τοιοῦτόν
1647 2927 1700 2962 τι
1729 2912 1804 2982 μὴ
1860 2930 1960 2966 πε-

1488 237 1577 297 IN
1602 236 1766 298 CAN.
1810 236 1905 297 Ῑῐῐ
1938 235 2144 297 CONC.
2171 235 2437 296 ANCYR.

3486 239 3633 304 1130

2132 368 2148 398 ι
2187 347 2516 418 promoveri.
2569 344 2758 400 Visum
2815 353 2900 400 est
2946 359 3074 415 ergo
3128 355 3182 401 et
3233 357 3364 410 eos,
3419 356 3479 403 ut
3531 353 3626 433 qui

2133 457 2150 490 ι
2183 440 2315 493 nihil
2369 447 2709 510 peccassent.
2760 437 2804 492 si
2854 437 3016 492 etiam
3072 439 3384 506 praecedens
3433 455 3624 504 eorum

2139 548 2154 579 c
2187 529 2310 583 vitae
2353 527 2703 584 instituenda
2749 527 2890 582 ratio
2939 536 3084 583 recta
3133 529 3468 593 inveniatur,
3501 546 3628 598 pro-

2142 637 2160 670 ι
2194 622 2424 673 moveri.
2458 639 2476 671 ι

2133 708 2328 762 BA'LS.
2370 709 2602 774 Quidam
2638 710 2820 764 clerici
2868 717 2921 764 et
2949 709 3096 774 laici,
3148 724 3341 765 manus
3373 719 3634 781 tyranno-

2057 813 2177 852 rum
2212 799 2509 869 fugientes,
2559 810 2614 855 et
2659 801 3068 870 comprehensi,
3119 801 3204 855 vel
3239 803 3308 856 ab
3356 803 3630 872 aliquibus

2063 892 2288 961 proditi,
2323 903 2371 946 et
2407 895 2474 948 iis
2504 907 2624 961 qua:
2663 893 2936 946 habebant
2996 894 3214 964 privati,
3267 902 3322 949 et
3379 911 3634 949 nonnun—

2061 999 2225 1054 quam
2257 988 2420 1038 etiam
2453 986 2582 1038 torti
2613 993 2667 1038 et
2719 985 2772 1037 in
2801 999 3077 1039 carcerem
3115 985 3374 1059 conjecti,
3426 1001 3484 1041 se
3509 1002 3634 1049 esse

2056 1074 2405 1130 Christianos
2436 1074 2770 1129 fatebantur.
2803 1076 2942 1142 Quia
2982 1085 3161 1130 autem
3199 1091 3226 1128 a
3263 1076 3544 1131 lictoribus
3575 1078 3631 1130 in

2059 1183 2254 1223 manus
2292 1184 2481 1223 eorum
2515 1168 2643 1223 thus
2676 1168 2816 1224 forte
2847 1170 3109 1239 injectum
3142 1179 3248 1234 est,
3297 1171 3440 1240 quod
3475 1171 3634 1239 idolis

2057 1261 2422 1325 sacrificatur,
2467 1261 2550 1314 vel
2587 1261 2639 1314 in
2675 1275 2767 1314 ora
2801 1277 2990 1316 eorum
3026 1263 3183 1318 cibus
3241 1264 3436 1331 aliquis
3470 1263 3634 1324 idolis

2061 1352 2400 1419 immolatus,
2453 1367 2483 1410 a
2542 1353 2779 1406 fidelium
2839 1353 3229 1409 communione
3280 1357 3631 1421 arcebantur,

2058 1443 2205 1511 quod
2243 1443 2456 1498 scilicet
2531 1445 2691 1498 idolis
2754 1445 3197 1501 sacrificassent:
3259 1447 3450 1514 dicunt
3503 1463 3634 1518 ergo

2060 1534 2268 1600 Patres,
2318 1537 2370 1590 id
2400 1536 2544 1606 quod
2578 1537 2687 1592 illis
2719 1539 2766 1592 vi
2807 1537 3006 1591 factum
3033 1550 3138 1603 est,
3192 1555 3299 1593 non
3352 1554 3477 1595 esse
3526 1541 3635 1596 illis

2056 1628 2469 1698 impedimento,
2533 1627 2832 1685 fatentibus
2889 1640 3152 1700 perpetuo
3195 1647 3253 1686 se
3304 1646 3426 1686 esse
3474 1630 3636 1686 Chri-

2057 1719 2292 1784 stianos,
2325 1729 2380 1773 et
2411 1735 2533 1774 cum
2589 1718 3018 1790 compnn'ctione
3051 1720 3103 1775 id
3135 1721 3459 1795 dedentibus
3488 1723 3633 1793 quod

2057 1807 2112 1862 in
2160 1809 2308 1877 ipsos
2339 1824 2366 1861 a
2397 1811 2644 1879 tyrannis
2676 1811 2726 1862 vi
2764 1810 2967 1864 factum
3021 1819 3125 1864 est.
3159 1811 3301 1864 Nihil
3335 1812 3482 1866 enim
3513 1800 3635 1882 pec-

2057 1907 2276 1962 carunt,
2309 1908 2370 1952 ut
2397 1899 2560 1953 etiam
2596 1914 2624 1952 a
2659 1899 2819 1954 nobis
2850 1900 3168 1968 puniantur.
3222 1900 3317 1956 Sin
3350 1883 3530 1955 autem
3561 1903 3633 1956 ab

2057 1991 2351 2060 aliquibus,
2385 2000 2607 2060 propter
2631 1991 2902 2059 majorem
2929 1991 3262 2057 cautionem,
3293 1991 3378 2046 vel
3411 2000 3634 2070 propter

2056 2083 2176 2153 ejus
2231 2082 2376 2152 quod
2416 2081 2531 2137 fieri
2565 2090 2784 2151 oportet
2824 2082 3252 2152 ignorationem,
3305 2097 3336 2153 _a
3385 2074 3635 2145 commuo

2057 2174 2222 2228 nione
2264 2183 2395 2228 sunt
2446 2172 2732 2242 prohibiti,
2788 2180 2847 2226 ut
2881 2174 3069 2229 statim
3124 2173 3461 2243 recipiantur
3510 2189 3636 2230 sen-

2057 2265 2282 2319 tentiam
2317 2264 2511 2318 tulere.
2541 2262 2777 2318 Perinde
2823 2271 3005 2334 autem
3058 2279 3122 2319 ac
3175 2265 3222 2319 si
3253 2264 3485 2332 dixisset
3537 2265 3636 2327 ali-

2056 2353 2204 2424 quis,
2239 2367 2505 2408 canonem
2541 2353 2594 2406 in
2621 2353 2754 2407 solis
2783 2351 2936 2406 laicis
2967 2352 3143 2406 locum
3183 2351 3380 2407 habere
3409 2351 3636 2420 (clerici

2059 2447 2205 2502 enim
2237 2460 2300 2500 ex
2336 2444 2720 2514 praedictorum
2751 2457 3023 2498 canonum
3054 2443 3328 2497 sent-entia
3359 2442 3634 2512 recipien-

2058 2546 2216 2607 tur),
2249 2536 2572 2595 intulerunt,
2602 2549 2711 2589 non
2760 2534 2940 2588 solum
2989 2534 3258 2604 ejusmodi
3297 2532 3487 2600 laicus,
3539 2534 3635 2589 sed

2059 2630 2223 2683 etiam
2259 2630 2490 2684 clericos
2518 2629 2802 2684 nobiscum
2833 2627 3260 2683 communicare.
3310 2626 3423 2682 Hoc
3451 2637 3634 2683 autem

2062 2721 2271 2776 dictum
2307 2730 2413 2784 est,
2444 2735 2510 2776 eo
2539 2719 2688 2790 quod
2719 2719 2793 2775 sit
2840 2735 3034 2790 magna
3088 2720 3397 2776 differentia
3443 2736 3634 2777 eorum

2058 2811 2151 2880 qui
2215 2810 2386 2866 Deum
2449 2820 2645 2879 sponte
2697 2818 2988 2883 negarunt,
3048 2811 3312 2880 quoniam
3369 2812 3634 2881 supplicia

2060 2902 2306 2970 perferre
2336 2916 2446 2960 non
2479 2911 2760 2972 poterant,
2794 2910 2848 2956 et
2876 2915 3067 2956 eorum
3101 2904 3195 2973 qui
3231 2903 3340 2957 tale
3369 2896 3501 2974 quid
3527 2919 3636 2958 non

383 2985 692 3054 ποιηκότων
717 2986 807 3040 διὰ
843 2990 1054 3056 φάκτου
1076 2992 1302 3060 οἰκείου,
1331 2996 1467 3049 ἀλλὰ
1514 2997 1955 3064 ἀκουσίως-κατὰ

2064 2995 2312 3048 fecerunt
2343 2992 2486 3048 facto
2516 2994 2760 3064 proprio,
2791 2995 2888 3050 sed
2918 2995 3074 3049 inviti
3107 3005 3162 3050 et
3193 3010 3288 3066 per
3319 2995 3426 3064 vim
3461 2996 3636 3058 idolo-

383 3073 506 3143 βίον
542 3075 961 3148 ὑποδεξαμένων
1015 3083 1340 3139 εἰδωλόθυτα
1386 3086 1418 3157 ἢ
1479 3088 1797 3155 λιϐανωτὸν,
1856 3097 1951 3160 καὶ

381 3167 853 3224 καταπτυσάντων
897 3171 1076 3225 αὐτῶν
1104 3190 1118 3206 ο
1171 3176 1222 3228 oi
1257 3177 1358 3246 μὲν
1420 3180 1532 3250 γὰρ
1577 3181 1848 3251 ἥμαρτον,
1876 3159 1952 3250 di;

380 3256 624 3321 ἐνδόντες
652 3274 667 3289 ’
700 3259 936 3330 ὤφειλον
967 3265 1077 3335 γὰρ
1104 3267 1401 3323 ἀποθανεῖν
1447 3270 1535 3323 διὰ
1567 3272 1659 3326 τὸν
1683 3275 1918 3345 Χριστόν
1938 3293 1952 3307 ’

384 3350 433 3401 οἱ
479 3349 534 3402 δέ
559 3352 699 3404 κατὰ
752 3353 874 3423 βίαν
925 3355 1252 3424 ὑπεδέξαντο
1303 3361 1465 3430 μόνον
1509 3361 1572 3415 τὸ
1634 3364 1954 3430 λιϐανωτὸν,

386 3439 548 3509 ἔργον
574 3443 633 3497 δέ
663 3461 718 3496 τι
766 3447 863 3500 οὐκ
893 3449 1206 3518 ἐνήργησαν
1232 3452 1448 3515 ἀσεϐές.
1486 3455 1608 3507 Ὅτι
1638 3457 1769 3524 γοῦν
1802 3459 1954 3512 οὐδὲν

385 3531 650 3610 ἥμαρτον,
711 3537 805 3592 καὶ
869 3537 1610 3610 κληρωθήσονταιοίλαῐκοὶ,
1667 3548 1763 3600 ἐὰν
1816 3549 1957 3616 ἄξιοι

385 3623 766 3694 εὖρίσκωνται,
799 3628 1016 3691 πάντως
1038 3629 1094 3692 δὲ
1124 3631 1219 3684 καὶ
1241 3633 1292 3684 οἱ
1318 3633 1570 3704 κληρικοὶ
1596 3639 1676 3700 είς
1701 3640 1958 3708 μείζονας

387 3713 629 3784 βαθμοὺς
683 3717 771 3773 διὰ
797 3719 886 3771 τὸν
912 3719 1073 3772 αὑτὸν
1103 3721 1261 3789 λόγον
1284 3725 1951 3799 προαναὸισασθήσονται.

399 3807 552 3860 Ἐπεὶ
577 3808 632 3860 δὲ
663 3809 891 3878 ᾑτιῶντό
953 3829 1097 3876 τινες
1150 3815 1502 3882 τούτους,ὠς
1556 3820 1615 3873 τὸ
1661 3823 1960 3895 μαρτύριον

387 3897 656 3964 φυγόντας
685 3900 780 3950 καὶ
809 3901 1274 3973 κατασχεθέντας,
1301 3903 1456 3962 εἷπον
1485 3908 1534 3961 οἱ
1565 3911 1806 3982 Πατέρες
1826 3916 1960 3986 μηδέ

382 3987 445 4040 ὲκ
477 3987 669 4041 τούτου
695 3991 893 4054 αὐτοὺς
952 3993 1308 4062 βλάπτεσθαι.
1363 3999 1476 4052 Καὶ
1510 4000 1729 4065 πάντως
1758 4005 1960 4075 ἄριστα

382 4079 477 4129 καὶ
524 4079 680 4131 τοῦτο
715 4081 1132 4154 ἐνομοθέτησαν.
1175 4088 1314 4157 Φησὶ
1347 4090 1456 4160 γὰρ
1487 4091 1516 4144 6
1550 4093 1728 4161 μέγας
1753 4096 1811 4148 ἐν
1843 4096 1962 4151 θεο-

381 4168 536 4238 λογίᾳ.
572 4171 871 4242 Γρηγόριος
894 4176 970 4244 μὴ
1025 4176 1303 4243 ἐθέλοντας
1337 4182 1418 4243 είς
1477 4182 1569 4240 τὸν
1601 4185 1794 4252 ἀγῶνα
1848 4181 1984 4258 χωέ

386 4263 501 4327 ρείν
548 4263 718 4329 φειδοῖ
747 4265 854 4317 τῶν
883 4267 1184 4322 διωκόντων
1224 4271 1319 4324 καὶ
1363 4271 1472 4330 τῶν
1524 4275 1956 4350 ἀσθενεστέρων.

2058 3089 2210 3158 thyla
2239 3095 2622 3156 susceperunt,
2653 3087 2734 3141 vel
2765 3087 2918 3152 titus,
2951 3097 3006 3142 et
3034 3101 3098 3142 ea
3133 3079 3496 3158 despuerunt.
3547 3088 3636 3144 Illi

2053 3180 2201 3235 enim
2222 3190 2702 3250 peccarunt,utqm
2722 3179 2988 3235 cesserint
3009 3196 3023 3233 ι
3046 3179 3316 3234 debebant
3330 3181 3476 3235 enim
3497 3182 3634 3236 mori

2057 3280 2278 3342 pr0pter
2306 3271 2610 3327 Christum.
2657 3271 2761 3338 Qui
2794 3283 2924 3325 vero
2957 3270 3006 3322 vi
3039 3269 3170 3325 thus
3215 3271 3391 3326 solum
3441 3287 3632 3327 susce-

2058 3371 2278 3433 perunt,
2331 3363 2545 3428 nullum
2585 3362 2811 3431 impium
2841 3375 2981 3431 opus
3034 3358 3305 3418 fecerunt.
3360 3359 3630 3428 Quoniam

2057 3469 2190 3524 ergo
2221 3455 2360 3508 nihil
2397 3460 2719 3523 peccarunt,
2753 3452 2874 3507 laici
2907 3466 3128 3522 quoque
3167 3452 3352 3507 clerici
3404 3452 3553 3515 fient.
3585 3455 3631 3510 si

2058 3545 2205 3614 digni
2242 3544 2620 3610 inveniantur;
2649 3543 2873 3598 omnino
2905 3551 3088 3598 autem
3123 3545 3292 3600 etiam
3343 3545 3531 3600 clerici
3563 3545 3633 3602 ad

2068 3636 2300 3706 majores
2325 3638 2526 3706 gradus
2562 3644 2786 3706 propter
2825 3635 3070 3692 eamdem
3126 3637 3392 3694 ratitmem
3445 3651 3636 3707 prove-
3707 3671 3722 3678 τ

2062 3731 2286 3792 bentur.
2341 3734 2613 3798 Quoniam
2655 3741 2842 3787 autem
2875 3732 3124 3788 nonnulli
3158 3748 3252 3789 eos
3282 3735 3633 3806 accusabant,

2062 3832 2122 3876 ut
2149 3825 2240 3891 qui
2274 3824 2595 3894 martyrium
2647 3824 2916 3893 fugissent
2939 3833 2994 3878 et
3029 3826 3269 3880 cunctati
3299 3836 3505 3890 essent,
3551 3826 3630 3882 di-

2062 3926 2261 3968 xerunt
2294 3914 2502 3981 Patres,
2548 3929 2644 3970 eos
2681 3930 2788 3968 non
2843 3915 2968 3969 ideo
3020 3915 3162 3970 laedi.
3216 3915 3281 3969 Et
3321 3917 3544 3972 omnino
3581 3918 3632 3972 id

2064 4005 2265 4074 optime
2299 4012 2618 4060 sanxerunt.
2673 4005 2812 4060 Dicit
2862 4005 3008 4058 enim
3059 4020 3290 4074 magnus
3322 4005 3634 4077 Theologua

2063 4098 2381 4168 Gregorius,
2415 4113 2523 4152 non
2559 4111 2683 4152 esse
2715 4110 2814 4150 sua
2869 4104 3062 4163 sponte
3094 4096 3161 4151 ad
3196 4105 3474 4151 certamen
3508 4086 3634 4166 pro-

2064 4187 2387 4248 cedendum.
2426 4196 2483 4240 ut
2512 4195 2568 4241 et
2600 4188 3064 4256 persequentibus
3094 4195 3148 4240 et
3179 4185 3632 4248 imbecillioribus

2064 4285 2344 4347 parcatur.
2379 4277 2444 4331 Et
2477 4276 2736 4332 Dominus
2764 4275 2903 4331 dixit
2936 4275 2990 4332 in
3027 4275 3334 4346 Evangeliis
3361 4293 3376 4330 :
3407 4277 3632 4343 Quando

382 4353 489 4405 Καὶ
520 4354 577 4404 ἐν
610 4352 964 4424 Εὑαγγελίοις
987 4359 1015 4412 6
1043 4361 1251 4430 Κύριος
1289 4359 1446 4419 εἶπεν
1474 4384 1488 4398 ·
1519 4368 1697 4422 Ὅταν
1742 4341 1955 4428 διώκω-

2064 4341 2153 4424 bos
2183 4385 2246 4424 ea:
2271 4370 2370 4423 hac
2407 4370 2616 4424 civitate
2657 4379 3049 4438 persequentur,
3089 4341 3254 4439 fugite
3284 4372 3338 4423 in
3377 4341 3540 4426 aliam
3561 4374 3628 4428 ’³.

381 4460 486 4513 ᾳιν
515 4445 666 4513 ὑμᾶς
699 4448 766 4502 ἐκ
798 4450 905 4518 τῆς
928 4453 1161 4519 πόλεως
1190 4456 1430 4523 ταύτης,
1455 4461 1704 4530 φεύγετε
1726 4467 1812 4529 είς
1845 4465 1959 4534 τὴν

382 4536 614 4603 ἑτέραν,
644 4541 737 4591 καὶ
790 4542 859 4593 τὰ
895 4542 994 4607 μὲν
1020 4544 1113 4596 τοῦ
1147 4547 1374 4609 κανόνος
1405 4553 1464 4603 ἐν
1487 4553 1700 4618 τούτοις
1727 4573 1740 4586 ·
1774 4556 1867 4608 τοῦ
1897 4557 1953 4610 δὲ

383 4631 850 4694 χρηματισθέντος
892 4635 1191 4688 ἐπισκόπου
1235 4636 1560 4707 Ἀμυκλείου
1597 4643 1764 4715 κυροῦ
1792 4647 1953 4699 Νικο-

383 4716 515 4768 λάου
538 4719 632 4769 τοῦ
684 4721 1040 4785 Μουζάλωνος
1068 4729 1207 4781 κατὰ
1250 4728 1370 4798 βίαν
1403 4735 1781 4806 πρακτορικὴν
1815 4739 1946 4790 ἁπο-

385 4809 665 4876 καρὲντος,
694 4813 792 4863 καὶ
852 4813 1024 4867 πολλὰ
1069 4819 1644 4890 παρακλητεύσαντος,
1686 4828 1750 4878 τὸ
1806 4829 1950 4882 κατὰ

2068 4461 2133 4515 Ει
2164 4461 2216 4515 in
2253 4461 2340 4516 his
2373 4459 2594 4530 quidem
2630 4462 2912 4529 expositus
2939 4468 3022 4522 est
3052 4473 3250 4513 canon.
3283 4459 3417 4518 Cum
3447 4469 3628 4517 autem

2062 4552 2319 4607 dominus
2367 4550 2626 4605 Nicolans
2659 4548 2932 4610 Muzalon,
2982 4549 3288 4619 Amyclaeos
3337 4552 3629 4620 episcOpus

2059 4643 2259 4708 dictus,
2284 4643 2334 4694 vi
2361 4657 2389 4694 a
2412 4641 2731 4710 magistratu
2753 4650 2945 4709 tonsus
2959 4649 3127 4704 esset,
3142 4641 3307 4712 376
3322 4652 3375 4697 et
3398 4646 3624 4711 supplex

2057 4734 2431 4801 contenderet,
2459 4743 2521 4787 ut
2555 4731 2697 4802 quod
2749 4734 2796 4786 vi
2831 4731 2882 4796 in
2935 4746 3059 4797 eum
3094 4731 3292 4787 factum
3319 4745 3439 4789 erat
3473 4735 3627 4789 tolle-

2058 4835 2229 4889 retur,
2262 4835 2313 4878 ct
2348 4824 2660 4893 episcopale
2692 4836 2887 4876 rursus
2915 4838 3112 4886 munus
3144 4824 3358 4888 obiret;
3389 4825 3625 4879 sanctis-

387 4897 512 4967 βίαν
541 4903 620 4963 είς
668 4903 829 4969 αὑτὸν
886 4907 1109 4972 γεγονὸς
1164 4914 1604 4982 περιαιρεθῆναι,
1659 4921 1754 4970 καὶ
1791 4921 1953 4974 πάλιν

2059 4918 2230 4972 simus
2260 4915 2350 4970 ille
2381 4915 2693 4983 patriarcha
2720 4912 2977 4969 dominus
3011 4913 3208 4975 Lucas,
3242 4915 3430 4968 videns
3458 4915 3612 4968 illum
3690 4933 3700 4943 ο

383 4992 628 5058 ἐνεργεῖν
703 4994 769 5052 τὰ
841 4997 1222 5066 ἐπισκοπικὰ,
1291 5003 1318 5054 6
1378 5005 1686 5072 ἀγιὼτατος
1747 5012 1953 5074 ἐκεῖνος

383 5086 726 5154 πατριάρχης
784 5088 950 5172 κυρὸς
1011 5091 1245 5161 Λουκᾷς,
1280 5095 1493 5164 βλέπων
1531 5100 1719 5154 τοῦτον
1749 5118 1954 5173 παρου-

385 5173 639 5236 σιάζοντα
669 5179 807 5247 μετᾲ
864 5181 1243 5251 ἐπισκοπικῶν
1279 5189 1501 5255 ἁμερίων
1543 5192 1860 5255 συνοδικῶς,
1887 5196 1948 5246 ού

387 5266 717 5334 παρεδέξατο
743 5271 924 5334 αὐτὸν,
977 5271 1148 5326 εἰπὼν
1177 5275 1273 5342 ὡς,
1332 5281 1378 5331 εί
1409 5280 1509 5348 μὲν
1537 5283 1635 5350 τὴν
1667 5284 1950 5354 συνοδικὴν

379 5356 660 5426 ἐκδίκησιν
689 5360 786 5412 καὶ
823 5361 1114 5431 διόρθωσιν
1159 5367 1424 5436 ἀνέμενεν
1455 5373 1482 5424 6
1505 5374 1820 5436 ἐπίσκοπος,
1854 5371 1947 5430 εἶ’)-

383 5464 475 5520 ρεν
506 5449 571 5502 ἂν
605 5452 891 5523 κανονικὴν
924 5454 1174 5524 βοήθειαν
1195 5475 1208 5488 ⁸
1264 5462 1384 5513 ἐπεὶ
1413 5462 1469 5515 δὲ
1505 5464 1570 5516 τὰ
1623 5465 1762 5518 κατὰ
1829 5467 1946 5536 βίαν

485 5625 530 5659 ’³
560 5625 750 5681 Matth.
783 5644 836 5695 ς,
865 5629 955 5684 25.

710 5725 984 5798 Pyrum“
1027 5728 1142 5786 (in.
1191 5730 1542 5790 CXXXVll.

2057 5007 2316 5076 synodice
2353 5018 2475 5059 cum
2535 5003 2780 5058 vestibus
2830 5004 3229 5074 episcopalibus
3277 5015 3622 5072 praesentem,

2055 5113 2180 5165 eum
2242 5112 2350 5150 non
2420 5094 2673 5162 admisit,
2724 5093 2952 5160 dicens,
2989 5095 3149 5162 ,qnod
3201 5094 3245 5165 si
3309 5096 3624 5166 synodalein

2061 5189 2280 5258 quidem
2314 5187 2642 5241 sententiam
2698 5193 2752 5239 et
2803 5185 3200 5239 correctionem
3256 5197 3628 5256 exspectasset

2059 5274 2372 5350 episcopus,
2429 5277 2755 5332 canonicum
2806 5274 3070 5328 auxilium
3124 5271 3469 5340 invenisset:
3529 5281 3627 5335 sed

2060 5371 2187 5440 quia
2228 5378 2410 5422 vestes
2447 5365 2803 5426 monasticas,
2858 5361 3058 5431 quibus
3089 5363 3139 5417 vi
3173 5363 3397 5436 indutus
3429 5365 3625 5434 fuerat,

2058 5462 2363 5530 inordinate
2405 5459 2595 5524 exuit,
2648 5464 2699 5510 et
2728 5454 2831 5517 sibi
2883 5454 2983 5526 ipSi
3025 5454 3118 5523 jus
3151 5457 3311 5524 dixit,
3361 5461 3625 5527 auxilium

3113 5737 3181 5799 36
