4014 6224
295 301 429 375 1133

1412 299 1493 359 1N
1532 296 1700 359 CAN.
1740 296 1819 357 ιν
1848 294 2062 373 corrc.
2102 294 2370 362 ANCYB.

3394 286 3533 353 1134

286 431 387 478 τας
410 416 480 467 τὰ
500 412 811 483 ὑπᾶρχοντα
842 411 1047 478 αὐτοῖς,
1074 411 1107 482 ἢ
1140 408 1540 480 ὑπομείναντας
1571 406 1857 477 βασάνους,

1974 403 2047 460 vel
2084 410 2356 459 tormenta
2390 402 2661 474 perpessi,
2713 401 2797 467 vel
2830 403 2887 460 in
2942 415 3221 465 carcerem
3276 403 3534 475 conjecti,

288 508 323 580 ἢ
350 503 764 575 ἐγκλέισθέντας
792 504 1212 576 δεσμωτηρίοις,
1240 502 1415 555 διόλου
1447 500 1504 563 δὲ
1529 499 1860 570 ὁμολογοῦν-

290 617 389 662 τας
436 600 517 653 ὅτι
547 598 867 669 Χριστιανοί
931 597 1058 661 είσι,
1116 596 1213 648 καὶ
1254 591 1705 664 περισχισθέντας
1736 589 1863 652 τοὺς

293 691 545 762 χιτῶνας,
597 690 692 743 καὶ
750 688 1157 758 γυμνωθέντας,
1216 688 1312 739 καὶ
1343 686 1375 755 ἢ
1411 687 1490 747 εἰς
1537 682 1634 745 τὰς
1674 682 1863 751 χεῖρας

294 782 473 835 αὐτῶν
522 783 658 849 πρὸς
712 779 831 849 βίαν
888 780 1128 832 ἀκόντων
1158 777 1382 831 ἐκείνων
1435 772 1783 845 ἐμϐαλόντων
1812 787 1863 822 τι

292 873 400 924 τῶν
432 872 789 941 βιαζομένων,
814 869 923 924 οἷον
968 870 1267 925 λιϐανωτὸν
1300 868 1332 938 ἢ
1360 865 1547 936 ἕτερόν
1576 882 1626 927 τι
1655 865 1734 926 εἰς
1768 862 1860 914 θυ-

295 966 415 1017 σίαν
438 967 552 1027 τοῖς
585 964 1003 1033 εἰδωλολάτραις
1026 960 1479 1033 προσαγομένων,
1510 958 1545 1027 ἢ
1589 955 1785 1027 βρῶμά
1813 971 1865 1008 τι

291 1056 401 1107 τῶν
463 1054 828 1110 εἰδωλοθύτων
860 1056 1188 1122 δεξαμένους
1237 1056 1317 1115 εἰς
1357 1054 1419 1119 τὸ
1478 1050 1675 1119 στόμα,
1728 1046 1866 1118 πρὸς

292 1148 539 1215 ἁιαγκης
577 1148 709 1199 αὐτὸ
736 1147 843 1200 τῶν
882 1147 1118 1216 βιαστῶν
1142 1145 1510 1215 ἐμϐαλόντων,
1538 1142 1665 1205 τοὺς
1694 1139 1868 1194 τοιοῦ-

294 1238 390 1290 τόν
446 1254 501 1290 τι
557 1237 932 1302 πεπονθότας,
1002 1237 1238 1306 βοῶντας
1294 1234 1351 1287 δέ
1396 1235 1569 1287 διόλου
1617 1236 1698 1287 ὅτι
1760 1232 1868 1284 εἰσὶ

298 1331 632 1400 Χριστιανοὶ,
688 1332 782 1384 καὶ
814 1330 902 1383 διὰ
954 1330 1110 1383 τοῦτο
1156 1328 1508 1397 πενθούντας,
1569 1326 1664 1379 καὶ
1693 1328 1757 1397 τῇ
1806 1342 1866 1377 τε

298 1424 607 1493 καταστολῇ
635 1424 731 1475 καὶ⁷
752 1421 829 1491 τῷ
865 1422 1106 1492 σχήματι
1168 1422 1227 1475 τὸ
1272 1421 1471 1482 πένθος
1522 1416 1869 1487 ἐνδεικνυμέ-

298 1532 421 1576 νους
452 1514 783 1584 (καταστολὴ
808 1516 862 1569 δὲ
896 1516 974 1568 τοι
1008 1516 1227 1586 μέτριον
1282 1516 1375 1568 καὶ
1435 1511 1869 1581 κατεσταλμένον

296 1604 394 1656 τοῦ
423 1606 588 1674 ἤθους
642 1605 895 1676 ἐστὶν).ἥ
942 1606 1010 1659 τὰ,
1062 1606 1450 1678 περιϐλήματα
1479 1603 1630 1673 καὶὴ
1664 1602 1825 1673 στολή
1850 1619 1866 1635 ο

300 1697 488 1766 σχῆμα
517 1698 593 1763 δὲ,
626 1700 658 1767 ἡ
693 1681 892 1763 ἔξωθεν
924 1698 1225 1768 φαινομένη
1253 1699 1549 1768 κατήφεια,
1577 1696 1675 1768 τὴν
1690 1695 1870 1767 λύπην

296 1787 554 1855 δηλοῦσα,
585 1788 613 1840 ὃ
647 1790 740 1841 καὶ
774 1788 889 1856 βίον
948 1788 1318 1858 ταπεινότητα
1373 1788 1659 1858 ὠνόμασεν
1712 1788 1739 1840 ὁ
1770 1804 1861 1842 και

298 1877 403 1930 νών
435 1894 450 1908 ο
500 1878 723 1942 τούτους
772 1875 869 1933 οὖν
918 1881 1084 1947 μηδὲν
1145 1880 1463 1949 ἀμαρτῆσαι
1508 1880 1557 1932 οἱ
1625 1879 1868 1948 Πατὲρες

298 1972 464 2039 φασίν
488 1987 504 2003 ο
564 1969 689 2024 οὔτε
740 1970 849 2041 γὰρ
879 1970 941 2023 τὸ
971 1969 1320 2023 είδωλόθυτόν
1377 1987 1429 2021 τι
1455 1970 1690 2032 ἄκοντας
1722 1969 1874 2035 δέξα-

299 2065 425 2116 σθαι
457 2063 536 2125 εἰς
570 2062 630 2115 τὸ
692 2063 889 2133 στόμα,
945 2061 1069 2114 οὒτε
1093 2062 1152 2115 τὸ
1182 2065 1241 2115 ἐν
1293 2063 1414 2124 ταῖς
1458 2061 1647 2131 χερσὶν
1694 2061 1874 2115 αὐτῶν

299 2153 631 2223 ἐκϐληθῆναι
668 2153 966 2206 λιϐανωτὸν
999 2153 1246 2227 αμαρτία
1273 2153 1444 2217 ἐστὶν,
1477 2153 1524 2204 εἰ
1555 2154 1750 2205 ἐκεῖνοι
1780 2151 1875 2203 καὶ

298 2245 503 2309 τούτων
523 2247 825 2315 γινομένων
859 2246 1226 2299 ἐπεκαλοῦντο
1256 2244 1316 2297 τί)
1369 2244 1541 2313 ὄνομα
1598 2244 1692 2297 τοῦ
1739 2245 1875 2313 Χρι⁴

304 2335 457 2401 στοῦ,
502 2338 596 2391 καὶ
638 2338 772 2389 Θεὸν
820 2337 1135 2406 ὡμολόγουν
1184 2335 1380 2389 αὐτόν·
1438 2335 1531 2390 καὶ
1583 2335 1658 2398 ὡς
1709 2336 1875 2403 μηδὲν

309 2429 753 2500 ἁμαρτάνοντας,
788 2430 863 2497 μὴ
904 2427 1210 2481 κωλύεσθαι
1254 2427 1353 2495 τῆς
1389 2427 1673 2493 κοινωνίας
1735 2444 1876 2497 παρα

303 2522 678 2578 εκελεύσαντο.
714 2520 833 2575 Κᾶν
881 2538 1028 2583 τινες
1062 2519 1191 2582 ἴσως
1226 2519 1597 2589 ἀγνοήσαντες
1618 2519 1677 2571 τὸ
1708 2535 1877 2589 προσ-

304 2616 462 2684 ῆκον,
486 2615 521 2686 ἢ
565 2614 728 2666 πλέον
752 2612 847 2666 τοῦ
868 2613 1091 2675 δέοντος
1116 2610 1216 2681 τῆς
1260 2611 1547 2682 ἀκριβείας
1601 2612 1872 2697 ἐχόμενοι,

304 2704 586 2761 ἐκώλυσάν
629 2722 802 2781 τινας
856 2704 955 2772 τῆς
1028 2703 1334 2778 κοινωνίας,
1406 2704 1568 2766 εὐθὺς
1620 2704 1875 2772 δεχθῆναι

302 2798 525 2858 τούτους
584 2796 1054 2865 ἐγνωμοδότησαν,
1097 2797 1200 2860 κᾶν
1256 2813 1314 2848 τε
1371 2796 1483 2848 τῶν
1530 2794 1623 2847 τοῦ
1668 2794 1874 2864 κλήρου

303 2884 466 2957 ἦσαν,
507 2887 609 2940 κάν
632 2905 692 2940 τε
719 2887 938 2940 τῶντοῦ
973 2887 1125 2942 λαοῦ.
1163 2888 1429 2942 Τοσοῦτον
1477 2888 1555 2949 δὲ,
1587 2889 1775 2956 φασὶν,
1810 2887 1872 2939 οὐ

304 2978 685 3047 λογισθήσεται
715 2978 782 3031 τὰ
812 2978 924 3032 ἄνω
953 2981 1220 3049 εἰρημένα
1252 2981 1334 3042 είς
1366 2979 1697 3049 ἁμᾲρτημα,
1733 2978 1873 3031 ὥστε

1963 505 2229 567 perpetuo
2262 504 2468 562 tamen,
2504 497 2753 554 vestibus
2805 511 3027 568 quoque
3074 497 3389 555 dilaceratis
3415 516 3539 568 cor-

1964 588 2199 658 porique
2229 587 2520 654 detractis,
2574 603 2695 644 sese
2730 586 3082 650 Christianos
3127 604 3250 648 esse
3300 590 3536 662 professi

1965 685 2131 750 sunt;
2184 678 2400 734 etiamsi
2438 679 2521 733 vel
2554 678 2759 749 aliquid
2801 694 2898 749 per
2955 681 3061 736 vim
3114 685 3538 754 repugnantium

1966 774 2217 827 manibus
2242 774 2315 828 sit
2344 773 2628 844 injectum,
2655 774 2784 828 thus
2809 773 3061 829 videlicet
3092 782 3183 829 aut
3213 774 3358 829 aliud
3386 776 3539 851 quid-

1966 865 2113 936 piam
2156 880 2372 932 eorum,
2425 880 2545 934 quae
2572 865 2623 918 in
2657 864 2925 920 idolorum
2965 865 3253 920 sacriﬁciis
3288 866 3538 921 adhiberi

1967 956 2128 1017 solita
2160 965 2310 1019 sunt,
2348 956 2432 1009 vel
2464 955 2572 1010 cibi
2622 955 2829 1025 aliquid
2862 971 2929 1011 ex
2965 956 3264 1013 immolatis
3299 973 3395 1029 per
3429 959 3538 1014 vim

1967 1063 1997 1109 a
2033 1047 2383 1103 coactoribus
2420 1048 2727 1105 immissum
2756 1063 2852 1103 ore
2882 1063 3167 1119 excepere,
3201 1034 3541 1125 qui'aliquid

1967 1143 2236 1213 ejusmodi
2294 1143 2545 1214 perpessi
2600 1144 2831 1210 fuerint,
2890 1143 3230 1201 Christianos
3304 1162 3362 1202 se
3421 1163 3543 1205 esse

1969 1234 2331 1290 nihilominus
2373 1236 2582 1291 interea
2615 1236 2987 1311 clamitantes,
3028 1248 3193 1311 atque
3222 1239 3291 1305 ob
3321 1239 3373 1295 id
3396 1241 3543 1310 quod

1973 1326 2175 1380 factum
2211 1326 2315 1381 fuit
2353 1326 2624 1393 dolentes,
2660 1342 2724 1381 ac
2756 1328 3003 1393 dolorem
3050 1330 3383 1401 demissione
3444 1331 3545 1386 ba-

1970 1418 2198 1489 bituque
2226 1434 2336 1489 prae
2363 1434 2423 1474 se
2452 1419 2692 1476 ferentes
2718 1421 2823 1491 (est
2854 1431 3033 1478 autem
3069 1424 3317 1481 remis’sio
3357 1422 3547 1481 Graece

1972 1509 2300 1581 καταστολὴ,
2364 1511 2645 1581 aequabilis
2678 1526 2742 1579 ac
2789 1513 3070 1573 moderata
3123 1530 3333 1575 morum
3393 1530 3547 1571 com-

1973 1601 2215 1671 positio;
2270 1602 2521 1670 quamvis
2573 1603 2767 1658 eodem
2822 1604 2987 1661 verbo
3043 1606 3278 1668 amictus
3327 1621 3547 1676 quoque

1973 1701 2311 1762 ornatusque
2366 1695 2618 1763 corporis
2667 1695 2965 1763 signiﬁcari
3042 1704 3208 1766 queat
3260 1714 3273 1749 :
3325 1697 3547 1755 habitus

1973 1800 2127 1850 vero,
2157 1785 2343 1849 Graece
2376 1785 2584 1855 σχῆμα,
2615 1785 2836 1840 tristitia
2871 1787 3216 1847 extrinsecus
3255 1803 3546 1859 apparens,

1972 1878 2195 1931 condite
2227 1892 2366 1948 nque
2424 1876 2610 1930 animo
2668 1891 2961 1933 maerorem
3027 1877 3323 1943 indicans,
3380 1895 3548 1950 quam

1974 1970 2136 2024 etiam
2178 1969 2305 2023 vita:
2358 1968 2721 2026 humilitatem
2772 1983 2949 2024 canon
2991 1970 3343 2044 appellavit);
3378 1972 3549 2027 abiis

1974 2075 2108 2130 ergo
2143 2059 2277 2117 nihil
2313 2067 2599 2127 peccatum
2637 2072 2759 2113 esse
2791 2057 2984 2116 Patres
3039 2071 3318 2137 asserunt,
3365 2060 3551 2134 Neque

1974 2155 2145 2215 enim,
2177 2151 2323 2221 quod
2358 2152 2439 2205 vel
2478 2150 2838 2222 idolothytum
2868 2167 2964 2207 ore
2996 2152 3078 2208 vel
3121 2154 3265 2223 quod
3299 2157 3434 2217 thus
3453 2164 3549 2211 aut

1975 2243 2180 2313 aliquid
2240 2241 2419 2296 simile
2474 2242 2753 2305 manibus,
2804 2245 3057 2305 nolentes
3109 2247 3445 2315 exceperint,
3494 2248 3547 2303 id

1976 2332 2225 2397 criminis
2294 2333 2411 2397 loco
2460 2332 2590 2403 poni
2631 2333 2829 2399 debet;
2879 2334 2924 2389 si
2981 2343 3160 2391 tamen
3212 2336 3288 2399 illi
3340 2338 3550 2397 interea

1977 2441 2215 2497 quoque,
2252 2425 2379 2477 dum
2418 2425 2534 2478 hinc
2572 2425 2789 2487 ﬁerent,
2845 2424 3126 2482 Christum
3177 2429 3547 2499 appellabant,

1966 2517 2137 2588 .377
2172 2517 2449 2590 Deumque
2478 2515 2659 2586 ipsum
2695 2531 2820 2571 esse
2846 2517 3285 2593 proﬁtebantur:
3321 2536 3385 2578 ac
3425 2532 3552 2587 tan-

1977 2624 2139 2676 quam
2176 2607 2310 2665 nulli
2341 2608 2516 2678 culpae
2547 2606 2759 2681 aﬁines,
2811 2609 2961 2664 nullo
3010 2612 3172 2675 modo
3221 2627 3252 2667 a
3300 2627 3547 2673 commu.

1978 2701 2143 2763 nione
2168 2700 2440 2755 arcendos
2473 2715 2597 2757 esse
2629 2700 2952 2757 deﬁnivere.
2986 2702 3145 2770 Quod
3177 2707 3223 2761 si
3254 2709 3550 2775 nonnullos

1978 2792 2163 2855 etiam,
2196 2792 2474 2862 aequitatis
2503 2790 2643 2847 forte
2688 2793 3059 2863 ignoratione,
3110 2805 3205 2851 aut
3234 2799 3355 2869 plus
3396 2800 3549 2869 justo

1978 2883 2355 2952 diligentiores
2389 2884 2554 2954 aliqui
2588 2887 2972 2946 communione
3006 2887 3408 2958 prohibuerint,
3434 2893 3551 2951 sive

1979 2991 2007 3027 e
2038 2978 2186 3030 clero
2215 2976 2294 3029 illi
2329 2977 2445 3031 sive
2475 2992 2504 3032 c
2538 2977 2742 3048 populo
2770 2976 2995 3044 fuerint,
3040 2980 3403 3045 admittendos
3428 2999 3552 3044 esse

306 3071 407 3122 κᾶν
434 3070 622 3133 λαῖκός
649 3066 791 3147 τιςῇ
831 3073 858 3124 ὁ
910 3071 1082 3124 ταῦτα
1127 3071 1449 3140 ὑπομείνας,
1502 3070 1872 3140 κωλυθήσεται

1981 3068 2126 3123 illico
2185 3069 2497 3124 decrevere.
2548 3069 2783 3129 Tantum
2852 3086 3017 3141 porro
3073 3074 3248 3151 abest,
3312 3084 3375 3131 ut
3431 3091 3551 3153 quae

304 3162 392 3215 διὰ
415 3162 587 3223 ταῦτα
638 3165 717 3233 είς
745 3156 1047 3233 ἱερωσύνην
1092 3162 1549 3232 προϐιϐασθῆναι,
1616 3163 1664 3214 εί
1704 3161 1876 3230 ὁβίος

310 3250 477 3325 αὐτοῦ
506 3253 534 3304 ὁ
563 3252 668 3324 πρὸ
698 3252 889 3315 τούτου
921 3253 1289 3325 ἀνεπίληπτος
1314 3249 1382 3333 ἦν
1411 3255 1511 3306 καὶ
1550 3253 1728 3323 ὀρθῶς
1775 3268 1874 3325 πε-

307 3343 609 3415 πολὴευτο.

308 3610 527 3681 ΑΡΙΣΤ.
582 3626 600 3661 ι
636 3606 696 3660 Ol
729 3602 1153 3674 βασανισθέντες
1182 3603 1276 3656 καὶ
1318 3603 1636 3672 βιασθέντες
1659 3603 1877 3676 ἀληθῶς

388 3712 408 3753 ι
447 3703 543 3755 καὶ
595 3700 735 3769 μετὰ
763 3695 1077 3770 τυραννίδος
1118 3696 1385 3768 βρώματα
1429 3696 1688 3759 λαϐόντες
1720 3695 1875 3748 εἰδώ-

395 3815 414 3848 α
450 3796 567 3857 λου,
619 3794 718 3861 τῆς
777 3788 1062 3852 κοινωνίας
1130 3788 1205 3858 μὴ
1266 3789 1685 3843 κωλυέσθωσαν.
1769 3788 1878 3841 Καὶ

389 3907 408 3939 ε
445 3885 627 3941 λαῖκοὶ
663 3884 719 3937 δέ
746 3882 906 3936 τοῦτο
946 3880 1230 3945 παθόντες,
1277 3882 1352 3944 ὡς
1378 3881 1531 3933 οὐδὲν
1564 3880 1879 3951 ἡμαρτηκό-

398 3999 418 4033 ι
458 3996 570 4045 τες,
606 3979 655 4031 εί
724 3974 1004 4046 βούλοιντο
1035 3974 1373 4045 χειροτονίας
1409 3975 1613 4049 τυχεῖν,
1672 3989 1878 4043 τυγχα-

397 4091 418 4125 ι
453 4070 722 4130 νέτωσαν,
764 4066 939 4128 ἄλλως
970 4065 1328 4134 ἀνεπίληπτοι
1356 4064 1529 4127 ὄντες.
1572 4083 1591 4119 ι
1786 4050 1791 4054 ’

378 4166 440 4217 Ol
478 4161 615 4234 μετὰ
669 4159 919 4230 βασάνων
970 4156 1322 4211 εἰδωλόθυτον
1366 4155 1562 4227 βρῶμα
1621 4155 1876 4219 δέξασθαι

310 4258 620 4330 βιασθέντες
654 4256 763 4309 τῶν
816 4251 1111 4323 βιαζόντων
1140 4249 1217 4320 τῷ
1248 4250 1476 4319 στόματι
1508 4248 1687 4302 αὐτῶν
1720 4247 1877 4318 τοῦτο

309 4348 658 4421 ἐμϐαλόντων
721 4344 862 4414 μετὰ
903 4345 1170 4414 ἀνάγκης,
1238 4341 1502 4405 ὡσαύτως
1553 4342 1611 4394 δὲ
1670 4341 1766 4392 καὶ
1824 4339 1874 4395 οἱ

306 4438 734 4511 τοιουτοτρόποις
763 4436 1063 4495 λιϐανωτὸν
1094 4437 1175 4497 εἰς
1217 4434 1315 4495 τὰς
1347 4435 1536 4505 χεῖρας
1579 4433 1760 4497 αὐτῶν
1793 4432 1876 4486 δε-

310 4534 555 4603 ξάμενοι,
588 4529 846 4598 καὶπρὸς
890 4528 1012 4596 βίον
1040 4529 1123 4597 εἰς
1162 4527 1254 4579 τὸν
1302 4525 1532 4595 τρίποδα
1591 4524 1877 4595 ἐπιρῤίψαι

308 4622 470 4674 τοῦτο
513 4618 1091 4688 καταναγκασθέντεςι
1152 4617 1543 4688 όμρλογοῦντες
1582 4618 1641 4670 δὲ
1700 4616 1877 4669 διόλου

309 4715 395 4765 ὅτι
438 4712 545 4764 eiul
572 4710 909 4781 Χριστιανοὶ,
943 4711 1037 4763 καὶ
1093 4710 1288 4765 τούτου
1321 4709 1632 4778 συμϐάντος
1684 4708 1877 4768 πένθος

311 4805 399 4855 ἀεὶ
421 4800 855 4871 ἐπιδεικνύμενοι
894 4803 959 4870 τῇ
1007 4801 1152 4871 πάσῃ
1185 4800 1491 4870 καταστολῇ
1527 4797 1724 4866 καὶτῷ
1750 4798 1882 4868 σχή-

314 4911 467 4963 ματι,
499 4894 590 4947 καὶ
628 4895 693 4962 τῇ
726 4891 817 4945 τοῦ
869 4891 985 4962 βίον
1016 4893 1390 4960 ταπεινότητι,
1451 4883 1599 4944 οὗτοι
1652 4889 1728 4953 ὡς
1775 4889 1880 4956 ἔξω

312 4983 709 5057 ᾁμαρτήματος
732 4981 911 5045 ὄντες,
956 4982 1058 5054 τῆς
1098 4981 1385 5045 κοινωνίας
1437 4981 1514 5052 μὴ
1559 4980 1881 5039 κωλυέσθωε-

312 5092 439 5136 σαν,
469 5071 587 5125 ἀλλ’
607 5073 667 5125 ἐν
696 5073 762 5141 τῇ
793 5072 1126 5142 οἰκείατιμῇ
1162 5072 1495 5141 μενέτωσαν.
1524 5071 1585 5124 El
1611 5072 1669 5124 δὲ
1700 5070 1879 5127 λαῖκοί

310 5166 450 5232 εἰσιν
478 5164 527 5216 οί
558 5161 812 5231 τοιοῦτοι,
845 5163 940 5215 καὶ
974 5160 1251 5233 βούλοιντο
1293 5161 1629 5230 χειροτονίας
1676 5163 1877 5230 τυχεῖν,

308 5248 741 5318 τυγχανέτωσαν,
777 5250 926 5309 ἑανὸ
972 5247 1264 5318 προλαϐὼν
1319 5248 1435 5318 βίος
1486 5249 1672 5301 αὐτῶν
1728 5250 1877 5323 ἐστιν

307 5341 714 5410 ἀνεπίληπτοςο
769 5339 835 5392 ἐκ
881 5339 1071 5393 τούτου
1123 5343 1287 5408 μόνου
1344 5340 1406 5392 ού
1467 5340 1878 5411 κωλυθήσονται

306 5433 409 5500 τῆς
456 5431 710 5502 τοιαύτης
740 5432 1018 5502 ἐπιτυχεῖν
1069 5432 1258 5500 τιμῆς.

917 5523 1154 5579 ΚΔΝΩΝ
1184 5523 1258 5577 Δ’.

313 5634 335 5671 ί
372 5616 508 5684 Περὶ
544 5614 652 5669 τῶν
691 5615 828 5685 πρὸς
867 5615 990 5685 βίαν
1020 5614 1322 5681 θυσὰντων,
1352 5617 1444 5668 ἐπὶ
1465 5615 1521 5668 δέ
1557 5614 1767 5679 τούτοις
1784 5615 1879 5671 καὶ

384 5724 402 5759 ι
444 5706 547 5759 τῶν
562 5706 967 5776 δειπνησαντων
990 5710 1069 5773 εἰς
1096 5710 1162 5762 τὰ
1191 5708 1385 5761 εἴδωλα
1411 5708 1523 5760 ὅσοι
1550 5707 1648 5777 μὲν
1670 5708 1878 5776 ἀπαγό-

1980 3175 2141 3241 supra
2179 3161 2757 3227 commemoravimus,
2785 3162 3002 3217 crimini
3054 3164 3163 3220 sint
3195 3168 3463 3236 ducenda,
3491 3181 3547 3225 ut

1976 3251 2191 3315 etiamsi
2249 3250 2390 3319 laico
2442 3251 2648 3315 homini
2686 3252 2920 3323 cuipiam
2952 3254 3272 3322 perferenda
3322 3258 3547 3328 iuerint,

1979 3342 2112 3396 nihil
2139 3355 2339 3408 tamen,
2368 3342 2528 3395 modo
2553 3344 2720 3397 vitam
2749 3344 2948 3413 alioqui
2984 3347 3299 3416 suspicione
3323 3365 3545 3406 vacuam

1979 3448 2041 3488 ac
2070 3434 2355 3504 probatam
2387 3434 2716 3498 traduxerit,
2756 3437 3055 3506 quominus
3085 3439 3149 3493 ad
3183 3454 3372 3497 sacros
3399 3442 3549 3498 ordi-

1980 3542 2077 3580 nes
2112 3526 2269 3579 evehi
2304 3526 2487 3589 liceat,
2518 3526 2738 3582 obstare
2762 3528 2951 3583 velint.

1978 3615 2205 3681 AltlS’l‘.
2248 3636 2265 3674 ι
2302 3616 2404 3683 Qui
2441 3619 2726 3675 tormentis
2757 3619 2984 3688 subjecti
3012 3629 3067 3676 ct
3114 3622 3220 3694 vim
3249 3641 3372 3680 vere
3404 3631 3548 3698 passi

2056 3725 2074 3756 ι
2120 3716 2267 3773 sunt,
2299 3718 2353 3762 et
2387 3716 2509 3777 post
2534 3710 2878 3780 tyrannidem
2908 3712 3087 3766 cibum
3123 3714 3281 3772 idolis
3303 3716 3547 3774 oblatum

2057 3817 2075 3849 ι
2122 3809 2366 3860 sumunt.
2418 3814 2448 3852 a
2490 3804 2874 3871 communione
2907 3819 2974 3863 ne
3014 3806 3426 3873 prohibeantur.
3482 3811 3550 3877 Et

2058 3906 2077 3937 ι
2122 3888 2241 3941 laici
2276 3890 2376 3941 hoc
2406 3889 2574 3957 passi,
2609 3901 2666 3942 ut
2698 3891 2831 3949 nihil
2864 3899 3210 3963 transgressi,
3256 3898 3303 3952 si
3336 3899 3551 3966 ord'nag

2057 3998 2076 4037 ι
2121 3979 2318 4045 tionem
2370 3980 2537 4036 velint
2579 3983 2863 4051 consequi,
2916 3997 3343 4055 censequantur,
3390 3994 3550 4059 modo

2056 4091 2074 4123 ι
2122 4072 2277 4129 alter
2312 4072 2567 4141 inculpati
2598 4073 2723 4127 sint.
2748 4094 2768 4133 ι
3453 4056 3457 4058 ν
3524 4056 3545 4059 Ἡ

2050 4160 2153 4228 Qui
2207 4176 2332 4216 cum
2391 4165 2681 4227 tormentis
2752 4166 2934 4221 cibum
3001 4167 3159 4236 idolis
3209 4170 3546 4229 immolatum

1981 4254 2223 4322 recipere
2255 4254 2427 4308 coacti
2458 4265 2606 4316 sunt,
2642 4255 2787 4320 istis,
2835 4256 2927 4327 qui
2963 4273 3059 4313 eos
3105 4270 3325 4331 cogunt,
3379 4263 3433 4318 in
3484 4281 3548 4327 os

1980 4358 2170 4398 eorum
2226 4344 2356 4398 illud
2414 4344 2678 4409 violenter
2728 4346 3121 4419 injicientibns;
3183 4352 3435 4411 similiter
3491 4368 3549 4413 et

1976 4434 2021 4489 si
2076 4434 2203 4489 thus
2250 4434 2440 4489 eodem
2496 4436 2656 4493 modo
2696 4437 2748 4490 in
2791 4450 2986 4501 manus
3014 4454 3146 4496 suas
3178 4443 3460 4514 recipiant,
3494 4421 3550 4517 et

1981 4523 2113 4593 illud
2155 4540 2248 4593 per
2274 4526 2381 4579 vim
2414 4526 2465 4579 iu
2498 4527 2766 4597 tripodem
2814 4530 3035 4598 injicere
3077 4535 3343 4603 compulsi
3394 4538 3548 4605 sint;

1981 4614 2073 4668 sed
2108 4615 2436 4669 conﬁtentur
2465 4619 2689 4673 omnino
2715 4634 2774 4675 se
2805 4636 2926 4681 esse
2950 4622 3313 4691 Christianos,
3343 4638 3396 4684 et
3425 4643 3549 4691 cum

1982 4705 2086 4761 hoc
2141 4706 2449 4777 contigerit.
2506 4708 2707 4777 luctum
2763 4712 2911 4768 omni
2963 4715 3225 4771 modestia
3259 4726 3312 4773 et
3360 4719 3547 4784 habitu

1979 4805 2035 4851 ct
2064 4797 2187 4851 vitm
2216 4798 2521 4855 humilitate
2555 4801 2871 4866 ostendunt,
2924 4804 3000 4868 hi,
3028 4814 3088 4859 ut
3116 4808 3209 4876 qui
3241 4818 3366 4863 sunt
3393 4822 3546 4880 extra

1980 4896 2285 4961 peccatum,
2345 4904 2376 4943 a
2425 4890 2806 4959 communione
2854 4908 2925 4949 ne
2974 4908 3283 4963 arceantur,
3344 4899 3438 4956 sed
3489 4898 3545 4969 in

1980 4976 2204 5049 proprio
2254 4978 2462 5048 honore
2525 4991 2800 5039 maneant.
2899 4983 2955 5039 Si
3015 4996 3195 5051 autem
3249 4988 3387 5043 tales
3436 4988 3549 5060 sint

1982 5069 2102 5138 laici
2130 5079 2185 5124 et
2214 5071 2573 5133 ordinationis
2601 5085 2881 5145 compotes
2911 5091 3033 5132 esse
3062 5077 3309 5147 cupiunt,
3354 5092 3550 5135 conse-

1979 5168 2239 5235 quantur,
2268 5163 2315 5233 si
2348 5165 2661 5233 przecedens
2685 5182 2873 5225 eorum
2900 5169 3009 5222 vita
3042 5169 3318 5237 inculpata
3348 5169 3543 5237 fuerit:

1980 5267 2044 5320 ex
2082 5266 2151 5313 eo
2182 5253 2458 5321 ejusmodi
2492 5256 2719 5312 honoris
2771 5256 3060 5326 participes
3092 5271 3217 5314 esse
3263 5274 3329 5315 ne
3355 5261 3545 5333 prohi-

1982 5342 2234 5413 beautur.

2575 5520 2806 5577 CANON
2858 5521 2948 5577 Π.

1987 5633 2005 5673 ι
2044 5615 2115 5674 De
2148 5614 2235 5679 iis,
2266 5614 2357 5685 qui
2395 5616 2443 5669 vi
2481 5615 2882 5682 sacriﬁcarunt,
2932 5623 2987 5670 et
3017 5622 3275 5686 praeterea
3306 5617 3371 5673 ad
3406 5618 3549 5674 idola

2058 5727 2074 5760 ι
2124 5708 2309 5777 pransi
2360 5718 2509 5775 sunt,
2561 5708 2875 5781 quicunque
2921 5710 3141 5770 abducti
3185 5709 3445 5782 quidem,
3493 5716 3549 5777 et
