4014 6224
491 256 629 321 1135

553 476 573 510 ι
614 460 759 514 siore
790 460 869 511 nsi
908 463 1059 521 sunt,
1112 466 1162 510 et
1197 457 1370 525 parati
1406 456 1638 525 prandii,
1695 470 1798 510 non
1841 472 1980 524 aegre
2007 456 2060 511 id

555 568 572 601 ι
623 549 877 614 ferentes,
936 546 1227 616 participes
1275 546 1514 608 luerunt,
1567 548 1741 601 visum
1778 558 1881 614 est,
1916 566 2061 606 anno

560 658 577 689 ι
626 639 832 700 audire,
866 636 1041 691 tribus
1070 644 1248 690 autem
1279 636 1437 690 anuis
1467 637 1767 703 substerni,
1825 641 2059 695 orationi

555 749 573 782 ι
623 745 750 782 vero
781 727 997 781 duobus
1027 728 1188 782 annis
1233 728 1666 794 communicare,
1720 740 1771 783 et
1829 738 1957 784 tunc
1994 733 2061 785 ad

558 844 575 875 ι
624 824 673 876 id
709 822 853 891 quod
886 830 970 876 est
1006 820 1306 890 perlectum
1338 821 1620 875 accedere.
1648 841 1665 873 ι

553 916 634 967 tta
650 914 752 968 LS.
811 914 945 969 Cum
980 913 1261 982 expositus
1294 914 1487 968 tertius
1522 928 1697 967 canon
1746 912 2065 970 indistincte

478 1010 774 1079 ignovisset
811 1008 897 1071 iis,
944 1009 1035 1077 qui
1069 1008 1114 1058 vi
1150 1006 1444 1076 idolotltyta
1478 1008 1881 1075 suscepissent:
1919 1024 2062 1078 quo-

481 1104 625 1156 niam
660 1101 911 1156 dicebant
945 1099 1189 1153 nonnulli
1225 1100 1302 1153 cis
1332 1101 1496 1153 etiam
1532 1098 1759 1167 ignosci,
1792 1100 1883 1167 qui
1922 1116 1983 1153 ea
2012 1098 2063 1152 vi

480 1196 868 1260 comedissent,
913 1194 997 1248 vel
1029 1194 1191 1247 etiam
1221 1192 1657 1254 sacriﬁcassent;
1716 1208 1809 1261 per
1837 1192 1983 1246 bnuc
2010 1202 2064 1248 et

477 1286 728 1355 quintum
762 1299 1023 1339 cauoucm
1056 1290 1363 1337 statuerunt
1396 1280 1601 1346 Patres,
1651 1283 1794 1346 quod
1828 1282 2063 1352 (μιίνυιιο

479 1394 585 1446 que
613 1377 856 1446 quidem,
890 1376 1112 1429 abducti
1145 1375 1210 1428 ad
1237 1374 1494 1429 idolicum
1532 1375 1845 1445 prandium,
1880 1375 2061 1430 laetum

476 1470 691 1522 vultum
729 1470 1111 1532 osmndcrunt,
1159 1477 1213 1523 et
1244 1482 1368 1521 cum
1403 1467 1867 1538 splendidioribus
1899 1468 2064 1524 vesti-

477 1562 582 1616 lms
633 1560 1051 1623 discubuerunt,
1076 1569 1131 1614 et
1167 1576 1376 1624 eorum,
1405 1575 1525 1629 qua:
1576 1560 1737 1616 idolis
1782 1560 2063 1615 immolata

462 1662 629 1715 'sunt,
650 1653 943 1722 participes
966 1653 1137 1717 luere,
1163 1653 1479 1721 punientur,
1508 1652 1672 1722 utqui
1703 1666 1928 1706 ontntno
1962 1652 2061 1704 im-

465 1746 674 1816 pietati
727 1745 1016 1800 cesserint.
1096 1744 1461 1810 Quamobrem
1512 1758 1654 1797 anno
1696 1758 1802 1797 uno
1845 1742 2057 1797 divinas

469 1837 801 1906 ‘Scripturas
832 1837 1057 1891 audient
1094 1836 1146 1889 in
1178 1834 1452 1900 nartltece,
1503 1843 1553 1889 et
1600 1843 1788 1905 postea
1820 1833 2056 1889 triennio

479 1928 923 1991 snbsternentur,
960 1926 1011 1981 id
1062 1936 1166 1991 est,
1223 1927 1274 1980 in
1324 1926 1552 1981 ecclesia
1599 1935 1759 1982 erunt
1786 1930 1907 1997 post
1938 1941 2054 1980 am-

479 2018 678 2073 bouem
715 2025 943 2083 stantes,
977 2032 1156 2087 usque
1181 2017 1246 2072 ad
1279 2018 1797 2073 catccltumenorum
1823 2016 2054 2083 exitum;

477 2116 610 2165 tunc
638 2110 782 2164 enim
819 2109 922 2180 ipsi
951 2126 1168 2181 quoque
1192 2111 1561 2181 egrediantur.
1629 2109 1926 2180 Completis
1963 2123 2061 2163 au-

476 2212 585 2259 tem
640 2202 725 2259 his
765 2217 982 2274 quoque
1024 2204 1201 2259 tribus
1248 2186 1588 2268 annisfuna
1638 2216 1762 2257 cum
1808 2201 2059 2257 ﬁdelibus

474 2294 700 2348 biennio
751 2294 1257 2360 communicabunt,
1298 2303 1350 2349 et
1396 2294 1465 2349 ab
1507 2308 1572 2349 eo
1618 2300 1866 2363 tempore
1894 2294 1963 2350 ad
2005 2291 2060 2348 id

478 2382 960 2454 quod'pcrfeclum
996 2394 1100 2449 est,
1133 2386 1442 2452 devenient,
1486 2384 1590 2439 hoc
1626 2392 1731 2451 est,
1781 2385 1947 2441 etiam
1977 2386 2063 2442 di-

478 2479 731 2530 vinorum
768 2486 1238 2532 sacramentorum
1264 2487 1422 2533 erunt
1442 2478 1755 2548 participes.
1810 2478 2061 2546 Quicun—

478 2585 584 2637 que
613 2577 791 2623 autem
820 2568 867 2622 vi
894 2568 1114 2623 abducti
1144 2570 1323 2624 incesti
1349 2568 1587 2635 luerunt,
1614 2579 1667 2625 et
1693 2585 1814 2626 cum
1844 2571 2060 2642 lugubri

481 2653 630 2715 veste
663 2662 1038 2718 accubuerunt
1065 2671 1120 2717 et
1152 2662 1528 2727 comederunt,
1579 2672 1701 2733 post
1729 2663 2061 2720 substratio-

479 2753 567 2807 uis
631 2753 928 2807 triennium
992 2754 1047 2807 in
1117 2753 1547 2809 ecclesiasticam
1620 2755 2060 2812 communionem

482 2846 885 2914 suscipientur,
950 2846 1045 2901 sed
1077 2862 1184 2900 non
1217 2847 1379 2901 etiam
1429 2846 1630 2902 divinis
1676 2846 1823 2917 digni
1875 2863 2062 2905 sacra-

484 2938 679 2992 utentis
711 2937 1079 2992 habebuntur.
1152 2937 1206 2990 ω
1237 2940 1379 2993 enim
1409 2947 1490 2994 est
1514 2954 1608 2995 eos
1633 2941 1751 2995 sine
1784 2941 2061 2999 oblatione

1750 255 2027 316 THEOD.
2072 251 2478 315 BALSAMON

558 386 576 419 ι
626 366 831 421 laetiore
864 362 1044 419 habitu
1075 369 1448 426 accesserunt,
1497 371 1547 418 et
1584 373 1733 418 veste
1779 370 2060 434 sump’tuo-
2086 365 2135 422 Α

3592 244 3743 310 -1136

2238 384 2255 412 ι
2294 380 2469 431 μενοι,
2520 358 2618 415 καὶ
2671 363 2914 431 σχήματι
2971 357 3316 429 φαιδροτέρῳ
3362 357 3615 429 ανῆλθον,
3650 360 3747 412 καὶ

2245 474 2261 505 ι
2303 454 2490 526 ἐσθῆτι
2526 455 2835 527 ἐχρήσαντο
2858 451 3312 523 πολυτελεστέρα,
3346 452 3440 505 καὶ
3484 453 3746 522 μετέσχον

2242 568 2259 598 Ι
2298 548 2393 602 τοῦ
2412 546 2958 619 παρασκευασθέντος
2994 546 3210 599 δείπνου
3259 546 3589 615 ἀδιαφόρως,
3636 546 3749 599 ἕδο-

2245 661 2261 690 4
2300 640 2385 705 ξεν
2420 639 2660 693 ἐνιαυτὸν
2688 638 2991 709 ἀκροᾶσθαι
3025 638 3157 707 (75,“,
3195 637 3491 689 ὑποπεσεῖν
3532 636 3586 689 δὲ
3624 638 3748 706 τρία

2242 750 2258 781 ι
2297 732 2416 799 ἐτη.
2466 732 2629 799 εὐχῆς
2673 730 2729 783 δὲ
2792 734 3120 802 κοινωνῆσαι
3176 730 3271 801 ἔτη
3321 730 3435 797 δύο,
3481 731 3574 783 καὶ
3624 734 3747 783 τότε

2245 842 2260 873 ι
2303 824 2479 876 ἐλθεῖν
2512 824 2605 876 ἐπὶ
2638 824 2697 875 τὸ
2722 824 2948 879 τέλειον.
2978 843 2995 875 ι

2237 916 2434 969 ΒᾹΑΣ.
2474 914 2579 968 Τοῦ
2612 915 3003 985 διαληφθέντος
3027 915 3213 986 τρίτου
3251 916 3475 980 κανόνος
3502 934 3750 983 συγγνω-

2168 1010 2502 1079 μονήσαντος
2531 1008 2899 1073 ἀδιαστίκτως
2931 1011 3043 1070 τοῖς
3090 1008 3234 1061 κατὰ
3260 1009 3383 1078 βίαν
3415 1009 3750 1077 ὑποδεξομέο

2164 1119 2273 1162 νοις
2306 1099 2632 1153 εἰδωλόθυτα
2664 1118 2679 1132 ο
2750 1101 2872 1152 ὲπεί
2905 1117 3050 1163 τινες
3088 1099 3280 1171 ἡθελον
3330 1102 3573 1163 καὶτοὺς
3606 1102 3749 1153 κατὰ

2165 1192 2287 1261 βίαν
2342 1194 2617 1260 φαγόντας
2668 1193 2831 1257 αὐτὰ,
2884 1192 2916 1262 ἦ
2963 1192 3060 1245 καὶ
3110 1192 3410 1259 θύσαντας,
3475 1194 3747 1262 συγγινώ-

2166 1284 2421 1349 σκεσθαι,
2458 1285 2665 1355 δηρίσαν
2698 1286 2744 1337 οἱ
2782 1285 3025 1355 Πατέρες
3054 1284 3138 1337 διὰ
3164 1286 3358 1338 τούτου
3386 1284 3481 1337 τοῦ
3524 1285 3747 1347 κανόνος

2163 1376 2260 1428 καὶ
2296 1374 2387 1426 τοῦ
2418 1376 2702 1444 πέμπτου,
2735 1374 2807 1437 ὼς
2842 1378 2958 1427 ὅσοι
2992 1374 3089 1443 μὲν
3114 1375 3455 1443 ἀπαγόμενοι
3489 1375 3628 1443 πρὸς
3662 1374 3746 1426 τὸν

2164 1466 2443 1519 είδωλικδν
2500 1467 2717 1522 δεῖπνον
2766 1468 2951 1535 σχῆμα
3022 1468 3321 1535 χαιρόντων
3382 1466 3741 1531 ἐνεδείξαντο,

2164 1556 2257 1608 καὶ
2290 1557 2432 1626 μετὰ
2463 1556 2863 1627 λαμπροτέρων
2900 1556 3143 1627 ἐσθήτων
3172 1557 3460 1622 ἀνέπεσον,
3492 1560 3586 1610 καὶ
3617 1574 3743 1621 μετ-

2165 1646 2322 1717 έσχον
2344 1646 2886 1711 τῶνεὶδωλοθύτων,
2915 1649 3432 1718 ὲπιτιμηθήσονται,
3480 1649 3558 1712 ὡς
3606 1649 3743 1711 ὅλως

2168 1738 2411 1801 ἐνδόντες
2435 1739 2571 1809 πρὸς
2602 1739 2699 1810 τὴν
2730 1740 3009 1797 ἀσέϐειαν.
3040 1740 3136 1794 Διὸ
3181 1741 3276 1793 ἐπὶ
3304 1741 3403 1794 ἕνα
3439 1743 3535 1811 μὲν
3566 1745 3742 1795 ὲνιαυο

2166 1828 2258 1882 τὸν
2289 1829 2655 1899 ἁκροὰσονται
2676 1832 2786 1883 τῶν
2809 1830 2969 1887 θείων
3003 1831 3238 1902 Γραφῶν
3270 1833 3327 1884 ἑν
3376 1831 3451 1902 τῷ
3483 1832 3733 1903 νάρθηκι,

2169 1921 2263 1974 καὶ
2307 1925 2448 1991 μετὰ
2472 1922 2632 1977 τοῦτο
2660 1923 2753 1977 ἐπὶ
2787 1924 3031 1995 τριετίαν
3061 1924 3402 1988 ὑπο-πέσωσι,
3460 1926 3733 1978 τουτέστιν

2167 2015 2628 2087 ὲκκλησιάσουσιν
2673 2016 2850 2070 ὀπίσω
2879 2016 2976 2070 τοῦ
3006 2016 3264 2086 ἇμδωνος
3304 2018 3594 2086 ἱστάμενοι,
3631 2018 3731 2086 μέ-

2167 2125 2261 2179 χρι
2294 2109 2394 2179 τῆς
2430 2109 2540 2161 τῶν
2575 2109 3005 2180 κατηχουμένων
3032 2108 3395 2175 ἑξελεύσεως·
3430 2110 3731 2179 τηνικαῦτα

2168 2202 2278 2272 γὰρ
2327 2200 2420 2255 καὶ
2443 2201 2598 2255 αὐτοὶ
2646 2201 2927 2268 ἐξέλθωσι.
2975 2201 3494 2272 Συμπληρωθὲντων
3532 2202 3587 2255 δὲ
3642 2203 3733 2255 καὶ

2166 2294 2377 2350 τούτων
2416 2294 2527 2349 τῶν
2563 2295 2735 2366 τριῶν
2773 2294 3061 2357 ἐνιαυτῶν,
3094 2294 3189 2348 ἐπὶ
3233 2295 3331 2366 ἔτη
3374 2293 3467 2348 δύο
3523 2312 3734 2364 συγκοι-

2167 2390 2472 2459 νωνήσουσι
2508 2389 2623 2452 τοῖς
2649 2388 2882 2453 πιστοῖς,
2914 2388 3008 2441 καὶ
3042 2386 3231 2441 ἔκτοτε
3284 2388 3363 2451 είς
3422 2389 3484 2441 τὸ
3542 2389 3734 2442 τέλειον

2169 2480 2387 2547 ἔλθωσι,
2412 2478 2689 2545 τουτέστι,
2713 2480 2809 2533 καὶ
2834 2482 2945 2531 τῶν
2971 2477 3131 2531 θείων
3165 2479 3529 2548 ἁγιασμάτων
3579 2496 3735 2547 μεταο

2167 2569 2432 2625 λάόωσιν.
2458 2571 2619 2624 Ὅσοι
2654 2570 2711 2625 δὲ
2735 2570 3073 2641 ἀπαγόμενοι
3091 2570 3188 2641 τὴν
3209 2570 3334 2638 βίαν
3362 2571 3730 2633 ἀπεκλαίοντο,

2169 2663 2264 2717 καὶ
2308 2661 2447 2733 μετὰ
2475 2662 2742 2732 πενθικῆς
2776 2662 3006 2731 ἐσθῆτος
3044 2662 3315 2716 ἀνέπεσον
3375 2663 3471 2717 καὶ
3520 2663 3733 2731 ἔφαγον,

2174 2753 2313 2825 μετὰ
2354 2754 2457 2823 τὴν
2490 2754 2738 2824 τριετίαν
2800 2753 2901 2824 τῆς
2934 2753 3309 2817 ὕποπτώσεως
3342 2755 3421 2818 είς
3455 2754 3733 2807 κοινωνίαν

2169 2848 2636 2917 ὲκκλησιαστικὴν
2664 2847 3049 2919 δεχθήσονταιο
3091 2847 3151 2899 οὐ
3187 2847 3375 2917 μέντοι
3416 2864 3479 2912 γε
3540 2847 3595 2899 δὲ
3648 2847 3735 2899 καὶ

2170 2940 2277 2994 τῶν
2306 2941 2466 2993 θείων
2524 2938 2884 3009 ἁγιασμάτων
2915 2938 3360 3008 ’ἁξιωθήσονται.
3419 2937 3588 2991 Τοῦτο
3634 2938 3734 3005 γάρ

482 3030 707 3099 suscipi.
770 3029 825 3084 Si
850 3037 1031 3083 autem
1065 3030 1699 3101 accubueruntquidem,
1744 3050 1851 3088 non
1877 3045 2057 3090 autem

2175 3036 2285 3089 ἐστι
2323 3034 2383 3087 τὸ
2402 3032 2656 3102 δεχθῆναι
2683 3030 2906 3094 τούτους
2944 3030 3115 3101 χωρίς
3166 3031 3507 3101 προσφορᾶς.
3572 3031 3629 3081 El
3682 3030 3736 3082 δὲ

482 3122 860 3183 comederunt,
909 3120 1130 3175 biennio
1166 3120 1606 3189 substernentur,
1634 3134 1687 3179 et
1709 3126 1871 3180 tertio
1920 3140 2066 3183 anno

486 3227 592 3266 una
621 3226 742 3264 cum
784 3210 1124 3266 ﬁdelibusin
1151 3211 1382 3267 ecclesia
1425 3214 1584 3268 erunt
1607 3216 1728 3271 sine
1758 3216 2064 3273 oblatione:

484 3313 605 3369 post
634 3303 752 3371 ejus
795 3305 939 3356 enim
981 3302 1192 3371 lapsum
1240 3312 1401 3358 erunt
1429 3305 1624 3361 divinae
1661 3309 2067 3365 communionis

486 3394 795 3462 participes.
861 3392 989 3448 llaec
1046 3402 1226 3448 autem
1276 3397 1457 3450 omnia
1522 3397 1816 3467 episcopali
1855 3399 2067 3469 judicio

485 3487 673 3539 Patres
704 3485 995 3554 reliquere,
1046 3495 1105 3541 ut
1143 3486 1300 3554 juxta
1350 3488 1469 3558 ejus
1500 3489 1591 3558 qui
1626 3489 1869 3559 peccavit
1904 3489 2070 3563 373

483 3577 956 3635 conuersationem
986 3588 1041 3633 et
1069 3579 1398 3644 socordiam,
1430 3581 1511 3633 vel
1542 3591 2065 3655 augeanturpmnaz,

482 3670 567 3723 γει
598 3667 1000 3724 diminuautur.
1085 3670 1444 3725 Exatninatur
1492 3680 1672 3725 autem
1708 3672 1873 3726 etiam
1920 3674 2069 3743 prior

484 3772 675 3811 corum
728 3759 1097 3825 conversatio,
1149 3768 1208 3814 ut
1244 3761 1326 3814 vel
1362 3761 1758 3816 humanitatem
1796 3764 1879 3818 vel
1910 3779 2068 3821 seve-

486 3850 702 3902 ritatem
736 3861 1166 3920 (onscquantur.
1228 3850 1519 3921 [legaverit
1556 3862 1737 3909 autem
1772 3856 2067 3926 quispiam,

486 3943 553 3996 Et
603 3957 699 3997 cur
744 3942 927 3997 clerici
963 3942 1182 4012 quidem
1216 3944 1295 3998 vel
1332 3945 1453 3999 laici
1492 3947 1655 4001 tertio
1684 3961 1897 4005 canone
1930 3949 2070 4005 indi-

485 4031 613 4095 cati,
649 4028 741 4101 qui
778 4032 860 4084 vel
894 4032 1021 4089 tltus
1056 4033 1139 4087 vel
1172 4034 1531 4107 idolotltytttm
1579 4037 1629 4091 vi
1687 4049 2067 4111 susceperunt,

486 4137 592 4176 non
627 4123 952 4193 puniuntur,
1014 4134 1073 4178 ut
1116 4126 1207 4195 qui
1245 4143 1351 4183 non
1383 4128 1712 4197 erraverint,
1764 4132 1858 4186 sed
1907 4134 2067 4189 etiam

486 4214 553 4268 ad
589 4214 791 4285 gradus
817 4214 1226 4273 ecclasiasticos
1264 4229 1687 4289 promoventur;
1740 4225 1832 4293 qui
1888 4235 2068 4282 autem

490 4307 543 4358 in
573 4306 750 4373 quinti
777 4306 1007 4361 canonis
1044 4307 1148 4361 line
1185 4309 1551 4373 continentur,
1606 4322 1657 4366 et
1700 4313 1751 4366 vi
1800 4316 2069 4371 accubue-

2166 3125 2435 3181 ἀνέπεσον
2472 3122 2593 3190 μὲν,
2624 3122 2723 3175 οὐκ
2753 3120 2955 3191 ἔφαγον
2987 3120 3065 3185 δὲ,
3105 3119 3199 3173 ἐπὶ
3229 3119 3434 3174 διετίαν
3461 3120 3737 3173 ὑποπεπω-

2169 3235 2248 3285 σι,
2276 3217 2370 3271 καὶ
2397 3218 2479 3279 είς
2506 3214 2599 3267 τὸν
2630 3212 2814 3282 τρίτον
2852 3212 3047 3282 χρόνον
3080 3211 3610 3280 συνεκκλησιάσουσι
3631 3214 3735 3274 τοῖς

2170 3310 2385 3371 πιστοῖς
2414 3307 2583 3379 χωρὶς
2636 3307 2988 3375 προσφορᾶς·
3025 3304 3165 3371 μετὰ
3199 3302 3309 3374 γὰρ
3344 3304 3445 3373 τὴν
3472 3304 3737 3372 παραδρο-

2172 3402 2280 3471 μὴν
2309 3402 2403 3454 καὶ
2430 3398 2623 3452 τούτου
2654 3396 2750 3467 τῆς
2774 3395 2927 3459 θείας
2950 3394 3307 3465 μεταλήψεως
3330 3394 3717 3463 ἀξιωθήσονται

2169 3493 2356 3548 Ταῦτα
2383 3492 2442 3545 δὲ
2470 3492 2650 3545 πάντα
2680 3491 2761 3553 είς
2801 3489 2901 3559 τὴν
2941 3488 3309 3556 ὲπισκοπικὴν
3340 3486 3614 3557 διάκρισιν
3646 3489 3736 3539 civ-

2165 3585 2353 3641 έθεντο
2383 3585 2430 3637 οἱ
2457 3582 2725 3653 Πατέρες,
2763 3580 2839 3644 ὡς
2870 3579 2937 3634 ἂν
2978 3579 3117 3649 πρὸς
3152 3578 3251 3649 τὴν
3280 3580 3619 3649 ἐπιστροφὴν
3652 3577 3738 3631 τοῦ

2170 3675 2550 3748 ἡμαρτηκότος
2581 3675 2675 3726 καὶ
2702 3671 2800 3742 τὴν
2844 3670 3123 3742 ῥᾳθυμίαν
3169 3671 3201 3740 ἢ
3271 3668 3737 3739 προστεθήσονται

2170 3768 2238 3823 τὰ
2259 3767 2534 3837 ἐπιτίμια,
2593 3765 2628 3835 ἦ
2687 3766 3115 3833 ἑκκοπήσονται.
3181 3762 3529 3828 Ἑξετάζεται
3563 3763 3621 3815 δὲ
3653 3763 3742 3813 καὶ

2169 3862 2202 3931 ἡ
2236 3859 2479 3930 προτέρα
2520 3856 2725 3910 τούτων
2764 3854 3083 3926 ἀναστροφὴ
3118 3854 3204 3907 ἵνα
3261 3854 3293 3924 ἢ
3334 3853 3743 3924 φιλανθρωπίας

2172 3950 2205 4020 ἢ
2236 3949 2541 4019 αὐστηρίας
2561 3947 2819 4017 τύχωσιν.
2872 3946 3172 4017 Ἐρωτήσει
3202 3944 3259 3998 δέ
3289 3962 3395 4011 τις,
3420 3947 3534 3999 Καὶ
3571 3945 3658 3999 διὰ
3697 3946 3744 3996 τί

2170 4043 2219 4096 oi
2250 4042 2348 4112 μὲν
2378 4040 2454 4110 τῷ
2500 4046 2547 4109 γ’
2590 4038 2779 4093 κανόνι
2809 4036 3129 4108 δηλόύμενοι
3169 4037 3428 4107 κληρικοὶ
3473 4039 3507 4107 ἢ
3574 4036 3745 4093 hinc!

2173 4134 2316 4189 κατὰ
2353 4133 2476 4203 βίαν
2508 4132 2903 4202 ὑποδεξάμενοι
2954 4128 3231 4202 λίϐανονῆ
3268 4130 3629 4184 εἰδωλόθυτον
3657 4132 3747 4183 οὐκ

2173 4226 2556 4297 ὲπιτιμῶνται,
2589 4224 2664 4288 ὡς
2698 4224 2773 4294 μὴ
2806 4223 3155 4287 ἐπταικότες,
3204 4221 3343 4275 ἀλλὰ
3370 4223 3465 4274 καὶ
3493 4225 3581 4285 είς
3623 4222 3745 4293 βαθ-

2176 4321 2310 4390 μοὺς
2334 4317 2828 4387 ἐκκλησιαστικοὺς
2877 4315 3323 4386 ’προκόπτουσιν⁸
3375 4316 3426 4368 οἱ
3468 4316 3527 4369 δὲ
3583 4317 3643 4367 ὲν
3678 4314 3748 4384 τῷ

495 4404 641 4463 runt,
688 4398 1012 4465 puniuntur,
1071 4408 1129 4453 ut
1165 4398 1255 4467 qui
1289 4401 1588 4469 peccarint,
1626 4403 1787 4474 idque
1812 4422 1937 4463 cum
1990 4410 2065 4464 la-

2175 4412 2315 4466 τέλει
2348 4409 2442 4464 τοῦ
2488 4409 2529 4461 ε’
2569 4408 2795 4470 κανόνος
2824 4407 3243 4479 περιεχόμενοι,
3297 4407 3393 4462 καὶ
3441 4408 3594 4461 κατὰ
3637 4408 3749 4478 βίαν

495 4501 713 4556 erymas
750 4488 1064 4552 funderent,
1105 4496 1158 4541 et
1189 4502 1286 4542 nec
1319 4488 1615 4563 idolotbyta
1637 4495 1853 4563 quidem
1885 4507 2068 4566 gusta-

484 4576 719 4630 :vetint?
782 4576 1017 4631 Salutio.
1104 4576 1416 4656 Differentia
1465 4589 1547 4635 est
1598 4598 1808 4651 eorum,
1864 4588 1955 4655 qui
2014 4589 2064 4644 vi

493 4677 856 4736 susceperunt
890 4666 1029 4720 dona
1064 4668 1314 4740 profana,
1344 4677 1396 4725 et
1422 4685 1484 4725 cx
1522 4671 1664 4728 lacte
1688 4678 1910 4747 proprio
1931 4678 2067 4735 nihil

2176 4500 2564 4564 ἁναπεσόντες,
2625 4498 3009 4567 ὲπιτιμῶνται,
3060 4496 3137 4560 ὡς
3190 4496 3608 4566 ἡμαρτηκότες,
3664 4497 3752 4551 καὶ.

2174 4592 2346 4646 ταῦτα
2368 4589 2860 4663 δακρυρῤοοῦντες,
2920 4589 3015 4643 καὶ
3062 4589 3200 4659 μηδὲ
3252 4589 3592 4657 γευσάμενοι
3652 4589 3754 4641 τῶν

2176 4682 2581 4749 είδωλοθύτωνς
2618 4683 2830 4749 Λύσις.
2872 4681 3116 4752 Διαφορά
3140 4683 3258 4735 ἔστι
3284 4681 3392 4735 τῶν
3427 4682 3582 4737 κατὰ
3638 4683 3755 4753 βίαν

1718 4790 1906 4852 Guill.
1953 4793 2277 4872 Deveregii
2320 4799 2515 4855 notae.

570 4911 693 4986 (⁸75)Δ
737 4908 1067 4986 -Ενιαυτὸν
1098 4908 1452 4986 ἀκροᾶσθαι.
1497 4911 1624 4968 [hcc
1654 4915 1898 4986 synodus
1941 4932 2073 4972 con-

497 4994 647 5039 creta
673 4981 779 5054 [uit
807 4995 1001 5054 eorum
1031 4995 1221 5054 causa,
1249 4982 1343 5049 qui
1362 4997 1648 5054 grassante
1686 4981 2073 5054 persecutione

498 5054 631 5121 lapsi
674 5051 915 5121 fuerant.
950 5049 1102 5115 Quod
1136 5051 1297 5121 etiam
1325 5052 1392 5121 ab
1420 5064 1643 5107 auctore
1678 5049 2072 5115 nomocanonis

497 5120 715 5177 Arabici
770 5120 823 5174 in
860 5120 1183 5174 bibliotheca
1234 5120 1527 5174 Bodleiana
1591 5122 1936 5179 observatum
1986 5139 2074 5183 est

498 5192 591 5259 qui
625 5194 692 5245 de
722 5192 975 5259 praesenti
1001 5192 1210 5258 synodo
1232 5192 1346 5259 ait:
1385 5191 1613 5255 Quintus
1638 5202 1715 5246 est
1750 5192 1879 5248 liber
1910 5212 2070 5251 cano-

498 5257 623 5313 num
653 5257 810 5329 primi
848 5257 1079 5323 concilii,
1102 5257 1240 5326 quod
1267 5270 1384 5326 post
1418 5263 1679 5329 apostolos
1730 5277 2069 5320 convocalum

497 5340 575 5381 est
602 5333 653 5382 in
689 5329 813 5382 urbe
843 5332 1053 5397 Ancyra
1080 5331 1143 5379 de
1174 5331 1382 5397 regione
1424 5329 1690 5398 Galatiw;
1724 5342 1774 5386 et
1817 5351 2065 5389 numerus

498 5399 612 5466 ejus
652 5409 761 5473 erat
784 5399 1058 5473 duodecim
1084 5398 1334 5473 episcopi,
1370 5400 1462 5473 qui
1506 5417 1685 5454 eorum
1723 5418 1889 5457 causa
1940 5420 2067 5458 con-

500 5469 980 5543 gregati_sunt,i/ui
1006 5476 1234 5535 tempore
1269 5470 1469 5520 timoris
1502 5486 1595 5538 per
1652 5474 1801 5527 varia
1835 5477 2063 5543 negandi

501 5553 691 5612 genera
713 5538 853 5612 lapsi
880 5542 1130 5612 μιαν-(ιρις
1162 5547 1209 5590 et
1238 5552 1587 5612 numeranlnr
1606 5542 1654 5594 ei
1683 5546 1737 5595 in
1771 5538 2063 5612 exeniplari

503 5603 725 5681 Coptica
750 5606 935 5681 viginli
958 5607 1184 5681 quinque
1208 5623 1456 5681 canones.
1501 5609 1641 5665 Hinc
1676 5612 1844 5681 igitur
1882 5603 2065 5669 evenit

506 5683 563 5733 ut
598 5674 748 5742 juxta
797 5676 975 5731 varios
1031 5674 1242 5742 madas,
1279 5678 1476 5748 quibus
1516 5681 1646 5745 lapsi
1698 5674 1846 5750 sunt,
1914 5685 2062 5738 varia

2182 4920 2346 4973 ctiam
2375 4914 2747 4972 ecclesiastica
2778 4912 3144 4985 suppliciaab
3168 4912 3234 4968 iis
3270 4928 3300 4967 a
3370 4915 3638 4981 praesenti
3674 4931 3757 4985 sy-

2182 4988 2329 5042 nodo
2355 4991 2648 5058 esigantur
2690 5002 2702 5037 :
2735 4994 2826 5058 ut,
2854 4984 3091 5058 esempli
3132 4985 3331 5058 gratia,
3374 4986 3475 5037 hoc
3545 4984 3757 5038 canone

2178 5066 2401 5111 cantant
2438 5052 2542 5118 est,
2575 5054 2746 5122 utqui
2798 5054 3014 5107 laetiore
3067 5052 3255 5122 habitu
3290 5067 3680 5111 accesserunt.
3710 5064 3757 5107 ct

2182 5128 2354 5196 parati
2395 5121 2740 5180 etltnicorttm
2777 5122 2991 5196 prandii
3040 5121 3417 5196 indiderenter
3450 5126 3752 5193 participes

2180 5192 2424 5261 fuerunt,
2452 5211 2559 5248 uno
2592 5209 2738 5247 anno
2774 5193 3026 5254 audiant,
3066 5192 3245 5245 tribus
3300 5192 3748 5253 substernantur.

2178 5267 2394 5321 duobus
2433 5272 2615 5318 antetn
2648 5265 2700 5316 iu
2754 5263 3005 5316 oratione
3048 5261 3167 5316 sola
3207 5263 3659 5326 communicent,
3711 5274 3748 5315 et

2173 5337 2253 5390 sic
2280 5344 2467 5403 postea
2496 5336 2636 5387 inter
2656 5332 2931 5402 perfectos
2980 5331 3167 5403 litleles
3195 5342 3648 5403 recenseam)".
3706 5334 3747 5383 la

2171 5400 2293 5458 aliis
2326 5405 2631 5458 canonibus
2664 5400 2780 5456 haec
2832 5402 3102 5470 supplicia
3157 5400 3317 5455 aliter
3384 5401 3751 5461 deﬁniuntur.

2171 5475 2361 5546 Qualia
2392 5487 2461 5546 ea
2514 5473 2756 5546 luerunt.
2805 5485 2912 5546 non
2943 5485 3105 5546 __npus
3129 5478 3218 5546 est
3258 5472 3350 5546 hic
3380 5482 3751 5546 _repetam_ns2

2168 5538 2294 5597 cum
2328 5545 2395 5596 de
2429 5543 2497 5596 iis
2531 5544 2585 5595 in
2613 5538 3169 5612 annotationibusad
3196 5538 3560 5612 undecimum
3599 5538 3750 5612 primi

2169 5612 2492 5668 oecnmeniei
2544 5612 2762 5665 concilii
2797 5609 2989 5666 Nicaeae
3013 5608 3273 5667 celebrati
3323 5606 3615 5667 canoneai
3637 5606 3750 5666 lose

2169 5682 2516 5739 conuncntati
2546 5682 2832 5737 fuerimus.
