4014 6224
367 383 388 450 1
409 386 466 451 ιιι

356 505 776 573 ὑποδεξαμένων
816 506 882 558 τά
915 505 1116 576 βέϐηλα
1158 505 1328 572 δῶρα,
1370 509 1464 556 καὶ
1515 505 1680 574 μηδὲν
1725 505 1784 569 ἐξ
1841 506 1922 556 οί-
1951 502 2000 562 Δ

356 599 506 648 κείου
536 596 742 664 φάκτου
797 599 1155 664 ἐπταικότων,
1191 597 1286 650 καὶ
1315 597 1420 650 τῶν
1461 597 1566 650 ἀπὸ
1598 597 1718 666 βίας
1751 596 1919 665 ἐργα-

355 687 606 754 σαμένων
638 689 833 751 ἀσεϐές
857 707 931 750 τι,
961 691 1097 757 ὅπερ
1133 690 1248 742 ἐστὶ
1287 686 1348 740 τὸ
1401 687 1694 741 ἀναπεσεῖν
1723 688 1802 746 εἰς
1827 685 1918 739 τὸν

351 777 586 833 δεῖπνον.
615 777 926 832 Κάντεῦθεν
953 781 1147 832 ἐκεῖνοι
1193 778 1312 848 μὲν,
1367 779 1442 841 ὼς
1486 778 1559 847 μὴ
1618 776 1910 845 διαπραξάο

356 877 503 935 μενοι
531 883 584 922 τι
613 870 782 922 κακὸν
815 870 988 940 (παρά
1020 869 1194 923 ἄλλων
1225 871 1334 939 γὰρ
1358 871 1438 930 εἰς
1463 868 1522 920 τὺ
1554 867 1727 935 στόμα
1765 868 1797 937 ἢ
1835 869 1916 927 εἰς

349 960 446 1021 τὰς
482 962 668 1030 χεῖρας
695 961 873 1013 αὐτῶν
930 961 1191 1030 ἐνεϐλήθη
1258 962 1318 1013 τὸ
1365 957 1757 1025 εἰδωλόθυτον),
1815 959 1915 1010 ούκ

351 1052 715 1120 ἐπιτιμῶνται
734 1066 752 1084 ⁸
788 1045 934 1106 οὗτοι
963 1053 1017 1104 δὲ
1045 1093 1058 1116 ,
1081 1048 1156 1115 ὼς
1187 1053 1444 1105 ἀσέϐειαν
1479 1049 1916 1121 πλημμελήσαν-

347 1157 437 1201 τες
475 1140 613 1208 μετά
674 1142 876 1193 οἰκείου
941 1142 1171 1208 φάκτου,
1226 1141 1468 1212 δηλονότι
1523 1140 1910 1204 ἀναπεσόντες,

348 1229 734 1298 ἐπιτιμῶνται.
767 1228 954 1284 Ταῦτα
991 1233 1045 1285 δὲ
1084 1235 1380 1286 ἐθέσπισαν
1436 1231 1743 1292 ἀκολούθως
1801 1234 1915 1294 τοῖς

348 1317 452 1372 ὑπδ
473 1323 638 1387 νόμον
673 1320 1014 1391 διορισθεῖσι.
1045 1325 1182 1392 Φησὶ
1227 1325 1334 1394 γὰρ
1369 1325 1425 1376 ἐν
1461 1323 1649 1393 βιϐλίῳ
1703 1323 1914 1392 δεκάτῳ

347 1412 454 1461 τῶν
490 1408 787 1465 Βισιλικῶν
819 1414 981 1484 τίτλῳ
1017 1415 1086 1478 α’,
1125 1415 1198 1478 ὡς
1219 1416 1278 1466 τδ
1311 1415 1408 1482 μὲν
1434 1415 1573 1468 κατὰ
1599 1417 1718 1485 βίαν
1752 1417 1913 1483 ἀφαιο

351 1501 507 1569 ρεθὲν
546 1503 654 1555 ἀπό
684 1521 828 1564 τινος
857 1505 1007 1572 μένει
1048 1504 1208 1557 πάλιν
1238 1505 1667 1574 τῆςδετποτείας
1696 1503 1908 1567 τούτου,

346 1593 441 1642 καὶ
467 1592 723 1644 οὐδέποτε
767 1595 895 1664 παρ’
928 1595 1256 1662 οίουδήτινος
1289 1595 1614 1660 δεσπόζεται
1649 1597 1786 1650 κατὰ
1821 1595 1912 1648 τὸν

344 1685 510 1747 νόμον
535 1683 626 1732 τδν
657 1681 880 1749 λέγοντα
904 1697 917 1711 ·
949 1685 1028 1735 Τἀ
1062 1683 1331 1752 φούρτιϐα
1386 1685 1481 1736 καὶ
1529 1684 1598 1736 τὰ
1649 1684 1914 1753 βιπόσεσα

344 1771 597 1824 οὐδέποτε
625 1761 1199 1840 ούσουκαπιτεύονται,
1232 1773 1352 1845 ἦτοι
1415 1775 1476 1827 οὗ
1536 1773 1908 1839 δεσπόζονται.

346 1865 418 1916 Τὸ
447 1865 501 1916 δὲ
539 1865 676 1917 κατὰ
706 1866 868 1933 φόϐον
905 1867 1060 1918 δοθὲν
1083 1866 1219 1937 πρός
1258 1882 1378 1920 τινα
1441 1869 1592 1938 πτιρά
1621 1885 1787 1932 τινος,
1823 1869 1915 1920 ού·

345 1955 797 2008 σουκαπιτεύεται
827 1957 976 2025 παρά
999 1956 1091 2008 τοῦ
1151 1957 1286 2028 καλῇ
1325 1956 1502 2010 πίστει
1548 1958 1779 2025 νομέως,
1808 1957 1911 2010 κᾶν

342 2045 541 2100 ὕπεστι
571 2048 646 2117 τῷ
675 2048 822 2119 φόϐῳ
857 2051 948 2102 καὶ
979 2049 1103 2120 βίᾳ·
1149 2047 1414 2119 μετετέθη
1455 2049 1562 2119 γὰρ
1603 2049 1760 2102 τοῦτο
1821 2049 1910 2102 διὰ

341 2139 542 2190 οἰκείου
603 2141 811 2207 φάκτου
865 2141 960 2193 τοῦ
1022 2140 1254 2210 ἀληθοῦς
1302 2141 1586 2194 δεσπότου.
1653 2141 1908 2205 Εύλόγως

341 2229 570 2283 τείν)νὸ
603 2230 766 2298 μηδὲν
811 2232 1114 2302 ἐνεργήσας
1155 2231 1350 2293 ἀσεϐὲς
1408 2231 1510 2284 οὐκ
1564 2232 1906 2301 ἐπιτιμᾶται,

342 2318 532 2387 ὥσπερ
571 2321 1007 2388 συγγινώσκεται
1038 2323 1131 2378 καὶ
1168 2327 1196 2376 ό
1235 2325 1377 2377 κατὰ
1415 2324 1538 2394 βίαν
1588 2325 1910 2393 ἀφαιρεθεὶς

341 2412 402 2460 τὸ
445 2413 664 2473 οἰκεῖον,
725 2414 818 2465 καὶ
879 2415 1228 2468 ἀνακαλεῖται
1287 2415 1420 2467 αὐτὸ
1451 2415 1612 2484 μέχρι
1657 2431 1912 2484 τριακον-

338 2503 598 2566 ταετίαςδ
639 2504 668 2556 ό
701 2501 757 2557 δὲ
822 2506 1196 2575 ἐργασάμενός
1234 2523 1288 2557 τι
1335 2506 1554 2570 ἀσεϐὲς,
1590 2506 1666 2565 ὡς
1709 2507 1737 2558 6
1775 2507 1908 2559 ἀνα-

343 2593 524 2646 πεσὼν
559 2596 700 2648 κατά
732 2597 853 2666 βίαν
882 2597 975 2650 ἐπὶ
993 2598 1085 2649 τὸν
1120 2597 1348 2667 βέϐηλον
1383 2598 1618 2661 δεῖπνον,
1649 2599 1909 2666 ἐπιτιμᾶ-

1511 391 1590 448 lN
1620 388 1788 452 CAN.
1829 389 1904 450 IV
1929 385 2138 446 CONC.
2175 387 2439 448 ANCYR.

2025 503 2390 571 deliquerunt,
2429 511 2482 557 et
2513 517 2723 562 eorum.
2762 501 2854 571 qui
2887 499 3088 570 aliquid
3113 499 3335 570 impium
3369 503 3416 556 vi
3450 501 3594 559 fece-

2023 604 2184 657 runt;
2219 594 2525 662 etijusmodi
2559 592 2808 648 videlicet
2840 602 2916 647 est
2949 593 3016 646 ad
3050 593 3332 661 prandium
3367 607 3590 648 accum-

2020 683 2167 737 bere.
2252 683 2401 738 Unde
2438 685 2510 738 illi
2545 685 2786 754 quidem,
2822 684 2996 753 utqui
3036 684 3162 737 mali
3199 684 3326 738 nihil
3364 683 3590 743 fecerint

2021 776 2109 842 (ab
2137 774 2257 827 aliis
2286 776 2427 828 enim
2455 776 2506 828 in
2545 790 2606 828 os
2639 776 2721 828 Vel
2757 774 2809 828 in
2846 790 3040 829 manus
3064 775 3305 844 ipsorum
3327 775 3586 845 injectum

2018 875 2100 918 est
2132 866 2666 936 idolothytum),non
2703 867 3040 935 puniuntur;
3081 867 3130 919 hi
3162 875 3363 932 autem,
3401 877 3458 920 ut
3492 869 3582 936 qui

2019 957 2238 1026 proprio
2267 956 2409 1010 facto
2443 971 2718 1026 peccatum
2753 958 3108 1021 admiserunt,
3165 958 3418 1011 nimirum
3452 959 3587 1025 lapsi

2019 1057 2167 1104 sunt.
2225 1046 2547 1114 puniuntur.
2637 1045 2760 1100 I-Iasc
2810 1053 2988 1100 autem
3047 1057 3450 1116 consequenter
3501 1049 3588 1109 iis.

2019 1151 2141 1204 qua-
2195 1152 2223 1190 a
2277 1137 2489 1206 legibus
2527 1145 2725 1191 statuta
2778 1145 2906 1191 sunt
2954 1137 3304 1192 deﬁnierunt.
3384 1139 3590 1194 Dicitur

2015 1229 2161 1284 enim
2211 1229 2263 1282 in
2309 1229 2403 1282 lib.
2457 1244 2483 1280 κ
2542 1227 2708 1282 Basil.
2759 1235 2844 1280 tit.
2883 1227 2949 1290 1,
3002 1228 3148 1296 quod
3199 1229 3283 1294 id,
3337 1231 3482 1298 quod
3522 1233 3589 1285 ab

2015 1319 2199 1388 aliquo
2231 1320 2449 1390 quidem
2484 1319 2530 1370 vi
2564 1319 2803 1374 ablatum
2855 1328 2957 1381 est,
3009 1334 3203 1373 rursus
3246 1332 3423 1374 manet
3470 1322 3588 1390 ejus

2015 1410 2264 1476 dominii,
2318 1426 2418 1465 nec
2473 1410 2636 1464 ullius
2674 1424 2911 1476 unquam
2971 1409 3211 1463 dominio
3244 1419 3478 1474 tenetur,
3528 1422 3586 1467 ut

2014 1504 2128 1556 vult
2160 1509 2242 1557 lex
2279 1518 2398 1574 qua:
2425 1502 2587 1557 dicit:
2623 1501 2842 1556 Furtiva
2868 1511 2920 1556 et
2953 1501 2998 1554 vi
3032 1517 3281 1571 possessa
3309 1516 3581 1571 nunquam

2017 1611 2116 1647 usu
2141 1595 2454 1663 capiuntur,
2483 1595 2596 1649 sive
2617 1593 2859 1648 dominio
2891 1601 3178 1648 tenentur:
3214 1593 3359 1662 quod
3400 1602 3579 1647 autem

2016 1685 2177 1739 alicui
2227 1685 2296 1739 ab
2348 1685 2530 1754 aliquo
2581 1695 2726 1739 metu
2779 1686 2962 1740 datum
3013 1695 3118 1750 est,
3176 1699 3204 1739 a
3257 1685 3412 1738 bona:
3461 1685 3582 1738 ﬁdei

2017 1789 2335 1844 possessore
2369 1790 2468 1830 usu
2501 1776 2735 1839 capitur,
2786 1775 2999 1828 etiamsi
3038 1775 3202 1828 metui
3254 1789 3468 1843 quoque
3500 1777 3581 1829 vis

2014 1867 2173 1921 insit:
2209 1865 2320 1920 veri
2348 1865 2493 1920 enim
2524 1865 2726 1919 doinini
2757 1866 2980 1934 proprio
3009 1867 3154 1920 facto
3188 1867 3446 1920 lranslata
3475 1880 3580 1922 est.

2011 1957 2141 2011 Jure
2175 1973 2347 2026 ergo;
2379 1957 2472 2024 qui
2509 1955 2644 2010 nihil
2693 1955 2916 2024 impium
2967 1954 3117 2020 fecit,
3173 1971 3281 2011 non
3319 1959 3580 2027 punitur;

2011 2046 2468 2118 quemadmodum
2492 2054 2544 2100 et
2563 2047 2610 2101 ei
2637 2045 2958 2115 ignoscitur,
2985 2045 3070 2100 cui
3094 2046 3145 2099 vi
3167 2061 3325 2101 sumn
3345 2046 3581 2100 ablatum

2009 2148 2114 2203 est,
2169 2139 2214 2194 si
2260 2138 2314 2192 id
2360 2139 2428 2192 ad
2461 2139 2682 2208 triginta
2715 2153 2893 2195 annos
2930 2153 3102 2208 usque
3151 2147 3389 2193 revocat.
3476 2137 3579 2205 Qui

2011 2239 2192 2285 autem
2211 2229 2652 2299 aliquidimpium
2675 2229 2823 2294 fecit,
2849 2230 3012 2298 utqui
3033 2229 3086 2283 in
3110 2230 3340 2300 profano
3355 2229 3583 2299 prandio

2010 2322 2061 2375 vi
2093 2320 2368 2386 accubuit,
2401 2322 2659 2391 punitur;
2715 2320 3172 2389 quemadmodum
3208 2322 3256 2375 ei
3291 2336 3400 2374 non
3427 2320 3580 2389 igno-

2009 2414 2202 2477 scitur,
2259 2413 2351 2482 qnl
2391 2413 2603 2482 propria
2638 2427 2823 2472 manu,
2879 2413 3024 2482 quod
3075 2427 3233 2467 suum
3266 2423 3368 2474 est,
3414 2413 3578 2466 alicui

2012 2512 2156 2559 metu
2193 2503 2435 2558 tradidit.
2500 2503 2636 2558 Post
2663 2501 2983 2558 decennium
3014 2504 3158 2557 enim
3194 2502 3432 2573 perdidit
3461 2502 3581 2570 ejus

2009 2595 2338 2650 dominium.

339 2702 450 2744 ται.
495 2686 673 2749 καθὼς
723 2688 782 2739 οὐ
850 2690 1281 2755 συγγινώσκεται
1309 2689 1403 2741 καὶ⁵
1457 2689 1486 2740 ό
1539 2687 1682 2742 κατά
1735 2688 1897 2756 φόϐον
1917 2686 2290 2758 οίκειοχείρως
2333 2686 2608 2758 παραδοὺς
2679 2685 2818 2757 πρός
2856 2698 2982 2738 τινα
3028 2683 3088 2736 τὸ
3137 2684 3355 2738 οἰκεῖον.
3421 2682 3578 2736 Μετά

340 2780 447 2847 γὰρ
479 2779 760 2832 δεκαετίαν
791 2781 1051 2834 ἀπόλλυσι
1098 2781 1197 2852 τὴν
1227 2781 1545 2838 δεσποτείαν
1596 2782 1786 2838 αὐτοῦ.

411 2873 655 2926 ΖΩΝΑΡ.
695 2874 872 2937 Ὅσοι,
907 2876 1073 2944 φησὶν
1104 2878 1130 2926 ό
1162 2874 1367 2939 κανὼν,
1408 2870 1740 2944 ’βιασθέντες
1780 2878 1901 2930 ἔθυ-

342 2980 461 3021 σαν,
489 2963 521 3032 ἦ
551 2966 640 3015 καὶ
672 2967 731 3016 ὲν
771 2969 883 3027 τοῖς
918 2965 1155 3025 εἰδώλοις
1194 2968 1514 3038 ἐδείπνησαν
1539 2971 1902 3040 μετασχόντες

339 3052 447 3104 τῶν
473 3053 866 3120 εἰδωλοθύτων,
889 3055 1093 3108 τούτων
1116 3057 1216 3125 τὴν
1249 3057 1486 3110 διάθεσιν
1519 3057 1624 3128 χρὴ
1653 3061 1897 3126 σκοπεῖν,

339 3146 435 3196 καὶ
475 3148 607 3213 πρὸς
631 3145 844 3214 ἐκείνην
881 3147 1086 3199 τυποῦν
1134 3148 1319 3209 αὐτοῖς
1363 3149 1455 3199 καὶ
1499 3149 1570 3200 τὰ
1629 3148 1896 3219 ἐπιτίμια.

341 3234 403 3285 Εἰ
443 3234 541 3302 μὲν
561 3235 669 3304 γὰρ
696 3235 1031 3305 ἀπαγόμενοι
1065 3235 1200 3305 πρός
1230 3235 1290 3290 τὸ
1335 3234 1494 3292 θῦσαι
1529 3236 1561 3310 ἢ
1589 3238 1896 3308 δειπνῆσαι,

338 3327 432 3375 καὶ
476 3325 660 3393 σχῆμα
684 3327 908 3394 φαιδρὸν
946 3327 1343 3392 ἐπεδείκνυντο,
1404 3330 1499 3382 καὶ
1543 3332 1727 3400 ἐσθῆτι
1760 3332 1899 3403 λαμ-

338 3417 450 3485 πεᾷ
491 3418 804 3488 ἐκόσμησαν
835 3419 1084 3482 ἑαυτοὺς,
1110 3422 1202 3472 καὶ
1240 3420 1350 3472 τῶν
1372 3421 1739 3475 εἰδωλοθύτων
1769 3440 1898 3494 μετ-

341 3507 498 3574 έσχον
541 3508 883 3576 ἀδιαφόρως,
939 3511 1184 3562 τουτέστι
1234 3511 1308 3579 μὴ
1367 3511 1754 3582 διαφερόμενοι
1804 3517 1899 3568 καὶ

333 3602 653 3670 δακνόμενοι
679 3597 752 3664 ὡς
785 3601 1173 3671 μιμιασμένων
1221 3603 1525 3671 γευόμενοι,
1555 3605 1673 3657 ἀλλ’
1727 3605 1900 3674 ἐμφο-

340 3691 593 3759 ρίύμενοι
629 3691 857 3755 τούτων,
913 3691 988 3754 ὠς
1049 3693 1098 3744 εἰ
1158 3689 1298 3762 ἦσαν
1351 3694 1620 3763 ἀμίαντα*
1676 3697 1902 3761 τούτους

337 3779 584 3832 ἐνιαυτὸν
635 3780 735 3850 μὲν
784 3782 1088 3852 ἀκροᾶσθαι
1137 3783 1370 3849 κελεύει,
1428 3787 1486 3837 ἐν
1543 3784 1622 3855 τῷ
1668 3785 1902 3857 νάρθηκι

335 3875 685 3942 ἱσταμένους,
730 3875 824 3926 καὶ
866 3874 1159 3939 ἀκούοντας
1203 3875 1312 3928 τῶν
1351 3876 1609 3945 Γραφῶν,
1664 3877 1792 3947 τρία
1848 3879 1904 3933 δὲ

337 3965 429 4033 ἔτη
462 3965 788 4018 ὑποπίπτειν
817 3967 934 4034 ἦτοι
959 3965 1181 4018 ὄπισθεν
1207 3965 1301 4018 τοῦ
1335 3965 1585 4036 ἄμϐωνος
1623 3966 1901 4033 ἵστασθαι,

337 4058 432 4110 καὶ.
463 4057 599 4125 μετά
625 4056 731 4108 τῶν
772 4059 1194 4126 κατηχουμένων
1224 4057 1443 4122 ἐξιέναι,
1477 4058 1642 4127 εὐχῆς
1688 4058 1744 4111 δὲ
1802 4063 1900 4127 μό-

333 4163 433 4213 νης
477 4146 804 4214 κοινωνῆσαι
837 4147 930 4215 ἐτη
960 4147 1075 4212 δύο,
1107 4149 1242 4216 ὅπερ
1276 4149 1390 4200 ἐστὶ
1416 4147 1477 4200 τὸ
1501 4148 1664 4219 μέχρι
1713 4149 1900 4213 τέλους

335 4239 687 4290 συνίστασθαι
747 4241 840 4290 καὶ
901 4238 1260 4308 συνεύχεσθαι
1316 4243 1427 4303 τοῖς
1516 4243 1753 4306 πιστοῖς,
1805 4243 1898 4296 καὶ

337 4332 475 4398 μετὰ
496 4331 665 4384 ταῦτα
698 4331 873 4383 ἐλθεῖν
903 4333 992 4384 ἐπὶ
1020 4333 1080 4385 τὸ
1104 4332 1328 4396 τέλειον,
1367 4334 1505 4400 ὅπερ
1542 4333 1690 4386 ἐστὶν
1724 4333 1755 4403 ή
1787 4334 1896 4387 τῶν

328 4423 688 4488 ἁγιασμάτων
727 4423 1045 4491 μετάληψις.

329 4522 492 4579 atque
526 4514 593 4566 ita
630 4513 845 4566 demum
881 4527 1063 4582 postea
1095 4516 1158 4568 ad
1192 4516 1244 4570 id
1277 4518 1418 4586 quod
1446 4517 1745 4588 perlectum
1791 4529 1898 4587 est,

329 4601 618 4654 accedendi
652 4610 968 4668 potestatem
1003 4605 1150 4660 facit.

2075 2871 2326 2929 ZONAR.
2415 2871 2742 2940 Quicunque
2795 2870 2970 2926 coacti
3045 2869 3436 2936 immolavere,
3489 2869 3571 2922 vel

2003 2967 2170 3022 etiam
2208 2965 2262 3020 in
2297 2964 2455 3020 idolis
2492 2966 2881 3019 accumbentes
2931 2963 3227 3033 idolothyta
3262 2969 3572 3033 gustarunt.

2002 3073 2212 3122 eorum,
2270 3056 2445 3128 inquit
2482 3072 2680 3122 canon,
2737 3055 2904 3110 animi
2965 3055 3304 3110 aﬁ‘ectionem
3353 3053 3574 3114 intueri,

2006 3164 2212 3220 proque
2280 3149 2423 3203 illius
2485 3149 2700 3203 ratione
2772 3149 3040 3218 supplicia
3115 3147 3308 3202 iisdem
3379 3147 3572 3200 luenda

1920 3286 1968 3351 Ο
2006 3241 2276 3300 moderari
2299 3251 2534 3317 oportet.
2581 3240 2814 3306 Etenim,
2841 3242 2884 3298 si
2909 3242 3035 3297 dum
3060 3241 3124 3297 ad
3151 3237 3570 3297 sacriﬁcandum

1999 3337 2400 3407 epulandumve
2428 3337 2851 3398 abducerentur,
2884 3345 2936 3390 et
2968 3334 3150 3388 habitu
3179 3333 3334 3386 hilari
3387 3332 3569 3399 splen-

1999 3431 2318 3501 didioreque
2357 3431 2584 3486 vestium
2620 3439 2812 3484 ornatu
2836 3427 3009 3484 induti
3047 3428 3436 3486 incessere-.et
3467 3425 3570 3476 im-

2001 3522 2323 3577 molalorum
2356 3523 2562 3592 absque
2599 3522 2912 3579 diserimine
2937 3520 3224 3591 participes
3263 3516 3432 3578 fuere,
3467 3517 3568 3568 hoc

1999 3621 2083 3668 est
2113 3614 2334 3683 perinde
2368 3615 2524 3685 quasi
2568 3616 2704 3670 nihil
2737 3615 2806 3670 ab
2835 3613 2958 3670 aliis
3001 3612 3246 3668 ciborum
3278 3608 3570 3680 generibus

2000 3703 2301 3769 diﬁcrrcnt,
2339 3707 2412 3760 ita
2447 3716 2505 3761 ut
2534 3707 2692 3771 nihil,
2745 3704 2904 3776 quod
2949 3705 3168 3774 pollutis
3196 3707 3568 3760 vescerentur,

2005 3793 2284 3860 dolerent;
2313 3812 2498 3850 verum
2519 3797 2590 3853 iis
2610 3812 2753 3858 sese,
2785 3796 2937 3864 quasi
2967 3809 3074 3848 non
3103 3788 3343 3863 pollutis,
3364 3789 3566 3843 affatim

2005 3886 2441 3956 ingurgitarent:
2506 3902 2602 3942 eos
2651 3888 2816 3942 unius
2860 3886 2988 3940 anni
3043 3885 3220 3954 spatio
3269 3883 3458 3935 audire
3515 3880 3569 3932 in

2004 3978 2266 4033 narthece
2293 3988 2522 4042 stantes,
2571 3992 2961 4046 sacrarumque
2991 3975 3396 4044 Scripturarum
3433 3973 3571 4025 reci-

2006 4069 2198 4124 tationi
2234 4078 2505 4136 attentos,
2559 4070 2800 4125 triennio
2833 4082 2960 4122 vero
2996 4064 3296 4129 substerni,
3351 4064 3453 4115 hoc
3484 4070 3570 4114 est

2004 4167 2127 4226 post
2172 4159 2457 4214 ambonem
2508 4159 2834 4221 consistere,
2888 4165 2941 4212 et
2986 4171 3107 4210 cum
3163 4150 3568 4207 catechumeris

1997 4251 2178 4317 egredi
2200 4289 2216 4314 ,
2269 4249 2487 4304 biennio
2521 4265 2648 4317 vero
2683 4247 2975 4318 precationi
3009 4243 3383 4300 tantummodo
3416 4253 3567 4295 com-

1999 4340 2296 4404 municare,
2355 4342 2457 4394 hoc
2508 4352 2611 4404 est,
2659 4339 2727 4394 ad
2762 4341 2920 4394 linem
2957 4351 3130 4408 usque
3159 4351 3282 4392 cum
3313 4333 3561 4389 ﬁdelibus

1997 4433 2281 4499 interesse,
2338 4443 2393 4489 et
2422 4449 2545 4487 cum
2592 4434 2660 4489 iis
2694 4448 2799 4487 una
2834 4430 3128 4502 precationi
3159 4443 3349 4483 vacare
3374 4427 3561 4497 jubet;

1957 4537 2270 4581 sanctorum
2329 4528 2580 4582 videlicet
2659 4526 3040 4598 mysteriorum
3134 4522 3562 4593 perceptionem.

331 4691 550 4750 ΔΡΙΣΤ.
589 4695 775 4748 ι’Ὂσοι
813 4699 1151 4766 ἀπαγόμενοι
1188 4705 1324 4768 μετά
1357 4703 1624 4774 θυμηδίας
1659 4705 1890 4774 ἀνῆλθον

2003 4709 2219 4764 Αιιιετ.
2255 4730 2271 4761 ι
2298 4702 2569 4780 Quotquot
2600 4709 2818 4765 abducti
2845 4724 2965 4764 cum
2985 4707 3166 4764 laetitia
3196 4706 3561 4761 ascenderunt

406 4805 428 4837 ι
470 4786 563 4838 καὶ
596 4787 816 4854 ἔφαγον,
847 4787 938 4838 ἐπὶ
967 4789 1211 4854 ἑξαετίαν
1235 4790 1691 4846 ύποπιπτέτωσαν
1726 4815 1744 4846 ι

406 4875 565 4930 Ὅσοι
600 4876 757 4929 θῦσαι
787 4878 1140 4950 ἐϐιάσθησαν,
1177 4883 1210 4952 ἢ
1261 4883 1355 4935 καὶ
1380 4883 1669 4953 δειπνῆσαι
1717 4887 1774 4937 ἐν
1812 4886 1890 4956 τῷ

329 4967 607 5037 εἰδωλείῳ,
634 4968 730 5021 ἐὰν
757 4969 902 5039 μετά
929 4972 1086 5024 τοῦτο
1127 4973 1444 5038 ύπείξαντες
1481 4975 1618 5046 μετὰ
1678 4978 1891 5046 σχήμα-

327 5074 417 5121 τος
452 5059 811 5130 φαιδροτέρου
842 5063 1100 5130 ἀνῆλθον,
1130 5066 1224 5118 καί
1255 5066 1440 5134 ἐσθῆτι
1468 5068 1771 5139 ἐχρήσαντο
1796 5087 1888 5122 πο-

325 5150 705 5221 λυτελεστέρα,
738 5154 831 5206 καὶ
872 5154 966 5206 τοῦ
1003 5156 1220 5210 δείπνου
1252 5159 1534 5228 μετέσχον,
1582 5160 1613 5231 ἢ
1661 5160 1754 5213 καὶ
1786 5161 1888 5232 τὴν

325 5238 518 5292 θυσίαν
570 5245 937 5314 προσέφερον*
980 5241 1124 5301 οὗτοι
1175 5248 1268 5300 ἐπὶ
1317 5251 1561 5304 ἐνιαυτὸν
1605 5254 1744 5321 μετὰ
1779 5253 1887 5305 τῶν

323 5329 689 5400 ἀκροωμένων
719 5333 1103 5404 ταχθήσονται,
1165 5339 1256 5392 ἐπὶ
1295 5339 1349 5392 δὲ
1378 5339 1500 5408 τρία
1532 5340 1624 5408 ἐτη
1684 5341 1888 5393 ὑποπε-

323 5419 562 5486 σοῦνται,
588 5423 679 5474 καὶ
706 5424 789 5491 ἐφ’
816 5425 980 5496 ἕτερα
1015 5427 1106 5480 δύο
1135 5428 1229 5497 ἐτη
1259 5431 1394 5498 μετά
1425 5431 1532 5482 τῶν
1558 5430 1764 5483 πιστῶν
1787 5430 1887 5501 τὴν

324 5509 587 5563 σύστασιν
621 5512 886 5583 δέξονται,
919 5518 1015 5572 καὶ
1049 5519 1223 5588 μόνων
1246 5520 1355 5571 τῶν
1402 5519 1577 5589 εὐχῶν
1631 5523 1888 5588 κοινωνή-

321 5617 504 5654 σουσιο
552 5605 691 5673 μετὰ
736 5607 791 5658 δὲ
833 5607 931 5680 τὴν
975 5609 1227 5676 ἑξαετίαν
1275 5600 1476 5680 ταύτην
1523 5611 1623 5679 τῆς
1683 5611 1885 5664 τελειό-

319 5709 480 5760 τητος
520 5694 747 5766 τύχωσι,
797 5701 889 5752 καὶ
946 5701 1054 5754 τῶν
1105 5700 1266 5755 θείων
1317 5702 1678 5772 ἀγιασμάτων
1719 5702 1881 5769 μετά-

324 5799 513 5854 exact.

2072 4823 2090 4855 ι
2137 4813 2190 4856 et
2219 4804 2592 4870 comederunt,
2628 4819 2723 4859 sex
2753 4820 2924 4859 annos
2954 4819 3012 4859 se
3038 4803 3379 4857 submittant.
3414 4820 3432 4852 ι

2066 4893 2387 4963 Quicunque
2438 4895 2748 4950 sacriﬁcare
2786 4896 2870 4950 vel
2917 4896 2968 4948 in
3000 4895 3124 4948 idoli
3161 4894 3359 4960 templo
3398 4907 3560 4954 pran-

1995 4984 2124 5037 dere
2154 4985 2324 5037 coacti
2361 4992 2522 5050 sunt,
2575 4986 2620 5040 si
2658 4993 2844 5052 postea
2877 4986 3130 5040 cedentes
3161 4981 3343 5036 habitu
3375 4979 3562 5047 splen-

1993 5073 2191 5127 didiori
2221 5073 2561 5138 incedebant,
2594 5084 2688 5129 aut
2711 5079 2911 5130 amictu
2951 5075 3242 5127 utebantur
3270 5079 3557 5135 sllmptu0~

1992 5165 2143 5228 siori,
2178 5175 2230 5218 et
2261 5163 2474 5234 prandii
2515 5175 2719 5234 partem
2750 5165 3110 5232 accipiebant,
3141 5168 3192 5215 et
3227 5157 3553 5213 sacriﬁcium

1993 5259 2308 5322 oﬂerebant,
2343 5259 2395 5314 hi
2425 5275 2534 5313 uno
2564 5275 2706 5313 anno
2736 5260 2877 5313 inter
2909 5257 3194 5311 audientes
3219 5253 3559 5320 conStituen-

1993 5357 2096 5410 tur,
2130 5358 2240 5404 tres
2268 5358 2446 5404 autem
2481 5364 2653 5403 annos
2684 5350 3122 5410 substernentur,
3167 5355 3222 5400 et
3248 5344 3387 5400 duos
3417 5344 3554 5399 alios

1991 5454 2165 5493 annos
2197 5455 2301 5494 una
2330 5456 2452 5495 cum
2477 5440 2726 5494 ﬁdelibus
2757 5437 3007 5493 collocati
3038 5446 3218 5500 erunt,
3248 5444 3300 5492 et
3331 5450 3552 5506 precum

1983 5531 2228 5586 miarum
2285 5531 2804 5600 eruntparticipes:
2858 5537 2980 5597 post
3028 5543 3124 5584 sex
3179 5535 3359 5582 autem
3413 5527 3552 5581 istos

1989 5634 2162 5675 anuos
2209 5621 2556 5689 perfectionis
2601 5629 2880 5689 compotes
2932 5618 3080 5685 ﬁent,
3137 5628 3190 5676 et
3240 5619 3551 5674 divinorum

1988 5721 2451 5768 sacramentorum
2485 5712 2799 5781 participes.
