4014 6224
267 285 408 353 1153

341 421 360 454 ε
407 401 582 457 ἄλλων
639 403 1006 474 ἁρπαγείσαςν

333 512 353 545 ι
395 497 1032 567 προμνηστευσαμένοις,
1065 499 1113 552 εί
1177 501 1272 554 καὶ
1353 501 1474 572 βίαν
1537 503 1628 554 ὑπ’
1665 502 1846 556 αὐτῶν

341 607 359 640 t
400 590 649 644 πάθοιεν.
703 609 724 646 t

341 682 534 736 ΒΑΛΣ.
569 685 704 754 Περὶ
737 685 843 738 τῶν
871 685 1230 756 ἁρπαζόντων
1258 689 1427 758 κόρας
1491 687 1846 759 οίασδήτινας

263 775 329 827 τά
359 776 547 829 εἰκότα
568 777 837 849 διελήφθη
868 779 930 832 ὲν
955 779 1032 850 τῷ
1067 777 1110 832 λ’
1171 799 1297 849 κεφ.
1333 781 1428 834 τοῦ
1464 778 1508 834 θ’
1552 781 1731 834 τίτλου
1750 782 1841 835 τοῦ

263 866 532 935 παρόντος
567 870 974 938 συντάγματος,
1019 872 1115 924 καὶ
1143 873 1418 946 ἀνάγνωθι
1441 873 1600 926 τοῦτο
1625 889 1638 902 ·
1663 873 1845 927 ὡσαύ-

260 974 367 1020 τως
391 957 663 1027 ἀνάγνωθι
691 963 786 1014 καὶ
813 962 908 1014 τόν
933 964 1020 1033 ιβ’
1047 966 1244 1016 κανόνα
1267 967 1364 1034 τῆς
1397 965 1454 1016 ὲν
1482 968 1560 1034 τῷ
1587 966 1629 1017 Τ
1636 965 1844 1037 ρούλλῳ

263 1050 500 1112 συνόδου,
593 1053 689 1104 καὶ
747 1053 837 1105 τὸν
868 1053 952 1125 νη¹
976 1057 1095 1108 ὅλον
1155 1057 1332 1110 τίτλον
1375 1056 1471 1110 τοῦ
1525 1055 1566 1119 ξ’
1612 1057 1840 1126 βιϐλίου.

276 1142 520 1195 ’Λκούων
581 1145 637 1198 δὲ
701 1147 796 1198 τοῦ
833 1149 1057 1212 κανόνος
1083 1149 1340 1216 λέγοντος
1367 1149 1718 1203 ἀποδίδοσθαι
1746 1153 1845 1214 τὰς

262 1235 614 1304 ἁρπαγείσας
646 1238 759 1301 τοῖς
795 1243 1323 1311 μνηστευσαμένοις·
1359 1242 1434 1312 μὴ
1471 1243 1630 1321 εἴπῃς
1661 1245 1838 1311 άναγο

261 1326 523 1390 χάζεσθαι
593 1331 817 1394 τούτους
847 1332 1049 1396 ταύτας
1094 1333 1299 1397 λαϐεῖν,
1339 1334 1474 1386 ἀλλὰ
1524 1335 1699 1387 θέλειν
1750 1336 1845 1388 καὶ

264 1412 449 1487 ζητεῖν
471 1419 670 1480 αὐτοὺς
702 1421 895 1483 αὐτάς.
920 1422 1099 1475 Τοῦτο
1126 1425 1235 1492 γὰρ
1270 1425 1363 1475 καὶ
1391 1424 1485 1474 ἐπὶ
1513 1425 1844 1493 μοιχαλίδων

257 1512 533 1576 γυναικῶν
566 1515 782 1585 εἴρηται
808 1515 865 1566 ἐν
893 1514 1099 1584 βιϐλίου
1133 1523 1220 1587 κη’
1242 1517 1420 1570 τίτλου
1461 1516 1506 1580 ζ’
1538 1518 1734 1586 κεφαλ.
1772 1517 1841 1583 α’,

255 1601 395 1672 ὅπερ
431 1604 549 1657 ἐστὶ
582 1607 772 1676 Νεαρά
809 1607 1245 1670 Ἰουστινιάνειος
1285 1611 1405 1680 ριςκ
1459 1611 1520 1662 Εἰ
1575 1609 1631 1661 δὲ
1667 1610 1843 1672 θέλεις

254 1698 431 1747 εἰπεῖν
463 1699 556 1750 καὶ
575 1700 807 1761 ἄκοντας
845 1699 1141 1768 λαμϐάνειν
1171 1702 1343 1764 αὑτάς
1399 1703 1524 1764 τοὺς
1597 1702 1842 1772 μνηστῆ-

258 1805 378 1856 ρας,
403 1791 747 1860 ἑρμήνευσον
773 1793 866 1846 τὸν
912 1794 1116 1847 κανόνα
1192 1797 1334 1845 κατὰ
1381 1794 1480 1864 τὴν
1545 1795 1842 1862 ἐπιστολὴν

253 1879 347 1931 τοῦ
369 1881 524 1947 ἁγίου
582 1882 893 1953 Γρηγορίου
943 1884 1036 1936 τοῦ
1092 1883 1521 1953 Θαυματουργοῦ
1551 1901 1566 1915 ·
1632 1885 1698 1954 ἣν
1745 1883 1841 1936 καὶ

253 1973 528 2041 ἀνάγνωθι
549 1975 676 2044 περὶ
697 1977 796 2037 τὰς
822 1977 1020 2045 ἀρχὰς’
1051 1978 1189 2044 πρὸς
1221 1977 1276 2029 δὲ
1307 1978 1403 2029 καὶ
1474 1977 1542 2029 τά
1591 1980 1672 2039 εἰς
1744 1978 1838 2045 ὲρ-

255 2067 488 2137 μηνείαν
520 2067 619 2135 τῆς
654 2069 826 2138 αὐτῆς
863 2069 1158 2138 ἐπιστολῆς
1203 2070 1512 2138 γραφέντα,
1560 2068 1697 2123 ἀλλὰ
1745 2071 1842 2124 καὶ

253 2159 344 2210 τὸν
376 2157 456 2228 κβ¹
486 2160 812 2213 κανόνατοῦ
869 2160 1028 2230 ἁγίου
1087 2162 1370 2215 Βασιλείου
1424 2160 1600 2224 οὕτως
1663 2163 1842 2233 ὲρμήφ

254 2267 461 2306 νευσον.

328 2341 572 2395 ΖΩΝΑΡ.
641 2343 750 2398 Καὶ
803 2345 831 2395 ὁ
894 2344 1068 2412 μέγας
1127 2343 1412 2406 Βασίλειος
1474 2347 1531 2398 ἐν
1606 2345 1840 2418 εἰκοστῷ

254 2433 496 2505 δευτέρῳ
542 2437 731 2491 κανόνι
783 2435 950 2489 αὑτοῦ
998 2436 1088 2489 τὸν
1114 2437 1171 2500 ἐξ
1200 2438 1462 2508 ἁρπαγῆς
1511 2440 1704 2509 ἔχοντα
1740 2458 1839 2508 γυ-

257 2529 422 2580 ναῖκα
458 2527 532 2598 μὴ
583 2527 853 2598 πρότερον
905 2528 1317 2598 παραδέχεσθαι
1404 2533 1485 2598 εἰς
1512 2511 1519 2518 1
1545 2534 1841 2600 μετάνοιαν

259 2617 536 2684 βούλεται,
567 2623 616 2672 εί
645 2619 721 2690 μὴ
752 2621 1028 2691 ἀφαιρεθῇ
1063 2622 1122 2685 ἐξ
1172 2621 1338 2674 αὐτοῦ
1405 2626 1436 2693 ἡ
1500 2624 1839 2693 ἁρπαγεῖσα,

256 2711 350 2764 καὶ
385 2711 464 2780 τῷ
494 2715 964 2784 μνηστευσαμένῳ
993 2716 1165 2785 αὐτὴν
1197 2715 1350 2783 δοθῇ,
1407 2719 1456 2768 εἰ
1515 2718 1654 2778 τέως
1718 2718 1842 2788 βού-

254 2803 404 2859 λοιτο
444 2805 633 2858 λαϐεῖν
670 2807 864 2877 αὑτήν.
921 2806 1078 2859 Οὕτω
1148 2806 1360 2859 καὶτὸν
1403 2808 1604 2861 κανόνα
1649 2810 1839 2864 τοῦτον

252 2899 474 2967 νοητέον
499 2899 682 2967 λέγειν
749 2899 811 2951 τὸ
877 2898 1230 2952 ἀποδίδοσθαι
1306 2900 1406 2962 τὰς
1496 2902 1838 2970 ἁρπαγείσας

252 2993 364 3053 τοῖς
449 2992 956 3062 μνηστευσαμένοις
1023 2991 1215 3055 αὐτὰς,
1272 2994 1322 3044 εί
1369 2992 1608 3062 αἱροῖντο
1644 2995 1836 3064 δηλον-

248 3082 559 3155 ότι-λαϐεῖν
610 3082 802 3146 αὑτάς.
839 3085 1098 3148 Ἀκοντες
1147 3084 1258 3152 γὰρ
1316 3082 1416 3136 οὐκ
1481 3086 1836 3157 ἀναγκασθή-
1865 3111 1904 3165 c

251 3192 454 3238 σονται,

246 3268 468 3322 ΑΡΙΣΤ.
513 3287 532 3320 r
579 3268 640 3321 El
681 3269 1027 3341 ὲμνηστεύθη
1059 3271 1218 3344 κόρη,
1251 3273 1476 3342 ἡρπάγη
1507 3272 1564 3326 δὲ
1587 3271 1715 3342 παρ’
1743 3272 1836 3327 ἄλ-

328 3379 346 3410 ι
393 3361 508 3424 λου,
544 3361 622 3427 τῷ
659 3363 913 3432 προτέρῳ
945 3363 1408 3420 ἀποκαθίσταται.
1457 3384 1476 3416 ι

328 3451 386 3506 ’0
420 3453 520 3522 μὲν
557 3451 742 3505 κανὼν
813 3446 969 3516 οὗτος
1051 3454 1152 3521 τὴν
1233 3456 1668 3524 μνηστευθεῖσάν
1727 3473 1836 3509 τινι

245 3547 438 3614 κόρην,
484 3547 577 3598 καὶ
628 3545 767 3614 μετὰ
817 3543 990 3597 ταῦτα
1069 3546 1160 3613 ὑφ’
1199 3547 1392 3617 ἐτέρου
1465 3549 1832 3617 ἁρπαγεῖσαν,

251 3637 586 3709 προστάττει
609 3637 1094 3690 ἀποκαθίστασθαι
1119 3638 1200 3707 τῷ
1233 3641 1487 3710 προτέρῳ
1535 3628 1834 3712 μνηστῆρι,

245 3731 350 3786 κᾶν
385 3731 489 3783 ὑπὸ
527 3730 622 3782 τοῦ
662 3730 1013 3797 ἁρπάσαντος
1034 3730 1259 3801 αὐτὴνή
1290 3731 1561 3797 παρθένος
1591 3733 1833 3803 ἐφθάρη.

256 3824 316 3875 '0
348 3823 404 3874 δὲ
429 3823 802 3891 πεντηκοστὸς
835 3822 1021 3889 ὄγδοος
1049 3822 1229 3883 τίτλος
1288 3823 1383 3875 τοῦ
1415 3825 1455 3886 ξ’
1488 3824 1698 3891 βιϐλίου
1730 3825 1835 3877 Βα-

244 3913 468 3966 σιλικῶν
502 3914 768 3982 μεγάλαις
808 3915 1020 3976 ποιναῖς
1074 3913 1371 3966 ὑποϐάλλει
1426 3916 1518 3967 τὸν
1556 3916 1829 3984 ἁρπαγὴν

244 4007 624 4078 ποιησάμενον
656 4006 942 4074 γυναικὸς,
997 4005 1092 4058 καὶ
1139 4004 1231 4058 τὸν
1286 4005 1634 4077 βοηθήσαντα
1685 4008 1832 4078 αὐτῷ

241 4101 300 4153 ὲν
338 4103 404 4171 τῇ
435 4101 684 4169 ἁρπαγῇ,
742 4099 836 4152 καὶ
897 4098 1026 4159 τοὺς
1073 4097 1270 4160 ἄλλους
1329 4098 1458 4160 τοὺς
1507 4099 1831 4169 οἱανδήποτε

246 4193 487 4262 σπουδὴν
516 4193 694 4257 τούτῳ
734 4189 1171 4256 εἰσενεγκόντας.
1211 4190 1318 4242 Καὶ
1373 4191 1496 4243 οὐδὲ
1529 4195 1826 4262 συγχωρεῖ,

238 4285 344 4338 κᾶν
393 4285 766 4354 ήὰρπαγεῖσα
824 4281 954 4351 θέλῃ
1024 4281 1184 4350 γυνὴ,
1235 4282 1338 4334 κᾶν
1395 4281 1444 4333 οἱ
1497 4287 1675 4350 γονεῖς
1731 4288 1829 4339 αὖ-

233 4377 358 4444 τῆς,
402 4376 479 4441 τῷ
521 4375 831 4444 ἁρπάσαντι
889 4373 1230 4442 συναφθῆναι
1278 4373 1412 4442 πρὸς
1448 4374 1644 4443 γάμον.
1665 4375 1827 4430 Ἀλλὰ

235 4470 331 4524 καὶ
377 4468 426 4519 εί
471 4465 879 4520 συναινέσουσιν
943 4466 991 4516 οἱ
1052 4466 1232 4532 γονεῖς
1279 4464 1358 4533 τῷ
1381 4465 1608 4536 τοιούτῳ
1632 4483 1813 4529 συνοι-
1852 4456 1894 4510 ί)

236 4562 428 4629 κεσίῳ,
452 4560 880 4637 περιορίζονται.

860 4648 1098 4707 ΚΑΝΩΝ
1137 4647 1236 4702 IB’.

242 4758 261 4791 ι
305 4741 445 4802 Τοὺς
484 4740 592 4810 πρὸ
621 4739 716 4792 τοῦ
758 4739 1136 4810 βαπτίσματος
1169 4740 1524 4809 τεθνηκότας,
1546 4743 1640 4795 καὶ
1686 4745 1823 4813 μετὰ

316 4848 334 4881 ι
377 4829 549 4883 ταῦτα
590 4829 1018 4899 βαπτισθέντας,
1056 4830 1233 4894 ἔδοξεν
1276 4831 1356 4890 ε-ἱς
1396 4827 1549 4894 τάξιν
1585 4831 1823 4901 προάγει

309 4940 327 4971 ι
377 4921 523 4986 σθαι,
549 4921 626 4985 ὡς
656 4921 1154 4989 ἀπολουσαμένους.
1203 4938 1222 4971 ι

307 5015 500 5068 ΒΑΛΣ.
545 5016 700 5076 Τινὲς
741 5017 962 5070 ἄπιστοι
1002 5015 1062 5067 τὸ
1104 5015 1203 5083 μὲν
1242 5015 1509 5086 κήρυγμα
1548 5014 1810 5083 ἐδέχοντο,

229 5111 324 5163 καὶ
355 5110 641 5162 ἐπίστευον
673 5109 749 5178 τῷ
784 5106 1004 5178 Χριστῷ
1028 5125 1043 5140 ο
1078 5107 1437 5177 βαπτίζεσθαι
1467 5107 1526 5159 δὲ
1557 5107 1818 5177 ὑπερετί-

229 5201 405 5258 θεντο.
435 5204 588 5256 Ἐπεὶ
603 5200 695 5258 οὖν
712 5198 856 5257 οὗτοι
878 5206 1015 5255 κατὰ
1035 5205 1160 5264 τοὺς
1178 5201 1398 5265 λοιποὺς
1413 5202 1680 5263 ἀπίστους
1703 5200 1814 5270 (77)

229 5293 494 5358 θύσαντες
529 5295 743 5364 ἠξίουν,
779 5294 917 5363 μετά
948 5297 1008 5346 τὸ
1045 5293 1448 5364 βαπτισθῆναι,
1481 5291 1810 5364 ἱερωθῆναι,

225 5387 321 5443 καὶ
356 5387 417 5441 οὐ
456 5387 908 5460 παρεχωροῦντο,
947 5386 1022 5449 ὥς
1055 5403 1218 5445 τινων
1253 5385 1516 5454 λεγόντων
1553 5382 1628 5452 μὴ
1662 5381 1812 5449 ὀφεί-

1414 301 1495 359 ῙΝ
1525 301 1689 363 CAN.
1729 302 1850 362 XII
1878 301 2088 366 CONC.
2133 307 2398 369 ANCYR.

1086 403 1265 471 ἔδοξεν
1324 409 1673 462 ἀποδίδοσθαι
1716 411 1848 472 ,τοῖς
1883 421 1927 473 Α

3388 315 3526 384 11M

2037 431 2055 464 ι
2104 417 2326 484 p'acuit,
2385 418 2474 483 iis,
2529 419 2735 490 quibus
2771 422 3060 493 desponsae
3111 434 3290 494 erant,
3346 431 3524 502 reddi,

2025 521 2044 551 ι
2094 506 2255 557 etiam
2288 506 2334 560 si
2365 508 2468 561 \im
2499 525 2672 579 paSste
2695 513 2826 569 sint.
2869 530 2890 565 ι

2021 683 2215 740 BALS.
2250 687 2321 740 De
2346 685 2434 751 iis,
2470 691 2560 758 qui
2596 693 2863 760 quaslibet
2912 697 3121 765 puellas
3170 700 3412 768 rapiunt,
3461 717 3525 756 ea

1947 790 2066 843 qua
2101 788 2227 831 sunt
2262 793 2632 836 causentanea
2667 793 2902 839 tractata
2935 797 3066 841 sunt
3105 790 3158 842 in
3189 807 3308 859 cap.
3337 792 3407 847 50
3437 796 3524 855 ιιι,

1945 866 1979 920 9
2015 871 2302 934 praesentis
2338 874 2538 941 aperis,
2591 885 2645 928 ct
2685 877 2801 944 lege
2849 879 3026 946 ipsum
3096 880 3361 937 Similiter
3410 884 3530 955 lege

1945 971 1997 1014 et
2029 961 2098 1016 92
2151 978 2412 1018 canonem
2464 967 2653 1037 synodi
2690 971 2741 1021 in
2777 969 2983 1035 Trnllo,
3028 981 3083 1025 et
3136 973 3220 1026 tit.
3251 975 3318 1030 58
3351 983 3526 1030 totum

1947 1053 2040 1107 lib.
2067 1069 2156 1107 ιχ.
2189 1055 2323 1108 Cum
2349 1070 2529 1110 autem
2549 1060 2706 1115 audis
2729 1076 2994 1115 canonem
3016 1064 3309 1129 dicentem,
3341 1077 3529 1136 raptas

1947 1140 2251 1196 reddendas
2282 1144 2348 1197 iis
2380 1146 2584 1213 quibus
2616 1148 2906 1218 desponsae
2958 1151 3212 1217 fuerant,
3251 1169 3318 1208 ne
3372 1155 3528 1208 dicas

1947 1248 2044 1286 eos
2073 1234 2191 1303 (ξοεί
2243 1234 2365 1289 illas
2401 1241 2689 1307 accipere,
2757 1240 2853 1294 sed
2914 1243 3066 1309 ipsos
3125 1260 3346 1314 quoque
3391 1249 3529 1302 velle

1945 1339 2038 1377 eas
2069 1341 2336 1394 quaerere.
2371 1328 2481 1383 lloc
2507 1333 2650 1384 enim
2687 1334 2848 1386 etiam
2895 1334 2950 1388 in
3004 1335 3328 1392 mulieribus
3374 1339 3530 1392 adul-

1947 1417 2076 1470 teris
2124 1419 2328 1474 dictum
2387 1430 2491 1486 est,
2553 1423 2604 1475 in
2665 1423 2756 1478 lib.
2813 1440 3002 1491 xxvm,
3063 1428 3147 1481 tit.
3209 1429 3262 1492 7,
3299 1444 3421 1497 cap.
3474 1429 3527 1493 l,

1947 1509 2092 1575 quod
2125 1511 2346 1579 quidem
2374 1524 2457 1568 est
2485 1511 2778 1569 Justiniani
2808 1515 3029 1571 Novella
3063 1519 3184 1572 H7.
3214 1518 3306 1572 Sin
3345 1531 3525 1575 autem

1949 1601 2081 1654 velis
2136 1603 2343 1670 dicere,
2402 1621 2497 1660 eas
2552 1622 2788 1676 sponsos
2835 1611 2918 1663 vel
2972 1609 3176 1666 invitos
3235 1613 3524 1681 accipere;

1946 1708 2214 1749 eanonem
2256 1698 2621 1768 interpretare
2652 1703 3042 1757 convenienter
3068 1705 3316 1773 epistola:
3350 1707 3528 1760 sancti

1901 1767 2195 1854 gGregorii
2229 1767 2659 1861 Tltaumaturgi;
2697 1807 2861 1860 quam
2911 1795 3074 1848 etiam
3109 1796 3226 1864 lege
3268 1797 3321 1848 in
3372 1798 3491 1864 prin

1943 1877 2087 1945 cipio
2134 1895 2148 1933 :
2187 1875 2426 1953 itemque
2475 1899 2559 1952 ea,
2617 1901 2737 1958 qua:
2782 1884 2849 1938 ad
2909 1888 3311 1956 expositionem
3367 1889 3530 1952 iSllliS

1943 1970 2190 2038 epistol-.e
2216 1976 2416 2046 scripta
2444 1990 2594 2044 sunt,
2629 1984 2722 2037 sed
2769 1992 2822 2038 et
2851 1986 3175 2042 vicesimum
3223 1993 3526 2045 secundum

1945 2077 2211 2120 canonem
2245 2070 2417 2123 sancti
2446 2071 2630 2135 Basilii
2659 2076 2736 2130 sic
2764 2091 2998 2157 expone.

1986 2331 2278 2396 'ZONAB.
2308 2345 2537 2411 Magnus
2584 2359 2803 2414 quoque
2847 2346 3082 2405 Basilius
3132 2366 3347 2408 canone
3388 2355 3528 2412 vice-

1947 2429 2089 2483 simo
2141 2433 2404 2497 secundo,
2456 2436 2547 2502 qui
2594 2439 2876 2493 nmlierem
2931 2453 3145 2512 raptam
3198 2446 3382 2511 habet,
3417 2465 3526 2504 non

1947 2522 2099 2590 prius
2127 2522 2193 2575 ad
2227 2526 2603 2592 paenitentiam
2652 2529 2866 2585 admitti
2917 2535 3067 2598 sinit,
3109 2551 3274 2606 quam
3331 2540 3528 2595 mulier

1947 2613 2015 2666 ab
2049 2629 2113 2668 eo
2142 2615 2372 2670 abducta
2403 2619 2574 2686 priori
2603 2637 2830 2689 sponso,
2863 2626 2908 2678 si
2941 2636 3122 2682 tamen
3157 2645 3274 2686 eam
3323 2632 3526 2689 dueere

1945 2703 2128 2759 adhuc
2165 2706 2256 2761 ille
2293 2708 2345 2760 in
2383 2711 2571 2764 animo
2601 2713 2817 2778 habent,
2874 2718 3128 2772 restituta
3174 2724 3265 2774 sit.
3322 2723 3521 2776 Eodem

1946 2794 2108 2849 modo
2140 2795 2228 2849 bic
2265 2799 2430 2853 etiam
2472 2816 2648 2856 canon
2682 2807 3106 2879 intelligendus;
3144 2823 3329 2880 raptas
3371 2817 3527 2867 vidc-

1944 2885 2071 2941 licet
2103 2891 2364 2946 mnlieres
2404 2895 2491 2959 iis,
2521 2897 2720 2963 quibus
2765 2909 2891 2956 ante
2942 2901 3234 2970 desponsae
3283 2906 3523 2973 fuerant,

1944 2979 1987 3032 si
2021 2981 2280 3046 nimirum
2309 2984 2384 3039 illi
2411 2987 2614 3042 ducere
2640 2991 2828 3057 velint,
2857 3008 2979 3049 esse
3010 2995 3337 3054 reddendas.
3359 2999 3523 3064 lnviti

1944 3072 2090 3126 enim
2131 3090 2238 3131 non
2271 3090 2560 3149 cogentur.

1941 3247 2172 3309 ARIST.
2217 3270 2235 3303 ι
2272 3252 2327 3307 Si
2364 3256 2696 3327 desponsata
2753 3263 2826 3318 sit
2877 3266 3083 3334 puella,
3130 3269 3200 3323 ab
3246 3271 3354 3326 alio
3387 3288 3520 3330 vero

2192 3365 2214 3397 ι
2256 3359 2408 3418 rapta
2444 3352 2629 3418 fuerit,
2666 3356 2834 3423 priori
2868 3360 3196 3419 reSIituitur.
3243 3382 3263 3416 ι

2012 3438 2110 3494 llic
2139 3440 2361 3509 quidem
2400 3459 2576 3496 canon
2619 3447 2945 3515 desponsam
3000 3453 3238 3522 cuipiam
3279 3457 3515 3525 puellam

1937 3540 1992 3586 et
2040 3544 2232 3602 postea
2271 3538 2340 3590 ab
2381 3536 2488 3590 alio
2537 3549 2770 3607 raptam,
2825 3543 2991 3610 priori
3035 3561 3238 3612 Sponso
3301 3552 3515 3611 restitui

1932 3625 2112 3695 jubet,
2143 3629 2358 3682 etiamsi
2389 3630 2458 3684 ab
2493 3645 2559 3684 eo
2605 3633 2698 3701 qui
2749 3634 2922 3702 ipsam
2965 3639 3161 3705 rapuit,
3194 3641 3344 3710 virgo
3394 3659 3520 3695 eor-

1939 3727 2095 3788 rupta
2124 3721 2216 3773 sit.
2252 3721 2322 3775 At
2367 3723 2860 3793 qninquagesimns
2905 3737 3136 3785 octavus
3180 3732 3264 3790 tit.
3301 3733 3394 3788 lib.
3450 3750 3516 3787 ιι

1935 3807 2159 3865 Basilic.
2195 3814 2405 3882 magnis
2439 3815 2620 3881 poenis
2647 3832 2770 3870 enm
2807 3819 3054 3888 snbjicit,
3083 3822 3177 3891 qui
3227 3824 3514 3880 mulierem

1937 3903 2143 3971 rapuit,
2175 3919 2406 3972 eumque
2446 3906 2539 3973 qui
2573 3922 2730 3976 Opem
2758 3910 2844 3964 isti
2875 3912 2928 3964 in
2953 3922 3109 3980 raptu
3136 3915 3280 3980 tulit,
3312 3931 3518 3985 eosque

1934 3995 2026 4063 qui
2091 3992 2425 4062 diligentiam
2478 3989 2868 4069 quamcunque
2911 4003 2960 4056 ei
3016 4006 3392 4059 contulerunt.
3451 4007 3516 4060 Et

1935 4101 2041 4139 non
2068 4089 2356 4154 permittit,
2381 4091 2634 4158 quamvis
2654 4092 2769 4151 ipsa
2795 4093 2991 4147 mulier
3009 4103 3156 4163 rapta
3183 4103 3237 4150 et
3261 4099 3516 4166 quamvis

1933 4171 2106 4245 ipsitis
2160 4189 2416 4246 parentes
2466 4179 2766 4245 voluerint,
2818 4179 2936 4245 isti,
2977 4182 3070 4250 qui
3131 4197 3250 4236 eam
3311 4184 3511 4252 rapuit,

1934 4271 2284 4325 matrimonio
2329 4272 2612 4343 conjungi.
2651 4274 2756 4327 Sed
2824 4284 2878 4330 et
2930 4275 2975 4330 si
3015 4286 3271 4345 parentes
3325 4277 3515 4333 istius-

1934 4362 2078 4415 modi
2128 4365 2506 4420 assentiuntur
2536 4368 2814 4439 conjngio,
2862 4370 3327 4424 exterminantur.

2409 4634 2571 4705 385
2619 4635 2846 4690 CANON
2901 4637 3018 4696 XII.

1933 4749 1952 4780 ι
1993 4729 2102 4783 Eos
2136 4729 2228 4793 qui
2261 4735 2388 4780 ante
2434 4729 2760 4797 baptismum
2796 4731 3198 4795 sacriﬁcarunt,
3233 4743 3285 4788 et
3315 4746 3504 4805 postea

2001 4838 2018 4870 ι
2059 4819 2310 4884 buptizati
2348 4829 2510 4881 sunt,
2550 4819 2721 4873 visum
2771 4833 2853 4874 est
2897 4822 2963 4876 ad
3009 4824 3254 4877 ordinem
3291 4841 3508 4894 pt0n.o-

2001 4929 2020 4963 ι
2061 4911 2195 4974 veri,
2222 4921 2279 4964 ut
2312 4910 2403 4979 qui
2435 4913 2602 4966 abluti
2629 4922 2777 4968 sunt.
2821 4934 2840 4966 ι

1995 5003 2192 5058 BALS.
2253 5003 2510 5059 lntideles
2562 5005 2730 5075 aliqui
2790 5008 3233 5078 praedicationem
3282 5007 3500 5076 quidem

1923 5103 2306 5166 susceperunt,
2336 5109 2389 5150 et
2414 5095 2636 5152 Christo
2665 5099 2987 5165 credebant,
3022 5098 3282 5168 baptizari
3320 5109 3500 5153 autem

1921 5189 2265 5244 dill‘erebant.
2315 5187 2584 5254 Quoniam
2624 5205 2754 5260 ergo
2804 5192 2860 5252 ii,
2900 5199 2958 5244 ut
3009 5189 3200 5259 reliqui
3235 5190 3500 5256 inﬁdeles,

1922 5283 2314 5344 sacriﬁcantes,
2349 5282 2438 5338 ubi
2475 5283 2731 5353 baptizati
2760 5283 2996 5346 fuerant,
3039 5283 3294 5337 volebant
3329 5286 3501 5338 sacris

1921 5377 2146 5441 initiari,
2181 5387 2234 5432 et
2273 5393 2383 5432 non
2431 5377 2773 5443 sinebantnr,
2802 5392 2867 5433 eo
2896 5381 3038 5448 quod
3073 5379 3324 5433 nonnulli
3357 5378 3503 5432 dice-

1465 5496 1656 5564 Guill.
1694 5491 2016 5571 Beveregii
2053 5499 2241 5553 notae.

301 5603 413 5671 (77)
457 5601 616 5678 Ἐπεί
649 5599 765 5678 ςῦν
794 5597 958 5656 οὗτοι
985 5598 1134 5678 {argi
1155 5596 1304 5678 ,τοὺς
1334 5597 1608 5678 Δλοιπιοὺςζ
1636 5595 1804 5678 ,ἀπί-

229 5666 441 5738 (rtem).
479 5673 551 5725 Ita
581 5673 799 5740 quidem
828 5686 957 5746 cum
982 5668 1278 5746 Bodleiano
1320 5666 1796 5746 Ame_r_bacltianus

229 5735 449 5815 quoque
471 5735 642 5798 codex
687 5742 959 5812 lcgit;sed
993 5743 1043 5793 in
1087 5737 1382 5794 P.-risiensi
1452 5735 1793 5792 Balsamonis

1915 5579 2158 5665 editione
2180 5606 2280 5665 pro
2306 5591 2427 5665 istis
2467 5591 2650 5649 verbis
2687 5590 2888 5663 legitur
2933 5599 3168 5662 tantum,
3202 5586 3489 5654 ἐπεὶοῦτοι

1913 5664 2053 5717 κατὰ
2086 5661 2213 5726 τοὺς
2238 5661 2484 5726 λοιπούς.
