4014 6224
206 222 222 286 1
243 224 332 287 l5?

1286 224 1367 285 IN
1401 222 1569 284 CAN.
1607 219 1725 281 XII
1762 216 1973 281 CONC.
2001 220 2272 283 ANCYR.

3311 216 3451 283 1158

198 338 283 390 τοῦ
325 335 662 405 Εὖαγγελίου
700 334 779 407 τῷ
813 335 1070 407 τραχήλῳ
1105 334 1307 397 αὖτῶν,
1342 334 1439 386 καὶ
1460 331 1529 387 δι’
1552 331 1782 400 ἐπικλή-

1892 331 1980 400 qui
2013 331 2233 387 ordinat
2268 331 2667 393 characterem.
2699 346 2819 387 cum
2852 330 3023 385 sancti
3048 329 3284 399 Spiritus
3316 331 3476 385 invo-

201 446 331 491 σεως
350 427 445 481 τοῦ
470 429 628 495 ἁγίου
654 427 971 497 Πνεῦματος
1000 426 1271 499 σφραγῖδα
1291 426 1384 479 τοῦ
1414 423 1781 496 χειροτονοῦν-

199 539 303 583 τος.
343 522 439 584 Εἰς
480 519 740 574 σύστασιν
775 519 833 573 δὲ
874 518 1082 573 τούτων
1123 520 1344 572 πάντων
1382 517 1781 587 ἀναντίρρητον

200 615 431 685 χρῶνται
468 615 561 668 καὶ
593 613 673 685 τῷ
705 613 799 666 τοῦ
840 613 1080 681 μεγάλου
1117 612 1420 683 Γρηγορέου
1454 610 1550 664 τοῦ
1586 609 1781 662 Θεολό-

200 723 287 773 γου
334 707 496 775 λόγῳ,
541 701 603 759 οὗ
650 707 681 774 ἡ
734 705 896 775 ἀρχὴ,
950 705 1118 757 Πάλιν
1164 704 1253 757 ἐπ’
1284 704 1386 773 ἐμὲ
1435 702 1646 772 χρίσμα
1690 700 1784 753 καὶ

202 798 430 867 πνεῦμα.
463 789 589 867 Ἃφ⁹
611 793 672 850 οὗ
708 798 887 866 μάθῃς
920 798 1000 849 ὅτι
1031 797 1181 850 οὐδὲν
1211 793 1373 867 ἦττον
1404 795 1648 859 ἀξιοῦται
1681 793 1783 860 τῆς
1821 789 1833 799 ’

200 886 285 938 τοῦ
323 888 585 954 παναγὶου
622 888 937 955 [Ινεύματος
974 888 1191 957 χάριτος
1222 887 1250 939 ὁ
1284 884 1517 948 ἀναξίως
1548 899 1787 954 χειροτο-

200 979 375 1046 νηθεὶς
397 1019 410 1041 ,
446 981 539 1031 καὶ
573 980 631 1030 ἐν
664 978 1001 1048 καθαρότητι
1030 979 1121 1030 τὸν
1154 978 1291 1046 μετὰ
1321 978 1418 1045 τὴν
1450 975 1784 1046 χειροτονίαν

200 1070 308 1139 βίον
346 1068 581 1133 ἀνύσας,
621 1068 715 1120 τοῦ
759 1068 923 1130 ἀξίως
965 1068 1465 1139 χειροτονηθέντοῖ,
1506 1068 1600 1121 καὶ
1646 1065 1787 1137 μετὰ

197 1166 289 1232 τῆς
328 1162 499 1231 αὐτῆς
540 1161 914 1231 καθαρότητος
949 1163 1041 1213 τὸν
1075 1163 1133 1213 ἐν
1168 1163 1299 1231 ἡμῖν
1337 1160 1450 1227 βίον
1484 1160 1784 1213 ἀπολιπόν-

197 1268 304 1309 τος.
346 1251 534 1304 Ταῦτα
577 1253 706 1322 περὶ
753 1252 1087 1321 ἁρχιερέων”
1127 1252 1256 1321 περὶ
1300 1252 1409 1323 γὰρ
1453 1252 1646 1321 ἱερέων
1690 1251 1785 1306 καὶ

197 1343 396 1414 ἐτέρων
429 1344 707 1414 κληρικῶν
743 1346 895 1413 ζήτει
934 1344 1154 1397 συνόδου
1185 1344 1422 1407 Νικαίας
1458 1344 1661 1397 κανόνα
1698 1343 1783 1407 ιθ’,

198 1435 412 1487 συνόδου
449 1435 880 1506 Νεοκαισαρείας
920 1436 1121 1489 κανόνα
1144 1434 1209 1501 θ’,
1248 1442 1337 1502 ια’,
1369 1436 1649 1489 Βασιλείου
1686 1452 1787 1487 κα-

198 1524 321 1575 νόεα
356 1523 460 1588 κζ’,
492 1526 587 1577 καὶ
620 1525 883 1594 Θεοφίλου
911 1526 975 1577 ἐκ
1006 1524 1099 1577 τοῦ
1137 1525 1546 1595 ὑπομνηστικοῦ
1585 1528 1787 1581 κανόνα

186 1612 257 1678 δ’,
286 1620 347 1679 ε’,
380 1613 449 1684 η’.
483 1616 594 1669 Καὶ
629 1617 935 1686 σημείωσαι
970 1617 1034 1668 ὲκ
1063 1616 1269 1668 τούτων
1298 1618 1378 1669 ὅτι
1412 1619 1445 1687 ἡ
1483 1617 1786 1687 χειροτονία

194 1704 301 1757 τῶν
339 1706 644 1779 ἀρχιερέων
687 1708 782 1759 καὶ
820 1705 881 1758 τὸ
918 1705 1127 1775 χρίσμα
1166 1705 1272 1761 τῶν
1334 1706 1603 1777 βασιλέων
1646 1708 1788 1759 ἁπα-

196 1796 438 1866 λείφουσι
471 1798 538 1849 τὰ
576 1796 681 1867 πρὸ
712 1797 812 1865 τῆς
846 1797 1183 1867 χειροτονίας
1220 1798 1315 1849 καὶ
1349 1796 1443 1849 τοῦ
1481 1798 1784 1867 χρίσματος

194 1891 601 1961 ἁμαρτήματα,
636 1884 722 1942 οἷα
759 1890 824 1941 ἂν
854 1882 957 1941 ὦσι
982 1904 994 1914 ·
1032 1884 1122 1940 διὰ
1160 1887 1265 1960 γάρ
1294 1886 1452 1940 τοῦτο
1489 1887 1707 1960 ἔχουσιν
1736 1887 1785 1939 οί

194 1980 483 2035 ἐπίσκοποι
520 1979 772 2045 ἐξουσίαν
804 1981 1025 2047 ἀφιέναι
1062 1980 1437 2049 ἁμαρτήματα
1461 2016 1477 2042 ,
1510 1980 1586 2040 ὡς
1620 1977 1785 2036 ditati-

205 2088 395 2134 σαντες
418 2073 534 2140 ἄμα
554 2072 628 2142 τῷ
648 2071 1126 2142 χειροτονηθῆναι,
1142 2072 1300 2123 Ὅσα
1320 2068 1539 2139 δήσετε
1558 2068 1658 2121 ἐπὶ
1677 2067 1786 2137 τῆς

194 2162 328 2230 γῆς,
360 2163 532 2216 ἔσται
569 2162 858 2231 δεδεμένα
892 2163 962 2216 ἐν
990 2160 1069 2228 τῷ
1099 2160 1356 2233 οὐρανῷ,
1390 2161 1487 2213 καὶ
1525 2160 1644 2215 ὅσα
1676 2161 1786 2215 λύ-

192 2268 337 2307 σετε
363 2254 460 2306 ἐπὶ
487 2251 593 2322 τῆς
634 2252 769 2324 γῆς,
798 2253 969 2308 ἔσται
994 2254 1303 2322 λελυμένα
1329 2253 1399 2306 ἔν
1424 2250 1504 2316 τῷ
1529 2252 1783 2320 οὐρανῷ.

207 2347 276 2399 'll
313 2346 371 2400 δὲ
402 2346 511 2398 τῶν
547 2348 739 2417 ἱερέων
769 2347 864 2399 καὶ
893 2347 1001 2398 τῶν
1032 2344 1233 2400 λοιπῶν
1267 2346 1573 2425 χειροτονία
1614 2344 1788 2415 μικρὰ

196 2439 575 2509 ἁμαρτήματα
611 2438 938 2507 ἀπαλείφει,
975 2432 1087 2490 οἷον
1122 2440 1554 2505 συγκατάθεσιν,
1592 2437 1788 2507 ψεῦδος

198 2534 296 2586 καὶ
330 2530 586 2595 τοιαῦτα,
625 2531 701 2600 μὴ
734 2532 1014 2598 ἐπάγοντα
1052 2529 1403 2599 καθαίρεσιν,
1441 2532 1698 2600 πορνείαν
1731 2530 1786 2583 δὲ

192 2622 341 2692 οὐχί.
366 2620 530 2674 Ὅθεν
566 2622 688 2674 οὐδὲ
728 2622 949 2692 ἀφιέναι
993 2622 1270 2693 ἁμαρτίας
1307 2624 1357 2675 οἱ
1400 2625 1565 2693 ἱερεῖς
1600 2622 1789 2678 δύναν-

196 2731 312 2767 ται.
358 2715 467 2767 Καὶ
510 2713 823 2781 ἁνάγνωσον
869 2714 968 2781 τῆς
1013 2716 1072 2767 ὲν
1116 2715 1517 2788 Νεοκαισαρείᾳ
1564 2716 1786 2769 συνόδου

190 2805 405 2859 κανόνα
440 2805 506 2872 θ’,
541 2804 611 2862 τὰ
648 2807 788 2859 αὐτὰ
830 2808 958 2877 περὶ
996 2807 1190 2877 ίερέων
1229 2808 1471 2875 λέγοντα.
1510 2808 1603 2879 Μὴ
1638 2810 1791 2860 ἐνανν

196 2895 373 2966 τιωθῇ
420 2897 476 2949 δέ
528 2913 611 2950 σοι
657 2898 687 2949 ὁ
737 2895 803 2963 ιζ’
834 2899 1011 2949 κανὼν
1055 2898 1165 2950 τῶν
1215 2897 1388 2967 ἁγίων
1438 2899 1787 2963 ἀποστόλων,

1882 424 2120 477 catione.
2172 424 2251 478 Ad
2304 424 2702 479 irrcfutabilcm
2752 432 2933 478 autem
2989 425 3182 476 horum
3228 426 3477 476 omnium

1885 516 2396 579 comprobationcm
2422 555 2437 575 .
2472 517 2653 585 magni
2685 529 2905 585 quoque
2933 513 3179 584 Gregorii
3214 513 3475 586 Theologi

1886 624 2142 663 sermone
2166 618 2419 673 utuntur,
2451 608 2609 677 cujus
2642 609 2886 674 initium,
2944 607 3155 664 Rursus
3189 623 3353 677 super
3381 624 3468 662 me

1891 702 2080 753 unctio
2110 709 2164 754 et
2199 701 2448 769 spiritus.
2492 699 2646 754 Unde
2678 702 2882 763 discas,
2931 700 3077 770 quod
3115 700 3479 757 nihilominus

1887 791 2063 845 sancti
2105 790 2348 859 Spiritus
2382 792 2560 862 gratia
2609 793 2813 862 dignus
2851 801 3110 847 censetur
3147 792 3213 856 is,
3264 793 3352 860 qui
3396 794 3481 846 in-

1888 884 2051 953 digne
2091 884 2301 939 electus
2344 886 2397 937 in
2438 885 2676 953 puritate
2712 893 2833 955 post
2869 885 3267 940 ordinationem
3311 887 3475 937 vitam

1887 972 2164 1041 transigit,
2194 986 2354 1040 quam
2388 972 2434 1026 is
2466 974 2557 1042 qui
2601 974 2765 1044 digne
2792 974 3020 1038 electus,
3068 982 3287 1044 etpost
3318 976 3476 1030 istam

1890 1062 2184 1129 puritatem
2229 1065 2390 1118 vitam
2423 1076 2669 1121 nostram
2706 1068 2949 1137 reliquit.
2987 1067 3113 1122 Haec
3142 1068 3210 1122 de
3244 1068 3476 1121 antisti-

1894 1156 2066 1210 tibus.
2099 1155 2174 1209 De
2202 1156 2579 1211 sacerdotibus
2610 1159 2755 1212 enim
2798 1169 2852 1212 et
2895 1159 3018 1213 aliis
3048 1159 3264 1214 clericis
3295 1168 3479 1228 quaere

1889 1249 2083 1320 synodi
2124 1248 2356 1304 Nicmna:
2387 1265 2652 1305 canoucm
2689 1250 2961 1305 decimqu
3002 1266 3205 1305 nonum
3228 1292 3243 1311 .
3280 1253 3476 1322 synodi

1890 1341 2353 1396 Neocaasaricnsis
2395 1356 2659 1425 ca.nonem
2719 1340 2751 1396 9
2806 1349 2858 1395 et
2915 1344 3018 1402 Η,
3079 1341 3262 1397 Basilii
3311 1343 3480 1413 386

1888 1449 2159 1489 canonem
2191 1434 2264 1488 27
2292 1445 2344 1490 et
2379 1435 2662 1504 Theophili
2693 1451 2757 1490 ex
2792 1439 3193 1490 commentario
3233 1452 3476 1491 canones

1895 1528 1951 1589 4,
1988 1528 2022 1581 5
2060 1534 2115 1581 et
2159 1526 2213 1582 8.
2262 1528 2327 1580 Et
2362 1534 2489 1581 nota
2523 1542 2587 1582 ex
2622 1528 2710 1590 iis,
2746 1528 2891 1596 quod
2922 1528 3225 1582 antistitum
3255 1529 3477 1598 quidem

1892 1619 2166 1673 ordinatio
2192 1627 2246 1672 et
2283 1634 2470 1687 regum
2514 1618 2721 1682 unctio,
2756 1634 2876 1689 quae
2910 1628 3036 1673 ante
3072 1620 3477 1677 ordinat'ouem

1897 1721 1951 1764 et
1986 1710 2295 1764 unctionem
2340 1710 2584 1773 fuerunt,
2628 1710 2834 1765 delent.
2872 1709 3167 1779 Propterea
3197 1715 3340 1763 enim
3378 1711 3478 1765 hae

1896 1804 2027 1857 bent
2069 1809 2392 1870 potestatem
2440 1801 2683 1870 episc0pi
2736 1801 3046 1855 remittendi
3104 1812 3366 1870 peccata;
3416 1811 3476 1854 ut

1894 1897 1987 1964 qui
2011 1910 2133 1949 cum
2159 1894 2397 1964 primum
2436 1894 2674 1949 ordinati
2700 1901 2831 1949 sunt
2849 1894 3189 1948 audiverim:
3215 1893 3479 1957 Qturcm-

1894 2005 1993 2057 que
2033 1988 2321 2057 ligaveritis
2366 2003 2523 2058 super
2570 1995 2765 2040 terram
2811 1997 2962 2040 erunt
3013 1987 3180 2058 ligata
3215 1989 3267 2041 in
3307 1989 3481 2061 ralis,

1895 2090 1943 2135 et
1977 2097 2296 2152 qumruuque
2322 2081 2583 2135 solveritis
2610 2096 2765 2148 super
2801 2089 2995 2134 terram
3026 2091 3180 2135 erunt
3210 2082 3386 2135 solum
3420 2083 3477 2134 in

1895 2174 2038 2228 talis
2074 2174 2141 2227 ⁸⁸.
2188 2173 2549 2229 Sacerdotum
2598 2181 2805 2236 autem,
2850 2181 2905 2227 et
2940 2172 3171 2227 aliorum
3221 2177 3312 2244 qui
3348 2181 3477 2228 sunt

1898 2266 1949 2319 in
1999 2266 2193 2328 sarris,
2233 2264 2532 2330 ordinatio,
2586 2279 2750 2333 parva
2787 2264 3006 2335 quidem
3055 2274 3276 2335 peccata
3309 2267 3480 2335 delet,

1897 2339 2230 2413 consensum
2268 2358 2393 2413 dico
2422 2367 2477 2412 et
2506 2357 2880 2420 mendacium,
2913 2365 2967 2412 et
2996 2359 3200 2413 similia
3229 2376 3350 2430 qua:
3383 2359 3480 2415 de-_

1898 2450 2229 2522 positionem
2282 2465 2389 2502 non
2433 2449 2740 2513 inducunt;
2785 2464 2893 2503 non
2937 2459 3118 2511 autem
3152 2451 3473 2506 fornicatio-

1898 2557 2044 2596 nem.
2085 2539 2239 2595 Unde
2271 2554 2371 2594 nec
2414 2540 2732 2594 sacerdotes
2763 2550 2994 2609 possunt
3022 2550 3245 2609 peccata
3284 2543 3474 2595 remit-

1900 2640 2037 2683 tere.
2086 2628 2153 2682 Et
2184 2627 2304 2699 lege
2338 2626 2805 2683 Neocazsariensis
2846 2644 2964 2700 syn.
2996 2645 3260 2685 canonem
3291 2632 3345 2694 9,
3377 2632 3476 2701 qui

1897 2721 2086 2777 eadem
2116 2721 2249 2776 dicit
2278 2720 2346 2776 de
2377 2721 2777 2776 sacerdotibus.
2826 2720 2882 2775 In
2928 2721 3011 2777 his
3052 2732 3232 2777 autem
3282 2739 3348 2777 ne
3379 2723 3476 2777 tibi

1897 2813 2207 2868 contrarius
2248 2812 2498 2866 videatur
2556 2827 2731 2873 canon
2794 2812 2859 2866 i7
2892 2823 3203 2867 sanctorum
3259 2824 3479 2881 aposto-

1900 2901 2097 2965 lorum,
2134 2901 2350 2962 dicens,
2379 2901 2484 2966 Qui
2509 2901 2725 2955 duobus
2758 2901 3122 2957 matrimoniis
3153 2911 3273 2969 post
3300 2902 3477 2971 bapti-

192 2989 380 3055 λέγων
403 3003 417 3017 ·
462 2989 520 3041 Ὀ
556 2986 677 3041 δυσὶ
713 2988 915 3057 γάμοις
952 2990 1295 3059 συμπλακεὶς
1323 2992 1462 3059 μετὰ
1496 2990 1556 3043 τὸ
1595 2972 1785 3061 βαπτί-

1897 3009 2077 3049 smum
2117 2992 2217 3046 fuit
2243 2993 2555 3062 colligatus,
2590 2992 2672 3046 vel
2718 2991 2910 3046 habuit
2941 2992 3329 3056 concubinam,
3368 3009 3476 3048 non

198 3101 348 3151 σμα,
382 3082 415 3154 ἢ
449 3082 730 3154 παλλακὴν
757 3084 1131 3155 κτησάμενος,
1160 3086 1220 3138 οὐ
1252 3086 1472 3141 δύναται
1503 3082 1645 3141 εἶναι
1674 3088 1791 3139 ἐπί-

198 3192 427 3239 σκοπος,
450 3175 822 3246 πρεσϐύτερος
842 3177 874 3247 ἢ
898 3176 1165 3239 διάκονος,
1186 3177 1218 3250 ἢ
1240 3177 1376 3241 ὅλως
1395 3178 1488 3232 τοῦ
1510 3179 1788 3250 ἱερατικοῦ

192 3265 503 3331 καταλόγου
523 3308 537 3333 ,
576 3267 712 3337 μηδὲ
742 3269 770 3320 ὁ
806 3265 874 3337 ιηί
901 3267 970 3321 τὰ
1002 3268 1143 3322 αὐτὰ
1179 3269 1362 3343 σχεδὸν
1393 3268 1785 3343 διοριζόμενος.

208 3358 356 3411 Ἀλλ’
376 3358 607 3412 ἐκλαὸοῦ
634 3358 694 3412 τὸ
724 3352 865 3415 εἶναι
897 3360 977 3423 εὶς
999 3360 1059 3412 τὸ
1089 3359 1357 3426 γίνεσθαι,
1387 3364 1482 3414 καὶ
1511 3361 1657 3426 εἰπὲ,
1687 3362 1789 3415 Οὐ-

180 3454 314 3514 δεὶς
342 3449 514 3519 οὕτως
542 3452 835 3523 όλισθήσας
862 3453 1227 3525 ἀξιωθήσεται
1254 3453 1618 3507 ὲπισκοπικοῦ
1646 3455 1679 3524 ἢ
1713 3455 1788 3506 ἱε-

195 3543 431 3614 ρατικοῦ
455 3542 783 3614 ἀξιώματος.
812 3543 1092 3608 Ἀξιωθεὶς
1115 3543 1173 3599 δὲ
1199 3544 1348 3615 παρὰ
1376 3544 1441 3597 τὰ
1462 3544 1782 3614 δεδογμένα,

189 3642 251 3691 εἰ
296 3635 393 3703 μέν
426 3637 575 3689 ἐστιν
610 3636 929 3699 ἐπίσκοπος,
963 3635 1063 3688 οὐκ
1100 3634 1532 3705 ἁνακριθήσεται
1566 3636 1656 3689 διὰ
1690 3636 1788 3700 τὰς

191 3727 465 3798 ῥηθείσας
494 3729 693 3794 αἰτίας,
723 3729 819 3782 καὶ
851 3728 901 3781 οἱ
930 3728 1207 3799 ἀρχιερεῖς
1241 3726 1357 3795 ἅμα
1381 3727 1457 3797 τῷ
1485 3744 1790 3799 χειροτονη-

184 3820 361 3888 υῆναι
401 3820 461 3871 οὗ
502 3819 664 3889 μόνον
698 3816 1059 3873 ἁποστολικοῦ
1100 3818 1437 3888 χαρίσματος
1476 3816 1784 3883 ἀξιοῦνται,

186 3911 341 3965 ἀλλὰ
374 3911 465 3965 καὶ
501 3910 863 3984 προφητικσῦ.
900 3909 1057 3964 υῦτω
1090 3911 1197 3980 γὰρ
1232 3909 1323 3962 καὶ
1356 3908 1527 3962 Σαοὺλ
1561 3910 1620 3960 ἐν
1653 3924 1787 3978 προ·

186 4004 431 4073 φήταις,
474 4004 570 4057 καὶ
608 4003 865 4073 Καϊάφας
896 4001 1046 4059 ἄκων
1074 4001 1480 4072 προεφήτευσεν
1502 4015 1516 4030 °
1553 3996 1621 4071 ἦν
1655 4002 1784 4070 γὰρ,

186 4096 404 4165 φησὶν,
436 4095 725 4167 ἀρχιερεὺς
752 4095 846 4151 τοῦ
878 4093 1126 4150 ἐνιαυτοῦ
1159 4095 1367 4149 ἐκείνου
1392 4108 1407 4123 ο
1439 4093 1484 4144 εί
1517 4092 1573 4146 δὲ
1607 4093 1787 4165 ἱερεύς

188 4194 356 4243 ἐστιν
381 4187 413 4256 ἦ
441 4188 625 4259 ἕτερος
653 4188 969 4261 ίερωμένος,
1000 4185 1488 4259 καθαιρεθήσεται.
1518 4184 1785 4254 ’Λνάγνω-

188 4301 297 4338 σον
332 4284 424 4337 καὶ
454 4284 515 4336 το
549 4287 631 4336 κθ¹
656 4299 782 4352 κεφ.
812 4281 907 4336 τοῦ
942 4282 986 4334 θ’
1010 4281 1190 4334 τίτλου
1220 4280 1317 4333 τοῦ
1351 4281 1617 4351 παρόντος
1652 4297 1778 4332 συνο

1891 3094 2069 3157 potest
2097 3101 2221 3141 esse
2251 3087 2564 3157 episcopus,
2599 3092 2696 3143 aut
2725 3084 3033 3155 presbyter,
3068 3093 3162 3139 aut
3183 3086 3474 3153 diaconus,

1889 3179 1971 3234 vel
1993 3179 2218 3233 omnino
2248 3179 2302 3231 in
2338 3179 2590 3248 catalogo
2618 3178 2984 3241 sacerdotali;
3015 3192 3192 3247 neque
3229 3179 3478 3241 decimus

1888 3280 2115 3325 octavus
2161 3270 2353 3326 eadem
2420 3270 2533 3324 fere
2587 3252 2859 3324 statuens.
2921 3268 3028 3323 Sed
3074 3268 3263 3339 accipe
3312 3270 3473 3336 illud,

1889 3378 2029 3428 esse,
2069 3379 2189 3431 pro,
2222 3362 2380 3431 fieri;
2417 3372 2471 3418 ct
2495 3361 2605 3427 die,
2638 3361 2785 3431 quod
2831 3376 3017 3428 nemo,
3054 3363 3146 3433 qui
3178 3363 3257 3418 sic
3287 3363 3475 3434 lapsus

1888 3462 1990 3518 est,
2023 3453 2317 3525 episcopali
2358 3453 2438 3508 vel
2474 3453 2807 3513 sacerdotali
2841 3453 3041 3510 honori
3078 3455 3276 3525 dignus
3301 3456 3474 3511 habe-

1887 3543 2055 3597 bitur.
2094 3544 2194 3609 Qui
2242 3554 2422 3599 autem
2468 3553 2670 3613 praeter
2708 3542 2929 3599 decreta
2970 3542 3170 3616 dignus
3215 3544 3474 3617 habetur,

1888 3632 2157 3702 siquidem
2206 3641 2289 3689 est
2322 3632 2637 3703 episcopus,
2687 3648 2795 3691 non
2835 3633 3205 3703 postulabitur
3250 3643 3473 3706 propter

1889 3723 2064 3778 dictas
2098 3738 2317 3793 causas,
2350 3725 2575 3795 etquod
2612 3725 2886 3784 antistites
2922 3740 3045 3780 cum
3076 3726 3313 3795 primum
3345 3736 3475 3782 sunt

1888 3815 2148 3877 ordinati,
2184 3828 2293 3868 nou
2334 3815 2510 3867 solum
2563 3816 2871 3884 apostolica
2914 3820 3087 3885 gratia
3132 3817 3282 3889 digni
3315 3830 3470 3887 sunt,

1888 3904 1987 3959 sed
2022 3903 2185 3956 ctiam
2222 3904 2565 3972 prophetica.
2613 3904 2704 3958 Sic
2746 3904 2891 3958 enim
2926 3914 2979 3959 et
3011 3906 3141 3959 Saul
3172 3907 3313 3961 inter
3344 3924 3475 3977 pro.

1888 4000 2104 4068 phetas,
2166 4006 2223 4051 et
2288 3996 2529 4067 Caiphas
2594 3996 2802 4051 invitus
2862 3998 3287 4067 prephetizavit.
3346 4002 3475 4056 Erat

1886 4091 2055 4152 enim,
2086 4091 2285 4160 inquit,
2318 4087 2559 4158 pontifex
2590 4089 2719 4143 anni
2753 4088 2923 4143 illius.
2963 4085 3059 4148 Sin
3096 4091 3355 4149 sacerdos
3378 4091 3469 4160 sit,

1886 4190 1977 4237 aut
2011 4183 2152 4237 alius
2192 4182 2371 4237 sacris
2409 4181 2683 4244 initiatus,
2721 4180 3051 4250 deponetur.
3089 4179 3232 4252 Lege
3261 4191 3315 4237 et
3347 4197 3469 4253 cap.

1884 4274 1955 4328 ~29
1989 4276 2070 4328 tit.
2105 4273 2138 4327 9
2180 4273 2470 4344 praesentis
2514 4272 2720 4343 Operis,
2756 4281 2811 4328 et
2853 4271 3103 4329 invenies
3134 4273 3189 4327 in
3226 4288 3291 4329 eo
3323 4274 3471 4343 leges

182 4378 505 4443 τάγματος,
540 4374 637 4427 καὶ
677 4373 934 4444 εὑρήσεις
976 4373 1034 4425 ἐν
1071 4371 1220 4441 αὐτῷ
1262 4369 1462 4439 νόμους
1499 4370 1785 4445 διαφόρους

1892 4368 2160 4432 diversas,
2202 4381 2325 4437 quae
2366 4368 2535 4420 multa
2579 4364 2647 4420 de
2690 4364 3076 4421 sacerdmibus
3117 4377 3176 4420 et
3222 4365 3346 4421 aliis
3375 4367 3471 4436 qui

184 4465 376 4521 πολλὰ
407 4465 534 4535 περὶ
565 4466 756 4535 ἱερέων
785 4465 880 4517 καὶ
909 4465 1110 4534 ὲτερων
1142 4462 1457 4533 ἱερωμένων
1484 4462 1785 4533 διαλαμὸάε-

183 4573 395 4618 νοντας
418 4596 434 4621 ,
465 4558 781 4609 ἐπισκόπων
810 4555 867 4607 δὲ
899 4555 1034 4617 ὅλως
1071 4554 1264 4623 μνείαν
1297 4552 1373 4625 μὴ
1404 4556 1780 4624 ποιουμένους.

277 4646 519 4705 ΖΩΝΑΡ.
556 4648 631 4701 Τὸ
662 4647 889 4700 παλαιὸν
919 4646 981 4700 τὸ
1018 4646 1118 4719 μὲν
1151 4649 1411 4717 κήρυγμα
1445 4646 1693 4717 ἐδέχοντο
1731 4647 1783 4700 oi

188 4739 448 4802 πλείους,
479 4738 571 4792 καὶ
607 4737 891 4791 ἐπίστευον
945 4738 1022 4807 τῷ
1056 4738 1295 4810 Χριστῷ,
1329 4737 1687 4808 βαπτίζεσθαι
1721 4737 1779 4796 δὲ

187 4829 611 4900 ὑπερετίθεντο.
650 4830 741 4885 Διὸ
778 4832 873 4884 καὶ
910 4833 938 4884 ό
975 4831 1234 4901 Θεολόγος
1277 4830 1577 4903 Γρηγόριος
1614 4830 1713 4885 καὶ
1751 4831 1780 4885 ὁ

191 4926 379 4998 μέγας
410 4923 687 4986 Βασίλειος
710 4928 834 4986 τοὺς
865 4926 944 4987 είς
970 4924 1029 4977 τὸ
1056 4922 1209 4994 ἅγιον
1238 4924 1522 4994 βάπτισμα
1551 4940 1783 4994 προτρε-

185 5017 436 5078 πτικοὺς
463 5017 868 5086 συνεγράψαντο
896 5013 1303 5086 λόγους.⁷Ησαν
1326 5015 1419 5073 οὖν
1442 5019 1499 5070 ὲν
1521 5018 1633 5079 τοῖς
1662 5033 1784 5073 και-

190 5114 323 5185 ροῖς
360 5109 470 5163 τῶν
506 5110 760 5179 διωγμῶν
798 5107 1029 5162 τοιοῦτοι
1072 5108 1277 5171 πολλοὶ,
1320 5108 1639 5173 Χριστιανοὶ
1681 5105 1782 5176 μὲν

188 5206 359 5266 ὄντες
380 5245 393 5270 ,
433 5204 601 5274 μήπω
634 5204 689 5257 δὲ
726 5202 1135 5273 βαπτισθέντες.
1167 5203 1335 5273 Φησὶν
1372 5197 1464 5255 οὖν
1500 5200 1631 5273 περὶ
1665 5200 1784 5259 τού-

193 5314 314 5349 των
339 5298 367 5349 ὁ
396 5294 573 5347 κανὼν
600 5296 703 5359 ὅτι,
736 5297 828 5349 ὲόιν
853 5314 995 5359 τινες
1024 5295 1227 5349 ἔθυσαν
1253 5293 1680 5363 κατασχεθέντες
1708 5292 1782 5355 ὡς

200 5387 561 5455 Χριστιανοὶ,
592 5388 889 5455 ἀφώτιστοι
917 5386 973 5440 δὲ
1005 5387 1156 5451 ὄντες
1190 5385 1329 5458 μετὰ
1355 5385 1530 5439 ταῦτα
1559 5383 1785 5437 ὲὸαπτί-

206 5479 435 5549 σθῃσαν,
466 5478 618 5532 οὐδὲν
645 5479 840 5544 αὐτοὺς
870 5479 1072 5533 κωλύει
1096 5479 1158 5532 τὸ
1189 5477 1350 5532 θῦσαι
1382 5478 1461 5540 είς
1490 5476 1548 5530 τὸ
1583 5492 1787 5548 προαρ-

281 5664 325 5691 ⁹³
362 5661 549 5718 .‘iinltlt.
588 5675 697 5725 XVI,
747 5659 831 5714 19.

1886 4469 2016 4515 sunt
2065 4459 2119 4513 in
2165 4458 2342 4514 sacris
2393 4465 2670 4523 tractent;
2710 4457 3092 4533 episcoporum
3129 4470 3313 4514 autem
3348 4474 3470 4515 om:

1885 4553 2018 4608 nino
2054 4550 2381 4606 mentionem
2412 4564 2517 4605 non
2550 4547 2780 4605 faciunt.

1959 4641 2210 4697 ZONAR.
2251 4639 2507 4711 Mysteria
2536 4640 2763 4711 quidem
2786 4641 2915 4696 olim
2943 4650 3147 4699 nostrae
3180 4644 3468 4717 religionis

1885 4736 2071 4789 audita
2102 4733 2287 4803 plures
2313 4731 2691 4795 admittebant.
2725 4748 2791 4787 ac
2819 4733 2965 4800 fidei,
3000 4749 3122 4804 qua!
3149 4734 3216 4790 de
3245 4736 3469 4794 Christo

1886 4835 1992 4891 est,
2030 4826 2190 4895 plane
2222 4821 2709 4889 assentiebantur;
2746 4822 2842 4878 sed
2880 4824 3135 4895 baptismi
3167 4828 3310 4882 diem
3349 4829 3471 4885 lOﬂ-r

1889 4919 2013 4987 gius
2056 4914 2416 4971 nihilominus
2446 4914 2834 4973 cxtrahebant.
2862 4914 2960 4969 tEx
2994 4931 3103 4985 quo
3138 4927 3190 4970 et
3221 4915 3467 4986 Gregorii

1890 5009 2150 5078 TheOIOgi
2182 5017 2236 5063 et
2262 5005 2444 5076 magni
2475 5004 2662 5061 Basilii
2703 5007 3004 5073 orationes,
3037 5006 3236 5076 quibus
3269 5008 3336 5061 ad
3372 5009 3470 5063 ba-

1890 5104 2148 5175 ptismum
2183 5098 2569 5162 hortabantur,
2605 5097 2889 5153 exstitere.
2925 5098 3098 5152 Erant
3149 5099 3330 5167 itaque
3374 5115 3470 5170 per

1889 5212 1952 5252 ca
1993 5204 2262 5265 tempora,
2297 5191 2498 5261 quibus
2546 5206 2657 5245 rem
2707 5190 3077 5245 Christianam
3128 5192 3347 5261 tyranni
3380 5194 3462 5247 di-

1889 5289 2185 5351 vexabant,
2216 5283 2488 5354 ejusmodi
2523 5283 2774 5337 homines
2816 5283 2954 5336 haud
2988 5283 3173 5352 pauci,
3205 5284 3300 5353 qui
3343 5301 3465 5340 cum

1891 5378 2202 5436 Christiana
2254 5374 2597 5446 professione
2646 5383 3028 5437 censerentur,
3079 5375 3349 5444 baptismo
3383 5387 3467 5429 ta-

1893 5489 2013 5528 men
2068 5482 2413 5541 nequaquam
2458 5465 2636 5521 adhuc
2688 5464 2889 5534 expiati
2947 5464 3207 5523 fuissent.
3260 5465 3334 5524 De
3383 5467 3470 5525 his
