4014 6224
551 279 691 339 1159

1783 263 1832 322 Τ
1838 259 2066 322 HEOD.
2110 259 2200 318 BA
2210 259 2343 318 LSA
2356 255 2514 318 ΜοΝ

3669 238 3804 304 Ῑῖω

543 391 711 459 igitur
759 387 1091 450 hominibus,
1119 384 1168 439 si
1205 381 1424 438 nomine
1473 377 1802 434 Christiana:
1845 373 2124 445 religionis
2161 411 2165 431 .

2274 373 2425 437 ῡῆναι
2458 372 2537 434 εἰς
2568 368 2722 434 τάξιν
2742 409 2756 431 ,
2789 366 3068 422 τουτέστιν
3100 365 3180 427 είς
3216 358 3519 432 ἱερωσύνης
3558 354 3765 426 βαῦμόν
3790 361 3805 376 ⁶

545 480 926 552 comprehensi
953 477 1320 535 immolavere,
1348 488 1411 527 ac
1435 481 1617 541 postea
1645 470 1934 538 baptismo,
1956 481 2114 536 quem

548 584 707 627 antea
756 588 878 625 non.
911 575 1302 636 susceperant,
1341 563 1534 618 initiati
1570 567 1741 624 sunt;
1789 557 1922 612 nihil
1953 573 2016 610 ex
2052 571 2118 610 eo

2224 466 2282 518 τὸ
2307 465 2414 533 γὰρ
2442 466 2594 531 ἆγιον
2621 463 2900 532 βάπτισμα
2925 461 3141 513 ἅπαντα
3165 455 3237 508 τὰ
3263 453 3453 522 πρώην
3485 448 3808 521 μολύσματα

2227 556 2524 608 ἀπολοῦσαι
2563 555 2658 607 καὶ
2693 553 2999 621 ἐκκαθᾶραι
3033 546 3352 601 πιστεύεται
3384 545 3546 596 ὁποῖα
3579 539 3650 593 ἂν
3683 535 3808 591 εἷεν.

550 661 692 730 quod
743 659 1179 714 sacriﬁeaverint
1228 653 1514 723 impediri,
1567 649 1862 720 quominus
1905 661 2000 700 eos
2048 647 2114 699 ad
2151 647 2425 711 ordinem,
2479 646 2583 700 hoc
2625 652 2710 698 est
2777 641 3065 698 sacerdotii
3131 638 3381 708 gradum,
3427 632 3586 689 evehi
3635 631 3808 684 lict-al.

552 765 726 804 canon
755 746 1018 801 decernit.
1046 743 1248 799 Omnes
1270 743 1414 798 enim
1440 748 1596 793 antea
1623 746 1922 793 contraettn
1941 736 2135 789 sordes
2169 735 2443 806 baptismo
2477 734 2584 788 eltti
2619 734 2900 802 delerique
2928 729 3252 786 creduntur.

552 841 775 899 ARIST.
817 861 835 893 ε
878 841 982 904 Qui
1028 851 1153 892 ante
1185 837 1451 906 baptisma
1483 833 1846 896 sacriﬁcavit,
1877 839 1998 901 post
2040 830 2128 882 in-

1051 948 1069 982 ι
1112 946 1245 985 sons
1281 930 1568 983 habeatur.
1607 945 1624 978 ι

622 1027 757 1079 Cum
782 1034 1034 1079 sanctum
1063 1025 1331 1093 baptisma
1355 1036 1566 1078 onmem
1596 1019 1883 1071 animalem
1912 1015 2126 1070 sordem

556 1122 762 1181 abluat,
800 1117 995 1171 merito
1053 1115 1272 1184 quidem
1335 1112 1424 1166 ille
1469 1110 1564 1180 qui
1623 1115 1752 1162 ante
1799 1107 2126 1175 baptismum

557 1207 908 1271 sacriﬁcavit,
966 1213 1091 1274 post
1139 1203 1468 1272 baptismum
1514 1199 1745 1253 crimine
1792 1196 2028 1257 vacabit,
2075 1203 2130 1248 ct

558 1303 624 1354 ad
662 1299 887 1369 gradum
931 1293 1324 1350 sacerdotalem
1376 1290 1810 1361 promovebitur,
1851 1287 1894 1342 si
1941 1287 2136 1342 subse-

559 1407 733 1462 quens
761 1389 879 1458 ejtts
910 1389 1020 1440 vita
1055 1387 1331 1453 inculpata
1367 1383 1698 1476 inveniatur.

1147 1474 1375 1530 CANON
1417 1473 1560 1527 XIII.

572 1595 590 1627 ι
632 1569 1059 1642 Chorepiscopis
1085 1583 1190 1620 non
1217 1567 1378 1620 licere
1403 1565 1747 1634 presbyteros
1772 1563 1858 1618 vel
1875 1562 2142 1617 diaconos

644 1685 662 1719 ι
706 1667 1000 1725 ordinare;
1053 1661 1144 1713 sed
1193 1671 1372 1726 neque
1423 1657 1572 1709 urbis
1626 1654 1983 1724 presbyteris,
2039 1653 2142 1706 uisi

646 1779 665 1811 ι
708 1773 830 1813 cum
869 1755 1064 1808 litteris
1095 1753 1162 1806 ab
1192 1753 1449 1821 episc0po
1491 1747 1819 1817 permissum
1856 1745 2050 1809 fuerit,
2083 1744 2136 1801 in
2173 1752 2214 1807 [ι

643 1871 660 1905 ι
705 1851 878 1904 aliena
909 1845 1192 1916 parocliia.
1235 1863 1254 1896 ι

649 2024 840 2084 BALS.
883 2022 939 2078 Si
988 2023 1131 2094 scire
1174 2018 1308 2074 velis
1343 2015 1568 2083 quinam
1601 2014 1710 2067 sint
1734 2009 2144 2082 chorepiscOpi,

577 2129 630 2174 et
671 2131 919 2187 quamam
974 2127 1162 2167 eorum
1207 2107 1516 2179 privilegia,
1565 2107 1681 2176 lege
1718 2104 2148 2159 Neocmsarianae

575 2206 772 2282 synodi
817 2219 1078 2258 canonem
1127 2201 1215 2264 I5,
1261 2198 1619 2253 Antiochenae
1672 2211 1933 2250 canonem
1985 2195 2050 2248 10
2094 2200 2150 2248 et

576 2297 750 2354 sancti
784 2293 967 2350 Basilii
993 2292 1059 2345 ad
1091 2290 1516 2359 chorcpiscopos
1541 2287 1852 2356 epistolam.
1889 2283 2150 2340 Statuunt

581 2399 762 2454 autem
802 2392 856 2440 et
896 2383 1180 2453 praesentis
1226 2380 1417 2451 synodi
1463 2378 1650 2432 Patres
1693 2377 2148 2446 chori-piscopum

583 2494 688 2530 non
728 2473 983 2529 ordinare
1013 2470 1363 2542 presbyteros
1387 2469 1471 2523 vel
1505 2467 1770 2523 diaconos
1802 2467 1920 2520 sine
1949 2468 2152 2535 scripta

580 2567 807 2638 epistola
845 2563 1047 2634 proprii
1077 2561 1344 2630 episcopi,
1382 2560 1476 2615 sed
1503 2574 1676 2628 neque
1704 2558 2152 2628 urbispresliyte-

584 2675 728 2715 rum.
760 2659 838 2717 Ae
869 2657 934 2714 de
958 2652 1208 2726 praesenti
1241 2652 1404 2729 387
1428 2650 1645 2720 quidem
1673 2663 1882 2708 canone
1906 2649 2153 2716 quoidam

583 2751 829 2812 scribere
866 2747 1228 2814 volebamus;
1272 2743 1367 2804 sed
1409 2742 1667 2812 quoniam
1729 2740 2152 2810 ehorepiscopo-

586 2858 707 2904 rum
765 2840 964 2910 gradus
1009 2837 1231 2891 omnino
1269 2833 1521 2895 exolevit,
1570 2847 1745 2901 neque
1791 2847 1894 2894 nos
1937 2832 2152 2892 inanem

591 2935 792 2996 frustra
827 2933 1065 2986 laborem
1095 2928 1374 2996 suscipere
1402 2924 1699 2979 voluimus.

659 3105 907 3177 ZONAR.
952 3103 1147 3156 Eadem
1169 3099 1518 3158 Antiocheam
1537 3113 1748 3169 quoque
1772 3099 1962 3169 synodi
1983 3113 2157 3156 canon
2185 3083 2228 3140 (ἶ

590 3198 836 3250 ιιειεὶιιιυε
871 3193 937 3246 de
968 3189 1375 3258 chorcpiscopis
1404 3190 1612 3252 statuit,
1637 3188 1837 3258 quibus
1865 3188 2165 3258 presbyteri

593 3305 656 3342 ac
721 3287 931 3340 dini-oni
997 3283 1271 3342 creatione
1329 3281 1695 3345 interdicens,
1759 3278 2168 3348 hypodiaconos

592 3385 826 3434 tantum,
867 3373 1098 3426 lectores
1136 3381 1199 3423 ac
1253 3368 1556 3435 exorcistas
1594 3365 1812 3422 creandi
1844 3373 2166 3434 potestatem

591 3466 849 3535 relinquit
893 3482 905 3516 :
953 3462 1264 3517 sacerdotes
1315 3476 1460 3526 vero,
1505 3475 1569 3524 ac
1618 3459 1917 3523 diaconos,
1964 3461 2170 3527 absque

589 3573 801 3620 eoa-uni,
827 3554 1025 3636 quibus
1055 3552 1282 3617 suinecti
1307 3560 1458 3613 sunt,
1484 3550 1861 3620 episcoporum
1891 3546 2168 3616 facultate,

595 3659 803 3706 creare,
826 3642 918 3708 sed
952 3651 1002 3694 et
1026 3640 1338 3704 sacerdotes
1364 3640 1416 3692 in
1446 3637 1576 3692 urbe
1600 3637 1776 3705 aliqua
1804 3637 2166 3700 constituere,

597 3737 821 3791 omnino
859 3743 1023 3802 vetat.
1060 3733 1114 3785 Si
1149 3747 1380 3800 namque
1405 3730 1457 3783 in
1490 3730 1556 3783 iis
1583 3728 1914 3803 regionibus,
1940 3743 2168 3798 quarum

595 3829 838 3898 episcopi
859 3836 1005 3890 sunt,
1023 3827 1196 3879 dictos
1215 3823 1434 3877 ereantli
1461 3830 1779 3891 potestatem
1806 3837 1909 3875 non
1933 3824 2130 3876 habent
2156 3839 2170 3876 :

601 3921 774 3974 multo
807 3917 979 3992 magis
1019 3917 1066 3982 id
1100 3916 1204 3971 sibi
1239 3929 1455 3982 sumere
1486 3915 1538 3967 in
1569 3913 1796 3978 urbibus
1824 3912 2172 3971 yetabuntur.

601 4011 933 4078 Facultatem
993 4024 1155 4078 porro
1213 4005 1479 4076 ejusmodi
1525 4021 1616 4074 per
1660 4005 1896 4067 litteras,
1941 4004 2040 4057 hoc
2090 4011 2175 4065 est

598 4105 820 4170 scriptis
878 4112 1176 4169 exaratam.
1209 4113 1274 4160 ne
1325 4112 1444 4166 qua:
1487 4097 1554 4150 de
1587 4111 1650 4149 ea
1698 4111 1757 4150 re
1805 4094 2175 4156 controversia

599 4197 897 4262 oboriatur,
929 4193 1322 4260 ehorepiscopo
1353 4189 1570 4258 quidem
1609 4189 1808 4241 factum
1847 4188 1893 4241 ei
1931 4193 2176 4254 potesta-

603 4301 708 4343 tem
760 4296 1132 4349 asseverante.
1178 4283 1437 4355 episc0po
1484 4288 1687 4343 autem,
1743 4277 1823 4332 vel
1873 4292 1981 4334 non
2043 4277 2177 4334 satis

604 4379 872 4446 eitplicata
919 4376 1128 4442 ratione
1162 4373 1456 4436 memor-ite,
1499 4371 1582 4424 vel
1624 4370 1728 4422 alia
1761 4381 2083 4450 quacunque
2114 4368 2178 4420 de

605 4486 796 4524 causa.
828 4477 1178 4534 pernegante,
1215 4479 1389 4516 canon
1417 4461 1642 4524 concedi
1671 4460 1845 4528 jubet.

607 4559 836 4615 ARIST.
880 4577 898 4610 ι
941 4556 1379 4624 Chorepiscopus
1413 4570 1519 4607 non
1550 4550 1762 4606 ordinat
1793 4549 1912 4606 sine
1939 4549 2178 4620 episcopi

1147 4665 1163 4694 ι
1205 4644 1584 4720 pet'tuissiune.
1629 4663 1646 4694 ι

685 4738 779 4794 llic
815 4737 1030 4807 quidem
1068 4751 1244 4787 canon
1293 4735 1411 4787 sine
1459 4733 1810 4788 distinctione
1841 4731 2184 4800 ehorepisco—

612 4849 710 4903 pos
759 4833 876 4883 sine
923 4827 1160 4896 episc0pi
1205 4825 1565 4894 permissione
1597 4825 1856 4902 ordinare
1902 4821 2180 4892 prohibet.

613 4899 680 4982 Ῐιι
711 4922 956 4991 decimus
985 4918 1178 4990 synodi
1213 4916 1565 4970 Antiochense
1596 4899 1771 4968 canon
1817 4913 2069 4968 concedit
2103 4913 2182 4967 eis

613 5016 847 5068 lectores
895 5020 1127 5070 tantum,
1177 5007 1258 5060 Vel
1305 5005 1710 5076 hypotliaeouos
1756 5001 1839 5056 vel
1883 5000 2184 5056 exorcistas

612 5105 972 5166 constituere,
1011 5115 1116 5152 non
1148 5105 1326 5150 autem
1365 5096 1739 5164 presbyterum
1772 5094 1851 5148 vel
1890 5094 2180 5147 diaconum

614 5197 872 5250 ordinare
898 5192 1116 5257 audere,
1152 5191 1269 5242 sine
1299 5187 1537 5256 episcopi
1571 5185 1806 5238 civitatis
1840 5184 1981 5238 illius
2009 5184 2093 5238 cui
2129 5190 2184 5237 et

616 5290 707 5343 ille
728 5296 781 5341 et
815 5287 962 5357 regio
990 5285 1179 5342 subest
1215 5282 1512 5348 voluntate.
1549 5276 1774 5346 Magnus
1802 5292 1926 5331 vero
1955 5275 2186 5330 Basilius

618 5379 898 5433 inveniens
943 5374 1221 5428 ministros
1263 5370 1520 5424 Ecclesiae
1555 5384 1585 5422 a
1627 5367 2038 5436 chorepiscopis
2069 5366 2188 5421 sine

617 5467 1020 5522 examinatione
1050 5464 1243 5529 factos,
1271 5474 1649 5534 smpcnumero
1677 5466 1856 5512 autem
1889 5464 1942 5512 et
1972 5472 2002 5510 a
2033 5471 2186 5525 pres-

623 5560 823 5630 byteris
850 5567 900 5612 et
928 5556 1172 5612 diaconis
1201 5535 1563 5617 introductos,
1595 5560 1783 5606 contra
1805 5551 2180 5620 episcoporum

623 5665 842 5708 SUurutn
875 5646 1312 5720 permissionem,
1356 5661 1465 5703 non
1502 5644 1752 5700 concedit
1782 5640 2184 5710 cborepiscopis

2229 832 2455 886 ΑΡΙΣΤ.
2482 848 2501 882 t
2537 830 2594 882 Ὀ
2626 827 2734 896 πρὸ
2786 827 2880 880 τοῦ
2915 824 3292 893 βαπτίσματος
3324 818 3496 880 θύσις
3528 815 3814 878 ἀνεύθυνκ

2671 936 2691 969 ι
2739 917 2878 988 μετᾶ
2908 915 2968 967 τὺ
2999 914 3306 984 βάπτισμα.
3357 927 3375 958 ι

2315 1015 2470 1071 Ἐπεὶ
2513 1015 2572 1067 τὸ
2615 1014 2771 1081 ἆγιον
2819 1011 3104 1080 βάπτισμα
3148 1007 3327 1062 πάντα
3375 1004 3550 1074 ῥύπον
3587 999 3814 1070 ψυχικὶν

2234 1109 2558 1172 ἀποπλύνει,
2597 1107 2820 1168 εἰκότως
2867 1105 2896 1156 ό
2942 1102 3048 1171 πρὸ
3089 1099 3184 1151 τοῦ
3231 1097 3614 1166 βαπτίσματος
3661 1093 3816 1154 θύσας

2239 1201 2378 1272 μετὰ
2411 1202 2472 1252 τὸ
2509 1199 2792 1267 βάπτισμα
2827 1195 2981 1248 ἔσται
3017 1189 3332 1250 ἀνεύθυνος,
3370 1189 3465 1238 καὶ
3502 1186 3584 1246 εἰς
3626 1185 3820 1253 ἱερατι-

2241 1297 2334 1348 κδν
2367 1292 2574 1364 βαθμὸν
2606 1290 3048 1358 προαχθήσεται,
3080 1284 3241 1352 εἴπερ
3272 1283 3300 1333 ὁ
3336 1279 3473 1350 μετᾶ
3503 1277 3682 1330 ταῦτα
3714 1276 3821 1344 βίος

2244 1388 2411 1442 αὐτοῦ
2442 1383 2639 1454 εὐρεθῇ
2675 1380 3064 1444 ἀνεπίληπτος.

2845 1469 3086 1528 ΚΑΝΩΝ
3124 1465 3224 1522 ιΓε.

2249 1595 2268 1629 ι
2324 1572 2791 1646 Χωρεπισκόπους
2879 1567 2953 1638 μὴ
3034 1564 3235 1629 ἐξεῖναι
3310 1558 3726 1630 πρεσϐυτέρους
3792 1553 3822 1622 ἢ

2325 1693 2344 1724 ι
2389 1670 2668 1728 διακόνους
2699 1662 3026 1734 χειροτονεῖν
3054 1675 3068 1690 ⁸
3104 1657 3240 1710 ἀλλὰ
3275 1656 3382 1725 μὴν
3418 1652 3555 1722 μηδέ
3589 1648 3826 1717 πρεσῦυο

2320 1783 2338 1816 ι
2385 1763 2576 1833 τέρους
2661 1757 2907 1818 πόλεως,
2997 1751 3168 1820 χωρκς
3259 1747 3351 1801 τοῦ
3453 1743 3826 1813 ἐπιτραπῆναι

2323 1875 2342 1908 ι
2389 1855 2494 1908 ὑπὸ
2522 1850 2615 1904 τοῦ
2651 1847 2951 1903 ἐπισκόπου
2990 1841 3127 1916 μετὰ
3159 1839 3541 1909 γραμμάτων,
3573 1836 3633 1886 ἐν
3662 1833 3828 1902 ἑτέρᾳ

2323 1966 2340 1998 ι
2386 1943 2670 2012 παροικίᾳ.
2721 1958 2739 1993 ι

2319 2036 2520 2090 ΒᾹΛΣ.
2549 2036 2609 2087 Ei
2627 2033 2801 2093 θέλεις
2822 2028 3013 2098 μαθεῖν
3028 2025 3175 2086 τίνες
3191 2019 3335 2075 εἰσὶν
3349 2021 3397 2073 οἱ
3418 2017 3829 2088 χωρεπίσκοποι

2247 2131 2342 2184 καὶ
2371 2131 2494 2181 τίνα
2521 2126 2588 2180 τὰ
2616 2123 2824 2177 τούτων
2853 2118 3144 2187 προνόμια,
3176 2111 3449 2180 ἀνάγνωθι
3471 2108 3567 2179 τῆς
3597 2109 3658 2160 ἐν
3687 2106 3832 2159 Ngo.-

2252 2221 2552 2293 καισαρείᾳ
2579 2217 2796 2294 συνόδου
2826 2214 3027 2269 κανόνα
3058 2217 3149 2280 ιγ’,
3179 2210 3278 2279 τῆς
3310 2208 3368 2259 ἐν
3399 2201 3705 2272 Ἀντιοχείᾳ
3738 2215 3833 2252 κα-

2254 2317 2381 2372 νόνα
2411 2322 2463 2379 ι’,
2493 2312 2586 2366 καὶ
2612 2313 2711 2378 τὴν
2743 2307 2878 2380 πρὸς
2907 2307 3032 2370 τοὺς
3060 2300 3514 2375 χωρεπισκόπους
3547 2294 3828 2360 ἐπιστολὴν

2250 2411 2344 2463 τοῦ
2371 2409 2527 2475 ἁγίου
2555 2403 2857 2457 Βασιλεξου.
2879 2397 3218 2469 Διορίζονται
3241 2393 3294 2446 δὲ
3320 2391 3418 2445 καὶ
3439 2391 3490 2442 οἱ
3513 2390 3617 2458 τῆς
3640 2386 3830 2456 παρού-

2255 2518 2354 2572 σης
2394 2497 2612 2553 συνόδου
2657 2495 2897 2563 Πατέρες
2940 2491 3014 2559 μὴ
3053 2483 3384 2559 χειροτονεῖν
3420 2479 3833 2553 χωρεπίτκεπιιν

2254 2566 2658 2663 πρεσϐυτέρους
2679 2586 2711 2654 ἢ
2737 2583 3019 2644 διακόνους
3041 2579 3209 2654 χωρὶς
3236 2574 3526 2644 ἐγγράτου
3551 2566 3836 2634 ἐπιστολῆς

2253 2660 2346 2738 τοῦ
2370 2681 2637 2752 ἐγχωρίου
2663 2675 2994 2730 ἐπισκόπου·
3020 2669 3156 2725 ἀλλὰ
3182 2668 3318 2738 μηδέ
3342 2662 3623 2734 πρεσϐύτε
3636 2679 3723 2728 ρον
3747 2660 3836 2709 πίε

2253 2778 2410 2836 λεως.
2455 2773 2590 2840 Περὶ
2639 2769 2821 2838 μέντοι
2861 2764 2956 2818 τοῦ
2998 2763 3262 2832 παρόντος
3305 2759 3535 2816 κανόνος
3576 2753 3840 2824 ἠθέλομεν

2254 2868 2467 2939 γράψαι
2499 2861 2622 2916 τινά
2646 2879 2660 2893 ⁸
2705 2862 2826 2913 ἐπεὶ
2862 2858 2919 2912 δέ
2957 2859 2984 2910 ό
3021 2855 3130 2908 τῶν
3159 2849 3603 2922 χωρεπισκόπων
3639 2843 3841 2913 βαῦμδς

2257 2959 2538 3022 παντελῶς
2584 2955 2965 3028 ὴπράκτησεν,
3016 2947 3137 3002 ούδέ
3185 2946 3348 3016 ἡμεῖς
3402 2939 3841 3012 ματαιοπονῆσαι

2259 3053 2624 3124 ἠθελήσαμεν.

2343 3143 2588 3197 ΖΩΝΑΡ.
2640 3141 2699 3194 Ὀ
2751 3138 2847 3207 τῆς
2883 3139 2941 3190 ἐν
2986 3130 3291 3200 Ἀντιοχείᾳ
3339 3124 3561 3180 συνόδου
3624 3121 3851 3184 δέκατος

2273 3237 2456 3292 κανὼν
2499 3237 2567 3289 τὰ
2625 3209 2764 3286 αύτὰ
2819 3228 2949 3300 περὶ
2999 3227 3107 3279 τῶν
3157 3217 3605 3294 χωρεπισκόπων
3659 3212 3846 3282 ὁρίζει,

2275 3328 2648 3396 ἀπαγορεύων
2676 3324 2861 3392 αὐτοῖς
2881 3317 3220 3390 χειροτονίαν
3253 3309 3652 3382 πρεσϐυτέρου
3687 3308 3719 3374 ἦ
3738 3307 3848 3357 δια-

2275 3424 2458 3487 κόνου,
2497 3420 2692 3490 μόνους
2749 3417 2807 3468 δέ
2864 3409 3176 3479 ἐπιτρέπων
3235 3403 3570 3474 χειροτονεῖν
3634 3397 3854 3450 67:05::-

2276 3516 2465 3577 κόνους
2523 3511 2619 3575 καὶ
2662 3505 3019 3574 ἀναγνώστας
3058 3501 3152 3554 καὶ
3192 3494 3557 3568 ἐφορκιστάς·
3608 3493 3746 3546 ἄνευ
3805 3489 3858 3540 δέ

2276 3606 2582 3678 ἐπιτροπῆς
2612 3603 2718 3658 τῶν
2749 3597 3068 3652 ἐπισκόπων
3093 3587 3177 3655 οἷς
3203 3591 3524 3643 ὑπόκεινται
3551 3585 3634 3655 μὴ
3658 3585 3859 3648 ἐξεῖναι

2277 3703 2464 3763 αὐτοῖς
2511 3693 2887 3766 πρεσϐύτερον
2943 3689 2976 3760 ἢ
3033 3686 3282 3740 διάκονον
3321 3681 3684 3751 χειροτονεῖν,
3727 3674 3862 3728 αἱ.λὰ

2284 3793 2418 3864 μηδέ
2447 3786 2853 3860 πρεσϐυτέρους
2882 3783 2940 3835 ἐν
2973 3779 3167 3833 πόλεσι
3215 3767 3510 3841 καθιστᾷν.
3545 3771 3614 3822 Et
3662 3769 3777 3837 γᾶρ
3809 3768 3865 3816 ἐν

2277 3887 2398 3945 ταῖς
2461 3879 2667 3949 χώραις
2725 3877 2782 3928 ἐν
2840 3865 2930 3933 αἷς
3003 3863 3396 3930 ἐπισκοποῦσιν
3449 3861 3511 3913 οὗ
3600 3859 3868 3912 δύνανται

2282 3973 2610 4045 χειροτονεῖν
2669 3967 2797 4028 τοὺς
2851 3962 3203 4038 εἰρημένους,
3284 3953 3489 4024 μᾶλλον
3542 3954 3606 4005 ἐν
3670 3953 3869 4002 πόλεσι

2281 4066 2438 4120 τοῦτο
2468 4064 2640 4116 ποιεῖν
2677 4057 3002 4117 κωλύονται.
3033 4051 3144 4122 Τὴν
3172 4050 3228 4102 δέ
3261 4047 3572 4116 ἐπιτροπὴν
3610 4045 3870 4114 βούλεται

2283 4157 2311 4208 ό
2342 4153 2521 4208 κανὼν
2555 4152 2644 4205 διὰ
2679 4146 3022 4222 γραμμάτων
3057 4139 3341 4210 γίνεσθαι,
3378 4123 3501 4206 ἦτοι
3537 4135 3871 4205 ἔγγραφον,

2287 4247 2374 4300 ἵνα
2430 4245 2504 4314 μή
2563 4257 2648 4303 τις
2686 4239 2770 4306 εἴη
2823 4236 2952 4305 περὶ
3006 4233 3195 4286 τούτου
3245 4228 3575 4298 ἀμφιὸολία,
3636 4227 3734 4280 τοῦ
3774 4226 3876 4294 μὲν

2285 4335 2708 4408 χωρεπισκόπου
2756 4330 3009 4397 λέγοντος
3062 4323 3465 4394 ἐπιτραπῆναι,
3503 4322 3607 4373 τοῦ
3660 4324 3722 4374 δέ
3756 4323 3876 4372 ἐπι,

2215 4428 2259 4482 D
2290 4433 2495 4482 σκόπου
2527 4420 2864 4494 ἀρνουμένου
2908 4419 3038 4482 ῐσως
3079 4416 3110 4486 ἢ
3161 4416 3248 4485 δια
3289 4415 3461 4484 λήθην
3498 4414 3771 4482 ῆᾶλὶως.

2283 4519 2506 4576 ΔΡΙΣΤ.
2567 4513 3047 4583 (Χωρεπίσκοπος
3107 4510 3167 4560 ού
3220 4508 3517 4576 χειροτονεῖ
3564 4506 3705 4572 ᾇνευ
3759 4507 3879 4556 ἐπε-

2721 4627 2738 4658 ι
2782 4603 2988 4677 τρεπῆς
3028 4602 3345 4669 ἐπισκόπου.
3399 4616 3416 4656 ι

2368 4708 2427 4760 '0
2453 4704 2552 4775 μὲν
2582 4700 2761 4754 κανὼν
2780 4691 2935 4760 οὗτος
2962 4696 3327 4756 ἀδιαστίκτως
3360 4694 3487 4762 τοὺς
3513 4690 3879 4766 χωρεττισκ-ίο

2288 4816 2422 4863 πους
2472 4794 2670 4850 κωλύει
2717 4793 3048 4862 χειροτονεῖν
3099 4788 3228 4840 ἄνευ
3278 4769 3597 4854 ἐπιτροπῆς
3649 4783 3876 4836 sanxi»:

2290 4908 2416 4947 πουο
2459 4893 2487 4944 ό
2517 4889 2573 4943 δέ
2611 4872 2838 4948 δέκατος
2864 4881 3044 4937 κανὼν
3074 4881 3174 4950 τῆς
3196 4882 3254 4931 ἐν
3297 4877 3615 4949 Ἀντιοχείᾳ
3643 4875 3870 4930 ,τυ-πόδες

2290 4987 2565 5055 συγχωρεῖ
2613 4983 2798 5049 αὐτοῖς
2852 4977 3011 5048 μόνον
3062 4971 3443 5041 ἀναγνώστας.
3490 4975 3594 5024 καὶ
3651 4971 3866 5022 ὑποδε-

2288 5081 2499 5146 κόνους,
2561 5077 2654 5129 καὶ
2709 5073 3035 5144 ἐφορκιστὲς
3097 5066 3382 5135 καθιστᾷν,
3431 5067 3508 5136 μὴ
3566 5067 3780 5134 μέντοι
3823 5076 3856 5125 τε

2292 5168 2731 5245 πρεσϐύτερονῆ
2789 5167 3036 5233 διάκονον
3095 5163 3424 5233 χειροτονεῖν
3475 5161 3698 5231 τολμᾷν
3769 5162 3860 5220 ἔξει

2293 5265 2520 5334 γνώμης
2581 5259 2676 5313 τοῦ
2721 5251 2794 5312 ’ἐν
2844 5261 2909 5328 τῇ
2956 5256 3107 5309 πόλει
3166 5255 3470 5307 ἐπισκόπου
3586 5254 3881 5306 ὑπόκειται

2295 5359 2458 5419 αὐτὸς
2485 5373 2543 5408 τε
2575 5354 2670 5408 καὶ
2700 5354 2732 5424 ἡ
2761 5351 2933 5422 χώρα.
2969 5349 3028 5402 ’0
3057 5349 3113 5402 δὲ
3147 5350 3318 5416 μέγας
3345 5346 3663 5411 Βασίλειος,
3697 5346 3887 5411 εὑρὼν

2295 5447 2671 5513 ἀνεξετάστως
2702 5445 3018 5514 γινομένους
3041 5443 3167 5506 τοὺς
3188 5442 3472 5510 ὑπηρέτας
3500 5440 3609 5511 τῆς
3649 5436 3890 5503 Ἐκκλη-

2294 5542 2414 5604 σίας
2469 5539 2620 5609 παρά
2675 5540 2782 5590 τῶν
2829 5535 3286 5606 χωρεπισκόπων,
3345 5532 3620 5595 πολλάκις
3663 5529 3723 5582 δὲ
3787 5529 3893 5579 καί*

2295 5653 2366 5689 πα
2377 5633 2444 5708 ρὰ
2473 5633 2580 5687 τῶν
2610 5629 2995 5702 πρεσϐυτέρων
3023 5625 3112 5680 καὶ
3141 5626 3406 5679 διακόνων
3451 5623 3898 5696 εἰσαγομένους,
