4014 6224
305 261 433 333 1161

1424 248 1508 310 ΙΝ
1546 246 1713 309 CAN.
1742 244 1883 315 XIV
1906 238 2115 312 CONC.
2155 238 2416 300 ANCYR.

2996 159 3033 181 χ

3406 226 3541 306 1163

303 383 424 436 κατ’
461 374 762 450 ἐπιτροπὴν
796 371 976 429 αὑτῶν
999 366 1337 431 ἐπισκόπων,
1360 366 1421 419 ού
1454 363 1727 435 συγχωρεῖ
1757 360 1870 422 τοῖς

2004 355 2093 413 ine
2123 356 2270 411 illius
2310 352 2578 415 sententia
2613 353 2685 415 ad
2714 352 3139 410 ecclesiasticum
3174 350 3540 423 ministerium

309 489 451 543 χωρε
468 472 748 531 πισκόποις
772 466 899 521 ἀνευ
925 462 1152 533 γνώμης
1175 459 1341 514 αὑτοῦ
1372 475 1494 511 τινα
1550 457 1631 518 εἰς
1675 453 1872 523 ἐκκλη-

307 561 597 632 σιαστικὴν
632 559 934 629 ὑπηρεσίαν
971 551 1402 626 παραδέχεσθαι⁵
1457 547 1592 601 ἀλλά
1640 544 1873 611 κατεξε-

306 652 570 717 τάζεσθαι
608 651 705 720 μὲν
736 649 860 711 τοὺς
890 645 1074 711 ἀξίους
1100 644 1253 715 παρά
1274 642 1382 695 τῶν
1416 636 1871 711 χωρεπισκόπων,

308 743 400 796 καὶ
454 736 878 810 παραδέχεσθαι.
923 736 998 806 μὴ
1041 732 1398 802 συναριθμεῖν
1434 728 1491 781 δὲ
1550 726 1745 786 αὐτοὺς
1798 723 1875 791 τῷ

307 834 493 905 κλήρῳ
526 832 629 904 πρὸ
656 826 753 884 τοῦ
800 828 1111 896 ἀνενεγκεῖν
1166 823 1314 894 αὐτῷ
1367 821 1437 875 τά
1486 820 1615 889 περὶ
1671 815 1872 870 αὐτῶν.

310 924 734 996 Χωρεπίσκοποι
749 921 807 974 δέ
824 922 965 973 εἰσιν
981 921 1028 972 οἰ
1052 918 1295 990 σήμερον
1315 913 1372 968 έν
1397 929 1509 966 τισι
1538 909 1759 991 κώμαις
1780 909 1876 961 καὶ

282 1041 287 1047 ·
309 1016 514 1095 χώραις
546 1012 983 1101 πρωτοπαποὶδες
1010 1009 1314 1078 λεγόμενοι.

336 1114 345 1117 ⁷
864 1098 869 1101 ’
907 1103 1147 1161 ΚΑΝΩΝ
1180 1098 1279 1155 ῙΔ’.

313 1216 334 1253 t
370 1200 509 1264 Τοὺς
528 1200 583 1251 ὲν
620 1198 827 1269 κλήρῳ,
861 1194 1270 1267 πρεσϐυτέρους
1303 1192 1335 1264 ἦ
1367 1190 1652 1255 διακόνους
1695 1189 1880 1254 ὄντας,

386 1312 404 1349 ‹
442 1290 821 1362 ἀπεχομένους
869 1287 1071 1359 κρεῶν,
1125 1284 1306 1351 ἔδοξεν
1368 1280 1733 1349 ἐφάπτεσθαι,
1787 1279 1883 1339 καὶ

391 1403 407 1435 ι
445 1384 639 1445 οὓτως,
672 1382 720 1434 εἰ
761 1380 1059 1451 βούλοιντο,
1096 1377 1323 1448 κρατεῖν
1369 1373 1599 1427 ἑαυτῶν·
1634 1373 1683 1425 εἰ
1715 1371 1770 1425 δὲ
1807 1370 1882 1441 μὴ

389 1495 417 1545 «ν
451 1475 748 1545 βούλοιντο,
785 1471 861 1534 ὡς
889 1470 1023 1541 μηδὲ
1077 1469 1144 1521 τὰ
1174 1465 1317 1537 μετά
1354 1464 1534 1535 κρεῶν
1579 1461 1883 1536 βαλλόμενα

391 1586 410 1621 ι
448 1566 657 1636 λάχανα
681 1564 904 1627 ἐσθίειν,
942 1561 1035 1624 καὶ
1071 1559 1203 1633 μηδὲ
1260 1557 1541 1611 ύπείκοιεν
1571 1554 1647 1625 τῷ
1674 1555 1881 1617 κανόνι,

383 1677 401 1711 ι
452 1655 769 1715 πεπαῦσθαι
792 1654 990 1716 αὐτοὺς
1021 1653 1119 1722 τῆς
1152 1651 1377 1715 τάξεως.
1425 1668 1444 1702 ι

1974 449 2288 520 quempiam
2324 448 2655 515 admittere;
2693 446 2786 505 sed
2822 446 3018 517 dignos
3055 445 3274 516 quidem
3311 460 3342 500 a
3378 444 3543 500 chor—

1975 543 2251 611 episcopis
2288 532 2508 611 inquiri,
2540 549 2592 596 et
2626 539 2864 605 admitti,
2899 556 3007 596 non
3047 548 3226 595 autem
3272 538 3420 596 clero
3448 553 3547 600 eos

1976 647 2392 698 connumerare,
2421 633 2738 704 priusquam
2764 649 2885 704 quae
2913 633 2981 688 ad
3013 648 3108 689 eos
3136 640 3407 703 spectant,
3442 632 3546 702 ipsi

1974 727 2234 795 episcopo
2269 726 2598 781 retulerunt.
2641 724 3032 795 ChorepiscOpi
3070 733 3249 780 autem
3288 734 3418 778 sunt
3450 725 3543 794 qui

1975 833 2119 873 nunc
2143 818 2195 871 in
2226 817 2549 887 quibusdam
2575 817 2710 872 vicis
2726 826 2779 873 et
2811 818 3126 888 regionibus
3150 818 3546 890 protopapadcs

1977 910 2356 965 nominantur.

2555 1086 2785 1147 CANON
2828 1089 2969 1145 XIV.

1986 1204 2003 1235 ι
2044 1183 2149 1240 Eos
2176 1185 2268 1255 qui
2301 1185 2353 1238 in
2391 1185 2540 1241 clero
2582 1194 2729 1250 sunt,
2768 1186 3117 1257 presbyteros
3148 1187 3232 1240 vel
3269 1186 3549 1251 diaconos,

2060 1291 2077 1323 ι
2118 1286 2145 1325 a
2189 1273 2451 1329 carnibus
2486 1274 2850 1340 abstinentes,
2881 1275 3086 1344 placuit
3117 1276 3236 1329 illas
3262 1278 3549 1347 attingere,

2062 1385 2080 1416 ι
2120 1374 2173 1420 ει
2209 1366 2312 1430 sic,
2361 1366 2406 1422 si
2441 1367 2634 1433 velint,
2667 1367 2734 1422 ab
2763 1367 2843 1422 eis
2882 1368 3161 1422 abstinere
3197 1383 3210 1421 :
3248 1369 3332 1422 sin
3371 1379 3552 1427 autem

2062 1475 2081 1507 ι
2123 1458 2321 1522 nolint,
2354 1468 2415 1513 ut
2445 1474 2545 1514 nec
2582 1459 2752 1524 olera,
2780 1475 2900 1529 quae
2935 1475 3058 1514 cum
3088 1460 3348 1516 carnibus
3373 1476 3555 1530 appo-

2061 1569 2078 1600 ι
2116 1561 2343 1616 nuntur,
2381 1554 2693 1613 comedere,
2724 1559 2779 1605 et
2822 1551 3022 1608 canoni
3072 1566 3178 1606 non
3222 1553 3439 1617 cedant,
3486 1554 3553 1616 ab

2058 1637 2309 1713 «yrdiuc
2344 1654 2584 1695 cessare.
2623 1658 2641 1691 ι

884 1706 1253 1815 περιεχόμενα
1288 1706 1365 1808 τῶ
1406 1738 1752 1809 ἀποστολικῷ
1798 1744 1875 1792 va’

2056 1706 2251 1784 IiALS.
2293 1730 2426 1797 Quae
2469 1732 2773 1801 apostolico
2820 1746 3034 1788 canone
3078 1734 3137 1788 5i
3181 1735 3556 1801 continentur,

316 1842 504 1904 κανόνι
562 1840 722 1909 χάριν
778 1837 888 1889 τῶν
941 1835 1304 1904 ἀπεχομένων
1349 1834 1551 1900 γάμου,
1592 1830 1735 1884 οἴνου
1787 1828 1881 1882 καὶ

315 1930 513 2000 κρεῶν,
542 1925 1081 1999 προηρμηνεύθησαν
1111 1925 1312 1977 ἐκεῖσεο
1355 1921 1482 1976 ἐπεὶ
1530 1921 1587 1975 δὲ
1614 1921 1881 1995 διελήφθη

316 2024 370 2075 ὲν
405 2022 480 2091 τῷ
512 2018 738 2090 τοιούτῳ
769 2017 957 2071 κανόνι
989 2016 1064 2087 μὴ
1080 2013 1408 2080 κολάζεσθαι
1437 2014 1567 2076 τοὺς
1603 2012 1688 2067 διὰ
1707 2013 1882 2082 ἀσκηε-

315 2131 397 2167 σιν
437 2112 825 2183 νηστεύοντας,
858 2108 996 2163 ἀλλά
1055 2106 1581 2185 τιμωρεῖσθαιιτοὺς
1637 2105 1886 2179 βλασφη-

319 2204 554 2274 μοῦντας
602 2204 746 2257 κατὰ
803 2201 913 2254 τῶν
980 2199 1309 2269 οἰκονομιῶν
1360 2196 1456 2251 τοῦ
1514 2196 1671 2250 Θεοῦ·
1739 2195 1886 2261 εἰκὸς

319 2296 375 2350 δὲ
430 2295 603 2347 εἰπεῖν
638 2308 813 2357 τινας,
862 2292 971 2346 Καὶ
1005 2290 1168 2344 πόθεν
1212 2288 1653 2365 ἀναφανήσονται
1701 2287 1751 2340 οἰ
1798 2284 1887 2340 διὰ

317 2386 524 2455 ἀγαθὸν
553 2386 753 2457 τρόπον
780 2385 875 2438 καὶ
913 2383 964 2437 οἰ
988 2383 1077 2437 διὰ
1118 2381 1320 2455 φαῦλον
1380 2380 1769 2448 νηστεύοντεςς
1834 2379 1886 2432 οἰ

318 2477 414 2547 τῆς
445 2476 729 2546 παρούσης
766 2473 984 2531 συνόδου
1018 2473 1260 2543 Πατέρες
1293 2470 1551 2541 εὐμαρῶς
1596 2470 1688 2523 καὶ
1728 2467 1887 2533 τοῦτο

318 2567 712 2637 δηυλήτωσαν.
778 2565 1027 2633 Ἔφασαν
1059 2564 1189 2633 γὰρ,
1213 2563 1287 2625 ὼς
1321 2563 1381 2617 Εἰ
1411 2562 1693 2633 βούλονται
1721 2563 1772 2616 οἰ
1795 2580 1889 2633 νηο

318 2655 602 2717 στεύοντες
651 2655 796 2710 ἆπαν
855 2654 1153 2708 σκάνδαλον
1205 2655 1586 2724 περιαιρῆσαι,
1651 2652 1889 2723 ἐφαπτέ-

320 2747 534 2800 σθωσαν
567 2747 727 2817 μόνον
774 2746 881 2799 τῶν
908 2747 1106 2816 κρεῶν,
1143 2746 1235 2799 καὶ
1262 2746 1422 2799 πάλιν
1454 2746 1886 2816 νηστευέτωσαν,

1983 1823 2152 1885 deiis
2183 1822 2273 1891 qui
2309 1837 2337 1875 a
2372 1822 2577 1891 nuptiis
2618 1829 2675 1876 et
2705 1822 2831 1876 vino
2871 1832 2924 1877 et
2966 1824 3221 1878 carnibus
3259 1825 3555 1895 abstinent,

1983 1914 2095 1969 illic
2130 1923 2258 1972 sunt
2296 1916 2567 1986 exposita.
2619 1914 2892 1980 Quoniam
2936 1924 3118 1970 autem
3155 1917 3207 1971 iu
3250 1932 3316 1973 eo
3347 1933 3558 1973 canone

1985 2014 2276 2063 tractatum
2305 2016 2408 2073 est,
2433 2022 2529 2062 eos
2558 2022 2664 2061 non
2698 2007 3004 2077 puniendos
3029 2009 3121 2078 qui
3154 2021 3373 2079 propter
3401 2027 3558 2067 CXCI“.

1984 2100 2303 2159 citationem
2342 2098 2631 2169 jejuuent;
2670 2098 2766 2163 sed
2802 2115 2894 2156 eos
2924 2114 3045 2156 esse
3081 2103 3436 2167 coercendos,
3465 2106 3556 2174 qui

1986 2192 2249 2247 adversus
2281 2192 2372 2247 Dei
2424 2192 2787 2253 mconom‘iam
2833 2190 3099 2253 maledice
3133 2192 3562 2263 blasphemeque

1985 2284 2284 2355 loquuntur
2310 2302 2324 2351 ;
2354 2293 2438 2341 est
2466 2292 2646 2338 autem
2681 2273 2978 2349 verisimile
3011 2285 3219 2345 dixisse
3244 2287 3561 2359 nonnullos,

1991 2377 2059 2432 Et
2097 2376 2373 2432 undenam
2412 2390 2440 2431 a
2475 2376 2632 2431 nobis
2662 2384 3065 2446 cognoscentur
3108 2380 3200 2449 qui
3235 2380 3377 2444 bene
3410 2395 3563 2440 more

1986 2480 2041 2527 et
2074 2471 2167 2542 qui
2202 2467 2655 2539 malojejunant?
2694 2470 2977 2538 prmsentis
3007 2471 3196 2543 synodi
3236 2472 3423 2531 l'atres
3462 2473 3566 2539 hoc

1988 2577 2207 2633 quoque
2253 2559 2413 2623 facile
2458 2560 2845 2628 dissolveruqt.
2898 2560 3291 2629 Dicuuteuim,
3333 2565 3476 2634 quod
3506 2564 3568 2639 Si

1990 2655 2202 2721 volunt,
2255 2652 2348 2722 qui
2401 2652 2679 2723 jejunant,
2741 2667 2959 2718 omnem
3011 2653 3366 2720 oﬂ‘ensionem
3422 2657 3563 2728 tolli,

1991 2762 2188 2802 carnes
2224 2753 2433 2800 tantum
2479 2745 2770 2815 attingant,
2806 2753 2860 2799 et
2896 2745 3147 2815 jejunent
3181 2749 3226 2803 si
3265 2749 3434 2804 velint
3470 2766 3484 2802 :
3521 2752 3566 2813 ci

317 2842 369 2893 εἰ
404 2838 709 2908 αἱροῦνται.
748 2840 811 2891 Εἰ
869 2838 924 2891 δὲ
956 2839 1116 2891 τοῦτο
1149 2838 1209 2891 οὐ
1252 2838 1590 2909 ποιήσουσιν,
1625 2835 1738 2889 ἀλλ’
1769 2836 1890 2889 οὐδὲ

1999 2848 2180 2895 autem
2218 2838 2322 2892 hoc
2354 2852 2464 2892 non
2501 2836 2721 2900 facient,
2761 2835 2853 2892 sed
2890 2853 3063 2906 neque
3102 2838 3247 2891 olera
3289 2854 3409 2908 qua:
3440 2848 3570 2909 sunt

318 2927 387 2983 τὶ
418 2930 624 3001 λάχανα
654 2928 721 2981 τὰ
754 2928 893 2999 μετά
918 2927 1027 2982 τῶν
1057 2928 1236 2999 κρεῶν
1268 2927 1572 3012 βαλλόμενα
1600 2926 1889 2997 ἐσθίουσιν,

1999 2949 2118 2999 eum
2161 2931 2424 2988 carnibus
2474 2929 2672 2999 injecta
2727 2929 3042 2997 comedunt,
3086 2931 3308 2993 omnino
3362 2933 3431 2987 ab
3462 2936 3567 3003 θρῖα

319 3020 752 3092 ἀναγκαζόμενοι
773 3023 987 3084 πάντως
1008 3021 1158 3091 ποιρά
1177 3018 1596 3091 τοῦέὲπισκόπου
1618 3020 1683 3073 ἐκ
1717 3036 1894 3091 προσ-ο

1999 3041 2167 3096 scopo
2204 3023 2380 3080 coacti
2423 3039 2488 3079 ex
2539 3024 2849 3096 aliquorum
2900 3023 3336 3091 denuntiatione,
3380 3025 3572 3096 depre:

320 3115 585 3186 αγγελίας
616 3115 799 3179 τινῶν,
851 3113 1371 3184 καταλαμϐάνονται
1428 3113 1515 3168 διὰ
1561 3114 1762 3183 τρόπον
1793 3114 1893 3167 ούκ

1999 3120 2314 3177 henduntur
2337 3132 2446 3173 non
2480 3116 2627 3177 bono
2652 3131 2805 3172 more
2831 3132 2860 3171 a
2891 3117 3156 3182 carnibus
3193 3118 3487 3183 abstinere,
3516 3129 3572 3185 et

321 3208 527 3277 ἀγαθὸν
558 3205 861 3276 ἀπέχεσθαι
886 3204 996 3259 τῶν
1026 3206 1226 3277 κρεῶν,
1258 3206 1351 3261 καὶ
1390 3204 1889 3278 καθαιρείσθωσαν,

1999 3214 2360 3287 deponantur,
2411 3220 2470 3265 ut
2514 3210 2606 3281 qui
2652 3208 2849 3277 canoni
2894 3224 3002 3271 non
3061 3209 3353 3269 obediant.
3401 3210 3573 3267 Recte

320 3300 397 3363 ὼς
428 3298 503 3369 μὴ
536 3296 614 3368 τῷ
654 3296 841 3353 κανόνι
876 3296 1325 3367 ὑποτασσόμενοι.
1360 3296 1559 3361 Καλῶς
1616 3296 1673 3351 δὲ
1713 3298 1893 3351 ἐκεῖσε

1999 3312 2179 3363 autem
2230 3303 2366 3357 dixit
2399 3302 2510 3363 illic
2543 3316 2743 3368 canon,
2788 3315 2883 3357 eos
2938 3301 3019 3355 vel
3066 3316 3307 3363 cessare.
3345 3304 3570 3361 vel.de—.

327 3391 429 3463 μὲν
459 3392 487 3443 6
516 3389 698 3446 κανὼν
730 3384 884 3444 εἷπεν
922 3390 956 3461 ἢ
992 3389 1326 3460 παύεσθαιῆ
1360 3389 1747 3461 καθαιρεῖσθαι
1769 3388 1895 3455 τού-

1999 3395 2149 3466 poni.
2186 3394 2288 3455 llic
2325 3403 2506 3453 autem
2538 3408 2632 3451 eos
2670 3395 2739 3450 ab
2769 3393 2959 3449 ordine
3001 3408 3218 3455 cessare
3253 3393 3443 3452 Patres
3471 3396 3568 3455 des

321 3500 449 3546 τους
479 3498 494 3515 °
527 3482 764 3537 ἐνταῦθα
801 3481 857 3535 δὲ
881 3480 1153 3534 παύεσθαι
1206 3481 1307 3551 τῆς
1336 3478 1543 3553 τάξεως
1572 3482 1623 3535 οἰ
1652 3480 1895 3550 Πατέρες

324 3575 675 3646 διωρίσαντο.
712 3573 838 3627 Ἔτι
894 3572 1003 3643 γὰρ
1033 3570 1127 3625 τοῦ
1162 3571 1469 3642 ἀμφιϐόλου
1518 3571 1593 3642 μὴ
1622 3571 1895 3637 λυθέντος,

327 3666 531 3737 ὤφειλε
555 3666 772 3731 πάντως
803 3664 832 3718 6
861 3664 1189 3735 αἰτιώμενος
1202 3664 1653 3735 παρεγγυηθῆναι
1684 3680 1899 3733 περιαι-

332 3762 497 3834 ρῆσαι
544 3759 631 3814 διά
660 3759 753 3813 τοῦ
787 3757 1191 3830 κρεωφαγῆσαι
1214 3756 1274 3811 τὸ
1299 3754 1729 3822 σκάνδαλον,καί
1758 3756 1901 3809 οὓτω

330 3853 762 3924 κατακριθῆναι.
809 3851 1079 3907 Ἐνταῦθα
1108 3851 1165 3905 δὲ
1195 3850 1293 3922 τῆς
1319 3848 1559 3921 ὑποψίας
1581 3867 1900 3921 περιαιρου-

334 3945 505 4015 μένης
535 3944 623 3997 διά
646 3944 747 4015 τῆς
789 3943 1245 4014 ὑποτυπωθείσης
1280 3943 1598 4014 οἰκονομίας
1626 3941 1777 4015 παρὰ
1792 3942 1902 4008 τῶν

330 4037 612 4105 Πατέρων,
667 4036 726 4103 ἐξ
780 4036 1022 4108 ἀνάγκης
1059 4038 1086 4089 6
1129 4035 1203 4109 μὴ
1259 4037 1401 4091 κατά
1466 4034 1673 4108 ταύτην
1731 4036 1903 4104 ποιῶν

330 4128 680 4198 καθαιρεῖται
717 4127 1072 4183 ἀπεντεῦθεν.
1126 4130 1277 4182 Ἐπεὶ
1306 4129 1361 4183 δὲ
1392 4128 1779 4202 πρεσϐυτέρων
1810 4131 1902 4184 καὶ

330 4222 598 4276 διακόνων
637 4222 816 4291 μόνων
852 4220 1102 4294 ἐμνήσθη
1133 4223 1160 4275 6
1187 4221 1377 4291 παρὼν
1410 4221 1614 4289 κανὼν,
1647 4223 1676 4275 6
1717 4223 1773 4276 δὲ
1806 4226 1904 4296 ρης

331 4314 447 4379 οεὶς
496 4316 857 4381 ἀποστολικδς
930 4312 1111 4370 κανὼν
1161 4314 1379 4369 πάντων
1438 4315 1547 4368 τῶν
1600 4314 1899 4386 ἀνθρώπων

2001 3486 2212 3544 (iniere.
2257 3488 2395 3543 Cum
2430 3486 2576 3543 enim
2617 3486 2845 3544 dubium
2880 3485 3064 3545 adhuc
3095 3502 3204 3542 non
3236 3495 3385 3542 esset
3423 3490 3572 3548 εοΙιιτ

2001 3587 2144 3647 tum,
2191 3579 2424 3639 debebat
2473 3579 2731 3646 omnino,
2783 3579 2877 3651 qui
2938 3579 3333 3646 accusabatur,
3382 3579 3574 3649 jubere

2002 3673 2274 3731 vescendo
2314 3687 2533 3735 carnem
2579 3673 2773 3729 tollere
2817 3672 3141 3729 scandalum
3172 3712 3187 3736 ,
3225 3679 3280 3725 et
3328 3672 3409 3727 sic
3438 3687 3573 3731 cons

2003 3765 2273 3821 demnari.
2310 3764 2410 3820 Hic
2435 3772 2616 3819 autem
2658 3765 2838 3820 ablata
2879 3764 3192 3833 suspicione
3224 3778 3321 3832 per
3348 3780 3574 3827 meone:

2005 3851 2169 3905 miam
2198 3867 2229 3906 a
2263 3850 2521 3908 Patribus
2555 3851 2911 3919 descriptam,
2953 3856 3292 3922 necessario,
3341 3860 3432 3926 qui
3467 3873 3573 3913 non

2005 3941 2139 4010 facit
2168 3942 2217 3998 ei
2248 3941 2668 4009 convenienter,
2705 3957 2770 4000 eo
2804 3944 2924 4013 ipso
2958 3945 3273 4013 deponitur.
3305 3946 3572 4013 Quoniam

2005 4045 2184 4100 autem
2214 4035 2379 4115 390
2402 4036 2846 4107 presbyterorum
2875 4042 2931 4092 et
2951 4036 3307 4094 diaconorum
3332 4040 3572 4097 solorum

2008 4131 2255 4199 meminit
2291 4126 2537 4202 praesens
2566 4145 2766 4198 canon,
2823 4129 3005 4185 dictus
3040 4141 3219 4186 autem
3251 4147 3422 4187 canon
3448 4146 3579 4203 apo:

2007 4223 2240 4279 stolicus
2291 4222 2533 4277 omnium
2587 4221 2872 4278 hominum
2925 4222 3173 4277 meminit
3232 4237 3247 4277 :
3301 4222 3465 4279 debes
3518 4232 3575 4280 tu

2004 4330 2246 4385 quoque,
2272 4330 2394 4387 quae
2420 4313 2533 4371 illic
2564 4314 2712 4369 dicta
2741 4323 2899 4379 sunt,
2936 4313 3003 4369 ad
3029 4328 3217 4370 omnes
3258 4315 3573 4371 extendere.

335 4407 631 4478 μέμνηται,
666 4409 902 4478 ὀφείλεις
934 4408 1024 4461 καὶ
1058 4407 1125 4461 σὺ
1164 4406 1233 4460 τὰ
1266 4404 1505 4461 ἐνταῦθα
1558 4406 1895 4476 διορισθέντα

2006 4404 2077 4462 Ut
2108 4416 2194 4463 est
2223 4421 2354 4478 ergo
2384 4406 2704 4471 verisimile,
2738 4405 2775 4460 ii
2811 4420 3055 4476 quoque,
3091 4405 3183 4475 qui
3232 4405 3577 4477 Begomilicze

330 4502 413 4563 εἰς
437 4501 646 4564 πάντας
688 4499 934 4555 ἑλκύσαι.
984 4498 1073 4563 Ὠς
1122 4497 1297 4551 ἔοικεν
1329 4492 1444 4564 οὖν,
1500 4498 1595 4556 καὶ
1625 4500 1673 4551 οἰ
1719 4498 1905 4557 αἰτιώ-

339 4612 489 4666 μενοι
520 4596 607 4649 διὰ
646 4594 1034 4666 Βωγομιλικὴν
1084 4595 1300 4667 αἵρεσιν
1332 4593 1645 4658 ἀκολούθως
1675 4594 1749 4665 τῷ
1767 4578 1927 4666 παρέ

336 4692 450 4740 όντι
484 4687 671 4741 κανόνι
707 4686 1109 4756 ἀναγκάζονται
1159 4676 1558 4758 κρεωφαγῆσαι
1594 4684 1629 4756 ἢ
1664 4702 1908 4756 τυροφα·

338 4782 527 4850 γῆσαι,
551 4784 644 4834 καὶ
673 4783 1031 4853 περιαιρῆσαι
1054 4781 1153 4851 τὴν
1183 4780 1424 4851 ὑποψίαν
1456 4782 1555 4853 τῆς
1603 4780 1909 4851 Βωγομιλι.

337 4876 438 4943 κῆς
472 4873 746 4944 νηστείας
780 4874 918 4927 ἀλλά
952 4873 1045 4927 καὶ
1075 4875 1125 4927 οἰ
1184 4873 1405 4936 πλείους
1437 4873 1546 4927 τῶν
1594 4872 1910 4927 εὐλαϐεστέ-

341 4982 451 5037 ρων
485 4959 757 5034 μοναχῶν,
818 4963 893 5034 μὴ
936 4964 1183 5026 θέλοντες
1238 4962 1547 5029 καταλῦσαι
1587 4962 1668 5026 εἰς
1720 4960 1908 5032 ἰχθύας

334 5058 425 5111 διὰ
452 5057 511 5109 τὸ
535 5056 633 5127 τῆς
664 5058 826 5127 ἁγίας
894 5058 1356 5127 Τεσσαρακοστῇς
1402 5055 1706 5125 αἰδέσιμον,
1763 5053 1909 5107 κατὰ

335 5148 529 5200 τοῦτον
582 5132 741 5216 δῆθεν
771 5147 863 5199 τὸν
917 5145 1119 5199 κανόνα
1171 5144 1380 5197 τούτων
1436 5144 1534 5213 μὲν
1589 5141 1903 5212 ἀπέχονται,

337 5238 580 5293 ἐσθίουσι
605 5239 663 5291 δὲ
693 5239 761 5291 τὰ
782 5238 1186 5309 ἁποϐράσματα
1234 5236 1416 5290 αὐτῶν
1443 5237 1537 5289 καὶ
1568 5234 1635 5287 τὰ
1664 5233 1764 5287 σὺν
1809 5234 1908 5286 αὐ-

336 5332 452 5392 τοῖς
512 5330 749 5399 ἑψόμενα
780 5329 1007 5399 λάχανα.
1054 5327 1163 5380 Καὶ
1196 5326 1255 5379 τὸ
1303 5326 1401 5397 μὲν
1447 5325 1587 5379 οὕτω
1626 5326 1909 5395 γινόμενον

336 5426 419 5485 εἰς
452 5423 577 5484 τοὺς
604 5422 1117 5490 κατηγορουμένους
1154 5419 1245 5472 διὰ
1271 5417 1654 5486 Βωγομιλικὴν
1696 5416 1909 5486 αἵρεσιν

341 5512 520 5573 καλῶς
551 5514 697 5565 εῖποι
731 5530 812 5573 τις
846 5510 1095 5577 γίνεσθαι
1126 5525 1141 5541 ο
1200 5511 1392 5579 ῶσπερ
1421 5508 1515 5560 καὶ
1555 5510 1618 5559 τὸ
1672 5506 1913 5573 ἀπογεύ-

346 5604 539 5657 σασθαι
596 5623 713 5658 τινα
752 5607 977 5674 κρέατος
1040 5603 1281 5674 ἢτυροῦ
1344 5603 1554 5664 εἰςτὰς
1615 5600 1914 5669 ἑϐδομάδας

349 5694 467 5759 καθ’
496 5696 560 5759 ἃς
598 5696 930 5766 Ἀρμένιοιῆ
966 5696 1117 5749 ἄλλοι
1148 5692 1416 5764 αἱρετικοὶ
1442 5690 1783 5758 νηστεύουσι·
1814 5688 1911 5742 aut

668 5795 943 5859 PATBOL.
982 5793 1100 5853 Gn.
1146 5790 1509 5854 CXXXVI].

2009 4499 2234 4565 haeresis
2273 4506 2605 4559 accusantur
2626 4540 2642 4565 ,
2680 4500 2940 4568 praesenti
2974 4498 3172 4553 canoni
3205 4508 3581 4564 contentanee

2008 4598 2287 4659 coguntur
2330 4588 2589 4644 carnibus
2621 4590 2707 4643 vel
2734 4602 2895 4644 caseo
2926 4590 3112 4657 vesci,
3162 4597 3215 4642 et
3261 4588 3577 4659 Begumilici

2004 4682 2195 4755 jejunii
2227 4681 2598 4751 suspicionem
2634 4679 2823 4736 tollere
2858 4697 2870 4733 :
2903 4680 3035 4750 quin
3078 4688 3131 4734 et
3160 4679 3322 4749 paulo
3361 4679 3579 4749 religio-

2010 4774 2186 4829 siores
2217 4774 2527 4844 complures
2566 4773 2846 4839 monachi,
2880 4772 3127 4827 nolentes
3154 4762 3398 4840 piscibus
3421 4769 3579 4837 jeju—

2010 4863 2163 4918 nium
2191 4862 2428 4926 solvere,
2458 4870 2683 4931 propter
2712 4868 2914 4915 sancta:
2943 4857 3382 4928 Quadragesima:
3410 4856 3555 4909 hono

2009 4970 2144 5023 rem,
2172 4954 2297 5008 huic
2324 4953 2511 5023 utique
2536 4953 2731 5012 canoni
2757 4953 3145 5015 convenienter
3168 4949 3236 5003 ab
3258 4947 3338 5003 eis
3361 4945 3577 5014 quidem

2016 5047 2334 5111 abstinent;
2367 5060 2555 5101 eorum
2600 5054 2783 5102 autem
2822 5043 2947 5112 jura
2989 5040 3304 5097 comedunt,
3337 5046 3391 5091 et
3431 5035 3581 5089 olera

2019 5153 2141 5209 quae
2167 5152 2293 5193 cum
2324 5136 2404 5192 eis
2434 5144 2771 5204 coquuntur.
2802 5135 2866 5205 Et
2896 5131 3040 5203 quod
3074 5130 3155 5185 sic
3187 5126 3410 5196 quidem
3441 5127 3496 5179 tit
3527 5125 3585 5189 in

2017 5244 2132 5295 eos,
2182 5229 2275 5299 qui
2330 5226 2677 5297 Bogomilicw
2722 5227 2993 5287 haereseos
3042 5227 3390 5281 accusantur,
3438 5224 3587 5272 recte

2020 5323 2137 5378 lieri
2182 5321 2382 5379 dixerit
2431 5321 2705 5391 quispiam
2750 5336 2765 5373 :
2799 5313 3255 5386 quemadmodum
3285 5318 3339 5366 et
3380 5311 3426 5365 si
3460 5310 3586 5377 quis

2019 5430 2237 5470 carnem
2293 5423 2475 5484 gustet
2517 5413 2601 5467 vel
2656 5424 2876 5465 caseum
2925 5409 2978 5460 in
3029 5404 3481 5466 hebdomadibus,
3531 5401 3587 5476 Zq

2020 5506 2221 5573 quibus
2288 5502 2527 5557 Armenii
2590 5500 2672 5555 vel
2738 5498 2827 5552 alii
2889 5495 3131 5551 haeretici
3194 5495 3480 5563 jejunaut;
3534 5505 3589 5563 et

2026 5598 2261 5652 maxime
2288 5595 2508 5664 quando
2541 5594 2595 5647 in
2628 5600 2878 5659 suspecta
2914 5588 3134 5656 regione
3168 5582 3443 5642 versatur.
3476 5585 3590 5640 Hoc

2034 5691 2176 5745 enim
2211 5687 2362 5755 facit,
2400 5702 2467 5743 ne
2499 5700 2604 5741 una
2636 5699 2758 5741 eum
2796 5680 3069 5741 haereticis
3096 5680 3347 5753 jejunare
3376 5688 3591 5752 repnte:

3204 5776 3272 5849 37
