4014 6224
428 311 557 375 1167

1680 307 1962 367 THEOD-
2008 307 2405 370 BALSAMON

3533 317 3682 382 1168

417 431 581 476 erunt
617 419 806 475 Patres
855 416 1169 474 necessario
1218 415 1551 472 reddendum
1604 417 1859 485 pretium,
1894 416 1981 468 ad!

2090 416 2384 469 ἀναλαϐεῖν
2430 417 2491 469 τὸ
2543 417 2717 471 δοθέν.
2754 419 2963 484 Λύσις.
2993 418 3067 472 Οὖ
3121 421 3445 493 διωρίσαντο
3479 428 3531 481 οἱ
3565 431 3684 483 Πα-

418 529 613 568 νιτειιε
652 514 849 565 dictam
884 512 1093 579 legem;
1129 510 1257 572 imo,
1293 509 1338 563 si
1365 508 1623 560 attentius
1653 508 1797 575 legas
1824 521 1989 559 cano-

421 693 565 745 enim
624 690 673 742 id
712 688 958 757 episcopi
1011 688 1221 759 judicio
1275 687 1620 756 reliquerint,
1678 686 1985 753 benigniori

418 784 580 835 etiam
615 782 823 835 ratione
868 781 1149 845 dixerunt,
1182 780 1327 848 quod
1373 796 1533 833 verus
1576 780 1807 832 antistes
1836 786 1890 831 et
1920 777 1984 832 ad

418 874 674 927 Ecclesiae
719 874 1131 927 indemnitatetn
1171 872 1447 943 respiciet.
1498 882 1550 926 et
1584 872 1653 925 ad
1701 872 1988 941 emptoris,

418 974 469 1018 et
507 964 650 1033 quod
682 965 730 1018 ei
766 980 978 1033 aequum
1013 964 1215 1019 bonum
1264 964 1555 1027 videbitur,
1588 963 1844 1033 quodque
1878 978 1987 1017 non

416 1058 489 1111 sit
526 1056 1027 1121 condemnandum,
1064 1056 1245 1110 faciet.
1292 1055 1447 1121 Quod
1492 1057 1537 1111 si
1576 1056 1629 1109 id
1672 1070 1779 1109 non
1816 1056 1872 1108 fit
1900 1070 1990 1110 ac-

418 1161 607 1203 rura'e
631 1159 683 1201 et
713 1158 924 1210 exacte,
956 1148 1055 1203 visi
1088 1156 1215 1203 sunt
1242 1148 1617 1217 pronuntiare,
1655 1161 1761 1200 non
1788 1146 1991 1201 habere

412 1249 715 1308 emptorem
747 1238 1019 1293 eflicacem
1047 1239 1337 1301 actionem,
1370 1247 1421 1291 et
1448 1247 1670 1306 prepter
1697 1252 1759 1291 ea
1786 1237 1988 1291 debere

414 1332 590 1401 ipsum
646 1331 967 1394 admonere,
1020 1345 1127 1384 non
1188 1339 1367 1384 autem
1421 1344 1599 1398 agerc.
1647 1328 1784 1397 Lege
1826 1328 1988 1381 etiam

415 1434 577 1491 caput
609 1424 637 1476 ιι
683 1424 930 1491 epistolae
961 1422 1135 1477 sancti
1186 1422 1370 1492 Cyrilli
1412 1421 1478 1475 ad
1522 1422 1821 1485 Domuum;
1860 1416 1993 1473 Car-

420 1495 759 1583 tltagirtensis
802 1513 995 1584 synodi
1044 1528 1308 1568 canonem
1368 1513 1459 1578 96,
1508 1512 1738 1566 Nicena:
1792 1512 1989 1582 synodi

422 1607 678 1661 secundae
704 1620 968 1661 canonem
1017 1606 1083 1659 12
1104 1622 1120 1671 ;
1140 1606 1395 1660 similiter
1421 1614 1475 1660 et
1500 1619 1686 1661 eorum
1722 1604 1988 1673 interpre-

421 1698 675 1751 tationes.
936 1722 987 1758 νο

2094 505 2248 574 τέρα
2293 506 2353 569 ἐξ
2392 508 2640 577 ἀνάγκης
2677 509 3128 578 ἀντιστρέφεσθαι
3157 512 3217 564 τὸ
3243 513 3463 584 τίμημα
3507 519 3688 571 ὕπεν.

422 606 571 661 ncln,
612 598 851 651 invenies
885 612 978 651 eos
1011 598 1306 664 negavisse
1341 596 1501 664 pretii
1532 593 1824 648 redditum.
1853 592 1981 646 Cum

2094 597 2295 660 αντίως
2367 599 2444 668 τῷ
2485 598 2704 669 ῥηθέντι
2756 601 2941 653 κανόνι
2978 616 2993 631 ο

3053 602 3191 655 ἀλλά
3242 605 3443 671 μᾶλλον
3483 608 3516 658 ὁ
3549 611 3690 661 ἐστι·

2097 688 2495 758 στατικώτερον
2569 690 2958 756 ἀναγινώσκων
3018 692 3111 745 τὸν
3174 694 3379 747 κανόνα
3439 696 3689 767 εὑρήσει

2096 780 2321 843 τούτους
2366 782 2780 852 ἀρνησαμένους
2803 783 2901 853 τὴν
2926 786 3291 854 ἀντιστροφὴν
3344 788 3439 840 τοῦ
3500 792 3693 860 τιμὴς

2102 890 2293 942 ματος.
2333 875 2490 927 Ἐπεὶ
2517 875 2627 945 γάρ
2649 876 2800 944 παρά
2824 880 2887 944 τῇ
2929 878 3267 948 ἐπισκοπικῇ
3301 880 3586 949 διακρίσει
3615 882 3693 935 τὰ

2097 964 2227 1033 περὶ
2259 965 2450 1019 τούτου
2492 968 2769 1033 ἀνέθεντο,
2805 968 2949 1021 κατὰ
3008 969 3167 1035 λόγον
3216 973 3692 1043 συμπαθέστερον

2096 1055 2192 1108 καὶ
2224 1050 2379 1108 εἷπον
2410 1056 2485 1118 ὡς
2544 1056 2752 1126 ἀληθὴς
2807 1058 3097 1129 ἀρχιερεὺς
3131 1062 3225 1112 καὶ
3279 1062 3418 1131 πρὸς
3470 1064 3537 1116 τὸ
3574 1066 3694 1134 τῆς

2109 1148 2436 1217 Ἐκκλησεας
2500 1149 2804 1217 ὰποϐλέψει
2860 1151 3116 1221 ἀζήμιον,
3164 1154 3257 1206 καὶ
3304 1155 3440 1224 πρὸς
3476 1157 3542 1209 τὸ
3579 1158 3691 1211 τοῦ

2097 1240 2489 1309 ἀγοράσαντος,
2527 1242 2621 1293 καὶ
2656 1244 2870 1311 ποιήσει
2900 1243 2960 1295 τὸ
2991 1244 3152 1310 δόξαν
3201 1246 3353 1314 αὐτῷ
3392 1248 3685 1313 ἀγαθοθε-

2098 1328 2189 1391 λές
2220 1331 2314 1380 καὶ
2348 1330 2804 1397 ἀκατάγνωστον.
2839 1332 2960 1384 Κᾶν
2987 1333 3061 1401 μὴ
3088 1334 3316 1401 ἀκριϐές
3347 1337 3523 1398 ἐστιν,
3556 1338 3688 1390 ἕδος

2100 1418 2197 1482 ξαν
2219 1419 2622 1487 ἀποφαίνεσθαι
2657 1422 2732 1489 μὴ
2760 1421 2907 1489 εχειν
2941 1421 3243 1490 ἐνδύναμον
3288 1423 3519 1491 ἀγωγὴν
3579 1427 3687 1478 τὸν

2097 1513 2413 1581 ἡγορακότα
2441 1512 2575 1583 (80),
2604 1515 2699 1565 καὶ
2731 1512 2819 1565 διὰ
2849 1513 3007 1565 τοῦτο
3061 1515 3302 1582 ὁςρεὶλειν
3342 1516 3508 1567 αὑτὸν
3564 1534 3647 1568 πα
3695 1545 3705 1557 ν

2100 1603 2361 1672 ρακαλεῖν
2387 1606 2480 1656 καὶ
2508 1605 2582 1674 μὴ
2605 1606 2845 1672 ἐνάγειν.
2874 1604 3218 1673 Ἀνάγνωσον
3247 1606 3343 1658 καὶ
3368 1606 3687 1673 κεφάλαιον

2097 1692 2139 1745 δ’
2164 1694 2263 1763 τῆς
2306 1695 2443 1764 πρὸς
2480 1698 2686 1765 Δόμνον
2716 1697 3003 1767 ἐπιστολῆς
3032 1698 3126 1749 τοῦ
3166 1698 3322 1765 ἁγίου
3367 1698 3677 1768 Κυριλλου,

414 1792 515 1859 τῆς
557 1792 613 1843 ὲν
645 1790 977 1861 Καρθαγένῃ
1013 1790 1233 1846 συνόδου
1258 1790 1455 1844 κανόνα
1510 1795 1604 1852 κς¹
1635 1789 1727 1841 καὶ
1767 1786 1867 1856 τῆς
1911 1787 1970 1840 ἐν
2000 1786 2203 1857 Νικαίᾳ
2257 1788 2478 1842 συνόδου
2554 1789 2617 1843 τὸ
2666 1788 2920 1859 δεύτερον
2972 1790 3177 1843 κανόνα
3241 1789 3342 1860 ιβ’,
3403 1791 3681 1853 ὡσαύτως

414 1885 508 1936 καὶ
535 1883 631 1945 τὰς
663 1883 959 1952 ἑρμηνείας
991 1884 1217 1937 τούτων.

486 1976 737 2033 ZONAR.
784 1976 841 2032 Si
894 1993 1002 2047 quo
1049 1987 1290 2047 tempore
1332 1977 1565 2033 ecclesia
1601 1992 1703 2032 suo
1735 1977 1981 2048 episcopo

2166 1973 2412 2027 ZQNAP.
2455 1972 2583 2026 Ἐὰν
2615 1972 2690 2042 μὴ
2715 1973 2870 2036 δντος
2892 1972 3195 2026 ἐπισκόπου
3246 1972 3656 2042 ἑκποιήσωνται

413 2070 679 2123 destituta
730 2077 835 2132 est,
887 2070 1257 2123 necessariam
1312 2067 1453 2123 forte
1504 2069 1574 2125 ob
1624 2081 1870 2133 causam,
1918 2082 1985 2121 ex

415 2158 784 2214 immobilibus
807 2158 927 2227 ejus
955 2158 1107 2213 bonis
1131 2160 1312 2214 clerus
1339 2158 1615 2228 quidpiam
1668 2156 1984 2212 alienaverit

413 2252 644 2320 (elerum
671 2250 938 2320 siquidem
968 2251 1410 2321 presbyterorum
1445 2248 1665 2305 nomine
1694 2263 1870 2304 canon
1896 2251 1982 2304 in-

415 2344 626 2412 ιςεΙΙὶεἱί,
672 2358 972 2413 eorumque
1007 2346 1391 2413 potissimum,
1422 2342 1570 2412 quod
1616 2341 1669 2396 in
1715 2339 1983 2411 superiori

416 2435 611 2489 ordine
664 2434 913 2488 collocati
969 2435 1113 2498 sint,
1170 2433 1462 2503 meminit),
1503 2434 1555 2487 id
1588 2432 1833 2487 Ecclesia
1883 2445 1984 2487 suo

414 2531 540 2598 jure
584 2538 849 2599 repetere,
899 2528 983 2582 vel
1025 2528 1187 2582 etiam
1226 2530 1511 2598 episcopus
1548 2528 1767 2597 poterit.
1811 2526 1982 2597 Cujus

413 2622 632 2691 quidem
689 2620 914 2691 judicio,
969 2620 1307 2674 reddendum
1375 2621 1446 2675 sit
1500 2634 1674 2674 necne
1725 2619 1980 2688 pretium,

415 2713 653 2780 permitti
703 2712 901 2782 placet.
954 2708 1098 2766 Fieri
1133 2711 1277 2766 enim
1314 2718 1527 2780 potest,
1577 2719 1637 2764 ut
1683 2724 1811 2779 ager
1840 2709 1983 2764 forte

413 2806 707 2860 admodum
764 2803 965 2861 fertilis
1010 2818 1205 2873 magno
1237 2804 1409 2874 pretio
1441 2801 1673 2873 emptori
1716 2802 1787 2857 sit
1829 2800 1982 2856 addi—

418 2906 560 2950 ctus.
611 2893 1053 2966 Cartltaginensis
1086 2909 1212 2948 vero
1248 2894 1441 2965 synodi
1485 2908 1661 2947 canon
1704 2891 1776 2945 ‘26
1810 2890 1983 2945 infru-

414 2992 636 3036 ctuosas
658 2982 1056 3051 possessiones,
1090 2983 1134 3038 si
1163 2981 1464 3037 necessitas
1492 2992 1703 3052 urgeat,
1729 2980 1823 3036 sed
1850 2995 1979 3035 cum

413 3073 594 3141 aliquo
628 3072 681 3127 id
712 3087 927 3144 quoque
957 3072 1295 3136 discrimine,
1329 3072 1553 3127 alienari
1586 3072 1735 3127 sinit.

415 3162 639 3218 ARIST.
690 3182 710 3214 ι
769 3161 826 3219 Si
877 3163 1184 3235 presbyteri
1232 3163 1511 3233 quippiam
1559 3162 1630 3218 ad
1681 3161 1979 3218 Ecclesiam

490 3255 814 3324 «pertinens
843 3254 1210 3320 vendiderint,
1237 3255 1451 3309 irritum
1478 3254 1571 3319 sit,
1594 3260 1648 3309 et
1674 3267 1840 3324 penes
1865 3254 1981 3323 epi-

491 3365 509 3397 ι
549 3347 697 3416 scopi
736 3345 1003 3414 judicium
1031 3355 1267 3402 maneat.
1310 3363 1329 3396 ι

486 3434 608 3489 \‘ita
643 3434 832 3488 functo
860 3435 1140 3504 episeopo,
1175 3435 1432 3491 Ecclesiae
1470 3435 1609 3490 bona
1645 3434 1930 3489 imminuta
1953 3447 1981 3487 a

413 3522 628 3576 clericis
655 3522 919 3577 custodiri
948 3521 1167 3577 debent.
1196 3522 1294 3576 Vel
1320 3524 1365 3578 si
1398 3522 1528 3578 nulli
1561 3523 1673 3578 sint
1707 3522 1919 3584 clerici,
1953 3536 1981 3574 a

416 3615 853 3683 metropolitano,
900 3624 958 3669 ut
998 3615 1181 3669 omnia
1212 3615 1467 3684 episcOpo
1492 3617 1583 3685 qui
1619 3626 1807 3685 postea
1836 3613 1984 3668 ordi-

416 3713 578 3758 natus
600 3704 725 3767 erit,
758 3703 1073 3768 reddantur,
1106 3710 1158 3758 et
1180 3718 1358 3773 neque
1383 3719 1413 3757 a
1444 3704 1860 3774 metropolitano
1888 3718 1981 3757 ne-

415 3813 521 3865 que
552 3810 581 3848 a
614 3795 829 3849 clericis
856 3794 911 3849 in
952 3809 1113 3850 suum
1148 3795 1491 3849 commodum
1529 3809 1719 3850 eorum
1771 3793 1979 3864 aliquid

414 3888 659 3942 converti
705 3896 797 3941 aut
829 3886 1057 3951 auferri,
1089 3900 1190 3941 nec
1230 3884 1527 3941 Ecclesium
1569 3886 1664 3942 diu
1697 3895 1979 3941 vacantem

417 3995 639 4035 manere
681 3988 917 4049 oportet,
950 3980 1042 4034 sed
1094 3979 1235 4033 intra
1272 3987 1382 4034 tres
1422 3993 1635 4034 menses
1665 3980 1978 4048 episcopum

413 4069 694 4137 ordinari;
730 4068 833 4123 nisi
870 4069 1097 4124 forsitan
1135 4068 1487 4122 inexorabilis
1523 4069 1707 4137 aliqua
1735 4069 1978 4123 necessi-

417 4172 500 4215 tas
532 4170 743 4230 tempus
778 4160 994 4215 extendi
1020 4159 1184 4229 392
1218 4160 1425 4214 fecerit.
1459 4158 1514 4213 Si
1545 4160 1675 4229 quid
1707 4160 1889 4230 itaque
1912 4178 1976 4216 ex

414 4254 671 4308 Ecclesia:
696 4253 859 4308 bonis
887 4262 1129 4320 tempore
1157 4252 1482 4306 intertnedio
1505 4253 1689 4307 clerici
1721 4254 1978 4318 vendant,

415 4360 527 4414 quo
580 4344 819 4399 Ecclesia
881 4346 1139 4414 episcopo
1191 4350 1371 4404 vacat,
1426 4342 1698 4396 inﬁrmum
1749 4344 1873 4408 erit,
1928 4352 1981 4400 et

413 4448 582 4502 penes
627 4432 868 4502 episcopi
914 4439 1241 4501 potestatem
1293 4430 1418 4494 erit,
1470 4438 1566 4484 aut
1612 4429 1978 4486 venditionem

413 4533 689 4589 evertere,
721 4524 1008 4593 ipsumque
1052 4524 1253 4577 bonum
1304 4522 1568 4591 recipere,
1601 4534 1695 4577 aut
1735 4537 1800 4577 ea
1844 4538 1979 4577 con-

417 4623 624 4667 tentum
674 4628 819 4677 esse,
873 4619 927 4667 et
962 4613 1209 4682 (pretium
1265 4612 1411 4666 illius
1461 4614 1744 4683 accipere;
1796 4628 1978 4684 quazre

416 4702 609 4773 synodi
644 4701 1109 4759 Chalcedonensis
1146 4718 1410 4760 canonem
1440 4705 1778 4760 tricesimum
1814 4706 1976 4775 quin-

414 4806 552 4851 tum.

985 5065 1212 5123 CANON
1254 5066 1396 5123 XVI.

420 5177 439 5211 ι
486 5158 557 5214 De
602 5160 687 5225 iis,
721 5160 811 5230 qui
860 5162 1088 5217 rationis
1131 5162 1373 5231 expertia
1419 5160 1674 5215 animalia
1719 5162 1974 5231 inierunt,

493 5269 509 5301 ι
548 5250 629 5305 vel
661 5251 868 5319 ineunt,
903 5254 1236 5323 quicunque,
1262 5253 1414 5322 prius
1444 5268 1607 5323 quam
1638 5254 1825 5323 viginti
1854 5255 1976 5325 qui-

2088 2063 2352 2118 τινα”τῶν
2403 2063 2773 2133 διαφερόντων
2833 2064 3105 2134 ἀκινήτων
3160 2066 3228 2135 τῇ
3274 2062 3560 2134 Ἐκκλησία
3602 2066 3658 2117 oi

2087 2156 2185 2210 τοῦ
2213 2157 2436 2226 κλήρου,
2488 2156 2577 2209 διά
2605 2172 2732 2209 τινα
2758 2157 2891 2218 ίσως
2947 2156 3377 2225 κατεπείγουσαν
3427 2155 3624 2225 χρείαν
3642 2173 3661 2189 ·

2088 2246 2173 2300 διὰ
2202 2246 2311 2317 γὰρ
2350 2246 2460 2301 τῶν
2524 2247 2911 2317 πρεσϐυτέρων
2959 2247 3053 2300 τὸν
3104 2247 3307 2319 κλῆρον
3362 2247 3586 2318 ᾐνίξατο
3641 2250 3672 2301 ὁ

2090 2338 2291 2403 κανὼν,
2328 2339 2596 2409 μνησθεὶς
2630 2339 2812 2393 αὐτῶν
2848 2341 2909 2394 τὸ
2944 2338 3217 2410 ὑπερέχον
3261 2339 3356 2392 τοῦ
3406 2340 3625 2410 βαθμοῦ
3650 2355 3668 2372 ⁸

2086 2431 2475 2484 ἀνακαλεῖσθαι
2530 2431 2703 2484 ταῦτα
2754 2431 2975 2485 δύναται
3033 2432 3067 2501 ή
3116 2431 3443 2502 Ἐκκλησία,
3480 2434 3605 2503 ἦτοι
3640 2434 3672 2486 ό

2088 2521 2409 2585 ἐπίσκοπος.
2465 2514 2539 2574 OB
2575 2524 2639 2591 τῇ
2676 2521 2857 2590 κρίσει
2892 2522 3212 2593 ἀνατίθησιν
3242 2524 3271 2576 ό
3303 2522 3488 2577 κανὼν
3517 2523 3701 2586 δοκιο,

2089 2612 2262 2682 μάσαι
2288 2614 2336 2664 εί
2366 2615 2471 2682 χρὴ
2500 2612 2937 2683 ἀντιστραφῆναι
2966 2614 3026 2666 τὸ
3052 2614 3288 2685 τίμημα,
3314 2615 3347 2684 ἢ
3378 2618 3479 2687 μή.
3506 2612 3670 2680 Ἴσως

2086 2707 2195 2776 γὰρ
2226 2706 2549 2776 εὐπρόσοδον
2571 2706 2633 2758 ὂν
2681 2706 2742 2758 τὸ
2783 2707 3038 2777 ἀκίνητον
3092 2711 3531 2779 περιεποιήσατο
3586 2711 3667 2779 τῷ

2087 2798 2366 2867 ἀγοραστῇ
2399 2796 2621 2850 πλείονα
2652 2796 2749 2868 τὴν
2790 2801 2982 2868 τιμήν.
3024 2797 3086 2852 '0
3118 2800 3172 2853 δὲ
3201 2800 3300 2869 τῆς
3325 2802 3383 2853 ἐν
3431 2802 3666 2871 Καρθα-

2086 2889 2218 2960 γένῃ
2252 2888 2470 2942 συνόδου
2502 2889 2744 2952 εἰκοστὸς
2778 2890 2939 2955 ἕκτος
2989 2892 3168 2945 κανὼν
3212 2892 3493 2963 ἀπρόσοδα
3535 2894 3664 2946 ἀκί-

2086 2997 2220 3050 νητα
2287 2979 2504 3035 δίδωσιν
2566 2981 2930 3045 ἐκποιεῖσθαι,
2977 2984 3230 3053 ἀνάγκης
3277 2984 3664 3055 ἐπικειμένης,

2084 3072 2223 3125 ἀλλά
2260 3073 2354 3125 καὶ
2386 3072 2456 3126 τά
2483 3073 2711 3126 τοιαῦτα
2754 3074 2891 3143 μετά
2933 3074 3271 3141 διαστεξεως.

2085 3162 2310 3216 ΔΡΙΣΤ.
2389 3182 2409 3214 ι
2459 3147 2585 3217 Ἐᾶν
2635 3149 2689 3218 τὶ
2749 3168 2850 3235 τῆς
2898 3165 3229 3237 Ἐκκλησίας
3289 3168 3663 3238 πρεσϐύτεροι

2164 3270 2183 3304 ι
2217 3252 2588 3320 διαπράσοιεν,
2631 3254 2773 3307 ἔστω
2830 3254 3107 3323 ἀϐέϐαιον,
3181 3258 3276 3311 καὶ
3329 3261 3545 3328 μενέτω
3595 3264 3663 3330 τῇ

2007 3330 2053 3392 C
2162 3362 2182 3395 ι
2221 3345 2401 3415 κρίσει
2426 3345 2517 3397 τοῦ
2551 3346 2877 3400 ἐπισκόπου.

2156 3435 2599 3506 Τελευτήσαντος
2657 3436 2962 3490 ἐπισκόπου
3035 3438 3104 3492 τὰ
3153 3438 3256 3508 τῆς
3326 3438 3664 3511 Ἐκκλησίας

2084 3528 2384 3598 πράγματα
2405 3528 2650 3595 ἀμείωτα
2676 3528 2956 3598 ὀφείλουσι
2977 3530 3343 3598 φυλάττεσθαι
3372 3532 3525 3603 παρά
3552 3535 3664 3587 τῶν

2082 3617 2360 3687 κληρικῶν
2381 3634 2395 3648 ·
2426 3619 2459 3687 ἦ
2491 3617 2773 3688 κληρικῶν
2814 3620 2890 3690 μὴ
2925 3620 3193 3686 ὑπόντων,
3222 3621 3377 3693 παρὰ
3413 3624 3513 3676 τοῦ
3550 3643 3661 3696 μη-

2080 3709 2431 3779 τροπολίτου·
2467 3708 2608 3763 ὥστε
2641 3714 2823 3765 πάντα
2850 3712 3181 3782 ἀποδοθῆναι
3209 3712 3289 3783 τῷ
3343 3731 3661 3787 χειροτονη-

2083 3800 2366 3871 θησομένῳ
2392 3802 2698 3872 ἐπισκόπῳ,
2737 3803 2830 3856 καὶ
2859 3803 2996 3873 μήτε
3029 3803 3182 3872 παρὰ
3224 3805 3318 3858 τοῦ
3368 3824 3655 3877 μητροποο

2081 3889 2308 3959 λίτου,ἢ
2337 3891 2444 3943 τῶν
2486 3889 2763 3961 κληρικῶν
2822 3892 3241 3962 σφετερίζεσθαι
3285 3912 3364 3962 τι,
3413 3897 3447 3966 ἢ
3493 3899 3661 3966 ἀφαι-

2084 3980 2299 4052 ρεῖσθαι
2331 3981 2569 4034 τούτων’
2609 3984 2747 4052 μήτε
2779 3984 2886 4051 μὴν
2933 3982 3031 4052 τὴν
3058 3983 3407 4054 χηρεύουσαν
3454 3989 3661 4056 ἐκκληο

2084 4070 2206 4123 σίαν
2238 4069 2332 4122 ἐπὶ.
2356 4069 2491 4123 πολὺ
2526 4071 2897 4124 ἀνεπίσκοπον
2930 4073 3147 4142 μένειν·
3196 4074 3316 4127 ἀλλ’
3362 4077 3514 4141 ἐντὸς
3551 4096 3662 4149 μη-

2080 4160 2188 4213 νῶν
2211 4160 2375 4231 τριῶν
2401 4200 2416 4225 ,
2445 4160 2542 4223 τὰς
2566 4161 2897 4230 χειροτονίας
2923 4162 3031 4215 τῶν
3046 4163 3359 4219 ἐπισκόπων
3386 4166 3654 4233 γίνεσθαι⁹

2083 4250 2133 4303 εί
2169 4249 2242 4319 μή
2277 4249 2381 4302 πού
2410 4266 2494 4313 τις
2523 4250 2902 4319 ἀπαραίτητος
2928 4252 3141 4322 ἀνάγκη
3173 4253 3265 4306 τὸν
3298 4255 3493 4326 καιρὸν
3528 4259 3657 4309 ἐπι-

2080 4339 2310 4409 ταθῆναι
2339 4341 2768 4410 παρασκευάσει.
2797 4342 2864 4394 Et
2885 4359 2937 4394 τι
2959 4340 3052 4396 οὖν
3075 4343 3182 4397 τῶν
3198 4345 3289 4412 τῆς
3325 4345 3659 4417 Ἐκκλησίας

2084 4429 2429 4501 πραγμάτων
2459 4430 2517 4484 ἐν
2544 4429 2621 4500 τῷ
2664 4430 2867 4499 μεταξὺ
2918 4432 3013 4485 τοῦ
3067 4433 3262 4504 καιροῦ
3310 4437 3359 4489 oi
3399 4437 3658 4511 xltqptxo't

2081 4520 2447 4589 διαπρὰσωσι,
2484 4521 2610 4575 καθ’
2641 4521 2699 4574 ὃν
2720 4522 3023 4574 ἐπισκόπου
3050 4524 3083 4593 ἡ
3113 4524 3383 4595 ἐκκλησία
3403 4527 3656 4597 χηρεύει·

2082 4609 2234 4662 ἔσται
2265 4609 2650 4677 ἀϐέϐαιον,καὶ
2685 4609 2837 4679 παρὰ
2865 4614 2929 4681 τῇ
2952 4610 3139 4684 ξουσίᾳ
3168 4613 3262 4667 τοῦ
3319 4615 3661 4672 Ἐπισκόπου

2084 4701 2325 4754 κείσεται
2355 4700 2387 4771 ἢ
2421 4701 2520 4769 τὴν
2548 4702 2753 4770 πρᾶσιν
2785 4701 3110 4771 ἀνατρέψαι,
3142 4703 3236 4757 καὶ
3285 4706 3661 4762 ἐπαναλαϐεῖν

2082 4793 2145 4846 τὸ
2173 4793 2424 4863 πρᾶγμα,
2452 4791 2486 4861 ἢ
2520 4790 2744 4863 στέρξαι
2795 4791 3021 4863 ταύτην,
3070 4794 3164 4847 καὶ
3213 4797 3513 4852 ἀπολαϐεῖν
3551 4800 3659 4869 τὴν

2083 4885 2271 4955 τιμήν.
2323 4885 2482 4955 Ζήτει
2543 4884 2643 4957 τῆς
2696 4883 2755 4936 ἐν
2815 4882 3120 4955 Χαλκηδόνι
3176 4887 3399 4943 συνόδου
3449 4891 3663 4948 κανόνα

2082 4974 2178 5030 λε’.

2676 5077 2919 5133 ΚΑΝΩΝ
2949 5081 3064 5146 IG'.

2091 5179 2119 5215 ο
2152 5164 2287 5235 Περὶ
2345 5166 2454 5220 τῶν
2517 5167 2967 5241 ἀλογευσαμένων
2997 5211 3013 5236 ,
3072 5170 3105 5241 ἢ
3157 5170 3254 5224 καὶ
3315 5169 3663 5241 ἆλογευομὲο

2167 5275 2185 5308 ι
2229 5272 2332 5311 νων
2365 5257 2503 5329 (81),
2538 5260 2652 5314 ὅσοι
2683 5263 2811 5333 πρὶν
2839 5263 3171 5327 εἰκοσαετετς
3192 5264 3452 5333 γενέσθαι
3467 5265 3660 5338 ἦμαρ·

1654 5389 1840 5452 Guill.
1868 5390 2186 5469 Beveregii
2218 5399 2407 5452 nolm.

488 5514 597 5587 (80)
658 5515 916 5585 Ἀγωγὴν
963 5518 1069 5571 τὸν
1105 5519 1464 5587 ἠγορακότα.
1539 5515 1597 5571 In
1675 5516 1974 5572 Parisiensi

417 5580 750 5639 llalsamonis
797 5580 1051 5652 editione,
1083 5580 1183 5643 nec
1216 5580 1343 5642 'non
1404 5590 1454 5640 in
1516 5603 1649 5641 mss.
1706 5588 1972 5641 Amerba—

416 5654 612 5705 miano
641 5663 695 5725 et
723 5654 1054 5721 Aﬂtoniensi,
1083 5666 1203 5725 post
1226 5657 1344 5711 inec
1375 5657 1541 5710 verba
1575 5658 1799 5711 additur
1828 5658 1971 5711 κατά

416 5738 509 5792 της
543 5723 835 5794 ἐκκλησεας
864 5723 1109 5779 adversus
1146 5728 1431 5781 ecclesiam.
1463 5727 1619 5792 Quod
1649 5728 1812 5783 etiam
1840 5741 1966 5782 sen—

2083 5520 2168 5573 sui
2200 5518 2577 5573 necessarium
2610 5519 2850 5574 videtur.

2154 5588 2433 5667 (Sijhﬂspi
2459 5588 2576 5667 τῶν
2596 5592 3103 5667 ἀλργευσαμένων
3131 5592 3264 5667 ﬂeor
3293 5595 3651 5667 ἀλογευομέ-

2082 5658 2569 5735 τωνςηῡίοι-ιχεὶυδ-
2595 5659 2837 5735 Exiguus
2869 5658 2983 5717 haec
3029 5658 3193 5735 verba
3235 5658 3653 5735 interpretatur,

2079 5729 2157 5782 De
2184 5730 2264 5780 his
2295 5728 2384 5795 qui
2415 5730 2853 5785 irrationabiliter
2881 5734 3075 5787 versati
3098 5745 3221 5788 sunt
3245 5776 3260 5798 ,
3292 5728 3401 5790 sive
3445 5752 3668 5792 rems-
