  <div class='ocr_page' id='page_1' title='image "/cluster/home/n/w/nwhite01/storage/ocr_20150623/137/hvd.32044073502536/638.png"; bbox 0 0 4014 6224; ppageno 0'>
   <div class='ocr_carea' id='block_1_1' title="bbox 366 302 498 370">
    <p class='ocr_par' dir='ltr' id='par_1_1' title="bbox 366 302 498 370">
     <span class='ocr_line' id='line_1_1' title="bbox 366 302 498 370; baseline -0.015 -4"><span class='ocrx_word' id='word_1_1' title='bbox 366 302 498 370; x_wconf 75' lang='grc'><strong>11⁸17</strong></span> 
     </span>
    </p>
   </div>
   <div class='ocr_carea' id='block_1_2' title="bbox 1410 293 2467 370">
    <p class='ocr_par' dir='ltr' id='par_1_2' title="bbox 1410 293 2467 370">
     <span class='ocr_line' id='line_1_2' title="bbox 1410 293 2467 370; baseline -0.001 -2"><span class='ocrx_word' id='word_1_2' title='bbox 1410 308 1488 368; x_wconf 85' lang='lat' dir='ltr'><strong>lN</strong></span> <span class='ocrx_word' id='word_1_3' title='bbox 1528 293 1692 368; x_wconf 69' lang='lat' dir='ltr'><strong>CAN.</strong></span> <span class='ocrx_word' id='word_1_4' title='bbox 1729 304 1923 366; x_wconf 83' lang='lat' dir='ltr'><strong>xvm</strong></span> <span class='ocrx_word' id='word_1_5' title='bbox 1970 304 2176 370; x_wconf 66' lang='lat' dir='ltr'><strong>coxo.</strong></span> <span class='ocrx_word' id='word_1_6' title='bbox 2219 297 2467 368; x_wconf 82' lang='lat' dir='ltr'><strong>ANCYR</strong></span> 
     </span>
    </p>
   </div>
   <div class='ocr_carea' id='block_1_3' title="bbox 3463 288 3600 358">
    <p class='ocr_par' dir='ltr' id='par_1_3' title="bbox 3463 288 3600 358">
     <span class='ocr_line' id='line_1_3' title="bbox 3463 288 3600 358; baseline -0.015 0"><span class='ocrx_word' id='word_1_7' title='bbox 3463 288 3600 358; x_wconf 78' lang='lat' dir='ltr'><strong>U78</strong></span> 
     </span>
    </p>
   </div>
   <div class='ocr_carea' id='block_1_4' title="bbox 361 403 1931 487">
    <p class='ocr_par' dir='ltr' id='par_1_4' title="bbox 361 412 1920 487">
     <span class='ocr_line' id='line_1_4' title="bbox 361 412 1920 487; baseline 0 -21"><span class='ocrx_word' id='word_1_8' title='bbox 361 414 586 468; x_wconf 80' lang='grc' dir='ltr'><strong>ΑΡΙΣΤ.</strong></span> <span class='ocrx_word' id='word_1_9' title='bbox 635 432 654 466; x_wconf 79' lang='lat' dir='ltr'><strong>r</strong></span> <span class='ocrx_word' id='word_1_10' title='bbox 713 414 769 468; x_wconf 87' lang='grc'><strong>’0</strong></span> <span class='ocrx_word' id='word_1_11' title='bbox 791 413 989 485; x_wconf 75' lang='grc' dir='ltr'>λεπρὸς</span> <span class='ocrx_word' id='word_1_12' title='bbox 1015 415 1471 486; x_wconf 67' lang='grc' dir='ltr'>ἄλο-γευσάμενος,</span> <span class='ocrx_word' id='word_1_13' title='bbox 1523 416 1672 487; x_wconf 69' lang='grc' dir='ltr'>ἦκαὶ</span> <span class='ocrx_word' id='word_1_14' title='bbox 1707 412 1920 486; x_wconf 82' lang='grc' dir='ltr'>λεπρὼ-</span> 
     </span>
    </p>
   </div>
   <div class='ocr_carea' id='block_1_5' title="bbox 2032 403 3593 487">
    <p class='ocr_par' dir='ltr' id='par_1_5' title="bbox 2032 403 3593 486">
     <span class='ocr_line' id='line_1_5' title="bbox 2032 403 3593 486; baseline -0.01 -14"><span class='ocrx_word' id='word_1_15' title='bbox 2032 415 2251 474; x_wconf 71' lang='lat' dir='ltr'><strong>ARlS&#39;l‘.</strong></span> <span class='ocrx_word' id='word_1_16' title='bbox 2295 436 2312 469; x_wconf 86' lang='grc'><strong><em>‹</em></strong></span> <span class='ocrx_word' id='word_1_17' title='bbox 2361 415 2635 486; x_wconf 87' lang='lat' dir='ltr'><strong>Leprosus</strong></span> <span class='ocrx_word' id='word_1_18' title='bbox 2682 411 2773 480; x_wconf 86' lang='lat' dir='ltr'><strong>qui</strong></span> <span class='ocrx_word' id='word_1_19' title='bbox 2834 406 3037 465; x_wconf 83' lang='lat' dir='ltr'><strong>bestias</strong></span> <span class='ocrx_word' id='word_1_20' title='bbox 3097 403 3241 469; x_wconf 91' lang='lat' dir='ltr'><strong>iniit,-</strong></span> <span class='ocrx_word' id='word_1_21' title='bbox 3295 403 3380 458; x_wconf 74' lang='lat' dir='ltr'><strong>vel</strong></span> <span class='ocrx_word' id='word_1_22' title='bbox 3429 403 3593 459; x_wconf 83' lang='lat' dir='ltr'><strong>etiam</strong></span> 
     </span>
    </p>
   </div>
   <div class='ocr_carea' id='block_1_6' title="bbox 432 506 1640 580">
    <p class='ocr_par' dir='ltr' id='par_1_6' title="bbox 432 506 1640 580">
     <span class='ocr_line' id='line_1_6' title="bbox 432 506 1640 580; baseline 0.002 -22"><span class='ocrx_word' id='word_1_23' title='bbox 432 523 451 558; x_wconf 75' lang='grc' dir='ltr'><strong>ι</strong></span> <span class='ocrx_word' id='word_1_24' title='bbox 497 522 615 571; x_wconf 87' lang='grc' dir='ltr'>σας,</span> <span class='ocrx_word' id='word_1_25' title='bbox 650 508 760 569; x_wconf 86' lang='grc' dir='ltr'>τοῖς</span> <span class='ocrx_word' id='word_1_26' title='bbox 785 506 1206 580; x_wconf 66' lang='grc' dir='ltr'><strong>χειμαζομένοις</strong></span> <span class='ocrx_word' id='word_1_27' title='bbox 1238 507 1577 578; x_wconf 81' lang='grc' dir='ltr'>συνεύχοιτο.</span> <span class='ocrx_word' id='word_1_28' title='bbox 1621 526 1640 560; x_wconf 70' lang='grc' dir='ltr'><strong>ι</strong></span> 
     </span>
    </p>
   </div>
   <div class='ocr_carea' id='block_1_7' title="bbox 439 679 1932 756">
    <p class='ocr_par' dir='ltr' id='par_1_7' title="bbox 439 679 1932 756">
     <span class='ocr_line' id='line_1_7' title="bbox 439 679 1932 756; baseline 0.003 -22"><span class='ocrx_word' id='word_1_29' title='bbox 439 681 656 752; x_wconf 80' lang='grc' dir='ltr'>Ἐπειδὴ</span> <span class='ocrx_word' id='word_1_30' title='bbox 687 681 999 752; x_wconf 74' lang='grc' dir='ltr'><strong>ἀκάθαρτος</strong></span> <span class='ocrx_word' id='word_1_31' title='bbox 1032 679 1149 755; x_wconf 77' lang='grc' dir='ltr'>ἣνό</span> <span class='ocrx_word' id='word_1_32' title='bbox 1188 684 1388 754; x_wconf 75' lang='grc' dir='ltr'>λεπρὸς</span> <span class='ocrx_word' id='word_1_33' title='bbox 1426 687 1483 738; x_wconf 79' lang='grc' dir='ltr'>ὲν</span> <span class='ocrx_word' id='word_1_34' title='bbox 1523 683 1601 754; x_wconf 84' lang='grc' dir='ltr'>τῷ</span> <span class='ocrx_word' id='word_1_35' title='bbox 1650 685 1800 754; x_wconf 85' lang='grc' dir='ltr'>νόμῳ</span> <span class='ocrx_word' id='word_1_36' title='bbox 1852 685 1932 756; x_wconf 84' lang='grc' dir='ltr'><strong>τῷ</strong></span> 
     </span>
    </p>
   </div>
   <div class='ocr_carea' id='block_1_8' title="bbox 360 770 1933 844">
    <p class='ocr_par' dir='ltr' id='par_1_8' title="bbox 360 770 1933 844">
     <span class='ocr_line' id='line_1_8' title="bbox 360 770 1933 844; baseline 0.003 -20"><span class='ocrx_word' id='word_1_37' title='bbox 360 770 454 825; x_wconf 73' lang='grc' dir='ltr'>τοῦ</span> <span class='ocrx_word' id='word_1_38' title='bbox 483 772 747 834; x_wconf 79' lang='grc' dir='ltr'>Μωσέως,</span> <span class='ocrx_word' id='word_1_39' title='bbox 771 774 912 827; x_wconf 82' lang='grc' dir='ltr'><strong>κατά</strong></span> <span class='ocrx_word' id='word_1_40' title='bbox 938 773 1095 828; x_wconf 74' lang='grc' dir='ltr'>τοῦτο</span> <span class='ocrx_word' id='word_1_41' title='bbox 1135 776 1231 829; x_wconf 74' lang='grc' dir='ltr'>καὶ</span> <span class='ocrx_word' id='word_1_42' title='bbox 1273 778 1300 829; x_wconf 98' lang='lat'><strong>6</strong></span> <span class='ocrx_word' id='word_1_43' title='bbox 1355 775 1534 829; x_wconf 86' lang='grc' dir='ltr'>κανὼν</span> <span class='ocrx_word' id='word_1_44' title='bbox 1572 776 1661 828; x_wconf 78' lang='grc' dir='ltr'>τὸν</span> <span class='ocrx_word' id='word_1_45' title='bbox 1706 776 1933 844; x_wconf 86' lang='grc' dir='ltr'>ἀλογευ-</span> 
     </span>
    </p>
   </div>
   <div class='ocr_carea' id='block_1_9' title="bbox 363 861 1931 937">
    <p class='ocr_par' dir='ltr' id='par_1_9' title="bbox 363 861 1931 937">
     <span class='ocr_line' id='line_1_9' title="bbox 363 861 1931 937; baseline 0.004 -24"><span class='ocrx_word' id='word_1_46' title='bbox 363 861 592 929; x_wconf 71' lang='grc' dir='ltr'>σάμενον</span> <span class='ocrx_word' id='word_1_47' title='bbox 622 864 698 926; x_wconf 84' lang='grc' dir='ltr'><strong>ὡς</strong></span> <span class='ocrx_word' id='word_1_48' title='bbox 728 863 1038 937; x_wconf 77' lang='grc' dir='ltr'>ἀκάθαρτον</span> <span class='ocrx_word' id='word_1_49' title='bbox 1069 867 1434 936; x_wconf 77' lang='grc' dir='ltr'>κατονομάζει</span> <span class='ocrx_word' id='word_1_50' title='bbox 1477 867 1696 936; x_wconf 84' lang='grc' dir='ltr'>λεπρόν.</span> <span class='ocrx_word' id='word_1_51' title='bbox 1737 868 1931 922; x_wconf 87' lang='grc' dir='ltr'>Βούλε-</span> 
     </span>
    </p>
   </div>
   <div class='ocr_carea' id='block_1_10' title="bbox 358 951 1926 1031">
    <p class='ocr_par' dir='ltr' id='par_1_10' title="bbox 358 951 1926 1031">
     <span class='ocr_line' id='line_1_10' title="bbox 358 951 1926 1031; baseline 0.005 -25"><span class='ocrx_word' id='word_1_52' title='bbox 358 960 449 1006; x_wconf 74' lang='grc' dir='ltr'><strong>ται</strong></span> <span class='ocrx_word' id='word_1_53' title='bbox 475 951 568 1009; x_wconf 82' lang='grc' dir='ltr'><strong>οὖν</strong></span> <span class='ocrx_word' id='word_1_54' title='bbox 591 957 716 1019; x_wconf 74' lang='grc' dir='ltr'>τοὺς</span> <span class='ocrx_word' id='word_1_55' title='bbox 745 957 1024 1021; x_wconf 73' lang='grc' dir='ltr'><strong>τοιούτους</strong></span> <span class='ocrx_word' id='word_1_56' title='bbox 1049 961 1174 1023; x_wconf 74' lang='grc' dir='ltr'>τοὺς</span> <span class='ocrx_word' id='word_1_57' title='bbox 1207 961 1263 1014; x_wconf 82' lang='grc' dir='ltr'>ὲν</span> <span class='ocrx_word' id='word_1_58' title='bbox 1289 961 1506 1028; x_wconf 72' lang='grc' dir='ltr'>γυναιξὶ</span> <span class='ocrx_word' id='word_1_59' title='bbox 1530 960 1683 1031; x_wconf 81' lang='grc' dir='ltr'><strong>παρά</strong></span> <span class='ocrx_word' id='word_1_60' title='bbox 1741 960 1926 1030; x_wconf 88' lang='grc' dir='ltr'>φύσιν,</span> 
     </span>
    </p>
   </div>
   <div class='ocr_carea' id='block_1_11' title="bbox 357 1045 1930 1123">
    <p class='ocr_par' dir='ltr' id='par_1_11' title="bbox 357 1045 1930 1123">
     <span class='ocr_line' id='line_1_11' title="bbox 357 1045 1930 1123; baseline 0.007 -25"><span class='ocrx_word' id='word_1_61' title='bbox 357 1045 389 1114; x_wconf 74' lang='grc' dir='ltr'>ἦ</span> <span class='ocrx_word' id='word_1_62' title='bbox 427 1046 483 1098; x_wconf 86' lang='grc' dir='ltr'>ὲν</span> <span class='ocrx_word' id='word_1_63' title='bbox 513 1045 760 1118; x_wconf 72' lang='grc' dir='ltr'>ἄρρεσιν,</span> <span class='ocrx_word' id='word_1_64' title='bbox 786 1048 818 1118; x_wconf 81' lang='grc' dir='ltr'>ἢ</span> <span class='ocrx_word' id='word_1_65' title='bbox 843 1049 899 1101; x_wconf 80' lang='grc' dir='ltr'>ὲν</span> <span class='ocrx_word' id='word_1_66' title='bbox 928 1049 1144 1118; x_wconf 76' lang='grc' dir='ltr'><strong>ἀλόγοις</strong></span> <span class='ocrx_word' id='word_1_67' title='bbox 1179 1051 1277 1120; x_wconf 82' lang='grc' dir='ltr'><strong>τὴν</strong></span> <span class='ocrx_word' id='word_1_68' title='bbox 1321 1051 1584 1121; x_wconf 79' lang='grc' dir='ltr'><strong>αἰσχύνην</strong></span> <span class='ocrx_word' id='word_1_69' title='bbox 1628 1054 1930 1123; x_wconf 77' lang='grc' dir='ltr'>ἐργαζομέ-</span> 
     </span>
    </p>
   </div>
   <div class='ocr_carea' id='block_1_12' title="bbox 357 1138 1929 1217">
    <p class='ocr_par' dir='ltr' id='par_1_12' title="bbox 357 1138 1929 1217">
     <span class='ocr_line' id='line_1_12' title="bbox 357 1138 1929 1217; baseline 0.007 -29"><span class='ocrx_word' id='word_1_70' title='bbox 357 1152 500 1217; x_wconf 55' lang='grc' dir='ltr'>ιους,</span> <span class='ocrx_word' id='word_1_71' title='bbox 535 1139 628 1190; x_wconf 81' lang='grc' dir='ltr'><strong>καὶ</strong></span> <span class='ocrx_word' id='word_1_72' title='bbox 657 1138 1046 1208; x_wconf 86' lang='grc' dir='ltr'>λεπρώσαντας</span> <span class='ocrx_word' id='word_1_73' title='bbox 1087 1141 1332 1207; x_wconf 73' lang='grc' dir='ltr'>ἑαυτοὺς,</span> <span class='ocrx_word' id='word_1_74' title='bbox 1374 1141 1529 1212; x_wconf 62' lang='lat' dir='ltr'><strong>ﬁmi.</strong></span> <span class='ocrx_word' id='word_1_75' title='bbox 1576 1143 1784 1214; x_wconf 73' lang='grc' dir='ltr'>ἑτέροις</span> <span class='ocrx_word' id='word_1_76' title='bbox 1828 1146 1929 1217; x_wconf 87' lang='grc' dir='ltr'>τῆς</span> 
     </span>
    </p>
   </div>
   <div class='ocr_carea' id='block_1_13' title="bbox 357 1227 1928 1309">
    <p class='ocr_par' dir='ltr' id='par_1_13' title="bbox 357 1227 1928 1309">
     <span class='ocr_line' id='line_1_13' title="bbox 357 1227 1928 1309; baseline 0.008 -31"><span class='ocrx_word' id='word_1_77' title='bbox 357 1227 565 1289; x_wconf 69' lang='grc' dir='ltr'>οἰκείας</span> <span class='ocrx_word' id='word_1_78' title='bbox 597 1230 924 1295; x_wconf 77' lang='grc' dir='ltr'>μεταδόντας</span> <span class='ocrx_word' id='word_1_79' title='bbox 951 1233 1315 1303; x_wconf 78' lang='grc' dir='ltr'><strong>ἀκαθαρσίας,</strong></span> <span class='ocrx_word' id='word_1_80' title='bbox 1345 1234 1420 1298; x_wconf 83' lang='grc' dir='ltr'>ὡς</span> <span class='ocrx_word' id='word_1_81' title='bbox 1448 1235 1773 1306; x_wconf 76' lang='grc' dir='ltr'>κατακόρως</span> <span class='ocrx_word' id='word_1_82' title='bbox 1792 1255 1928 1309; x_wconf 81' lang='grc' dir='ltr'>χρη-</span> 
     </span>
    </p>
   </div>
   <div class='ocr_carea' id='block_1_14' title="bbox 359 1319 1926 1394">
    <p class='ocr_par' dir='ltr' id='par_1_14' title="bbox 359 1319 1926 1394">
     <span class='ocr_line' id='line_1_14' title="bbox 359 1319 1926 1394; baseline 0.004 -23"><span class='ocrx_word' id='word_1_83' title='bbox 359 1321 627 1388; x_wconf 80' lang='grc' dir='ltr'>σαμένους</span> <span class='ocrx_word' id='word_1_84' title='bbox 649 1323 726 1392; x_wconf 87' lang='grc' dir='ltr'>τῷ</span> <span class='ocrx_word' id='word_1_85' title='bbox 757 1322 939 1386; x_wconf 80' lang='grc' dir='ltr'><strong>πάθει,</strong></span> <span class='ocrx_word' id='word_1_86' title='bbox 980 1324 1244 1394; x_wconf 80' lang='grc' dir='ltr'>μετὰτῶν</span> <span class='ocrx_word' id='word_1_87' title='bbox 1281 1319 1697 1394; x_wconf 81' lang='grc' dir='ltr'><strong>χειμαζομένων</strong></span> <span class='ocrx_word' id='word_1_88' title='bbox 1738 1324 1926 1378; x_wconf 86' lang='grc' dir='ltr'>συνεύ-</span> 
     </span>
    </p>
   </div>
   <div class='ocr_carea' id='block_1_15' title="bbox 357 1407 1928 1484">
    <p class='ocr_par' dir='ltr' id='par_1_15' title="bbox 357 1407 1928 1484">
     <span class='ocr_line' id='line_1_15' title="bbox 357 1407 1928 1484; baseline 0.004 -24"><span class='ocrx_word' id='word_1_89' title='bbox 357 1413 565 1478; x_wconf 84' lang='grc' dir='ltr'>χεσθαι.</span> <span class='ocrx_word' id='word_1_90' title='bbox 600 1413 1001 1483; x_wconf 80' lang='grc' dir='ltr'>Χειμαζόμενοι</span> <span class='ocrx_word' id='word_1_91' title='bbox 1037 1407 1094 1467; x_wconf 83' lang='grc' dir='ltr'><em>δέ</em></span> <span class='ocrx_word' id='word_1_92' title='bbox 1119 1414 1248 1478; x_wconf 85' lang='grc' dir='ltr'>είσι,</span> <span class='ocrx_word' id='word_1_93' title='bbox 1274 1415 1413 1469; x_wconf 80' lang='grc' dir='ltr'><strong>κατά</strong></span> <span class='ocrx_word' id='word_1_94' title='bbox 1440 1415 1532 1468; x_wconf 79' lang='grc' dir='ltr'><strong>τὸν</strong></span> <span class='ocrx_word' id='word_1_95' title='bbox 1588 1414 1763 1484; x_wconf 79' lang='grc' dir='ltr'>μέγαν</span> <span class='ocrx_word' id='word_1_96' title='bbox 1814 1416 1928 1468; x_wconf 80' lang='grc' dir='ltr'>Διοο</span> 
     </span>
    </p>
   </div>
   <div class='ocr_carea' id='block_1_16' title="bbox 355 1492 1923 1577">
    <p class='ocr_par' dir='ltr' id='par_1_16' title="bbox 355 1492 1923 1577">
     <span class='ocr_line' id='line_1_16' title="bbox 355 1492 1923 1577; baseline 0.005 -25"><span class='ocrx_word' id='word_1_97' title='bbox 355 1492 556 1567; x_wconf 70' lang='grc' dir='ltr'>νῦσιον,</span> <span class='ocrx_word' id='word_1_98' title='bbox 615 1502 791 1558; x_wconf 77' lang='grc' dir='ltr'>οίύπο</span> <span class='ocrx_word' id='word_1_99' title='bbox 811 1505 1120 1575; x_wconf 84' lang='grc' dir='ltr'>πνεύματος</span> <span class='ocrx_word' id='word_1_100' title='bbox 1172 1505 1408 1576; x_wconf 82' lang='grc' dir='ltr'>πονηροῦ</span> <span class='ocrx_word' id='word_1_101' title='bbox 1453 1508 1833 1577; x_wconf 71' lang='grc' dir='ltr'>κατεχόμενοι,</span> <span class='ocrx_word' id='word_1_102' title='bbox 1872 1507 1923 1560; x_wconf 73' lang='grc' dir='ltr'>οἳ</span> 
     </span>
    </p>
   </div>
   <div class='ocr_carea' id='block_1_17' title="bbox 357 1592 1924 1669">
    <p class='ocr_par' dir='ltr' id='par_1_17' title="bbox 357 1592 1924 1669">
     <span class='ocr_line' id='line_1_17' title="bbox 357 1592 1924 1669; baseline 0.005 -25"><span class='ocrx_word' id='word_1_103' title='bbox 357 1592 498 1658; x_wconf 88' lang='grc' dir='ltr'><strong>μετά</strong></span> <span class='ocrx_word' id='word_1_104' title='bbox 525 1593 632 1646; x_wconf 82' lang='grc' dir='ltr'><strong>τῶν</strong></span> <span class='ocrx_word' id='word_1_105' title='bbox 665 1596 874 1649; x_wconf 82' lang='grc' dir='ltr'>πιστῶν</span> <span class='ocrx_word' id='word_1_106' title='bbox 915 1596 976 1649; x_wconf 87' lang='grc' dir='ltr'><strong>οὐ</strong></span> <span class='ocrx_word' id='word_1_107' title='bbox 1013 1595 1416 1668; x_wconf 81' lang='grc' dir='ltr'>συνεχωροΰντο</span> <span class='ocrx_word' id='word_1_108' title='bbox 1465 1596 1741 1669; x_wconf 77' lang='grc' dir='ltr'>εὔχεσθαι,</span> <span class='ocrx_word' id='word_1_109' title='bbox 1792 1597 1924 1652; x_wconf 85' lang='grc' dir='ltr'>ἀλλὰ</span> 
     </span>
    </p>
   </div>
   <div class='ocr_carea' id='block_1_18' title="bbox 354 1683 1919 1762">
    <p class='ocr_par' dir='ltr' id='par_1_18' title="bbox 354 1683 1919 1762">
     <span class='ocr_line' id='line_1_18' title="bbox 354 1683 1919 1762; baseline 0.007 -27"><span class='ocrx_word' id='word_1_110' title='bbox 354 1684 558 1749; x_wconf 76' lang='grc' dir='ltr'>τόπους</span> <span class='ocrx_word' id='word_1_111' title='bbox 585 1683 732 1758; x_wconf 79' lang='grc' dir='ltr'>εἶχον</span> <span class='ocrx_word' id='word_1_112' title='bbox 748 1689 1186 1761; x_wconf 78' lang='grc' dir='ltr'>ἀφωρισμένως,</span> <span class='ocrx_word' id='word_1_113' title='bbox 1221 1691 1318 1744; x_wconf 76' lang='grc' dir='ltr'>καὶ</span> <span class='ocrx_word' id='word_1_114' title='bbox 1348 1689 1584 1762; x_wconf 78' lang='grc' dir='ltr'>ηὔχοντο</span> <span class='ocrx_word' id='word_1_115' title='bbox 1615 1695 1674 1746; x_wconf 79' lang='grc' dir='ltr'>ὲν</span> <span class='ocrx_word' id='word_1_116' title='bbox 1714 1693 1919 1756; x_wconf 78' lang='grc' dir='ltr'>αὐτοῖς.</span> 
     </span>
    </p>
   </div>
   <div class='ocr_carea' id='block_1_19' title="bbox 354 1778 1922 1856">
    <p class='ocr_par' dir='ltr' id='par_1_19' title="bbox 354 1778 1922 1856">
     <span class='ocr_line' id='line_1_19' title="bbox 354 1778 1922 1856; baseline 0.006 -27"><span class='ocrx_word' id='word_1_117' title='bbox 354 1778 517 1846; x_wconf 73' lang='grc' dir='ltr'>Ζήτει</span> <span class='ocrx_word' id='word_1_118' title='bbox 565 1779 660 1832; x_wconf 83' lang='grc' dir='ltr'>τοῦ</span> <span class='ocrx_word' id='word_1_119' title='bbox 719 1782 957 1851; x_wconf 77' lang='grc' dir='ltr'>μεγάλου</span> <span class='ocrx_word' id='word_1_120' title='bbox 1003 1783 1289 1838; x_wconf 84' lang='grc' dir='ltr'>Βασιλείου</span> <span class='ocrx_word' id='word_1_121' title='bbox 1356 1786 1554 1839; x_wconf 78' lang='grc' dir='ltr'>κανόνα</span> <span class='ocrx_word' id='word_1_122' title='bbox 1588 1784 1670 1856; x_wconf 82' lang='grc' dir='ltr'><strong>ξβ¹</strong></span> <span class='ocrx_word' id='word_1_123' title='bbox 1712 1787 1803 1839; x_wconf 80' lang='grc' dir='ltr'><strong>καὶ</strong></span> <span class='ocrx_word' id='word_1_124' title='bbox 1833 1785 1922 1850; x_wconf 74' lang='grc' dir='ltr'><strong>ἐξ·</strong></span> 
     </span>
    </p>
   </div>
   <div class='ocr_carea' id='block_1_20' title="bbox 352 1870 1922 1946">
    <p class='ocr_par' dir='ltr' id='par_1_20' title="bbox 352 1870 1922 1946">
     <span class='ocr_line' id='line_1_20' title="bbox 352 1870 1922 1946; baseline 0.006 -25"><span class='ocrx_word' id='word_1_125' title='bbox 352 1870 583 1936; x_wconf 73' lang='grc' dir='ltr'>ήκοστον</span> <span class='ocrx_word' id='word_1_126' title='bbox 627 1873 810 1942; x_wconf 83' lang='grc' dir='ltr'>τρίτον</span> <span class='ocrx_word' id='word_1_127' title='bbox 843 1887 858 1903; x_wconf 86' lang='grc'>⁶</span> <span class='ocrx_word' id='word_1_128' title='bbox 913 1873 1007 1927; x_wconf 77' lang='grc' dir='ltr'>καὶ</span> <span class='ocrx_word' id='word_1_129' title='bbox 1050 1875 1302 1946; x_wconf 81' lang='grc' dir='ltr'>εὑρήσεις</span> <span class='ocrx_word' id='word_1_130' title='bbox 1364 1875 1458 1930; x_wconf 73' lang='grc' dir='ltr'>ἐπὶ</span> <span class='ocrx_word' id='word_1_131' title='bbox 1515 1876 1627 1931; x_wconf 81' lang='grc' dir='ltr'><strong>τῶν</strong></span> <span class='ocrx_word' id='word_1_132' title='bbox 1661 1877 1922 1931; x_wconf 75' lang='grc' dir='ltr'>τοιούτων</span> 
     </span>
    </p>
   </div>
   <div class='ocr_carea' id='block_1_21' title="bbox 353 1962 1286 2038">
    <p class='ocr_par' dir='ltr' id='par_1_21' title="bbox 353 1962 1286 2038">
     <span class='ocr_line' id='line_1_21' title="bbox 353 1962 1286 2038; baseline 0.014 -25"><span class='ocrx_word' id='word_1_133' title='bbox 353 1962 653 2032; x_wconf 85' lang='grc' dir='ltr'>ἀσελγειῶν</span> <span class='ocrx_word' id='word_1_134' title='bbox 678 1966 878 2036; x_wconf 83' lang='grc' dir='ltr'>ἥττονα</span> <span class='ocrx_word' id='word_1_135' title='bbox 907 1966 977 2021; x_wconf 77' lang='grc' dir='ltr'>τὰ</span> <span class='ocrx_word' id='word_1_136' title='bbox 1009 1967 1286 2038; x_wconf 69' lang='grc' dir='ltr'>ἐπιτίμια.</span> 
     </span>
    </p>
   </div>
   <div class='ocr_carea' id='block_1_22' title="bbox 930 2060 1308 2118">
    <p class='ocr_par' dir='ltr' id='par_1_22' title="bbox 930 2060 1308 2118">
     <span class='ocr_line' id='line_1_22' title="bbox 930 2060 1308 2118; baseline 0.013 -4"><span class='ocrx_word' id='word_1_137' title='bbox 930 2060 1169 2115; x_wconf 81' lang='grc' dir='ltr'>ΚΔΝΩΝ</span> <span class='ocrx_word' id='word_1_138' title='bbox 1203 2062 1308 2118; x_wconf 82' lang='lat' dir='ltr'><strong>iH’.</strong></span> 
     </span>
    </p>
   </div>
   <div class='ocr_carea' id='block_1_23' title="bbox 360 2145 1924 2234">
    <p class='ocr_par' dir='ltr' id='par_1_23' title="bbox 360 2145 1924 2234">
     <span class='ocr_line' id='line_1_23' title="bbox 360 2145 1924 2234; baseline 0.013 -38"><span class='ocrx_word' id='word_1_139' title='bbox 360 2157 382 2196; x_wconf 68' lang='grc' dir='ltr'><strong>τ</strong></span> <span class='ocrx_word' id='word_1_140' title='bbox 415 2145 481 2198; x_wconf 82' lang='grc' dir='ltr'><strong>Εἴ</strong></span> <span class='ocrx_word' id='word_1_141' title='bbox 523 2165 669 2212; x_wconf 84' lang='grc' dir='ltr'>τινες</span> <span class='ocrx_word' id='word_1_142' title='bbox 719 2150 1009 2208; x_wconf 82' lang='grc' dir='ltr'>ἐπίσκοποι</span> <span class='ocrx_word' id='word_1_143' title='bbox 1045 2157 1506 2226; x_wconf 73' lang='grc' dir='ltr'>κατασταθέντες,</span> <span class='ocrx_word' id='word_1_144' title='bbox 1547 2161 1640 2226; x_wconf 67' lang='grc' dir='ltr'>καὶ</span> <span class='ocrx_word' id='word_1_145' title='bbox 1698 2157 1772 2234; x_wconf 80' lang='grc' dir='ltr'>μὴ</span> <span class='ocrx_word' id='word_1_146' title='bbox 1834 2162 1924 2216; x_wconf 84' lang='grc' dir='ltr'>δε-</span> 
     </span>
    </p>
   </div>
   <div class='ocr_carea' id='block_1_24' title="bbox 440 2239 1926 2324">
    <p class='ocr_par' dir='ltr' id='par_1_24' title="bbox 440 2239 1926 2324">
     <span class='ocr_line' id='line_1_24' title="bbox 440 2239 1926 2324; baseline 0.012 -34"><span class='ocrx_word' id='word_1_147' title='bbox 440 2256 458 2290; x_wconf 80' lang='lat' dir='ltr'><strong>r</strong></span> <span class='ocrx_word' id='word_1_148' title='bbox 502 2239 724 2310; x_wconf 82' lang='grc' dir='ltr'>χθέντες</span> <span class='ocrx_word' id='word_1_149' title='bbox 754 2243 858 2298; x_wconf 82' lang='grc' dir='ltr'><strong>ὑπὸ</strong></span> <span class='ocrx_word' id='word_1_150' title='bbox 884 2245 980 2315; x_wconf 81' lang='grc' dir='ltr'>τῆς</span> <span class='ocrx_word' id='word_1_151' title='bbox 1007 2250 1298 2318; x_wconf 75' lang='grc' dir='ltr'>παροικίας</span> <span class='ocrx_word' id='word_1_152' title='bbox 1337 2251 1547 2322; x_wconf 76' lang='grc' dir='ltr'>ἐκείνης</span> <span class='ocrx_word' id='word_1_153' title='bbox 1578 2255 1656 2318; x_wconf 77' lang='grc' dir='ltr'>εἰς</span> <span class='ocrx_word' id='word_1_154' title='bbox 1687 2256 1753 2324; x_wconf 84' lang='grc' dir='ltr'><strong>ἢν</strong></span> <span class='ocrx_word' id='word_1_155' title='bbox 1787 2254 1926 2309; x_wconf 83' lang='grc' dir='ltr'>ὠνο-</span> 
     </span>
    </p>
   </div>
   <div class='ocr_carea' id='block_1_25' title="bbox 435 2332 1925 2415">
    <p class='ocr_par' dir='ltr' id='par_1_25' title="bbox 435 2332 1925 2415">
     <span class='ocr_line' id='line_1_25' title="bbox 435 2332 1925 2415; baseline 0.011 -32"><span class='ocrx_word' id='word_1_156' title='bbox 435 2345 453 2383; x_wconf 83' lang='grc' dir='ltr'><strong>ι</strong></span> <span class='ocrx_word' id='word_1_157' title='bbox 495 2332 806 2403; x_wconf 84' lang='grc' dir='ltr'>μάσθησαν,</span> <span class='ocrx_word' id='word_1_158' title='bbox 842 2337 1060 2407; x_wconf 77' lang='grc' dir='ltr'>ἑτέραις</span> <span class='ocrx_word' id='word_1_159' title='bbox 1124 2339 1401 2410; x_wconf 82' lang='grc' dir='ltr'>βούλοιντο</span> <span class='ocrx_word' id='word_1_160' title='bbox 1471 2345 1786 2415; x_wconf 85' lang='grc' dir='ltr'>παροικίαις</span> <span class='ocrx_word' id='word_1_161' title='bbox 1829 2347 1925 2400; x_wconf 75' lang='grc' dir='ltr'><strong>ἔπι</strong></span> 
     </span>
    </p>
   </div>
   <div class='ocr_carea' id='block_1_26' title="bbox 434 2423 1926 2501">
    <p class='ocr_par' dir='ltr' id='par_1_26' title="bbox 434 2423 1926 2501">
     <span class='ocr_line' id='line_1_26' title="bbox 434 2423 1926 2501; baseline 0.011 -26"><span class='ocrx_word' id='word_1_162' title='bbox 434 2440 454 2475; x_wconf 74' lang='grc'><strong>’1</strong></span> <span class='ocrx_word' id='word_1_163' title='bbox 496 2423 659 2489; x_wconf 84' lang='grc' dir='ltr'>ιέναι,</span> <span class='ocrx_word' id='word_1_164' title='bbox 687 2426 780 2481; x_wconf 78' lang='grc' dir='ltr'>καὶ</span> <span class='ocrx_word' id='word_1_165' title='bbox 813 2426 1096 2498; x_wconf 78' lang='grc' dir='ltr'>βιάζεσθαι</span> <span class='ocrx_word' id='word_1_166' title='bbox 1121 2431 1246 2496; x_wconf 75' lang='grc' dir='ltr'>τοὺς</span> <span class='ocrx_word' id='word_1_167' title='bbox 1267 2431 1639 2501; x_wconf 75' lang='grc' dir='ltr'>καθεστῶτας,</span> <span class='ocrx_word' id='word_1_168' title='bbox 1669 2439 1763 2490; x_wconf 76' lang='grc' dir='ltr'><strong>καὶ</strong></span> <span class='ocrx_word' id='word_1_169' title='bbox 1796 2437 1926 2491; x_wconf 78' lang='grc' dir='ltr'>στάο</span> 
     </span>
    </p>
   </div>
   <div class='ocr_carea' id='block_1_27' title="bbox 437 2521 1923 2601">
    <p class='ocr_par' dir='ltr' id='par_1_27' title="bbox 437 2521 1923 2601">
     <span class='ocr_line' id='line_1_27' title="bbox 437 2521 1923 2601; baseline 0.01 -32"><span class='ocrx_word' id='word_1_170' title='bbox 437 2535 456 2568; x_wconf 73' lang='grc' dir='ltr'><strong>ι</strong></span> <span class='ocrx_word' id='word_1_171' title='bbox 501 2533 617 2581; x_wconf 89' lang='grc' dir='ltr'>σεις</span> <span class='ocrx_word' id='word_1_172' title='bbox 641 2521 810 2572; x_wconf 81' lang='grc' dir='ltr'>κινεῖν</span> <span class='ocrx_word' id='word_1_173' title='bbox 865 2523 986 2576; x_wconf 89' lang='grc' dir='ltr'>κατ’</span> <span class='ocrx_word' id='word_1_174' title='bbox 1014 2524 1228 2592; x_wconf 81' lang='grc' dir='ltr'>αὐτῶν,</span> <span class='ocrx_word' id='word_1_175' title='bbox 1260 2527 1494 2591; x_wconf 85' lang='grc' dir='ltr'>τούτους</span> <span class='ocrx_word' id='word_1_176' title='bbox 1543 2529 1923 2601; x_wconf 75' lang='grc' dir='ltr'>ἀφορίζεσθαι.</span> 
     </span>
    </p>
   </div>
   <div class='ocr_carea' id='block_1_28' title="bbox 440 2609 1927 2692">
    <p class='ocr_par' dir='ltr' id='par_1_28' title="bbox 440 2609 1927 2692">
     <span class='ocr_line' id='line_1_28' title="bbox 440 2609 1927 2692; baseline 0.009 -30"><span class='ocrx_word' id='word_1_177' title='bbox 440 2627 459 2662; x_wconf 79' lang='lat' dir='ltr'><strong>r</strong></span> <span class='ocrx_word' id='word_1_178' title='bbox 513 2609 638 2664; x_wconf 75' lang='grc' dir='ltr'><strong>Ἐὰν</strong></span> <span class='ocrx_word' id='word_1_179' title='bbox 697 2613 882 2682; x_wconf 81' lang='grc' dir='ltr'>μέντοι</span> <span class='ocrx_word' id='word_1_180' title='bbox 948 2613 1222 2684; x_wconf 87' lang='grc' dir='ltr'>βούλοιντο</span> <span class='ocrx_word' id='word_1_181' title='bbox 1279 2619 1360 2681; x_wconf 86' lang='grc' dir='ltr'><strong>είς</strong></span> <span class='ocrx_word' id='word_1_182' title='bbox 1425 2618 1486 2671; x_wconf 83' lang='grc' dir='ltr'><strong>τὸ</strong></span> <span class='ocrx_word' id='word_1_183' title='bbox 1539 2621 1927 2692; x_wconf 78' lang='grc' dir='ltr'>πρεσϐυτέριον</span> 
     </span>
    </p>
   </div>
   <div class='ocr_carea' id='block_1_29' title="bbox 441 2703 1922 2785">
    <p class='ocr_par' dir='ltr' id='par_1_29' title="bbox 441 2703 1922 2785">
     <span class='ocr_line' id='line_1_29' title="bbox 441 2703 1922 2785; baseline 0.009 -32"><span class='ocrx_word' id='word_1_184' title='bbox 441 2721 459 2753; x_wconf 76' lang='grc' dir='ltr'><strong>ι</strong></span> <span class='ocrx_word' id='word_1_185' title='bbox 500 2703 854 2770; x_wconf 75' lang='grc' dir='ltr'>καθέζεσθαι,</span> <span class='ocrx_word' id='word_1_186' title='bbox 882 2705 1011 2760; x_wconf 71' lang='grc' dir='ltr'>ἔνθα</span> <span class='ocrx_word' id='word_1_187' title='bbox 1040 2703 1183 2778; x_wconf 85' lang='grc' dir='ltr'>ἦσαν</span> <span class='ocrx_word' id='word_1_188' title='bbox 1215 2709 1486 2782; x_wconf 85' lang='grc' dir='ltr'>πρότερον</span> <span class='ocrx_word' id='word_1_189' title='bbox 1533 2712 1922 2785; x_wconf 72' lang='grc' dir='ltr'>πρεσϐύτεροι,</span> 
     </span>
    </p>
   </div>
   <div class='ocr_carea' id='block_1_30' title="bbox 442 2795 1926 2872">
    <p class='ocr_par' dir='ltr' id='par_1_30' title="bbox 442 2795 1926 2872">
     <span class='ocr_line' id='line_1_30' title="bbox 442 2795 1926 2872; baseline 0.01 -29"><span class='ocrx_word' id='word_1_190' title='bbox 442 2813 460 2843; x_wconf 79' lang='lat' dir='ltr'><strong>r</strong></span> <span class='ocrx_word' id='word_1_191' title='bbox 501 2795 575 2865; x_wconf 75' lang='grc' dir='ltr'>μὴ</span> <span class='ocrx_word' id='word_1_192' title='bbox 618 2796 1026 2852; x_wconf 71' lang='grc' dir='ltr'>ἀποϐάλλεσθαι</span> <span class='ocrx_word' id='word_1_193' title='bbox 1086 2799 1287 2864; x_wconf 77' lang='grc' dir='ltr'>αὐτοὺς</span> <span class='ocrx_word' id='word_1_194' title='bbox 1339 2803 1439 2870; x_wconf 76' lang='grc' dir='ltr'>τῆς</span> <span class='ocrx_word' id='word_1_195' title='bbox 1478 2803 1640 2872; x_wconf 76' lang='grc' dir='ltr'>τιμῆς</span> <span class='ocrx_word' id='word_1_196' title='bbox 1671 2820 1686 2836; x_wconf 76' lang='grc'><em>’</em></span> <span class='ocrx_word' id='word_1_197' title='bbox 1737 2805 1832 2857; x_wconf 82' lang='grc' dir='ltr'><strong>ἐάν</strong></span> <span class='ocrx_word' id='word_1_198' title='bbox 1869 2805 1926 2858; x_wconf 77' lang='grc' dir='ltr'>δὲ</span> 
     </span>
    </p>
   </div>
   <div class='ocr_carea' id='block_1_31' title="bbox 441 2886 1928 2962">
    <p class='ocr_par' dir='ltr' id='par_1_31' title="bbox 441 2886 1928 2962">
     <span class='ocr_line' id='line_1_31' title="bbox 441 2886 1928 2962; baseline 0.009 -25"><span class='ocrx_word' id='word_1_199' title='bbox 441 2903 460 2938; x_wconf 79' lang='lat' dir='ltr'><strong>r</strong></span> <span class='ocrx_word' id='word_1_200' title='bbox 499 2886 932 2953; x_wconf 81' lang='grc' dir='ltr'>διαστασιάζωσι</span> <span class='ocrx_word' id='word_1_201' title='bbox 994 2889 1134 2962; x_wconf 77' lang='grc' dir='ltr'>πρὸς</span> <span class='ocrx_word' id='word_1_202' title='bbox 1206 2888 1333 2957; x_wconf 76' lang='grc' dir='ltr'>τοὺς</span> <span class='ocrx_word' id='word_1_203' title='bbox 1407 2888 1762 2959; x_wconf 72' lang='grc' dir='ltr'>καθεστῶτας</span> <span class='ocrx_word' id='word_1_204' title='bbox 1811 2899 1928 2950; x_wconf 78' lang='grc' dir='ltr'>ἐκεῖ</span> 
     </span>
    </p>
   </div>
   <div class='ocr_carea' id='block_1_32' title="bbox 441 2977 1924 3059">
    <p class='ocr_par' dir='ltr' id='par_1_32' title="bbox 441 2977 1924 3059">
     <span class='ocr_line' id='line_1_32' title="bbox 441 2977 1924 3059; baseline 0.007 -31"><span class='ocrx_word' id='word_1_205' title='bbox 441 2995 460 3028; x_wconf 84' lang='grc'><em>‹</em></span> <span class='ocrx_word' id='word_1_206' title='bbox 506 2977 866 3046; x_wconf 75' lang='grc' dir='ltr'>ἐπισκόπους,</span> <span class='ocrx_word' id='word_1_207' title='bbox 907 2981 1264 3053; x_wconf 74' lang='grc' dir='ltr'>ἀφαιρεῖσθαι</span> <span class='ocrx_word' id='word_1_208' title='bbox 1293 2985 1477 3050; x_wconf 81' lang='grc' dir='ltr'>αὐτοῖς</span> <span class='ocrx_word' id='word_1_209' title='bbox 1522 2988 1618 3041; x_wconf 71' lang='grc' dir='ltr'>καὶ</span> <span class='ocrx_word' id='word_1_210' title='bbox 1635 2989 1733 3057; x_wconf 75' lang='grc' dir='ltr'>τὴν</span> <span class='ocrx_word' id='word_1_211' title='bbox 1759 2987 1924 3059; x_wconf 78' lang='grc' dir='ltr'>τιμὴν</span> 
     </span>
    </p>
   </div>
   <div class='ocr_carea' id='block_1_33' title="bbox 441 3064 1994 3151">
    <p class='ocr_par' dir='ltr' id='par_1_33' title="bbox 441 3064 1994 3151">
     <span class='ocr_line' id='line_1_33' title="bbox 441 3064 1994 3151; baseline 0.01 -32"><span class='ocrx_word' id='word_1_212' title='bbox 441 3086 459 3119; x_wconf 76' lang='grc' dir='ltr'><strong>ι</strong></span> <span class='ocrx_word' id='word_1_213' title='bbox 499 3064 590 3122; x_wconf 73' lang='grc' dir='ltr'>τοῦ</span> <span class='ocrx_word' id='word_1_214' title='bbox 628 3071 1052 3144; x_wconf 82' lang='grc' dir='ltr'>πρεσϐυτερίου,</span> <span class='ocrx_word' id='word_1_215' title='bbox 1109 3075 1204 3128; x_wconf 69' lang='grc' dir='ltr'><strong>καὶ¹</strong></span> <span class='ocrx_word' id='word_1_216' title='bbox 1239 3075 1487 3144; x_wconf 83' lang='grc' dir='ltr'>γίνεσθαι</span> <span class='ocrx_word' id='word_1_217' title='bbox 1518 3078 1716 3142; x_wconf 70' lang='grc' dir='ltr'>αὐτοὺς</span> <span class='ocrx_word' id='word_1_218' title='bbox 1755 3079 1920 3150; x_wconf 83' lang='grc' dir='ltr'>ὲκκη-</span> <span class='ocrx_word' id='word_1_219' title='bbox 1957 3093 1994 3151; x_wconf 79' lang='lat' dir='ltr'>c</span> 
     </span>
    </p>
   </div>
   <div class='ocr_carea' id='block_1_34' title="bbox 434 3159 813 3228">
    <p class='ocr_par' dir='ltr' id='par_1_34' title="bbox 434 3159 813 3228">
     <span class='ocr_line' id='line_1_34' title="bbox 434 3159 813 3228; baseline 0.005 -18"><span class='ocrx_word' id='word_1_220' title='bbox 434 3171 457 3210; x_wconf 65' lang='grc' dir='ltr'><strong>ι</strong></span> <span class='ocrx_word' id='word_1_221' title='bbox 503 3159 753 3228; x_wconf 84' lang='grc' dir='ltr'>ρύκτους,</span> <span class='ocrx_word' id='word_1_222' title='bbox 795 3179 813 3212; x_wconf 69' lang='grc' dir='ltr'><strong><em>ο</em></strong></span> 
     </span>
    </p>
   </div>
   <div class='ocr_carea' id='block_1_35' title="bbox 435 3253 1928 3328">
    <p class='ocr_par' dir='ltr' id='par_1_35' title="bbox 435 3253 1928 3328">
     <span class='ocr_line' id='line_1_35' title="bbox 435 3253 1928 3328; baseline 0.011 -25"><span class='ocrx_word' id='word_1_223' title='bbox 435 3253 628 3307; x_wconf 75' lang='grc' dir='ltr'><strong>ΒΑΛΣ.</strong></span> <span class='ocrx_word' id='word_1_224' title='bbox 677 3253 738 3306; x_wconf 86' lang='lat'><strong>&#39;0</strong></span> <span class='ocrx_word' id='word_1_225' title='bbox 768 3255 830 3308; x_wconf 88' lang='grc' dir='ltr'>ιδ’</span> <span class='ocrx_word' id='word_1_226' title='bbox 865 3254 1050 3309; x_wconf 87' lang='grc' dir='ltr'>κανὼν</span> <span class='ocrx_word' id='word_1_227' title='bbox 1090 3257 1198 3311; x_wconf 82' lang='grc' dir='ltr'>τῶν</span> <span class='ocrx_word' id='word_1_228' title='bbox 1249 3260 1422 3328; x_wconf 82' lang='grc' dir='ltr'>ἁγίων</span> <span class='ocrx_word' id='word_1_229' title='bbox 1454 3262 1772 3319; x_wconf 75' lang='grc' dir='ltr'>ἀποστόλων</span> <span class='ocrx_word' id='word_1_230' title='bbox 1829 3268 1928 3321; x_wconf 75' lang='grc' dir='ltr'><strong>καὶ</strong></span> 
     </span>
    </p>
   </div>
   <div class='ocr_carea' id='block_1_36' title="bbox 363 3343 1925 3428">
    <p class='ocr_par' dir='ltr' id='par_1_36' title="bbox 363 3343 1925 3428">
     <span class='ocr_line' id='line_1_36' title="bbox 363 3343 1925 3428; baseline 0.01 -32"><span class='ocrx_word' id='word_1_231' title='bbox 363 3343 391 3396; x_wconf 89' lang='lat'><strong>6</strong></span> <span class='ocrx_word' id='word_1_232' title='bbox 416 3350 474 3395; x_wconf 83' lang='grc' dir='ltr'>ιε’</span> <span class='ocrx_word' id='word_1_233' title='bbox 501 3345 595 3396; x_wconf 80' lang='grc' dir='ltr'>καὶ</span> <span class='ocrx_word' id='word_1_234' title='bbox 635 3346 663 3398; x_wconf 90' lang='grc' dir='ltr'><strong>ὁ</strong></span> <span class='ocrx_word' id='word_1_235' title='bbox 705 3344 814 3411; x_wconf 84' lang='grc' dir='ltr'>λς’,</span> <span class='ocrx_word' id='word_1_236' title='bbox 850 3347 983 3400; x_wconf 78' lang='grc' dir='ltr'>ἀλλὰ</span> <span class='ocrx_word' id='word_1_237' title='bbox 1010 3351 1116 3420; x_wconf 74' lang='grc' dir='ltr'>μὴν</span> <span class='ocrx_word' id='word_1_238' title='bbox 1146 3352 1240 3404; x_wconf 75' lang='grc' dir='ltr'>καὶ</span> <span class='ocrx_word' id='word_1_239' title='bbox 1277 3353 1305 3404; x_wconf 87' lang='lat'><strong>6</strong></span> <span class='ocrx_word' id='word_1_240' title='bbox 1335 3351 1418 3419; x_wconf 82' lang='grc' dir='ltr'>ιζ’,</span> <span class='ocrx_word' id='word_1_241' title='bbox 1462 3355 1556 3408; x_wconf 75' lang='grc' dir='ltr'>καὶ</span> <span class='ocrx_word' id='word_1_242' title='bbox 1585 3358 1612 3409; x_wconf 91' lang='lat'><strong>6</strong></span> <span class='ocrx_word' id='word_1_243' title='bbox 1646 3363 1715 3428; x_wconf 83' lang='grc' dir='ltr'><strong>ιη’</strong></span> <span class='ocrx_word' id='word_1_244' title='bbox 1745 3356 1925 3413; x_wconf 87' lang='grc' dir='ltr'>κανὼν</span> 
     </span>
    </p>
   </div>
   <div class='ocr_carea' id='block_1_37' title="bbox 363 3434 1930 3517">
    <p class='ocr_par' dir='ltr' id='par_1_37' title="bbox 363 3434 1930 3517">
     <span class='ocr_line' id='line_1_37' title="bbox 363 3434 1930 3517; baseline 0.014 -35"><span class='ocrx_word' id='word_1_245' title='bbox 363 3434 461 3501; x_wconf 78' lang='grc' dir='ltr'>τῆς</span> <span class='ocrx_word' id='word_1_246' title='bbox 491 3435 551 3488; x_wconf 79' lang='grc' dir='ltr'><strong>ἐν</strong></span> <span class='ocrx_word' id='word_1_247' title='bbox 586 3435 890 3509; x_wconf 76' lang='grc' dir='ltr'>Ἀντιοχείᾳ</span> <span class='ocrx_word' id='word_1_248' title='bbox 943 3441 1186 3506; x_wconf 80' lang='grc' dir='ltr'>συνόδου,</span> <span class='ocrx_word' id='word_1_249' title='bbox 1239 3444 1412 3497; x_wconf 76' lang='grc' dir='ltr'>πολλά</span> <span class='ocrx_word' id='word_1_250' title='bbox 1472 3463 1595 3498; x_wconf 90' lang='grc' dir='ltr'>τινα</span> <span class='ocrx_word' id='word_1_251' title='bbox 1627 3446 1930 3517; x_wconf 78' lang='grc' dir='ltr'>διαλαμϐά-</span> 
     </span>
    </p>
   </div>
   <div class='ocr_carea' id='block_1_38' title="bbox 357 3530 1930 3606">
    <p class='ocr_par' dir='ltr' id='par_1_38' title="bbox 357 3530 1930 3606">
     <span class='ocr_line' id='line_1_38' title="bbox 357 3530 1930 3606; baseline 0.012 -29"><span class='ocrx_word' id='word_1_252' title='bbox 357 3533 517 3580; x_wconf 86' lang='grc' dir='ltr'>’νουσι</span> <span class='ocrx_word' id='word_1_253' title='bbox 565 3530 689 3598; x_wconf 77' lang='grc' dir='ltr'>περὶ</span> <span class='ocrx_word' id='word_1_254' title='bbox 756 3531 865 3585; x_wconf 77' lang='grc' dir='ltr'><strong>τῶν</strong></span> <span class='ocrx_word' id='word_1_255' title='bbox 917 3537 1411 3606; x_wconf 79' lang='grc' dir='ltr'>χειροτονουμένων</span> <span class='ocrx_word' id='word_1_256' title='bbox 1464 3540 1800 3606; x_wconf 80' lang='grc' dir='ltr'>ἐπισκόπων,</span> <span class='ocrx_word' id='word_1_257' title='bbox 1835 3543 1930 3596; x_wconf 73' lang='grc' dir='ltr'>καὶ</span> 
     </span>
    </p>
   </div>
   <div class='ocr_carea' id='block_1_39' title="bbox 367 3617 1931 3698">
    <p class='ocr_par' dir='ltr' id='par_1_39' title="bbox 367 3617 1931 3698">
     <span class='ocr_line' id='line_1_39' title="bbox 367 3617 1931 3698; baseline 0.012 -28"><span class='ocrx_word' id='word_1_258' title='bbox 367 3617 442 3689; x_wconf 73' lang='grc' dir='ltr'>μὴ</span> <span class='ocrx_word' id='word_1_259' title='bbox 473 3619 782 3690; x_wconf 81' lang='grc' dir='ltr'>δεχομένων</span> <span class='ocrx_word' id='word_1_260' title='bbox 847 3623 952 3679; x_wconf 75' lang='grc' dir='ltr'>ὑπὸ</span> <span class='ocrx_word' id='word_1_261' title='bbox 997 3626 1114 3679; x_wconf 77' lang='grc' dir='ltr'>τῶν</span> <span class='ocrx_word' id='word_1_262' title='bbox 1176 3628 1479 3698; x_wconf 84' lang='grc' dir='ltr'>παροικιῶν</span> <span class='ocrx_word' id='word_1_263' title='bbox 1547 3632 1774 3684; x_wconf 77' lang='grc' dir='ltr'>αὐτῶν·</span> <span class='ocrx_word' id='word_1_264' title='bbox 1835 3636 1931 3689; x_wconf 75' lang='grc' dir='ltr'><strong>καὶ</strong></span> 
     </span>
    </p>
   </div>
   <div class='ocr_carea' id='block_1_40' title="bbox 363 3713 1932 3798">
    <p class='ocr_par' dir='ltr' id='par_1_40' title="bbox 363 3713 1932 3798">
     <span class='ocr_line' id='line_1_40' title="bbox 363 3713 1932 3798; baseline 0.009 -32"><span class='ocrx_word' id='word_1_265' title='bbox 363 3713 641 3781; x_wconf 86' lang='grc' dir='ltr'>ἀνάγνωθι</span> <span class='ocrx_word' id='word_1_266' title='bbox 680 3716 930 3780; x_wconf 84' lang='grc' dir='ltr'>τούτους.</span> <span class='ocrx_word' id='word_1_267' title='bbox 979 3718 1036 3771; x_wconf 86' lang='grc' dir='ltr'><strong>Ὀ</strong></span> <span class='ocrx_word' id='word_1_268' title='bbox 1068 3720 1251 3789; x_wconf 81' lang='grc' dir='ltr'>μέντοι</span> <span class='ocrx_word' id='word_1_269' title='bbox 1282 3723 1480 3792; x_wconf 86' lang='grc' dir='ltr'>παρὼν</span> <span class='ocrx_word' id='word_1_270' title='bbox 1533 3723 1714 3778; x_wconf 85' lang='grc' dir='ltr'>κανὼν</span> <span class='ocrx_word' id='word_1_271' title='bbox 1763 3727 1932 3798; x_wconf 76' lang='grc' dir='ltr'>διορίο</span> 
     </span>
    </p>
   </div>
   <div class='ocr_carea' id='block_1_41' title="bbox 366 3800 1929 3882">
    <p class='ocr_par' dir='ltr' id='par_1_41' title="bbox 366 3800 1929 3882">
     <span class='ocr_line' id='line_1_41' title="bbox 366 3800 1929 3882; baseline 0.004 -24"><span class='ocrx_word' id='word_1_272' title='bbox 366 3800 519 3872; x_wconf 77' lang='grc' dir='ltr'>ζεται</span> <span class='ocrx_word' id='word_1_273' title='bbox 550 3809 677 3873; x_wconf 78' lang='grc' dir='ltr'>τοὺς</span> <span class='ocrx_word' id='word_1_274' title='bbox 713 3811 789 3882; x_wconf 76' lang='grc' dir='ltr'>μὴ</span> <span class='ocrx_word' id='word_1_275' title='bbox 855 3811 1148 3882; x_wconf 78' lang='grc' dir='ltr'>δεχθὲντας</span> <span class='ocrx_word' id='word_1_276' title='bbox 1183 3815 1653 3881; x_wconf 47' lang='grc' dir='ltr'>ἐπισκόπουςηείς</span> <span class='ocrx_word' id='word_1_277' title='bbox 1685 3817 1752 3882; x_wconf 84' lang='grc' dir='ltr'><strong>ἀς</strong></span> <span class='ocrx_word' id='word_1_278' title='bbox 1793 3820 1929 3879; x_wconf 83' lang='grc' dir='ltr'>ὠνο.</span> 
     </span>
    </p>
   </div>
   <div class='ocr_carea' id='block_1_42' title="bbox 364 3899 1929 3983">
    <p class='ocr_par' dir='ltr' id='par_1_42' title="bbox 364 3899 1929 3983">
     <span class='ocr_line' id='line_1_42' title="bbox 364 3899 1929 3983; baseline 0.01 -32"><span class='ocrx_word' id='word_1_279' title='bbox 364 3899 655 3970; x_wconf 79' lang='grc' dir='ltr'>μάσθησαν</span> <span class='ocrx_word' id='word_1_280' title='bbox 715 3903 1032 3972; x_wconf 82' lang='grc' dir='ltr'>παροικίας,</span> <span class='ocrx_word' id='word_1_281' title='bbox 1087 3905 1161 3975; x_wconf 83' lang='grc' dir='ltr'>μὴ</span> <span class='ocrx_word' id='word_1_282' title='bbox 1215 3907 1550 3976; x_wconf 80' lang='grc' dir='ltr'>ἀπέρχεσθαι</span> <span class='ocrx_word' id='word_1_283' title='bbox 1585 3912 1662 3974; x_wconf 83' lang='grc' dir='ltr'><strong>είς</strong></span> <span class='ocrx_word' id='word_1_284' title='bbox 1713 3913 1929 3983; x_wconf 75' lang='grc' dir='ltr'>ἐτέρας,</span> 
     </span>
    </p>
   </div>
   <div class='ocr_carea' id='block_1_43' title="bbox 367 3993 1931 4072">
    <p class='ocr_par' dir='ltr' id='par_1_43' title="bbox 367 3993 1931 4072">
     <span class='ocr_line' id='line_1_43' title="bbox 367 3993 1931 4072; baseline 0.008 -26"><span class='ocrx_word' id='word_1_285' title='bbox 367 3993 463 4046; x_wconf 73' lang='grc' dir='ltr'><strong>καὶ</strong></span> <span class='ocrx_word' id='word_1_286' title='bbox 493 3993 856 4064; x_wconf 74' lang='grc' dir='ltr'>βιάζειντοος</span> <span class='ocrx_word' id='word_1_287' title='bbox 906 3998 1202 4068; x_wconf 75' lang='grc' dir='ltr'>προέδρους</span> <span class='ocrx_word' id='word_1_288' title='bbox 1243 3999 1444 4064; x_wconf 69' lang='grc' dir='ltr'>αὐτῶν,</span> <span class='ocrx_word' id='word_1_289' title='bbox 1494 4003 1588 4054; x_wconf 73' lang='grc' dir='ltr'><strong>καὶ</strong></span> <span class='ocrx_word' id='word_1_290' title='bbox 1648 4006 1785 4072; x_wconf 77' lang='grc' dir='ltr'>μήτε</span> <span class='ocrx_word' id='word_1_291' title='bbox 1833 4006 1931 4072; x_wconf 79' lang='grc' dir='ltr'>μὲν</span> 
     </span>
    </p>
   </div>
   <div class='ocr_carea' id='block_1_44' title="bbox 361 4077 1933 4160">
    <p class='ocr_par' dir='ltr' id='par_1_44' title="bbox 361 4077 1933 4160">
     <span class='ocr_line' id='line_1_44' title="bbox 361 4077 1933 4160; baseline 0.003 -22"><span class='ocrx_word' id='word_1_292' title='bbox 361 4084 656 4150; x_wconf 84' lang='grc' dir='ltr'>διεγείρειν</span> <span class='ocrx_word' id='word_1_293' title='bbox 695 4085 835 4138; x_wconf 79' lang='grc' dir='ltr'><strong>κατά</strong></span> <span class='ocrx_word' id='word_1_294' title='bbox 863 4085 1072 4140; x_wconf 88' lang='grc' dir='ltr'>τούτων</span> <span class='ocrx_word' id='word_1_295' title='bbox 1105 4089 1231 4149; x_wconf 74' lang='grc' dir='ltr'>τοὺς</span> <span class='ocrx_word' id='word_1_296' title='bbox 1281 4077 1374 4140; x_wconf 69' lang='grc' dir='ltr'>ὑπ”</span> <span class='ocrx_word' id='word_1_297' title='bbox 1404 4089 1602 4151; x_wconf 73' lang='grc' dir='ltr'>αὖτοὺς</span> <span class='ocrx_word' id='word_1_298' title='bbox 1635 4090 1933 4160; x_wconf 75' lang='grc' dir='ltr'>κληρικούς</span> 
     </span>
    </p>
   </div>
   <div class='ocr_carea' id='block_1_45' title="bbox 362 4177 1931 4251">
    <p class='ocr_par' dir='ltr' id='par_1_45' title="bbox 362 4177 1931 4251">
     <span class='ocr_line' id='line_1_45' title="bbox 362 4177 1931 4251; baseline 0.003 -21"><span class='ocrx_word' id='word_1_299' title='bbox 362 4195 419 4230; x_wconf 89' lang='grc' dir='ltr'><strong>τε</strong></span> <span class='ocrx_word' id='word_1_300' title='bbox 450 4179 542 4230; x_wconf 68' lang='grc' dir='ltr'><strong>καὶ</strong></span> <span class='ocrx_word' id='word_1_301' title='bbox 565 4177 810 4241; x_wconf 80' lang='grc' dir='ltr'>λαῖκούς.</span> <span class='ocrx_word' id='word_1_302' title='bbox 836 4178 977 4241; x_wconf 78' lang='grc' dir='ltr'>Τοὺς</span> <span class='ocrx_word' id='word_1_303' title='bbox 998 4179 1053 4231; x_wconf 78' lang='grc' dir='ltr'><strong>δὲ</strong></span> <span class='ocrx_word' id='word_1_304' title='bbox 1082 4178 1320 4232; x_wconf 71' lang='grc' dir='ltr'>τοιοῦτόν</span> <span class='ocrx_word' id='word_1_305' title='bbox 1366 4197 1417 4233; x_wconf 91' lang='grc' dir='ltr'><strong>τι</strong></span> <span class='ocrx_word' id='word_1_306' title='bbox 1481 4181 1772 4245; x_wconf 78' lang='grc' dir='ltr'>ποιοῦντας</span> <span class='ocrx_word' id='word_1_307' title='bbox 1830 4183 1931 4251; x_wconf 70' lang='grc' dir='ltr'>ἀς)-</span> 
     </span>
    </p>
   </div>
   <div class='ocr_carea' id='block_1_46' title="bbox 363 4272 1930 4340">
    <p class='ocr_par' dir='ltr' id='par_1_46' title="bbox 363 4272 1930 4340">
     <span class='ocr_line' id='line_1_46' title="bbox 363 4272 1930 4340; baseline 0.002 -15"><span class='ocrx_word' id='word_1_308' title='bbox 363 4272 662 4340; x_wconf 74' lang='grc' dir='ltr'>ορίζεσθαι.</span> <span class='ocrx_word' id='word_1_309' title='bbox 707 4273 792 4333; x_wconf 81' lang='grc' dir='ltr'>Ὣς</span> <span class='ocrx_word' id='word_1_310' title='bbox 821 4273 876 4325; x_wconf 75' lang='grc' dir='ltr'>δέ</span> <span class='ocrx_word' id='word_1_311' title='bbox 916 4290 1060 4336; x_wconf 72' lang='grc' dir='ltr'>τινος</span> <span class='ocrx_word' id='word_1_312' title='bbox 1119 4274 1386 4338; x_wconf 81' lang='grc' dir='ltr'>εἰπόντος,</span> <span class='ocrx_word' id='word_1_313' title='bbox 1443 4275 1548 4327; x_wconf 78' lang='grc' dir='ltr'>Καὶ</span> <span class='ocrx_word' id='word_1_314' title='bbox 1593 4277 1743 4338; x_wconf 86' lang='grc' dir='ltr'>ποῖος</span> <span class='ocrx_word' id='word_1_315' title='bbox 1779 4275 1930 4328; x_wconf 77' lang='grc' dir='ltr'>ἔσται</span> 
     </span>
    </p>
   </div>
   <div class='ocr_carea' id='block_1_47' title="bbox 365 4363 1928 4434">
    <p class='ocr_par' dir='ltr' id='par_1_47' title="bbox 365 4363 1928 4434">
     <span class='ocr_line' id='line_1_47' title="bbox 365 4363 1928 4434; baseline 0.004 -20"><span class='ocrx_word' id='word_1_316' title='bbox 365 4363 527 4425; x_wconf 83' lang='grc' dir='ltr'>τόπος</span> <span class='ocrx_word' id='word_1_317' title='bbox 559 4363 842 4426; x_wconf 78' lang='grc' dir='ltr'>κατοικίας</span> <span class='ocrx_word' id='word_1_318' title='bbox 875 4366 986 4426; x_wconf 77' lang='grc' dir='ltr'>τοῖς</span> <span class='ocrx_word' id='word_1_319' title='bbox 1041 4364 1302 4427; x_wconf 83' lang='grc' dir='ltr'>τοιούτοις</span> <span class='ocrx_word' id='word_1_320' title='bbox 1334 4380 1348 4429; x_wconf 89' lang='grc'>;</span> <span class='ocrx_word' id='word_1_321' title='bbox 1400 4365 1680 4434; x_wconf 81' lang='grc' dir='ltr'>ἐπήγαγον</span> <span class='ocrx_word' id='word_1_322' title='bbox 1736 4369 1782 4421; x_wconf 77' lang='grc' dir='ltr'>οἱ</span> <span class='ocrx_word' id='word_1_323' title='bbox 1817 4368 1928 4420; x_wconf 86' lang='grc' dir='ltr'>Πα</span> 
     </span>
    </p>
   </div>
   <div class='ocr_carea' id='block_1_48' title="bbox 363 4449 1928 4525">
    <p class='ocr_par' dir='ltr' id='par_1_48' title="bbox 363 4449 1928 4525">
     <span class='ocr_line' id='line_1_48' title="bbox 363 4449 1928 4525; baseline 0.006 -23"><span class='ocrx_word' id='word_1_324' title='bbox 363 4449 520 4518; x_wconf 77' lang='grc' dir='ltr'>τέρες</span> <span class='ocrx_word' id='word_1_325' title='bbox 558 4449 656 4514; x_wconf 73' lang='grc' dir='ltr'><strong>ὡς,</strong></span> <span class='ocrx_word' id='word_1_326' title='bbox 686 4451 734 4502; x_wconf 81' lang='grc' dir='ltr'><strong>εί</strong></span> <span class='ocrx_word' id='word_1_327' title='bbox 777 4451 1051 4518; x_wconf 58' lang='grc' dir='ltr'>βιύὶοιντο</span> <span class='ocrx_word' id='word_1_328' title='bbox 1105 4453 1154 4504; x_wconf 85' lang='grc' dir='ltr'><strong>οἱ</strong></span> <span class='ocrx_word' id='word_1_329' title='bbox 1187 4455 1660 4523; x_wconf 75' lang='grc' dir='ltr'>χειροτονηθέντες</span> <span class='ocrx_word' id='word_1_330' title='bbox 1718 4457 1928 4525; x_wconf 76' lang='grc' dir='ltr'>διάγειν</span> 
     </span>
    </p>
   </div>
   <div class='ocr_carea' id='block_1_49' title="bbox 367 4541 1931 4624">
    <p class='ocr_par' dir='ltr' id='par_1_49' title="bbox 367 4541 1931 4624">
     <span class='ocr_line' id='line_1_49' title="bbox 367 4541 1931 4624; baseline 0.008 -33"><span class='ocrx_word' id='word_1_331' title='bbox 367 4541 446 4603; x_wconf 82' lang='grc' dir='ltr'><strong>είς</strong></span> <span class='ocrx_word' id='word_1_332' title='bbox 472 4541 668 4612; x_wconf 81' lang='grc' dir='ltr'>ἐτέρας</span> <span class='ocrx_word' id='word_1_333' title='bbox 695 4543 1008 4624; x_wconf 74' lang='grc' dir='ltr'>παροικίας,</span> <span class='ocrx_word' id='word_1_334' title='bbox 1039 4545 1205 4614; x_wconf 74' lang='grc' dir='ltr'>ἡγουν</span> <span class='ocrx_word' id='word_1_335' title='bbox 1231 4547 1310 4610; x_wconf 83' lang='grc' dir='ltr'><strong>είς</strong></span> <span class='ocrx_word' id='word_1_336' title='bbox 1350 4549 1447 4610; x_wconf 65' lang='grc' dir='ltr'>τὰς</span> <span class='ocrx_word' id='word_1_337' title='bbox 1485 4550 1755 4620; x_wconf 79' lang='grc' dir='ltr'>προτέρας</span> <span class='ocrx_word' id='word_1_338' title='bbox 1793 4568 1931 4603; x_wconf 86' lang='grc' dir='ltr'>κατ-</span> 
     </span>
    </p>
   </div>
   <div class='ocr_carea' id='block_1_50' title="bbox 365 4633 1931 4710">
    <p class='ocr_par' dir='ltr' id='par_1_50' title="bbox 365 4633 1931 4710">
     <span class='ocr_line' id='line_1_50' title="bbox 365 4633 1931 4710; baseline 0.007 -25"><span class='ocrx_word' id='word_1_339' title='bbox 365 4635 541 4695; x_wconf 77' lang='grc' dir='ltr'>οικίας</span> <span class='ocrx_word' id='word_1_340' title='bbox 571 4633 770 4696; x_wconf 79' lang='grc' dir='ltr'>αὐτῶν,</span> <span class='ocrx_word' id='word_1_341' title='bbox 813 4634 906 4686; x_wconf 73' lang='grc' dir='ltr'>καὶ</span> <span class='ocrx_word' id='word_1_342' title='bbox 935 4635 1215 4704; x_wconf 76' lang='grc' dir='ltr'>ἀνέχονται</span> <span class='ocrx_word' id='word_1_343' title='bbox 1257 4641 1336 4701; x_wconf 85' lang='grc' dir='ltr'><strong>είς</strong></span> <span class='ocrx_word' id='word_1_344' title='bbox 1369 4638 1740 4710; x_wconf 80' lang='grc' dir='ltr'>πρεσϐυτέρου</span> <span class='ocrx_word' id='word_1_345' title='bbox 1767 4641 1931 4695; x_wconf 78' lang='grc' dir='ltr'>τόπον</span> 
     </span>
    </p>
   </div>
   <div class='ocr_carea' id='block_1_51' title="bbox 367 4723 1932 4802">
    <p class='ocr_par' dir='ltr' id='par_1_51' title="bbox 367 4723 1932 4802">
     <span class='ocr_line' id='line_1_51' title="bbox 367 4723 1932 4802; baseline 0.007 -27"><span class='ocrx_word' id='word_1_346' title='bbox 367 4723 662 4792; x_wconf 81' lang='grc' dir='ltr'>καθῆσθαι,</span> <span class='ocrx_word' id='word_1_347' title='bbox 696 4725 756 4777; x_wconf 85' lang='grc' dir='ltr'><strong>οὐ</strong></span> <span class='ocrx_word' id='word_1_348' title='bbox 789 4724 1190 4797; x_wconf 80' lang='grc' dir='ltr'>κωλυθήσονται</span> <span class='ocrx_word' id='word_1_349' title='bbox 1227 4747 1240 4760; x_wconf 90' lang='grc'><strong>·</strong></span> <span class='ocrx_word' id='word_1_350' title='bbox 1279 4732 1456 4786; x_wconf 79' lang='grc' dir='ltr'>τοίνυν</span> <span class='ocrx_word' id='word_1_351' title='bbox 1497 4731 1589 4785; x_wconf 79' lang='grc' dir='ltr'>καὶ</span> <span class='ocrx_word' id='word_1_352' title='bbox 1641 4728 1783 4786; x_wconf 73' lang='grc' dir='ltr'>οὕτω</span> <span class='ocrx_word' id='word_1_353' title='bbox 1833 4734 1932 4802; x_wconf 79' lang='grc' dir='ltr'><strong>μὲν</strong></span> 
     </span>
    </p>
   </div>
   <div class='ocr_carea' id='block_1_52' title="bbox 373 4815 1934 4895">
    <p class='ocr_par' dir='ltr' id='par_1_52' title="bbox 373 4815 1934 4895">
     <span class='ocr_line' id='line_1_52' title="bbox 373 4815 1934 4895; baseline 0.008 -29"><span class='ocrx_word' id='word_1_354' title='bbox 373 4815 650 4879; x_wconf 77' lang='grc' dir='ltr'>ποιοῦντες</span> <span class='ocrx_word' id='word_1_355' title='bbox 713 4817 1053 4888; x_wconf 84' lang='grc' dir='ltr'>ἀνενόχλητοι</span> <span class='ocrx_word' id='word_1_356' title='bbox 1127 4821 1636 4895; x_wconf 79' lang='grc' dir='ltr'>διατηρηθήσονται,</span> <span class='ocrx_word' id='word_1_357' title='bbox 1717 4825 1934 4895; x_wconf 75' lang='grc' dir='ltr'>ἔχοντες</span> 
     </span>
    </p>
   </div>
   <div class='ocr_carea' id='block_1_53' title="bbox 368 4908 1933 4989">
    <p class='ocr_par' dir='ltr' id='par_1_53' title="bbox 368 4908 1933 4989">
     <span class='ocr_line' id='line_1_53' title="bbox 368 4908 1933 4989; baseline 0.01 -30"><span class='ocrx_word' id='word_1_358' title='bbox 368 4908 468 4977; x_wconf 76' lang='grc' dir='ltr'><strong>τὴν</strong></span> <span class='ocrx_word' id='word_1_359' title='bbox 496 4910 750 4979; x_wconf 82' lang='grc' dir='ltr'>τοιαύτην</span> <span class='ocrx_word' id='word_1_360' title='bbox 777 4912 964 4980; x_wconf 74' lang='grc' dir='ltr'>τιμήν.</span> <span class='ocrx_word' id='word_1_361' title='bbox 1011 4913 1135 4966; x_wconf 85' lang='grc' dir='ltr'>Ἑάν</span> <span class='ocrx_word' id='word_1_362' title='bbox 1181 4915 1236 4967; x_wconf 82' lang='grc' dir='ltr'>δὲ</span> <span class='ocrx_word' id='word_1_363' title='bbox 1273 4918 1488 4980; x_wconf 85' lang='grc' dir='ltr'>στάσεις</span> <span class='ocrx_word' id='word_1_364' title='bbox 1527 4921 1620 4972; x_wconf 85' lang='grc' dir='ltr'>καὶ</span> <span class='ocrx_word' id='word_1_365' title='bbox 1671 4921 1933 4989; x_wconf 69' lang='grc' dir='ltr'>διαφορὰς</span> 
     </span>
    </p>
   </div>
   <div class='ocr_carea' id='block_1_54' title="bbox 369 5002 1932 5081">
    <p class='ocr_par' dir='ltr' id='par_1_54' title="bbox 369 5002 1932 5081">
     <span class='ocr_line' id='line_1_54' title="bbox 369 5002 1932 5081; baseline 0.006 -28"><span class='ocrx_word' id='word_1_366' title='bbox 369 5002 535 5071; x_wconf 78' lang='grc' dir='ltr'>ἔχωσι</span> <span class='ocrx_word' id='word_1_367' title='bbox 567 5004 705 5072; x_wconf 82' lang='grc' dir='ltr'><strong>μετά</strong></span> <span class='ocrx_word' id='word_1_368' title='bbox 735 5005 828 5057; x_wconf 79' lang='grc' dir='ltr'>τοῦ</span> <span class='ocrx_word' id='word_1_369' title='bbox 858 5006 1127 5075; x_wconf 84' lang='grc' dir='ltr'>ἐγχωρίου</span> <span class='ocrx_word' id='word_1_370' title='bbox 1160 5009 1481 5072; x_wconf 73' lang='grc' dir='ltr'>ἐπισκόπου,</span> <span class='ocrx_word' id='word_1_371' title='bbox 1533 5011 1932 5081; x_wconf 69' lang='grc' dir='ltr'>ἀφαιρεθήσον-</span> 
     </span>
    </p>
   </div>
   <div class='ocr_carea' id='block_1_55' title="bbox 368 5089 1934 5173">
    <p class='ocr_par' dir='ltr' id='par_1_55' title="bbox 368 5089 1934 5173">
     <span class='ocr_line' id='line_1_55' title="bbox 368 5089 1934 5173; baseline 0.004 -25"><span class='ocrx_word' id='word_1_372' title='bbox 368 5104 460 5148; x_wconf 79' lang='grc' dir='ltr'><strong>ται</strong></span> <span class='ocrx_word' id='word_1_373' title='bbox 496 5097 589 5149; x_wconf 68' lang='grc' dir='ltr'>καὶ</span> <span class='ocrx_word' id='word_1_374' title='bbox 614 5096 710 5164; x_wconf 80' lang='grc' dir='ltr'>τὴν</span> <span class='ocrx_word' id='word_1_375' title='bbox 733 5095 822 5150; x_wconf 81' lang='grc' dir='ltr'>τοῦ</span> <span class='ocrx_word' id='word_1_376' title='bbox 852 5089 1227 5168; x_wconf 69' lang='grc' dir='ltr'>πρεσϐυτέρςυ</span> <span class='ocrx_word' id='word_1_377' title='bbox 1262 5101 1448 5171; x_wconf 79' lang='grc' dir='ltr'>τιμὴν,</span> <span class='ocrx_word' id='word_1_378' title='bbox 1486 5104 1580 5155; x_wconf 80' lang='grc' dir='ltr'>καὶ</span> <span class='ocrx_word' id='word_1_379' title='bbox 1607 5103 1934 5173; x_wconf 77' lang='grc' dir='ltr'>γενήσονται</span> 
     </span>
    </p>
   </div>
   <div class='ocr_carea' id='block_1_56' title="bbox 365 5187 1935 5266">
    <p class='ocr_par' dir='ltr' id='par_1_56' title="bbox 365 5187 1935 5266">
     <span class='ocr_line' id='line_1_56' title="bbox 365 5187 1935 5266; baseline 0.005 -26"><span class='ocrx_word' id='word_1_380' title='bbox 365 5188 716 5258; x_wconf 78' lang='grc' dir='ltr'>ἐκκήρυκτοι.</span> <span class='ocrx_word' id='word_1_381' title='bbox 781 5187 968 5243; x_wconf 82' lang='grc' dir='ltr'>Ταῦτα</span> <span class='ocrx_word' id='word_1_382' title='bbox 999 5190 1094 5242; x_wconf 74' lang='grc' dir='ltr'>τοῦ</span> <span class='ocrx_word' id='word_1_383' title='bbox 1144 5192 1366 5255; x_wconf 83' lang='grc' dir='ltr'>κανόνος</span> <span class='ocrx_word' id='word_1_384' title='bbox 1412 5193 1799 5264; x_wconf 77' lang='grc' dir='ltr'>διοριζομένου,</span> <span class='ocrx_word' id='word_1_385' title='bbox 1858 5194 1935 5266; x_wconf 79' lang='grc' dir='ltr'>μὴ</span> 
     </span>
    </p>
   </div>
   <div class='ocr_carea' id='block_1_57' title="bbox 363 5279 1934 5355">
    <p class='ocr_par' dir='ltr' id='par_1_57' title="bbox 363 5279 1934 5355">
     <span class='ocr_line' id='line_1_57' title="bbox 363 5279 1934 5355; baseline 0.004 -23"><span class='ocrx_word' id='word_1_386' title='bbox 363 5280 523 5350; x_wconf 69' lang='grc' dir='ltr'>εἴπῃς</span> <span class='ocrx_word' id='word_1_387' title='bbox 558 5281 683 5343; x_wconf 74' lang='grc' dir='ltr'>τοὺς</span> <span class='ocrx_word' id='word_1_388' title='bbox 727 5279 800 5351; x_wconf 88' lang='grc' dir='ltr'><strong>μὴ</strong></span> <span class='ocrx_word' id='word_1_389' title='bbox 839 5281 1123 5353; x_wconf 79' lang='grc' dir='ltr'>δεχθέντας</span> <span class='ocrx_word' id='word_1_390' title='bbox 1175 5285 1508 5348; x_wconf 80' lang='grc' dir='ltr'>ἐπισκόπους</span> <span class='ocrx_word' id='word_1_391' title='bbox 1538 5285 1809 5355; x_wconf 80' lang='grc' dir='ltr'>καθῆσθ.ι</span> <span class='ocrx_word' id='word_1_392' title='bbox 1854 5289 1934 5351; x_wconf 84' lang='grc' dir='ltr'><strong>είς</strong></span> 
     </span>
    </p>
   </div>
   <div class='ocr_carea' id='block_1_58' title="bbox 358 5369 1935 5443">
    <p class='ocr_par' dir='ltr' id='par_1_58' title="bbox 358 5369 1935 5443">
     <span class='ocr_line' id='line_1_58' title="bbox 358 5369 1935 5443; baseline 0.004 -21"><span class='ocrx_word' id='word_1_393' title='bbox 358 5369 488 5430; x_wconf 76' lang='grc' dir='ltr'>τοὺς</span> <span class='ocrx_word' id='word_1_394' title='bbox 516 5371 714 5432; x_wconf 84' lang='grc' dir='ltr'>τόπους</span> <span class='ocrx_word' id='word_1_395' title='bbox 762 5373 873 5424; x_wconf 84' lang='grc' dir='ltr'><strong>τῶν</strong></span> <span class='ocrx_word' id='word_1_396' title='bbox 908 5373 1298 5443; x_wconf 73' lang='grc' dir='ltr'>πρεσϐυτέρων</span> <span class='ocrx_word' id='word_1_397' title='bbox 1327 5373 1416 5428; x_wconf 72' lang='grc' dir='ltr'><strong>διὰ</strong></span> <span class='ocrx_word' id='word_1_398' title='bbox 1471 5375 1783 5428; x_wconf 77' lang='grc' dir='ltr'>ὑπόπτωσιν</span> <span class='ocrx_word' id='word_1_399' title='bbox 1835 5377 1935 5443; x_wconf 85' lang='grc' dir='ltr'>τῆς</span> 
     </span>
    </p>
   </div>
   <div class='ocr_carea' id='block_1_59' title="bbox 363 5461 1934 5536">
    <p class='ocr_par' dir='ltr' id='par_1_59' title="bbox 363 5461 1934 5536">
     <span class='ocr_line' id='line_1_59' title="bbox 363 5461 1934 5536; baseline 0.004 -24"><span class='ocrx_word' id='word_1_400' title='bbox 363 5461 531 5529; x_wconf 71' lang='grc' dir='ltr'>τιμῆς</span> <span class='ocrx_word' id='word_1_401' title='bbox 558 5462 652 5514; x_wconf 71' lang='grc' dir='ltr'>τοῦ</span> <span class='ocrx_word' id='word_1_402' title='bbox 698 5463 1060 5516; x_wconf 73' lang='grc' dir='ltr'>ἔπισκοπικοῦ</span> <span class='ocrx_word' id='word_1_403' title='bbox 1118 5463 1448 5532; x_wconf 58' lang='grc' dir='ltr'>ἀξιώματος,</span> <span class='ocrx_word' id='word_1_404' title='bbox 1487 5465 1621 5517; x_wconf 80' lang='grc' dir='ltr'>ἀ).λά</span> <span class='ocrx_word' id='word_1_405' title='bbox 1660 5466 1749 5518; x_wconf 86' lang='grc' dir='ltr'><strong>διά</strong></span> <span class='ocrx_word' id='word_1_406' title='bbox 1775 5467 1834 5520; x_wconf 76' lang='grc' dir='ltr'>τὸ</span> <span class='ocrx_word' id='word_1_407' title='bbox 1858 5467 1934 5536; x_wconf 80' lang='grc' dir='ltr'>μὴ</span> 
     </span>
    </p>
   </div>
   <div class='ocr_carea' id='block_1_60' title="bbox 361 5545 1930 5621">
    <p class='ocr_par' dir='ltr' id='par_1_60' title="bbox 361 5545 1930 5621">
     <span class='ocr_line' id='line_1_60' title="bbox 361 5545 1930 5621; baseline 0.001 -18"><span class='ocrx_word' id='word_1_408' title='bbox 361 5545 505 5604; x_wconf 69' lang='grc' dir='ltr'>εἶναι</span> <span class='ocrx_word' id='word_1_409' title='bbox 537 5550 723 5618; x_wconf 72' lang='grc' dir='ltr'>ἕτερον</span> <span class='ocrx_word' id='word_1_410' title='bbox 775 5551 934 5604; x_wconf 86' lang='grc' dir='ltr'>τόπον</span> <span class='ocrx_word' id='word_1_411' title='bbox 956 5550 1050 5604; x_wconf 79' lang='grc' dir='ltr'>τοῦ</span> <span class='ocrx_word' id='word_1_412' title='bbox 1095 5549 1494 5621; x_wconf 68' lang='grc' dir='ltr'>πρεσϐυτερίου</span> <span class='ocrx_word' id='word_1_413' title='bbox 1549 5552 1794 5620; x_wconf 74' lang='grc' dir='ltr'>μείζονα.</span> <span class='ocrx_word' id='word_1_414' title='bbox 1825 5554 1930 5606; x_wconf 85' lang='grc' dir='ltr'><strong>Τυ-</strong></span> 
     </span>
    </p>
   </div>
   <div class='ocr_carea' id='block_1_61' title="bbox 360 5641 1936 5714">
    <p class='ocr_par' dir='ltr' id='par_1_61' title="bbox 360 5641 1936 5714">
     <span class='ocr_line' id='line_1_61' title="bbox 360 5641 1936 5714; baseline 0.006 -24"><span class='ocrx_word' id='word_1_415' title='bbox 360 5641 456 5710; x_wconf 70' lang='grc' dir='ltr'>χὸν</span> <span class='ocrx_word' id='word_1_416' title='bbox 487 5642 594 5710; x_wconf 81' lang='grc' dir='ltr'><strong>γάρ</strong></span> <span class='ocrx_word' id='word_1_417' title='bbox 626 5658 768 5705; x_wconf 80' lang='grc' dir='ltr'>τινος</span> <span class='ocrx_word' id='word_1_418' title='bbox 798 5643 856 5707; x_wconf 78' lang='grc' dir='ltr'>ἐξ</span> <span class='ocrx_word' id='word_1_419' title='bbox 883 5643 1060 5695; x_wconf 74' lang='grc' dir='ltr'>αὐτῶν</span> <span class='ocrx_word' id='word_1_420' title='bbox 1109 5642 1256 5705; x_wconf 62' lang='grc' dir='ltr'>δατος</span> <span class='ocrx_word' id='word_1_421' title='bbox 1307 5642 1414 5696; x_wconf 83' lang='grc' dir='ltr'><strong>ἀπὸ</strong></span> <span class='ocrx_word' id='word_1_422' title='bbox 1458 5642 1802 5714; x_wconf 70' lang='grc' dir='ltr'>Ἡρακλείας,</span> <span class='ocrx_word' id='word_1_423' title='bbox 1843 5649 1936 5700; x_wconf 74' lang='grc' dir='ltr'>καὶ</span> 
     </span>
    </p>
   </div>
   <div class='ocr_carea' id='block_1_62' title="bbox 362 5732 1930 5805">
    <p class='ocr_par' dir='ltr' id='par_1_62' title="bbox 362 5732 1930 5805">
     <span class='ocr_line' id='line_1_62' title="bbox 362 5732 1930 5805; baseline 0.003 -22"><span class='ocrx_word' id='word_1_424' title='bbox 362 5733 810 5802; x_wconf 61' lang='grc' dir='ltr'>ὑποστρέψαντος</span> <span class='ocrx_word' id='word_1_425' title='bbox 869 5735 954 5796; x_wconf 70' lang='grc' dir='ltr'>ἐἰς</span> <span class='ocrx_word' id='word_1_426' title='bbox 1008 5732 1232 5802; x_wconf 66' lang='grc' dir='ltr'>ταύτην,</span> <span class='ocrx_word' id='word_1_427' title='bbox 1297 5733 1342 5787; x_wconf 82' lang='grc' dir='ltr'>οἱ</span> <span class='ocrx_word' id='word_1_428' title='bbox 1388 5733 1488 5805; x_wconf 67' lang='grc' dir='ltr'><strong>μὲν</strong></span> <span class='ocrx_word' id='word_1_429' title='bbox 1549 5734 1930 5805; x_wconf 16' lang='grc' dir='ltr'>πρεσϐύτεροι,</span> 
     </span>
    </p>
   </div>
   <div class='ocr_carea' id='block_1_63' title="bbox 1955 4419 2004 4479">
    <p class='ocr_par' dir='ltr' id='par_1_63' title="bbox 1955 4419 2004 4479">
     <span class='ocr_line' id='line_1_63' title="bbox 1955 4419 2004 4479; baseline 0 0"><span class='ocrx_word' id='word_1_430' title='bbox 1955 4419 2004 4479; x_wconf 84' lang='lat' dir='ltr'><strong>D</strong></span> 
     </span>
    </p>
   </div>
   <div class='ocr_carea' id='block_1_64' title="bbox 2110 497 3583 579">
    <p class='ocr_par' dir='ltr' id='par_1_64' title="bbox 2110 497 3583 579">
     <span class='ocr_line' id='line_1_64' title="bbox 2110 497 3583 579; baseline -0.008 -18"><span class='ocrx_word' id='word_1_431' title='bbox 2110 529 2128 561; x_wconf 77' lang='grc' dir='ltr'><strong>ι</strong></span> <span class='ocrx_word' id='word_1_432' title='bbox 2170 511 2316 579; x_wconf 82' lang='lat' dir='ltr'><strong>lepra</strong></span> <span class='ocrx_word' id='word_1_433' title='bbox 2360 505 2590 571; x_wconf 76' lang='lat' dir='ltr'><strong>infecit,</strong></span> <span class='ocrx_word' id='word_1_434' title='bbox 2633 519 2758 560; x_wconf 88' lang='lat' dir='ltr'><strong>cum</strong></span> <span class='ocrx_word' id='word_1_435' title='bbox 2808 497 3233 557; x_wconf 85' lang='lat' dir='ltr'><strong>hibernantibus</strong></span> <span class='ocrx_word' id='word_1_436' title='bbox 3285 508 3583 564; x_wconf 86' lang='lat' dir='ltr'><strong>comprece-</strong></span> 
     </span>
    </p>
   </div>
   <div class='ocr_carea' id='block_1_65' title="bbox 2113 609 2341 654">
    <p class='ocr_par' dir='ltr' id='par_1_65' title="bbox 2113 609 2341 654">
     <span class='ocr_line' id='line_1_65' title="bbox 2113 609 2341 654; baseline -0.004 -2"><span class='ocrx_word' id='word_1_437' title='bbox 2113 609 2132 652; x_wconf 66' lang='grc' dir='ltr'><strong>ὰ</strong></span> <span class='ocrx_word' id='word_1_438' title='bbox 2177 611 2280 654; x_wconf 83' lang='lat' dir='ltr'><strong>lttr.</strong></span> <span class='ocrx_word' id='word_1_439' title='bbox 2323 619 2341 651; x_wconf 71' lang='grc' dir='ltr'><strong>ι</strong></span> 
     </span>
    </p>
   </div>
   <div class='ocr_carea' id='block_1_66' title="bbox 2104 681 3594 763">
    <p class='ocr_par' dir='ltr' id='par_1_66' title="bbox 2104 681 3594 763">
     <span class='ocr_line' id='line_1_66' title="bbox 2104 681 3594 763; baseline -0.009 -17"><span class='ocrx_word' id='word_1_440' title='bbox 2104 694 2553 763; x_wconf 74' lang='lat' dir='ltr'><strong>Quandoquidem</strong></span> <span class='ocrx_word' id='word_1_441' title='bbox 2599 689 2913 744; x_wconf 81' lang='lat' dir='ltr'><strong>immundus</strong></span> <span class='ocrx_word' id='word_1_442' title='bbox 2952 695 3070 742; x_wconf 91' lang='lat' dir='ltr'><strong>erat</strong></span> <span class='ocrx_word' id='word_1_443' title='bbox 3117 687 3172 739; x_wconf 90' lang='lat' dir='ltr'><strong>in</strong></span> <span class='ocrx_word' id='word_1_444' title='bbox 3208 684 3324 754; x_wconf 77' lang='lat' dir='ltr'><strong>lege</strong></span> <span class='ocrx_word' id='word_1_445' title='bbox 3357 681 3594 736; x_wconf 82' lang='lat' dir='ltr'><strong>Mosaica</strong></span> 
     </span>
    </p>
   </div>
   <div class='ocr_carea' id='block_1_67' title="bbox 2034 777 3600 860">
    <p class='ocr_par' dir='ltr' id='par_1_67' title="bbox 2034 777 3600 860">
     <span class='ocr_line' id='line_1_67' title="bbox 2034 777 3600 860; baseline -0.008 -17"><span class='ocrx_word' id='word_1_446' title='bbox 2034 787 2304 860; x_wconf 87' lang='lat' dir='ltr'><strong>leprosus,</strong></span> <span class='ocrx_word' id='word_1_447' title='bbox 2338 788 2540 843; x_wconf 89' lang='lat' dir='ltr'><strong>idcirco</strong></span> <span class='ocrx_word' id='word_1_448' title='bbox 2583 800 2756 842; x_wconf 88' lang='lat' dir='ltr'><strong>canon</strong></span> <span class='ocrx_word' id='word_1_449' title='bbox 2795 799 2918 839; x_wconf 90' lang='lat' dir='ltr'><strong>eum</strong></span> <span class='ocrx_word' id='word_1_450' title='bbox 2954 783 3044 851; x_wconf 90' lang='lat' dir='ltr'><strong>qui</strong></span> <span class='ocrx_word' id='word_1_451' title='bbox 3071 782 3314 850; x_wconf 76' lang='lat' dir='ltr'><strong>jnmenta</strong></span> <span class='ocrx_word' id='word_1_452' title='bbox 3365 777 3508 842; x_wconf 89' lang='lat' dir='ltr'><strong>iniit,</strong></span> <span class='ocrx_word' id='word_1_453' title='bbox 3540 784 3600 830; x_wconf 88' lang='lat' dir='ltr'><strong>ut</strong></span> 
     </span>
    </p>
   </div>
   <div class='ocr_carea' id='block_1_68' title="bbox 2033 872 3597 948">
    <p class='ocr_par' dir='ltr' id='par_1_68' title="bbox 2033 872 3597 948">
     <span class='ocr_line' id='line_1_68' title="bbox 2033 872 3597 948; baseline -0.01 -10"><span class='ocrx_word' id='word_1_454' title='bbox 2033 882 2374 938; x_wconf 90' lang='lat' dir='ltr'><strong>immundum</strong></span> <span class='ocrx_word' id='word_1_455' title='bbox 2397 886 2554 934; x_wconf 88' lang='lat' dir='ltr'><strong>vocat</strong></span> <span class='ocrx_word' id='word_1_456' title='bbox 2574 879 2868 948; x_wconf 88' lang='lat' dir='ltr'><strong>leprosum.</strong></span> <span class='ocrx_word' id='word_1_457' title='bbox 2894 874 3021 928; x_wconf 87' lang='lat' dir='ltr'><strong>Vult</strong></span> <span class='ocrx_word' id='word_1_458' title='bbox 3040 875 3218 943; x_wconf 78' lang='lat' dir='ltr'><strong>itaque</strong></span> <span class='ocrx_word' id='word_1_459' title='bbox 3241 887 3336 926; x_wconf 91' lang='lat' dir='ltr'><strong>eos</strong></span> <span class='ocrx_word' id='word_1_460' title='bbox 3360 872 3597 939; x_wconf 89' lang='lat' dir='ltr'><strong>quicum</strong></span> 
     </span>
    </p>
   </div>
   <div class='ocr_carea' id='block_1_69' title="bbox 2033 961 3596 1038">
    <p class='ocr_par' dir='ltr' id='par_1_69' title="bbox 2033 961 3596 1038">
     <span class='ocr_line' id='line_1_69' title="bbox 2033 961 3596 1038; baseline -0.008 -11"><span class='ocrx_word' id='word_1_461' title='bbox 2033 972 2355 1029; x_wconf 79' lang='lat' dir='ltr'><strong>mulieribus</strong></span> <span class='ocrx_word' id='word_1_462' title='bbox 2378 977 2573 1038; x_wconf 67' lang='lat' dir='ltr'><strong>prieter</strong></span> <span class='ocrx_word' id='word_1_463' title='bbox 2605 978 2876 1030; x_wconf 83' lang='lat' dir='ltr'><strong>naturam,</strong></span> <span class='ocrx_word' id='word_1_464' title='bbox 2909 974 3003 1019; x_wconf 87' lang='lat' dir='ltr'><strong>aut</strong></span> <span class='ocrx_word' id='word_1_465' title='bbox 3032 979 3154 1019; x_wconf 90' lang='lat' dir='ltr'><strong>cum</strong></span> <span class='ocrx_word' id='word_1_466' title='bbox 3192 961 3471 1024; x_wconf 88' lang='lat' dir='ltr'><strong>masculis,</strong></span> <span class='ocrx_word' id='word_1_467' title='bbox 3503 969 3596 1014; x_wconf 87' lang='lat' dir='ltr'><strong>aut</strong></span> 
     </span>
    </p>
   </div>
   <div class='ocr_carea' id='block_1_70' title="bbox 2031 1052 3596 1129">
    <p class='ocr_par' dir='ltr' id='par_1_70' title="bbox 2031 1052 3596 1129">
     <span class='ocr_line' id='line_1_70' title="bbox 2031 1052 3596 1129; baseline -0.01 -8"><span class='ocrx_word' id='word_1_468' title='bbox 2031 1081 2155 1122; x_wconf 91' lang='lat' dir='ltr'><strong>cum</strong></span> <span class='ocrx_word' id='word_1_469' title='bbox 2200 1064 2386 1120; x_wconf 75' lang='lat' dir='ltr'><strong>bestiis</strong></span> <span class='ocrx_word' id='word_1_470' title='bbox 2432 1059 2822 1129; x_wconf 73' lang='lat' dir='ltr'><strong>turpitudinem</strong></span> <span class='ocrx_word' id='word_1_471' title='bbox 2863 1057 3279 1116; x_wconf 88' lang='lat' dir='ltr'><strong>commiserunt,</strong></span> <span class='ocrx_word' id='word_1_472' title='bbox 3303 1067 3470 1122; x_wconf 85' lang='lat' dir='ltr'><strong>seque</strong></span> <span class='ocrx_word' id='word_1_473' title='bbox 3514 1052 3596 1107; x_wconf 87' lang='lat' dir='ltr'><strong>le-</strong></span> 
     </span>
    </p>
   </div>
   <div class='ocr_carea' id='block_1_71' title="bbox 2031 1145 3598 1230">
    <p class='ocr_par' dir='ltr' id='par_1_71' title="bbox 2031 1145 3598 1230">
     <span class='ocr_line' id='line_1_71' title="bbox 2031 1145 3598 1230; baseline -0.012 -15"><span class='ocrx_word' id='word_1_474' title='bbox 2031 1173 2224 1230; x_wconf 89' lang='lat' dir='ltr'><strong>prosos</strong></span> <span class='ocrx_word' id='word_1_475' title='bbox 2279 1155 2652 1216; x_wconf 86' lang='lat' dir='ltr'><strong>reddiderunt,</strong></span> <span class='ocrx_word' id='word_1_476' title='bbox 2682 1159 2736 1205; x_wconf 87' lang='lat' dir='ltr'><strong>et</strong></span> <span class='ocrx_word' id='word_1_477' title='bbox 2780 1150 2902 1204; x_wconf 88' lang='lat' dir='ltr'><strong>aliis</strong></span> <span class='ocrx_word' id='word_1_478' title='bbox 2956 1148 3022 1202; x_wconf 90' lang='lat' dir='ltr'><strong>de</strong></span> <span class='ocrx_word' id='word_1_479' title='bbox 3064 1161 3162 1201; x_wconf 85' lang='lat' dir='ltr'><strong>sua</strong></span> <span class='ocrx_word' id='word_1_480' title='bbox 3211 1145 3598 1214; x_wconf 83' lang='lat' dir='ltr'><strong>impertiuntur</strong></span> 
     </span>
    </p>
   </div>
   <div class='ocr_carea' id='block_1_72' title="bbox 2033 1234 3599 1312">
    <p class='ocr_par' dir='ltr' id='par_1_72' title="bbox 2033 1234 3599 1312">
     <span class='ocr_line' id='line_1_72' title="bbox 2033 1234 3599 1312; baseline -0.011 -8"><span class='ocrx_word' id='word_1_481' title='bbox 2033 1246 2397 1312; x_wconf 90' lang='lat' dir='ltr'><strong>immunditia,</strong></span> <span class='ocrx_word' id='word_1_482' title='bbox 2426 1252 2485 1299; x_wconf 94' lang='lat' dir='ltr'><strong>ut</strong></span> <span class='ocrx_word' id='word_1_483' title='bbox 2506 1241 2794 1298; x_wconf 81' lang='lat' dir='ltr'><strong>immodice</strong></span> <span class='ocrx_word' id='word_1_484' title='bbox 2813 1246 3023 1294; x_wconf 86' lang='lat' dir='ltr'><strong>utentes</strong></span> <span class='ocrx_word' id='word_1_485' title='bbox 3048 1236 3323 1307; x_wconf 83' lang='lat' dir='ltr'><strong>passione.</strong></span> <span class='ocrx_word' id='word_1_486' title='bbox 3352 1250 3474 1290; x_wconf 89' lang='lat' dir='ltr'><strong>cum</strong></span> <span class='ocrx_word' id='word_1_487' title='bbox 3514 1234 3599 1288; x_wconf 82' lang='lat' dir='ltr'><strong>hi-</strong></span> 
     </span>
    </p>
   </div>
   <div class='ocr_carea' id='block_1_73' title="bbox 2030 1330 3596 1406">
    <p class='ocr_par' dir='ltr' id='par_1_73' title="bbox 2030 1330 3596 1406">
     <span class='ocr_line' id='line_1_73' title="bbox 2030 1330 3596 1406; baseline -0.012 -9"><span class='ocrx_word' id='word_1_488' title='bbox 2030 1340 2383 1396; x_wconf 84' lang='lat' dir='ltr'><strong>bernantibus</strong></span> <span class='ocrx_word' id='word_1_489' title='bbox 2444 1333 2805 1406; x_wconf 86' lang='lat' dir='ltr'><strong>comprecari.</strong></span> <span class='ocrx_word' id='word_1_490' title='bbox 2845 1330 3206 1385; x_wconf 87' lang='lat' dir='ltr'><strong>llibernantes</strong></span> <span class='ocrx_word' id='word_1_491' title='bbox 3241 1334 3421 1380; x_wconf 87' lang='lat' dir='ltr'><strong>autem</strong></span> <span class='ocrx_word' id='word_1_492' title='bbox 3465 1332 3596 1380; x_wconf 91' lang='lat' dir='ltr'><strong>sunt</strong></span> 
     </span>
    </p>
   </div>
   <div class='ocr_carea' id='block_1_74' title="bbox 2030 1416 3597 1498">
    <p class='ocr_par' dir='ltr' id='par_1_74' title="bbox 2030 1416 3597 1498">
     <span class='ocr_line' id='line_1_74' title="bbox 2030 1416 3597 1498; baseline -0.013 -11"><span class='ocrx_word' id='word_1_493' title='bbox 2030 1432 2330 1488; x_wconf 85' lang='lat' dir='ltr'><strong>secundum</strong></span> <span class='ocrx_word' id='word_1_494' title='bbox 2363 1441 2620 1498; x_wconf 81' lang='lat' dir='ltr'><strong>magnum</strong></span> <span class='ocrx_word' id='word_1_495' title='bbox 2675 1421 2990 1493; x_wconf 86' lang='lat' dir='ltr'><strong>Dionysium</strong></span> <span class='ocrx_word' id='word_1_496' title='bbox 3022 1419 3112 1489; x_wconf 91' lang='lat' dir='ltr'><strong>qui</strong></span> <span class='ocrx_word' id='word_1_497' title='bbox 3145 1433 3175 1472; x_wconf 91' lang='lat' dir='ltr'><strong>a</strong></span> <span class='ocrx_word' id='word_1_498' title='bbox 3207 1416 3402 1486; x_wconf 87' lang='lat' dir='ltr'><strong>spiritu</strong></span> <span class='ocrx_word' id='word_1_499' title='bbox 3433 1429 3597 1485; x_wconf 89' lang='lat' dir='ltr'><strong>pravo</strong></span> 
     </span>
    </p>
   </div>
   <div class='ocr_carea' id='block_1_75' title="bbox 2029 1507 3598 1591">
    <p class='ocr_par' dir='ltr' id='par_1_75' title="bbox 2029 1507 3598 1591">
     <span class='ocr_line' id='line_1_75' title="bbox 2029 1507 3598 1591; baseline -0.012 -12"><span class='ocrx_word' id='word_1_500' title='bbox 2029 1531 2318 1586; x_wconf 79' lang='lat' dir='ltr'><strong>vexantur,</strong></span> <span class='ocrx_word' id='word_1_501' title='bbox 2361 1521 2455 1591; x_wconf 90' lang='lat' dir='ltr'><strong>qui</strong></span> <span class='ocrx_word' id='word_1_502' title='bbox 2499 1533 2622 1574; x_wconf 89' lang='lat' dir='ltr'><strong>cum</strong></span> <span class='ocrx_word' id='word_1_503' title='bbox 2680 1515 2928 1569; x_wconf 80' lang='lat' dir='ltr'><strong>ﬁdelibus</strong></span> <span class='ocrx_word' id='word_1_504' title='bbox 2963 1525 3119 1564; x_wconf 86' lang='lat' dir='ltr'><strong>orare</strong></span> <span class='ocrx_word' id='word_1_505' title='bbox 3163 1523 3267 1562; x_wconf 90' lang='lat' dir='ltr'><strong>non</strong></span> <span class='ocrx_word' id='word_1_506' title='bbox 3317 1507 3598 1576; x_wconf 85' lang='lat' dir='ltr'><strong>permitte-</strong></span> 
     </span>
    </p>
   </div>
   <div class='ocr_carea' id='block_1_76' title="bbox 2030 1599 3597 1677">
    <p class='ocr_par' dir='ltr' id='par_1_76' title="bbox 2030 1599 3597 1677">
     <span class='ocr_line' id='line_1_76' title="bbox 2030 1599 3597 1677; baseline -0.011 -7"><span class='ocrx_word' id='word_1_507' title='bbox 2030 1615 2246 1677; x_wconf 90' lang='lat' dir='ltr'><strong>bantur,</strong></span> <span class='ocrx_word' id='word_1_508' title='bbox 2298 1613 2392 1668; x_wconf 88' lang='lat' dir='ltr'><strong>sed</strong></span> <span class='ocrx_word' id='word_1_509' title='bbox 2449 1610 2568 1665; x_wconf 86' lang='lat' dir='ltr'><strong>loca</strong></span> <span class='ocrx_word' id='word_1_510' title='bbox 2629 1606 2901 1662; x_wconf 80' lang='lat' dir='ltr'><strong>habebant</strong></span> <span class='ocrx_word' id='word_1_511' title='bbox 2956 1604 3266 1673; x_wconf 58' lang='lat' dir='ltr'><strong>praescripta</strong></span> <span class='ocrx_word' id='word_1_512' title='bbox 3314 1609 3369 1654; x_wconf 91' lang='lat' dir='ltr'><strong>et</strong></span> <span class='ocrx_word' id='word_1_513' title='bbox 3424 1600 3479 1654; x_wconf 94' lang='lat' dir='ltr'><strong>in</strong></span> <span class='ocrx_word' id='word_1_514' title='bbox 3529 1599 3597 1653; x_wconf 91' lang='lat' dir='ltr'><strong>iis</strong></span> 
     </span>
    </p>
   </div>
   <div class='ocr_carea' id='block_1_77' title="bbox 2031 1691 3596 1776">
    <p class='ocr_par' dir='ltr' id='par_1_77' title="bbox 2031 1691 3596 1776">
     <span class='ocr_line' id='line_1_77' title="bbox 2031 1691 3596 1776; baseline -0.013 -13"><span class='ocrx_word' id='word_1_515' title='bbox 2031 1721 2220 1776; x_wconf 85' lang='lat' dir='ltr'><strong>preces</strong></span> <span class='ocrx_word' id='word_1_516' title='bbox 2254 1703 2622 1759; x_wconf 80' lang='lat' dir='ltr'><strong>effundebant.</strong></span> <span class='ocrx_word' id='word_1_517' title='bbox 2668 1698 2860 1765; x_wconf 78' lang='lat' dir='ltr'><strong>Quaere</strong></span> <span class='ocrx_word' id='word_1_518' title='bbox 2895 1695 3080 1750; x_wconf 80' lang='lat' dir='ltr'><strong>Basilii</strong></span> <span class='ocrx_word' id='word_1_519' title='bbox 3131 1691 3308 1762; x_wconf 81' lang='lat' dir='ltr'><strong>magni</strong></span> <span class='ocrx_word' id='word_1_520' title='bbox 3356 1703 3596 1746; x_wconf 77' lang='lat' dir='ltr'><strong>canones</strong></span> 
     </span>
    </p>
   </div>
   <div class='ocr_carea' id='block_1_78' title="bbox 2025 1778 3595 1859">
    <p class='ocr_par' dir='ltr' id='par_1_78' title="bbox 2025 1778 3595 1859">
     <span class='ocr_line' id='line_1_78' title="bbox 2025 1778 3595 1859; baseline -0.014 -7"><span class='ocrx_word' id='word_1_521' title='bbox 2025 1797 2095 1852; x_wconf 79' lang='lat'><strong>6‘2</strong></span> <span class='ocrx_word' id='word_1_522' title='bbox 2136 1804 2190 1850; x_wconf 86' lang='lat' dir='ltr'><strong>et</strong></span> <span class='ocrx_word' id='word_1_523' title='bbox 2232 1796 2321 1859; x_wconf 77' lang='lat'><strong>63,</strong></span> <span class='ocrx_word' id='word_1_524' title='bbox 2354 1800 2406 1850; x_wconf 91' lang='lat' dir='ltr'><strong>et</strong></span> <span class='ocrx_word' id='word_1_525' title='bbox 2435 1792 2504 1848; x_wconf 91' lang='lat' dir='ltr'><strong>ob</strong></span> <span class='ocrx_word' id='word_1_526' title='bbox 2535 1790 2780 1847; x_wconf 82' lang='lat' dir='ltr'><strong>eamdem</strong></span> <span class='ocrx_word' id='word_1_527' title='bbox 2825 1785 3102 1841; x_wconf 80' lang='lat' dir='ltr'><strong>lasciviam</strong></span> <span class='ocrx_word' id='word_1_528' title='bbox 3139 1794 3327 1852; x_wconf 77' lang='lat' dir='ltr'><strong>pmnas</strong></span> <span class='ocrx_word' id='word_1_529' title='bbox 3357 1778 3595 1832; x_wconf 86' lang='lat' dir='ltr'><strong>minores</strong></span> 
     </span>
    </p>
   </div>
   <div class='ocr_carea' id='block_1_79' title="bbox 2026 1888 2289 1946">
    <p class='ocr_par' dir='ltr' id='par_1_79' title="bbox 2026 1888 2289 1946">
     <span class='ocr_line' id='line_1_79' title="bbox 2026 1888 2289 1946; baseline -0.008 0"><span class='ocrx_word' id='word_1_530' title='bbox 2026 1888 2289 1946; x_wconf 82' lang='lat' dir='ltr'><strong>invenies.</strong></span> 
     </span>
    </p>
   </div>
   <div class='ocr_carea' id='block_1_80' title="bbox 2489 2052 3144 2132">
    <p class='ocr_par' dir='ltr' id='par_1_80' title="bbox 2489 2052 3144 2132">
     <span class='ocr_line' id='line_1_80' title="bbox 2489 2052 3144 2132; baseline -0.024 -8"><span class='ocrx_word' id='word_1_531' title='bbox 2489 2058 2651 2132; x_wconf 78' lang='lat'><strong>395</strong></span> <span class='ocrx_word' id='word_1_532' title='bbox 2682 2055 2908 2113; x_wconf 73' lang='lat' dir='ltr'><strong>CANON</strong></span> <span class='ocrx_word' id='word_1_533' title='bbox 2948 2053 2997 2107; x_wconf 79' lang='grc' dir='ltr'><strong>Χ</strong></span> <span class='ocrx_word' id='word_1_534' title='bbox 3010 2052 3144 2108; x_wconf 81' lang='lat' dir='ltr'><strong>Vlll.</strong></span> 
     </span>
    </p>
   </div>
   <div class='ocr_carea' id='block_1_81' title="bbox 2031 2137 3590 2231">
    <p class='ocr_par' dir='ltr' id='par_1_81' title="bbox 2031 2137 3590 2231">
     <span class='ocr_line' id='line_1_81' title="bbox 2031 2137 3590 2231; baseline -0.016 -17"><span class='ocrx_word' id='word_1_535' title='bbox 2031 2179 2050 2214; x_wconf 82' lang='grc' dir='ltr'><strong>ι</strong></span> <span class='ocrx_word' id='word_1_536' title='bbox 2091 2157 2265 2231; x_wconf 80' lang='lat' dir='ltr'><strong>Siqui</strong></span> <span class='ocrx_word' id='word_1_537' title='bbox 2303 2154 2585 2212; x_wconf 88' lang='lat' dir='ltr'><strong>constituti</strong></span> <span class='ocrx_word' id='word_1_538' title='bbox 2623 2149 2888 2222; x_wconf 88' lang='lat' dir='ltr'><strong>episcopi,</strong></span> <span class='ocrx_word' id='word_1_539' title='bbox 2923 2156 2976 2202; x_wconf 92' lang='lat' dir='ltr'><strong>et</strong></span> <span class='ocrx_word' id='word_1_540' title='bbox 3013 2146 3082 2201; x_wconf 86' lang='lat' dir='ltr'><strong>ab</strong></span> <span class='ocrx_word' id='word_1_541' title='bbox 3113 2145 3202 2198; x_wconf 87' lang='lat' dir='ltr'><strong>illa</strong></span> <span class='ocrx_word' id='word_1_542' title='bbox 3240 2139 3501 2212; x_wconf 78' lang='lat' dir='ltr'><strong>parmcia,</strong></span> <span class='ocrx_word' id='word_1_543' title='bbox 3538 2137 3590 2191; x_wconf 91' lang='lat' dir='ltr'><strong>in</strong></span> 
     </span>
    </p>
   </div>
   <div class='ocr_carea' id='block_1_82' title="bbox 2101 2231 3598 2321">
    <p class='ocr_par' dir='ltr' id='par_1_82' title="bbox 2101 2231 3598 2321">
     <span class='ocr_line' id='line_1_82' title="bbox 2101 2231 3598 2321; baseline -0.013 -17"><span class='ocrx_word' id='word_1_544' title='bbox 2101 2271 2119 2304; x_wconf 85' lang='grc'><strong>‹</strong></span> <span class='ocrx_word' id='word_1_545' title='bbox 2159 2263 2321 2321; x_wconf 90' lang='lat' dir='ltr'><strong>quam</strong></span> <span class='ocrx_word' id='word_1_546' title='bbox 2370 2245 2634 2301; x_wconf 80' lang='lat' dir='ltr'><strong>nominati</strong></span> <span class='ocrx_word' id='word_1_547' title='bbox 2685 2245 2944 2304; x_wconf 79' lang='lat' dir='ltr'><strong>fuerunt,</strong></span> <span class='ocrx_word' id='word_1_548' title='bbox 2999 2254 3103 2292; x_wconf 91' lang='lat' dir='ltr'><strong>non</strong></span> <span class='ocrx_word' id='word_1_549' title='bbox 3147 2234 3410 2303; x_wconf 79' lang='lat' dir='ltr'><strong>suscepti,</strong></span> <span class='ocrx_word' id='word_1_550' title='bbox 3461 2231 3598 2284; x_wconf 89' lang='lat' dir='ltr'><strong>alias</strong></span> 
     </span>
    </p>
   </div>
   <div class='ocr_carea' id='block_1_83' title="bbox 2105 2324 3596 2413">
    <p class='ocr_par' dir='ltr' id='par_1_83' title="bbox 2105 2324 3596 2413">
     <span class='ocr_line' id='line_1_83' title="bbox 2105 2324 3596 2413; baseline -0.015 -15"><span class='ocrx_word' id='word_1_551' title='bbox 2105 2364 2124 2398; x_wconf 76' lang='grc' dir='ltr'><strong>ι</strong></span> <span class='ocrx_word' id='word_1_552' title='bbox 2164 2343 2332 2400; x_wconf 79' lang='lat' dir='ltr'><strong>velint</strong></span> <span class='ocrx_word' id='word_1_553' title='bbox 2365 2339 2640 2413; x_wconf 75' lang='lat' dir='ltr'><strong>parmcias</strong></span> <span class='ocrx_word' id='word_1_554' title='bbox 2665 2335 2944 2394; x_wconf 83' lang='lat' dir='ltr'><strong>invadere.</strong></span> <span class='ocrx_word' id='word_1_555' title='bbox 2979 2342 3032 2386; x_wconf 87' lang='lat' dir='ltr'><strong>et</strong></span> <span class='ocrx_word' id='word_1_556' title='bbox 3065 2331 3151 2391; x_wconf 85' lang='lat' dir='ltr'><strong>iis.</strong></span> <span class='ocrx_word' id='word_1_557' title='bbox 3185 2329 3275 2398; x_wconf 87' lang='lat' dir='ltr'><strong>qui</strong></span> <span class='ocrx_word' id='word_1_558' title='bbox 3310 2324 3596 2381; x_wconf 80' lang='lat' dir='ltr'><strong>constituti</strong></span> 
     </span>
    </p>
   </div>
   <div class='ocr_carea' id='block_1_84' title="bbox 2099 2416 3598 2500">
    <p class='ocr_par' dir='ltr' id='par_1_84' title="bbox 2099 2416 3598 2500">
     <span class='ocr_line' id='line_1_84' title="bbox 2099 2416 3598 2500; baseline -0.016 -10"><span class='ocrx_word' id='word_1_559' title='bbox 2099 2457 2117 2490; x_wconf 78' lang='grc' dir='ltr'><strong>ι</strong></span> <span class='ocrx_word' id='word_1_560' title='bbox 2163 2445 2314 2500; x_wconf 86' lang='lat' dir='ltr'><strong>sunt,</strong></span> <span class='ocrx_word' id='word_1_561' title='bbox 2347 2435 2454 2487; x_wconf 91' lang='lat' dir='ltr'><strong>vim</strong></span> <span class='ocrx_word' id='word_1_562' title='bbox 2484 2431 2703 2492; x_wconf 76' lang='lat' dir='ltr'><strong>afferre,</strong></span> <span class='ocrx_word' id='word_1_563' title='bbox 2741 2434 2795 2482; x_wconf 88' lang='lat' dir='ltr'><strong>et</strong></span> <span class='ocrx_word' id='word_1_564' title='bbox 2835 2423 3136 2480; x_wconf 78' lang='lat' dir='ltr'><strong>seditiones</strong></span> <span class='ocrx_word' id='word_1_565' title='bbox 3165 2421 3430 2475; x_wconf 72' lang='lat' dir='ltr'><strong>adversus</strong></span> <span class='ocrx_word' id='word_1_566' title='bbox 3473 2416 3598 2469; x_wconf 85' lang='lat' dir='ltr'><strong>illos</strong></span> 
     </span>
    </p>
   </div>
   <div class='ocr_carea' id='block_1_85' title="bbox 2100 2508 3596 2593">
    <p class='ocr_par' dir='ltr' id='par_1_85' title="bbox 2100 2508 3596 2593">
     <span class='ocr_line' id='line_1_85' title="bbox 2100 2508 3596 2593; baseline -0.016 -9"><span class='ocrx_word' id='word_1_567' title='bbox 2100 2549 2119 2584; x_wconf 72' lang='grc' dir='ltr'><strong>ι</strong></span> <span class='ocrx_word' id='word_1_568' title='bbox 2158 2530 2421 2593; x_wconf 82' lang='lat' dir='ltr'><strong>excitare,</strong></span> <span class='ocrx_word' id='word_1_569' title='bbox 2467 2541 2562 2580; x_wconf 89' lang='lat' dir='ltr'><strong>eos</strong></span> <span class='ocrx_word' id='word_1_570' title='bbox 2607 2520 2906 2591; x_wconf 76' lang='lat' dir='ltr'><strong>segregari.</strong></span> <span class='ocrx_word' id='word_1_571' title='bbox 2949 2515 3046 2570; x_wconf 89' lang='lat' dir='ltr'><strong>Sin</strong></span> <span class='ocrx_word' id='word_1_572' title='bbox 3095 2522 3276 2568; x_wconf 89' lang='lat' dir='ltr'><strong>autem</strong></span> <span class='ocrx_word' id='word_1_573' title='bbox 3322 2511 3490 2565; x_wconf 84' lang='lat' dir='ltr'><strong>velint</strong></span> <span class='ocrx_word' id='word_1_574' title='bbox 3541 2508 3596 2561; x_wconf 90' lang='lat' dir='ltr'><strong>in</strong></span> 
     </span>
    </p>
   </div>
   <div class='ocr_carea' id='block_1_86' title="bbox 2106 2606 3597 2692">
    <p class='ocr_par' dir='ltr' id='par_1_86' title="bbox 2106 2606 3597 2692">
     <span class='ocr_line' id='line_1_86' title="bbox 2106 2606 3597 2692; baseline -0.017 -14"><span class='ocrx_word' id='word_1_575' title='bbox 2106 2645 2125 2678; x_wconf 78' lang='grc' dir='ltr'><strong>ι</strong></span> <span class='ocrx_word' id='word_1_576' title='bbox 2169 2619 2509 2692; x_wconf 85' lang='lat' dir='ltr'><strong>presbyterio</strong></span> <span class='ocrx_word' id='word_1_577' title='bbox 2546 2616 2810 2674; x_wconf 82' lang='lat' dir='ltr'><strong>residere,</strong></span> <span class='ocrx_word' id='word_1_578' title='bbox 2845 2611 2898 2663; x_wconf 92' lang='lat' dir='ltr'><strong>in</strong></span> <span class='ocrx_word' id='word_1_579' title='bbox 2939 2621 3049 2677; x_wconf 89' lang='lat' dir='ltr'><strong>quo</strong></span> <span class='ocrx_word' id='word_1_580' title='bbox 3082 2606 3236 2675; x_wconf 88' lang='lat' dir='ltr'><strong>prius</strong></span> <span class='ocrx_word' id='word_1_581' title='bbox 3275 2613 3429 2657; x_wconf 83' lang='lat' dir='ltr'><strong>erant</strong></span> <span class='ocrx_word' id='word_1_582' title='bbox 3473 2615 3597 2669; x_wconf 86' lang='lat' dir='ltr'><strong>prc-</strong></span> 
     </span>
    </p>
   </div>
   <div class='ocr_carea' id='block_1_87' title="bbox 2105 2689 3596 2786">
    <p class='ocr_par' dir='ltr' id='par_1_87' title="bbox 2105 2689 3596 2786">
     <span class='ocr_line' id='line_1_87' title="bbox 2105 2689 3596 2786; baseline -0.018 -16"><span class='ocrx_word' id='word_1_583' title='bbox 2105 2736 2124 2770; x_wconf 73' lang='grc' dir='ltr'><strong>ι</strong></span> <span class='ocrx_word' id='word_1_584' title='bbox 2163 2689 2392 2786; x_wconf 60' lang='grc' dir='ltr'>ειιγιθιίί,</span> <span class='ocrx_word' id='word_1_585' title='bbox 2445 2711 2599 2778; x_wconf 87' lang='lat' dir='ltr'><strong>ipsos</strong></span> <span class='ocrx_word' id='word_1_586' title='bbox 2654 2706 2863 2758; x_wconf 88' lang='lat' dir='ltr'><strong>honore</strong></span> <span class='ocrx_word' id='word_1_587' title='bbox 2911 2714 3017 2754; x_wconf 91' lang='lat' dir='ltr'><strong>non</strong></span> <span class='ocrx_word' id='word_1_588' title='bbox 3059 2699 3270 2751; x_wconf 88' lang='lat' dir='ltr'><strong>moveri</strong></span> <span class='ocrx_word' id='word_1_589' title='bbox 3310 2712 3322 2746; x_wconf 90' lang='lat'>:</span> <span class='ocrx_word' id='word_1_590' title='bbox 3369 2691 3514 2762; x_wconf 90' lang='lat' dir='ltr'><strong>quod</strong></span> <span class='ocrx_word' id='word_1_591' title='bbox 3550 2689 3596 2744; x_wconf 89' lang='lat' dir='ltr'><strong>si</strong></span> 
     </span>
    </p>
   </div>
   <div class='ocr_carea' id='block_1_88' title="bbox 2106 2786 3596 2863">
    <p class='ocr_par' dir='ltr' id='par_1_88' title="bbox 2106 2786 3596 2863">
     <span class='ocr_line' id='line_1_88' title="bbox 2106 2786 3596 2863; baseline -0.021 -1"><span class='ocrx_word' id='word_1_592' title='bbox 2106 2828 2125 2862; x_wconf 73' lang='grc' dir='ltr'><strong>ι</strong></span> <span class='ocrx_word' id='word_1_593' title='bbox 2165 2807 2328 2862; x_wconf 76' lang='lat' dir='ltr'><strong>etiam</strong></span> <span class='ocrx_word' id='word_1_594' title='bbox 2379 2803 2643 2856; x_wconf 78' lang='lat' dir='ltr'><strong>adversus</strong></span> <span class='ocrx_word' id='word_1_595' title='bbox 2675 2811 2789 2858; x_wconf 88' lang='lat' dir='ltr'><strong>cos,</strong></span> <span class='ocrx_word' id='word_1_596' title='bbox 2836 2795 2928 2863; x_wconf 89' lang='lat' dir='ltr'><strong>qui</strong></span> <span class='ocrx_word' id='word_1_597' title='bbox 2977 2793 3090 2846; x_wconf 88' lang='lat' dir='ltr'><strong>illic</strong></span> <span class='ocrx_word' id='word_1_598' title='bbox 3127 2786 3410 2844; x_wconf 77' lang='lat' dir='ltr'><strong>COIISIiluli</strong></span> <span class='ocrx_word' id='word_1_599' title='bbox 3449 2791 3596 2844; x_wconf 87' lang='lat' dir='ltr'><strong>sunt,</strong></span> 
     </span>
    </p>
   </div>
   <div class='ocr_carea' id='block_1_89' title="bbox 2099 2878 3597 2967">
    <p class='ocr_par' dir='ltr' id='par_1_89' title="bbox 2099 2878 3597 2967">
     <span class='ocr_line' id='line_1_89' title="bbox 2099 2878 3597 2967; baseline -0.019 -14"><span class='ocrx_word' id='word_1_600' title='bbox 2099 2919 2116 2952; x_wconf 83' lang='grc' dir='ltr'><strong>ι</strong></span> <span class='ocrx_word' id='word_1_601' title='bbox 2158 2898 2487 2967; x_wconf 86' lang='lat' dir='ltr'><strong>episcopos,</strong></span> <span class='ocrx_word' id='word_1_602' title='bbox 2534 2890 2838 2945; x_wconf 86' lang='lat' dir='ltr'><strong>seditiones</strong></span> <span class='ocrx_word' id='word_1_603' title='bbox 2895 2881 3292 2942; x_wconf 79' lang='lat' dir='ltr'><strong>excitaverint,</strong></span> <span class='ocrx_word' id='word_1_604' title='bbox 3336 2878 3597 2928; x_wconf 76' lang='lat' dir='ltr'><strong>honorem</strong></span> 
     </span>
    </p>
   </div>
   <div class='ocr_carea' id='block_1_90' title="bbox 2101 2967 3602 3060">
    <p class='ocr_par' dir='ltr' id='par_1_90' title="bbox 2101 2967 3602 3060">
     <span class='ocr_line' id='line_1_90' title="bbox 2101 2967 3602 3060; baseline -0.016 -15"><span class='ocrx_word' id='word_1_605' title='bbox 2101 3011 2120 3045; x_wconf 74' lang='grc' dir='ltr'><strong>ι</strong></span> <span class='ocrx_word' id='word_1_606' title='bbox 2158 3003 2380 3060; x_wconf 88' lang='lat' dir='ltr'><strong>quoque</strong></span> <span class='ocrx_word' id='word_1_607' title='bbox 2409 2980 2732 3054; x_wconf 84' lang='lat' dir='ltr'><strong>presbyterii</strong></span> <span class='ocrx_word' id='word_1_608' title='bbox 2763 2981 2832 3035; x_wconf 86' lang='lat' dir='ltr'><strong>ab</strong></span> <span class='ocrx_word' id='word_1_609' title='bbox 2855 2980 2936 3035; x_wconf 89' lang='lat' dir='ltr'><strong>eis</strong></span> <span class='ocrx_word' id='word_1_610' title='bbox 2959 2976 3188 3039; x_wconf 81' lang='lat' dir='ltr'><strong>auferri,</strong></span> <span class='ocrx_word' id='word_1_611' title='bbox 3218 2983 3271 3026; x_wconf 89' lang='lat' dir='ltr'><strong>et</strong></span> <span class='ocrx_word' id='word_1_612' title='bbox 3301 2971 3422 3026; x_wconf 90' lang='lat' dir='ltr'><strong>illos</strong></span> <span class='ocrx_word' id='word_1_613' title='bbox 3447 2967 3602 3022; x_wconf 86' lang='lat' dir='ltr'><strong>abdi-</strong></span> 
     </span>
    </p>
   </div>
   <div class='ocr_carea' id='block_1_91' title="bbox 2103 3077 2558 3138">
    <p class='ocr_par' dir='ltr' id='par_1_91' title="bbox 2103 3077 2558 3138">
     <span class='ocr_line' id='line_1_91' title="bbox 2103 3077 2558 3138; baseline -0.013 -2"><span class='ocrx_word' id='word_1_614' title='bbox 2103 3103 2121 3136; x_wconf 74' lang='grc' dir='ltr'><strong>ι</strong></span> <span class='ocrx_word' id='word_1_615' title='bbox 2157 3093 2310 3138; x_wconf 77' lang='lat' dir='ltr'><strong>catus</strong></span> <span class='ocrx_word' id='word_1_616' title='bbox 2343 3077 2502 3134; x_wconf 68' lang='lat' dir='ltr'><strong>uilici.</strong></span> <span class='ocrx_word' id='word_1_617' title='bbox 2529 3097 2558 3124; x_wconf 77' lang='grc' dir='ltr'><strong>ι</strong></span> 
     </span>
    </p>
   </div>
   <div class='ocr_carea' id='block_1_92' title="bbox 2101 3245 3598 3326">
    <p class='ocr_par' dir='ltr' id='par_1_92' title="bbox 2101 3245 3598 3326">
     <span class='ocr_line' id='line_1_92' title="bbox 2101 3245 3598 3326; baseline -0.021 -9"><span class='ocrx_word' id='word_1_618' title='bbox 2101 3260 2292 3316; x_wconf 75' lang='lat' dir='ltr'><strong>BALS.</strong></span> <span class='ocrx_word' id='word_1_619' title='bbox 2315 3259 2552 3326; x_wconf 75' lang='lat' dir='ltr'><strong>Quartus</strong></span> <span class='ocrx_word' id='word_1_620' title='bbox 2571 3254 2815 3311; x_wconf 86' lang='lat' dir='ltr'><strong>decimus</strong></span> <span class='ocrx_word' id='word_1_621' title='bbox 2845 3265 3019 3305; x_wconf 83' lang='lat' dir='ltr'><strong>canon</strong></span> <span class='ocrx_word' id='word_1_622' title='bbox 3037 3254 3349 3302; x_wconf 86' lang='lat' dir='ltr'><strong>sanctorum</strong></span> <span class='ocrx_word' id='word_1_623' title='bbox 3373 3245 3598 3308; x_wconf 80' lang='lat' dir='ltr'><strong>aposto-</strong></span> 
     </span>
    </p>
   </div>
   <div class='ocr_carea' id='block_1_93' title="bbox 2032 3330 3598 3422">
    <p class='ocr_par' dir='ltr' id='par_1_93' title="bbox 2032 3330 3598 3422">
     <span class='ocr_line' id='line_1_93' title="bbox 2032 3330 3598 3422; baseline -0.019 -11"><span class='ocrx_word' id='word_1_624' title='bbox 2032 3357 2204 3410; x_wconf 88' lang='lat' dir='ltr'><strong>lorum</strong></span> <span class='ocrx_word' id='word_1_625' title='bbox 2230 3361 2283 3407; x_wconf 85' lang='lat' dir='ltr'><strong>et</strong></span> <span class='ocrx_word' id='word_1_626' title='bbox 2313 3347 2790 3422; x_wconf 72' lang='lat' dir='ltr'><strong>quintusder-imus</strong></span> <span class='ocrx_word' id='word_1_627' title='bbox 2819 3350 2873 3398; x_wconf 87' lang='lat' dir='ltr'><strong>et</strong></span> <span class='ocrx_word' id='word_1_628' title='bbox 2899 3340 3211 3396; x_wconf 85' lang='lat' dir='ltr'><strong>tricesimus</strong></span> <span class='ocrx_word' id='word_1_629' title='bbox 3236 3345 3446 3393; x_wconf 81' lang='lat' dir='ltr'><strong>sextus.</strong></span> <span class='ocrx_word' id='word_1_630' title='bbox 3466 3330 3598 3398; x_wconf 91' lang='lat' dir='ltr'><strong>quin</strong></span> 
     </span>
    </p>
   </div>
   <div class='ocr_carea' id='block_1_94' title="bbox 2031 3428 3597 3512">
    <p class='ocr_par' dir='ltr' id='par_1_94' title="bbox 2031 3428 3597 3512">
     <span class='ocr_line' id='line_1_94' title="bbox 2031 3428 3597 3512; baseline -0.019 -10"><span class='ocrx_word' id='word_1_631' title='bbox 2031 3448 2194 3502; x_wconf 82' lang='lat' dir='ltr'><strong>etiam</strong></span> <span class='ocrx_word' id='word_1_632' title='bbox 2227 3443 2494 3512; x_wconf 82' lang='lat' dir='ltr'><strong>septimus</strong></span> <span class='ocrx_word' id='word_1_633' title='bbox 2525 3438 2774 3493; x_wconf 87' lang='lat' dir='ltr'><strong>decimus</strong></span> <span class='ocrx_word' id='word_1_634' title='bbox 2807 3442 2859 3488; x_wconf 80' lang='lat' dir='ltr'><strong>et</strong></span> <span class='ocrx_word' id='word_1_635' title='bbox 2883 3440 3108 3486; x_wconf 87' lang='lat' dir='ltr'><strong>octavus</strong></span> <span class='ocrx_word' id='word_1_636' title='bbox 3132 3428 3380 3483; x_wconf 73' lang='lat' dir='ltr'><strong>decimus</strong></span> <span class='ocrx_word' id='word_1_637' title='bbox 3421 3436 3597 3476; x_wconf 86' lang='lat' dir='ltr'><strong>canon</strong></span> 
     </span>
    </p>
   </div>
   <div class='ocr_carea' id='block_1_95' title="bbox 2031 3515 3598 3604">
    <p class='ocr_par' dir='ltr' id='par_1_95' title="bbox 2031 3515 3598 3604">
     <span class='ocr_line' id='line_1_95' title="bbox 2031 3515 3598 3604; baseline -0.02 -10"><span class='ocrx_word' id='word_1_638' title='bbox 2031 3537 2388 3594; x_wconf 62' lang='lat' dir='ltr'><strong>Antiochenze</strong></span> <span class='ocrx_word' id='word_1_639' title='bbox 2432 3531 2646 3604; x_wconf 79' lang='lat' dir='ltr'><strong>synodi,</strong></span> <span class='ocrx_word' id='word_1_640' title='bbox 2696 3529 2862 3581; x_wconf 82' lang='lat' dir='ltr'><strong>multa</strong></span> <span class='ocrx_word' id='word_1_641' title='bbox 2915 3533 3152 3579; x_wconf 84' lang='lat' dir='ltr'><strong>tractant</strong></span> <span class='ocrx_word' id='word_1_642' title='bbox 3195 3522 3258 3574; x_wconf 91' lang='lat' dir='ltr'><strong>de</strong></span> <span class='ocrx_word' id='word_1_643' title='bbox 3299 3515 3598 3587; x_wconf 84' lang='lat' dir='ltr'><strong>episcopis.</strong></span> 
     </span>
    </p>
   </div>
   <div class='ocr_carea' id='block_1_96' title="bbox 2032 3607 3600 3699">
    <p class='ocr_par' dir='ltr' id='par_1_96' title="bbox 2032 3607 3600 3699">
     <span class='ocr_line' id='line_1_96' title="bbox 2032 3607 3600 3699; baseline -0.019 -14"><span class='ocrx_word' id='word_1_644' title='bbox 2032 3633 2121 3699; x_wconf 86' lang='lat' dir='ltr'><strong>qui</strong></span> <span class='ocrx_word' id='word_1_645' title='bbox 2158 3627 2504 3689; x_wconf 81' lang='lat' dir='ltr'><strong>ordinantur,</strong></span> <span class='ocrx_word' id='word_1_646' title='bbox 2541 3632 2596 3676; x_wconf 91' lang='lat' dir='ltr'><strong>et</strong></span> <span class='ocrx_word' id='word_1_647' title='bbox 2639 3637 2666 3673; x_wconf 74' lang='grc' dir='ltr'>ει</span> <span class='ocrx_word' id='word_1_648' title='bbox 2703 3621 2819 3675; x_wconf 88' lang='lat' dir='ltr'><strong>suis</strong></span> <span class='ocrx_word' id='word_1_649' title='bbox 2851 3617 3102 3690; x_wconf 74' lang='lat' dir='ltr'><strong>parteeiis</strong></span> <span class='ocrx_word' id='word_1_650' title='bbox 3135 3628 3242 3667; x_wconf 79' lang='lat' dir='ltr'><strong>non</strong></span> <span class='ocrx_word' id='word_1_651' title='bbox 3286 3607 3600 3675; x_wconf 87' lang='lat' dir='ltr'><strong>suscipiun-</strong></span> 
     </span>
    </p>
   </div>
   <div class='ocr_carea' id='block_1_97' title="bbox 2031 3699 3600 3790">
    <p class='ocr_par' dir='ltr' id='par_1_97' title="bbox 2031 3699 3600 3790">
     <span class='ocr_line' id='line_1_97' title="bbox 2031 3699 3600 3790; baseline -0.02 -12"><span class='ocrx_word' id='word_1_652' title='bbox 2031 3735 2157 3789; x_wconf 86' lang='lat' dir='ltr'><strong>tur;</strong></span> <span class='ocrx_word' id='word_1_653' title='bbox 2190 3729 2243 3776; x_wconf 89' lang='lat' dir='ltr'><strong>ct</strong></span> <span class='ocrx_word' id='word_1_654' title='bbox 2287 3721 2403 3790; x_wconf 69' lang='lat' dir='ltr'><strong>lege</strong></span> <span class='ocrx_word' id='word_1_655' title='bbox 2423 3731 2548 3771; x_wconf 79' lang='lat' dir='ltr'><strong>eos.</strong></span> <span class='ocrx_word' id='word_1_656' title='bbox 2585 3714 2833 3768; x_wconf 68' lang='lat' dir='ltr'><strong>Prmsens</strong></span> <span class='ocrx_word' id='word_1_657' title='bbox 2866 3725 2995 3763; x_wconf 85' lang='lat' dir='ltr'><strong>vero</strong></span> <span class='ocrx_word' id='word_1_658' title='bbox 3026 3720 3204 3760; x_wconf 82' lang='lat' dir='ltr'><strong>canon</strong></span> <span class='ocrx_word' id='word_1_659' title='bbox 3235 3699 3506 3761; x_wconf 84' lang='lat' dir='ltr'><strong>decernit,</strong></span> <span class='ocrx_word' id='word_1_660' title='bbox 3540 3704 3600 3748; x_wconf 91' lang='lat' dir='ltr'><strong>nt</strong></span> 
     </span>
    </p>
   </div>
   <div class='ocr_carea' id='block_1_98' title="bbox 2032 3789 3599 3882">
    <p class='ocr_par' dir='ltr' id='par_1_98' title="bbox 2032 3789 3599 3882">
     <span class='ocr_line' id='line_1_98' title="bbox 2032 3789 3599 3882; baseline -0.018 -16"><span class='ocrx_word' id='word_1_661' title='bbox 2032 3811 2298 3882; x_wconf 83' lang='lat' dir='ltr'><strong>episcopi,</strong></span> <span class='ocrx_word' id='word_1_662' title='bbox 2329 3789 2420 3876; x_wconf 93' lang='lat' dir='ltr'><strong>qui</strong></span> <span class='ocrx_word' id='word_1_663' title='bbox 2451 3821 2558 3860; x_wconf 93' lang='lat' dir='ltr'><strong>non</strong></span> <span class='ocrx_word' id='word_1_664' title='bbox 2584 3811 2710 3858; x_wconf 86' lang='lat' dir='ltr'><strong>sunt</strong></span> <span class='ocrx_word' id='word_1_665' title='bbox 2739 3801 2977 3869; x_wconf 75' lang='lat' dir='ltr'><strong>suscepti</strong></span> <span class='ocrx_word' id='word_1_666' title='bbox 3011 3799 3060 3850; x_wconf 93' lang='lat' dir='ltr'><strong>in</strong></span> <span class='ocrx_word' id='word_1_667' title='bbox 3088 3793 3358 3865; x_wconf 73' lang='lat' dir='ltr'><strong>parret-ias</strong></span> <span class='ocrx_word' id='word_1_668' title='bbox 3381 3789 3434 3842; x_wconf 91' lang='lat' dir='ltr'><strong>in</strong></span> <span class='ocrx_word' id='word_1_669' title='bbox 3465 3801 3599 3854; x_wconf 82' lang='lat' dir='ltr'><strong>quas</strong></span> 
     </span>
    </p>
   </div>
   <div class='ocr_carea' id='block_1_99' title="bbox 2035 3891 3595 3962">
    <p class='ocr_par' dir='ltr' id='par_1_99' title="bbox 2035 3891 3595 3962">
     <span class='ocr_line' id='line_1_99' title="bbox 2035 3891 3595 3962; baseline -0.019 -3"><span class='ocrx_word' id='word_1_670' title='bbox 2035 3901 2297 3959; x_wconf 84' lang='lat' dir='ltr'><strong>nominati</strong></span> <span class='ocrx_word' id='word_1_671' title='bbox 2346 3908 2507 3962; x_wconf 89' lang='lat' dir='ltr'><strong>sunt,</strong></span> <span class='ocrx_word' id='word_1_672' title='bbox 2560 3897 2614 3950; x_wconf 93' lang='lat' dir='ltr'><strong>in</strong></span> <span class='ocrx_word' id='word_1_673' title='bbox 2647 3895 2781 3949; x_wconf 84' lang='lat' dir='ltr'><strong>alias</strong></span> <span class='ocrx_word' id='word_1_674' title='bbox 2827 3907 2932 3947; x_wconf 89' lang='lat' dir='ltr'><strong>non</strong></span> <span class='ocrx_word' id='word_1_675' title='bbox 2982 3891 3213 3952; x_wconf 82' lang='lat' dir='ltr'><strong>abeant,</strong></span> <span class='ocrx_word' id='word_1_676' title='bbox 3261 3898 3360 3936; x_wconf 90' lang='lat' dir='ltr'><strong>nec</strong></span> <span class='ocrx_word' id='word_1_677' title='bbox 3407 3893 3595 3934; x_wconf 86' lang='lat' dir='ltr'><strong>earum</strong></span> 
     </span>
    </p>
   </div>
   <div class='ocr_carea' id='block_1_100' title="bbox 2035 3969 3603 4063">
    <p class='ocr_par' dir='ltr' id='par_1_100' title="bbox 2035 3969 3603 4063">
     <span class='ocr_line' id='line_1_100' title="bbox 2035 3969 3603 4063; baseline -0.017 -16"><span class='ocrx_word' id='word_1_678' title='bbox 2035 3989 2356 4063; x_wconf 74' lang='lat' dir='ltr'><strong>praesulibus</strong></span> <span class='ocrx_word' id='word_1_679' title='bbox 2393 3982 2498 4041; x_wconf 83' lang='lat' dir='ltr'><strong>vim</strong></span> <span class='ocrx_word' id='word_1_680' title='bbox 2529 3986 2797 4048; x_wconf 66' lang='lat' dir='ltr'><strong>aderant;</strong></span> <span class='ocrx_word' id='word_1_681' title='bbox 2851 3993 3032 4048; x_wconf 87' lang='lat' dir='ltr'><strong>neque</strong></span> <span class='ocrx_word' id='word_1_682' title='bbox 3063 3979 3330 4030; x_wconf 84' lang='lat' dir='ltr'><strong>adversus</strong></span> <span class='ocrx_word' id='word_1_683' title='bbox 3364 3985 3462 4025; x_wconf 84' lang='lat' dir='ltr'><strong>eos</strong></span> <span class='ocrx_word' id='word_1_684' title='bbox 3492 3969 3603 4020; x_wconf 67' lang='lat' dir='ltr'><strong>ric-</strong></span> 
     </span>
    </p>
   </div>
   <div class='ocr_carea' id='block_1_101' title="bbox 2035 4059 3602 4142">
    <p class='ocr_par' dir='ltr' id='par_1_101' title="bbox 2035 4059 3602 4142">
     <span class='ocr_line' id='line_1_101' title="bbox 2035 4059 3602 4142; baseline -0.019 0"><span class='ocrx_word' id='word_1_685' title='bbox 2035 4089 2181 4142; x_wconf 89' lang='lat' dir='ltr'><strong>ricos</strong></span> <span class='ocrx_word' id='word_1_686' title='bbox 2227 4098 2354 4137; x_wconf 89' lang='lat' dir='ltr'><strong>suos</strong></span> <span class='ocrx_word' id='word_1_687' title='bbox 2392 4089 2446 4136; x_wconf 89' lang='lat' dir='ltr'><strong>et</strong></span> <span class='ocrx_word' id='word_1_688' title='bbox 2497 4081 2667 4133; x_wconf 81' lang='lat' dir='ltr'><strong>laicus</strong></span> <span class='ocrx_word' id='word_1_689' title='bbox 2711 4075 2952 4130; x_wconf 75' lang='lat' dir='ltr'><strong>excitent</strong></span> <span class='ocrx_word' id='word_1_690' title='bbox 3007 4085 3021 4122; x_wconf 90' lang='lat'><strong>:</strong></span> <span class='ocrx_word' id='word_1_691' title='bbox 3071 4069 3102 4122; x_wconf 92' lang='lat' dir='ltr'><strong>ii</strong></span> <span class='ocrx_word' id='word_1_692' title='bbox 3143 4079 3292 4128; x_wconf 84' lang='lat' dir='ltr'><strong>vero,</strong></span> <span class='ocrx_word' id='word_1_693' title='bbox 3346 4061 3438 4132; x_wconf 86' lang='lat' dir='ltr'><strong>qui</strong></span> <span class='ocrx_word' id='word_1_694' title='bbox 3495 4059 3602 4112; x_wconf 83' lang='lat' dir='ltr'><strong>tale</strong></span> 
     </span>
    </p>
   </div>
   <div class='ocr_carea' id='block_1_102' title="bbox 2033 4150 3602 4249">
    <p class='ocr_par' dir='ltr' id='par_1_102' title="bbox 2033 4150 3602 4249">
     <span class='ocr_line' id='line_1_102' title="bbox 2033 4150 3602 4249; baseline -0.02 -18"><span class='ocrx_word' id='word_1_695' title='bbox 2033 4177 2163 4249; x_wconf 87' lang='lat' dir='ltr'><strong>quid</strong></span> <span class='ocrx_word' id='word_1_696' title='bbox 2199 4176 2428 4238; x_wconf 77' lang='lat' dir='ltr'><strong>faciunt,</strong></span> <span class='ocrx_word' id='word_1_697' title='bbox 2472 4175 2850 4241; x_wconf 74' lang='lat' dir='ltr'><strong>segregentur.</strong></span> <span class='ocrx_word' id='word_1_698' title='bbox 2902 4163 3187 4230; x_wconf 86' lang='lat' dir='ltr'><strong>Tanquam</strong></span> <span class='ocrx_word' id='word_1_699' title='bbox 3224 4170 3354 4209; x_wconf 86' lang='lat' dir='ltr'><strong>vero</strong></span> <span class='ocrx_word' id='word_1_700' title='bbox 3401 4150 3602 4204; x_wconf 73' lang='lat' dir='ltr'><strong>dixerit</strong></span> 
     </span>
    </p>
   </div>
   <div class='ocr_carea' id='block_1_103' title="bbox 2033 4241 3602 4338">
    <p class='ocr_par' dir='ltr' id='par_1_103' title="bbox 2033 4241 3602 4338">
     <span class='ocr_line' id='line_1_103' title="bbox 2033 4241 3602 4338; baseline -0.019 -16"><span class='ocrx_word' id='word_1_701' title='bbox 2033 4269 2255 4338; x_wconf 82' lang='lat' dir='ltr'><strong>aliquis,</strong></span> <span class='ocrx_word' id='word_1_702' title='bbox 2296 4265 2358 4319; x_wconf 84' lang='lat' dir='ltr'><strong>Et</strong></span> <span class='ocrx_word' id='word_1_703' title='bbox 2403 4263 2661 4332; x_wconf 89' lang='lat' dir='ltr'><strong>quisnam</strong></span> <span class='ocrx_word' id='word_1_704' title='bbox 2712 4258 2818 4312; x_wconf 90' lang='lat' dir='ltr'><strong>erit</strong></span> <span class='ocrx_word' id='word_1_705' title='bbox 2869 4257 2950 4310; x_wconf 89' lang='lat' dir='ltr'><strong>eis</strong></span> <span class='ocrx_word' id='word_1_706' title='bbox 3005 4253 3158 4306; x_wconf 89' lang='lat' dir='ltr'><strong>locus</strong></span> <span class='ocrx_word' id='word_1_707' title='bbox 3203 4241 3602 4301; x_wconf 59' lang='lat' dir='ltr'><strong>habitationis?</strong></span> 
     </span>
    </p>
   </div>
   <div class='ocr_carea' id='block_1_104' title="bbox 2034 4334 3599 4429">
    <p class='ocr_par' dir='ltr' id='par_1_104' title="bbox 2034 4334 3599 4429">
     <span class='ocr_line' id='line_1_104' title="bbox 2034 4334 3599 4429; baseline -0.019 -13"><span class='ocrx_word' id='word_1_708' title='bbox 2034 4361 2444 4429; x_wconf 70' lang='lat' dir='ltr'><strong>subjunsertmt</strong></span> <span class='ocrx_word' id='word_1_709' title='bbox 2484 4353 2692 4413; x_wconf 81' lang='lat' dir='ltr'><strong>Patres,</strong></span> <span class='ocrx_word' id='word_1_710' title='bbox 2738 4347 2882 4418; x_wconf 87' lang='lat' dir='ltr'><strong>quod</strong></span> <span class='ocrx_word' id='word_1_711' title='bbox 2921 4347 2964 4400; x_wconf 90' lang='lat' dir='ltr'><strong>si</strong></span> <span class='ocrx_word' id='word_1_712' title='bbox 3015 4343 3183 4398; x_wconf 89' lang='lat' dir='ltr'><strong>velint</strong></span> <span class='ocrx_word' id='word_1_713' title='bbox 3232 4338 3470 4407; x_wconf 85' lang='lat' dir='ltr'><strong>quidem,</strong></span> <span class='ocrx_word' id='word_1_714' title='bbox 3505 4334 3599 4403; x_wconf 88' lang='lat' dir='ltr'><strong>qui</strong></span> 
     </span>
    </p>
   </div>
   <div class='ocr_carea' id='block_1_105' title="bbox 2032 4426 3598 4510">
    <p class='ocr_par' dir='ltr' id='par_1_105' title="bbox 2032 4426 3598 4510">
     <span class='ocr_line' id='line_1_105' title="bbox 2032 4426 3598 4510; baseline -0.019 -2"><span class='ocrx_word' id='word_1_715' title='bbox 2032 4453 2264 4508; x_wconf 86' lang='lat' dir='ltr'><strong>ordinati</strong></span> <span class='ocrx_word' id='word_1_716' title='bbox 2295 4459 2445 4506; x_wconf 89' lang='lat' dir='ltr'><strong>sunt.</strong></span> <span class='ocrx_word' id='word_1_717' title='bbox 2495 4448 2548 4500; x_wconf 90' lang='lat' dir='ltr'><strong>in</strong></span> <span class='ocrx_word' id='word_1_718' title='bbox 2592 4445 2717 4499; x_wconf 81' lang='lat' dir='ltr'><strong>aliis</strong></span> <span class='ocrx_word' id='word_1_719' title='bbox 2760 4439 3014 4510; x_wconf 71' lang='lat' dir='ltr'><strong>parmciis</strong></span> <span class='ocrx_word' id='word_1_720' title='bbox 3047 4437 3267 4504; x_wconf 73' lang='lat' dir='ltr'><strong>degere,</strong></span> <span class='ocrx_word' id='word_1_721' title='bbox 3299 4431 3508 4485; x_wconf 79' lang='lat' dir='ltr'><strong>srilicet</strong></span> <span class='ocrx_word' id='word_1_722' title='bbox 3545 4426 3598 4478; x_wconf 93' lang='lat' dir='ltr'><strong>in</strong></span> 
     </span>
    </p>
   </div>
   <div class='ocr_carea' id='block_1_106' title="bbox 2033 4519 3598 4611">
    <p class='ocr_par' dir='ltr' id='par_1_106' title="bbox 2033 4519 3598 4611">
     <span class='ocr_line' id='line_1_106' title="bbox 2033 4519 3598 4611; baseline -0.021 -8"><span class='ocrx_word' id='word_1_723' title='bbox 2033 4549 2148 4603; x_wconf 87' lang='lat' dir='ltr'><strong>suis</strong></span> <span class='ocrx_word' id='word_1_724' title='bbox 2179 4543 2458 4611; x_wconf 80' lang='lat' dir='ltr'><strong>prioribus</strong></span> <span class='ocrx_word' id='word_1_725' title='bbox 2483 4536 2932 4596; x_wconf 83' lang='lat' dir='ltr'><strong>habitationibus,</strong></span> <span class='ocrx_word' id='word_1_726' title='bbox 2965 4541 3016 4586; x_wconf 93' lang='lat' dir='ltr'><strong>et</strong></span> <span class='ocrx_word' id='word_1_727' title='bbox 3048 4531 3098 4582; x_wconf 89' lang='lat' dir='ltr'><strong>iu</strong></span> <span class='ocrx_word' id='word_1_728' title='bbox 3134 4520 3442 4597; x_wconf 75' lang='lat' dir='ltr'><strong>presbyteri</strong></span> <span class='ocrx_word' id='word_1_729' title='bbox 3480 4519 3598 4571; x_wconf 82' lang='lat' dir='ltr'><strong>loco</strong></span> 
     </span>
    </p>
   </div>
   <div class='ocr_carea' id='block_1_107' title="bbox 2031 4611 3600 4695">
    <p class='ocr_par' dir='ltr' id='par_1_107' title="bbox 2031 4611 3600 4695">
     <span class='ocr_line' id='line_1_107' title="bbox 2031 4611 3600 4695; baseline -0.019 -2"><span class='ocrx_word' id='word_1_730' title='bbox 2031 4637 2273 4694; x_wconf 77' lang='lat' dir='ltr'><strong>residere</strong></span> <span class='ocrx_word' id='word_1_731' title='bbox 2306 4634 2634 4695; x_wconf 86' lang='lat' dir='ltr'><strong>sustineant,</strong></span> <span class='ocrx_word' id='word_1_732' title='bbox 2663 4643 2772 4682; x_wconf 90' lang='lat' dir='ltr'><strong>non</strong></span> <span class='ocrx_word' id='word_1_733' title='bbox 2809 4625 3249 4694; x_wconf 76' lang='lat' dir='ltr'><strong>prohibebantur</strong></span> <span class='ocrx_word' id='word_1_734' title='bbox 3284 4635 3299 4683; x_wconf 90' lang='lat'><strong>;</strong></span> <span class='ocrx_word' id='word_1_735' title='bbox 3337 4625 3390 4670; x_wconf 89' lang='lat' dir='ltr'><strong>et</strong></span> <span class='ocrx_word' id='word_1_736' title='bbox 3429 4613 3474 4668; x_wconf 87' lang='lat' dir='ltr'><strong>si</strong></span> <span class='ocrx_word' id='word_1_737' title='bbox 3517 4611 3600 4665; x_wconf 87' lang='lat' dir='ltr'><strong>sic</strong></span> 
     </span>
    </p>
   </div>
   <div class='ocr_carea' id='block_1_108' title="bbox 2034 4710 3598 4801">
    <p class='ocr_par' dir='ltr' id='par_1_108' title="bbox 2034 4710 3598 4801">
     <span class='ocr_line' id='line_1_108' title="bbox 2034 4710 3598 4801; baseline -0.021 -15"><span class='ocrx_word' id='word_1_738' title='bbox 2034 4739 2219 4801; x_wconf 79' lang='lat' dir='ltr'><strong>agant,</strong></span> <span class='ocrx_word' id='word_1_739' title='bbox 2265 4727 2448 4782; x_wconf 88' lang='lat' dir='ltr'><strong>omnis</strong></span> <span class='ocrx_word' id='word_1_740' title='bbox 2496 4722 2758 4779; x_wconf 73' lang='lat' dir='ltr'><strong>molestia:</strong></span> <span class='ocrx_word' id='word_1_741' title='bbox 2803 4725 3055 4788; x_wconf 82' lang='lat' dir='ltr'><strong>expertes</strong></span> <span class='ocrx_word' id='word_1_742' title='bbox 3099 4710 3598 4768; x_wconf 76' lang='lat' dir='ltr'><strong>conservabuutur,</strong></span> 
     </span>
    </p>
   </div>
   <div class='ocr_carea' id='block_1_109' title="bbox 2033 4791 3602 4876">
    <p class='ocr_par' dir='ltr' id='par_1_109' title="bbox 2033 4791 3602 4876">
     <span class='ocr_line' id='line_1_109' title="bbox 2033 4791 3602 4876; baseline -0.02 0"><span class='ocrx_word' id='word_1_743' title='bbox 2033 4836 2156 4876; x_wconf 87' lang='lat' dir='ltr'><strong>eum</strong></span> <span class='ocrx_word' id='word_1_744' title='bbox 2190 4820 2454 4872; x_wconf 86' lang='lat' dir='ltr'><strong>honorem</strong></span> <span class='ocrx_word' id='word_1_745' title='bbox 2487 4814 2752 4869; x_wconf 86' lang='lat' dir='ltr'><strong>habentes</strong></span> <span class='ocrx_word' id='word_1_746' title='bbox 2783 4826 2798 4864; x_wconf 87' lang='lat'><strong><em>:</em></strong></span> <span class='ocrx_word' id='word_1_747' title='bbox 2824 4809 2920 4865; x_wconf 89' lang='lat' dir='ltr'><strong>sed</strong></span> <span class='ocrx_word' id='word_1_748' title='bbox 2954 4808 3001 4862; x_wconf 88' lang='lat' dir='ltr'><strong>si</strong></span> <span class='ocrx_word' id='word_1_749' title='bbox 3031 4821 3154 4860; x_wconf 91' lang='lat' dir='ltr'><strong>cum</strong></span> <span class='ocrx_word' id='word_1_750' title='bbox 3188 4802 3333 4856; x_wconf 84' lang='lat' dir='ltr'><strong>illius</strong></span> <span class='ocrx_word' id='word_1_751' title='bbox 3359 4796 3461 4851; x_wconf 91' lang='lat' dir='ltr'><strong>loci</strong></span> <span class='ocrx_word' id='word_1_752' title='bbox 3488 4791 3602 4861; x_wconf 87' lang='lat' dir='ltr'><strong>epi-</strong></span> 
     </span>
    </p>
   </div>
   <div class='ocr_carea' id='block_1_110' title="bbox 2033 4891 3599 4978">
    <p class='ocr_par' dir='ltr' id='par_1_110' title="bbox 2033 4891 3599 4978">
     <span class='ocr_line' id='line_1_110' title="bbox 2033 4891 3599 4978; baseline -0.02 -12"><span class='ocrx_word' id='word_1_753' title='bbox 2033 4924 2200 4978; x_wconf 84' lang='lat' dir='ltr'><strong>scopo</strong></span> <span class='ocrx_word' id='word_1_754' title='bbox 2229 4906 2523 4973; x_wconf 72' lang='lat' dir='ltr'><strong>seditiones</strong></span> <span class='ocrx_word' id='word_1_755' title='bbox 2555 4902 3036 4968; x_wconf 86' lang='lat' dir='ltr'><strong>dissensionesque</strong></span> <span class='ocrx_word' id='word_1_756' title='bbox 3070 4891 3447 4950; x_wconf 71' lang='lat' dir='ltr'><strong>excitaveriut,</strong></span> <span class='ocrx_word' id='word_1_757' title='bbox 3479 4898 3599 4953; x_wconf 89' lang='lat' dir='ltr'><strong>pre-</strong></span> 
     </span>
    </p>
   </div>
   <div class='ocr_carea' id='block_1_111' title="bbox 2035 4970 3599 5072">
    <p class='ocr_par' dir='ltr' id='par_1_111' title="bbox 2035 4970 3599 5072">
     <span class='ocr_line' id='line_1_111' title="bbox 2035 4970 3599 5072; baseline -0.022 -15"><span class='ocrx_word' id='word_1_758' title='bbox 2035 4970 2240 5072; x_wconf 74' lang='lat' dir='ltr'><strong>sbyteri</strong></span> <span class='ocrx_word' id='word_1_759' title='bbox 2274 4970 2494 5067; x_wconf 76' lang='lat' dir='ltr'><strong>quoque</strong></span> <span class='ocrx_word' id='word_1_760' title='bbox 2542 4995 2624 5051; x_wconf 87' lang='lat' dir='ltr'><strong>eis</strong></span> <span class='ocrx_word' id='word_1_761' title='bbox 2665 4993 2840 5046; x_wconf 88' lang='lat' dir='ltr'><strong>honor</strong></span> <span class='ocrx_word' id='word_1_762' title='bbox 2872 4989 3216 5045; x_wconf 69' lang='lat' dir='ltr'><strong>detrahetur,</strong></span> <span class='ocrx_word' id='word_1_763' title='bbox 3259 4989 3313 5034; x_wconf 85' lang='lat' dir='ltr'><strong>ct</strong></span> <span class='ocrx_word' id='word_1_764' title='bbox 3363 4970 3599 5028; x_wconf 79' lang='lat' dir='ltr'><strong>abdicati</strong></span> 
     </span>
    </p>
   </div>
   <div class='ocr_carea' id='block_1_112' title="bbox 2034 5064 3605 5148">
    <p class='ocr_par' dir='ltr' id='par_1_112' title="bbox 2034 5064 3605 5148">
     <span class='ocr_line' id='line_1_112' title="bbox 2034 5064 3605 5148; baseline -0.02 0"><span class='ocrx_word' id='word_1_765' title='bbox 2034 5103 2216 5148; x_wconf 82' lang='lat' dir='ltr'><strong>erunt.</strong></span> <span class='ocrx_word' id='word_1_766' title='bbox 2272 5090 2397 5144; x_wconf 76' lang='lat' dir='ltr'><strong>[hec</strong></span> <span class='ocrx_word' id='word_1_767' title='bbox 2431 5104 2555 5143; x_wconf 86' lang='lat' dir='ltr'><strong>cum</strong></span> <span class='ocrx_word' id='word_1_768' title='bbox 2603 5101 2782 5142; x_wconf 77' lang='lat' dir='ltr'><strong>canon</strong></span> <span class='ocrx_word' id='word_1_769' title='bbox 2820 5086 3104 5144; x_wconf 85' lang='lat' dir='ltr'><strong>decernat,</strong></span> <span class='ocrx_word' id='word_1_770' title='bbox 3142 5090 3209 5128; x_wconf 89' lang='lat' dir='ltr'><strong>no</strong></span> <span class='ocrx_word' id='word_1_771' title='bbox 3253 5069 3458 5125; x_wconf 77' lang='lat' dir='ltr'><strong>dixeris</strong></span> <span class='ocrx_word' id='word_1_772' title='bbox 3487 5064 3605 5135; x_wconf 84' lang='lat' dir='ltr'><strong>epi-</strong></span> 
     </span>
    </p>
   </div>
   <div class='ocr_carea' id='block_1_113' title="bbox 2036 5161 3604 5256">
    <p class='ocr_par' dir='ltr' id='par_1_113' title="bbox 2036 5161 3604 5256">
     <span class='ocr_line' id='line_1_113' title="bbox 2036 5161 3604 5256; baseline -0.018 -17"><span class='ocrx_word' id='word_1_773' title='bbox 2036 5199 2253 5256; x_wconf 84' lang='lat' dir='ltr'><strong>seopos.</strong></span> <span class='ocrx_word' id='word_1_774' title='bbox 2288 5182 2380 5252; x_wconf 92' lang='lat' dir='ltr'><strong>qni</strong></span> <span class='ocrx_word' id='word_1_775' title='bbox 2403 5181 2647 5250; x_wconf 78' lang='lat' dir='ltr'><strong>suscepti</strong></span> <span class='ocrx_word' id='word_1_776' title='bbox 2681 5195 2787 5234; x_wconf 91' lang='lat' dir='ltr'><strong>non</strong></span> <span class='ocrx_word' id='word_1_777' title='bbox 2822 5182 2972 5238; x_wconf 89' lang='lat' dir='ltr'><strong>sunt,</strong></span> <span class='ocrx_word' id='word_1_778' title='bbox 3003 5172 3056 5224; x_wconf 92' lang='lat' dir='ltr'><strong>in</strong></span> <span class='ocrx_word' id='word_1_779' title='bbox 3094 5166 3229 5221; x_wconf 88' lang='lat' dir='ltr'><strong>locis</strong></span> <span class='ocrx_word' id='word_1_780' title='bbox 3257 5161 3604 5232; x_wconf 76' lang='lat' dir='ltr'><strong>presbytero-</strong></span> 
     </span>
    </p>
   </div>
   <div class='ocr_carea' id='block_1_114' title="bbox 2036 5251 3604 5342">
    <p class='ocr_par' dir='ltr' id='par_1_114' title="bbox 2036 5251 3604 5342">
     <span class='ocr_line' id='line_1_114' title="bbox 2036 5251 3604 5342; baseline -0.003 -12"><span class='ocrx_word' id='word_1_781' title='bbox 2036 5288 2156 5331; x_wconf 84' lang='lat' dir='ltr'><strong>rum</strong></span> <span class='ocrx_word' id='word_1_782' title='bbox 2184 5276 2396 5338; x_wconf 75' lang='lat' dir='ltr'><strong>sedere,</strong></span> <span class='ocrx_word' id='word_1_783' title='bbox 2429 5284 2489 5329; x_wconf 90' lang='lat' dir='ltr'><strong>ut</strong></span> <span class='ocrx_word' id='word_1_784' title='bbox 2517 5274 2855 5342; x_wconf 67' lang='lat' dir='ltr'><strong>deprimatur</strong></span> <span class='ocrx_word' id='word_1_785' title='bbox 2882 5268 3058 5319; x_wconf 88' lang='lat' dir='ltr'><strong>honos</strong></span> <span class='ocrx_word' id='word_1_786' title='bbox 3084 5251 3604 5329; x_wconf 68' lang='grc' dir='ltr'>εμίεοοροιίεάίειηῖ·</span> 
     </span>
    </p>
   </div>
   <div class='ocr_carea' id='block_1_115' title="bbox 2038 5346 3603 5433">
    <p class='ocr_par' dir='ltr' id='par_1_115' title="bbox 2038 5346 3603 5433">
     <span class='ocr_line' id='line_1_115' title="bbox 2038 5346 3603 5433; baseline -0.014 -15"><span class='ocrx_word' id='word_1_787' title='bbox 2038 5369 2162 5422; x_wconf 86' lang='lat' dir='ltr'><strong>tatis</strong></span> <span class='ocrx_word' id='word_1_788' title='bbox 2193 5409 2206 5432; x_wconf 87' lang='lat'><strong>,</strong></span> <span class='ocrx_word' id='word_1_789' title='bbox 2239 5367 2330 5420; x_wconf 76' lang='lat' dir='ltr'><strong>sed</strong></span> <span class='ocrx_word' id='word_1_790' title='bbox 2369 5366 2510 5433; x_wconf 38' lang='lat' dir='ltr'><strong>«.uod</strong></span> <span class='ocrx_word' id='word_1_791' title='bbox 2558 5381 2663 5421; x_wconf 89' lang='lat' dir='ltr'><strong>non</strong></span> <span class='ocrx_word' id='word_1_792' title='bbox 2697 5364 2769 5419; x_wconf 88' lang='lat' dir='ltr'><strong>sit</strong></span> <span class='ocrx_word' id='word_1_793' title='bbox 2811 5361 2951 5415; x_wconf 84' lang='lat' dir='ltr'><strong>alius</strong></span> <span class='ocrx_word' id='word_1_794' title='bbox 2985 5357 3138 5408; x_wconf 85' lang='lat' dir='ltr'><strong>locus</strong></span> <span class='ocrx_word' id='word_1_795' title='bbox 3170 5349 3343 5418; x_wconf 80' lang='lat' dir='ltr'><strong>major</strong></span> <span class='ocrx_word' id='word_1_796' title='bbox 3374 5346 3603 5417; x_wconf 85' lang='lat' dir='ltr'><strong>presby-</strong></span> 
     </span>
    </p>
   </div>
   <div class='ocr_carea' id='block_1_116' title="bbox 2037 5445 3605 5527">
    <p class='ocr_par' dir='ltr' id='par_1_116' title="bbox 2037 5445 3605 5527">
     <span class='ocr_line' id='line_1_116' title="bbox 2037 5445 3605 5527; baseline -0.013 -15"><span class='ocrx_word' id='word_1_797' title='bbox 2037 5467 2240 5514; x_wconf 87' lang='lat' dir='ltr'><strong>teratu.</strong></span> <span class='ocrx_word' id='word_1_798' title='bbox 2277 5459 2336 5513; x_wconf 85' lang='lat' dir='ltr'><strong>Si</strong></span> <span class='ocrx_word' id='word_1_799' title='bbox 2372 5459 2495 5527; x_wconf 87' lang='lat' dir='ltr'><strong>quis</strong></span> <span class='ocrx_word' id='word_1_800' title='bbox 2531 5457 2675 5512; x_wconf 89' lang='lat' dir='ltr'><strong>enim</strong></span> <span class='ocrx_word' id='word_1_801' title='bbox 2718 5453 2856 5507; x_wconf 82' lang='lat' dir='ltr'><strong>forte</strong></span> <span class='ocrx_word' id='word_1_802' title='bbox 2886 5464 3074 5504; x_wconf 86' lang='lat' dir='ltr'><strong>eorum</strong></span> <span class='ocrx_word' id='word_1_803' title='bbox 3107 5449 3179 5501; x_wconf 88' lang='lat' dir='ltr'><strong>sit</strong></span> <span class='ocrx_word' id='word_1_804' title='bbox 3213 5445 3605 5504; x_wconf 75' lang='lat' dir='ltr'><strong>Ilcracleanus,</strong></span> 
     </span>
    </p>
   </div>
   <div class='ocr_carea' id='block_1_117' title="bbox 2035 5538 3606 5618">
    <p class='ocr_par' dir='ltr' id='par_1_117' title="bbox 2035 5538 3606 5618">
     <span class='ocr_line' id='line_1_117' title="bbox 2035 5538 3606 5618; baseline -0.01 -14"><span class='ocrx_word' id='word_1_805' title='bbox 2035 5561 2086 5605; x_wconf 90' lang='lat' dir='ltr'><strong>ct</strong></span> <span class='ocrx_word' id='word_1_806' title='bbox 2109 5565 2172 5605; x_wconf 85' lang='lat' dir='ltr'><strong>eo</strong></span> <span class='ocrx_word' id='word_1_807' title='bbox 2198 5549 2442 5612; x_wconf 88' lang='lat' dir='ltr'><strong>redierit,</strong></span> <span class='ocrx_word' id='word_1_808' title='bbox 2464 5546 2764 5618; x_wconf 82' lang='lat' dir='ltr'><strong>presbyteri</strong></span> <span class='ocrx_word' id='word_1_809' title='bbox 2788 5543 3030 5612; x_wconf 80' lang='lat' dir='ltr'><strong>quidem,</strong></span> <span class='ocrx_word' id='word_1_810' title='bbox 3052 5555 3282 5611; x_wconf 88' lang='lat' dir='ltr'><strong>quorum</strong></span> <span class='ocrx_word' id='word_1_811' title='bbox 3310 5538 3606 5607; x_wconf 83' lang='lat' dir='ltr'><strong>aliquando</strong></span> 
     </span>
    </p>
   </div>
   <div class='ocr_carea' id='block_1_118' title="bbox 2038 5631 3606 5708">
    <p class='ocr_par' dir='ltr' id='par_1_118' title="bbox 2038 5631 3606 5708">
     <span class='ocr_line' id='line_1_118' title="bbox 2038 5631 3606 5708; baseline -0.008 -12"><span class='ocrx_word' id='word_1_812' title='bbox 2038 5659 2178 5696; x_wconf 91' lang='lat' dir='ltr'><strong>unus</strong></span> <span class='ocrx_word' id='word_1_813' title='bbox 2203 5651 2315 5695; x_wconf 78' lang='lat' dir='ltr'><strong>erat</strong></span> <span class='ocrx_word' id='word_1_814' title='bbox 2345 5651 2400 5695; x_wconf 91' lang='lat' dir='ltr'><strong>et</strong></span> <span class='ocrx_word' id='word_1_815' title='bbox 2431 5642 2544 5708; x_wconf 85' lang='lat' dir='ltr'><strong>ipse</strong></span> <span class='ocrx_word' id='word_1_816' title='bbox 2568 5640 2799 5702; x_wconf 88' lang='lat' dir='ltr'><strong>electus,</strong></span> <span class='ocrx_word' id='word_1_817' title='bbox 2832 5634 3183 5690; x_wconf 84' lang='lat' dir='ltr'><strong>sacerdotum</strong></span> <span class='ocrx_word' id='word_1_818' title='bbox 3218 5632 3366 5686; x_wconf 87' lang='lat' dir='ltr'><strong>locos</strong></span> <span class='ocrx_word' id='word_1_819' title='bbox 3391 5631 3606 5683; x_wconf 84' lang='lat' dir='ltr'><strong>obtine-</strong></span> 
     </span>
    </p>
   </div>
   <div class='ocr_carea' id='block_1_119' title="bbox 2037 5725 3606 5802">
    <p class='ocr_par' dir='ltr' id='par_1_119' title="bbox 2037 5725 3606 5802">
     <span class='ocr_line' id='line_1_119' title="bbox 2037 5725 3606 5802; baseline -0.01 -13"><span class='ocrx_word' id='word_1_820' title='bbox 2037 5735 2171 5790; x_wconf 72' lang='lat' dir='ltr'><strong>buut</strong></span> <span class='ocrx_word' id='word_1_821' title='bbox 2210 5749 2224 5794; x_wconf 84' lang='lat'><strong>;</strong></span> <span class='ocrx_word' id='word_1_822' title='bbox 2262 5734 2347 5787; x_wconf 91' lang='lat' dir='ltr'><strong>hic</strong></span> <span class='ocrx_word' id='word_1_823' title='bbox 2371 5747 2500 5787; x_wconf 87' lang='lat' dir='ltr'><strong>vero</strong></span> <span class='ocrx_word' id='word_1_824' title='bbox 2533 5731 2597 5786; x_wconf 87' lang='lat' dir='ltr'><strong>ad</strong></span> <span class='ocrx_word' id='word_1_825' title='bbox 2635 5728 2998 5802; x_wconf 75' lang='lat' dir='ltr'><strong>cpiscOpaicm</strong></span> <span class='ocrx_word' id='word_1_826' title='bbox 3025 5725 3341 5799; x_wconf 81' lang='lat' dir='ltr'><strong>dignitatem</strong></span> <span class='ocrx_word' id='word_1_827' title='bbox 3383 5738 3606 5793; x_wconf 46' lang='lat' dir='ltr'><strong>promo.</strong></span> 
     </span>
    </p>
   </div>
  </div>
