4014 6224
480 306 615 369 1187

1745 302 2020 366 ΤΙΙΕΟΙ).
2054 304 2451 368 BALSAMON

3601 306 3745 381 1188

468 435 653 480 munt.
689 423 833 495 Lege
863 422 1162 479 secundum
1208 435 1479 474 cauonem
1536 420 1710 475 sancti
1756 420 1963 486 Basilii,
2000 430 2054 475 et

2161 419 2439 475 Βασιλείου
2467 422 2559 476 καὶ
2591 422 2683 477 τὸν
2712 420 2801 491 μα’
2835 422 2936 495 τῆς
2971 426 3028 479 ἑν
3059 424 3138 497 τῷ
3171 426 3429 498 Τρούλλῳ
3486 429 3740 488 συνόδου,

472 520 893 586 nonagesimum
932 515 1168 582 primunt
1205 513 1400 583 synodi
1433 513 1485 566 in
1517 512 1725 577 Trullo,
1756 520 1810 566 et
1856 528 2048 568 eorum

476 608 1007 678 interpretationem.

552 700 797 755 ZONAR.
825 698 1080 752 Mulieres
1107 711 1171 751 cx
1198 696 1503 750 concubitu
1535 694 1734 750 furtivo
1764 711 2052 766 praegnan—

482 804 586 853 tes,
627 810 690 844 ne
724 790 985 858 ﬂagitium
1026 799 1215 841 uterus
1250 791 1464 856 prodat,
1519 787 1715 850 fetum,
1770 798 1858 840 aut
1904 788 2051 857 gravi

489 884 731 959 pondere
774 881 839 934 ad
873 884 1052 935 alvum
1118 878 1469 949 premendam
1524 879 1914 948 superinjecto,
1962 887 2055 932 aut

481 976 657 1045 epotis
711 974 776 1027 ad
836 982 1160 1040 conceptum
1216 971 1544 1040 abigendum
1606 971 2053 1035 medicamentis,

483 1071 609 1123 data
652 1083 816 1138 opcra
880 1066 1236 1119 interﬁciunt.
1283 1063 1389 1120 Eas
1434 1064 1602 1131 igitur
1645 1062 1901 1116 mulieres
1943 1072 2055 1113 toto

481 1162 607 1214 vitae
639 1172 883 1227 tempore
916 1175 944 1212 a
984 1158 1373 1213 communione
1405 1156 1691 1217 arcendas,
1724 1163 2053 1221 tantumque

480 1252 537 1307 in
574 1262 819 1321 extremo
866 1252 989 1304 vita:
1023 1250 1261 1303 articulo
1310 1248 1376 1302 ad
1433 1261 1716 1300 sacrorum
1760 1244 2056 1315 mysterio-

484 1359 604 1397 rum
652 1343 1060 1411 perceptionem
1121 1340 1510 1403 admittendas,
1574 1338 1740 1408 priori
1789 1341 2062 1391 constitu'

480 1435 625 1489 tione
656 1434 936 1487 delinitqu
966 1448 1089 1488 esse
1125 1432 1211 1486 hic
1239 1448 1415 1485 canon
1443 1432 1698 1485 aﬁirmat.
1739 1427 1848 1483 Nos
1908 1444 2054 1493 vero,

485 1524 747 1594 inquiunt
793 1524 986 1595 synodi
1020 1523 1212 1578 Patres
1235 1563 1249 1586 ,
1298 1522 1511 1576 mitiore
1540 1520 1850 1589 echgitato
1885 1535 2059 1573 reme-

478 1615 594 1678 dio,
637 1618 965 1671 det-ennium
997 1615 1422 1681 constituimus;
1457 1629 1631 1684 coque
1658 1629 1755 1684 per
1782 1612 2053 1669 deﬁnitos

485 1711 698 1777 gradus
730 1710 971 1763 vicissim
1001 1720 1219 1771 exacto,
1254 1707 1357 1763 hoc
1391 1717 1476 1761 est
1525 1714 1677 1761 certo
1723 1716 1965 1775 tempore
2005 1704 2057 1757 in

2154 516 2249 567 καὶ
2275 514 2371 582 τὴν
2407 515 2705 584 ἑρμηνείαν
2732 517 2932 575 αὐτῶν.

2225 694 2469 748 ΖΩΝΑΡ.
2500 697 2764 761 Γυναῖκες
2786 700 2963 767 λάθρα
2997 704 3107 753 τισὶ
3136 703 3462 773 μιγνύμεναι
3492 705 3589 759 καὶ
3615 707 3744 759 συὶ·

2156 784 2551 855 λαμϐάνουσαι,
2591 788 2675 841 ἵνα
2718 789 2791 859 μὴ
2824 792 3160 857 γνωσθῶσιν,
3195 795 3473 863 ἀναιροῦσι
3534 798 3602 849 τά
3642 798 3745 865 ἔμ-

2155 877 2297 947 ϐρυα
2331 878 2648 948 ἐξεπίτηδες
2687 881 2718 949 ἥ
2756 881 2896 952 βάρη
2933 885 3049 946 ταῖς
3100 886 3336 946 κοιλίαις
3370 887 3587 939 ἑαυτῶν
3622 892 3745 942 ἐπι⁹

2153 970 2385 1023 τιθεῖσαι
2410 977 2505 1023 καὶ
2541 974 2941 1041 συμπιέςουσαι
2974 976 3204 1041 ταύτας,
3236 977 3268 1047 ἢ
3311 979 3581 1046 φάρμακά
3616 982 3746 1035 τινα

2156 1062 2431 1125 πίνουσαι,
2463 1066 2555 1116 καὶ
2588 1064 2913 1135 φθείρουσαι
2944 1067 3010 1120 τά
3046 1069 3487 1139 κυοφορούμενα.
3518 1072 3746 1135 Ταύτας

2154 1149 2268 1219 οὖν,
2285 1156 2451 1222 φησὶν
2467 1158 2493 1208 6
2514 1156 2694 1210 κανὼν
2722 1152 2897 1225 οὗτος,
2922 1160 3003 1211 ὅτι
3023 1162 3049 1213 6
3063 1161 3327 1231 πρότερος
3342 1163 3747 1235 ὅροςὲπετέμη-

2158 1262 2248 1298 σεν
2270 1250 2637 1319 ἁκοινωνησίᾳ
2667 1250 2828 1319 μέχρι
2855 1249 3105 1315 Θανάτου,
3127 1253 3221 1304 καὶ
3256 1252 3395 1305 ὥστε
3420 1257 3476 1305 ἐν
3503 1254 3583 1323 τῷ
3608 1256 3742 1323 6νὴ-

2158 1350 2307 1389 σκειν
2341 1338 2501 1406 μόνον
2525 1338 2807 1404 ἀξιοῦσθαι
2839 1339 2939 1408 τῆς
2965 1340 3115 1403 θείας
3149 1335 3525 1409 μεταλήψεως.
3543 1340 3746 1411 Ἡμεῖς

2156 1427 2234 1493 δὲ,
2270 1429 2432 1496 φασὶν
2468 1431 2516 1482 οἰ
2547 1431 2646 1499 τῆς
2673 1431 2893 1484 συνόδου
2924 1432 3186 1502 Πατέρες,
3212 1432 3744 1504 φιλανθρωπότερον

2155 1535 2207 1571 τι
2243 1519 2516 1588 εὑρόντες,
2571 1522 2859 1575 δεκαετίαν
2894 1522 3198 1593 ὡρίσαμεν,
3260 1523 3401 1577 ὥστε
3456 1525 3545 1578 διά
3600 1526 3746 1580 δέκα

2159 1610 2296 1663 ὲτῶν
2357 1612 2882 1682 καταμεριζομένων
2949 1616 3032 1677 είς
3074 1616 3199 1677 τοὺς
3241 1614 3583 1685 ὡρισμένους
3642 1616 3746 1687 βα·

2163 1702 2353 1770 θμοὺς,
2393 1706 2511 1775 ἦτοι
2541 1707 2667 1769 τοὺς
2719 1708 2919 1770 τόπους
2971 1707 3081 1762 τῶν
3123 1710 3440 1778 ἐπιτιμίων,
3500 1710 3593 1762 τὸν
3642 1710 3744 1764 τοῦ

481 1798 716 1867 singulis
744 1798 1125 1866 pamitentium
1161 1798 1319 1859 locis,
1355 1797 1656 1866 lugentium
1699 1795 1928 1861 scilicet,
1957 1808 2046 1847 au-

2161 1795 2605 1862 προσκλαίοντος,
2639 1797 2731 1851 τὸν
2761 1798 2855 1851 τοῦ
2883 1799 3264 1868 ἀκροωμένου,
3302 1799 3393 1851 τὸν
3449 1799 3547 1852 τοῦ
3598 1800 3743 1853 ﬁmo.

484 1890 774 1950 dientinm,
810 1891 862 1942 in
894 1889 1270 1944 substratione
1301 1888 1636 1957 degentium,
1666 1897 1719 1942 et
1751 1902 1876 1942 cum
1904 1897 2064 1942 caute.-

481 1983 559 2036 ris
593 1984 918 2045 astantium,
952 1982 1189 2051 expleto,
1222 1997 1437 2037 sacram
1474 1981 1581 2036 illis
1610 1981 2056 2036 communionem

482 2075 751 2143 impertiri
788 2074 932 2127 haud
966 2084 1235 2128 velamus.
1275 2073 1500 2141 Magnus
1549 2087 1768 2143 quoque
1808 2072 2046 2127 Basilius

478 2166 722 2221 secundo
779 2169 952 2236 ipsius
1012 2181 1266 2229 canone,
1345 2180 1468 2235 quae
1546 2165 1803 2219 mulieres
1862 2172 2059 2234 sponte

482 2271 699 2313 uterum
764 2259 1075 2321 vitiavere,
1123 2257 1370 2312 decennii
1424 2256 1595 2310 multa
1648 2255 1828 2325 puniri
1878 2253 2055 2321 jubet.

477 2349 741 2416 Quamvis
832 2348 1171 2403 curationem
1232 2363 1338 2402 non
1395 2350 1659 2417 temporis
1692 2345 2052 2413 longitudine,

478 2442 573 2497 sed
635 2441 934 2509 pmnitcndi
964 2442 1129 2498 modo
1165 2439 1381 2497 deﬁniri
1411 2450 1664 2509 oportere
1691 2438 2053 2499 demonstret,

476 2533 702 2589 ARIST.
744 2533 1102 2589 «'Mcretrices
1136 2534 1530 2589 medicamenta
1566 2534 1732 2585 noxia
1766 2530 2061 2600 accipien-

803 2644 820 2677 ι
862 2635 965 2691 tes,
994 2625 1261 2679 decennio
1293 2624 1687 2693 subjiciantur.
1721 2639 1739 2673 ι

554 2716 810 2770 Mulieres
832 2731 954 2783 qua:
978 2718 1274 2782 pharmaca
1312 2715 1476 2766 noxia
1505 2712 1785 2782 accipiunt
1813 2710 1880 2766 ad
1913 2708 2056 2765 fetus

482 2824 613 2863 suos
644 2809 698 2862 in
730 2817 888 2862 utero
920 2806 1222 2869 necandos,
1257 2808 1445 2858 decem
1489 2820 1666 2859 annos
1694 2807 2053 2871 castigentur.

479 2902 630 2959 Duos
659 2902 877 2969 quidem
913 2913 1088 2952 annos
1124 2911 1277 2951 extra
1329 2897 1576 2954 ecclesiae
1608 2896 1870 2949 ambitum
1904 2905 2057 2950 stan-

483 3002 590 3057 tes,
652 2998 705 3043 et
764 2989 1046 3055 deﬁentcs,
1102 2997 1214 3043 tres
1267 2995 1447 3041 autent
1484 2985 1550 3041 ad
1592 2987 1851 3042 basilicas
1912 2987 2057 3040 fores

2158 1887 2467 1953 πίπτοντος,
2530 1889 2623 1943 τὸν
2685 1890 2778 1943 τοῦ
2847 1892 3207 1956 συνεστῶτος,
3273 1890 3562 1958 ἀξιοῦσθαι
3635 1893 3743 1959 τῆς

2157 1977 2312 2041 θείας
2338 1980 2718 2051 μεταλήψεως.
2778 1982 2889 2035 Καὶ
2927 1987 2953 2037 6
2994 1983 3164 2054 μέγας
3228 1984 3284 2038 δὲ
3344 1982 3617 2047 Βασίλειος
3674 1986 3737 2036 ἐν

2156 2070 2398 2142 δευτέρῳ
2420 2074 2586 2125 αὑτοῦ
2619 2075 2825 2140 κανόνι,
2857 2078 2978 2133 ταῖς
3028 2080 3148 2129 κατ’
3198 2060 3549 2145 ἐπιτήδευσιν
3573 2074 3737 2142 φθειο

2155 2163 2379 2232 ρούσαις
2410 2166 2478 2217 τὰ
2512 2165 2725 2236 ἔμϐρυα
2789 2166 3076 2221 δεκαετίαν
3141 2170 3399 2239 ἐπιτιμᾷ.
3456 2169 3621 2235 Λέγει
3677 2168 3739 2219 δὲ

2154 2255 2263 2307 δεῖν
2305 2256 2380 2326 μὴ
2429 2258 2625 2326 χρόνῳ,
2659 2258 2795 2312 ἀλλὰ
2842 2260 3031 2332 τρόπῳ
3066 2262 3167 2331 τῆς
3200 2260 3492 2331 μετανοίας
3527 2260 3740 2331 ὁρίζειν

2152 2346 2248 2417 τὴν
2276 2346 2593 2418 θεραπείαν,

2163 2528 2387 2589 ΔΡΙΣΤ.
2450 2549 2469 2583 ι
2510 2533 2575 2585 ΑΞ
2611 2532 2832 2603 πόρναι,
2862 2532 3237 2601 λαμϐάνουσαι
3280 2533 3503 2605 φθόρια,
3544 2537 3741 2591 Genus-.-

2593 2643 2611 2676 ι
2633 2626 2756 2679 τίαν
2782 2627 3258 2680 ὑποπιπτέτωσαν.
3287 2646 3305 2677 ι

2240 2716 2612 2786 Διδεχόμεναι
2651 2718 2959 2788 δηλητήρια
2990 2719 3083 2771 ἐπὶ
3101 2719 3176 2788 τῷ
3211 2720 3277 2773 τά
3306 2718 3524 2790 ἔμϐρυα
3560 2722 3741 2776 αὐτῶν
3782 2764 3787 2771 .

2163 2810 2397 2873 ἀνελεῖν,
2445 2812 2537 2863 ἐπὶ
2583 2809 2718 2863 δέκα
2777 2810 3227 2878 ὲπιτιμάσθωσαν
3280 2812 3463 2863 ἔτεσι·
3501 2811 3601 2864 δύο
3644 2816 3741 2882 μὲν

2113 2952 2117 2956 ,
2164 2900 2260 2970 ἔτη
2296 2899 2403 2971 ἔξω
2439 2900 2530 2952 τοῦ
2606 2899 2898 2971 περιϐόλου
2940 2897 3037 2966 τίῆς
3092 2901 3391 2971 ἐκκλησίας
3444 2902 3742 2973 ἱστάμεναι

2166 2991 2263 3046 καὶ
2355 2991 2807 3064 προσκλαίουσαι,
2845 2992 2974 3063 τρία
2998 2994 3053 3045 δὲ
3087 2993 3237 3063 παρὰ
3265 2997 3377 3056 τοῖς
3437 2992 3741 3063 βασιλικοῖς

480 3088 862 3150 imtnorantes,
889 3093 943 3137 et
970 3084 1185 3139 divinas
1222 3083 1511 3137 audientes
1535 3081 1881 3150 Scripturas.
1913 3081 2056 3135 aliud

2161 3085 2399 3143 ἑστῶσαι
2439 3086 2673 3151 πυλῶσι,
2720 3086 2944 3139 καὶτῶν
2974 3086 3132 3139 θείων
3174 3087 3408 3157 Γραφῶν
3445 3088 3738 3159 ἀκροῖῦμε-

477 3190 663 3235 autem
712 3179 1010 3232 triennium
1049 3179 1103 3231 iu
1157 3177 1371 3246 postica
1429 3173 1677 3229 ambonis
1722 3182 1872 3240 parte
1928 3174 2057 3228 sub-

485 3282 677 3329 stratte
725 3281 778 3327 et
836 3287 960 3326 cum
1004 3269 1423 3326 catechumenis
1476 3268 1839 3337 egredientes,
1888 3280 2057 3322 unum

482 3376 666 3421 autem
705 3381 907 3419 annum
942 3380 1067 3419 cum
1105 3364 1355 3417 ﬁdelibus
1394 3362 1790 3417 comenientes
1838 3370 1891 3416 et
1940 3378 2061 3432 pre.-

486 3460 767 3513 cationnm
804 3466 1013 3525 partem
1050 3457 1334 3512 habentes.
1372 3455 1444 3508 Et
1471 3455 1551 3510 sic
1588 3464 1708 3525 post
1738 3456 1904 3510 hosce
1936 3470 2030 3526 gra

484 3553 586 3603 dus
618 3550 954 3617 pet-fettione
990 3548 1168 3617 dignae
1197 3549 1492 3602 habentur.

1048 3718 1278 3774 CANON
1322 3718 1490 3775 XXII.

482 3836 503 3872 ι
537 3816 609 3873 De
638 3816 1025 3870 iuvoluntariis
1081 3816 1344 3876 caadibus,
1404 3815 1557 3884 prior
1588 3812 1810 3883 quidem
1855 3811 2061 3866 consti-

565 3929 583 3961 ι
622 3910 763 3963 tutio
789 3909 946 3977 jubet
976 3907 1031 3960 iu
1064 3909 1354 3977 septennia
1385 3922 1480 3977 per
1536 3906 1835 3975 praeﬁnitas
1857 3905 2060 3975 gradus

566 4020 585 4053 ι
622 4014 743 4054 csse
789 3999 1019 4069 perfecti
1059 3999 1356 4070 participes
1392 4016 1404 4051 :
1454 3997 1693 4057 secunda
1730 4010 1858 4052 vero
1895 3998 2060 4065 quin-

560 4109 580 4143 ι
619 4091 844 4161 quennii
876 4099 1091 4159 tempus
1126 4091 1373 4158 implere.
1415 4107 1432 4140 ι

555 4180 747 4235 BALS.
788 4179 1017 4250 Magnus
1054 4181 1295 4239 Basilius
1327 4180 1381 4233 in
1414 4195 1515 4234 suo
1545 4195 1755 4237 canone
1788 4193 1981 4235 oetavo
2007 4188 2061 4233 et

480 4273 543 4331 in
575 4272 809 4341 Septimo
844 4272 1311 4341 quinquagesimo
1351 4271 1526 4325 fusius
1562 4272 1627 4326 de
1654 4272 1979 4326 voluntariis
2008 4280 2061 4325 et

482 4363 875 4424 lnvoluntariis
908 4362 1153 4420 caedibus
1185 4360 1430 4416 disserit.
1466 4362 1544 4415 Tu
1581 4363 1750 4433 igitur
1787 4363 1911 4418 illos
1940 4378 2061 4433 per,-

485 4458 632 4526 loge,
665 4467 777 4510 tum
812 4456 1126 4509 accuratius
1156 4453 1359 4520 disces,
1393 4469 1641 4524 quamam
1680 4455 2061 4509 involuntarire

484 4548 597 4601 sint
631 4556 685 4599 et
722 4544 1044 4601 voluntaria:
1075 4547 1287 4609 credes;
1320 4554 1371 4599 et
1395 4547 1586 4613 quales
1616 4545 1830 4599 illarum
1863 4561 2061 4614 prensa.

485 4637 628 4708 Lege
653 4646 705 4691 ct
739 4654 858 4704 qua:
889 4654 915 4687 a
947 4638 1109 4691 nobis
1139 4636 1341 4703 scripta
1372 4646 1519 4702 sunt,
1547 4652 1671 4689 cum
1698 4650 1961 4692 canonem
1995 4638 2056 4691 91

482 4728 681 4801 synodi
716 4730 769 4783 in
807 4727 995 4781 Trullo
1024 4742 1446 4797 exponeremus.

552 4820 717 4895 399
751 4818 1001 4879 ΖοΝΑιι.
1057 4819 1155 4874 llic
1186 4820 1407 4889 quidem
1455 4834 1631 4874 canon
1685 4820 2046 4875 voluntariam

478 4917 684 4970 caulem
735 4915 1145 4969 cmnnmuionis
1212 4914 1519 4983 privatione
1568 4914 1783 4979 multat,
1828 4915 2060 4984 ejusque

484 5019 762 5065 auctorem
802 5014 1066 5075 perpetuo
1098 5018 1127 5058 a
1175 5015 1492 5061 sanctorum
1555 5008 1905 5075 perceptione
1964 5023 2058 5061 ex-

484 5107 660 5149 tremo
692 5106 817 5149 Vitae
842 5095 1073 5149 articulo
1104 5095 1372 5149 duntaXat
1406 5105 1629 5164 excepto
1662 5096 1837 5150 arceri
1879 5095 2055 5165 jubet,

484 5186 710 5259 Magnus
734 5204 861 5243 vero
901 5186 1133 5244 Basilius
1168 5202 1323 5244 sexto
1363 5198 1417 5242 et
1466 5190 1925 5259 quinquagesimo
1968 5207 2057 5246 ea.

484 5293 625 5333 none
657 5281 843 5351 viginti
894 5266 1165 5335 annorum
1217 5280 1449 5350 spatium
1498 5282 1548 5334 ei
1606 5281 1797 5336 sceleri
1856 5283 2057 5340 tuendo

483 5371 793 5438 constituit,
828 5373 990 5443 idque
1041 5373 1115 5426 ita
1146 5373 1443 5437 describit;
1479 5381 1537 5428 ut
1593 5383 1869 5430 auctorem
1924 5374 2060 5431 faci-

484 5464 638 5517 noris
695 5464 1059 5533 quadriennio
1122 5466 1327 5536 lugere,
1389 5467 1767 5535 quinquennio
1830 5467 2061 5530 audire,

487 5563 693 5623 septem
726 5556 885 5611 anuis
934 5558 1234 5623 substerni,
1288 5566 1343 5613 et
1386 5565 1626 5627 quatuor
1667 5558 1825 5613 anuis
1881 5558 2063 5613 subsi-

484 5654 633 5701 stere
656 5645 707 5698 in
735 5646 973 5701 ﬁdelium
1000 5658 1272 5703 conventu
1301 5649 1464 5717 velit;
1487 5650 1687 5720 quibus
1714 5650 2060 5718 postmodum

485 5737 719 5795 exactis.
754 5739 821 5791 ad
867 5752 1335 5797 sacramentorum
1372 5745 1811 5798 communionem
1864 5745 2064 5795 admit-

490 5826 686 5882 lendus
717 5829 806 5880 sit.

2160 3194 2281 3231 ναι·
2343 3177 2512 3248 ἄλλην
2544 3178 2600 3231 δὲ
2632 3181 2954 3249 τετραετίαν
3001 3179 3150 3243 ἐντὸς
3190 3179 3285 3232 τοῦ
3317 3180 3615 3249 περιϐόλου
3643 3182 3738 3251 τῆς

2161 3270 2462 3341 ἐκκλησίας
2496 3274 2555 3325 ὲν
2594 3271 2671 3341 τῷ
2697 3271 2930 3342 ὀπισθίῳ
2970 3272 3126 3342 μέρει
3160 3270 3254 3324 τοῦ
3289 3272 3551 3342 ἄμϐωνος
3606 3275 3738 3326 ὑπο-

2162 3362 2481 3428 πίπτουσαι,
2504 3363 2600 3416 καὶ
2621 3362 2759 3433 μετὰ
2782 3362 2892 3415 τῶν
2925 3365 3348 3435 κατηχουμένων
3370 3364 3734 3431 συνεξιοῦσαι,

2161 3453 2249 3506 ἐπὶ
2276 3452 2331 3507 δὲ
2362 3455 2609 3508 ἐνιαυτὸν
2646 3456 3038 3526 συνιστάμεναι
3076 3459 3188 3513 τοῖς
3224 3451 3463 3523 πιστοῖς,
3502 3457 3601 3509 καί
3625 3460 3733 3509 τῶν

2161 3545 2339 3617 εὐχῶν
2366 3546 2760 3602 κοινωνοῦσαν
2795 3549 2892 3601 καὶ
2915 3548 3059 3602 οὕτω
3107 3549 3245 3618 μετὰ
3297 3550 3422 3613 τοὺς
3490 3549 3737 3621 βαθμοὺς

2172 3636 2384 3701 τούτους
2414 3638 2513 3707 τῆς
2562 3638 2896 3701 τελειώσεως
2930 3640 3268 3709 ἀξιούμεναι.

2742 3737 2978 3791 ΚΔΝΩΝ
3014 3737 3141 3792 ΚΒ’.

2169 3843 2187 3876 ι
2226 3826 2362 3895 Περὶ
2391 3827 2664 3879 ἀκουσίων
2713 3829 2890 3897 φόνων
2952 3831 2979 3883 6
3034 3832 3133 3899 μὲν
3188 3833 3459 3902 πρότερος
3498 3835 3621 3902 ὅρος
3678 3836 3732 3887 έν

2238 3936 2257 3972 ι
2296 3919 2560 3989 έπταετίᾳ
2593 3918 2805 3975 κελεύει
2840 3921 2935 3975 τοῦ
2994 3923 3202 3975 τελείου
3245 3927 3542 3994 μετασχεῖν
3597 3927 3734 3979 κατὰ

2243 4028 2262 4062 ι
2297 4012 2423 4075 τοὺς
2456 4011 2799 4083 ὡρισμένους
2836 4012 3114 4084 βαθμούςο
3156 4014 3184 4066 6
3228 4015 3285 4067 δὲ
3337 4015 3589 4088 δεύτερος
3646 4019 3733 4073 τὸν

2242 4120 2260 4153 ι
2298 4104 2572 4177 πενταέτη
2604 4103 2793 4172 χρόνον
2816 4104 3129 4174 πληρῶσαι.
3176 4124 3197 4158 ι

2234 4194 2433 4251 ΒΛΛΣ.
2480 4195 2537 4248 '0
2574 4196 2747 4265 μέγας
2795 4195 3073 4262 Βασίλειος
3101 4199 3161 4257 έν
3190 4198 3270 4270 τῷ
3308 4206 3358 4270 η’
3401 4200 3589 4255 κανόνι
3642 4201 3736 4263 at}.

2162 4285 2258 4338 τοῦ
2305 4288 2397 4339 καὶ
2428 4288 2487 4339 ὲν
2510 4287 2589 4357 τῷ
2618 4289 2695 4351 νζν
2746 4287 3086 4367 πλατύτερον
3118 4292 3246 4362 περὶ
3271 4292 3453 4361 φόνων
3474 4296 3736 4359 ἑκουσίων

2094 4400 2134 4454 D
2165 4377 2259 4430 ttat
2293 4379 2566 4431 ἀκουσίων
2607 4378 2988 4450 διαλαμϐάνει.
3027 4381 3138 4435 Καὶ
3177 4383 3459 4451 ἀνάγνωθι
3493 4386 3735 4451 τούτους,

2164 4472 2258 4523 καὶ
2294 4469 2486 4540 μάθοις
2549 4470 2942 4543 ἀκριϐέστερον
2979 4473 3122 4527 ποῖοί
3158 4491 3216 4527 τε
3247 4476 3384 4537 εἰσὶν
3411 4479 3462 4531 οἱ
3493 4478 3737 4533 dinotatas

2165 4561 2339 4629 φόνοι,
2365 4565 2459 4615 καὶ
2490 4560 2610 4614 τίνα
2624 4562 2691 4614 τὰ
2715 4562 2854 4616 κατὰ
2882 4562 3088 4617 τούτων
3121 4565 3397 4635 ἐπιτίμια.
3439 4570 3735 4637 ’Δνάγνωθι

2164 4653 2257 4709 καὶ
2279 4651 2344 4705 τά
2362 4650 2662 4721 παρ’ὴμῶν
2689 4652 2968 4721 γραφέντα
2986 4655 3066 4715 είς
3084 4652 3181 4721 τὴν
3202 4655 3503 4726 ἑρμηνείαν
3536 4658 3632 4712 τοῦ
3654 4664 3737 4727 L_a'

2165 4743 2393 4804 κανόνος
2420 4743 2518 4809 τῆς
2550 4744 2606 4794 έν
2654 4742 2732 4813 τῷ
2766 4742 3018 4813 Τρούλλῳ
3068 4746 3310 4802 συνόδου.

2247 4838 2491 4891 ΖΩΝΑΡ.
2523 4833 2689 4900 Οὗτος
2722 4840 2818 4915 μὲν
2846 4841 2872 4891 6
2907 4839 3087 4892 κανὼν
3119 4842 3529 4913 ἁκοινωνησίας
3560 4847 3737 4900 ἐπιτι-

2166 4931 2275 5000 μίῳ
2331 4929 2551 4993 κολάζει
2608 4928 2698 4989 τὸν
2771 4928 3018 4984 ἑκούσιον
3076 4931 3259 5000 φόνον,
3295 4936 3369 5003 μὴ
3433 4940 3737 5007 συγχωρῶν

2168 5018 2415 5091 μετέχειν
2442 5020 2547 5070 τῶν
2580 5019 2937 5088 ἁγιασμάτων
2961 5024 3053 5075 τὸν
3083 5024 3341 5090 ἑκουσίως
3396 5034 3743 5096 φονειίσανῖι

2164 5114 2213 5164 εί
2249 5114 2323 5181 μὴ
2356 5115 2412 5165 ὲν
2444 5111 2521 5181 τῷ
2552 5112 2699 5166 τέλει
2727 5112 2825 5175 τοῦ
2876 5114 2993 5184 βίου
3018 5130 3031 5146 ⁸
3082 5117 3186 5171 ὸδὲ
3229 5121 3406 5187 μέγας
3455 5123 3740 5190 Βασίλειος

2167 5205 2224 5255 ὲν
2255 5203 2605 5274 πεντηκοστῷ
2644 5202 2788 5272 ἕκτῳ
2826 5207 3011 5258 κανόνι
3046 5208 3396 5265 είκοσαετίαν
3440 5216 3619 5285 ὁρίζει

2166 5293 2365 5362 τούτῳ,
2398 5290 2571 5356 οὕτως
2622 5293 2793 5363 αὐτὴν
2821 5293 3045 5364 διαιρῶν
3065 5312 3079 5326 ε
3116 5300 3471 5366 προσκλαίειν
3524 5308 3627 5374 μὲν
3658 5326 3742 5361 τε-

2165 5384 2445 5454 τραετίαν,
2475 5385 2779 5458 ἀκροᾶσθαι
2829 5385 2886 5441 δὲ
2930 5388 3093 5441 πέντε
3144 5390 3264 5461 ἔτη,
3303 5394 3644 5452 ὑποπίπτειν
3686 5401 3735 5452 δὲ

2167 5479 2345 5543 ἑπτά,
2401 5479 2497 5531 καὶ
2552 5477 2904 5532 συνίστασθαι
2958 5480 3069 5542 τοῖς
3127 5486 3341 5548 πιστοῖς
3396 5490 3493 5543 ἐπὶ
3548 5510 3734 5545 τετ;2-

2166 5569 2338 5635 ετίαν,
2400 5571 2495 5623 καὶ
2541 5569 2747 5624 τούτων
2802 5570 3258 5642 ἐκμετρουμένων
3321 5581 3584 5652 μετέχειν
3634 5550 3724 5639 τῶ·

2164 5661 2543 5732 ἁγιατμάτων.
