4014 6224
516 286 644 355 1191

590 416 609 449 ι
660 406 924 465 quuntnr,
948 395 1030 448 vel
1063 394 1115 448 in
1148 405 1277 447 suas
1303 388 1445 445 (edes
1471 387 1681 458 aliquos
1713 387 2084 448 introducunt,
2116 390 2159 445 Α

596 511 614 542 ‹
659 490 726 544 ad
764 488 1153 543 medicamenta
1206 496 1322 537 arte
1361 480 1709 544 invenienda,
1760 474 1851 533 ve?
1886 480 2087 533 lustra-

594 601 611 631 ι
656 582 874 643 tionem,
940 578 992 631 in
1045 574 1409 645 quinquennii
1475 588 1739 628 canonem
1821 572 2085 633 incidant,

590 694 608 726 ι
655 675 954 729 secundum
995 668 1195 739 gradus
1244 668 1535 729 deﬁnitos;
1588 675 1697 720 tres
1746 680 1915 719 annos
1956 666 2087 719 sub-

591 784 608 815 ι
656 763 959 826 strationis,
993 770 1047 817 et
1081 762 1213 820 duos
1244 774 1420 814 annos
1455 759 1716 813 oratiOnis
1764 758 1883 812 sine
1937 757 2090 812 obla-

590 877 607 906 ‹
655 856 821 908 tione.
868 873 886 907 ι

585 945 780 999 BALS.
822 944 1105 1008 Nonfsnlos
1138 945 1564 1014 przestigiatores
1595 952 1645 997 et
1678 952 1829 998 vates
1856 944 2087 1012 puniunt

514 1051 753 1090 canones
787 1075 799 1098 ,
836 1033 927 1087 sed
963 1043 1015 1087 ct
1054 1048 1147 1087 eos
1178 1035 1340 1085 etiam
1384 1034 1474 1102 qui
1524 1032 1630 1087 illis
1670 1040 1912 1085 utuntur.
1941 1030 2089 1097 Qun-

516 1129 658 1179 niaut
700 1140 828 1189 ergo
864 1125 1112 1177 nonnulli
1150 1131 1497 1193 aegrotantes,
1532 1132 1583 1177 et
1618 1123 1828 1176 artibus
1861 1122 2083 1191 magicis

516 1233 574 1269 se
620 1218 689 1269 ita
726 1216 863 1269 allici
891 1217 1297 1280 existimantes,
1356 1216 1438 1269 vel
1473 1216 1631 1269 etiam
1664 1208 1786 1268 cum
1823 1214 2084 1284 quasdam

517 1322 603 1358 res
658 1307 723 1356 ad
756 1322 813 1357 se
859 1306 1199 1371 pertinentes
1259 1306 1663 1374 perdidissent,
1720 1305 2089 1360 incantatores

517 1395 571 1449 in
613 1397 754 1449 mdes
813 1411 941 1450 suas
1010 1395 1383 1462 accersebant,
1442 1395 1532 1465 qui
1595 1396 1994 1465 pollicebantur
2030 1412 2089 1451 se

432 1486 433 1489 “
518 1496 663 1539 antes
702 1490 940 1555 magicas
965 1490 1300 1549 inventuros,
1334 1502 1397 1541 ex
1431 1486 1635 1555 quibus
1679 1487 1889 1541 scilicet
1915 1502 2091 1556 aegro-

518 1590 695 1634 tantes
735 1580 1155 1644 decumbebant,
1189 1588 1240 1633 et
1271 1592 1457 1632 eorum
1506 1577 1963 1653 abominationetu
1998 1593 2090 1631 ex-

514 1672 786 1741 piaturos;
829 1671 909 1725 vel
953 1671 1003 1725 id
1032 1672 1215 1738 etiam,
1252 1669 1398 1744 quod
1447 1656 1709 1723 amissum
1753 1676 1891 1732 erat,
1947 1668 2087 1721 indi-

515 1768 770 1824 caturos;
861 1760 951 1813 alii
1021 1775 1151 1813 vero
1222 1760 1517 1829 gentilibus
1602 1758 2090 1812 consuetudinibus

516 1858 753 1902 mentem
805 1850 1145 1915 adhibentes,
1206 1850 1273 1903 de
1339 1849 1591 1904 felicibus
1656 1858 1709 1903 et
1776 1849 2086 1907 infelicibus

515 1941 724 1993 eventis
758 1941 1165 2009 interrogabant
1198 1941 1503 2007 astrologos
1531 1940 1694 2011 400
1719 1950 1769 1993 et
1802 1941 1957 2001 alios,
1997 1940 2087 2009 qui

517 2029 853 2084 dmmoniaca
891 2046 1055 2099 opera
1100 2038 1373 2085 tractant:
1406 2040 1717 2085 statuerunt
1766 2031 1978 2095 Patres,
2033 2039 2091 2084 ut

519 2121 553 2175 ii
591 2122 967 2189 quinquennio
1009 2121 1483 2210 pmnas.dareut;
1529 2132 1589 2175 ut
1646 2123 1820 2177 tribus
1885 2123 2093 2178 scilicet

516 2215 676 2269 annis
704 2222 889 2267 essent
911 2213 1207 2280 substrati;
1237 2221 1290 2268 et
1319 2225 1504 2282 postea
1536 2214 1717 2268 divina.
1750 2223 2089 2269 sacramenta

484 2292 487 2295 Ἴ
519 2309 801 2379 percipere
833 2307 979 2375 digni
1012 2309 1475 2361 existimarentur.
1508 2305 1646 2375 Lege
1688 2307 1851 2361 etiam
1887 2306 1945 2361 (il
2002 2322 2092 2362 ca-

517 2411 712 2451 u0nem
755 2411 878 2467 syn.
940 2397 991 2449 in
1033 2396 1240 2461 Trullo,
1303 2407 1356 2451 et
1413 2413 1534 2466 quae
1598 2398 1650 2451 in
1712 2414 1834 2452 eum
1890 2399 2090 2469 scripta

518 2496 684 2553 sunt;
723 2498 776 2542 et
815 2488 885 2543 83
916 2502 1182 2543 canonem
1230 2490 1403 2544 sancti
1437 2488 1644 2554 Basilii,
1692 2503 1784 2543 eos
1832 2490 2094 2545 sexennio

516 2580 853 2650 punientem.
914 2582 1192 2635 Memento
1242 2588 1460 2647 autem,
1524 2596 1620 2637 eos
1688 2581 1850 2636 etiam
1900 2582 2091 2637 iisdem

518 2671 696 2738 poenis
729 2671 1123 2740 subjiciendus,
1157 2672 1248 2743 qui
1281 2672 1739 2727 ineantatricibus
1779 2682 1834 2726 et
1863 2672 2090 2739 critriis,

518 2769 572 2812 cl
604 2759 690 2819 iis.
720 2775 839 2832 qmc
871 2777 993 2815 cum
1038 2762 1242 2817 hordeo
1271 2762 1541 2829 divinant,
1602 2761 1758 2816 ﬁdem
1808 2762 2088 2816 adhibent.

592 2939 845 2995 ZONAR.
888 2942 1176 2997 Vaticiniis
1230 2944 1307 2998 uti
1353 2943 1726 2999 Christianum
1789 2942 2089 3011 hominem,

1786 281 1885 339 ΤΠ
1896 277 2062 338 ΕΟΙ).
2110 273 2507 337 BALSAMON

3631 264 3763 331 1192

2266 401 2284 435 ι
2328 382 2496 434 ἐθνῶν
2526 378 3072 443 κατακολουθοῦντες,
3108 379 3141 450 ἥ
3169 376 3479 448 είσάγοντές
3503 393 3662 439 τινας
3694 380 3768 436 ε’ς

2266 493 2283 527 ι
2330 476 2455 536 τοὺς
2486 473 2695 525 ἑαυτῶν
2717 472 2898 534 οῐκους
2927 472 3023 524 ἐπὶ
3053 471 3341 541 ἀνευρέσει
3374 469 3763 539 φαρμακειῶν,

2264 583 2282 616 ι
2330 567 2360 633 ἢ
2397 564 2491 616 καλ⁸
2538 563 2827 632 καθάρσει,
2871 562 2976 615 ὑπὸ
3017 561 3112 614 τὸν
3165 562 3366 613 κανόνα
3411 561 3766 612 πιπτέτωσαν

2262 675 2281 709 ι
2326 657 2425 725 τῆς
2450 656 2772 717 πενταετίας
2801 655 2945 708 κατά
2967 655 3094 715 τοὺς
3134 653 3378 722 βαθμοὺς
3424 651 3766 723 ὡρισμένους

2265 769 2283 802 ι
2326 750 2453 820 τρία
2484 748 2576 818 ἔτη
2608 748 3000 809 ὑποπτῶσεως,
3024 744 3234 798 καὶδύο
3263 744 3356 813 ἔτη
3384 745 3575 813 εὐχῆς,
3597 742 3767 813 χωρὶς

2263 862 2280 895 ι
2328 842 2660 913 προσφορᾶς.
2705 858 2722 892 ι

2259 933 2336 986 Οὐ
2374 932 2569 1005 μόνους
2611 930 2738 993 τοὺς
2776 933 2983 1001 γόητας
3026 930 3121 985 καὶ
3143 928 3273 991 τοὺς
3331 929 3554 997 μάντεις
3612 926 3769 978 κολά-

2192 1025 2374 1088 ζουσιν
2399 1024 2447 1076 οἱ
2479 1023 2725 1085 κανόνες,
2754 1022 2890 1074 ἀλλά
2922 1023 3013 1074 καὶ
3043 1021 3170 1082 τοὺς
3202 1019 3524 1089 χρωμένους
3556 1018 3764 1080 αὐτοῖς.

2204 1116 2357 1167 Ἐπεὶ
2382 1113 2473 1165 οὖν
2503 1130 2646 1176 τινες
2683 1111 3124 1181 νοσηλευόμενοι,
3166 1110 3261 1162 καὶ
3292 1107 3612 1177 νομίζοντες
3664 1107 3763 1160 ἀπὸ

2190 1208 2551 1279 φαρμακειῶν
2583 1207 2836 1275 πάσχειν,
2870 1205 2903 1273 ἥ
2940 1206 3036 1257 καὶ
3072 1202 3445 1264 ἀπολέσαντες
3483 1218 3611 1253 τινα
3660 1200 3762 1252 τῶν

2192 1300 2503 1371 προσόντων
2564 1300 2770 1363 αὐτοῖς,
2806 1298 3205 1369 μετεκαλοῢντο
3245 1297 3451 1365 γόητας
3508 1298 3589 1355 είς
3649 1298 3764 1358 τοὺς

2192 1394 2373 1454 οἴκους
2410 1390 2613 1455 αὐτῶν,
2648 1381 2904 1459 ἐφευρεῖν
2934 1387 3444 1457 ἐπαγγελλομένους
3492 1387 3550 1437 ἐν
3587 1387 3763 1448 αὐτοῖς

2188 1483 2287 1546 τὰς
2330 1482 2586 1552 μαγείας,
2620 1480 2679 1547 ἐξ
2726 1475 2801 1534 ὧν
2847 1480 3007 1550 δῆθεν
3062 1479 3468 1546 κατεκλίθησαν
3519 1479 3570 1531 οί
3614 1496 3759 1547 vostr

2188 1576 2492 1646 λευόμενοι,
2524 1576 2618 1629 καὶ
2644 1576 2880 1645 καθᾶραι
2912 1574 2972 1626 τὸ
3002 1573 3106 1627 ἀπὸ
3136 1572 3345 1625 τούτων
3372 1570 3570 1639 μῦσος,
3605 1572 3639 1642 ἥ
3673 1576 3758 1623 καὶ

2189 1668 2249 1721 τὸ
2291 1666 2594 1721 ἀπολεσθέν
2651 1664 3076 1737 καταμηνύσειν
3129 1664 3283 1717 ἄλλοι
3328 1663 3383 1725 δὲ
3456 1663 3757 1731 συνηθείαις

2193 1758 2434 1820 ἐθνικαῖς
2492 1757 2851 1827 προσέχοντες
2904 1756 3049 1825 περὶ⁸
3082 1756 3480 1825 εὐτυχημάτων
3520 1756 3614 1807 καὶ
3640 1756 3751 1811 δυσ-

2190 1851 2526 1925 τυχημάτων)
2564 1852 2865 1921 ἐρωτήσεις
2925 1848 3218 1903 ἐποιοῦντο
3264 1848 3371 1902 ἀπὸ
3408 1849 3744 1918 ἀστρολόγων

2192 1945 2286 1997 καὶ
2334 1944 2532 2010 ἐτέρων
2604 1940 2950 2012 δαιμωνιώδη
3002 1940 3538 2011 μεταχειριζομένων
3583 1940 3739 2009 ἕρμ’

2192 2035 2402 2106 ὥρισαν
2443 2034 2491 2085 οἱ
2542 2032 2783 2102 Ιίατέρες
2827 2032 2919 2085 ἐπὶ
2957 2031 3283 2083 πενταετίαν
3318 2031 3541 2094 τούτους
3580 2032 3733 2081 ἐπιτι-

2197 2126 2423 2197 μᾶσθαι,
2453 2126 2619 2196 ἤγουν
2646 2125 2740 2177 ἐπὶ
2770 2124 2872 2192 μὲν
2897 2122 3077 2191 τρισὶν
3105 2124 3283 2176 ἐτεσιν
3325 2125 3657 2184 ὑποπίπτειν,
3684 2124 3733 2175 ἐν

2192 2218 2247 2271 δέ
2274 2218 2423 2270 δυσὶν
2450 2216 2701 2285 εῠχεσθαι
2738 2215 2877 2287 μετά
2908 2216 3016 2268 τῶν
3046 2215 3276 2279 πιστῶν,
3299 2216 3392 2267 καὶ
3427 2217 3564 2285 μετά
3584 2216 3742 2268 ταῦτα

2194 2306 2477 2374 ἀξιοῦσθαι
2516 2308 2626 2359 τῶν
2674 2306 2834 2359 θείων
2884 2307 3268 2375 ἀγιασμάτων.
3313 2307 3616 2375 Ἀνάγνωθι
3664 2306 3744 2359 καὶ

2193 2399 2284 2450 τὸν
2321 2398 2402 2464 ξα¹
2430 2397 2631 2450 κανόνα
2653 2398 2752 2467 τῆς
2784 2397 2840 2449 ἐν
2869 2396 2946 2466 τῷ
2975 2396 3235 2467 Τρούλλῳ
3284 2398 3538 2462 συνόδου,
3569 2398 3656 2449 καί
3688 2397 3743 2452 τὰ

2195 2492 2254 2543 ἐν
2289 2490 2436 2559 αὐτῷ
2471 2489 2777 2560 γραφέντα,
2833 2490 2928 2543 καὶ
2958 2488 3049 2541 τδν
3080 2496 3170 2557 πγ¹
3216 2490 3418 2555 κανόνα
3470 2490 3562 2543 τοῦ
3609 2492 3743 2557 ἀγίου

2196 2580 2478 2634 Βασιλείου
2537 2581 2630 2633 ἐπὶ
2684 2578 2935 2647 ἑξαετίαν
2985 2581 3326 2647 ἐπιτιμῶντα
3360 2582 3607 2645 τούτους.
3638 2583 3743 2651 Ἕχε

2196 2671 2251 2725 δέ
2286 2674 2376 2727 ἐπὶ
2428 2674 2650 2743 μνήμης
2698 2673 2781 2726 ὅτι
2816 2676 2927 2737 τοῖς
2959 2674 3143 2737 αὐτοῖς
3193 2676 3499 2743 ἐπιτιμίοις
3533 2675 3744 2728 ὑποϐαλ-

2193 2760 2380 2816 λονται
2411 2764 2504 2816 καὶ
2534 2765 2583 2816 οἱ
2609 2766 3042 2835 προσερχόμενοι
3070 2767 3454 2837 γοητευτρίαις
3501 2768 3593 2819 καὶ
3640 2784 3745 2837 κρι-

2195 2852 2375 2923 τρίαις
2398 2852 2493 2906 καὶ
2517 2856 2635 2915 ταῖς
2660 2855 2797 2923 μετὰ
2828 2854 3034 2923 κριθῶν
3068 2856 3518 2925 μαντευομέναις.

2274 2943 2518 2998 ΖΩΝΑΡ.
2584 2944 2657 2996 Τὸ
2722 2944 3031 3013 κεχρῆσθαι
3086 2944 3437 3019 μαντεύμασι
3500 2964 3592 3000 και
3644 2948 3749 3010 ταῖς

521 3033 864 3087 ethnicorum
921 3043 973 3089 et
1020 3035 1339 3089 Graecorum
1397 3035 1820 3092 consuetudines
1869 3036 2088 3102 sectari,

2197 3034 2438 3098 ἐθνικαῖς
2485 3034 2517 3105 ἦ
2561 3036 2654 3087 καὶ
2698 3032 3039 3106 Ἑλληνικαῖς
3081 3037 3397 3097 ἀκολουθεῖν
3451 3039 3746 3110 συνηθείαις

523 3134 684 3193 atque
720 3124 784 3177 ad
816 3127 942 3179 mali
975 3127 1253 3196 pharmaci
1303 3126 1629 3197 mtjuspiam,
1674 3128 1777 3182 hoc
1813 3137 1895 3182 est
1932 3144 2095 3184 vene-

527 3216 633 3268 ticii
689 3217 1058 3272 inventionem
1122 3219 1547 3289 przesligiatores
1607 3219 1892 3273 admittere
1946 3217 2091 3289 (qui-

527 3310 755 3363 lusdam
793 3309 929 3363 forte
962 3311 1015 3363 in
1048 3325 1108 3364 ea
1143 3325 1201 3365 re
1249 3320 1375 3365 tunc
1420 3311 1646 3365 nimium
1695 3309 1971 3380 curiosis),
2009 3310 2093 3365 vel

511 3416 622 3487 ‘eos
656 3400 719 3454 ad
758 3403 993 3456 remedia
1027 3404 1305 3459 veneﬁciis
1352 3404 1640 3473 quaerenda
1687 3403 1944 3458 adhibere
2003 3403 2093 3459 hic

527 3508 699 3545 canon
741 3502 884 3546 vetat
919 3511 931 3545 :
972 3493 1174 3563 quique
1230 3493 1295 3547 iis
1327 3495 1412 3547 usi
1457 3494 1681 3559 fuerint,
1737 3492 2092 3562 quinquennii

528 3601 741 3654 manant
781 3586 1107 3653 persolvere,
1147 3600 1208 3649 ac
1250 3586 1424 3638 tribus
1468 3586 1684 3652 quidem
1743 3585 1905 3641 anuis
1964 3587 2096 3640 sub-

527 3677 721 3736 saerul.
775 3677 986 3730 duobus
1034 3676 1087 3730 in
1147 3684 1417 3729 conventu
1485 3674 1721 3737 fidelium
1779 3674 2095 3741 consismre,

531 3766 939 3835 precatiouique
1000 3766 1161 3821 simul
1222 3780 1453 3828 vacare,
1532 3766 1905 3836 quinquennio
1970 3781 2098 3821 vero

525 3859 739 3927 expleto
777 3858 841 3912 ad
901 3858 1034 3912 Boni
1081 3866 1337 3927 prmterea
1390 3858 1826 3911 communionem
1886 3857 2096 3912 admitti

519 3950 694 4019 jubet.
760 3948 982 4020 Magnus
1060 3965 1190 4003 vero
1249 3948 1479 4003 Basilius
1553 3948 1879 4018 octogesimo
1942 3950 2099 4003 tertio

523 4058 752 4104 canone,
781 4041 1048 4109 ejusmodi
1085 4040 1330 4097 homines
1370 4039 1615 4096 sexennii
1663 4055 1823 4112 poena
1864 4042 2098 4118 punien-

524 4132 623 4185 dos
660 4148 780 4186 esse
816 4133 1075 4187 decernit.
1916 4164 1939 4177 ρ

525 4221 752 4277 AltlST.
789 4244 807 4275 ι
852 4225 953 4289 Qui
986 4224 1263 4279 vaticiniis
1316 4224 1511 4290 utitur,
1562 4234 1615 4281 et
1653 4226 1746 4296 qui
1793 4227 2096 4297 quempiam

606 4336 623 4366 ι
666 4317 718 4368 in
750 4315 969 4370 domum
1004 4316 1247 4371 veneﬁcii
1267 4318 1611 4385 exquirendi,
1641 4326 1732 4371 aut
1760 4318 2094 4375 lustrationis

607 4426 623 4456 ι
664 4421 826 4461 causa
862 4407 1181 4474 introducit,
1214 4408 1590 4477 quinquennio
1618 4408 1918 4477 subjaceat.
1964 4427 1981 4459 ι

598 4497 701 4562 Qui
733 4498 947 4552 vatibus
985 4508 1077 4552 aut
1106 4498 1559 4564 incautatoribus,
1608 4508 1702 4553 aut
1734 4500 2097 4553 amuletorum

525 4592 933 4659 praebitoribus,
978 4593 1062 4647 vel
1094 4592 1217 4646 aliis
1262 4591 1573 4647 istiusmodi
1625 4592 1865 4662 seipsum
1913 4592 2095 4655 tradit,

526 4692 585 4737 ut
621 4682 928 4737 revelentur
960 4697 1079 4750 quze
1114 4682 1167 4735 in
1201 4682 1476 4736 desiderio
1504 4682 1689 4745 habet,
1729 4683 1811 4737 vel
1858 4698 1954 4751 per
1984 4698 2098 4738 me-

526 4778 830 4830 dicamenta
864 4773 1063 4826 malum
1112 4774 1251 4828 male
1301 4782 1481 4839 sanat,
1510 4774 1804 4829 triennium
1857 4775 2101 4831 subster-

526 4875 708 4931 netur,
774 4874 826 4920 et
884 4863 1163 4919 biennium
1229 4879 1353 4919 cum
1411 4864 1661 4920 ﬁdelibus
1717 4866 2000 4932 consistet,
2046 4875 2101 4922 et

524 4971 752 5027 precum
789 4957 1030 5011 solarum
1067 4956 1342 5025 particeps
1372 4957 1496 5019 erit,
1546 4966 1598 5011 et
1651 4957 1731 5011 sic
1775 4966 1892 5027 post
1938 4956 2099 5026 quin-

529 5050 823 5116 quennium
877 5050 943 5103 de
990 5048 1263 5102 oblatione
1306 5047 1673 5118 participabit.
1714 5048 1782 5100 At
1827 5050 2102 5118 sexagesi-

532 5155 653 5197 mus
688 5144 897 5214 primus
928 5152 1096 5197 sexta:
1130 5141 1321 5212 synodi
1359 5141 1413 5197 in
1450 5139 1635 5198 Trullo
1670 5155 1846 5194 canon
1880 5142 2039 5196 talem
2068 5156 2095 5195 a

535 5237 911 5291 communione
940 5251 1029 5290 sex
1061 5249 1235 5289 annos
1267 5232 1563 5288 arcendum
1602 5232 1812 5287 sfatuit.

1086 5410 1317 5467 CANON
1370 5409 1534 5465 XXV.

538 5525 555 5558 ι
604 5508 852 5575 Quidam,
890 5508 976 5561 eui
1010 5517 1129 5560 erat
1161 5507 1434 5576 desponsa
1472 5505 1670 5575 puella,
1707 5518 1949 5560 sororem
1982 5504 2098 5574 ejus

606 5618 623 5649 ‹
667 5600 898 5666 vitiavit,
935 5599 1005 5652 ita
1034 5606 1091 5653 ut
1122 5614 1184 5653 ea
1228 5599 1395 5653 etiam
1446 5599 1781 5667 conciperet.
1834 5596 2097 5666 Sponsam

606 5710 624 5743 ι
669 5700 847 5745 autem
903 5699 1088 5761 postea
1136 5705 1361 5746 uxorem
1409 5691 1565 5746 duxit
1610 5708 1623 5746 :
1676 5704 1735 5746 ea
1771 5696 1951 5745 autem
2005 5687 2096 5742 cui

2192 3127 2320 3190 τοὺς
2367 3126 2749 3193 Χριστιανοὺς,
2807 3127 2903 3179 καὶ
2962 3127 3165 3197 γέητας
3217 3128 3617 3198 προσδέχεσθαι
3670 3131 3748 3182 ἐπὶ

2195 3218 2478 3288 ἀνευρέσει
2512 3217 2865 3289 φαρκακειῶν
2896 3218 3015 3288 ἤτοι
3047 3219 3295 3288 μαγειῶν
3324 3219 3397 3281 ὡς
3429 3222 3573 3291 τάχα
3612 3222 3746 3290 παρά

2194 3326 2357 3363 τινων
2414 3309 2998 3380 περιεργασθέντας,ἢ
3055 3310 3147 3362 ἐπὶ
3195 3311 3465 3381 καθάρσει
3510 3313 3614 3365 τῶν
3640 3329 3749 3381 γοη-

2194 3402 2354 3455 τειῶν
2384 3402 2814 3472 προσκαλεῖσθαι
2842 3402 3061 3467 αὐτοὺς,
3084 3404 3483 3474 ἀπηγόρευται,
3520 3408 3612 3460 καὶ
3640 3408 3745 3467 τοὺς

2196 3492 2404 3555 τούτοις
2429 3492 2745 3562 χρωμένους
2788 3495 2815 3546 ὁ
2848 3493 3029 3547 κανὼν
3062 3494 3166 3547 ὑπὸ
3192 3497 3477 3565 ἐπιτίμιον
3524 3501 3742 3550 ποιεῖται

2198 3588 2545 3651 πενταετίας,
2572 3587 2647 3648 ὡς
2692 3586 2818 3656 τρία
2863 3586 2958 3655 ἔτη
3011 3586 3365 3653 ὑποπίπτειν,
3400 3590 3498 3643 καὶ
3531 3590 3621 3643 δύο
3667 3592 3748 3661 ἐτη

2200 3675 2556 3745 συνεύχεσθαι
2603 3678 2715 3738 τοῖς
2750 3678 2962 3739 πιστοῖς
2984 3691 2997 3704 ·
3033 3676 3175 3744 μετά
3204 3676 3261 3728 δὲ
3305 3678 3407 3748 τὴν
3451 3679 3750 3733 πενταετίαν

2197 3765 2477 3831 ἀξιοῦνται
2513 3767 2609 3827 καὶ
2645 3766 2746 3837 τῆς
2792 3766 2883 3820 τοῦ
2929 3767 3157 3835 Ἀγαθοῦ
3204 3769 3587 3839 μεταλήψεως.
3628 3770 3681 3823 ’0
3706 3770 3750 3823 ἃ

2202 3859 2372 3927 μέγας
2408 3858 2683 3922 Βασίλειος
2729 3860 2785 3912 ἐν
2822 3858 3163 3929 ὀγδοηκοστῷ
3192 3860 3364 3930 τρίτῳ
3395 3863 3591 3917 κανόνι
3620 3862 3749 3928 ἐξαε-

2198 3950 2321 4013 τίας
2352 3950 2616 4025 ἐπιτιμίῳ
2646 3951 2772 4014 τοὺς
2802 3938 3353 4017 τοιούτους’κολάζει.

2197 4207 2419 4269 ΑΡΙΣΤ.
2487 4226 2505 4262 ι
2570 4208 2629 4261 '0
2672 4209 3246 4277 καταμαντευόμενος,
3299 4211 3398 4263 καὶ
3448 4212 3479 4263 ὁ
3542 4212 3755 4279 εἰσάγων

2278 4318 2296 4351 ι
2342 4298 2465 4351 τινὰ
2494 4300 2552 4352 ἐν
2583 4299 2659 4369 τῷ
2702 4302 2835 4369 οῖκῳ
2868 4300 2961 4353 ἐπὶ
2993 4302 3277 4371 ἀνευρέσει
3308 4305 3698 4373 φαρμακειῶν,
3728 4303 3754 4371 ἢ

2272 4412 2291 4443 ί
2339 4392 2624 4461 καθάρσει,
2661 4392 2984 4446 πενταετίαν
3010 4392 3388 4446 ὑποπιπτέτω.
3435 4414 3457 4446 ι

2292 4482 2352 4537 '0
2399 4482 2739 4553 μάντεσιν,ἢ
2789 4485 3130 4553 γοητευταῖς,
3171 4482 3203 4553 ἢ
3254 4484 3679 4555 φυλακτηρίοις,
3729 4484 3756 4554 ἢ

2200 4578 2410 4645 ἑτέροις
2458 4576 2573 4628 τισὶ
2620 4574 2882 4637 τοιούτοις
2929 4575 3123 4635 ἑαυτὸν
3180 4576 3530 4644 ἐκδεδωκὼς,
3561 4581 3652 4632 ἐπὶ
3696 4577 3757 4646 τῷ

2200 4667 2613 4736 ἐκκαλυφθῆναι
2662 4666 2697 4720 ἃ
2746 4665 2813 4717 δι’
2845 4666 3143 4736 ἐπιθυμίας
3175 4666 3312 4735 ἔχει,
3346 4668 3378 4739 ἢ
3414 4670 3513 4721 ἐπὶ
3561 4686 3760 4739 99.99.:-

2200 4764 2357 4825 κείας
2388 4760 2545 4831 κακῴ
2592 4760 2653 4812 τὸ
2699 4758 2866 4814 κακὸν
2917 4758 3314 4835 ίώμενοςηέπὶ
3352 4764 3608 4830 τριετίαν
3648 4763 3760 4813 ὑπο-

2200 4854 2471 4917 πεσεῖται,
2504 4852 2599 4905 καὶ
2631 4853 2720 4904 ἐπὶ
2751 4851 2955 4904 διετίαν
3008 4852 3342 4921 συστήσεται
3371 4857 3497 4915 τοῖς
3540 4855 3755 4914 πιστοῖς,

2202 4948 2294 4997 καὶ
2343 4944 2518 5014 μόνων
2556 4943 2664 4997 τῶν
2711 4944 2884 5012 εὐχῶν
2915 4944 3243 5013 κοινωνήσει
3268 4959 3283 4975 θ
3333 4946 3431 4995 καὶ
3461 4945 3614 4997 οὕτω
3642 4942 3760 5012 μετὰ

2199 5036 2301 5108 τὴν
2341 5035 2663 5089 πενταετίαν
2712 5034 2929 5105 μεθέξει
2973 5034 3072 5105 τῆς
3116 5036 3463 5104 προσφορᾶς.
3513 5036 3576 5088 Ὀ
3619 5036 3671 5088 δὲ
3697 5030 3760 5096 ξδ’

2200 5127 2380 5183 κανὼν
2448 5127 2547 5199 τῆς
2614 5128 2671 5180 ἐν
2729 5128 2805 5197 τῷ
2862 5126 3117 5195 Τρούλλῳ
3173 5126 3337 5195 ἕκτης
3398 5129 3632 5182 συνόδου
3686 5127 3761 5178 ἐπὶ

2202 5219 2450 5285 ἑξαετίαν
2495 5219 2663 5289 ὁρίζει
2693 5216 2783 5271 τὸν
2817 5218 3058 5271 τοιοῦτον
3087 5217 3186 5286 τῆς
3255 5219 3556 5282 κοινωνίας
3586 5218 3758 5285 ἀπαίρ-

2200 5314 2413 5383 γεσθαι.

2691 5402 2695 5407 ⁷
2774 5401 3011 5456 ΚΑΝΩΝ
3042 5397 3167 5452 KE'.

2211 5518 2226 5549 ι
2269 5496 2761 5567 Μνηστευσάμενός
2792 5512 2873 5557 τις
2904 5495 3094 5564 κόρην,
3130 5485 3499 5561 πῳσεφθάρη
3534 5495 3601 5562 τῇ
3632 5489 3745 5544 ἀδά-

2282 5610 2300 5643 t
2348 5594 2418 5659 φῇ
2456 5590 2645 5658 αὐτῆς,
2674 5589 2748 5649 ὡς
2806 5587 2899 5640 καὶ
2958 5583 3297 5654 ἐπιφορήσαι
3353 5584 3561 5651 αὐτὴν,
3608 5585 3741 5649 ἔγημε

2277 5702 2295 5736 ι
2338 5682 2520 5755 δὲτὴν
2565 5681 2806 5752 μνηστὴν
2853 5677 2989 5747 μετά
3040 5677 3253 5731 ταῦτα’
3294 5677 3329 5745 ἡ
3374 5674 3436 5729 δὲ
3496 5675 3745 5745 φθαρεῖσα
