4014 6224
233 264 375 332 1193

298 490 315 521 ι
360 472 549 540 καετία
570 471 820 541 δεχθῆναι
854 473 931 534 είς
964 472 1089 534 τοὺς
1121 472 1465 538 συνεστῶτας
1498 476 1642 528 κατὰ
1671 477 1796 539 τοὺς

304 580 320 610 ι
366 562 703 632 ὡρισμένους
738 564 1000 633 βαθμούς.
1029 583 1048 616 ι

310 651 507 707 ΒΑΛΣ.
550 655 683 706 Ἀπὸ
705 655 915 721 φάκτου
951 656 1095 719 τινος
1129 658 1180 710 οὶ
1218 658 1461 728 Πατέρες
1490 658 1796 731 παρεκινή-

225 747 400 815 θησαν
428 748 517 798 τὸν
549 747 792 817 παρόντα
841 751 1042 803 κανόνα
1073 750 1354 805 ἐκθέσθαι.
1397 751 1793 821 Προσηγγέλθη

150 876 152 879 ι
227 840 333 905 γὰρ
365 841 549 902 αὐτοῖς
575 842 657 893 ὅτι
694 840 983 913 ἄνθρωπός
1033 860 1140 905 τις,
1195 846 1675 915 μνηστευσάμενος
1706 844 1796 895 κό-

224 948 348 1000 ρην,
391 933 707 1003 συνεφθάρη
752 934 891 1004 μετὰ
942 934 1043 1003 τῆς
1083 936 1319 1005 ἀδελφῆς
1354 936 1548 1002 αὐτῆς.
1587 937 1663 998 ὡς
1700 939 1795 990 καὶ

222 1019 365 1075 κατά
410 1026 650 1095 γαστέρα
699 1029 905 1097 ταύτην
946 1030 1010 1080 ἐκ
1042 1028 1232 1081 τούτου
1276 1028 1562 1081 συλλαϐεῖν
1614 1028 1794 1097 (τοῦτο

219 1118 331 1185 γάρ
360 1116 480 1169 ἑστι
513 1121 572 1170 τὸ
596 1118 972 1189 ὲπιφορῆσαι),
1004 1121 1095 1171 καὶ
1140 1122 1276 1187 μετὰ
1322 1120 1479 1172 τοῦτο
1514 1120 1656 1171 κατὰ
1689 1121 1790 1186 γά-

224 1227 327 1277 μου
360 1213 648 1263 κοινωνίαν
680 1209 1031 1279 συνηρμόσθη
1054 1212 1119 1279 τῇ
1152 1210 1329 1279 οἰκείᾳ
1366 1213 1598 1279 μνηστῇ.
1635 1210 1699 1261 'H
1737 1210 1792 1261 δὲ

219 1300 531 1370 αύταδέλφη
582 1302 787 1369 ταύτης
821 1303 920 1354 σὺν
970 1302 1048 1368 τῷ
1096 1302 1456 1371 ἁμαρτήματι
1488 1302 1587 1370 τῆς
1631 1303 1793 1371 αἱμο-

223 1392 407 1459 μιξίας
435 1393 723 1462 ἐφόνευσεν
751 1393 973 1462 ἑαυτήν.
1012 1393 1242 1462 Ὣρισαν
1273 1391 1365 1445 οὖν
1397 1392 1520 1455 τοὺς
1553 1394 1792 1446 συνειδό-

218 1501 320 1545 τας
346 1483 515 1535 ταῦτα
558 1487 627 1536 τὰ
656 1484 823 1541 κακὰ.
857 1484 992 1552 μετὰ
1021 1482 1305 1536 δεκαετίαν
1347 1485 1666 1550 ὀφείλουσαν
1706 1485 1795 1537 διὰ

218 1576 329 1626 τῶν
363 1576 612 1646 συνήθων
665 1575 894 1645 βαθμῶν
944 1574 1259 1646 παρελθεῖν,
1293 1576 1548 1645 δεχθῆναι
1582 1578 1660 1638 εἰς
1693 1576 1793 1646 τὴν

219 1668 362 1737 μετὰ
394 1669 498 1720 τῶν
530 1668 739 1721 πιστῶν
770 1669 957 1738 εὐχήν.
998 1668 1090 1737 Μὴ
1120 1668 1419 1737 ἐναντιωθῇ
1453 1669 1510 1721 δέ
1542 1687 1625 1721 σοι
1651 1673 1788 1737 πρὸς

213 1762 389 1814 ταῦτα
416 1765 441 1814 ὁ
466 1762 547 1834 οη¹
571 1761 750 1816 κανὼν
776 1761 870 1815 τοῦ
901 1762 1057 1830 ἁγίου
1082 1763 1384 1826 Βασιλείου,
1418 1763 1786 1832 διοριζόμενος

216 1856 357 1925 μετὰ
383 1857 523 1908 ἑπτὰ
560 1856 783 1926 χρόνους
826 1855 1110 1919 ἀξιοῦσθαι
1161 1856 1270 1907 τῶν
1307 1856 1465 1909 θείων
1510 1857 1784 1924 ἁγιασμάο

210 1963 319 1996 των
367 1947 461 1997 τὸν
509 1942 959 2015 συναρμοσθέντα
1003 1944 1145 1997 κατὰ
1194 1945 1361 2011 νόμον
1408 1946 1586 2016 γάμου
1634 1946 1787 1997 δυσὶν

207 2037 470 2104 dash-gari;
497 2053 511 2067 ·
551 2037 787 2089 ἐνταῦθα
827 2038 936 2107 γὰρ
966 2038 1136 2090 πολλὰ
1165 2038 1545 2107 ἐτολμήθησαν
1578 2038 1781 2102 ἄτοπα,

210 2130 459 2198 πορνεία,
487 2129 896 2200 άθεμιτογαμία
940 2130 1033 2181 καὶ
1078 2130 1238 2197 φόνος
1269 2146 1282 2159 ·
1317 2132 1497 2181 ἐκεῖσε
1541 2130 1599 2181 δὲ
1647 2132 1782 2199 μόνη

208 2222 643 2290 ἁθεμιτογαμία.
707 2221 817 2273 Καὶ
869 2221 956 2273 διὰ
1017 2219 1176 2273 τοῦτο
1219 2219 1518 2288 βαρύτερον
1570 2221 1782 2291 ὡρίσθη

210 2307 315 2365 ὧδε
352 2311 413 2362 τὸ
448 2311 747 2379 ἐπιτίμιον.
788 2312 1089 2381 Ἐρωτήσει
1125 2312 1181 2364 δέ
1206 2329 1309 2374 τις,
1335 2312 1432 2362 Διὰ
1485 2312 1535 2363 τί
1584 2312 1785 2381 ὁμοίως

210 2405 576 2473 ἑπιτιμῶνται
624 2406 737 2466 τοῖς
787 2405 1112 2471 αὐτουργοῖς
1157 2406 1251 2456 καὶ
1304 2406 1351 2456 οἱ
1430 2404 1779 2469 συνειδότες;

210 2497 429 2561 Λύσις.
468 2496 594 2548 Ἐπὶ
639 2496 747 2547 τῶν
786 2494 1059 2564 ἀθεμίτων
1105 2495 1298 2563 γάμων
1352 2494 1512 2548 πλέον
1557 2493 1784 2563 ὤφειλον

209 2586 569 2656 ἐπιτιμᾶσθαι
603 2588 651 2638 οἱ
683 2587 988 2648 συνειδότες
1034 2585 1186 2654 παρὰ
1234 2586 1363 2647 τοὺς
1414 2585 1776 2655 αὐτουργούς.

208 2680 450 2741 Τούτους
484 2679 593 2747 γὰρ
643 2678 905 2740 πολλάκις
953 2676 1222 2731 ἀκολασία
1272 2678 1532 2748 ἐρωτικὴ,
1566 2680 1658 2730 καὶ
1706 2681 1780 2749 μὴ

208 2773 594 2844 βουλομένους,
627 2770 860 2837 κατάγει
889 2770 1025 2841 πρὸς
1051 2770 1111 2823 τὸ
1141 2769 1402 2839 ἀθέμιτον
1429 2788 1443 2800 ο
1491 2772 1692 2821 ἐκεῖνοι
1725 2770 1781 2821 δὲ

208 2864 581 2933 συγγνωστέοι
612 2863 712 2916 οὐκ
761 2862 927 2925 εἰσὶν,
972 2860 1047 2926 ὡς
1079 2862 1168 2913 ἐπὶ
1197 2862 1275 2929 τῷ
1315 2862 1470 2931 κακῷ
1524 2861 1783 2933 συμπρά-

206 2960 401 3022 ξαντες
422 2956 592 3027 χωρὶς
621 2957 870 3025 ἀνάγκης
911 2955 1076 3035 τινὸς,
1110 2956 1204 3007 καὶ
1255 2955 1774 3025 εύχαριστείτωσαν,

1274 267 1353 328 ΙΝ
1388 268 1553 330 CAN.
1598 271 1786 333 XXIV
1824 268 2034 334 CONC.
2074 273 2335 341 ANCYR.

305 399 322 429 ι
367 378 652 448 ἀπήγξατο
678 393 690 408 ’
730 379 779 430 οἱ
810 377 1114 442 συνειδότες
1158 366 1563 451 ἐκελεύσθησαν
1611 384 1668 435 ἐν
1708 383 1792 434 δε·
1822 388 1864 442 Α

3333 288 3469 353 119i

1976 403 1993 435 ι
2038 396 2286 458 stuprum
2320 399 2439 444 erat
2462 390 2673 445 illatum
2709 407 2768 449 se
2797 393 3103 469 sull'ocavit,
3129 397 3232 465 Qui
3263 406 3465 459 conscii

1980 497 1996 526 ι
2044 477 2279 545 fuci-aut,
2326 483 2465 549 jussi
2527 495 2656 539 sunt
2695 485 2961 543 decenuio
3014 491 3153 546 inter
3201 508 3319 559 cos,
3375 499 3466 564 qui

1980 587 1998 619 ι
2042 572 2373 637 consistunt,
2410 575 2599 643 recipi,
2630 591 2726 645 per
2754 577 2956 648 gradus
2983 579 3255 637 deﬁnitos.
3300 603 3319 635 ι

1975 660 2164 717 llALS.
2210 664 2283 717 Ex
2338 664 2481 720 facto
2510 669 2744 737 quodam
2800 670 2933 724 moti
2988 682 3115 727 sunt
3161 674 3368 741 Patres,
3409 688 3469 732 ut

1901 764 2225 820 praesentem
2250 772 2518 811 canonent
2549 760 2793 815 ederent.
2824 762 2916 817 Eis
2960 766 3103 817 enim
3155 769 3462 825 nuntiatum

1896 857 1979 900 est
2010 848 2299 915 quemdam
2334 851 2633 918 hominem,
2663 855 2749 906 cui
2785 855 2958 922 puella
3002 867 3120 911 erat
3168 859 3464 928 desponsa,

1897 952 2139 992 sororem
2167 941 2286 1008 ejus
2324 952 2737 1012 constttprasse,
2782 957 2841 1001 ut
2871 949 2959 1003 illa
3014 952 3177 1004 etiam
3209 968 3271 1008 er
3317 969 3384 1008 eo
3413 955 3465 1007 iu

1899 1037 2054 1081 utero
2136 1034 2450 1101 conciperet
2526 1036 2700 1102 (illud
2781 1040 2928 1093 enim
3010 1042 3279 1111 signiticat
3366 1063 3466 1099 vox

1895 1120 2280 1191 ἐπιφορῆσαι),
2307 1133 2358 1177 et
2390 1137 2575 1193 postea
2604 1129 2934 1185 matrimonii
2962 1136 3225 1192 societate
3247 1154 3464 1208 sponsae

1896 1227 2010 1266 sua:
2045 1216 2370 1285 conjunctus
2398 1228 2499 1270 est.
2534 1218 2664 1287 Ejus
2701 1231 2882 1278 autem
2937 1240 3113 1291 Soror,
3147 1244 3269 1283 cum
3322 1232 3465 1287 ince-

1894 1315 2012 1359 stus
2036 1308 2282 1374 crimine,
2310 1310 2412 1363 sibi
2438 1310 2536 1378 ipsi
2560 1321 2789 1367 mortem
2818 1319 3104 1373 conscivit.
3131 1322 3467 1381 Detinierutt

1893 1413 2048 1467 ergo,
2110 1408 2167 1452 ut
2226 1403 2315 1469 qui
2369 1405 2561 1457 borum
2629 1407 2894 1461 malorum
2956 1410 3172 1467 fuerant
3226 1419 3464 1482 conscii,

1894 1499 2017 1558 post
2040 1491 2363 1548 decennium
2390 1496 2532 1564 quod
2560 1498 2790 1553 debebat
2823 1516 2918 1569 per
2938 1504 3141 1569 gradus
3170 1518 3464 1565 consuetos

1895 1583 2212 1647 procedere,
2250 1586 2315 1640 ad
2353 1590 2654 1642 orationem
2694 1607 2797 1644 una
2835 1609 2956 1645 cum
2988 1594 3237 1651 ﬁdelibus
3269 1602 3465 1655 admit—

1895 1680 2160 1726 terentur.
2220 1673 2299 1729 Ne
2346 1676 2441 1728 tibi
2494 1687 2673 1730 autem
2732 1679 2819 1733 bis
2870 1686 3179 1737 contrarius
3218 1688 3462 1740 videatur

1892 1776 2067 1817 canon
2109 1765 2176 1819 78
2225 1767 2400 1820 sancti
2449 1767 2658 1835 Basilii,
2708 1770 3029 1835 decernens,
3080 1788 3201 1842 post
3255 1787 3459 1847 septem

1894 1869 2069 1908 annos
2105 1855 2413 1910 divinorum
2462 1869 2928 1915 sacramentorum
2979 1869 3323 1934 perceptione
3376 1874 3460 1923 tli-

1891 1964 2056 2016 guum
2088 1949 2270 2003 haberi
2302 1966 2449 2016 cum,
2484 1953 2575 2020 qui
2607 1952 2854 2022 legitimo
2884 1957 3228 2013 matrimonio
3252 1962 3461 2016 duabus

1890 2038 2171 2094 sororibus
2210 2040 2542 2108 conjunctus
2579 2051 2681 2095 est.
2718 2040 2820 2095 llic
2849 2045 2994 2097 enim
3030 2047 3197 2100 multa
3248 2048 3457 2103 nefaria

1889 2135 2183 2187 commissa
2212 2143 2378 2188 sunt:
2412 2134 2726 2200 fornicatio,
2766 2138 3013 2191 illicitum
3044 2142 3453 2197 matrimonium

1889 2233 1941 2277 et
1969 2226 2145 2279 czedes
2175 2242 2189 2290 ;
2243 2226 2356 2280 illic
2382 2236 2584 2290 autem,
2619 2237 2828 2283 tantum
2872 2231 3140 2286 nefarium
3178 2236 3460 2288 matrimo-

1889 2318 2060 2370 nium.
2092 2316 2157 2370 Et
2188 2328 2472 2387 propterea
2504 2321 2719 2389 gravior
2749 2322 2836 2375 hic
2887 2336 3047 2390 pcena
3098 2324 3317 2380 decreta
3348 2338 3451 2381 est.

1887 2408 2310 2481 lnterrcgaverit
2340 2417 2521 2465 autem
2557 2411 2829 2482 quispiam
2856 2431 2868 2467 :
2900 2413 3011 2468 Cur
3033 2415 3091 2480 ii,
3121 2418 3213 2485 qui
3246 2421 3453 2474 conscii

1887 2509 2038 2564 sunt,
2066 2516 2219 2562 tenue
2251 2502 2572 2570 puniuntur,
2603 2517 2665 2556 ac
2691 2504 2789 2572 ipsi
2828 2507 3081 2561 actores?
3135 2507 3371 2566 Salutio;
3399 2511 3452 2563 lu

1887 2591 2092 2646 illicitis
2124 2607 2186 2646 ac
2216 2592 2441 2648 nefariis
2482 2594 2691 2657 unptiis
2738 2596 2907 2665 magis
2942 2599 3123 2666 puniri
3166 2600 3365 2655 debent
3395 2601 3453 2664 ii,

1885 2684 1975 2752 qui
2010 2692 2137 2738 sunt
2164 2685 2395 2751 conscii,
2427 2699 2588 2755 quam
2619 2686 2709 2754 qui
2735 2699 2925 2755 agunt.
2950 2690 3062 2743 Hos
3080 2690 3222 2744 enim
3248 2693 3451 2745 amoris

1888 2774 2227 2843 impotentia,
2264 2790 2407 2845 saepe
2444 2777 2606 2830 etiam
2647 2777 2916 2842 nolentes,
2965 2780 3030 2833 ad
3065 2780 3119 2835 id
3173 2786 3318 2851 quod
3373 2794 3457 2835 est

1886 2865 2134 2919 illicitum
2191 2867 2567 2935 nefariumque
2615 2867 2834 2923 deducit
2887 2887 2900 2922 :
2956 2870 3064 2925 illis
3112 2883 3291 2926 autem
3344 2888 3451 2927 non

1884 2964 1967 3010 est
1994 2957 2174 3012 danda
2209 2957 2386 3022 venia,
2421 2958 2511 3026 qui
2542 2958 2748 3028 absque
2780 2959 2885 3012 ulla
2918 2958 3076 3031 40],
3130 2962 3455 3016 necessitate

202 3053 292 3104 ὅτι
325 3051 525 3119 ὁμοίως
563 3051 678 3113 τοῖς
721 3049 1044 3120 αὐτουργοῖς
1090 3049 1430 3113 κολάζονται.
1467 3050 1778 3114 Συνειδότες

1886 3048 2027 3100 tualu
2064 3048 2325 3101 auxilium
2360 3049 2564 3114 tulere;
2595 3056 2647 3102 ct
2680 3050 2818 3103 bene
2860 3064 3044 3103 secum
3095 3058 3276 3103 actum
3333 3066 3455 3106 esse

201 3145 264 3198 δέ
294 3145 436 3197 εἰσιν
463 3143 512 3195 οἱ
551 3142 992 3212 συμπράξαντες,
1023 3141 1084 3194 ού
1121 3140 1225 3212 μὴν
1253 3142 1303 3193 οἱ
1334 3142 1547 3210 ἔχοντες
1593 3142 1779 3205 ἁπλῶς

202 3237 439 3307 εἴδησιν,
469 3237 561 3289 καὶ
589 3234 831 3289 κωλῦσαι
866 3234 939 3305 μὴ
968 3236 1278 3304 δυνάμενοι.

283 3507 526 3563 ΖΩΝΑΡ.
588 3506 903 3576 Μνηστείαν
962 3523 1045 3567 τις
1103 3507 1469 3575 συνεστήσατο
1526 3508 1617 3560 ἐπί
1671 3526 1775 3561 τινι

195 3602 353 3672 κόρῃ
378 3618 393 3634 ο
430 3601 597 3670 μήπω
626 3599 682 3650 δὲ
708 3599 815 3650 τῶν
841 3599 1128 3665 γαμηλίων
1159 3597 1245 3649 ἐπ’
1277 3597 1462 3660 αὐτοῖς
1492 3598 1778 3653 τελεσθέν-

194 3712 334 3757 των,
366 3696 393 3745 ό
424 3692 671 3762 μνηστήρ
702 3689 1013 3758 συνεφθάρη
1043 3692 1107 3759 τῇ
1137 3688 1338 3759 ἀδελφῇ
1370 3689 1470 3756 τῆς
1501 3690 1772 3761 μνηστῆς.

194 3786 282 3847 ὡς
330 3783 525 3850 ἔγκυον
561 3781 776 3850 ἐκείνην
836 3779 1111 3848 γενέσθαι.
1165 3777 1337 3831 Τοῦτο
1387 3781 1496 3850 γὰρ
1555 3781 1672 3832 ἐστι
1714 3780 1776 3832 τὸ

196 3875 543 3943 ὲπιιρορῆσαι
601 3872 790 3939 αὐτήν.
848 3866 983 3921 Εἶτα
1028 3871 1055 3921 ό
1106 3869 1247 3939 ἀνὴρ
1284 3872 1462 3937 ἔγημε
1506 3867 1604 3939 τὴν
1640 3886 1777 3938 μνη-

198 3966 361 4033 στὴν,
390 3965 422 4032 ἠ
456 3962 725 4031 φθαρεῖσα
756 3961 813 4013 δὲ
841 3960 1149 4029 ἀπήγξατο.
1190 3960 1345 4013 Κατὰ
1392 3959 1502 4013 τῶν
1547 3959 1780 4012 συνειδό-

192 4074 313 4111 των
345 4054 439 4108 οὖν
476 4054 573 4125 τὴν
607 4055 809 4108 ἄτοπον
850 4052 1058 4123 ταύτην
1098 4052 1296 4120 πρᾶξιν
1350 4051 1610 4105 δεκαετία
1645 4051 1778 4122 ὡρί-

196 4148 331 4217 σθη,
362 4147 502 4203 ὥστε
529 4145 726 4208 αὐτοὺς
755 4143 959 4214 ταύτης
994 4142 1372 4215 παρελθούσης
1410 4143 1667 4213 δεχθῆναι
1696 4143 1776 4205 εἰς

192 4242 330 4302 τοὺς
401 4236 768 4300 συνεστῶτας.
821 4236 882 4289 Ὀ
931 4234 991 4287 δὲ
1039 4234 1133 4287 τοῦ
1200 4233 1439 4305 μεγάλου
1488 4232 1773 4287 Βασιλείου

194 4330 607 4400 ἑϐδομηκοστδς
648 4327 840 4396 δγδοος
885 4324 1089 4389 κανὼν,
1140 4325 1231 4379 τὸν
1285 4324 1380 4379 δύο
1407 4324 1646 4394 ἀδελφὰς
1692 4327 1775 4386 εἰς

198 4392 541 4478 συνοικέσιον
576 4392 921 4491 ἀγαγόμενον
948 4420 1089 4471 κατὰ
1111 4416 1272 4472 ἄλλον
1299 4417 1396 4472 καὶ
1442 4392 1603 4471 ἄλλον
1644 4418 1770 4489 χρό·
1802 4392 1851 4451 θ

196 4532 313 4578 νον,
336 4512 589 4568 ἐνιαυτὸν
632 4510 990 4581 προσκλαίειν
1020 4507 1213 4577 ὁρίζει,
1246 4506 1337 4561 δύο
1387 4506 1434 4561 δ’
1494 4509 1769 4579 ἐπακροᾶ-

201 4605 353 4669 σθαι,
385 4606 536 4675 τρεῖς
567 4601 922 4663 ὑποπίπτειν,
952 4596 1030 4668 τῷ
1061 4597 1276 4668 ἑϐδόμῳ
1305 4598 1628 4652 συνίσταθαι
1659 4600 1772 4661 τοῖς

201 4698 439 4759 πιστοῖς,
466 4695 558 4748 καὶ
589 4692 733 4747 οὕτω
762 4693 861 4762 τῆς
890 4692 1204 4763 προσφορᾶς
1232 4689 1644 4757 καταξιοῦσθαι,
1675 4692 1771 4745 ἐὰν

208 4786 348 4857 μετὰ
370 4786 624 4857 δακρύων
682 4785 1016 4854 μετανοήσῃ.
1051 4781 1209 4835 Εἴποι
1260 4780 1354 4835 οὖν
1402 4780 1466 4834 ἄν
1510 4799 1614 4846 τις,
1650 4782 1772 4845 Πῶς

200 4876 441 4931 ἐνταῦθα
470 4874 773 4945 βαρύτερον
823 4873 949 4935 τοὺς
991 4872 1303 4934 συνειδότας
1330 4872 1380 4923 οἱ
1404 4874 1505 4942 τῆς
1547 4875 1771 4926 συνόδου

202 4970 507 5035 ἐκόλασαν;
537 4963 708 5037 υἷμαι
746 4965 924 5019 τοίνυν
964 4966 1047 5017 ὅτι
1086 4963 1215 5016 ἔνθα
1238 4963 1332 5016 δύο
1358 4963 1592 5033 ἀδελφὰς
1623 4966 1652 5016 ὁ
1677 4966 1774 5019 αὖ-

200 5062 294 5126 τὸς
339 5062 419 5125 είς
457 5060 635 5130 γάμον
658 5059 875 5126 ἄγεται,
907 5055 1315 5127 ἁθεμιτογαμίᾳ
1346 5056 1482 5126 μόνῃ
1518 5055 1772 5126 πλημμε-

199 5156 380 5207 λεῖται
405 5168 419 5181 ·
462 5152 555 5203 ἐπὶ
595 5150 652 5203 δὲ
692 5149 787 5217 τῆς
824 5146 1109 5217 παρούσης
1146 5145 1455 5209 ὑποθέσεως
1499 5146 1669 5201 πολλὰ
1701 5150 1771 5202 τὶ

199 5241 544 5311 τολμηθέντα
578 5235 739 5308 ἦσαν,
766 5237 939 5306 φθορὰ
966 5237 1065 5307 τῆς
1107 5236 1404 5304 παρθένου,
1438 5235 1771 5306 ἀθεμιτογα-

202 5340 326 5408 μία,
356 5337 428 5398 ὡς
452 5334 546 5388 δύο
566 5332 818 5400 ἀδελφαῖς
849 5332 941 5382 τοῦ
969 5328 1133 5383 αὐτοῦ
1161 5328 1469 5399 μιχθέντος,
1489 5331 1582 5383 καὶ
1612 5331 1772 5398 φόνος

202 5434 267 5485 ἐκ
301 5430 401 5498 τῆς
432 5429 611 5489 αἰτίας
641 5424 847 5493 ταύτης
880 5423 1194 5493 γενόμενος,
1232 5423 1328 5474 καὶ
1364 5420 1455 5475 διὰ
1484 5422 1645 5477 τοῦτο
1675 5424 1771 5495 βα-

207 5523 434 5593 ρύτερον
460 5518 670 5588 ὡρίσθη
706 5519 763 5569 τὸ
794 5516 1091 5581 ἐπιτίμιον.

202 5614 424 5670 ΔΡΙΣΤ.
484 5631 501 5662 ι
546 5610 727 5679 Κόρην
757 5609 836 5669 τίς
894 5624 1034 5668 τινος
1081 5607 1555 5676 μνηστευσάμενος
1605 5626 1774 5679 προσ-

285 5727 303 5759 ι
345 5706 554 5776 εφθάρη
583 5706 648 5774 τῇ
670 5702 871 5770 ἁδελφῇ
906 5699 1096 5767 αύτῆέ,
1124 5696 1242 5752 εἶτα
1268 5700 1366 5772 τὴν
1390 5698 1633 5772 μνηστὴν
1653 5700 1773 5756 ἔλα-

495 5802 767 5863 Ρηιιυι..
802 5806 919 5865 Gn.
942 5796 1302 5862 CXXXVII.

1881 3138 2216 3201 existiment,
2249 3132 2392 3207 quod
2422 3153 2528 3192 non
2565 3137 2735 3208 magis
2777 3153 2941 3207 quam
2998 3140 3034 3193 ii
3063 3140 3154 3209 qui
3211 3141 3457 3196 fecerunt

1881 3231 2201 3299 puniantur.
2234 3230 2374 3285 Sunt
2408 3242 2589 3285 autem
2618 3232 2825 3285 conscii
2858 3232 2916 3293 ii,
2961 3234 3054 3302 qui
3090 3248 3252 3303 opera
3297 3235 3455 3304 juve-

1883 3332 2043 3388 runt;
2078 3341 2182 3378 non
2211 3334 2386 3380 autem
2416 3326 2475 3388 ii,
2503 3324 2595 3393 qui
2619 3323 2787 3379 solani
2811 3324 3010 3380 habent
3034 3326 3451 3391 censcientiam,

1880 3427 1933 3471 ct
1975 3418 2266 3485 prohibere
2294 3428 2592 3486 nequeunt.

1952 3510 2205 3567 ZONAR.
2243 3510 2523 3581 Desponsa
2563 3512 2738 3568 fuerat
2790 3514 3007 3570 cuidam
3061 3514 3262 3584 puella,
3290 3514 3451 3583 cujus

1879 3617 2123 3658 sororem
2158 3604 2360 3674 nuptiis
2386 3605 2628 3660 nondum
2662 3608 2900 3677 peractis
2924 3622 3160 3675 sponsus
3212 3608 3447 3669 vitiavit.

1879 3711 2000 3765 qua:
2024 3696 2190 3751 etiam
2220 3712 2284 3750 ex
2319 3697 2413 3752 illo
2444 3699 2739 3753 concubitu
2790 3700 3010 3769 gravida
3055 3699 3197 3755 facta
3238 3709 3342 3755 est.
3372 3701 3450 3770 (id

1877 3787 2020 3839 cuitu
2051 3787 2319 3856 signiﬁcat
2351 3787 2575 3842 verbum
2620 3789 3003 3858 ὲπιιρορῆσαι.)
3041 3789 3308 3858 Sponsam
3351 3791 3447 3844 de-

1880 3874 2003 3927 inde
2033 3878 2114 3928 vir
2147 3876 2267 3943 ejus
2299 3876 2574 3941 traduxit;
2608 3893 2730 3947 quae
2761 3894 2887 3933 vero
2922 3883 3100 3934 fuerat
3145 3878 3331 3934 vitiata
3385 3896 3445 3934 se

1879 3966 2189 4022 suﬂ‘ocavit.
2220 3965 2421 4020 Contra
2456 3967 2622 4037 igitur
2649 3966 2852 4039 indigni
2906 3967 3166 4023 facinoris
3196 3968 3450 4022 conscios

1877 4056 2129 4112 decennii
2172 4068 2331 4126 poena
2359 4058 2691 4122 constituta;
2736 4070 2845 4125 quo
2895 4056 3115 4110 demum
3154 4057 3342 4125 elapso
3393 4056 3449 4109 in

1877 4148 2118 4203 ﬁdelium
2150 4154 2482 4203 conventum
2514 4146 2906 4216 reciperentur.
2951 4145 3129 4217 Magni
3162 4161 3289 4203 vero
3340 4146 3447 4203 Ba-

1875 4241 1984 4296 silii
2015 4240 2455 4311 scptuagesimus
2471 4248 2701 4297 octavus
2724 4254 2926 4307 canon,
2948 4238 3045 4310 qui
3067 4239 3205 4296 duas
3227 4254 3448 4297 sorores

1877 4334 2096 4389 diverso
2124 4343 2371 4404 tempore
2396 4332 2639 4400 duxerit,
2674 4348 2784 4387 uno
2818 4347 2963 4388 anno
3006 4333 3061 4387 itt
3108 4332 3257 4389 luctu
3282 4348 3444 4399 esse,

1875 4425 2092 4481 duobus
2143 4426 2286 4483 inter
2341 4424 2661 4489 audientes,
2721 4424 2899 4480 tribus
2965 4424 3020 4479 in
3077 4423 3447 4480 substratioue

1874 4520 2099 4591 degere,
2157 4519 2394 4591 septimo
2425 4519 2479 4574 in
2508 4517 2847 4574 consortium
2914 4517 3155 4573 ﬁdelium
3197 4516 3444 4585 admitti,

1873 4624 1925 4669 et
1958 4614 2061 4678 sic,
2094 4614 2137 4668 si
2174 4627 2298 4667 cum
2329 4610 2590 4682 lacrymis
2636 4610 3015 4681 pteuitentiatn
3063 4609 3257 4682 egerit,
3285 4610 3445 4667 obla-

1864 4703 2024 4758 tione
2079 4701 2301 4772 diguutn
2358 4700 2545 4756 haberi
2607 4698 2783 4770 jubet.
2813 4698 3032 4766 Quaeret
3073 4700 3241 4771 igitur
3287 4700 3443 4772 quis-

1873 4795 2069 4865 piant:
2110 4792 2222 4846 Cur
2264 4791 2320 4845 in
2369 4806 2489 4855 cos,
2531 4792 2622 4862 qui
2670 4790 2876 4846 conscii
2932 4789 3167 4854 fuerant.
3220 4791 3444 4862 gravius

1875 4883 1980 4937 hoc
2012 4882 2132 4935 loco
2166 4880 2363 4949 synodi
2397 4879 2586 4935 Patres
2613 4878 3145 4936 animadverterint?
3176 4880 3287 4950 Ego
3312 4896 3443 4935 vero

1872 4982 2160 5043 propterea
2188 4971 2238 5024 id
2272 4969 2473 5025 factum
2499 4971 2773 5035 existimo,
2799 4970 2944 5039 quod
2968 4971 3061 5040 qui
3097 4969 3442 5025 matrimonio

1875 5063 2011 5118 duas
2043 5062 2145 5117 sibi
2177 5078 2400 5118 sorores
2426 5062 2626 5133 jungit,
2657 5062 2711 5118 in
2742 5075 2808 5118 co
2857 5071 3091 5125 tantum,
3143 5059 3289 5129 quod
3332 5074 3443 5115 ve-

1875 5155 1990 5210 titis
2049 5169 2109 5211 se
2169 5153 2377 5224 nuptiis
2424 5152 2748 5223 alligaverit,
2803 5160 2992 5224 peccat
3037 5166 3053 5205 :
3103 5149 3157 5205 in
3183 5150 3442 5219 praesenti

1876 5258 2055 5303 autem
2093 5247 2242 5300 facto
2273 5246 2442 5301 multa
2472 5246 2679 5302 scelera
2711 5247 2967 5308 inerant;
2994 5243 3145 5313 virgo
3167 5248 3440 5311 stuprata.

1876 5340 2078 5411 nuptiae
2131 5339 2376 5404 ιιοῐιιι-ἰεε,
2447 5352 2571 5393 cum
2626 5337 2839 5392 duabus
2896 5336 3108 5392 scilicet
3155 5337 3442 5391 sororibus

1874 5434 2073 5496 coitus,
2115 5440 2230 5485 tum
2257 5429 2454 5487 exinde
2496 5444 2718 5499 quoque
2757 5437 2946 5483 secuta
2977 5433 3190 5493 caedes;
3233 5426 3441 5483 idcirco

1874 5523 2216 5594 gravioribus
2242 5523 2420 5592 pretiis
2441 5522 2569 5587 jure
2598 5520 2839 5575 dautuati
2876 5528 3027 5577 sunt.

1874 5601 2101 5668 ARIST.
2135 5630 2153 5664 ι
2195 5613 2428 5678 Quidam
2461 5628 2585 5667 cum
2620 5612 2852 5682 puellam
2879 5612 3291 5683 desponsassct,
3345 5631 3439 5672 so-

1962 5723 1980 5756 ι
2014 5717 2192 5759 rorem
2227 5703 2348 5774 ejus
2387 5704 2629 5773 violarit,
2656 5703 2852 5762 deinde
2894 5720 3150 5775 sponsam
3205 5710 3433 5779 accepit.

2962 5799 3033 5860 38
