4014 6224
300 231 435 297 1197

1321 228 1402 288 IN
1448 228 1613 288 CAN.
1662 227 1719 287 tt
1745 226 1957 287 coxa.
2002 180 2437 291 necessari.

3398 216 3530 281 H98

364 346 562 401 ΒΑΛΣ.
602 346 663 400 Ὃ
690 342 1045 408 ἀποστολικὺς
1091 342 1184 409 κς⁹
1234 344 1414 398 κανὼν
1454 346 1578 409 τοὺς
1625 344 1719 398 τοῦ
1779 345 1872 416 βή-

2049 344 2245 399 BALS.
2280 343 2625 415 Apostolicns
2655 356 2829 397 canon
2875 340 2944 396 26
2972 354 3089 405 cos,
3139 338 3229 408 qui
3279 349 3410 394 sunt
3444 355 3536 393 ec-

302 456 488 508 ματος,
540 437 978 506 συναπτομένους
1042 436 1180 507 μετὰ
1224 437 1324 506 τὴν
1376 438 1713 506 χειροτονίαν
1769 454 1867 505 γυ·-

298 529 439 595 ναιξὶ
472 530 611 582 κατᾶ
642 528 803 598 νόμον
844 528 1046 598 γάμου,
1079 527 1459 596 καθαιρεῖσθαι
1496 528 1865 583 διατάττεται.

299 621 405 673 Καὶ
460 622 485 670 ὁ
532 616 719 687 παρὼν
766 618 945 670 κανὼν
979 618 1295 686 παρομοίως
1357 616 1503 686 αύτῷ
1549 616 1865 686 διορίζεται.

310 710 535 774 Ἐπάξει
584 710 638 762 δὲ
681 711 787 774 ὅτι,
826 710 919 762 ἐάν
947 726 1024 773 τις
1065 711 1122 774 ἐξ
1166 709 1343 762 αὐτῶν
1373 709 1648 781 πορνεύσῃ
1678 709 1711 778 ἢ
1747 726 1868 777 μοι-

299 803 485 871 χεύσῃ,
518 802 578 853 οὐ
608 802 771 871 μόνον
796 802 1277 872 καθαιρεθήσεται,
1314 800 1449 856 ἀλλὰ
1482 801 1696 869 καὶτῆς
1729 800 1871 868 μετὰ.

297 895 403 945 τῶν
430 893 639 944 πιστῶν
694 894 980 956 κοινωνίας
1023 893 1446 963 ἐκϐληθήσεται,
1482 893 1574 945 καὶ
1623 892 1870 958 άναγκαο

297 984 561 1050 σθήσεται
591 987 714 1046 τοὺς
742 984 1016 1055 τέσσαρας
1045 985 1243 1047 τόπους
1283 980 1702 1054 τῆςμετανοίας
1732 982 1873 1034 διελο

301 1075 435 1139 θεῖν,
462 1076 554 1128 καὶ
588 1074 730 1128 οὕτω
770 1078 1063 1145 μετασχεῖν
1119 1075 1227 1127 τῶν
1278 1075 1437 1127 θείων
1487 1075 1869 1143 ἁγιασμὰτων.

298 1167 376 1219 Τά
409 1166 539 1236 περὶ
574 1166 777 1218 τούτων
825 1166 882 1218 δὲ
918 1166 1267 1237 ἀνῃρέθησαν
1296 1166 1402 1219 άπὸ
1423 1164 1516 1218 τοῦ
1545 1164 1626 1229 κζ’
1652 1167 1872 1229 κανόνος

296 1258 393 1327 τῆς
416 1259 472 1310 ὲν
511 1257 833 1329 Καρθαγένῃ
865 1249 1106 1324 συνόδου,
1134 1258 1225 1310 καὶ
1250 1258 1357 1311 ἀπὸ
1403 1257 1497 1311 τοῦ
1533 1257 1611 1326 λβ’
1648 1258 1873 1321 κανόνος

298 1349 391 1404 τοῦ
428 1350 663 1419 μεγάλου
710 1348 1023 1414 Βασιλείου,
1051 1349 1327 1417 λέγοντοςο
1362 1349 1423 1400 Οί
1455 1349 1553 1417 τὴν
1604 1349 1745 1417 πρὶς
1776 1349 1874 1402 θά-

299 1458 458 1493 νατον
499 1439 771 1509 ἁμαρτίαν
801 1440 1215 1511 ἁμαρτάνοντες
1239 1439 1495 1510 κληρικοὶ
1526 1438 1620 1491 τοῦ
1658 1438 1871 1515 βαθμοῦ

301 1535 667 1601 κατάγονταιο
726 1533 821 1602 τῆς
890 1531 1176 1593 κοινωνίας
1232 1530 1289 1583 δὲ
1349 1530 1459 1583 τῶν
1526 1530 1730 1588 λαῖκῶν
1777 1531 1874 1583 οὐκ

298 1624 657 1694 ἐξείργονται.
694 1624 768 1675 Ού
796 1623 905 1692 γὰρ
937 1622 1248 1690 ἐκδικήσεις
1275 1621 1356 1685 δίς
1381 1622 1475 1675 ἐπὶ
1502 1620 1562 1674 τὸ
1589 1621 1740 1675 αὐτό.

1969 434 2262 490 clesiastici
2308 433 2540 498 ordinis,
2591 432 2638 488 si
2706 430 2947 500 legitimo
3018 427 3368 483 matrimonio
3418 438 3537 496 post

1970 527 2369 581 ordinationem
2394 525 2817 595 conjungantur,
2846 521 3040 591 deponi
3078 520 3247 590 jubet.
3288 518 3537 575 Praesens

1969 634 2186 690 quoque
2204 633 2378 672 canon
2394 617 2441 670 ci
2458 616 2708 671 similiter
2725 614 2970 669 decernit
3011 612 3305 682 Subjungit
3324 624 3536 667 autem:

1972 710 2126 776 Quod
2162 711 2205 765 si
2239 710 2363 781 quis
2392 725 2454 763 ex
2492 708 2572 763 eis
2613 706 2920 761 fornicatus
2965 704 3146 769 fuerit,
3196 707 3280 759 vel
3330 705 3541 760 adulte-

1972 801 2112 854 rium
2146 798 2501 861 oommiserit,
2537 811 2647 851 non
2671 796 2847 851 solum
2880 795 3205 864 deponetur,
3250 794 3345 850 sed
3379 796 3538 850 etiam

1972 909 2001 949 a
2040 894 2278 949 ﬁdelium
2317 891 2702 947 communione
2729 891 2999 960 ejicietur,
3048 900 3100 945 ct
3144 899 3379 960 quatuor
3423 905 3543 960 pm-

1970 988 2212 1063 nitentiae
2244 985 2358 1039 loca
2390 983 2687 1055 pervadere
2730 992 2972 1053 cogetur;
3022 992 3075 1037 et
3121 982 3201 1037 sic
3249 997 3371 1037 esse
3402 981 3544 1035 divi-

1973 1095 2167 1133 norum
2208 1084 2677 1133 sacramentorum
2719 1074 3017 1143 particeps.
3054 1074 3185 1138 Quae
3222 1082 3402 1127 autem
3440 1072 3545 1126 hoc

1973 1184 2183 1224 canone
2241 1168 2634 1228 continentur,
2686 1165 2900 1219 sublata
2927 1172 3055 1218 sunt
3115 1179 3144 1218 a
3209 1178 3420 1218 canone
3473 1164 3541 1216 ‘27

1973 1258 2424 1329 Carthaginiensis
2485 1256 2679 1328 synodi
2762 1265 2818 1310 et
2878 1271 2906 1309 a
2967 1271 3177 1311 canone
3235 1256 3305 1310 32
3362 1258 3543 1328 magni

1977 1350 2182 1413 Basilii,
2214 1349 2445 1403 dicentis
2479 1366 2492 1403 :
2525 1346 2743 1411 Clerici,
2786 1346 2878 1417 qui
2934 1355 3217 1416 peccatum
3271 1347 3414 1417 quod
3462 1359 3546 1402 est

1974 1446 2040 1499 ad
2076 1452 2306 1498 mortem
2358 1449 2604 1515 peccant,
2656 1459 2686 1497 e
2741 1444 2911 1514 gradu
2967 1442 3335 1509 dejiciuntur:
3370 1442 3463 1498 sed
3512 1458 3542 1497 a

1974 1533 2237 1587 laicorum
2289 1533 2678 1587 communione
2727 1548 2834 1589 non
2888 1540 3165 1589 arcentur.
3223 1533 3341 1587 Non
3395 1534 3541 1589 enim

1974 1624 2279 1679 vindicabis
2307 1625 2391 1679 bis
2422 1625 2476 1678 in
2512 1624 2772 1695 idipsum.
2964 1632 2967 1635 '

373 1692 618 1770 ΖΏΝΛΡ.
667 1716 795 1770 Ἐάν
841 1714 1022 1782 γάμον
1065 1713 1296 1782 νομιμόν
1339 1712 1479 1783 τάχα
1506 1712 1685 1783 ἐαυτῷ
1733 1729 1867 1784 πρε-

2044 1714 2296 1770 ZONAB.
2330 1714 2387 1770 Si
2424 1692 2703 1771 mulierem
2742 1717 2880 1771 forte
2919 1718 3173 1785 legitimis
3202 1720 3405 1787 nuptiis
3437 1718 3542 1773 sibi

302 1810 562 1881 σϐύτερος
589 1806 918 1879 συναλλάξῃ,
947 1804 1299 1874 μετατίθεται
1324 1807 1420 1873 τῆς
1446 1805 1653 1870 τάξεως
1680 1803 1868 1869 αὐτοῦ,

299 1900 421 1953 ἀντὶ
469 1899 586 1959 τοῦ,
632 1896 953 1950 ἐκϐάλλεται
988 1893 1087 1963 τῆς
1140 1894 1479 1965 ἱερωσύνης·
1524 1895 1872 1964 καθαιρεῖται

298 1992 429 2060 γάρ.
471 1989 593 2041 Ἐὰν
626 1988 682 2041 δὲ
718 1985 1051 2057 πορνεύσῃῆ
1084 1986 1369 2057 μοιχεύσῃ,
1401 1986 1621 2049 τελείως
1653 1987 1872 2052 ἐξωθεῖ-

296 2100 387 2134 ται
410 2082 506 2150 τῆς
539 2080 890 2149 Ἐκκλησίας,
940 2079 1034 2130 καὶ
1080 2080 1159 2141 εἰς
1218 2077 1626 2149 μετανοούντων
1673 2080 1870 2148 ἄγεται

298 2155 484 2234 τόπον,
533 2171 671 2222 ὥστε
718 2168 1092 2238 προσκλαίειν,
1140 2168 1235 2221 καὶ
1283 2168 1611 2238 ἀκροᾶσθαι,
1654 2168 1748 2221 καὶ
1804 2170 1875 2222 τά

303 2263 467 2315 λοιπὰ
502 2261 873 2330 ἀναπληροῦν.
892 2260 954 2315 Ὀ
982 2259 1037 2311 δὲ
1081 2261 1251 2329 μέγας
1280 2258 1556 2323 Βασίλειος
1584 2261 1641 2315 ἐν
1664 2256 1742 2330 λβ⁹
1777 2277 1876 2313 κα-

303 2355 418 2409 νόνι
473 2354 644 2406 ταῦτα
707 2353 856 2419 λέγει
916 2352 1133 2422 ῥητῶς’
1193 2352 1254 2403 Οί
1308 2352 1405 2422 τὴν
1459 2352 1596 2423 πρὸς
1627 2352 1875 2408 ,θάνατον

302 2447 579 2517 ἁμαρτίαν
612 2446 1019 2514 ἁμαρτάνοντες
1050 2443 1303 2512 κληρικοὶ
1328 2443 1422 2496 τοῦ
1463 2443 1673 2514 βαθμοῦ
1706 2444 1874 2499 κατά-

302 2557 492 2609 γονται
519 2555 532 2569 ’
564 2538 663 2606 τῆς
697 2536 983 2597 κοινωνίας
1004 2536 1060 2589 δὲ
1091 2534 1201 2588 τῶν
1235 2533 1439 2588 λαῖκῶν
1467 2537 1568 2589 ούκ
1602 2537 1872 2607 ἐξείργον-

301 2649 412 2686 ται.
448 2633 519 2683 Οὐ
553 2630 660 2700 γάρ
691 2629 995 2698 ἐκδικήσεις
1019 2627 1099 2690 δὶς
1134 2628 1226 2679 ἐπὶ
1256 2628 1316 2680 τὸ
1347 2626 1497 2681 αὑτό.
1525 2628 1602 2682 Τὰ
1652 2627 1789 2681 αῦτὰ
1816 2627 1873 2681 δὲ

302 2724 381 2791 τῷ
417 2722 640 2793 μεγάλῳ
685 2721 953 2789 Βασιλείῳ
996 2722 1087 2773 καὶ
1129 2721 1161 2790 ἡ
1210 2722 1266 2772 ἐν
1298 2721 1627 2794 Καρθαγένῃ
1659 2721 1874 2785 σύνοδος

302 2814 645 2867 διατάττεται
679 2817 735 2867 ἐν
787 2815 870 2878 κζ’
908 2814 1096 2866 κανόνι
1136 2813 1327 2880 αὐτῆς.
1365 2812 1635 2882 Ζητητέον
1669 2808 1761 2868 οὖν
1805 2816 1874 2865 τὰ

304 2908 422 2959 ἐκεῖ
443 2905 729 2975 εἰρημένα.
765 2902 934 2973 Οἶμαι
965 2903 1021 2987 δὲ
1052 2903 1145 2957 τὸν
1175 2901 1270 2956 τοῦ
1307 2903 1549 2972 μεγάλου
1584 2903 1869 2959 Βασιλείου

304 3002 398 3051 καὶ
424 2996 515 3048 τὸν
542 2997 635 3066 τῆς
665 2997 721 3048 ἐν
748 2996 1074 3068 Καρθαγένῃ
1110 2995 1329 3048 συνόδου
1379 2997 1875 3068 ἐπικρατεστέρους
1902 3036 1943 3095 C

307 3084 469 3149 εἶναι,
500 3087 573 3149 ὡς
609 3088 1126 3158 μεταγενεστέρους,
1156 3087 1247 3139 καὶ
1297 3087 1373 3147 ὡς
1420 3087 1500 3158 τῷ
1529 3089 1872 3161 ἁποστολικῷ

307 3177 739 3248 συμφωνοῦντας
770 3178 982 3242 κανόνι,
1012 3176 1071 3240 ὃς
1097 3178 1222 3242 τοὺς
1254 3178 1349 3231 ἐπὶ
1381 3178 1612 3250 πορνείᾳ
1644 3180 1873 3243 ἁλόντας

304 3271 639 3340 ιεριυμένους
715 3267 1122 3340 καθαιρεῖσθαι,
1199 3269 1291 3322 καὶ
1372 3268 1448 3341 μὴ
1518 3271 1873 3340 ἀφορίζεσθαι

306 3360 478 3429 λέγει.

307 3642 531 3699 ΔΡΙΣΤ.
604 3661 624 3695 ι
676 3643 867 3714 Γήμας
916 3640 1285 3713 πρεσσύτερος
1354 3644 1731 3715 ημετατιθέσθω
1776 3647 1877 3716 τῆς

386 3756 406 3789 ε
447 3738 651 3802 τάξεως
673 3753 688 3766 ⁸
723 3735 1029 3802 ἐξωθείσθω
1059 3736 1116 3790 δὲ
1139 3734 1515 3807 μοιχεύσας,ἢ
1550 3736 1874 3808 πορνεύσας,

383 3849 403 3884 t
450 3834 543 3885 καὶ
574 3829 792 3900 ἀγέσθω
826 3830 908 3893 είς
943 3827 1254 3899 μετάνοιαν.
1297 3847 1316 3881 ι

395 4013 455 4065 '0
482 4012 719 4081 γυναῖκα
746 4009 924 4063 λαϐὼν
955 4009 1330 4079 πρεσῦύτερος
1362 4009 1459 4078 τῆς
1491 4009 1591 4080 μὲν
1643 4010 1875 4081 ἱερωσύ-

308 4124 406 4176 νης
460 4106 857 4176 μετακινεῖται,
888 4102 987 4172 τῆς
1035 4102 1092 4156 δὲ
1125 4104 1289 4174 τιμῆς
1335 4105 1428 4156 καὶ
1477 4104 1575 4172 τῆς
1609 4102 1876 4170 καθέδρας

310 4199 551 4269 μετέχει.
612 4195 673 4249 Ὀ
727 4196 784 4251 δὲ
828 4195 1158 4265 πορνεύσας,
1210 4196 1245 4266 ἢ
1303 4194 1621 4265 μοιχεύσας,
1670 4194 1876 4248 τέλειον

307 4278 609 4357 ἐξωθεῖται,
638 4288 733 4341 καὶ
759 4290 839 4351 είς
868 4288 1158 4359 μετάνοιαν
1188 4289 1399 4354 ἄγεται.
1818 4277 1821 4280 ’

907 4379 1152 4432 ΚΛΝΩΝ
1200 4379 1275 4432 B'.

317 4492 336 4525 ι
379 4462 551 4542 Γυνὴξ
600 4472 695 4525 ἐάν
748 4471 995 4542 γήμηται
1042 4469 1133 4522 δύο
1208 4469 1477 4538 ἀδελφοῖς,
1566 4469 1873 4536 ἐξωθείσθω

377 4582 395 4614 ι
443 4564 606 4632 μέχρι
636 4561 867 4614 θανάτου
906 4560 980 4629 μὴ
1017 4558 1313 4629 πειθομένη
1346 4558 1503 4611 λῦσαι
1534 4559 1625 4612 τὸν
1655 4562 1831 4629 γάμον
1859 4573 1873 4587 ⁸

385 4676 403 4707 ι
448 4656 588 4725 πλὴν
639 4657 697 4707 ὲν
746 4652 823 4724 τῷ
876 4655 1091 4724 θανάτῳ
1139 4655 1227 4707 διά
1281 4655 1380 4723 τὴν
1441 4654 1871 4723 φιλανθρωπίαν,

330 4744 333 4747 ’
386 4762 405 4795 ι
451 4745 685 4797 εἰποῦσα
706 4744 778 4806 ὡς
813 4745 1079 4814 ὑγιάνασα
1105 4742 1259 4796 λύσει
1290 4744 1379 4796 τὸν
1409 4744 1605 4812 γάμον,
1639 4744 1749 4807 ἕξει
1775 4742 1872 4813 τὴν

348 4830 405 4887 πὶ
450 4837 766 4906 μετάνοιαν.
787 4836 912 4889 Ἐὰν
936 4836 990 4888 δὲ
1016 4836 1319 4905 τελευτήσῃ
1346 4837 1377 4905 ἡ
1403 4836 1537 4905 γυνὴ
1565 4837 1621 4887 ἐν
1650 4834 1872 4904 τοιούτῳ

385 4949 402 4977 ι
447 4931 609 4997 γάμῳ
640 4927 793 4991 οῦσα,
824 4928 941 4998 ἦτοι
976 4931 1001 4981 ὁ
1031 4928 1192 4999 ἀνὴρ,
1222 4926 1487 4997 δυσχερὴς
1520 4924 1595 4995 τῷ
1624 4927 1870 4995 μείναντι

378 5037 394 5067 ι
441 5020 473 5086 ἡ
514 5017 796 5086 μετάνοια.
842 5036 864 5069 ι

378 5197 573 5249 ΒᾹΛΣ.
609 5197 672 5248 Ol
708 5194 808 5265 τῆς
855 5195 1139 5266 παρούσης
1190 5195 1407 5247 συνόδου
1452 5195 1594 5260 ἅγιοι
1629 5193 1870 5262 Πατέρες

300 5286 590 5339 διώκουσιν
618 5287 724 5339 άπὸ
749 5289 846 5355 τῆς
870 5285 1197 5356 Ἐκκλησίας
1236 5284 1397 5353 μέχρι
1426 5282 1679 5344 θανάτου,
1703 5282 1869 5350 ἤγουν

303 5378 497 5448 μέχρις
526 5378 590 5430 Ξιν
617 5377 692 5446 τῷ
720 5375 820 5446 βίῳ
850 5375 1118 5445 περίεστι,
1150 5374 1245 5445 τὴν
1276 5373 1548 5427 λαϐοῦσαν
1599 5373 1740 5425 κατὰ
1780 5372 1869 5423 νά-

303 5487 403 5541 μον
450 5470 628 5538 γάμου
677 5469 770 5522 δύο
816 5468 1101 5536 ἀδελφοὺς,
1135 5469 1229 5519 καὶ.
1284 5467 1358 5537 μὴ
1404 5467 1721 5519 ἀποστᾶσαν
1771 5465 1870 5534 τῆς

298 5560 759 5627 ἁθεμιτογαμίας.
803 5553 891 5621 Ὠς
921 5559 976 5611 δέ
1008 5575 1155 5620 τινος
1202 5558 1474 5619 εἰπόντος,
1500 5555 1563 5608 Ei
1589 5556 1645 5607 δὲ
1671 5571 1870 5608 καταν-

296 5651 452 5719 τήσει
478 5652 554 5714 είς
580 5650 831 5716 θάνατον,
865 5651 984 5706 οὐδὲ
1014 5650 1136 5704 τότε
1169 5649 1275 5703 τῶν
1311 5648 1471 5702 θείων
1504 5646 1868 5716 ἁγιασμάτων

1898 4383 1953 4442 Ι)

1974 1807 2260 1878 presbyter
2284 1807 2578 1876 c’opularit.
2610 1809 2815 1862 moveri
2847 1808 3058 1871 ordine,
3090 1810 3190 1863 hoc
3224 1818 3328 1874 est,
3362 1825 3545 1863 sacer-

1974 1898 2107 1953 dotii
2169 1899 2433 1967 dignitate
2489 1899 2688 1968 privari
2762 1900 3110 1969 (depositioni
3195 1900 3243 1955 is
3310 1915 3544 1969 namque

1972 1988 2239 2042 obnoxius
2261 1988 2375 2057 est)
2410 2004 2425 2043 :
2454 1990 2537 2044 sin
2568 1998 2747 2044 autem
2782 2001 2975 2061 stupro
3029 2006 3085 2046 se
3135 2000 3229 2046 aut
3277 1992 3542 2047 adulterio

1976 2079 2247 2150 polluerit,
2283 2080 2351 2133 ab
2398 2079 2628 2135 ecclesia
2668 2096 2891 2151 prorsus
2921 2082 3135 2150 expelli,
3170 2097 3236 2135 ac
3262 2082 3314 2135 in
3364 2083 3543 2152 ι)ωηὶ-

1976 2171 2204 2226 tentium
2239 2171 2531 2227 stationem
2568 2172 2821 2244 relegari,
2855 2173 3035 2243 ibique
3068 2174 3275 2245 lugere,
3330 2174 3540 2239 audire,

1976 2262 2190 2332 aliaque
2235 2278 2518 2333 poenarum
2582 2263 2914 2334 persolvere,
2982 2264 3067 2319 bic
3123 2281 3301 2320 canon
3359 2265 3538 2336 jubet.

1976 2353 2197 2425 Magnus
2228 2363 2409 2412 autem
2436 2353 2667 2409 Basilius
2720 2355 2993 2412 tricesimo
3047 2359 3282 2413 secundo
3335 2372 3543 2413 canone

1977 2445 2197 2499 tetidem
2230 2445 2412 2500 verbis
2447 2460 2509 2500 ea
2542 2461 2662 2516 qua!
2689 2454 2994 2516 sequuntur
3020 2450 3338 2517 pronuntiat
3386 2468 3400 2505 :
3438 2447 3540 2514 Qui

1976 2546 2279 2608 peccatum,
2331 2538 2527 2608 inquit,
2579 2538 2645 2591 ad
2686 2551 2915 2594 mortem
2964 2540 3147 2595 clerici
3196 2551 3442 2610 peccant,
3476 2541 3543 2595 de

1976 2627 2143 2698 gradu
2178 2642 2279 2683 suo
2313 2628 2684 2697 dejiciuntur;
2741 2644 2768 2682 a
2823 2629 3085 2685 laicorum
3129 2646 3255 2686 vero
3298 2648 3543 2686 commu-

1975 2717 2138 2771 nione
2168 2732 2509 2789 nequaquam
2539 2730 2820 2774 arcentur.
2874 2718 2992 2774 Non
3046 2722 3189 2775 enim
3242 2722 3543 2777 vindicabis

1975 2810 2058 2865 bis
2095 2810 2147 2865 in
2174 2811 2428 2881 idipsum.
2459 2810 2657 2868 Eadem
2685 2829 2835 2880 vero,
2881 2829 3001 2883 quae
3028 2829 3254 2883 magnus
3287 2814 3540 2877 Basilius,

1975 2901 2419 2973 Carthaginensis
2450 2918 2671 2974 quoque
2707 2904 2952 2975 synodus
2997 2905 3255 2960 vicesimo
3308 2907 3543 2975 septinzo

1975 3010 2180 3051 canone
2212 3000 2428 3065 statuit;
2478 3014 2597 3068 qum
2647 2998 2716 3053 ibi
2743 2999 2978 3054 diximus
3012 2999 3324 3069 quaerenda.
3363 2998 3541 3071 Magni

1976 3104 2137 3159 porro
2156 3088 2342 3144 Basilii
2362 3098 2413 3145 et
2430 3091 2881 3161 Cartliaginensis
2901 3091 3093 3163 synodi
3116 3105 3353 3147 canones
3373 3093 3542 3161 magis

1976 3187 2107 3249 puto
2159 3181 2473 3247 servandos,
2512 3182 2711 3251 quippe
2753 3180 2845 3251 qui
2897 3182 3234 3251 posteriores
3298 3182 3539 3247 fuerunt,

1977 3272 2261 3343 magisque
2283 3287 2407 3327 cum
2435 3273 2736 3343 apostolico
2768 3287 2979 3328 canone
3031 3272 3414 3339 consentiunt;
3447 3274 3538 3343 qui

1976 3371 2226 3419 sacratos
2277 3363 2523 3421 homines
2584 3356 2964 3419 fornicationis
3014 3378 3156 3428 reos,
3204 3364 3543 3433 depositione

1981 3459 2213 3521 tantum,
2273 3453 2571 3508 nonetiam
2630 3454 3009 3525 segregatione
3066 3454 3375 3511 multandos
3420 3471 3543 3512 esse

1976 3542 2241 3599 decernit.

1976 3635 2201 3691 ARIST.
2263 3655 2284 3689 ι
2334 3636 2619 3707 Presbyter
2665 3636 2758 3707 qui
2803 3651 3027 3691 uxorem
3074 3636 3309 3704 duxerit,
3354 3638 3544 3695 ordine

2054 3745 2074 3778 ι
2112 3728 2451 3797 deponatur;
2503 3729 2548 3784 si
2586 3744 2715 3783 vero
2776 3730 3079 3785 nitncbatus
3137 3740 3231 3785 aut
3268 3741 3540 3786 scortatus

2054 3836 2072 3869 ι
2118 3820 2298 3883 fixerit,
2348 3821 2668 3891 expellatur,
2725 3829 2781 3877 et
2845 3821 2911 3874 ad
2962 3824 3339 3891 pteuitentiam
3397 3826 3544 3877 redi-

2054 3927 2072 3959 t
2116 3920 2291 3980 gatur.
2335 3928 2353 3961 ι

2048 3998 2338 4070 Presbyter
2378 4016 2601 4057 uxorem
2653 4003 2859 4059 ducens
2911 4004 3220 4060 sacerdotio
3276 4015 3540 4071 movetur,

1979 4092 2083 4145 sed
2115 4090 2378 4147 honorem
2410 4101 2463 4147 et
2495 4094 2806 4149 cathedram
2846 4097 3061 4150 retinet.
3096 4093 3198 4162 Qui
3243 4096 3545 4154 fornicatus

1977 4192 2155 4236 autem
2192 4181 2314 4243 fuit.
2350 4192 2447 4237 aut
2476 4184 2809 4241 adulterium
2838 4187 3132 4252 counnisit,
3165 4188 3404 4258 perfecte
3445 4207 3543 4244 cx-

1979 4274 2216 4344 pcllitur,
2249 4286 2301 4331 et
2324 4277 2390 4331 ad
2424 4278 2801 4347 paenitentiam
2833 4279 3113 4350 redigitur.

2592 4368 2818 4425 CANON
2858 4369 2917 4425 Il.

1985 4473 2004 4508 ι
2051 4454 2294 4525 Femina,
2327 4460 2371 4514 si
2411 4460 2627 4515 duobus
2660 4460 2920 4518 fratribus
2969 4466 3236 4534 nupserit,
3286 4466 3543 4520 extruda-

2056 4568 2074 4598 ι
2121 4556 2210 4602 tur
2235 4566 2407 4620 usque
2440 4552 2505 4604 ad
2542 4562 2789 4619 mortem,
2821 4553 2866 4607 si
2894 4555 3299 4610 matrimonium
3332 4559 3544 4614 solvere

2058 4630 2088 4689 ι’
2125 4655 2231 4693 non
2266 4642 2661 4711 persuadeatur
2699 4662 2711 4698 :
2748 4652 2800 4697 at
2833 4644 2883 4699 in
2917 4654 3109 4710 morte,
3166 4657 3386 4717 propter
3445 4650 3545 4705 luto

2059 4749 2075 4782 ι
2126 4733 2463 4798 mauitatcm,
2530 4736 2576 4789 si
2631 4735 2847 4804 dixerit,
2902 4738 3046 4807 quod
3101 4740 3146 4792 si
3181 4743 3539 4807 convaluerit,

2055 4842 2071 4872 ι
2117 4823 2288 4877 solvet
2341 4826 2787 4890 matrimonium,
2866 4829 3088 4883 habebit
3142 4832 3540 4899 pmniteutiatn.

2058 4931 2075 4962 ι
2122 4913 2224 4967 Sed
2259 4914 2302 4968 si
2342 4926 2552 4970 mortua
2603 4916 2764 4973 fuerit
2800 4922 2997 4974 mulier
3059 4923 3111 4975 in
3147 4922 3236 4975 tali
3291 4922 3543 4993 conjugio

2054 5024 2070 5053 ι
2113 5008 2403 5065 ρκεῐείοηε.
2444 5008 2523 5061 vel
2553 5008 2672 5078 ejus
2698 5012 2946 5075 maritus,
2973 5012 3208 5066 difﬁcilis
3231 5021 3323 5068 est
3349 5030 3543 5083 super-

2049 5114 2072 5145 ι
2116 5098 2226 5151 stili
2263 5099 2598 5166 patuitcntia.
2642 5121 2661 5151 ι

2049 5185 2243 5241 BALS.
2281 5190 2570 5246 Praesentis
2635 5194 2826 5262 synodi
2873 5194 3045 5247 sancti
3098 5192 3289 5249 Patres
3334 5195 3402 5250 ab
3454 5212 3545 5254 ec-

1976 5278 2136 5332 clesia
2170 5279 2234 5332 ad
2286 5288 2511 5335 mortem
2565 5295 2734 5351 u5que
2775 5285 3075 5353 expellunt,
3110 5284 3323 5340 scilicet
3372 5288 3545 5343 donec

1976 5371 2026 5425 ei
2079 5372 2185 5424 vita
2241 5384 2507 5442 superest,
2545 5389 2664 5428 eam
2716 5390 2835 5443 quae
2896 5374 3140 5443 legitimo
3194 5378 3545 5434 matrimonio

1976 5463 2113 5516 duos
2144 5462 2337 5518 fratres
2367 5466 2659 5535 acceperit,
2717 5474 2773 5519 et
2822 5480 2851 5519 a
2919 5466 3131 5521 nefario
3192 5470 3545 5526 matrimonio

1976 5568 2084 5607 non
2118 5554 2416 5610 destiterit.
2446 5556 2729 5627 Tanquam
2763 5567 2943 5613 autem
2971 5559 3203 5616 dixisset
3233 5561 3542 5632 quispiam;

1978 5644 2074 5700 Sin
2112 5657 2293 5702 autem
2326 5648 2392 5702 ad
2434 5658 2659 5704 mortem
2696 5651 3025 5719 pervenerit,
3056 5666 3123 5707 nc
3160 5660 3291 5709 tunc
3326 5654 3543 5723 quidem
