4014 6224
262 315 400 385 1209

1311 330 1396 393 IN
1433 331 1600 395 CAN.
1644 332 1723 394 VI
1759 330 1969 397 conc.
2008 291 2458 402 Naocasan.

3377 337 3515 407 1210

256 440 317 495 ιν
351 444 419 515 τῇ
451 443 584 513 εὐχῇ
636 444 809 511 ἐστιν,
863 444 1180 517 ἀκροάσθω,
1238 434 1499 503 τουτέστι
1524 449 1665 520 μετά
1724 451 1814 503 τῶι

1936 450 2057 505 dem
2088 469 2153 507 ex
2177 453 2569 523 perfectiorum
2585 467 2815 509 numero
2851 451 3031 520 fuerit,
3062 466 3253 508 eorum
3278 455 3510 524 scilicet,

266 534 463 606 μέχρις
504 534 824 606 ἀκροάσεως
868 537 1181 607 ἱσταμένων
1228 541 1433 610 στήτω,
1500 543 1550 593 εί
1587 541 1835 610 ἀπόσχη·

258 642 350 679 ται
376 626 470 680 τοῦ
496 628 859 698 ἁμαρτάνειν*
908 631 959 683 ιι
1000 631 1057 685 δὲ
1098 632 1209 686 τῶν
1235 632 1603 703 ἀκροωμένων
1660 633 1829 698 ἐστὶν,

259 716 343 773 ἔτι
374 721 468 773 καὶ
501 720 832 792 ἁμαρτάνει.
882 723 1213 790 ιξωθείσθω,
1252 724 1376 780 ἀντὶ
1433 725 1531 779 τοῦ
1587 724 1694 793 ἔξω
1733 726 1836 797 τῆς

261 812 560 884 ἐκκλησίας
592 816 774 887 στήτω
807 816 951 887 μετὰ
974 816 1085 871 τῶν
1113 817 1584 890 προσκλαιόντων.

265 1082 494 1139 ΔΡΙΣΤ.
560 1098 581 1136 ι
627 1080 693 1137 Ὅ
724 1084 785 1139 ιν
816 1082 895 1155 τῷ
916 1084 1277 1156 κατηχιΐσθαι
1336 1084 1685 1154 ἁμαρτάνων,
1736 1085 1832 1143 ιάν

343 1193 365 1229 ι
408 1176 540 1244 γόνυ
574 1176 774 1232 κλίνων
810 1179 1010 1249 μηκέτι
1040 1178 1371 1250 ἁμαρτάνοι,
1412 1180 1729 1253 ἀκροάσθωο
1778 1181 1830 1236 ιι

270 1288 271 1291 η
342 1286 363 1321 ι
405 1268 462 1323 δι
507 1270 603 1324 καὶ
632 1271 987 1343 ἀκροώμενος
1013 1273 1345 1346 ἁμαρτάνοι.
1376 1272 1564 1329 τέλεον
1591 1271 1833 1328 ἀπωθεί-

332 1378 354 1413 ι
400 1362 535 1418 σθω.
591 1381 611 1417 ο

326 1453 433 1508 Δύο
477 1454 595 1527 ιῐδη
626 1429 738 1512 τείν
790 1458 1222 1533 κατηχουμένων
1276 1459 1435 1516 είσίνο
1478 1462 1531 1517 οί
1579 1460 1683 1534 μιν
1720 1462 1833 1532 γάρ
1912 1478 1915 1481 ·

260 1546 390 1616 ἀρτι
424 1549 847 1623 προσέρχονταιο
896 1552 980 1607 διὸ
1012 1553 1109 1607 καὶ⁵
1165 1553 1242 1618 ὡς
1289 1552 1634 1623 ἀτελέστεροι
1692 1554 1832 1625 μετὰ

258 1638 361 1706 τὴν
384 1640 652 1707 ἀκρόασιν
678 1642 788 1696 τῶν
818 1642 1077 1714 Γραφῶν,
1104 1644 1199 1698 καὶ⁵
1240 1644 1352 1698 τῶν
1376 1644 1541 1699 θείων
1581 1645 1832 1713 Εὐαγγε-

256 1727 390 1782 λίων
429 1732 594 1794 εὐθὺς
618 1733 859 1804 ἐξίασιν
890 1736 941 1788 οῑ
968 1735 1025 1789 δὲ
1086 1735 1195 1805 πρὸ
1236 1736 1433 1807 καιροῦ
1495 1736 1825 1806 προσῆλθον,

259 1823 353 1877 καὶ
382 1826 642 1892 γεγόνασι
669 1826 988 1895 τελεώτεροι
1017 1843 1031 1857 ⁸
1059 1828 1183 1881 ὅθεν
1209 1828 1304 1881 καὶ
1329 1828 1467 1897 μετὰ
1497 1829 1557 1881 τὸ
1580 1827 1830 1895 Εὐαγγέ-

257 1921 371 1973 λιον
401 1919 499 1990 τὴν
524 1921 616 1972 ἐπὶ
642 1921 753 1983 τοῖς
796 1922 1229 1991 κατηχουμένοις
1270 1919 1436 1990 εύχὴν
1469 1923 1825 1991 ἀναμένουσι’

256 2013 351 2067 καὶ
378 2015 436 2065 ἐν
463 2012 539 2083 τῷ
573 2014 1018 2081 προσφωνείσθαι
1052 2014 1136 2077 τὸ,
1164 2015 1227 2067 Oi
1252 2014 1676 2085 κατηχούμενοι,
1723 2016 1826 2078 τὰς

238 2106 497 2174 ¹κεφαλὰς
530 2106 683 2176 ὑμῶν
710 2106 787 2176 τῷ
817 2108 1009 2179 Κυρίῳ
1024 2108 1343 2173 κλίνατε,τδ
1365 2111 1493 2177 γόνυ
1524 2110 1820 2166 κλίνουσιν.

258 2200 322 2251 Ol.
356 2197 484 2264 γοῦν
522 2196 865 2265 τελεώτεροι,
899 2196 975 2258 ὡς
1024 2198 1316 2264 γευόμενοι
1350 2198 1518 2252 καλοῦ
1551 2200 1686 2252 Θεοῦ
1724 2202 1822 2273 ῥή-

257 2307 423 2359 ματα,
462 2289 556 2341 καὶ
591 2287 1027 2358 παραπεσόντες,
1080 2290 1508 2358 μετακινοῦνται
1560 2292 1658 2361 τῆς
1688 2294 1817 2346 στά-

253 2398 416 2443 σεως,
462 2382 553 2432 καλ
587 2380 699 2442 τοῖς
735 2379 1109 2447 ἀκροωμένοις
1139 2381 1551 2434 συντάττονται’
1586 2384 1631 2435 εἰ
1654 2382 1709 2434 δὲ
1729 2385 1820 2436 καὶ

250 2474 595 2542 ἀκροώμενοι
646 2471 1043 2541 ἁμαρτάνουσι,
1070 2474 1181 2543 τῆς
1255 2474 1579 2544 Ἐκκλησίας
1635 2474 1820 2529 τέλεον

246 2565 601 2629 ἑξωθοῦνται.

848 2662 1087 2715 ΚΑΝΩΝ
1124 2661 1215 2727 (τ.

254 2770 272 2803 ι
312 2753 448 2823 Περὶ
514 2753 917 2824 κυοφορούσης,
971 2755 1053 2808 ὅτι
1110 2755 1191 2808 δεῖ
1252 2754 1605 2824 φωτίζεσθαι,
1656 2759 1817 2812 ὁπότε

318 2863 337 2895 ι
379 2843 650 2912 βούλεται.
723 2846 889 2898 Οὐδὲν
960 2845 1069 2915 γὰρ
1120 2848 1178 2897 ὲν
1240 2846 1414 2914 τούτῳ
1474 2850 1724 2900 κοινωνεῖ
1780 2851 1812 2918 ὴ

322 2952 340 2983 ι
378 2933 639 2986 τίκτουσα
671 2934 745 3001 τῷ
770 2936 1104 3005 τικτομένῳ·
1156 2934 1242 2988 διὰ
1276 2936 1336 2989 τὸ
1386 2938 1614 2991 ἑκάστου
1681 2938 1816 2992 ίδίαν

324 3044 343 3077 ι
380 3024 477 3096 τὴν
526 3026 852 3097 προαίρεσιν
898 3025 999 3099 τὴν
1056 3028 1149 3081 ἐπὶ
1200 3031 1265 3102 τῇ
1300 3030 1561 3102 ὁμολογίᾳ
1601 3031 1815 3084 δείκνυ-

318 3136 336 3171 ι
379 3119 524 3174 σθαι.
574 3137 593 3171 ι

317 3302 511 3356 ΒΑΛΣΖ
544 3300 703 3363 Τινὲς
727 3299 914 3368 ἔλεγον
941 3300 1016 3370 μὴ
1049 3302 1289 3369 ὀφείλειν
1330 3303 1688 3373 βαπτίζεσθαι
1717 3306 1817 3371 τὰς

240 3393 301 3457 ἐξ
332 3393 577 3445 ἀπίστων
616 3395 681 3461 τῇ
750 3392 1057 3464 Ἐκκλησία
1106 3395 1556 3466 προσερχομένας
1614 3415 1816 3465 κυοφοο

246 3486 468 3559 ρούσας,
505 3487 620 3538 ἀλλ’
644 3487 937 3555 ἀναμένειν
971 3487 1067 3551 τὴν
1100 3486 1180 3550 είς
1206 3489 1267 3540 τὸ
1300 3489 1415 3556 φῶς
1457 3488 1552 3543 τοῦ
1588 3491 1811 3546 τοκετοῦ

237 3580 538 3646 ὲξέλευσιν,
568 3580 652 3632 τνα
681 3579 778 3648 μὴ.
814 3579 1019 3649 ταύτης
1052 3581 1477 3651 βαπτιζομένης,
1516 3584 1643 3655 δόξῃ
1677 3603 1814 3655 συμ-

236 3672 602 3735 ϐαπτίξεσθαι
636 3673 731 3725 καὶ
779 3671 839 3723 τὸ
884 3672 1383 3743 ἐγκυμονούμενον,
1416 3676 1492 3737 ὡς
1529 3677 1811 3745 ἡνωμένον

233 3762 410 3815 διόλου
444 3762 602 3830 αὐτῇ·
629 3760 922 3814 κάντεῦθεν
957 3761 1095 3829 μετά
1126 3762 1186 3813 τὸ
1217 3763 1574 3833 γεννηθῆναι,
1604 3765 1635 3834 ἢ
1664 3766 1812 3834 ἀφώ-

237 3869 425 3904 τιστον
475 3849 835 3919 καταλειφθῇ,
889 3850 921 3918 ἢ
980 3849 1379 3919 βαπτιζόμενον
1444 3852 1665 3923 λογισθῇ
1716 3855 1810 3907 καὶ

235 3941 391 4004 αὖθις
429 3938 812 4010 βαπτίζεσθαι.
857 3941 918 3991 Ol
949 3938 1081 4006 γοῦν
1118 3940 1381 4011 Πατέρες,
1410 3940 1508 4011 τὴν
1534 3941 1807 3998 ἀντίθεσιν

231 4033 442 4102 ταύτην
487 4032 561 4100 μὴ
582 4030 1045 4099 παραδεξάμενοι,
1077 4020 1291 4099 ὥρισαν
1313 4034 1807 4103 ἀποκριματίστως

234 4124 602 4195 βαπτίζεσθαι
648 4123 749 4186 τὰς
797 4123 1198 4193 κυοφορούσας,
1227 4124 1318 4176 ὅτε
1378 4124 1680 4194 βούλοιντο,
1721 4128 1809 4183 διὰ

228 4216 295 4269 τὸ
329 4215 602 4285 μηδεμίαν
635 4213 927 4268 κοινωνίαν
978 4215 1198 4267 ὑπεῖναι
1244 4216 1311 4284 τῇ
1372 4216 1634 4289 τικτούσῃ
1670 4219 1809 4287 μετά

232 4305 331 4361 τοῦ
360 4305 711 4375 τικτομένου,
738 4305 861 4357 ὅσον
888 4306 970 4366 είς
1001 4304 1091 4357 τὸν
1121 4305 1280 4373 λόγον
1306 4307 1399 4359 τοῦ
1436 4308 1805 4379 φωτίσματος.

242 4399 455 4463 Ἄλλως
486 4415 567 4463 τε,
610 4397 799 4467 φασὶν,
831 4397 1110 4464 ἀναγκαία
1166 4399 1313 4452 ἐστὶν
1347 4401 1376 4469 η
1406 4400 1637 4455 ἑκάστου
1672 4405 1801 4473 ὁμο-

235 4492 397 4560 λογία
429 4493 488 4543 ὲν
518 4490 595 4559 τῷ
645 4488 1031 4559 βαπτίζεσθαιο
1068 4488 1131 4551 τὸ
1172 4489 1230 4541 δὲ
1268 4490 1507 4560 ἔμϐρυον
1573 4495 1804 4565 ἐστερη-

228 4584 394 4652 μένον
416 4580 713 4641 διαθέσεως
737 4580 795 4631 ού
821 4578 1046 4631 δύναται
1076 4577 1175 4642 τὰς
1206 4579 1299 4631 ἐπὶ
1348 4581 1424 4649 τῷ
1455 4580 1802 4654 βαπτίσματι

224 4673 523 4741 ὁμολογίας
561 4672 810 4740 ποιῆσαι.
864 4668 1182 4741 Προσετέθη
1238 4670 1294 4724 δὲ
1346 4670 1423 4741 τῷ
1478 4674 1664 4728 κανόνι
1718 4675 1799 4738 τὸ,

225 4762 316 4815 ὅτε
351 4762 649 4831 βούλοιντο,
682 4761 770 4814 διὰ
806 4761 933 4823 τοὺς
957 4760 1219 4830 λέγοντας
1252 4765 1361 4833 πρὸ
1397 4764 1498 4834 μὲν
1531 4766 1626 4818 τοῦ
1659 4767 1801 4820 είδο-

228 4853 526 4924 ποιηθῆναι
592 4853 654 4906 τὸ
719 4851 961 4924 ἔμϐρυον
1022 4856 1102 4918 είς
1150 4853 1438 4926 ἄνθρωπον
1501 4858 1802 4922 ἀκινδύνως

226 4942 596 5013 βαπτίζεσθαι
645 4945 745 5014 τὴν
801 4944 1016 5015 μητέρα
1059 4945 1496 5014 ὲγκυμονοῦσαν,
1545 4948 1685 5019 μετά
1743 4948 1800 5002 δὲ

221 5036 388 5089 τοῦτο
417 5035 491 5106 μὴ
536 5036 718 5099 καλῶς
762 5037 937 5105 αὐτὴν
995 5035 1374 5105 βαπτίζεσθαι³
1411 5039 1499 5093 διά
1546 5042 1605 5094 τὸ
1658 5039 1799 5096 εἶναι

219 5125 489 5195 τοιαύτης
541 5125 836 5189 διαθέσεως
870 5126 933 5179 τὸ
985 5128 1482 5198 ὲγκυμονούμενον,
1516 5132 1633 5195 οἵας
1690 5134 1799 5187 εἰσι

214 5216 321 5270 καὶ
354 5216 721 5287 ἀρτιγέννητα
755 5216 947 5285 νήπια,
984 5217 1051 5269 τά
1079 5217 1154 5286 μὴ
1182 5217 1457 5289 δυνάμενα
1488 5222 1813 5292 όμολογεῖνρ

208 5306 317 5361 Διό
337 5324 418 5359 τοι
465 5307 560 5359 καὶ
591 5304 747 5360 εἷπον
781 5308 831 5359 0i
860 5306 1103 5376 Πατέρες
1132 5307 1221 5359 ἐπ’
1250 5309 1434 5374 ἀδείας
1494 5311 1665 5381 ἔχειν
1699 5314 1797 5381 τὴν

202 5397 656 5468 ἑγκυμονοῢσαν,
680 5401 768 5454 ὅτε
801 5402 944 5456 θέλει
983 5402 1370 5472 βαπτίζεσθαι.
1428 5405 1510 5458 Τά
1550 5405 1651 5476 μὲν
1681 5407 1792 5477 γὰρ

207 5491 468 5562 ἔμϐρυα,
502 5493 650 5555 ὅπως
678 5492 867 5562 έχουσι
906 5494 1224 5560 διαθέσεως,
1285 5482 1460 5559 οὐδεὶς
1500 5500 1797 5569 περιεργά·

201 5583 422 5639 σασθαι
454 5584 736 5655 δύναταιῆ
769 5585 1157 5650 ἀναδέξασθαι·
1186 5587 1255 5639 τὰ
1279 5587 1337 5640 δὲ
1368 5588 1543 5659 νήπια
1575 5588 1664 5643 διὰ
1683 5592 1794 5644 τῶν

195 5676 631 5746 ἀναδεχομένων
662 5676 803 5730 αὐτὰ
825 5679 1228 5745 κατατίθενται,
1264 5680 1357 5732 καὶ
1382 5682 1792 5751 πραγματικῶς

200 5767 567 5841 φωτιζόμενα
595 5767 751 5834 θείας
784 5768 1165 5835 καταξιοῧνται
1205 5768 1545 5845 ἐλλάμψεως.
1622 5773 1781 5829 Ἀνά-

1936 546 2028 615 qui
2056 545 2108 599 iu
2142 546 2457 616 precatione
2502 561 2642 618 genu
2701 546 2951 610 flectunt,
2998 546 3204 611 audiat,
3271 548 3376 604 hoc
3404 559 3513 615 est,

1935 653 2062 694 cum
2095 640 2163 695 iis
2197 641 2292 710 qui
2324 640 2622 697 auscultarl
2662 640 3046 697 tantummodo
3098 642 3512 712 permittuntur,

1936 731 1983 786 si
2016 730 2183 786 modo
2208 731 2368 786 finem
2399 732 2663 801 peccandi
2689 732 2899 799 fecerit,
2938 732 3243 799 consistat;
3278 735 3364 789 sin
3381 750 3515 789 vero

1935 820 2081 877 inter
2109 822 2397 879 audientes
2426 838 2594 894 agens
2618 822 2801 877 sdlmc
2837 831 3019 878 tamen
3046 823 3379 885 olleuderit.
3414 843 3513 882 ex-

1934 912 2087 983 pelli,
2114 914 2220 969 hoc
2241 923 2349 979 est,
2372 924 2526 969 extra
2549 914 2838 970 ecclesiam
2860 930 2986 971 cum
3014 915 3326 987 lugentibus
3344 928 3513 982 stare,

1934 1001 2025 1058 hic
2057 1019 2235 1060 cauoa
2256 1005 2435 1076 jubet.

1934 1092 2167 1151 ABIS’I‘.
2217 1114 2238 1148 ι
2275 1096 2720 1153 Cateehumenus
2761 1098 3040 1169 ﬁpeecans,
3080 1099 3150 1163 sl,
3185 1099 3316 1155 dum
3368 1116 3511 1173 genu

2014 1208 2034 1244 ι
2076 1190 2269 1255 ﬂectit.
2294 1191 2532 1263 amplius
2556 1193 2889 1264 peccaverit,
2922 1192 3067 1248 inter
3092 1193 3378 1251 audientes
3403 1195 3512 1260 sit;

2011 1301 2031 1337 ι
2077 1284 2186 1351 sin,
2222 1285 2350 1339 dum
2381 1287 2525 1341 inter
2556 1284 2848 1341 audientes
2892 1293 2997 1352 est,
3044 1294 3257 1357 peccet,
3292 1287 3512 1357 penitus

2016 1393 2037 1429 ι
2082 1375 2360 1445 ejiciatur.
2392 1394 2413 1431 ι

2005 1468 2138 1523 Duze
2183 1478 2314 1525 sunt
2372 1471 2585 1540 species
2644 1468 3167 1525 catechumenorum
3212 1471 3509 1526 :uonnnlli

1930 1558 2075 1612 enim
2106 1558 2266 1612 modo
2293 1559 2603 1620 accedunt:
2640 1560 2902 1629 quocirca
2939 1569 2991 1613 et
3027 1570 3087 1614 ut
3131 1548 3512 1631 lmper'feetio«

1930 1663 2019 1703 res
2047 1658 2168 1718 post
2200 1648 2605 1719 Scripturarum
2629 1659 2685 1705 et
2715 1651 3129 1723 Evangeliorum
3170 1652 3509 1707 auditionem

1931 1740 2112 1795 statim
2140 1741 2488 1795 emittuntur.
2519 1741 2622 1795 Alii
2662 1750 2841 1795 autem
2865 1750 2989 1793 ante
3021 1748 3237 1809 tempus
3271 1740 3496 1810 aliquod

1932 1830 2291 1894 advenerunt,
2335 1840 2390 1885 et
2448 1830 2807 1901 perfectiores
2863 1839 3177 1885 evaserunt.
3227 1831 3408 1897 Quare
3455 1841 3511 1886 et

1932 1929 2053 1988 post
2092 1918 2441 1990 Evangelium
2498 1934 2689 1989 preces
2737 1935 2836 1989 pro
2889 1922 3301 1975 catechumenis
3337 1922 3509 1977 factas

1932 2018 2290 2079 exspectant;
2348 2020 2403 2064 et
2468 2026 2593 2065 cum
2653 2011 2782 2065 illud
2828 2012 3048 2073 dicitur,
3096 2011 3507 2080 Catcchumeni,

1930 2100 2107 2169 capita
2144 2109 2323 2155 vestra
2360 2099 2589 2155 Domino
2621 2100 2843 2167 flectite,
2890 2117 3027 2172 genu
3050 2104 3291 2159 flectunt.
3323 2104 3510 2160 Perfe-

1930 2194 2132 2248 ctiores
2155 2193 2338 2263 itaque
2373 2204 2431 2247 ut
2461 2194 2552 2264 qui
2583 2196 2724 2248 bona
2759 2194 2852 2249 Dei
2884 2198 3049 2251 verba
3089 2206 3504 2266 pergustarunt,

1930 2286 1973 2339 si
2002 2284 2138 2351 lapsi
2204 2283 2430 2343 fuerint.
2489 2285 2726 2340 statione
2784 2300 2883 2339 sua
2942 2296 3253 2352 moventur,
3290 2299 3505 2342 etcum

1929 2375 2275 2431 audientibus
2326 2376 2712 2442 collocantur;
2775 2377 2818 2431 si
2878 2386 3086 2443 autem,
3138 2388 3192 2432 et
3234 2395 3359 2434 eum
3410 2395 3509 2433 au-

1927 2469 2146 2523 dientes
2182 2469 2313 2533 sint,
2349 2476 2601 2539 peccant,
2649 2471 2717 2523 ab
2746 2471 2976 2525 ecclesia
3040 2471 3279 2541 perfecte
3315 2473 3508 2542 expel-

1926 2560 2133 2615 luntur.

2511 2655 2741 2712 CANON
2795 2656 2887 2712 Vl.

1931 2761 1950 2795 ι
1996 2745 2071 2800 De
2100 2761 2162 2801 ea
2222 2764 2343 2817 quae
2394 2757 2608 2803 uterum
2642 2750 2801 2818 gerit,
2862 2752 3007 2819 quod
3065 2760 3316 2822 oporteat
3383 2767 3503 2809 eam

2000 2860 2019 2893 ι
2064 2842 2356 2909 baptizari,
2412 2841 2631 2908 quando
2686 2843 2842 2898 velit.
2900 2842 3043 2895 Nihil
3074 2844 3225 2896 enim
3253 2859 3344 2906 ea,
3385 2860 3507 2914 qua:

2001 2956 2020 2989 ι
2070 2936 2229 3005 parit,
2264 2950 2388 2989 cum
2432 2935 2565 2999 fetu,
2594 2936 2685 3005 qui
2734 2935 2965 3002 paritur,
3012 2936 3112 2990 hac
3172 2938 3225 2990 in
3262 2953 3318 2992 re
3351 2954 3497 2992 com-

1968 3018 2017 3081 ἰ
2068 3044 2234 3082 mune
2270 3027 2480 3091 habet;
2544 3026 2688 3097 quod
2733 3027 3013 3097 proprium
3064 3029 3505 3099 uniuscujusque

1844 3110 1889 3169 α
1998 3139 2017 3171 ι
2063 3120 2374 3175 institutum
2402 3133 2465 3173 ac
2492 3119 2833 3189 propositum
2862 3119 2916 3172 in
2949 3119 3297 3175 confessione
3321 3134 3506 3178 osten-

1998 3229 2017 3261 ι
2065 3211 2245 3263 datur.

1988 3300 2189 3359 BALS.
2225 3300 2455 3368 Quidam
2496 3301 2772 3361 dicehant,
2828 3318 2935 3356 non
2987 3303 3187 3357 debere
3236 3304 3502 3374 baptizari

1915 3393 2188 3462 gravidas,
2226 3408 2346 3462 quae
2403 3408 2468 3447 ex
2518 3393 2828 3448 infidelibus
2875 3395 2939 3449 ad
3001 3395 3298 3449 Ecclesium
3347 3410 3502 3449 acce-

1915 3484 2074 3549 dunt,
2103 3483 2198 3539 sed
2223 3495 2545 3554 exspectare
2606 3485 2751 3539 fetus
2787 3487 2839 3539 in
2900 3487 3073 3541 lucem
3124 3487 3377 3555 exitum;
3433 3501 3502 3539 ne

1913 3575 2043 3629 dum
2073 3591 2133 3630 ea
2170 3575 2502 3645 baptizatur,
2543 3576 2796 3630 videatur
2828 3592 3049 3646 quoque
3083 3594 3187 3631 una
3234 3579 3500 3645 baptizari

1917 3667 2091 3727 fetus,
2131 3681 2294 3736 quem
2348 3668 2427 3721 in-
2460 3676 2618 3722 utero
2666 3670 2830 3737 gerit,
2854 3677 2915 3723 ut
2949 3670 3040 3739 qui
3075 3673 3146 3724 sit
3195 3671 3243 3724 ei
3276 3670 3501 3724 omnino

1914 3742 2142 3812 unitus:
2176 3774 2289 3827 quo
2317 3758 2375 3812 fit
2409 3765 2469 3811 ut
2500 3768 2789 3828 postquam
2844 3768 3010 3815 natus
3044 3761 3228 3824 fuerit,
3262 3761 3342 3815 vel
3388 3778 3498 3815 non

1913 3849 2226 3920 baptizatus
2274 3850 2636 3918 relinquetur,
2688 3851 2770 3904 vel
2824 3853 2868 3906 si
2935 3852 3270 3921 baptizetur,
3310 3869 3500 3908 rursus

1913 3942 2185 4010 baptizari
2220 3951 2522 4012 reputatur.
2568 3941 2758 3999 Patres
2815 3944 3024 4014 itaque,
3060 3946 3158 3999 hac
3209 3945 3496 3999 coutradi-

1914 4034 2096 4087 ctioue
2123 4048 2231 4086 non
2261 4033 2520 4098 admissa,
2582 4042 2917 4099 statuerunt,
2953 4043 3007 4090 ut
3048 4036 3166 4090 sine
3215 4034 3324 4089 ullo
3358 4051 3498 4104 pra:-

1908 4128 2118 4199 judicio
2147 4127 2494 4195 baptizentnr
2531 4135 2877 4195 przegnautes
2942 4127 3222 4191 mulieres,
3275 4126 3497 4194 quando

1913 4218 2219 4282 voluerint;
2251 4232 2316 4270 eo
2341 4217 2485 4286 quod
2518 4217 2652 4270 nihil
2686 4218 2879 4271 habeat
2907 4232 3200 4272 commune
3229 4233 3498 4285 puerpera

1915 4322 2041 4361 cum
2078 4306 2189 4361 fetu
2233 4307 2326 4375 qui
2362 4308 2594 4375 paritur,
2635 4307 2777 4375 quod
2807 4306 2869 4359 ad
2899 4307 3233 4376 baptismum
3272 4307 3494 4361 attinet.

1913 4398 2170 4465 Maxime,
2206 4399 2494 4469 inquiunt,
2525 4414 2650 4454 cum
2689 4400 2760 4454 sit
2812 4398 3113 4467 unicuique
3149 4414 3250 4453 sua
3294 4399 3349 4453 iu
3406 4399 3498 4452 ba-

1916 4491 2509 4561 ptismatenecessario
2536 4491 2831 4560 promissio
2875 4508 2888 4543 :
2946 4491 3088 4545 fetus
3135 4502 3341 4558 autem,
3400 4494 3493 4561 qui

1908 4594 1994 4640 est
2033 4586 2086 4638 in
2117 4593 2295 4646 utero.
2331 4598 2455 4638 cum
2517 4584 2587 4637 sit
2640 4582 2932 4638 affectione
3001 4585 3330 4648 destitutus,
3384 4604 3492 4640 nou

1904 4680 2084 4741 potest
2116 4688 2237 4741 qua:
2266 4672 2318 4725 in
2349 4671 2675 4740 baptismate
2702 4662 3073 4741 'requiruntur
3116 4675 3491 4742 professiones

1905 4773 1959 4818 et
1990 4772 2115 4819 vota
2149 4763 2351 4818 facere.
2383 4762 2545 4834 m7
2580 4763 2865 4832 Adjectum
2915 4772 3000 4819 est
3052 4776 3234 4820 autem
3290 4770 3489 4821 canoni

1905 4853 2060 4918 illud,
2093 4854 2323 4919 Quando
2348 4854 2541 4919 velint,
2580 4862 2803 4923 propter
2834 4870 2929 4910 eos
2962 4857 3053 4925 qui
3093 4856 3307 4922 dicunt,
3341 4868 3491 4911 autc-

1903 4963 2066 5018 quam
2094 4949 2239 5003 fetus
2262 4947 2531 5003 formetur
2572 4948 2625 5002 in
2654 4949 2930 5004 hominem
2979 4965 3139 5019 posse
3198 4950 3484 5003 mulierem

1906 5050 2278 5112 praegnantem
2327 5042 2447 5095 siuc
2508 5040 2767 5109 periculo
2816 5042 3104 5110 baptizari,
3170 5056 3276 5094 non
3334 5049 3486 5094 recte

1902 5142 2083 5186 autem
2120 5132 2387 5200 baptizari
2422 5140 2612 5201 postea
2659 5150 2673 5186 :
2710 5124 2968 5201 quoniam
3005 5131 3079 5196 id,
3129 5131 3276 5201 quod
3323 5129 3489 5184 habe-

1900 5235 1989 5278 tur
2032 5225 2083 5277 iu
2110 5235 2284 5287 utero,
2322 5224 2374 5278 iu
2407 5241 2467 5279 ea
2494 5233 2576 5281 est
2600 5225 3021 5289 constitutione,
3062 5225 3113 5277 iu
3153 5240 3262 5294 qua
3294 5224 3483 5277 infan-

1900 5325 1981 5373 tes
2006 5313 2166 5372 modo
2207 5318 2317 5372 nati
2350 5318 2442 5387 qui
2486 5318 2731 5386 polliceri
2805 5332 2910 5370 nou
2962 5328 3233 5384 possunt;
3262 5327 3319 5372 et
3365 5319 3487 5373 ideo

1903 5406 2161 5462 dixerunt
2197 5405 2408 5468 Patres,
2428 5422 2553 5462 esse
2582 5407 2634 5459 in
2662 5406 2910 5461 mulieris
2947 5407 3184 5470 gravidae
3210 5416 3486 5477 potestate

1901 5498 2168 5568 baptizari
2196 5498 2415 5569 quando
2440 5499 2590 5553 velit.
2622 5497 2906 5563 Quomodo
2930 5500 3074 5554 enim
3126 5516 3187 5556 se
3242 5502 3482 5557 habeant

1898 5589 2066 5657 fetus,
2100 5605 2261 5645 nemo
2287 5598 2466 5660 potest
2504 5591 2844 5660 perquirere,
2898 5594 2980 5646 vel
3018 5608 3114 5650 eos
3164 5596 3473 5665 suscipere.

1899 5682 2144 5737 infantes
2177 5682 2357 5737 autem
2391 5697 2487 5752 per
2514 5691 2875 5751 susceptores
2905 5699 3036 5741 suos
3096 5686 3388 5750 afﬁrmant.
3418 5696 3474 5741 et.

1900 5783 2022 5833 actu
2060 5775 2317 5847 baptizati
2344 5774 2524 5829 divina
2560 5774 2961 5833 illuminatioue
2987 5777 3471 5851 diguiccnscntur.
