4014 6224
234 300 365 367 13213

1262 300 1344 362 IN
1368 302 1534 363 CAN.
1578 300 1689 361 VII
1730 298 1938 362 CONC.
1973 300 2414 363 NEOCAESAR.

3350 296 3485 361 1214

231 424 320 469 καὶ.
352 417 412 469 οὐ
443 417 730 486 δεινήσεται
752 416 1079 484 ἐπιτιμῆσαι
1110 415 1202 470 τὸν
1252 419 1661 487 διγαμήσαντα.
1692 417 1802 469 Ka-

1919 433 2007 472 aec
2057 420 2257 488 poterit
2302 434 2458 486 eum,
2501 418 2593 489 qui
2626 416 2763 474 duas
2804 432 3002 472 uxores
3043 413 3217 480 duxit,
3265 414 3480 484 punire.

230 509 333 572 λῶς
365 510 417 561 δὲ
440 508 761 579 διωρίσαντο
828 510 1212 562 συνεστιᾶσθαι
1274 511 1450 576 τούτῳ
1507 510 1599 560 τὸν
1650 507 1800 579 ἱερέα

234 600 368 670 μετὰ
397 600 487 653 τὸν
528 600 718 669 καιρδν
749 597 842 653 τοῦ
868 597 1071 668 γάμουξ
1102 601 1253 653 Μετὰ
1284 601 1392 670 γὰρ
1411 600 1502 653 τὸν
1534 600 1712 668 γάμον
1739 600 1799 651 οὐ

232 691 609 761 κωλυθήσεται
644 692 1266 759 συνανακείσθαιαύτῷ,
1324 689 1400 753 ὡς
1454 691 1589 761 μηδὲ
1653 693 1804 743 ἀκοι-

237 782 458 849 νωνήτῳ
488 779 626 832 ὄντι.
665 780 849 833 Εἰπὼν
874 781 929 832 δέ
967 783 1048 833 τίς
1082 797 1213 832 ποτε
1259 780 1495 845 ὀφείλειν
1524 779 1615 831 τὸν
1655 780 1800 844 διγα-

238 870 489 938 μήσαντα
526 871 666 938 μετὰ
686 872 787 940 τὴν
817 872 1118 924 ἀπόστασιν
1140 872 1238 939 τῆς
1270 872 1529 939 διγαμίας
1544 870 1802 937 δέχεσθαι

232 959 308 1020 εἰς
345 961 661 1027 μετάνοιαν,
700 963 795 1014 καὶ
830 963 1193 1030 ἐπιτιμᾶσθαι
1258 961 1364 1029 (ἔτι
1422 962 1529 1030 γὰρ
1586 959 1679 1012 τοῦ
1708 959 1807 1026 γά-

236 1067 336 1119 μου
370 1052 789 1120 συνισταμένου,
816 1053 988 1105 ταῦτα
1028 1050 1213 1122 χώραν
1247 1052 1348 1104 ούκ
1408 1051 1614 1120 ἔχουσι,
1657 1049 1800 1102 κατὰ

231 1144 321 1195 τὸν
346 1144 578 1197 καθόλου
612 1145 857 1209 κανόνα),
887 1147 1088 1214 ἤκουσε
1127 1144 1201 1213 μὴ
1243 1139 1383 1196 εἶναι
1456 1142 1634 1210 γάμον
1682 1140 1809 1194 ἀθέ-

239 1252 415 1302 μιτον,
450 1233 592 1287 ὥστε
628 1236 986 1289 διασπᾶσθαι.
1050 1237 1161 1289 Καὶ
1214 1236 1301 1288 διὰ
1340 1235 1500 1288 τοῦτο
1568 1234 1807 1305 ἔρρωται

240 1324 360 1395 μὲν,
390 1326 715 1396 ἐπιτιμᾶται
745 1325 802 1380 δὲ
832 1326 1100 1397 μετρίως,
1136 1324 1215 1391 ὡς
1246 1328 1489 1397 εἴρηται.

698 1586 904 1656 Ἑτέρα
933 1585 1213 1655 ἑρμηνεία
1252 1584 1386 1655 (99).

306 1678 365 1733 Ὀ
421 1678 615 1751 παρὼν
686 1678 868 1734 κανὼν
934 1677 1131 1732 κωλύει
1202 1679 1331 1741 τοὺς
1406 1676 1811 1747 πρεσϐυτέρους

1909 510 2076 564 Recte
2106 520 2289 566 autem
2318 510 2644 566 deﬁnierunt
2664 549 2679 575 ,
2722 525 2790 565 ne
2824 507 3078 564 sacerdos
3113 523 3232 561 cum
3260 520 3325 561 eo
3348 519 3486 559 con-

1910 602 2122 655 vivetttr
2150 611 2394 672 tempore
2420 602 2761 673 nuptiarum.
2792 598 2921 655 Post
2953 598 3171 667 nuptias
3198 596 3342 650 enim
3371 610 3482 653 non

1911 688 2292 756 prohibebitur
2340 706 2462 744 cum
2507 704 2572 745 eo
2619 689 2975 752 accumbere,
3021 696 3081 741 ut
3117 686 3209 755 qui
3262 700 3369 738 non
3413 684 3485 739 sit

1910 782 2137 833 omnino
2171 781 2710 834 excommunicatus.
2741 780 2875 833 Cum
2912 786 3096 832 autem
3125 777 3353 830 dixisset
3382 777 3484 829 ali-

1911 871 2132 940 quando
2165 871 2436 940 quispiam
2463 911 2478 935 ,
2511 871 2712 925 debere
2740 886 2863 924 eum
2896 870 2988 941 qui
3021 867 3317 927 secundam
3350 884 3486 922 uxo-

1912 978 2027 1017 rem
2058 963 2237 1027 duxit,
2267 971 2557 1032 postquam
2593 976 2622 1015 a
2652 961 2896 1016 secundo
2926 959 3275 1015 matrimonio
3300 960 3487 1013 diver-

1912 1054 2059 1117 terit,
2088 1052 2152 1107 ad
2180 1053 2556 1122 pmnitentiam
2588 1051 2755 1120 recipi
2804 1062 2857 1106 et
2884 1051 3064 1120 puniri
3111 1050 3312 1121 (adimo
3336 1050 3483 1104 enim

1917 1156 2203 1199 constante
2234 1145 2605 1209 matrimonio,
2636 1145 2750 1198 tunc
2782 1144 2963 1197 locum
3002 1158 3108 1197 non
3143 1141 3365 1205 habent,
3398 1157 3488 1198 se-

1912 1240 2149 1293 cundum
2172 1237 2535 1292 universalem
2567 1236 2857 1305 regulam),
2883 1234 3090 1288 audivit
3112 1248 3219 1287 non
3238 1248 3359 1288 esse
3380 1232 3489 1287 illi-

1911 1330 2079 1385 citum
2110 1329 2542 1392 matrimonium,
2568 1338 2625 1383 ut
2651 1326 2894 1398 separari
2919 1326 3135 1381 debeat.
3158 1324 3220 1379 Et
3238 1332 3489 1393 propter.

1912 1436 1974 1475 ea
2009 1429 2095 1476 est
2157 1420 2379 1491 quidem
2410 1419 2819 1485 conﬁrmatum,
2867 1416 3085 1474 modice
3115 1423 3296 1471 autem
3327 1415 3489 1486 puni-

1915 1520 2026 1577 tur,
2060 1521 2124 1567 ut
2147 1511 2358 1568 dictum
2384 1521 2491 1569 est.

2391 1603 2576 1658 Altera
2611 1601 3005 1672 interpretatio.

1986 1695 2239 1751 Praesens
2270 1710 2446 1749 canon
2488 1695 2740 1766 prohibet
2789 1696 3138 1766 presbyteros
3170 1708 3293 1748 cum
3337 1693 3492 1763 diga-

240 1769 525 1825 ἑστιᾶσθαι
582 1772 716 1839 μετὰ
770 1770 1042 1839 διγάμων,
1086 1770 1182 1823 καὶ
1229 1771 1468 1840 παριστᾷ
1502 1770 1589 1822 διὰ
1614 1770 1805 1822 τούτου

1919 1792 2019 1846 mis
2051 1791 2329 1846 convivari
2350 1830 2365 1853 ,
2396 1801 2450 1846 et
2481 1805 2577 1859 per
2606 1790 2710 1845 hoc
2749 1790 3049 1845 secundum
3078 1787 3486 1842 matrimonium

233 1864 699 1934 ἐπιτετιμημένον
728 1856 868 1914 εἶναι
892 1861 982 1914 τὸν
1018 1861 1275 1930 δεύτερον
1335 1863 1537 1929 γάμον.
1563 1863 1635 1914 Τὸ
1677 1859 1809 1914 αὐτὸ

230 1951 285 2004 δὲ
306 1954 557 2019 φαίνεται
588 1954 680 2006 καὶ
714 1953 820 2006 ἀπὸ
840 1951 932 2005 τοῦ
958 1947 1004 2019 γ’
1036 1970 1160 2005 καν.
1190 1953 1289 2021 τῆς
1312 1954 1368 2004 ἐν
1395 1950 1808 2022 Νεοκαισαρείᾳ

234 2043 460 2097 συνόδου
496 2044 591 2096 καὶ
620 2043 728 2096 ἀπὸ
757 2040 799 2097 δ’
826 2061 947 2096 καν.
979 2043 1071 2096 τοῦ
1110 2043 1265 2110 ἁγίου
1302 2043 1610 2099 Βασιλεὶου.
1652 2044 1809 2095 Ἐπεὶ

233 2133 289 2186 δὲ
324 2135 602 2206 βλέπομέν
634 2153 788 2200 τινας
811 2135 1331 2204 σκανδαὶιζομένους
1388 2138 1451 2189 ὲκ
1516 2136 1609 2189 τοῦ
1675 2134 1809 2207 μηδέ

231 2240 354 2280 τινα
380 2227 937 2301 δευτερογαμήσαντα
978 2227 1384 2298 ἐπιτιμηθῆναί
1462 2245 1614 2291 ποτε,
1671 2228 1808 2297 μήτε

235 2319 335 2388 τὴν
362 2320 623 2389 τοιαύτην
655 2320 965 2390 ἱερολογίανι
1005 2319 1419 2391 ἐμποδίζεσθαι,
1464 2320 1666 2390 μᾶλλον
1710 2320 1810 2388 μὲν

233 2407 327 2465 οὖν
354 2412 502 2465 ἔστιν
535 2412 622 2465 ὅτε
654 2413 1008 2483 ἐπιτρέπεται
1038 2412 1126 2465 διὰ
1182 2412 1467 2465 πιττακίου
1534 2410 1806 2481 χαρτοφύ-

233 2504 403 2566 λακος
444 2520 460 2533 ·
496 2505 712 2574 εἴδομεν
748 2505 804 2559 δὲ
853 2505 1203 2575 πατριάρχας
1234 2505 1328 2557 καὶ
1361 2506 1645 2574 ἀρχιερεῖς
1677 2504 1807 2557 πολ-

234 2594 362 2657 λοὺς
388 2596 773 2659 συνεσθίοντας
807 2596 944 2664 μετὰ
983 2596 1251 2665 βασιλέων
1283 2594 1685 2663 διγαμούντων,
1715 2593 1811 2648 καὶ

250 2686 295 2740 ἄ
318 2688 425 2741 λων
446 2687 810 2757 μεγιστάνων,
840 2689 1021 2759 φαμὲν
1046 2689 1127 2742 ὅτι
1153 2689 1256 2742 κᾶν
1274 2688 1533 2758 ἐπιτιμίῳ
1550 2685 1809 2757 καιρικῆς

234 2779 641 2849 ἀκοινωνησίας
680 2782 745 2834 ἐκ
775 2781 868 2834 τοῦ
905 2781 1167 2852 ῥηθέντος
1203 2780 1429 2841 κανόνος
1474 2781 1522 2832 οί
1552 2780 1808 2849 δευτεροο

235 2870 554 2940 γαμοῦντες
588 2872 897 2938 ὑπέκειντο,
924 2871 1040 2925 ἀλλ’
1065 2872 1093 2924 ὁ
1154 2872 1251 2941 τῆς
1302 2870 1550 2934 ὲνὼσεως
1619 2872 1807 2941 τόμος,

232 2963 649 3033 καταστρωθεὶς
679 2966 811 3035 παρ’
874 2965 1031 3035 ἡμῶν
1071 2966 1150 3027 είς
1221 2965 1315 3017 τὸν
1370 2962 1413 3018 δ’
1477 2963 1675 3017 κανόνα
1714 2962 1808 3015 τοῦ

234 3057 394 3128 ἁγίου
427 3054 731 3122 Βασιλείου,
765 3054 1013 3121 ἐξισώσει
1041 3056 1118 3125 τῷ
1176 3055 1379 3126 πρώτῳ
1416 3055 1580 3125 γάμῳ
1629 3054 1805 3107 διόλου

231 3152 325 3201 τὸν
351 3145 606 3215 δεύτερον
634 3160 648 3174 ’
676 3144 771 3198 καὶ
813 3142 986 3198 εἰπὼν
1018 3145 1147 3198 πότε
1184 3145 1281 3199 καὶ
1345 3137 1495 3198 οὗτοι
1547 3144 1809 3214 ὲπιτιμᾶ-
1836 3123 1881 3181 c

234 3237 364 3290 σθαι
396 3235 733 3305 ὀφείλουσιν,
766 3232 924 3288 ἔλυσε
952 3235 1012 3289 τὸ
1055 3237 1354 3306 επιτίμιον.
1411 3236 1549 3305 Φησὶ
1582 3237 1692 3307 γὰρ
1751 3241 1810 3292 ὲν

236 3328 398 3397 μέρει
429 3325 604 3382 ταῦτα
641 3325 739 3398 μὲν
774 3328 904 3396 περὶ
927 3326 1022 3380 τοῦ
1048 3328 1235 3397 τρίτου
1296 3326 1476 3397 γάμου
1517 3343 1532 3357 ο
1581 3328 1641 3381 οὐ
1705 3329 1812 3400 μὴν

234 3420 361 3473 οὐδὲ
388 3419 480 3473 τὸν
524 3418 774 3490 δεύτερον
811 3419 931 3472 οὐδὲ
963 3419 1053 3470 τὸν
1086 3417 1134 3472 α’
1165 3419 1323 3483 ἐκτὸς
1372 3419 1673 3487 ἀσφαλείας
1705 3420 1812 3473 ἐῶ-

237 3528 339 3580 μεν
367 3527 381 3543 ·
418 3509 554 3566 ἀλλὰ
594 3509 888 3568 κάκείνους
911 3507 1168 3581 ὁρίζομεν
1231 3509 1375 3564 οὕτω
1434 3510 1810 3578 συνίστασθαι,

235 3603 383 3658 ὥστε
452 3602 726 3675 μηδεμίαν
785 3602 933 3672 ἔχειν
973 3604 1217 3672 πονηρὰν
1250 3603 1496 3673 αἰτίανῆ
1538 3604 1595 3667 ἐξ
1638 3604 1815 3676 ἁρπα-

237 3698 344 3765 γῆς
370 3695 402 3765 ἦ
427 3693 899 3766 προηγησαμένης
938 3692 1207 3763 λαθραίας
1267 3693 1497 3764 φθορᾶς,
1531 3695 1668 3749 ἀλλὰ
1727 3715 1814 3750 νο-

231 3788 443 3857 μίμους
525 3786 623 3841 καὶ
698 3782 1109 3856 καθαρεύοντας
1165 3782 1274 3836 τῶν
1342 3783 1605 3837 τοιούτων
1651 3786 1819 3857 μολνο

236 3879 466 3946 σμάτων
522 3878 618 3931 καὶ
689 3878 935 3947 πονηρᾶς
996 3874 1390 3945 ἀκαθαρσίαςο
1465 3876 1561 3928 καὶ
1620 3876 1819 3947 ἐφεξῆς

232 3967 585 4038 ἐπιτιμῶμεν
612 3966 837 4026 τούτους
875 3968 1067 4037 μόνους
1090 3983 1102 3994 ·
1163 3965 1291 4027 τοὺς
1334 3963 1393 4017 δὲ
1461 3963 1682 4029 λοιποὺς
1721 3968 1817 4022 ἀν·-

234 4078 262 4113 ε
280 4061 609 4129 πιτιμήτους
639 4060 913 4130 σνντηρεῖ.
1094 4120 1103 4129 ⁴

298 4153 538 4207 ΖΩΝΑΡ.
588 4152 650 4204 Ἦ
686 4152 921 4223 διγαμία
953 4151 1057 4205 ὑπὸ
1087 4151 1363 4221 ἐπιτίμιόν
1390 4151 1563 4204 ἐστιν.
1609 4150 1824 4206 Ἐνιαυ-

233 4246 336 4297 τὸν
369 4244 477 4315 γὰρ
507 4244 609 4311 τῆς
662 4243 823 4312 ἁγίας
888 4243 1246 4314 μεταλήψεως
1300 4242 1568 4316 εἴργεται.
1642 4245 1716 4297 Τδ
1766 4244 1825 4299 δὲ

236 4338 522 4405 ἐπιτίμιον
551 4338 599 4389 oi
637 4338 801 4407 ἱερεῖς
836 4336 1160 4403 ἐπάγουσιν,
1199 4335 1280 4397 είς
1325 4336 1614 4403 μετάνοιαν
1669 4336 1827 4406 ἐρχο-

1912 1882 2092 1952 puniri
2141 1882 2399 1938 ostendit.
2447 1880 2595 1935 Idem
2631 1889 2814 1936 autem
2859 1888 3085 1951 apparet
3128 1886 3185 1933 et
3227 1894 3291 1933 es
3328 1878 3491 1932 tertio

1911 1990 2121 2030 canone
2158 1989 2280 2042 syn.
2325 1969 2786 2037 Neocaesarianm,
2815 1981 2869 2025 et
2909 1985 2975 2025 ex
3016 1984 3227 2024 canone
3252 1969 3287 2023 4
3314 1968 3491 2022 sam-ti

1913 2065 2119 2120 Basilii.
2151 2063 2420 2131 Quoniam
2450 2073 2633 2118 autem
2670 2062 2916 2118 videmus
2944 2061 3235 2116 nonnullos
3263 2059 3489 2124 oﬂ‘endi,

1909 2171 1976 2212 co
1998 2155 2140 2225 quod
2168 2154 2351 2207 nullus
2374 2167 2588 2215 eorum,
2619 2150 2713 2223 qui
2740 2151 3040 2208 secundum
3074 2153 3489 2207 matrimonium

1910 2246 2200 2303 contraxit.
2230 2260 2471 2314 unquam
2499 2244 2779 2314 puniatur,
2804 2257 2905 2298 nec
2931 2243 3000 2299 iis
3023 2253 3493 2300 sacramentorum

1911 2338 2261 2408 participatio
2286 2336 2643 2406 impediatur,
2674 2336 2767 2391 sed
2796 2335 2980 2405 potius
3004 2336 3170 2391 etiam
3201 2352 3298 2406 per
3327 2338 3493 2391 char-

1910 2427 2216 2498 tophylacis
2240 2426 2519 2496 pittacium
2545 2426 2927 2494 permittatur;
2962 2425 3203 2481 vidimus
3226 2433 3493 2479 autemet

1912 2520 2252 2591 patriarchas
2272 2529 2324 2575 et
2341 2526 2543 2574 multos
2563 2518 2697 2573 alios
2714 2518 2990 2572 antistites
3007 2532 3129 2571 cum
3144 2517 3492 2586 imperatori-

1909 2614 2034 2678 bus,
2080 2613 2172 2682 qui
2204 2610 2478 2667 secundas
2508 2610 2732 2677 nuptias
2762 2607 3060 2669 celebrant,
3090 2615 3143 2661 et
3172 2606 3339 2678 M3
3367 2622 3493 2662 cum

1910 2706 2031 2761 aliis
2056 2704 2396 2774 magnatibus
2418 2699 2797 2764 comedentes;
2826 2698 3080 2759 dicimus,
3106 2698 3247 2767 quod
3274 2697 3491 2752 etiamsi

1910 2796 2229 2866 temporalis
2272 2790 2861 2849 excommunicationis
2902 2804 3073 2857 parua:
3112 2803 3179 2844 ex
3232 2787 3499 2857 praedicto

1910 2905 2038 2944 can.
2067 2887 2267 2957 digami
2314 2884 2544 2952 subjeCti
2588 2883 2735 2947 sint,
2781 2881 3004 2936 unionis
3040 2891 3223 2934 tamen
3265 2880 3493 2944 decisio,

1910 2994 2032 3047 quae
2057 2993 2086 3031 a
2123 2976 2280 3031 nobis
2304 2975 2408 3030 sita
2433 2981 2516 3028 est
2544 2973 2597 3026 in
2637 2986 2759 3026 can.
2799 2972 2828 3024 ι
2864 2970 3036 3025 sancti
3068 2969 3281 3028 Basilii.
3315 2968 3499 3036 primo

1914 3067 2262 3123 matrimonio
2304 3065 2604 3120 secundum
2654 3061 2882 3117 omnino
2923 3060 3191 3129 aequavit;
3237 3068 3290 3113 et
3326 3058 3491 3121 dixit.

1914 3157 2134 3230 quando
2163 3157 2199 3211 ii
2228 3156 2451 3210 omnino
2479 3152 2801 3224 punientur,
2831 3165 3046 3219 prunam
3076 3149 3346 3205 dissolvit.
3374 3148 3501 3202 "th

1913 3251 2077 3307 etiam
2116 3250 2170 3302 in
2202 3246 2522 3319 particulari
2554 3245 2689 3300 dicit
2722 3244 2789 3298 de
2820 3244 2979 3297 tertio
3010 3240 3362 3297 matrimonio
3389 3256 3402 3292 :
3437 3245 3499 3293 at

1915 3358 2019 3399 nec
2046 3339 2352 3397 secundum
2400 3354 2497 3392 nec
2543 3336 2782 3407 primum
2827 3336 2946 3390 sine
2982 3334 3279 3389 securitate
3324 3331 3495 3385 relin-

1915 3435 2137 3502 quimus
2163 3452 2177 3489 :
2204 3431 2298 3488 sed
2323 3438 2379 3487 et
2406 3430 2498 3483 illa
2525 3428 2606 3483 sic
2633 3427 3019 3483 constituenda
3042 3424 3409 3487 decernimus,
3435 3431 3497 3476 ut

1914 3527 2121 3581 nullam
2165 3522 2466 3588 improbam
2512 3534 2736 3575 causam
2776 3516 3044 3581 habeant,
3080 3514 3163 3570 vel
3198 3530 3266 3569 ex
3307 3521 3494 3582 raptu,

1915 3622 2000 3677 vel
2031 3634 2099 3675 ex
2132 3617 2472 3675 clandestino
2510 3614 2856 3686 praecedente
2882 3612 3064 3675 coitu;
3098 3609 3194 3665 scd
3225 3610 3334 3664 siut
3369 3607 3503 3676 legio

1921 3714 2049 3772 tima
2077 3722 2128 3766 et
2154 3713 2222 3767 ab
2246 3710 2516 3781 ejusmodi
2541 3705 2970 3778 inquinamentis
2994 3700 3360 3767 sordibusque
3386 3713 3502 3752 ma-

1919 3802 1986 3857 lis
2017 3803 2225 3869 aliena;
2258 3810 2313 3857 et
2350 3802 2609 3871 deinceps
2647 3813 2769 3869 qua:
2807 3804 2935 3851 sunt
2966 3792 3280 3861 huiusmodi
3321 3791 3497 3847 solum

1920 3895 2213 3965 puuimus;
2262 3893 2471 3963 reliqua
2519 3906 2651 3947 vero
2693 3890 2872 3961 plenis
2923 3902 3034 3946 non
3078 3885 3314 3941 obnoxia
3362 3898 3499 3939 con-

1922 3994 2126 4043 servat.

1995 4163 2248 4221 ZONAR.
2288 4162 2455 4218 Suam
2500 4158 2749 4231 digamia:
2798 4157 3025 4213 multam
3072 4169 3198 4211 can.
3237 4160 3503 4223 statuere.

1926 4258 2048 4314 Uno
2088 4256 2356 4327 siquidem
2390 4269 2535 4309 anno
2579 4254 2827 4324 digamos
2854 4264 2884 4304 a
2918 4247 3274 4319 perceptione
3319 4259 3503 4298 sacro-

1926 4365 2048 4405 rum
2079 4362 2370 4402 munerum
2402 4345 2575 4400 arceri
2602 4344 2814 4413 jubent.
2850 4342 2983 4396 Eam
3017 4355 3146 4394 vero
3171 4352 3384 4409 poenam
3416 4336 3504 4390 di-

244 4429 415 4499 μένου
441 4428 535 4480 τοῦ
565 4429 993 4496 διγαμήσαντος.
1050 4425 1111 4479 Ὀ
1143 4425 1273 4493 γοῦν
1310 4425 1399 4479 διὰ
1458 4426 1557 4496 τῆς
1619 4444 1813 4499 παρου-

1931 4440 2136 4511 gamis,
2182 4438 2285 4494 sibi
2329 4453 2356 4490 a
2402 4434 2725 4506 paenitentia
2759 4433 3061 4488 remedium
3108 4428 3505 4500 quaerentibus,

242 4522 371 4584 σίας
400 4520 563 4574 αὖτοῦ
596 4521 865 4572 συναινεῖν
895 4518 1079 4572 δοκῶν
1109 4517 1195 4587 τῷ
1247 4518 1483 4590 δευτέρῳ
1539 4519 1702 4589 γάμῳ
1754 4520 1829 4571 ie-

247 4614 377 4682 ρεὺς
405 4613 487 4674 τίς
517 4611 693 4677 ἔσται,
756 4612 921 4679 φησὶν
947 4612 974 4663 ὁ
995 4610 1194 4677 κανὼν,
1221 4610 1488 4676 τουτέστι,
1546 4610 1666 4674 πῶς
1732 4610 1832 4664 οὐκ

246 4704 632 4773 αἱδεσθὴσεται
719 4704 991 4774 ἐπιτιμῶν
1070 4703 1149 4773 τῷ
1222 4700 1715 4773 δευτερογαμοῦντι
1803 4702 1833 4754 ὁ

250 4794 343 4846 διὰ
374 4795 473 4861 τῆς
508 4795 813 4865 παρουσίας
850 4796 1015 4849 αὐτοῦ
1064 4794 1400 4849 συνευδοκῶν
1456 4796 1520 4863 τῇ
1580 4793 1831 4862 δευτερο-

244 4885 426 4955 γαμίᾳ
460 4902 474 4949 ;
512 4883 672 4939 Ἀλλὰ
701 4886 873 4939 ταῦτα
925 4888 983 4939 ὲν
1004 4886 1351 4956 γράμμασιν.
1405 4881 1567 4953 Ἦμῖν
1629 4882 1686 4935 δὲ
1737 4882 1832 4936 καὶ

247 4976 599 5048 πατριάρχης
667 4976 843 5047 ὤφθη,
914 4979 1010 5030 καὶ
1110 4977 1515 5047 μητροπολῖται
1581 4974 1829 5047 διάφοροι.

247 5067 673 5138 συνεστιώμενοι
701 5070 1241 5138 δευτερογαμήσαντι
1278 5066 1509 5138 βασιλεῖ.

1928 4529 2252 4585 sacerdotes
2307 4526 2621 4597 iniungunt.
2663 4524 2798 4590 Quis
2832 4537 2962 4593 ergo
2995 4520 3255 4575 sacerdos
3277 4558 3292 4583 ,
3326 4517 3506 4585 inquit

1929 4635 2130 4683 canon,
2163 4617 2424 4674 secundis
2464 4616 2691 4684 nuptiis,
2728 4623 2788 4667 ut
2813 4627 2908 4667 eas
2936 4610 3019 4664 vel
3054 4612 3155 4664 hoc
3190 4610 3335 4680 ipso,
3361 4604 3505 4675 quod

1929 4713 2107 4774 adest,
2146 4710 2378 4781 probare
2405 4707 2677 4769 videatur,
2710 4704 2961 4759 intersit?
2994 4705 3097 4758 hoc
3130 4712 3239 4769 est,
3274 4701 3363 4771 qui
3395 4698 3508 4753 fieri

1932 4809 2117 4873 potest
2150 4812 2206 4856 ut
2240 4814 2456 4869 poenam
2500 4813 2529 4851 a
2561 4798 2775 4867 digamo
2816 4796 3034 4865 exigere
3080 4810 3187 4849 non
3232 4792 3406 4862 pudor
3440 4788 3510 4843 sit

1935 4892 2007 4954 ei,
2059 4891 2151 4961 qui
2200 4890 2400 4960 digami
2446 4887 2652 4943 factum
2702 4903 2730 4940 a
2776 4902 2835 4942 se
2875 4903 2980 4940 non
3020 4882 3338 4953 improbari,
3383 4896 3506 4933 cum

1939 4983 2144 5053 nuptiis
2191 4981 2450 5037 secundis
2487 4981 2606 5050 ipse
2646 4978 2989 5041 interfuerit,
3038 4976 3174 5029 satis
3219 4969 3517 5027 ostendit?

1941 5071 2144 5127 Verum
2184 5072 2298 5127 lucc
2326 5072 2387 5126 in
2410 5071 2564 5127 libris
2597 5069 2797 5139 scripta
2834 5065 3199 5137 reperiuntur.
3240 5061 3352 5116 Nos
3412 5074 3512 5141 au-

244 5172 359 5217 tem
406 5170 460 5217 et
507 5165 872 5233 patriarcham
915 5173 970 5219 et
1020 5163 1470 5234 metropolitanos
1512 5164 1822 5234 complures
1860 5168 1914 5223 in
1938 5168 2191 5224 convivio
2214 5165 2557 5239 imperatoris
2580 5162 2849 5223 secundas
2908 5158 3128 5229 nuptias
3172 5155 3511 5212 celebrantes

240 5263 582 5327 aspeximus.

1467 5369 1667 5432 Guill.
1702 5370 2033 5451 Beveregii
2057 5376 2247 5431 notae.

322 5474 433 5539 (99)
470 5472 675 5541 Ἑτέρα
704 5474 1006 5543 ἑρμηνεία.
1060 5473 1209 5543 lianc
1246 5473 1473 5527 alteram
1521 5471 1685 5539 hujus
1713 5488 1804 5525 ca«

242 5546 412 5597 nouis
454 5542 953 5610 interpretationem
986 5545 1157 5597 codici
1194 5542 1487 5595 Bodleiano
1519 5550 1802 5610 acceptam

240 5614 502 5667 ferimus.
566 5613 754 5682 Neque
784 5615 932 5669 enim
982 5614 1167 5668 Gra'ce
1220 5622 1397 5667 exstat
1431 5629 1444 5665 :
1481 5614 1575 5666 sed
1609 5611 1802 5682 Latina

234 5682 370 5753 ejus
402 5684 582 5741 versio
614 5681 677 5742 in,
701 5686 1078 5755 supplemento
1109 5683 1175 5738 ad
1210 5682 1579 5739 Parisiensem
1622 5681 1810 5737 Balsa-

1912 5474 2093 5527 monis
2138 5472 2433 5526 editionem
2487 5466 2742 5524 habetur,
2792 5476 2825 5517 e
2874 5458 3065 5515 codice
3111 5453 3329 5510 Titiano
3387 5466 3501 5527 per

1910 5524 2242 5598 cve-uti'annm
2306 5537 2598 5593 llcrvetum
2657 5541 2837 5591 eruta.
2889 5530 2943 5585 lu
2998 5528 3191 5585 codice
3219 5524 3499 5582 Amerba-

1911 5614 2109 5671 chiauo
2138 5608 2503 5667 desideratur.
