4014 6224
233 207 364 270 1217

1293 207 1373 266 IN
1407 205 1572 266 CAN.
1613 206 1694 267 1.x
1738 207 1948 268 CUNC.
1991 197 2426 275 NEOCiESAR.

3351 215 3493 282 1213

230 321 567 385 δικάζεσθαι,
635 338 731 392 την
773 319 1126 392 ὲλεγχθεῖσαν
1208 323 1301 376 διὰ
1363 322 1616 393 φανερῶν
1680 322 1816 375 ἀπο-

1935 337 2024 377 ous
2054 325 2330 389 convicta,
2368 334 2425 379 ut
2460 323 2668 379 dictum
2704 333 2821 392 est;
2857 340 2963 380 non
2995 333 3176 384 autem
3203 341 3348 396 eam,
3379 348 3497 399 qum

231 413 474 476 δείξεων,
506 414 580 476 ὡς
608 412 849 484 εἴρηται,
875 414 938 466 ού
969 413 1079 484 μὴν
1123 414 1223 484 τὴν
1251 414 1696 467 ὑποπτευθεῖσαν
1710 411 1819 466 ἀπὸ

231 505 452 574 ὁμιλίας
484 506 515 576 ἢ
546 507 935 576 συνοικήσεως,
1004 506 1037 576 ἢ
1072 506 1241 578 ἄλλης
1299 507 1445 568 τινὸς
1479 507 1684 568 αἰτίας.
1751 505 1817 557 Τί

234 599 313 661 δὲ,
347 599 442 650 ἐὰν
472 601 501 652 δ
525 598 734 663 λαῖκὸς,
767 598 906 667 μετὰ
936 599 996 652 τδ
1056 599 1417 670 μοιχευθῆναι
1451 597 1548 670 τὴν
1585 601 1818 666 γυναῖκα.

231 692 446 755 τούτου,
503 692 749 762 ἀπολύσῃ
813 691 1008 761 αὐτὴν,
1065 690 1676 763 προαναὸιὸασθήσεται
1737 691 1815 754 είς

238 781 467 852 βαθμὸν,
507 781 698 852 ὥσπερ
718 782 778 833 οὐ
828 779 1178 850 καθαιρεῖται
1211 781 1238 832 ὁ
1267 777 1585 849 ἱερωμένης,
1621 779 1648 831 ὁ
1677 779 1819 829 ἀπο-

235 873 404 937 λύσας
459 878 558 943 τὴν
621 871 1003 942 μοιχευθεῖσαν
1059 873 1296 939 γυναῖκα
1343 869 1544 933 animi;
1606 869 1816 932 Λύσις.

251 965 387 1018 Ἀπὸ
417 964 513 1016 τοῦ
569 962 639 1034 ιη’
682 963 1044 1018 ἀποστολικοῦ
1091 963 1315 1026 κανόνος
1352 962 1619 1016 κωλύεται
1686 978 1820 1031 προ-

237 1055 669 1124 αναόιῦασθῆναι
696 1059 777 1119 είς
821 1055 1029 1126 βαθμὸν
1056 1057 1084 1109 ὁ
1111 1057 1348 1124 γυναῖκα
1379 1054 1584 1125 πόρνην
1611 1045 1817 1122 ἁγόμεὲ

235 1162 325 1208 νος
364 1163 377 1176 ·
413 1143 596 1214 πολλῷ
616 1144 748 1213 γοῦν
781 1144 946 1198 πλέον
1005 1145 1068 1197 οὐ
1151 1141 1764 1213 προαναὸισασθήσεται
1791 1145 1818 1193 ὁ

241 1236 380 1305 μετὰ
408 1237 716 1306 μοιχαλίδος
749 1237 1119 1308 συμφθαρεὶς,
1172 1236 1276 1288 κᾶν
1311 1238 1368 1289 ἐν
1423 1236 1640 1306 ἀγνοίᾳ.
1719 1237 1818 1289 Διὰ

239 1331 349 1399 γὰρ
372 1328 530 1382 τοῦτο
566 1330 662 1382 καὶ
693 1331 742 1383 οἱ
773 1331 1014 1400 Πατέρες
1044 1333 1137 1383 ἐπὶ
1167 1329 1266 1400 μὲν
1293 1329 1390 1383 τοῦ
1453 1330 1644 1384 λαῖκοῦ
1681 1331 1820 1382 διαί-

244 1434 400 1490 ρεσιν
429 1421 490 1472 ού
555 1424 913 1492 πεποιήκασι,
965 1424 1125 1492 χάριν
1177 1422 1272 1474 τοῦ
1327 1421 1662 1490 ἀπολυθῆναι
1718 1422 1817 1490 τὴν

244 1512 548 1581 μοιχαλίδα,
574 1514 668 1567 καὶ
690 1513 764 1584 μὴ
799 1512 1158 1583 ἀπολυθῆναι,
1191 1513 1328 1565 ἀλλά
1349 1513 1709 1576 ἀδιαστίκτως
1740 1512 1818 1565 δι-

244 1607 515 1674 ωρίσαντο
548 1605 622 1676 μὴ
661 1605 919 1659 δύνασθαι
963 1608 1055 1659 τὸν
1091 1605 1258 1675 ἄνδρα
1317 1605 1485 1676 αὐτῆς
1539 1607 1618 1669 είς
1677 1607 1815 1674 ὑπη-

239 1696 429 1766 ρεσίαν
463 1697 634 1750 ὲλθεῖν
667 1715 682 1729 ο
716 1698 810 1751 ἐπὶ
859 1698 1025 1752 δὲτοῦ
1101 1699 1291 1768 ἱερέως
1359 1699 1657 1768 εἰσήγαγον
1715 1697 1812 1766 τὴν

237 1790 522 1858 διαίρεσιν.
577 1792 730 1843 Ἐστι
791 1791 849 1842 δὲ
923 1791 1018 1843 καὶ
1071 1790 1308 1861 διαφορὰ
1355 1790 1452 1843 τοῦ
1515 1790 1683 1860 μήπω
1748 1789 1822 1841 i2-

243 1883 507 1952 ρωθέντος
586 1884 676 1935 καὶ
763 1881 858 1935 τοῦ
946 1882 1291 1949 ίερωθέντος,
1377 1882 1472 1935 καὶ
1575 1883 1667 1935 διά
1763 1899 1821 1934 τι

241 1977 491 2044 πταῖσμα
524 1972 920 2044 καθαιρεθῆναι
955 1973 1268 2042 μέλλοντος.
1345 1973 1404 2026 Ὀ
1467 1972 1566 2042 μὲν
1599 1973 1708 2044 γὰρ
1745 1973 1819 2042 μὴ

240 2066 514 2136 ἐπιτυχὼν
545 2064 799 2127 πλείονός
834 2043 979 2128 τινος
1021 2065 1080 2116 ού
1110 2064 1368 2116 τοσοῦτον
1402 2063 1816 2133 βαρυθυμήσει,

239 2159 354 2210 ἀλλ’
383 2158 772 2227 εὐχαριστήσει
810 2156 1033 2226 μᾶλλον,
1077 2157 1150 2218 ὡς
1182 2155 1259 2226 τῷ
1300 2157 1486 2208 κανόνι
1541 2155 1616 2226 μὴ
1651 2173 1818 2227 προσ-

239 2250 479 2321 κρούσας
507 2269 519 2281 ·
549 2253 576 2302 ὁ
608 2252 664 2304 δὲ
715 2251 803 2303 διά
829 2269 882 2304 τι
915 2253 1166 2320 πταῖσμα
1218 2251 1407 2319 ἐτέρου
1466 2252 1813 2321 ἀφαιρούμε-

239 2361 328 2407 νος
360 2345 420 2396 τὸ
473 2343 675 2414 προσὸν
715 2343 862 2413 αύτῴ
891 2342 1105 2413 ἀξίωμα
1126 2345 1375 2414 μεγάλως
1410 2345 1811 2417 δεινοπαθήσει.

241 2436 315 2488 Τὸ
364 2436 473 2506 γὰρ
503 2439 582 2498 εἰς
619 2439 812 2506 πεῖραν
839 2453 976 2507 ηκον
1007 2435 1229 2505 ἀνιαρὸν
1285 2436 1364 2500 είς
1394 2437 1706 2504 ἀφαίρεσιν.

314 2529 559 2584 ΖΩΝΛΡ.
613 2528 830 2598 ’Λνδρὺς
855 2525 1048 2580 λαῐκοῢ
1094 2525 1231 2596 γυνὴ
1305 2527 1677 2596 μοιχευθεῖσα,
1726 2529 1819 2581 καὶ

242 2617 496 2687 φανερῶς
528 2616 874 2685 ἐλεγχθεῖσα,
939 2613 1140 2667 κωλύει
1162 2612 1254 2666 τὸν
1287 2613 1456 2683 ἄνδρα
1514 2614 1682 2684 αὐτῆς
1739 2617 1820 2676 εἰς

1923 414 2022 470 luit
2049 429 2301 487 suspecta
2337 427 2557 488 prepter
2590 419 3046 485 collocutionem.
3074 423 3156 476 vel
3195 436 3498 480 consuetu-

1920 511 2101 566 dinem
2132 525 2197 563 ac
2225 510 2674 574 lamiliaritatem,
2707 511 2790 566 vel
2821 512 3055 583 aliquam
3081 513 3240 567 aliam
3267 516 3336 571 ob
3363 531 3498 570 cau-

1920 617 2059 657 sam.
2091 599 2231 665 Quid
2257 609 2466 665 autem,
2492 616 2559 654 an
2584 602 2778 666 laicus,
2808 604 2851 658 si
2883 613 3169 674 postquam
3195 606 3360 678 409
3377 610 3497 680 ejus

1921 711 2058 751 uxor
2082 695 2185 748 fuit
2213 688 2540 761 adulterata,
2571 698 2841 752 dimiserit
2860 714 3002 765 eam,
3032 700 3100 754 ad
3125 702 3353 772 gradum
3375 723 3498 776 pro-

1920 789 2268 854 movebilur;
2299 788 2448 842 sicut
2474 804 2580 844 non
2609 790 2905 858 deponitur
2928 791 2974 846 is
3005 793 3094 861 qui
3123 802 3498 863 estsacratns,

1920 879 2146 934 dimissa
2176 894 2346 933 uxore
2379 895 2501 944 sua,
2528 895 2650 950 qum
2679 881 2954 935 commisit
2991 882 3322 938 adulterium
3349 886 3371 938 ?
3399 887 3500 940 So-

1922 970 2076 1024 lutio.
2109 971 2152 1024 A
2197 985 2412 1027 canone
2455 971 2756 1040 apostolico
2805 972 2871 1024 18
2913 973 3234 1040 prohibetur
3265 977 3331 1030 ad
3375 993 3500 1046 grao

1920 1062 2047 1115 dum
2083 1063 2418 1132 promoveri,
2462 1061 2558 1132 qui
2593 1062 2748 1116 duxit
2784 1077 3014 1118 uxorem
3050 1064 3497 1122 fornicatricem:

1921 1155 2092 1207 multo
2113 1151 2442 1225 urgo'magis
2474 1169 2580 1208 non
2610 1156 3039 1224 promovebitur,
3061 1159 3153 1227 qui
3185 1174 3310 1212 cum
3343 1161 3500 1213 adul-

1923 1258 2037 1300 tera
2081 1247 2162 1300 vel
2205 1247 2445 1302 insciens
2478 1237 2591 1303 rem
2629 1247 2840 1302 habuit.
2878 1247 3172 1317 Propterea
3205 1253 3350 1305 enim
3395 1252 3499 1307 Pa-

1923 1347 2033 1393 tres
2079 1341 2283 1393 nnllam
2322 1341 2374 1393 in
2414 1339 2552 1394 laico
2592 1339 2918 1396 divisionem
2953 1340 3173 1405 fecere,‘
3204 1343 3273 1395 de
3311 1343 3502 1395 dimit-

1921 1433 2081 1486 tenda
2114 1433 2382 1496 adultera,
2414 1433 2498 1488 vel
2529 1447 2635 1487 non
2661 1433 2984 1487 dimittenda
3012 1450 3026 1487 :
3055 1433 3147 1488 sed
3175 1435 3497 1490 indistincte

1919 1521 2272 1587 deﬁnierunt,
2307 1539 2410 1577 non
2446 1540 2608 1593 posse
2641 1525 2762 1593 ejus
2793 1527 3049 1579 maritum
3080 1526 3262 1580 venire
3289 1526 3356 1580 ad
3391 1529 3497 1579 mi-

1921 1617 2235 1670 nisterium.
2280 1616 2336 1670 In
2391 1618 2687 1672 sacerdote
2731 1627 2914 1684 autem
2961 1618 3279 1673 divisionem
3324 1619 3496 1672 intrat

1923 1709 2151 1762 duxere.
2188 1708 2279 1763 Est
2311 1721 2488 1763 autem
2525 1708 2831 1763 diIl'erentia
2867 1710 2987 1779 ejus
3014 1711 3106 1779 qui
3139 1710 3378 1763 nondum
3415 1721 3500 1764 est

1922 1809 2193 1861 sacratus,
2231 1810 2280 1853 et
2309 1801 2427 1869 ejus
2463 1803 2553 1869 qui
2587 1811 2670 1854 est
2706 1809 2986 1864 sacratus;
3023 1803 3116 1856 sed
3148 1811 3372 1871 propter
3403 1805 3498 1855 de-

1920 1892 2110 1945 lictum
2153 1893 2371 1960 aliquod
2408 1902 2490 1947 est
2524 1893 2901 1962 deponendus.
2941 1892 3040 1958 Qui
3079 1893 3223 1946 enim
3263 1909 3370 1946 non
3414 1903 3498 1946 est

1921 1987 2099 2051 majus
2133 1984 2350 2053 alzquod
2394 1992 2700 2050 assecutus,
2737 2001 2842 2038 non
2879 1994 2986 2037 tam
3023 2001 3163 2055 εῖδει-ο
3195 1984 3364 2039 feret:
3402 1985 3495 2038 sed

1919 2091 2075 2146 teque
2103 2078 2285 2146 potius
2325 2079 2508 2129 animo
2546 2079 2784 2146 patietur
2814 2087 2865 2131 et
2901 2079 3192 2141 la-tabitur,
3228 2078 3371 2148 quod
3405 2094 3498 2131 ca-

1927 2183 2125 2220 uouem
2160 2182 2269 2219 non
2315 2165 2626 2221 offenderit.
2671 2167 2721 2222 ls
2749 2178 2950 2231 autem,
2985 2170 3070 2222 eui
3108 2177 3329 2242 propter
3359 2171 3498 2222 alte-

1926 2259 2044 2313 rius
2070 2260 2328 2313 delictum
2359 2259 2606 2314 aufeitur
2634 2274 2696 2313 ea
2729 2275 2889 2327 quam
2919 2262 3076 2315 habet
3105 2263 3368 2331 dignitas,
3401 2263 3500 2314 ad-

1927 2354 2145 2403 modum
2175 2367 2315 2421 a-gre
2346 2353 2504 2404 feret.
2543 2351 2596 2404 Id
2626 2352 2772 2405 enim
2796 2351 2940 2421 quod
2968 2354 3079 2422 jam
3110 2351 3368 2422 expertus
3394 2365 3500 2418 est,

1925 2443 2212 2517 molestum
2247 2451 2329 2495 est
2370 2443 2413 2495 si
2454 2443 2762 2499 auferatur.

1989 2532 2242 2590 ΖΟΝΛΙὶ.
2281 2533 2336 2587 Si
2373 2535 2498 2588 laici
2537 2550 2677 2587 uxor
2734 2534 2987 2589 adulterii
3035 2535 3329 2592 manifesto
3364 2553 3500 2592 cou-

1915 2623 2058 2677 victa
2087 2625 2176 2688 sit,
2211 2625 2333 2692 ejus
2363 2625 2539 2678 virum
2573 2642 2601 2678 a
2639 2625 2964 2691 minis:erio,
3003 2641 3030 2678 a
3065 2641 3350 2680 sacrorum
3392 2627 3502 2681 sci-

241 2708 550 2779 ῠπηρεσίαν
590 2706 787 2772 ἐλθεῖν,
822 2707 1107 2759 τουτέστιν
1144 2707 1223 2768 είς
1288 2705 1498 2776 βαθμὸν
1546 2708 1818 2775 ίερατικόν

1941 2717 2048 2770 icet
2091 2717 2346 2770 ordinum
2394 2719 2787 2784 susceptione‘,
2820 2718 3013 2772 arceri
3063 2716 3286 2789 [canon]
3325 2717 3500 2788 jubet;

238 2820 364 2856 τινα
384 2817 398 2831 ·
435 2800 573 2869 πλὴν
602 2801 634 2869 ἡ
670 2798 918 2867 φανερῶς
947 2797 1291 2867 ἐλεγχθεῖσα,
1327 2799 1427 2867 οὐχ
1453 2800 1486 2868 ἡ
1529 2804 1584 2851 ἐν
1609 2798 1818 2870 ὑποψίᾳ

1919 2806 2082 2862 modo
2131 2816 2312 2861 tamen
2365 2808 2674 2862 manifestis
2724 2808 2941 2862 indiciis
2987 2809 3236 2863 convicta
3286 2811 3502 2874 mulier,

242 2891 513 2962 γενομένη
561 2889 723 2960 ἢκαὶ
769 2888 1216 2959 κατηγορηθεῖσα
1305 2889 1459 2957 παρὰ
1515 2903 1661 2949 τινος
1711 2888 1818 2940 τῶν

1939 2917 2028 2954 non
2065 2909 2248 2955 autem
2277 2901 2358 2954 vel
2385 2901 2704 2970 suspicione
2738 2909 2944 2954 tantum
2973 2911 3180 2968 notata,
3210 2903 3292 2958 vel
3320 2904 3502 2968 abiis,

241 2985 591 3054 κατηγορεῖν,
649 2981 784 3034 ἀλλὰ
835 2983 1018 3054 ῥητοῖς
1067 2978 1398 3050 προσώπων.
1438 2981 1512 3034 Οὐ
1588 2982 1696 3051 γὰρ
1742 2977 1818 3048 τῷ

1935 2993 2127 3062 quibus
2177 3006 2372 3046 nomen
2423 2991 2566 3044 illius
2615 2991 2892 3046 deferendi
2944 3001 3188 3062 potestas
3241 3007 3351 3045 non
3397 3006 3502 3058 ρει,

243 3077 555 3147 βουλομένῳ
611 3075 826 3141 ἐφεῖται
886 3073 1016 3143 περὶ⁹
1056 3071 1304 3142 μοιχείας
1366 3075 1691 3140 κατηγορεῖν
1754 3074 1815 3126 ού

239 3169 558 3238 δυναμένων
584 3166 751 3236 αὐτῆς
782 3164 1110 3236 προσώπων.
1140 3167 1214 3220 Οὐ
1244 3166 1351 3238 γὰρ
1375 3167 1452 3237 τῷ
1510 3166 1823 3238 βουλομένῳ

241 3262 453 3326 ἐφεῖται
529 3259 656 3328 περὶ
733 3257 975 3328 μοιχείας
1053 3261 1377 3329 κατηγορεῖν
1437 3259 1572 3312 ἀλλὰ
1651 3278 1820 3332 προσ-

240 3353 434 3415 ώποις.
484 3350 612 3404 Ἐὰν
662 3351 719 3403 δὲ
780 3351 876 3403 καὶ
951 3351 1250 3420 ἱερωμένου
1339 3353 1479 3423 γυνὴ
1534 3355 1824 3426 μοιχευθῇ,

241 3442 511 3495 ἀπολῗδσαι
537 3441 710 3511 αὐτὴν
729 3441 959 3512 ὀφείλει,
985 3442 1228 3495 τουτέστι
1250 3442 1575 3514 διαζυγῆναι
1604 3447 1776 3516 αὐτῆς
1807 3485 1824 3501 .

242 3537 292 3587 εἰ
323 3535 378 3587 δὲ
415 3533 584 3604 συζῇν
614 3533 753 3604 αὐτῇ
803 3532 1079 3603 βούλεται,
1132 3532 1400 3586 κωλύεται
1431 3537 1531 3603 τῆς
1587 3537 1824 3607 ὲγχειίιιο

246 3627 469 3695 σθείσης
495 3625 648 3695 αὐτῷ
686 3625 981 3691 διακονίας,
1019 3625 1138 3695 ἦτοι
1207 3627 1300 3678 τοῦ
1353 3625 1565 3696 βαθμοῦ
1627 3629 1707 3691 είς
1767 3628 1828 3683 ὃν

243 3721 577 3790 κατετάχθη.
663 3721 730 3771 Ἠ
757 3718 867 3786 γὰρ
940 3718 1295 3789 μοιχευθεῖσα
1338 3719 1636 3788 μεμίανται
1672 3737 1687 3752 ο
1713 3721 1742 3772 ὁ
1769 3721 1826 3773 δὲ

237 3812 417 3884 ταύτῃ
438 3810 771 3882 μιγνύμενος
805 3808 862 3862 ἒν
885 3810 1045 3880 σῶμα
1073 3811 1306 3878 γίνεται,
1340 3811 1432 3864 καὶ
1459 3810 1645 3864 λοιπὸν
1695 3827 1825 3882 μετ-

244 3905 360 3975 έχει
388 3907 638 3967 κάκεῖνος
673 3903 768 3957 τοῦ
823 3904 1157 3974 μιάσματος.
1219 3902 1281 3956 '0
1330 3901 1388 3956 at
1443 3905 1818 3974 μεμιασμένος

241 3998 361 4060 πῶς
387 3997 711 4068 δεχθήσεται
736 3995 818 4060 εῐς
840 4012 894 4049 τι
927 3995 1073 4049 θεῖον
1096 3993 1502 4066 λειτούργημας

1927 3093 2182 3138 accssata
2222 3083 2405 3139 fuerit.
2447 3082 2557 3136 Nec
2591 3083 3088 3153 euim'cuicunque
3126 3085 3324 3138 volenti
3355 3125 3368 3149 ,
3409 3087 3503 3138 sed

1926 3175 2094 3230 certis
2150 3183 2365 3228 tantum
2419 3175 2746 3243 quibusdam
2805 3176 3158 3238 hominibus,
3215 3176 3500 3230 mulierem

1927 3267 2180 3322 adulterii
2222 3281 2370 3321 ream
2399 3281 2559 3338 agere
2587 3282 2910 3322 concessum
2949 3280 3052 3322 est.
3081 3268 3238 3334 Quod
3273 3270 3317 3323 si
3351 3268 3507 3321 adul-

1927 3360 2120 3414 terimn
2158 3371 2319 3411 sacro
2351 3358 2543 3412 ordine
2579 3357 2774 3411 initiati
2813 3358 3050 3412 hominis
3085 3356 3285 3426 conjux
3321 3367 3505 3427 patra-

1925 3450 2087 3512 verit,
2122 3464 2240 3503 eam
2282 3448 2364 3502 vir
2399 3447 2674 3514 dimittat,
2715 3448 2820 3501 hoc
2861 3455 2966 3512 est,
3007 3447 3077 3502 ab
3107 3447 3254 3500 illius
3287 3463 3347 3502 se
3375 3463 3508 3502 con~

1923 3537 2216 3593 suetudine
2248 3539 2710 3606 (commercioque
2764 3537 3060 3607 sejungat:
3103 3538 3149 3593 si
3195 3553 3325 3593 vero
3381 3554 3506 3591 cum

1923 3626 2017 3682 illa
2049 3628 2172 3680 vita:
2210 3625 2530 3681 societatem
2561 3625 2763 3680 habere
2795 3627 3046 3690 voluerit,
3079 3629 3258 3697 ipsum
3293 3643 3323 3681 a
3354 3643 3506 3683 com--

1923 3720 2099 3774 misso
2118 3719 2474 3782 ministerio;
2499 3717 2602 3772 hoc
2639 3725 2744 3782 est,
2777 3732 2807 3771 a
2841 3718 2926 3772 sui
2955 3719 3167 3774 ordinis
3201 3722 3396 3790 gradu,
3423 3723 3508 3775 di-

1929 3810 2137 3865 moveri
2187 3809 2467 3864 decretutn
2520 3816 2629 3865 est.
2679 3807 2903 3863 Patrato
2953 3825 3192 3880 naiuque
3233 3811 3507 3866 adulterio

1928 3900 2130 3956 mulier
2170 3899 2378 3969 polluta
2410 3909 2532 3966 est;
2565 3899 2660 3968 qui
2694 3913 2823 3954 vero
2848 3900 3068 3969 pollutae
3100 3903 3506 3968 commiscetur,

1924 4007 2094 4049 unum
2139 4006 2341 4064 corpus
2399 3991 2656 4059 edicitur,
2699 3993 3000 4066 eademque
3057 3996 3284 4068 proinde
3320 4004 3510 4052 conta-

240 4092 406 4164 gione
473 4095 652 4164 ipsum
726 4091 989 4147 maculari
1075 4104 1306 4147 necesse
1349 4098 1460 4146 est.
1528 4087 1816 4146 Hominem
1879 4102 2016 4146 vero
2065 4087 2336 4160 pollutum
2393 4086 2447 4142 in
2507 4101 2668 4144 sacro
2740 4089 2929 4162 aliquo
3023 4092 3333 4150 ministerio
3385 4095 3513 4165 quis

512 4294 532 4329 ι
583 4273 643 4329 '0
675 4272 888 4339 λαῖκδς.
921 4264 984 4327 οὗ
1024 4271 1060 4343 ἦ
1093 4269 1236 4342 γυνή
1294 4268 1677 4343 “malum”
1759 4277 1823 4331 οὐ

1935 4279 2171 4338 ARIST.
2203 4297 2224 4334 ι
2261 4277 2463 4336 Laicus
2491 4278 2653 4352 cujus
2687 4293 2830 4335 uxor
2860 4278 3168 4336 adulterata
3197 4287 3283 4336 est
3315 4295 3421 4336 non
3455 4281 3514 4336 dt

311 4389 330 4426 ι
362 4368 694 4441 κληροῦταιο
729 4365 826 4421 καὶ
851 4365 880 4418 ὁ
917 4365 977 4420 ἐν
1035 4362 1228 4434 κλήρῳ
1261 4362 1313 4416 εί
1336 4362 1561 4435 κατέχει
1598 4383 1818 4439 μοιχευ.

2013 4389 2033 4425 ι
2071 4371 2333 4438 clericus,
2367 4379 2422 4427 et
2447 4371 2684 4427 clericus
2712 4369 2806 4442 qui
2836 4386 2957 4427 eam
2987 4371 3188 4428 retinet
3219 4381 3510 4444 postquam

324 4483 344 4518 ι
390 4463 578 4518 θεῖσαν
599 4459 791 4531 αὐτὴν,
833 4455 1218 4511 ὲκδιώκεται.»

316 4557 379 4609 Ei
413 4557 442 4608 ὸ
476 4549 924 4622 κεκληρωμένος,
937 4549 1037 4618 τὴν
1057 4549 1298 4616 γυναῖκα
1373 4549 1540 4604 αὐτοῦ
1594 4566 1820 4622 μοιχευ-

242 4651 433 4704 θεῖσαν
463 4648 540 4720 μὴ
562 4646 842 4711 ἀπολύων,
870 4645 974 4714 τῆς
1002 4641 1165 4710 ἀξίας
1225 4645 1606 4714 μετακινείται
1635 4659 1652 4678 ο
1703 4644 1822 4711 πῶς
1856 4669 1863 4677 -

240 4744 272 4795 ὁ
301 4739 508 4801 λαῖκὸς,
534 4729 597 4789 οὗ
624 4735 658 4807 ἡ
687 4733 830 4806 γυνὴ
859 4730 1240 4804 μεμοίχευται,
1273 4733 1356 4795 είς
1407 4732 1610 4805 κλῆρον
1645 4751 1823 4809 παρα-

238 4825 564 4898 ἃχθήσεται
581 4840 599 4893 ;

863 4919 1104 4974 ΚΔΝΩΝ
1137 4917 1216 4974 Θ’.

244 5032 266 5069 ι
307 5011 709 5086 Πρεσϐύτερος,
751 5013 849 5067 ἐὰν
883 5010 1335 5084 προημαρτηκὼς
1388 5009 1630 5083 σώματι,
1673 5030 1814 5087 προ·

290 5124 310 5158 ι
341 5105 507 5176 αχθῇ,
527 5106 625 5162 καὶ
645 5106 957 5178 ὁμολογήσῃ
980 5107 1064 5159 ὅτι
1084 5105 1300 5175 ἥμαρτε
1318 5103 1426 5176 πρὸ
1448 5107 1807 5175 χειροτονίας,

302 5218 323 5253 s
367 5201 444 5270 μὴ
467 5200 832 5272 προσφερέτω
863 5213 879 5230 ’
920 5198 1101 5269 μένων
1126 5199 1186 5251 έν
1216 5199 1332 5262 τοῖς
1361 5198 1571 5262 λοιποῖς
1598 5199 1688 5252 διὰ
1712 5199 1812 5271 τὴν

299 5311 318 5346 ι
351 5291 521 5364 ἀλλην
549 5291 810 5364 σπουδήν.
840 5291 922 5346 Τὰ
954 5292 1064 5364 γὰρ
1079 5290 1244 5345 λοιπά
1267 5290 1646 5363 ἁμαρτήματα
1671 5291 1808 5361 ἐφα-

305 5405 325 5439 ι
366 5403 467 5441 σαν
489 5385 540 5440 οι
573 5385 758 5440 πολλοὶ
796 5386 892 5440 καὶ
920 5384 1020 5457 τὴν
1045 5383 1391 5456 χειροθεσίαν
1421 5384 1660 5453 ἀφιέναι.
1681 5384 1807 5438 Ἐὰν

305 5496 326 5530 ι
356 5477 414 5532 δὲ
437 5478 596 5541 αὐτὸς
619 5479 695 5548 μὴ
717 5476 979 5547 ὁμολογῇ,
1012 5473 1338 5545 ἐλεγχθῆναι
1364 5474 1424 5528 δὲ
1452 5473 1703 5546 φανερῶς
1727 5475 1804 5547 μὴ

291 5586 315 5624 s
345 5569 573 5642 δυνηθῇ,
589 5568 676 5623 ἐπ’
699 5569 848 5639 αὐτῷ
863 5567 1061 5638 ἐκείνῳ
1082 5566 1355 5622 ποιεῖσθαι
1379 5567 1476 5638 τὴν
1490 5564 1762 5630 ἐξουσίαν.
1776 5584 1795 5617 ι

243 5678 248 5684 ’
300 5664 498 5718 ΒΔΛΣ.
553 5663 778 5735 Ἰερεὺς,
815 5659 1124 5734 πορνεύσας
1153 5658 1260 5731 πρὸ
1289 5659 1390 5730 τῆς
1436 5658 1797 5730 χ-ειροτονίαῖ,

2005 4482 2028 4518 ι
2070 4463 2405 4520 adulterium
2443 4462 2746 4529 commisit.
2781 4464 3097 4534 expellitur.
3137 4481 3158 4518 ι

1999 4553 2059 4611 Si
2091 4556 2186 4612 ille
2209 4556 2303 4628 qui
2329 4557 2386 4612 in
2412 4556 2618 4611 clerum
2645 4564 2936 4628 cooptatus
2963 4569 3071 4624 est,
3101 4573 3326 4614 uxorem
3350 4573 3507 4617 suam

1924 4647 2288 4703 adulteratam
2343 4662 2456 4703 non
2512 4646 2842 4714 dimittens,
2899 4647 3167 4721 dignitate
3215 4661 3508 4710 movetur:

1922 4739 2205 4808 quomodo
2238 4738 2414 4794 laicus
2455 4738 2616 4811 cujus
2658 4753 2802 4796 uxor
2844 4739 3154 4800 adulterata
3181 4729 3264 4804 est
3301 4745 3358 4802 in
3396 4745 3509 4803 cle-

1920 4843 2045 4884 rum
2081 4827 2447 4886 admittatur?

1921 5034 1942 5070 ι
1983 5014 2041 5070 Si
2060 5007 2370 5088 presbyter,
2388 5014 2481 5088 qui
2502 5029 2736 5087 corpore
2749 5018 2906 5088 prius
2923 5023 3262 5088 peccaverat,
3282 5031 3504 5092 promo-

1991 5121 2012 5158 ι
2053 5114 2140 5161 tus
2161 5105 2344 5172 fuerit,
2375 5116 2430 5161 et
2457 5105 2503 5160 si
2523 5115 2651 5161 ante
2667 5105 3067 5163 ordinationem
3097 5123 3354 5180 peccasse
3370 5124 3506 5166 con-

1988 5215 2006 5248 ι
2052 5196 2232 5255 lessus
2265 5197 2547 5263 fuerit,ne
2583 5197 2778 5254 oil‘erat
2807 5217 2822 5254 :
2859 5199 3164 5255 manensin
3186 5201 3333 5268 aliis,
3357 5217 3497 5273 pro-

1989 5307 2009 5342 ι
2035 5299 2153 5361 pter
2171 5288 2320 5346 aliud
2340 5290 2458 5360 ejus
2486 5291 2643 5347 bona}
2669 5290 2793 5346 vitae
2811 5291 3077 5346 studium.
3101 5289 3329 5364 Reliqua
3349 5294 3497 5348 enim

1988 5401 2007 5436 ι
2047 5393 2274 5452 peccata
2297 5383 2486 5438 dicunt
2505 5383 2658 5437 multi
2687 5398 2946 5437 manuum
2975 5384 3326 5456 impositione
3355 5387 3497 5442 tolli.

1986 5492 2006 5527 ι
2036 5474 2190 5542 Quod
2210 5475 2255 5531 si
2271 5475 2284 5528 i
2291 5490 2389 5545 pse
2403 5491 2510 5532 non
2523 5473 2869 5539 conﬁteatur,
2887 5485 3072 5545 aperte
3088 5484 3266 5532 autem
3283 5478 3501 5533 convin-

1987 5584 2005 5616 ι
2044 5567 2102 5620 ci-
2132 5580 2241 5622 non
2274 5568 2536 5637 potuerit,
2580 5567 2729 5624 illius
2771 5580 2995 5638 quoque
3025 5568 3072 5622 ei
3102 5567 3193 5623 liat
3225 5578 3495 5639 potestas.
3597 5580 3607 5588 '

1979 5654 2180 5716 BALS.
2217 5657 2508 5725 Sacerdos,
2534 5657 2627 5727 qui
2659 5664 2786 5713 ante
2821 5657 3227 5715 ordinationem
3256 5656 3498 5714 fornica-
