4014 6224
524 248 658 317 1219

1774 244 2047 304 TIIECD.
2086 244 2484 307 BALSAMON

3670 249 3815 312 1290

537 361 625 397 ws
662 346 815 404 erat,
856 349 1145 409 peccatum
1176 349 1273 390 sua
1312 345 1509 402 sponte
1552 344 1669 398 post
1708 334 2104 388 ordinationem

2210 337 2561 406 ὡμολόγησεν
2594 335 2740 390 ἑκὼν
2766 333 2907 406 μετὰ
2957 336 3055 407 τὴν
3099 337 3451 408 χειροτονίαν
3477 338 3583 409 τὴν
3614 340 3814 411 apag-

404 416 421 423 κ
525 431 710 488 fassus
755 438 865 486 est.
905 427 1099 482 Dicunt
1140 440 1269 496 ergo
1316 424 1526 487 Patres,
1574 440 1696 479 eum
1721 465 1737 491 ,
1782 433 1840 479 ut
1870 426 1963 494 qui
1997 440 2095 478 sua

526 531 727 592 sponte
764 520 946 575 fassus
980 517 1079 581 sit,
1116 530 1145 568 a
1181 515 1438 570 sacrificii
1475 516 1695 585 quidem
1729 515 2099 569 celebratione

526 626 771 674 cessare,
806 609 1013 664 habere
1050 618 1233 663 autem
1268 608 1371 661 alia
1404 608 1749 662 sacerdotum
1788 607 2097 677 privilegia,

528 705 739 760 scilicet
769 717 892 755 cum
934 700 1321 754 sacerdotibus
1359 699 1702 763 cathedram,
1733 711 2103 753 sacramento-

527 812 648 850 rum
684 797 736 848 in
768 793 929 847 altari
966 792 1468 862 participationem,
1498 799 1553 845 et
1580 791 1687 844 alia
1717 790 1966 859 quaedam
2002 806 2016 843 :
2049 798 2105 843 et

530 886 767 940 maxime
797 885 842 939 si
880 886 953 939 sit
984 883 1208 937 virtutis
1239 882 1544 937 studiosus.
1570 881 1801 936 Perinde
1827 890 2009 935 autem
2040 895 2105 935 ac

528 974 574 1027 si
605 972 833 1027 dixisset
857 971 1155 1041 quispiam,
1181 971 1286 1023 alia
1314 984 1541 1038 quoque
1569 974 1788 1038 peccata
1816 967 1968 1037 sequi
2001 968 2108 1020 ior-

530 1064 826 1119 nicationis
861 1062 1076 1125 vitium,
1109 1075 1465 1123 consensum,
1496 1074 1691 1115 manus
1721 1059 2107 1115 contrectatio—

531 1170 682 1216 uetn,
717 1154 931 1216 oscula,
964 1162 1020 1207 et
1053 1152 1364 1221 hujttsmodi
1396 1151 1537 1215 alia;
1570 1159 1624 1206 et
1651 1151 1719 1207 ab
1756 1150 1825 1206 iis
1855 1149 2105 1220 impediri

531 1261 657 1300 eum
687 1245 779 1314 qui
817 1244 998 1298 fassus
1027 1253 1135 1305 est,
1164 1258 1231 1297 ne
1261 1242 1458 1296 habent
1486 1242 1791 1296 sacerdotis
1820 1242 2103 1296 honorem:

530 1336 933 1405 subjuuxerunt
962 1332 1177 1398 Patres,
1211 1334 1365 1401 quod
1401 1332 1658 1399 quoniam
1690 1332 1757 1386 ab
1789 1332 2105 1402 hujusmodi

534 1426 751 1480 delictis
789 1439 895 1477 non
934 1424 1232 1491 impeditur
1260 1422 1555 1493 quispiam,
1593 1422 1888 1491 quominus
1920 1424 1985 1477 ad
2018 1438 2107 1479 sa-

534 1511 841 1565 cerdotium
897 1514 1257 1580 provehatur,
1296 1511 1427 1578 quia
1478 1511 1594 1564 hare
1638 1510 1706 1564 ab
1762 1512 2108 1567 ordinatione

537 1602 825 1655 solvuntur
848 1643 863 1665 ,
913 1615 1020 1654 non
1066 1600 1392 1669 impedit-tur
1431 1602 1500 1655 ab
1530 1601 1633 1668 iis,
1675 1602 1972 1670 quominus
2002 1606 2107 1659 alia

539 1692 737 1745 haheat
762 1690 1065 1760 privilegia.
1186 1691 1302 1746 haec
1330 1690 1572 1760 quidem,
1601 1667 1820 1761 quando
1850 1693 2107 1750 sacerdos
2141 1667 2180 1723 Β

539 1796 697 1834 suum
753 1790 1032 1848 peccatum
1081 1781 1373 1835 confessus
1411 1782 1596 1835 fuerit.
1643 1780 1736 1835 Sin
1780 1793 1959 1837 autem
2004 1798 2106 1838 nec

536 1872 823 1924 confessus
857 1885 956 1923 nec
996 1880 1181 1939 aperte
1215 1872 1505 1926 convictus
1540 1872 1724 1936 fuerit,
1762 1873 1912 1927 nullo
1945 1874 2108 1929 modo

533 1961 959 2015 labefactahitur
980 2002 993 2026 ,
1029 1961 1122 2015 sed
1153 1961 1206 2015 in
1242 1961 1362 2031 ejus
1396 1970 1663 2030 potestate
1693 1964 1798 2018 erit
1826 1979 1987 2019 sacra
2019 1980 2110 2019 ce-

534 2053 753 2108 lebrare
782 2054 864 2106 vel
895 2068 1133 2118 cessare,
1174 2063 1335 2129 prout
1369 2055 1417 2109 ei
1450 2069 1547 2108 sua
1578 2055 1800 2109 dictarit
1827 2058 2111 2111 conscien-

535 2146 653 2212 tia;
708 2146 1167 2214 quemadmodum
1221 2146 1269 2203 si
1326 2148 1616 2205 convictus
1669 2148 1866 2215 fuerit,
1916 2149 2113 2204 exinde

534 2238 860 2304 deponetur,
892 2247 945 2291 et
975 2254 1074 2292 nec
1100 2240 1308 2293 honore
1336 2254 1437 2293 nec
1466 2240 1575 2294 alio
1607 2241 1893 2312 privilegio
1916 2242 2111 2312 dignus

537 2328 849 2382 habebitur.
879 2328 1045 2399 410
1071 2329 1400 2398 Adjecerunt
1434 2342 1615 2385 autem
1649 2331 1839 2388 Patres
1868 2345 2108 2401 apertam

536 2417 956 2485 probationem,
996 2434 1061 2471 eo
1100 2418 1246 2487 quod
1290 2434 1453 2474 nemo
1492 2422 1834 2489 deponatur,
1876 2423 1979 2476 nisi
2017 2438 2115 2492 per

533 2516 750 2576 apertas
766 2510 1135 2577 probationes,
1160 2510 1373 2564 scilicet
1398 2527 1498 2581 per
1518 2510 1931 2567 aﬂirmationem
1958 2515 2116 2583 quin—

533 2613 641 2666 que
678 2599 900 2652 testium
925 2599 1255 2669 jurantiutn.
1286 2601 1427 2654 Dicit
1459 2612 1637 2655 autem
1674 2604 1838 2657 etiam
1870 2604 1950 2658 lex
1985 2606 2117 2658 civi-

536 2690 638 2755 iis;
685 2689 878 2745 Melius
927 2700 1011 2746 est
1056 2703 1278 2760 peccata
1321 2693 1559 2762 relinqui
1596 2695 1895 2764 impunita,
1950 2712 2112 2763 quam

536 2779 755 2848 aliquos
787 2781 907 2835 sine
937 2796 1106 2835 causa
1140 2782 1346 2850 puniri.
1385 2781 1527 2854 Lege
1560 2793 1614 2837 et
1645 2800 1909 2839 canouem
1943 2787 2115 2839 sancti

536 2869 749 2934 Basilii,
785 2872 851 2926 27
888 2881 942 2926 et
975 2874 1247 2928 novellam
1280 2874 1351 2930 29
1390 2876 1597 2929 domini
1632 2874 1833 2930 Leonis
1867 2876 2116 2932 Philoso-

538 2961 656 3029 phi,
687 2971 741 3015 et
774 2979 838 3016 ex
875 2964 1399 3034 interrogationibus
1432 2966 1595 3022 lactis
1627 2970 1679 3021 in
1716 2970 1926 3039 synodo
1964 2970 2110 3022 Con-

533 3055 1017 3121 stantinOpolitana
1040 3056 1541 3125 interpretationem
1588 3065 1860 3130 responsi,
1879 3062 2109 3117 dicentis

534 3144 799 3200 la:corum
842 3148 961 3202 loco
990 3149 1203 3203 censeri
1226 3163 1359 3214 eos,
1389 3149 1483 3219 qui
1513 3150 1745 3220 depositi
1780 3153 1984 3206 fuerint
2010 3171 2024 3207 :
2058 3163 2113 3208 et

535 3240 625 3292 dic
669 3239 895 3307 paucis,
943 3239 1085 3308 quod
1120 3250 1203 3295 est
1241 3240 1546 3296 dilierentia
1574 3244 1697 3312 ejus
1731 3244 1822 3314 qui
1867 3247 2113 3314 peccavit

535 3338 664 3384 ante
686 3330 1087 3386 ordinationem
1113 3339 1168 3387 et
1194 3334 1487 3389 confessus
1515 3344 1600 3390 est
1628 3343 1683 3391 et
1715 3335 1833 3402 ejus
1862 3338 1952 3407 qui
1983 3352 2111 3407 pro-

535 3426 657 3486 pter
703 3421 915 3476 crimen
946 3420 1350 3478 condemnatus
1393 3435 1475 3478 est
1520 3434 1644 3495 post
1686 3426 2109 3481 ordinationem.

537 3508 801 3566 Similiter
841 3519 894 3566 ct
929 3513 1052 3583 ejus
1084 3514 1178 3584 qui
1216 3514 1319 3569 fuit
1366 3514 1620 3587 digamus
1654 3525 1779 3586 post
1809 3517 2109 3575 ordinatio-

534 3615 682 3669 nem,
727 3609 781 3656 et
835 3603 957 3671 ejus
1002 3606 1092 3659 cui
1143 3606 1511 3661 sacerdotium
1554 3608 1799 3663 ablatum
1850 3620 1954 3665 est.
2005 3608 2110 3677 Qui

534 3693 679 3747 enim
701 3732 717 3758 ,
755 3696 900 3762 quod
934 3705 1060 3751 ante
1096 3697 1500 3752 ordinationem
1552 3698 1877 3765 commisit,
1916 3715 2109 3770 pecca-

537 3792 655 3837 tum
688 3786 978 3843 confessus
1004 3795 1112 3853 est,
1147 3789 1218 3843 ab
1255 3789 1535 3845 otl‘ereudo
1567 3799 1777 3845 tantum
1808 3793 2112 3850 removebi-

536 3883 653 3942 tur,
688 3877 785 3933 sed
817 3878 1150 3934 sacerdotali
1182 3881 1447 3936 cathedra
1478 3882 1679 3952 dignus
1709 3883 2023 3953 habebitur,
2055 3893 2110 3941 et

534 3970 766 4039 reliquis
795 3970 1088 4042 ejusmodi,
1145 3984 1204 4028 ut
1236 3974 1357 4028 vult
1383 3988 1557 4029 canon
1592 3975 1662 4029 89
1693 3976 1867 4031 sancti
1901 3976 2105 4034 Basilii.

535 4062 640 4127 Qui
669 4070 848 4116 autem
881 4064 1176 4119 secundam
1208 4078 1437 4121 uxorem
1476 4063 1651 4132 duxit,
1684 4077 1737 4123 et
1763 4081 1823 4123 se
1846 4082 1915 4123 eo
1944 4069 2108 4124 modo

536 4153 845 4209 sacerdotio
875 4155 1045 4209 movit
1074 4194 1090 4222 ,
1127 4155 1471 4223 ministeriis,
1517 4171 1638 4226 quae
1666 4165 1794 4212 sunt
1834 4167 1988 4214 extra
2019 4173 2107 4215 sa-

535 4257 694 4299 crum
730 4245 990 4313 tribunal,
1020 4244 1217 4317 dignus
1246 4247 1558 4303 habebitur.
1587 4247 1692 4303 Sed
1722 4248 1815 4320 qui
1847 4257 1932 4306 est
1971 4264 2107 4305 con-

534 4334 850 4403 demnatus,
892 4352 960 4391 ne
990 4339 1104 4392 haec
1133 4338 1355 4407 quidem
1387 4339 1681 4407 exercebit,
1715 4340 1809 4394 sed
1844 4340 1897 4394 in
1938 4341 2106 4395 laico-

536 4440 655 4478 rutn
691 4427 869 4480 locum
916 4426 1210 4497 rejicietur.
1247 4425 1391 4498 Lego
1429 4444 1554 4500 syn.
1605 4429 1660 4483 in
1710 4430 1899 4484 Tt'ullo
1934 4416 2105 4485 cano-

536 4533 660 4570 nem
688 4516 753 4569 21
786 4526 842 4571 et
867 4517 956 4582 9.6,
989 4528 1042 4572 et
1073 4534 1191 4588 quae
1221 4528 1347 4574 sunt
1379 4520 1431 4574 in
1467 4522 1621 4591 ipsis.
1653 4521 1723 4576 79
1757 4531 1936 4577 autem
1969 4525 2101 4595 imp.

535 4608 742 4661 domini
777 4607 978 4663 Leonis
1018 4607 1295 4679 Sapientis
1328 4612 1575 4677 novella,
1622 4613 1703 4666 sic
1747 4627 1805 4667 se
1835 4613 2000 4668 habet
2034 4615 2104 4671 ad

537 4695 764 4748 verbum
780 4714 802 4751 -:
835 4694 965 4762 Quae
996 4696 1105 4752 Deo
1135 4700 1301 4754 semel
1342 4710 1469 4755 sunt
1498 4711 1849 4770 consecrata,
1894 4719 1955 4758 ea
1995 4720 2105 4761 non

533 4798 659 4838 esse
686 4785 980 4840 auferenda
1015 4788 1277 4842 constitui
1307 4797 1554 4859 oportet;
1590 4789 1753 4859 idque
1786 4793 2102 4857 nousolum

537 4874 594 4929 in
640 4874 807 4929 rebus
856 4874 1112 4944 pretiosis
1157 4879 1526 4943 consecratis,
1574 4879 1672 4933 sed
1726 4879 1895 4934 multo
1938 4884 2103 4937 etiam

535 4964 713 5037 magis
758 4967 812 5019 in
867 4952 1220 5033 hominibus,
1266 4968 1461 5038 quibus
1493 4984 1588 5038 per
1633 4970 1952 5023 clericatum
1995 4969 2104 5026 Deo

532 5055 811 5111 dedicatio
848 5057 1110 5125 accessit;
1142 5059 1383 5126 etiamsi,
1430 5060 1735 5129 cujusmodi
1779 5062 1947 5116 multa
1978 5074 2105 5117 sunt

537 5144 777 5200 humana
798 5148 1017 5215 delicta,
1043 5151 1111 5203 ab
1137 5164 1200 5204 eo
1225 5150 1437 5217 ordine,
1468 5150 1521 5205 in
1553 5167 1681 5222 quo,
1712 5164 1769 5208 ut
1788 5136 1851 5210 se
1876 5154 2104 5211 honeste

533 5240 901 5312 praeclareque
925 5253 1197 5312 gererent,
1222 5242 1378 5298 electi
1406 5253 1556 5308 sunt,
1580 5247 1921 5316 tyrannidem
1950 5265 2105 5303 exer-

533 5345 668 5385 cens
715 5347 810 5387 eos
858 5344 1143 5404 ptccatum
1188 5336 1508 5392 detruserit.
1542 5335 1755 5394 Veteris
1799 5340 1983 5411 itaque
2028 5342 2105 5395 le-

532 5424 808 5495 gislatoris
836 5427 1141 5484 institutum
1178 5445 1285 5484 non
1319 5431 1682 5499 admittimus,
1718 5433 1809 5502 qui
1842 5434 1955 5488 vult
1978 5450 2104 5505 pre-

535 5516 809 5584 sbyterum
835 5512 919 5574 vel
948 5520 1236 5578 diaconum
1269 5524 1350 5579 vel
1377 5525 1799 5592 subdiaconum,
1823 5527 1915 5597 qui
1949 5535 2103 5596 post-

535 5621 699 5675 quam
726 5609 776 5667 ei
806 5626 1004 5669 manus
1030 5624 1110 5672 est
1132 5613 1403 5686 imposita,
1423 5633 1549 5674 cum
1572 5619 1797 5676 muliere
1821 5618 2104 5692 conjungi-

2203 429 2349 484 τίαν.
2378 427 2549 481 Φασὶν
2582 427 2677 481 οὖν
2697 430 2747 481 οἱ
2776 427 3025 497 Πατέρες
3060 429 3156 480 τὸν
3195 428 3443 482 τοιοῦτον
3498 430 3581 492 ὡς
3642 432 3815 484 αύτοο

2202 520 2369 579 θελῶς
2418 520 2972 589 ἐξομολογησάμενον
3002 518 3106 587 τῆς
3138 519 3240 588 μὲν
3306 520 3634 591 ἱερουργίας
3673 540 3815 576 παυ-

2204 613 2385 681 θῆναι,
2416 612 2561 681 ἔχειν
2586 611 2643 664 δὲ
2666 610 2836 665 τᾶλλα
2850 610 3135 680 προνόμια
3167 610 3277 665 τῶν
3307 611 3526 681 ἱερέων,
3555 612 3814 682 δηλονότι

2202 704 2300 775 τὴν
2332 706 2471 774 μετὰ
2514 701 2626 755 τῶν
2657 703 2853 773 ἱερέων
2890 702 3195 773 καθέδραν,
3248 704 3353 772 τὴν
3408 702 3468 757 ἑν
3504 705 3588 775 τῷ
3614 704 3815 759 θυσια-

2206 797 2415 869 στηρίῳ
2465 796 2575 849 τῶν
2644 796 3011 867 άγιασμάτων
3078 795 3411 866 μετάληψιν,
3480 797 3584 850 καὶ
3643 797 3815 868 ἕτερά

2202 907 2349 953 τινα,
2384 890 2478 941 καὶ
2548 888 2787 958 μάλιστα
2842 888 2941 941 ἐὰν
3026 888 3170 958 πρὸς
3216 888 3423 960 ἀρετὴν
3506 890 3813 955 σπουδαῖός

2207 983 2374 1053 ἐστιν.
2408 982 2503 1045 Ὠς
2552 997 2699 1043 τινος
2728 980 2786 1032 δὲ
2834 979 3084 1042 εἱπόντος
3149 980 3549 1034 ἐπακολουθεῖν
3583 982 3671 1053 τῷ
3706 985 3810 1037 πά-

2210 1074 2292 1127 θει
2319 1072 2425 1142 τῆς
2458 1072 2720 1143 πορνείας
2746 1073 2841 1125 καὶ
2892 1071 3030 1126 ἄλλα
3056 1075 3180 1125 τινὰ
3220 1072 3632 1143 ἁμαρτήματα,
3672 1091 3807 1143 συγ-

2205 1163 2523 1225 κατάθεσιν,
2577 1164 2722 1233 ἁφὴν
2777 1162 2987 1232 χειρὸς,
3024 1162 3335 1232 φιλήματα,
3395 1163 3492 1215 καὶ
3542 1166 3807 1230 τοιαῦτα,

2203 1257 2304 1309 καὶ
2332 1257 2441 1309 ἀπὸ
2461 1256 2665 1309 τούτων
2690 1254 3087 1326 ἐμποδίζεσθαι
3121 1258 3214 1309 τὸν
3262 1256 3811 1327 ὲξομολογούμενον,

2208 1348 2347 1401 ὥστε
2388 1348 2533 1416 ἔχειν
2554 1348 2723 1417 τιμὴν
2749 1348 2962 1418 ἱερέως,
2995 1348 3280 1415 ἐπήγαγον
3307 1350 3356 1401 οἱ
3431 1350 3687 1419 Πατέρες
3706 1352 3809 1414 ὡς,

2208 1439 2331 1492 ἐπεὶ
2354 1440 2461 1490 ἀπὸ
2485 1440 2748 1491 τοιούτων
2809 1438 3237 1507 ἁμαρτημάτων
3286 1439 3386 1493 οὐκ
3437 1442 3811 1509 ἑμποδίξεταί

2208 1547 2291 1592 τις
2322 1531 2403 1594 είς
2426 1530 2728 1600 ἱερωσύνην
2764 1528 3334 1599 προαναὸιδασθῆναι,
3366 1532 3452 1585 διὰ
3486 1534 3549 1586 τὸ
3572 1534 3811 1589 λύεσθαι

2209 1622 2383 1675 ταῦτα
2423 1622 2529 1674 ὑπὸ
2554 1620 2655 1689 τῆς
2688 1622 3048 1691 χειροτονίας,
3076 1622 3139 1673 οὐ
3196 1622 3579 1694 κωλυθήσεται
3612 1628 3679 1695 ἐξ
3710 1633 3813 1681 αύ-

2208 1713 2317 1767 τῶν
2342 1713 2487 1783 ἔχειν
2513 1716 2581 1765 τα
2610 1713 2745 1766 ἄλλα
2782 1716 3087 1782 προνόμια.
3116 1713 3225 1766 Καὶ
3250 1714 3431 1770 ταῦτα
3500 1719 3625 1788 μὲν,
3669 1722 3813 1774 ὅταν

2213 1804 2449 1872 όὶερεὺς
2530 1804 3001 1877 ἐξομολογήσηται
3079 1806 3139 1859 τὸ
3180 1807 3522 1883 ἁμάρτημα’
3588 1811 3694 1863 ἐὰν
3744 1813 3808 1865 δὲ

2213 1896 2353 1965 μήτε
2378 1896 2696 1968 ὁμολογήσῃ
2722 1899 2859 1968 μήτε
2882 1900 3116 1973 ἐλεγχθῇ
3149 1903 3421 1973 φανερῶς,
3447 1903 3807 1959 ούδεπωσοῦν

2212 1989 2771 2060 παρασαλευθήσεται
2798 2009 2812 2021 σ
2837 1991 2973 2046 ἀλλὰ
3007 1994 3143 2065 παρ’
3183 1995 3335 2066 αὐτῷ
3366 1995 3613 2047 κείσεται
3643 1995 3806 2060 ἐξου-

2212 2080 2302 2131 σία
2338 2080 2833 2154 τοῦίερουργεῖνῆ
2884 2085 3199 2139 παύσασθαι
3248 2086 3407 2156 ’πρὸς
3456 2087 3518 2139 τὸ
3591 2088 3805 2141 οἰκεῖον

2214 2172 2453 2235 συνειδός
2479 2189 2493 2203 '
2529 2172 2723 2244 ὥσπερ
2755 2176 2851 2228 ἐὰν
2884 2178 3143 2248 ἐλεγχθῇ,
3190 2179 3533 2233 άπεντεῦθεν
3595 2180 3801 2234 καθαι⁶

2214 2262 2526 2335 ρεθήαε-ται,
2550 2268 2645 2317 καὶ
2669 2266 2790 2318 οὐδὲ
2808 2269 3022 2342 τιμῆςῆ
3068 2270 3229 2323 ἄλλου
3283 2274 3594 2342 προνομίου
3636 2273 3802 2337 ἀξιω-

2215 2354 2464 2423 θήσεται.
2508 2356 2843 2426 ΙΙροσέθεντο
2896 2356 2953 2411 δὲ
2990 2359 3043 2413 οἱ
3095 2360 3338 2430 Πατέρες
3386 2361 3481 2414 τὸν
3561 2364 3798 2431 φανερὸν

2214 2445 2459 2515 ἔλεγχον,
2492 2447 2582 2500 διὰ
2609 2448 2668 2501 τὸ
2704 2450 2914 2520 μηδένα
2940 2454 3331 2521 καθαιρεῖσθαι
3362 2454 3414 2506 εἱ
3462 2453 3541 2526 μὴ
3581 2455 3672 2509 διὰ
3699 2473 3799 2524 φα-

2214 2538 2388 2606 νερῶν
2415 2538 2771 2604 ἀποδείξεων,
2839 2544 2961 2612 ἦτοι
3016 2544 3105 2598 διὰ
3158 2547 3516 2611 καταθέσεως
3591 2552 3799 2619 μαρτύο

2219 2645 2328 2698 ρων
2392 2630 2557 2683 πέντε
2620 2632 2959 2702 ὀμνυόντων.
3037 2638 3176 2707 Φησὶ
3239 2638 3295 2692 δὲ
3348 2641 3444 2693 καὶ
3504 2642 3535 2693 ὁ
3591 2643 3800 2711 νόμος⁸

2220 2722 2490 2788 Κρεῖττὸν
2520 2724 2637 2776 ἐστι
2669 2726 2739 2777 τὰ
2764 2726 3140 2800 ἁμαρτήματα
3155 2732 3492 2803 άνεκδίκητα
3525 2736 3804 2803 καταλιμ-

2218 2813 2508 2877 πάνεσθαι,
2543 2816 2760 2887 ήτινας
2783 2820 3060 2883 ἀναιτίους
3098 2822 3445 2888 κολάζεσθαι.
3490 2826 3802 2894 Ἀνάγνωθι

2216 2905 2313 2958 καὶ
2336 2907 2428 2958 τὸν
2486 2909 2567 2972 κζ’
2598 2910 2798 2963 κανόνα
2831 2912 2927 2965 τοῦ
2966 2913 3127 2981 ἁγίου
3208 2914 3493 2970 Βασιλείου
3544 2920 3647 2971 καὶ
3702 2923 3802 2990 τὴν

2139 3013 2180 3070 α
2216 2992 2288 3047 οθ¹
2310 2998 2508 3066 νεαρὰν
2534 2998 2629 3050 τοῦ
2666 3000 2929 3069 βασιλέως
2955 3004 3149 3074 κυρίου
3199 3007 3429 3071 Λέοντος
3490 3009 3594 3063 τοῦ
3648 3013 3802 3064 Φιλο-

2220 3087 2406 3154 σόφου,
2434 3088 2531 3141 καὶ
2565 3090 2672 3142 ἀπὸ
2715 3092 2823 3144 τῶν
2864 3096 3169 3162 γεγονυιῶν
3238 3099 3573 3167 ἐρωτήσεων
3595 3104 3679 3165 εἱς
3706 3105 3803 3172 τὴν

2213 3176 2514 3246 ἑρμηνείαν
2539 3180 2636 3250 τῆς
2677 3183 3051 3253 ἀποκρίσεως,
3081 3186 3182 3256 τῆς
3231 3187 3505 3261 λεγούσης
3564 3194 3649 3255 είς
3708 3198 3803 3246 τὴν

2212 3272 2378 3322 τόπον
2400 3272 2692 3326 τάττεσθαι
2742 3276 2850 3329 τῶν
2895 3275 3101 3331 λαῖκῶν
3149 3279 3277 3344 τοὺς
3310 3284 3751 3354 καθαιρεθέντας
3781 3302 3801 3321 ο

2216 3362 2312 3413 καὶ
2353 3365 2684 3433 συναγαγὼν
2723 3368 2846 3420 εἱπὲ
2871 3368 2951 3421 ὅτι
2985 3370 3224 3441 διαφορά
3256 3373 3376 3426 ἐστι
3423 3375 3521 3428 τοῦ
3559 3379 3671 3448 πρὸ
3701 3381 3799 3447 τῆς

2217 3454 2558 3520 χειροτονίας
2626 3456 3012 3527 ἡμαρτηκότος
3075 3463 3171 3515 καὶ
3216 3461 3791 3538 ἐξομολογησαμένου.

2211 3544 2307 3595 καὶ⁵
2343 3543 2437 3596 τοῦ
2463 3546 2961 3614 καταδικασθέντος
3041 3552 3131 3608 διὰ
3180 3553 3439 3628 ἔγκλημα
3500 3562 3646 3629 μετὰ
3694 3564 3795 3628 τὴν

2209 3635 2547 3704 χειροτονίαν
2575 3650 2591 3666 ·
2642 3638 2902 3704 ὡσαύτως
2934 3642 3027 3696 καὶ
3066 3643 3163 3697 τοῦ
3196 3646 3605 3719 διγαμήσαντος
3653 3655 3793 3718 μετᾶ

2209 3724 2314 3794 τὴν
2346 3728 2710 3797 χειροτονίαν,
2744 3732 2838 3784 καὶ
2868 3734 3263 3805 ἀφαιρεθέντος
3291 3740 3392 3808 τὴν
3462 3742 3787 3815 ἱερωσύνην.

2220 3816 2279 3871 '0
2309 3820 2408 3887 μὲν
2441 3820 2550 3891 γὰρ
2583 3822 3123 3897 ἐξομολογησάμενος
3158 3829 3257 3900 τὴν
3302 3832 3412 3901 πρὸ
3441 3832 3547 3903 τῆς
3604 3852 3788 3905 χειροο

2206 3910 2391 3974 τονίας
2415 3912 2695 3982 ἁμαρτίαν
2740 3916 2910 3984 μόνου
2939 3917 3044 3971 τοῦ
3073 3923 3409 3991 προσφέρειν
3454 3928 3788 3996 στερηθήσε-

2206 4016 2297 4052 ται
2326 4016 2342 4033 ⁸
2369 4002 2643 4074 καθέδρας
2659 4004 2716 4059 δὲ
2757 4007 3045 4079 ἱερατικῆς
3062 4010 3435 4081 ἀξιωθήσεται
3458 4016 3559 4068 καὶ
3578 4017 3787 4071 λοιπῶν

2207 4090 2489 4159 τοιούτων,
2533 4098 2674 4149 κατὰ
2699 4098 2793 4150 τὶν
2822 4096 2909 4152 πθ¹
2929 4101 3129 4155 κανόνα
3151 4104 3247 4156 τοῦ
3277 4104 3443 4173 ἁγίου
3478 4106 3784 4166 Βασιλείαν.

2215 4176 2277 4233 '0
2316 4182 2374 4235 δὲ
2452 4184 2785 4256 διγαμήσας,
2836 4192 2931 4244 καὶ
2994 4194 3186 4247 ἑαυτὸν
3248 4202 3690 4267 τοιουτοτρόποις
3726 4206 3786 4257 ἐκ

2206 4271 2310 4365 τῆς
2340 4272 2644 4347 ἱερωσύνης
2680 4282 3082 4353 μετακινήσας,
3118 4286 3226 4338 τῶν
3264 4287 3369 4353 ἔξω
3407 4289 3507 4345 τοῦ
3540 4292 3785 4365 βήματος

2136 4378 2180 4435 ι)
2207 4362 2490 4419 διακονιῶν
2516 4367 2903 4440 ἀξιωθήσεται.
2966 4373 3024 4427 ⁸0
3083 4377 3142 4430 δὲ
3176 4362 3628 4446 καταδικασθεὶς*
3665 4388 3782 4443 οὐδὲ

2204 4454 2377 4506 ταῦτα
2402 4456 2707 4527 ἐνεργήσει,
2744 4461 2860 4513 ἀλλ’
2908 4463 2991 4526 είς
3048 4468 3139 4519 τὸν
3184 4468 3351 4521 τόπον
3396 4471 3508 4524 τῶν
3577 4473 3785 4529 λαῖκῶν

2209 4544 2528 4634 ῥιφήσεται.
2569 4549 2874 4617 ’Δνάγιωθι
2901 4563 2995 4609 καὶ
3026 4558 3128 4626 τῆς
3154 4560 3212 4611 ὲν
3232 4560 3309 4630 τῷ
3333 4562 3601 4634 Τρούλλῳ
3663 4587 3786 4622 συν-

2213 4632 2338 4687 όδου
2369 4636 2570 4690 κανόνα
2600 4639 2684 4692 κα¹
2706 4644 2801 4695 καὶ
2840 4645 2907 4697 τὰ
2935 4646 2992 4698 ἑν
3020 4648 3223 4711 αὐτοῖς.
3291 4650 3353 4704 Ἠ
3384 4652 3443 4705 δὲ
3487 4632 3581 4708 οθνή
3614 4661 3787 4726 νεαρὲ

2206 4723 2302 4778 τοῦ
2332 4726 2598 4796 βασιλέως
2626 4736 2796 4802 κυρού
2829 4735 3061 4801 Λέοντος
3097 4740 3190 4792 τοῦ
3219 4742 3396 4810 Σοφοῦ
3454 4745 3574 4815 ἔχει
3644 4753 3785 4803 κατὰ

2208 4812 2362 4883 ῥῆμα
2398 4814 2570 4880 οὕτως
2605 4834 2619 4849 ο
2658 4818 2738 4874 Τὰ
2769 4822 2918 4888 ἅπαξ
2944 4826 3347 4899 άνατεθειμένα
3367 4832 3446 4902 τῷ
3474 4812 3603 4906 έεῷ
3652 4841 3783 4892 ἀνι-

2210 4906 2446 4974 φαίρετα
2476 4907 2585 4961 δεῖν
2617 4908 2762 4966 εἶναι
2790 4915 3178 4983 καθίστασθαι,
3208 4923 3484 4978 καὶτοῦτο
3524 4930 3584 4981 οὐ
3618 4931 3781 4997 μόνον

2204 4996 2297 5048 ἐπὶ
2323 5000 2623 5069 κειμηλίων
2650 5005 3061 5076 ἁνιερωμένων,
3083 5012 3221 5066 ἀλλὰ
3252 5015 3388 5069 πολὺ
3433 4996 3643 5086 μᾶλλον
3697 5026 3777 5075 ἐπέ

2206 5090 2538 5183 ἀνθρῶπων,
2562 5091 2643 5160 οἷς
2670 5098 2759 5151 διὰ
2782 5100 2881 5153 τοῦ
2914 5102 3120 5173 κλήρου
3174 5109 3552 5179 προσγένηται
3582 5113 3615 5182 ή
3650 5117 3769 5183 πρὲς

2204 5181 2266 5234 τὸ
2335 5182 2480 5238 θεῖον
2513 5188 2791 5254 ἀνάθεσις.
2833 5192 3068 5259 κᾶν,οία
3122 5198 3289 5251 πολλὰ
3334 5200 3405 5253 τὰ
3464 5181 3763 5273 ἀνθρώπω

2206 5276 2546 5346 πταίσματα,
2574 5280 2676 5347 τῆς
2707 5282 2915 5348 τάξεως
2943 5288 3001 5339 ὲν
3043 5283 3076 5359 ᾖ
3126 5290 3459 5360 διαπρέπειν
3512 5297 3766 5361 κατεκλεί-

2207 5365 2486 5436 ρώθησαν,
2524 5370 2556 5441 ἡ
2590 5372 2855 5442 τύραννος
2910 5380 3109 5439 αὐτοὺς
3142 5382 3478 5453 ὲξωθήσειεν
3511 5388 3769 5456 ἁμαρτία.

2209 5459 2324 5511 Οὐκ
2349 5460 2742 5531 ἀποδεχόμενοι
2765 5465 2858 5519 οὖν
2885 5470 2984 5537 τῆς
3016 5472 3397 5542 προαιρέσεως
3416 5477 3512 5531 τὸν
3550 5479 3767 5529 παλαιὸν

2204 5550 2597 5621 νομοθέτην,ὂς
2644 5555 2898 5624 βούλεται
2942 5562 3314 5633 πρεσϐύτερον
3380 5567 3416 5637 ἢ
3473 5567 3771 5639 διάκονονῆ

2206 5642 2583 5712 ύποδιὰκονον,
2624 5648 2763 5716 μετὰ
2796 5650 2894 5721 τὴν
2927 5652 3013 5706 ἐπ’
3053 5655 3203 5726 αὐτῷ
3220 5656 3591 5729 ’χειροθεσίαν
3614 5676 3781 5713 συνισ-
