  <div class='ocr_page' id='page_1' title='image "/cluster/home/n/w/nwhite01/storage/ocr_20150623/137/hvd.32044073502536/660.png"; bbox 0 0 4014 6224; ppageno 0'>
   <div class='ocr_carea' id='block_1_1' title="bbox 283 204 413 270">
    <p class='ocr_par' dir='ltr' id='par_1_1' title="bbox 283 204 413 270">
     <span class='ocr_line' id='line_1_1' title="bbox 283 204 413 270; baseline 0 -3"><span class='ocrx_word' id='word_1_1' title='bbox 283 204 413 270; x_wconf 65' lang='grc' dir='ltr'>Ε’ἓὶ</span> 
     </span>
    </p>
   </div>
   <div class='ocr_carea' id='block_1_2' title="bbox 1343 202 2438 267">
    <p class='ocr_par' dir='ltr' id='par_1_2' title="bbox 1343 202 2438 267">
     <span class='ocr_line' id='line_1_2' title="bbox 1343 202 2438 267; baseline 0.001 -2"><span class='ocrx_word' id='word_1_2' title='bbox 1343 205 1425 266; x_wconf 87' lang='grc' dir='ltr'><strong>ΙΝ</strong></span> <span class='ocrx_word' id='word_1_3' title='bbox 1465 206 1630 267; x_wconf 77' lang='lat' dir='ltr'><strong>CAN.</strong></span> <span class='ocrx_word' id='word_1_4' title='bbox 1664 205 1717 265; x_wconf 83' lang='lat' dir='ltr'>X</span> <span class='ocrx_word' id='word_1_5' title='bbox 1752 202 1966 266; x_wconf 80' lang='lat' dir='ltr'><strong>CONC.</strong></span> <span class='ocrx_word' id='word_1_6' title='bbox 2003 203 2438 266; x_wconf 71' lang='lat' dir='ltr'><strong>NEOCJESAR.</strong></span> 
     </span>
    </p>
   </div>
   <div class='ocr_carea' id='block_1_3' title="bbox 3399 203 3539 270">
    <p class='ocr_par' dir='ltr' id='par_1_3' title="bbox 3399 203 3539 270">
     <span class='ocr_line' id='line_1_3' title="bbox 3399 203 3539 270; baseline -0.014 0"><span class='ocrx_word' id='word_1_7' title='bbox 3399 203 3539 270; x_wconf 65' lang='lat'><strong>1222</strong></span> 
     </span>
    </p>
   </div>
   <div class='ocr_carea' id='block_1_4' title="bbox 277 317 1850 394">
    <p class='ocr_par' dir='ltr' id='par_1_4' title="bbox 277 320 1850 394">
     <span class='ocr_line' id='line_1_4' title="bbox 277 320 1850 394; baseline -0.004 -18"><span class='ocrx_word' id='word_1_8' title='bbox 277 325 552 394; x_wconf 77' lang='grc' dir='ltr'>πτόμενον</span> <span class='ocrx_word' id='word_1_9' title='bbox 595 323 836 394; x_wconf 77' lang='grc' dir='ltr'>γαμετῇ,</span> <span class='ocrx_word' id='word_1_10' title='bbox 862 321 1145 386; x_wconf 81' lang='grc' dir='ltr'><strong>παντελῶς</strong></span> <span class='ocrx_word' id='word_1_11' title='bbox 1168 322 1413 374; x_wconf 82' lang='grc' dir='ltr'>τοιούτου</span> <span class='ocrx_word' id='word_1_12' title='bbox 1467 320 1850 386; x_wconf 72' lang='grc' dir='ltr'><strong>ὑπεξίστασθαι</strong></span> 
     </span>
    </p>
   </div>
   <div class='ocr_carea' id='block_1_5' title="bbox 1954 317 3533 394">
    <p class='ocr_par' dir='ltr' id='par_1_5' title="bbox 1967 317 3533 388">
     <span class='ocr_line' id='line_1_5' title="bbox 1967 317 3533 388; baseline -0.001 -11"><span class='ocrx_word' id='word_1_13' title='bbox 1967 331 2076 388; x_wconf 86' lang='lat' dir='ltr'><strong>tur,</strong></span> <span class='ocrx_word' id='word_1_14' title='bbox 2113 322 2181 377; x_wconf 89' lang='lat' dir='ltr'><strong>ah</strong></span> <span class='ocrx_word' id='word_1_15' title='bbox 2227 337 2290 377; x_wconf 84' lang='lat' dir='ltr'><strong>ro</strong></span> <span class='ocrx_word' id='word_1_16' title='bbox 2341 321 2527 377; x_wconf 81' lang='lat' dir='ltr'><strong>habitu</strong></span> <span class='ocrx_word' id='word_1_17' title='bbox 2575 317 3110 385; x_wconf 73' lang='lat' dir='ltr'><strong>omnino&#39;excidere,</strong></span> <span class='ocrx_word' id='word_1_18' title='bbox 3155 326 3210 373; x_wconf 82' lang='lat' dir='ltr'><strong>et</strong></span> <span class='ocrx_word' id='word_1_19' title='bbox 3251 318 3318 374; x_wconf 84' lang='lat' dir='ltr'><strong>ad</strong></span> <span class='ocrx_word' id='word_1_20' title='bbox 3368 321 3533 376; x_wconf 84' lang='lat' dir='ltr'><strong>vitam</strong></span> 
     </span>
    </p>
   </div>
   <div class='ocr_carea' id='block_1_6' title="bbox 277 411 1852 487">
    <p class='ocr_par' dir='ltr' id='par_1_6' title="bbox 277 411 1852 487">
     <span class='ocr_line' id='line_1_6' title="bbox 277 411 1852 487; baseline -0.003 -18"><span class='ocrx_word' id='word_1_21' title='bbox 277 417 582 487; x_wconf 84' lang='grc' dir='ltr'>σχήματος,</span> <span class='ocrx_word' id='word_1_22' title='bbox 611 415 702 467; x_wconf 76' lang='grc' dir='ltr'>καὶ</span> <span class='ocrx_word' id='word_1_23' title='bbox 746 413 886 484; x_wconf 80' lang='grc' dir='ltr'>πρὸς</span> <span class='ocrx_word' id='word_1_24' title='bbox 915 414 1006 466; x_wconf 75' lang='grc' dir='ltr'>τὸν</span> <span class='ocrx_word' id='word_1_25' title='bbox 1046 413 1238 467; x_wconf 64' lang='grc' dir='ltr'>λαῖγδν</span> <span class='ocrx_word' id='word_1_26' title='bbox 1299 411 1418 483; x_wconf 84' lang='grc' dir='ltr'>βίον</span> <span class='ocrx_word' id='word_1_27' title='bbox 1508 414 1852 484; x_wconf 77' lang='grc' dir='ltr'>ἐπαναστρέ-</span> 
     </span>
    </p>
   </div>
   <div class='ocr_carea' id='block_1_7' title="bbox 279 506 1858 577">
    <p class='ocr_par' dir='ltr' id='par_1_7' title="bbox 279 506 1858 577">
     <span class='ocr_line' id='line_1_7' title="bbox 279 506 1858 577; baseline -0.001 -18"><span class='ocrx_word' id='word_1_28' title='bbox 279 508 505 573; x_wconf 77' lang='grc' dir='ltr'>φεσθαι,</span> <span class='ocrx_word' id='word_1_29' title='bbox 541 507 862 577; x_wconf 80' lang='grc' dir='ltr'>ἀκ·.›ροῦμεν</span> <span class='ocrx_word' id='word_1_30' title='bbox 909 508 967 559; x_wconf 63' lang='grc' dir='ltr'>τί»</span> <span class='ocrx_word' id='word_1_31' title='bbox 991 507 1190 577; x_wconf 76' lang='grc' dir='ltr'>δόγμα.</span> <span class='ocrx_word' id='word_1_32' title='bbox 1228 506 1581 576; x_wconf 80' lang='grc' dir='ltr'>Θεσπίζομεν</span> <span class='ocrx_word' id='word_1_33' title='bbox 1619 506 1674 559; x_wconf 83' lang='grc' dir='ltr'><strong>δὲ</strong></span> <span class='ocrx_word' id='word_1_34' title='bbox 1699 506 1858 575; x_wconf 79' lang='grc' dir='ltr'>μόνον</span> 
     </span>
    </p>
   </div>
   <div class='ocr_carea' id='block_1_8' title="bbox 275 589 1856 668">
    <p class='ocr_par' dir='ltr' id='par_1_8' title="bbox 275 589 1856 668">
     <span class='ocr_line' id='line_1_8' title="bbox 275 589 1856 668; baseline -0.002 -19"><span class='ocrx_word' id='word_1_35' title='bbox 275 601 343 667; x_wconf 80' lang='grc' dir='ltr'>τῇ</span> <span class='ocrx_word' id='word_1_36' title='bbox 377 598 724 666; x_wconf 79' lang='grc' dir='ltr'>ὑποχωρήσει</span> <span class='ocrx_word' id='word_1_37' title='bbox 760 598 859 666; x_wconf 76' lang='grc' dir='ltr'>τῆς</span> <span class='ocrx_word' id='word_1_38' title='bbox 888 596 1093 660; x_wconf 83' lang='grc' dir='ltr'>τάξεως</span> <span class='ocrx_word' id='word_1_39' title='bbox 1127 595 1212 663; x_wconf 83' lang='grc' dir='ltr'>ἐφ’</span> <span class='ocrx_word' id='word_1_40' title='bbox 1363 595 1468 666; x_wconf 78' lang='grc' dir='ltr'>πρὸ</span> <span class='ocrx_word' id='word_1_41' title='bbox 1522 593 1617 648; x_wconf 79' lang='grc' dir='ltr'>τοῦ</span> <span class='ocrx_word' id='word_1_42' title='bbox 1674 596 1856 663; x_wconf 84' lang='grc' dir='ltr'>γάμου</span> 
     </span>
    </p>
   </div>
   <div class='ocr_carea' id='block_1_9' title="bbox 277 684 1858 760">
    <p class='ocr_par' dir='ltr' id='par_1_9' title="bbox 277 684 1858 760">
     <span class='ocr_line' id='line_1_9' title="bbox 277 684 1858 760; baseline -0.002 -20"><span class='ocrx_word' id='word_1_43' title='bbox 277 689 658 755; x_wconf 76' lang='grc' dir='ltr'>ἑγνωρὶζοντο,</span> <span class='ocrx_word' id='word_1_44' title='bbox 695 688 984 760; x_wconf 85' lang='grc' dir='ltr'>ἀρκεῖσθαι</span> <span class='ocrx_word' id='word_1_45' title='bbox 1014 688 1113 758; x_wconf 81' lang='grc' dir='ltr'><strong>τὴν</strong></span> <span class='ocrx_word' id='word_1_46' title='bbox 1139 687 1296 756; x_wconf 86' lang='grc' dir='ltr'>δίκην</span> <span class='ocrx_word' id='word_1_47' title='bbox 1359 687 1543 749; x_wconf 70' lang='grc' dir='ltr'>αὐτοῖς</span> <span class='ocrx_word' id='word_1_48' title='bbox 1584 704 1597 717; x_wconf 83' lang='grc'><em>’</em></span> <span class='ocrx_word' id='word_1_49' title='bbox 1648 685 1743 738; x_wconf 81' lang='grc' dir='ltr'>τοῦ</span> <span class='ocrx_word' id='word_1_50' title='bbox 1801 684 1858 738; x_wconf 84' lang='grc' dir='ltr'><strong>δὲ</strong></span> 
     </span>
    </p>
   </div>
   <div class='ocr_carea' id='block_1_10' title="bbox 277 779 1858 853">
    <p class='ocr_par' dir='ltr' id='par_1_10' title="bbox 277 779 1858 853">
     <span class='ocr_line' id='line_1_10' title="bbox 277 779 1858 853; baseline 0.001 -22"><span class='ocrx_word' id='word_1_51' title='bbox 277 781 543 853; x_wconf 78' lang='grc' dir='ltr'>κληρικοῦ</span> <span class='ocrx_word' id='word_1_52' title='bbox 577 781 868 850; x_wconf 65' lang='grc' dir='ltr'>σχήματος</span> <span class='ocrx_word' id='word_1_53' title='bbox 917 782 1010 833; x_wconf 76' lang='grc' dir='ltr'>καὶ</span> <span class='ocrx_word' id='word_1_54' title='bbox 1056 781 1160 849; x_wconf 73' lang='grc' dir='ltr'>τῆς</span> <span class='ocrx_word' id='word_1_55' title='bbox 1194 781 1360 851; x_wconf 81' lang='grc' dir='ltr'>ἄλλης</span> <span class='ocrx_word' id='word_1_56' title='bbox 1391 782 1448 834; x_wconf 84' lang='grc' dir='ltr'><strong>ἐν</strong></span> <span class='ocrx_word' id='word_1_57' title='bbox 1472 782 1592 842; x_wconf 87' lang='grc' dir='ltr'>ταῖς</span> <span class='ocrx_word' id='word_1_58' title='bbox 1658 779 1858 850; x_wconf 73' lang='grc' dir='ltr'>ἐκκληο</span> 
     </span>
    </p>
   </div>
   <div class='ocr_carea' id='block_1_11' title="bbox 279 867 1855 942">
    <p class='ocr_par' dir='ltr' id='par_1_11' title="bbox 279 867 1855 942">
     <span class='ocr_line' id='line_1_11' title="bbox 279 867 1855 942; baseline -0.001 -18"><span class='ocrx_word' id='word_1_59' title='bbox 279 873 423 934; x_wconf 78' lang='grc' dir='ltr'>σίσις</span> <span class='ocrx_word' id='word_1_60' title='bbox 457 872 784 942; x_wconf 76' lang='grc' dir='ltr'>ὑπηρεσίας,</span> <span class='ocrx_word' id='word_1_61' title='bbox 816 867 883 942; x_wconf 78' lang='grc' dir='ltr'>ἧς</span> <span class='ocrx_word' id='word_1_62' title='bbox 919 873 1262 939; x_wconf 80' lang='grc' dir='ltr'><strong>ἐφάπτεσθαι</strong></span> <span class='ocrx_word' id='word_1_63' title='bbox 1296 877 1395 925; x_wconf 85' lang='grc' dir='ltr'><strong>οὑκ</strong></span> <span class='ocrx_word' id='word_1_64' title='bbox 1457 871 1736 941; x_wconf 73' lang='grc' dir='ltr'>ἀθέμιτον,</span> <span class='ocrx_word' id='word_1_65' title='bbox 1780 871 1855 942; x_wconf 74' lang='grc' dir='ltr'>μὴ</span> 
     </span>
    </p>
   </div>
   <div class='ocr_carea' id='block_1_12' title="bbox 278 963 1644 1035">
    <p class='ocr_par' dir='ltr' id='par_1_12' title="bbox 278 963 1644 1035">
     <span class='ocr_line' id='line_1_12' title="bbox 278 963 1644 1035; baseline 0.003 -20"><span class='ocrx_word' id='word_1_66' title='bbox 278 965 602 1016; x_wconf 75' lang='grc' dir='ltr'>παντάπασι</span> <span class='ocrx_word' id='word_1_67' title='bbox 638 963 736 1032; x_wconf 82' lang='grc' dir='ltr'><strong>τὴν</strong></span> <span class='ocrx_word' id='word_1_68' title='bbox 768 963 1127 1035; x_wconf 72' lang='grc' dir='ltr'><strong>ἀλλοτρίωσιν</strong></span> <span class='ocrx_word' id='word_1_69' title='bbox 1163 964 1644 1029; x_wconf 75' lang='grc' dir='ltr'>καταδικάζεσθαι.</span> 
     </span>
    </p>
   </div>
   <div class='ocr_carea' id='block_1_13' title="bbox 343 1056 1854 1129">
    <p class='ocr_par' dir='ltr' id='par_1_13' title="bbox 343 1056 1854 1129">
     <span class='ocr_line' id='line_1_13' title="bbox 343 1056 1854 1129; baseline 0.001 -19"><span class='ocrx_word' id='word_1_70' title='bbox 343 1056 590 1110; x_wconf 79' lang='grc' dir='ltr'><strong>ΖΩΝΛΡ.</strong></span> <span class='ocrx_word' id='word_1_71' title='bbox 644 1056 774 1111; x_wconf 73' lang='grc' dir='ltr'><strong>Ἐάν</strong></span> <span class='ocrx_word' id='word_1_72' title='bbox 807 1073 892 1118; x_wconf 89' lang='grc' dir='ltr'><strong>τις</strong></span> <span class='ocrx_word' id='word_1_73' title='bbox 921 1056 1029 1127; x_wconf 80' lang='grc' dir='ltr'>πρὸ</span> <span class='ocrx_word' id='word_1_74' title='bbox 1055 1057 1155 1126; x_wconf 86' lang='grc' dir='ltr'>τῆς</span> <span class='ocrx_word' id='word_1_75' title='bbox 1182 1059 1266 1119; x_wconf 87' lang='grc' dir='ltr'><strong>εἱς</strong></span> <span class='ocrx_word' id='word_1_76' title='bbox 1319 1057 1625 1129; x_wconf 69' lang='grc' dir='ltr'>ἱερωσύνην</span> <span class='ocrx_word' id='word_1_77' title='bbox 1671 1075 1854 1128; x_wconf 86' lang='grc' dir='ltr'>χειρο-</span> 
     </span>
    </p>
   </div>
   <div class='ocr_carea' id='block_1_14' title="bbox 279 1148 1858 1223">
    <p class='ocr_par' dir='ltr' id='par_1_14' title="bbox 279 1148 1858 1223">
     <span class='ocr_line' id='line_1_14' title="bbox 279 1148 1858 1223; baseline 0.003 -23"><span class='ocrx_word' id='word_1_78' title='bbox 279 1148 462 1210; x_wconf 84' lang='grc' dir='ltr'>τονίας</span> <span class='ocrx_word' id='word_1_79' title='bbox 490 1149 713 1220; x_wconf 80' lang='grc' dir='ltr'>ἁμάρτῃ</span> <span class='ocrx_word' id='word_1_80' title='bbox 741 1149 979 1219; x_wconf 78' lang='grc' dir='ltr'>σώματι,</span> <span class='ocrx_word' id='word_1_81' title='bbox 1008 1150 1180 1221; x_wconf 74' lang='grc' dir='ltr'>ἧγουν</span> <span class='ocrx_word' id='word_1_82' title='bbox 1209 1151 1373 1221; x_wconf 89' lang='grc' dir='ltr'>μέχρι</span> <span class='ocrx_word' id='word_1_83' title='bbox 1406 1151 1608 1221; x_wconf 78' lang='grc' dir='ltr'>μίξεως</span> <span class='ocrx_word' id='word_1_84' title='bbox 1665 1168 1858 1223; x_wconf 74' lang='grc' dir='ltr'>σαρκι-</span> 
     </span>
    </p>
   </div>
   <div class='ocr_carea' id='block_1_15' title="bbox 275 1236 1858 1316">
    <p class='ocr_par' dir='ltr' id='par_1_15' title="bbox 275 1236 1858 1316">
     <span class='ocr_line' id='line_1_15' title="bbox 275 1236 1858 1316; baseline 0.003 -24"><span class='ocrx_word' id='word_1_85' title='bbox 275 1241 380 1308; x_wconf 80' lang='grc' dir='ltr'>κῆς</span> <span class='ocrx_word' id='word_1_86' title='bbox 411 1239 564 1312; x_wconf 75' lang='grc' dir='ltr'>ἔλθῃ,</span> <span class='ocrx_word' id='word_1_87' title='bbox 620 1236 740 1294; x_wconf 75' lang='grc' dir='ltr'>εἶτα</span> <span class='ocrx_word' id='word_1_88' title='bbox 789 1243 1061 1314; x_wconf 78' lang='grc' dir='ltr'>προαχθῇ,</span> <span class='ocrx_word' id='word_1_89' title='bbox 1130 1244 1258 1297; x_wconf 83' lang='grc' dir='ltr'>ἀντὶ</span> <span class='ocrx_word' id='word_1_90' title='bbox 1311 1243 1426 1310; x_wconf 82' lang='grc' dir='ltr'>τοῦ,</span> <span class='ocrx_word' id='word_1_91' title='bbox 1487 1245 1858 1316; x_wconf 73' lang='grc' dir='ltr'>πρεσϐύτερος</span> 
     </span>
    </p>
   </div>
   <div class='ocr_carea' id='block_1_16' title="bbox 277 1330 1857 1407">
    <p class='ocr_par' dir='ltr' id='par_1_16' title="bbox 277 1330 1857 1407">
     <span class='ocr_line' id='line_1_16' title="bbox 277 1330 1857 1407; baseline 0.004 -26"><span class='ocrx_word' id='word_1_92' title='bbox 277 1330 663 1401; x_wconf 77' lang='grc' dir='ltr'>χειροτονηθῇ,</span> <span class='ocrx_word' id='word_1_93' title='bbox 693 1331 788 1385; x_wconf 70' lang='grc' dir='ltr'>καὶ</span> <span class='ocrx_word' id='word_1_94' title='bbox 821 1333 965 1404; x_wconf 87' lang='grc' dir='ltr'><strong>μετὰ</strong></span> <span class='ocrx_word' id='word_1_95' title='bbox 1006 1334 1105 1404; x_wconf 82' lang='grc' dir='ltr'><strong>τὴν</strong></span> <span class='ocrx_word' id='word_1_96' title='bbox 1158 1336 1501 1406; x_wconf 71' lang='grc' dir='ltr'><strong>χειροτονίαν</strong></span> <span class='ocrx_word' id='word_1_97' title='bbox 1543 1335 1857 1407; x_wconf 74' lang='grc' dir='ltr'><strong>ὁμολογήσῃ</strong></span> 
     </span>
    </p>
   </div>
   <div class='ocr_carea' id='block_1_17' title="bbox 277 1421 1852 1498">
    <p class='ocr_par' dir='ltr' id='par_1_17' title="bbox 277 1421 1852 1498">
     <span class='ocr_line' id='line_1_17' title="bbox 277 1421 1852 1498; baseline 0.004 -25"><span class='ocrx_word' id='word_1_98' title='bbox 277 1421 377 1491; x_wconf 80' lang='grc' dir='ltr'>τὴν</span> <span class='ocrx_word' id='word_1_99' title='bbox 409 1422 721 1492; x_wconf 78' lang='grc' dir='ltr'>ἁμαρτίαν,</span> <span class='ocrx_word' id='word_1_100' title='bbox 753 1425 1093 1498; x_wconf 77' lang='grc' dir='ltr'>προσφέρειν</span> <span class='ocrx_word' id='word_1_101' title='bbox 1168 1425 1268 1496; x_wconf 83' lang='grc' dir='ltr'>μὲν</span> <span class='ocrx_word' id='word_1_102' title='bbox 1331 1427 1390 1479; x_wconf 87' lang='grc' dir='ltr'><strong>οὑ</strong></span> <span class='ocrx_word' id='word_1_103' title='bbox 1464 1429 1852 1498; x_wconf 83' lang='grc' dir='ltr'>συγχωρεῖται,</span> 
     </span>
    </p>
   </div>
   <div class='ocr_carea' id='block_1_18' title="bbox 277 1515 1854 1588">
    <p class='ocr_par' dir='ltr' id='par_1_18' title="bbox 277 1515 1854 1588">
     <span class='ocr_line' id='line_1_18' title="bbox 277 1515 1854 1588; baseline 0.003 -21"><span class='ocrx_word' id='word_1_104' title='bbox 277 1515 558 1568; x_wconf 78' lang='grc' dir='ltr'><strong>τουτέστιν</strong></span> <span class='ocrx_word' id='word_1_105' title='bbox 620 1516 931 1587; x_wconf 80' lang='grc' dir='ltr'>ἱερουργεῖν</span> <span class='ocrx_word' id='word_1_106' title='bbox 969 1531 984 1546; x_wconf 83' lang='lat'><strong><em>°</em></strong></span> <span class='ocrx_word' id='word_1_107' title='bbox 1053 1522 1206 1588; x_wconf 82' lang='grc' dir='ltr'>μενεῖ</span> <span class='ocrx_word' id='word_1_108' title='bbox 1232 1518 1289 1572; x_wconf 81' lang='grc' dir='ltr'>δὲ</span> <span class='ocrx_word' id='word_1_109' title='bbox 1327 1519 1385 1571; x_wconf 89' lang='grc' dir='ltr'><strong>ἐν</strong></span> <span class='ocrx_word' id='word_1_110' title='bbox 1457 1520 1571 1582; x_wconf 86' lang='grc' dir='ltr'>τοῖς</span> <span class='ocrx_word' id='word_1_111' title='bbox 1652 1518 1854 1584; x_wconf 81' lang='grc' dir='ltr'>ἄλλοις,</span> 
     </span>
    </p>
   </div>
   <div class='ocr_carea' id='block_1_19' title="bbox 1960 412 3539 471">
    <p class='ocr_par' dir='ltr' id='par_1_19' title="bbox 1960 412 3539 471">
     <span class='ocr_line' id='line_1_19' title="bbox 1960 412 3539 471; baseline -0.003 -1"><span class='ocrx_word' id='word_1_112' title='bbox 1960 417 2156 471; x_wconf 87' lang='lat' dir='ltr'><strong>laicatu</strong></span> <span class='ocrx_word' id='word_1_113' title='bbox 2203 415 2382 468; x_wconf 88' lang='lat' dir='ltr'><strong>redire</strong></span> <span class='ocrx_word' id='word_1_114' title='bbox 2419 429 2435 468; x_wconf 88' lang='lat'><strong>:</strong></span> <span class='ocrx_word' id='word_1_115' title='bbox 2480 421 2531 468; x_wconf 90' lang='lat' dir='ltr'><strong>ct</strong></span> <span class='ocrx_word' id='word_1_116' title='bbox 2563 413 2844 469; x_wconf 89' lang='lat' dir='ltr'><strong>decretum</strong></span> <span class='ocrx_word' id='word_1_117' title='bbox 2882 412 3242 466; x_wconf 83' lang='lat' dir='ltr'><strong>inthmamus.</strong></span> <span class='ocrx_word' id='word_1_118' title='bbox 3284 412 3539 467; x_wconf 75' lang='lat' dir='ltr'><strong>Decerni-</strong></span> 
     </span>
    </p>
   </div>
   <div class='ocr_carea' id='block_1_20' title="bbox 1961 505 3539 575">
    <p class='ocr_par' dir='ltr' id='par_1_20' title="bbox 1961 505 3539 575">
     <span class='ocr_line' id='line_1_20' title="bbox 1961 505 3539 575; baseline -0.002 -12"><span class='ocrx_word' id='word_1_119' title='bbox 1961 526 2085 565; x_wconf 88' lang='lat' dir='ltr'><strong>mus</strong></span> <span class='ocrx_word' id='word_1_120' title='bbox 2120 516 2301 561; x_wconf 83' lang='lat' dir='ltr'><strong>autem</strong></span> <span class='ocrx_word' id='word_1_121' title='bbox 2338 507 2516 564; x_wconf 89' lang='lat' dir='ltr'><strong>solum</strong></span> <span class='ocrx_word' id='word_1_122' title='bbox 2551 517 2604 561; x_wconf 88' lang='lat' dir='ltr'><strong>ut</strong></span> <span class='ocrx_word' id='word_1_123' title='bbox 2634 506 2847 562; x_wconf 82' lang='lat' dir='ltr'><strong>ordinis</strong></span> <span class='ocrx_word' id='word_1_124' title='bbox 2878 508 3153 571; x_wconf 82' lang='lat' dir='ltr'><strong>cessione,</strong></span> <span class='ocrx_word' id='word_1_125' title='bbox 3189 505 3243 559; x_wconf 92' lang='lat' dir='ltr'><strong>in</strong></span> <span class='ocrx_word' id='word_1_126' title='bbox 3271 521 3380 575; x_wconf 89' lang='lat' dir='ltr'><strong>quo</strong></span> <span class='ocrx_word' id='word_1_127' title='bbox 3409 513 3539 560; x_wconf 89' lang='lat' dir='ltr'><strong>ante</strong></span> 
     </span>
    </p>
   </div>
   <div class='ocr_carea' id='block_1_21' title="bbox 1961 597 3531 668">
    <p class='ocr_par' dir='ltr' id='par_1_21' title="bbox 1961 597 3531 668">
     <span class='ocr_line' id='line_1_21' title="bbox 1961 597 3531 668; baseline -0.001 -15"><span class='ocrx_word' id='word_1_128' title='bbox 1961 598 2371 653; x_wconf 86' lang='lat' dir='ltr'><strong>matrimonium</strong></span> <span class='ocrx_word' id='word_1_129' title='bbox 2420 598 2891 668; x_wconf 80' lang='lat' dir='ltr'><strong>cognosrehatur,</strong></span> <span class='ocrx_word' id='word_1_130' title='bbox 2942 597 3193 667; x_wconf 81' lang='lat' dir='ltr'><strong>supplicii</strong></span> <span class='ocrx_word' id='word_1_131' title='bbox 3246 598 3381 650; x_wconf 79' lang='lat' dir='ltr'><strong>satis</strong></span> <span class='ocrx_word' id='word_1_132' title='bbox 3423 598 3531 652; x_wconf 86' lang='lat' dir='ltr'><strong>sit:</strong></span> 
     </span>
    </p>
   </div>
   <div class='ocr_carea' id='block_1_22' title="bbox 1958 687 3536 753">
    <p class='ocr_par' dir='ltr' id='par_1_22' title="bbox 1958 687 3536 753">
     <span class='ocr_line' id='line_1_22' title="bbox 1958 687 3536 753; baseline -0.001 -7"><span class='ocrx_word' id='word_1_133' title='bbox 1958 690 2146 746; x_wconf 79' lang='lat' dir='ltr'><strong>clerici</strong></span> <span class='ocrx_word' id='word_1_134' title='bbox 2180 700 2362 742; x_wconf 79' lang='lat' dir='ltr'><strong>autem</strong></span> <span class='ocrx_word' id='word_1_135' title='bbox 2412 687 2667 753; x_wconf 85' lang='lat' dir='ltr'><strong>habitus,</strong></span> <span class='ocrx_word' id='word_1_136' title='bbox 2717 699 2769 743; x_wconf 92' lang='lat' dir='ltr'><strong>et</strong></span> <span class='ocrx_word' id='word_1_137' title='bbox 2806 690 2952 744; x_wconf 90' lang='lat' dir='ltr'><strong>alius</strong></span> <span class='ocrx_word' id='word_1_138' title='bbox 2996 691 3049 742; x_wconf 93' lang='lat' dir='ltr'><strong>in</strong></span> <span class='ocrx_word' id='word_1_139' title='bbox 3089 690 3337 744; x_wconf 82' lang='lat' dir='ltr'><strong>ecclesiis</strong></span> <span class='ocrx_word' id='word_1_140' title='bbox 3375 690 3536 744; x_wconf 82' lang='lat' dir='ltr'><strong>ruini-</strong></span> 
     </span>
    </p>
   </div>
   <div class='ocr_carea' id='block_1_23' title="bbox 1959 781 3536 852">
    <p class='ocr_par' dir='ltr' id='par_1_23' title="bbox 1959 781 3536 852">
     <span class='ocr_line' id='line_1_23' title="bbox 1959 781 3536 852; baseline 0.001 -14"><span class='ocrx_word' id='word_1_141' title='bbox 1959 783 2142 847; x_wconf 75' lang='lat' dir='ltr'><strong>SIcrii,</strong></span> <span class='ocrx_word' id='word_1_142' title='bbox 2193 781 2336 848; x_wconf 87' lang='lat' dir='ltr'><strong>quod</strong></span> <span class='ocrx_word' id='word_1_143' title='bbox 2387 782 2538 835; x_wconf 76' lang='lat' dir='ltr'><strong>nefas</strong></span> <span class='ocrx_word' id='word_1_144' title='bbox 2585 798 2690 834; x_wconf 89' lang='lat' dir='ltr'><strong>non</strong></span> <span class='ocrx_word' id='word_1_145' title='bbox 2741 792 2823 834; x_wconf 86' lang='lat' dir='ltr'><strong>est</strong></span> <span class='ocrx_word' id='word_1_146' title='bbox 2866 782 3163 852; x_wconf 78' lang='lat' dir='ltr'><strong>attingere,</strong></span> <span class='ocrx_word' id='word_1_147' title='bbox 3209 783 3536 839; x_wconf 73' lang='lat' dir='ltr'><strong>alienatione</strong></span> 
     </span>
    </p>
   </div>
   <div class='ocr_carea' id='block_1_24' title="bbox 1960 872 2764 927">
    <p class='ocr_par' dir='ltr' id='par_1_24' title="bbox 1960 872 2764 927">
     <span class='ocr_line' id='line_1_24' title="bbox 1960 872 2764 927; baseline -0.001 0"><span class='ocrx_word' id='word_1_148' title='bbox 1960 889 2072 927; x_wconf 86' lang='lat' dir='ltr'><strong>non</strong></span> <span class='ocrx_word' id='word_1_149' title='bbox 2094 872 2319 926; x_wconf 90' lang='lat' dir='ltr'><strong>omnino</strong></span> <span class='ocrx_word' id='word_1_150' title='bbox 2348 874 2764 927; x_wconf 69' lang='lat' dir='ltr'><strong>condemnetur.</strong></span> 
     </span>
    </p>
   </div>
   <div class='ocr_carea' id='block_1_25' title="bbox 2031 1055 3539 1127">
    <p class='ocr_par' dir='ltr' id='par_1_25' title="bbox 2031 1055 3539 1127">
     <span class='ocr_line' id='line_1_25' title="bbox 2031 1055 3539 1127; baseline 0 -17"><span class='ocrx_word' id='word_1_151' title='bbox 2031 1055 2289 1113; x_wconf 71' lang='lat' dir='ltr'><strong>ZONAR.</strong></span> <span class='ocrx_word' id='word_1_152' title='bbox 2315 1056 2394 1120; x_wconf 88' lang='lat' dir='ltr'><strong>Si,</strong></span> <span class='ocrx_word' id='word_1_153' title='bbox 2431 1071 2752 1127; x_wconf 84' lang='lat' dir='ltr'><strong>prmsquam</strong></span> <span class='ocrx_word' id='word_1_154' title='bbox 2784 1057 2957 1112; x_wconf 87' lang='lat' dir='ltr'><strong>sacris</strong></span> <span class='ocrx_word' id='word_1_155' title='bbox 2984 1056 3268 1112; x_wconf 84' lang='lat' dir='ltr'><strong>ordinibus</strong></span> <span class='ocrx_word' id='word_1_156' title='bbox 3294 1057 3539 1110; x_wconf 84' lang='lat' dir='ltr'><strong>initiare-</strong></span> 
     </span>
    </p>
   </div>
   <div class='ocr_carea' id='block_1_26' title="bbox 1960 1149 3536 1219">
    <p class='ocr_par' dir='ltr' id='par_1_26' title="bbox 1960 1149 3536 1219">
     <span class='ocr_line' id='line_1_26' title="bbox 1960 1149 3536 1219; baseline -0.001 -16"><span class='ocrx_word' id='word_1_157' title='bbox 1960 1160 2068 1216; x_wconf 84' lang='lat' dir='ltr'><strong>tur,</strong></span> <span class='ocrx_word' id='word_1_158' title='bbox 2104 1164 2338 1218; x_wconf 89' lang='lat' dir='ltr'><strong>corpore</strong></span> <span class='ocrx_word' id='word_1_159' title='bbox 2370 1149 2642 1219; x_wconf 83' lang='lat' dir='ltr'><strong>quispiam</strong></span> <span class='ocrx_word' id='word_1_160' title='bbox 2680 1152 3006 1219; x_wconf 80' lang='lat' dir='ltr'><strong>peccaverit,</strong></span> <span class='ocrx_word' id='word_1_161' title='bbox 3041 1149 3142 1202; x_wconf 84' lang='lat' dir='ltr'><strong>hoc</strong></span> <span class='ocrx_word' id='word_1_162' title='bbox 3173 1156 3276 1213; x_wconf 71' lang='lat' dir='ltr'><strong>est,</strong></span> <span class='ocrx_word' id='word_1_163' title='bbox 3309 1149 3375 1201; x_wconf 92' lang='lat' dir='ltr'><strong>ad</strong></span> <span class='ocrx_word' id='word_1_164' title='bbox 3413 1149 3536 1202; x_wconf 84' lang='lat' dir='ltr'><strong>lihi-</strong></span> 
     </span>
    </p>
   </div>
   <div class='ocr_carea' id='block_1_27' title="bbox 1958 1241 3534 1312">
    <p class='ocr_par' dir='ltr' id='par_1_27' title="bbox 1958 1241 3534 1312">
     <span class='ocr_line' id='line_1_27' title="bbox 1958 1241 3534 1312; baseline -0.001 -15"><span class='ocrx_word' id='word_1_165' title='bbox 1958 1242 2210 1297; x_wconf 85' lang='lat' dir='ltr'><strong>dinosatn</strong></span> <span class='ocrx_word' id='word_1_166' title='bbox 2244 1256 2416 1311; x_wconf 84' lang='lat' dir='ltr'><strong>usque</strong></span> <span class='ocrx_word' id='word_1_167' title='bbox 2461 1256 2749 1309; x_wconf 87' lang='lat' dir='ltr'><strong>corporum</strong></span> <span class='ocrx_word' id='word_1_168' title='bbox 2791 1241 3227 1297; x_wconf 89' lang='lat' dir='ltr'><strong>commistionem</strong></span> <span class='ocrx_word' id='word_1_169' title='bbox 3280 1256 3534 1312; x_wconf 79' lang='lat' dir='ltr'><strong>progres-</strong></span> 
     </span>
    </p>
   </div>
   <div class='ocr_carea' id='block_1_28' title="bbox 1960 1332 3536 1402">
    <p class='ocr_par' dir='ltr' id='par_1_28' title="bbox 1960 1332 3536 1402">
     <span class='ocr_line' id='line_1_28' title="bbox 1960 1332 3536 1402; baseline -0.006 -11"><span class='ocrx_word' id='word_1_170' title='bbox 1960 1351 2054 1391; x_wconf 89' lang='lat' dir='ltr'><strong>sus</strong></span> <span class='ocrx_word' id='word_1_171' title='bbox 2098 1335 2303 1399; x_wconf 85' lang='lat' dir='ltr'><strong>fuerit,</strong></span> <span class='ocrx_word' id='word_1_172' title='bbox 2338 1333 2537 1388; x_wconf 89' lang='lat' dir='ltr'><strong>deinde</strong></span> <span class='ocrx_word' id='word_1_173' title='bbox 2575 1349 2706 1388; x_wconf 86' lang='lat' dir='ltr'><strong>vero</strong></span> <span class='ocrx_word' id='word_1_174' title='bbox 2742 1332 3044 1389; x_wconf 83' lang='lat' dir='ltr'><strong>admissum</strong></span> <span class='ocrx_word' id='word_1_175' title='bbox 3074 1333 3282 1386; x_wconf 88' lang='lat' dir='ltr'><strong>crimen</strong></span> <span class='ocrx_word' id='word_1_176' title='bbox 3314 1347 3536 1402; x_wconf 83' lang='lat' dir='ltr'><strong>promn-</strong></span> 
     </span>
    </p>
   </div>
   <div class='ocr_carea' id='block_1_29' title="bbox 1961 1423 3534 1493">
    <p class='ocr_par' dir='ltr' id='par_1_29' title="bbox 1961 1423 3534 1493">
     <span class='ocr_line' id='line_1_29' title="bbox 1961 1423 3534 1493; baseline -0.004 -11"><span class='ocrx_word' id='word_1_177' title='bbox 1961 1440 2071 1493; x_wconf 90' lang='lat' dir='ltr'><strong>tus,</strong></span> <span class='ocrx_word' id='word_1_178' title='bbox 2109 1429 2210 1482; x_wconf 90' lang='lat' dir='ltr'><strong>hoc</strong></span> <span class='ocrx_word' id='word_1_179' title='bbox 2244 1436 2346 1491; x_wconf 90' lang='lat' dir='ltr'><strong>est,</strong></span> <span class='ocrx_word' id='word_1_180' title='bbox 2381 1426 2469 1480; x_wconf 90' lang='lat' dir='ltr'><strong>ubi</strong></span> <span class='ocrx_word' id='word_1_181' title='bbox 2512 1427 2770 1481; x_wconf 82' lang='lat' dir='ltr'><strong>sacerdos</strong></span> <span class='ocrx_word' id='word_1_182' title='bbox 2795 1437 3010 1480; x_wconf 83' lang='lat' dir='ltr'><strong>creatus</strong></span> <span class='ocrx_word' id='word_1_183' title='bbox 3044 1424 3240 1489; x_wconf 86' lang='lat' dir='ltr'><strong>fuerit,</strong></span> <span class='ocrx_word' id='word_1_184' title='bbox 3273 1423 3534 1478; x_wconf 60' lang='lat' dir='ltr'><strong>conti&#39;tea-</strong></span> 
     </span>
    </p>
   </div>
   <div class='ocr_carea' id='block_1_30' title="bbox 1960 1516 3531 1585">
    <p class='ocr_par' dir='ltr' id='par_1_30' title="bbox 1960 1516 3531 1585">
     <span class='ocr_line' id='line_1_30' title="bbox 1960 1516 3531 1585; baseline -0.003 -11"><span class='ocrx_word' id='word_1_185' title='bbox 1960 1531 2083 1585; x_wconf 92' lang='lat' dir='ltr'><strong>tur,</strong></span> <span class='ocrx_word' id='word_1_186' title='bbox 2144 1519 2377 1584; x_wconf 73' lang='lat' dir='ltr'><strong>offerre,</strong></span> <span class='ocrx_word' id='word_1_187' title='bbox 2443 1520 2545 1574; x_wconf 92' lang='lat' dir='ltr'><strong>hoc</strong></span> <span class='ocrx_word' id='word_1_188' title='bbox 2602 1527 2718 1584; x_wconf 93' lang='lat' dir='ltr'><strong>cst,</strong></span> <span class='ocrx_word' id='word_1_189' title='bbox 2769 1532 2924 1574; x_wconf 89' lang='lat' dir='ltr'><strong>sacra</strong></span> <span class='ocrx_word' id='word_1_190' title='bbox 2987 1518 3265 1573; x_wconf 85' lang='lat' dir='ltr'><strong>celebrare</strong></span> <span class='ocrx_word' id='word_1_191' title='bbox 3325 1516 3531 1570; x_wconf 86' lang='lat' dir='ltr'><strong>homini</strong></span> 
     </span>
    </p>
   </div>
   <div class='ocr_carea' id='block_1_31' title="bbox 273 1608 1850 1704">
    <p class='ocr_par' dir='ltr' id='par_1_31' title="bbox 273 1608 1850 1682">
     <span class='ocr_line' id='line_1_31' title="bbox 273 1608 1850 1682; baseline 0.004 -23"><span class='ocrx_word' id='word_1_192' title='bbox 273 1608 560 1660; x_wconf 82' lang='grc' dir='ltr'>τουτέστιν</span> <span class='ocrx_word' id='word_1_193' title='bbox 599 1611 656 1663; x_wconf 85' lang='grc' dir='ltr'><strong>ἐν</strong></span> <span class='ocrx_word' id='word_1_194' title='bbox 682 1611 747 1678; x_wconf 78' lang='grc' dir='ltr'>τῇ</span> <span class='ocrx_word' id='word_1_195' title='bbox 780 1611 912 1679; x_wconf 76' lang='grc' dir='ltr'>τιμῇ</span> <span class='ocrx_word' id='word_1_196' title='bbox 940 1608 1054 1662; x_wconf 84' lang='grc' dir='ltr'><strong>τῶν</strong></span> <span class='ocrx_word' id='word_1_197' title='bbox 1091 1610 1305 1681; x_wconf 89' lang='grc' dir='ltr'>ἱερέων,</span> <span class='ocrx_word' id='word_1_198' title='bbox 1347 1611 1409 1664; x_wconf 86' lang='grc' dir='ltr'><strong>ἐν</strong></span> <span class='ocrx_word' id='word_1_199' title='bbox 1455 1613 1524 1681; x_wconf 81' lang='grc' dir='ltr'>τῇ</span> <span class='ocrx_word' id='word_1_200' title='bbox 1584 1611 1850 1682; x_wconf 67' lang='grc' dir='ltr'>καθέδρᾳ,</span> 
     </span>
    </p>
   </div>
   <div class='ocr_carea' id='block_1_32' title="bbox 1954 1608 3533 1704">
    <p class='ocr_par' dir='ltr' id='par_1_32' title="bbox 1963 1609 3533 1681">
     <span class='ocr_line' id='line_1_32' title="bbox 1963 1609 3533 1681; baseline -0.003 -16"><span class='ocrx_word' id='word_1_201' title='bbox 1963 1609 2317 1681; x_wconf 81' lang='lat' dir='ltr'><strong>nequaquam</strong></span> <span class='ocrx_word' id='word_1_202' title='bbox 2351 1609 2534 1665; x_wconf 78' lang='lat' dir='ltr'><strong>licebit</strong></span> <span class='ocrx_word' id='word_1_203' title='bbox 2564 1629 2578 1666; x_wconf 87' lang='lat'><strong>:</strong></span> <span class='ocrx_word' id='word_1_204' title='bbox 2626 1622 2880 1664; x_wconf 67' lang='lat' dir='ltr'><strong>caeterum</strong></span> <span class='ocrx_word' id='word_1_205' title='bbox 2917 1609 3057 1675; x_wconf 84' lang='lat' dir='ltr'><strong>alia,</strong></span> <span class='ocrx_word' id='word_1_206' title='bbox 3098 1609 3308 1663; x_wconf 76' lang='lat' dir='ltr'><strong>scilicet</strong></span> <span class='ocrx_word' id='word_1_207' title='bbox 3346 1622 3533 1661; x_wconf 80' lang='lat' dir='ltr'><strong>sacer-</strong></span> 
     </span>
    </p>
   </div>
   <div class='ocr_carea' id='block_1_33' title="bbox 275 1699 1858 1776">
    <p class='ocr_par' dir='ltr' id='par_1_33' title="bbox 275 1699 1858 1776">
     <span class='ocr_line' id='line_1_33' title="bbox 275 1699 1858 1776; baseline 0.004 -26"><span class='ocrx_word' id='word_1_208' title='bbox 275 1699 371 1753; x_wconf 74' lang='grc' dir='ltr'><strong>καὶ</strong></span> <span class='ocrx_word' id='word_1_209' title='bbox 413 1700 470 1752; x_wconf 88' lang='grc' dir='ltr'><strong>ἐν</strong></span> <span class='ocrx_word' id='word_1_210' title='bbox 497 1699 576 1770; x_wconf 86' lang='grc' dir='ltr'>τῷ</span> <span class='ocrx_word' id='word_1_211' title='bbox 610 1699 988 1772; x_wconf 78' lang='grc' dir='ltr'><strong>θυσιαστηρίῳ</strong></span> <span class='ocrx_word' id='word_1_212' title='bbox 1049 1701 1158 1754; x_wconf 81' lang='grc' dir='ltr'>τῶν</span> <span class='ocrx_word' id='word_1_213' title='bbox 1207 1702 1570 1773; x_wconf 77' lang='grc' dir='ltr'>ἀγιασμάτων</span> <span class='ocrx_word' id='word_1_214' title='bbox 1620 1704 1858 1776; x_wconf 85' lang='grc' dir='ltr'>μεταλή-</span> 
     </span>
    </p>
   </div>
   <div class='ocr_carea' id='block_1_34' title="bbox 273 1791 1858 1867">
    <p class='ocr_par' dir='ltr' id='par_1_34' title="bbox 273 1791 1858 1867">
     <span class='ocr_line' id='line_1_34' title="bbox 273 1791 1858 1867; baseline 0.006 -25"><span class='ocrx_word' id='word_1_215' title='bbox 273 1791 460 1859; x_wconf 73' lang='grc' dir='ltr'>ψεται,</span> <span class='ocrx_word' id='word_1_216' title='bbox 491 1791 586 1844; x_wconf 81' lang='grc' dir='ltr'>καὶ</span> <span class='ocrx_word' id='word_1_217' title='bbox 617 1792 752 1846; x_wconf 71' lang='grc' dir='ltr'>ἄλλα</span> <span class='ocrx_word' id='word_1_218' title='bbox 789 1791 903 1858; x_wconf 75' lang='grc' dir='ltr'>ἕξει</span> <span class='ocrx_word' id='word_1_219' title='bbox 929 1793 1200 1864; x_wconf 86' lang='grc' dir='ltr'>προνόμια</span> <span class='ocrx_word' id='word_1_220' title='bbox 1243 1793 1330 1847; x_wconf 79' lang='grc' dir='ltr'>διὰ</span> <span class='ocrx_word' id='word_1_221' title='bbox 1364 1795 1462 1866; x_wconf 78' lang='grc' dir='ltr'>τὴν</span> <span class='ocrx_word' id='word_1_222' title='bbox 1493 1795 1659 1867; x_wconf 80' lang='grc' dir='ltr'>ἄλλην</span> <span class='ocrx_word' id='word_1_223' title='bbox 1687 1813 1858 1850; x_wconf 77' lang='grc' dir='ltr'>σπου-</span> 
     </span>
    </p>
   </div>
   <div class='ocr_carea' id='block_1_35' title="bbox 273 1883 1856 1956">
    <p class='ocr_par' dir='ltr' id='par_1_35' title="bbox 273 1883 1856 1956">
     <span class='ocr_line' id='line_1_35' title="bbox 273 1883 1856 1956; baseline 0.005 -20"><span class='ocrx_word' id='word_1_224' title='bbox 273 1883 370 1953; x_wconf 78' lang='grc' dir='ltr'><strong>δὴν</strong></span> <span class='ocrx_word' id='word_1_225' title='bbox 397 1884 712 1947; x_wconf 85' lang='grc' dir='ltr'>σπουδαῖος.</span> <span class='ocrx_word' id='word_1_226' title='bbox 762 1883 1168 1955; x_wconf 78' lang='grc' dir='ltr'>Ἀμαρτήματα</span> <span class='ocrx_word' id='word_1_227' title='bbox 1204 1885 1312 1956; x_wconf 80' lang='grc' dir='ltr'><strong>γὰρ</strong></span> <span class='ocrx_word' id='word_1_228' title='bbox 1365 1887 1436 1940; x_wconf 85' lang='grc' dir='ltr'>τὰ</span> <span class='ocrx_word' id='word_1_229' title='bbox 1513 1887 1742 1954; x_wconf 84' lang='grc' dir='ltr'>ἐλάττω,</span> <span class='ocrx_word' id='word_1_230' title='bbox 1788 1889 1856 1944; x_wconf 81' lang='grc' dir='ltr'>τὰ</span> 
     </span>
    </p>
   </div>
   <div class='ocr_carea' id='block_1_36' title="bbox 275 1974 1853 2049">
    <p class='ocr_par' dir='ltr' id='par_1_36' title="bbox 275 1974 1853 2049">
     <span class='ocr_line' id='line_1_36' title="bbox 275 1974 1853 2049; baseline 0.004 -23"><span class='ocrx_word' id='word_1_231' title='bbox 275 1974 413 2045; x_wconf 81' lang='grc' dir='ltr'>πρὸς</span> <span class='ocrx_word' id='word_1_232' title='bbox 473 1975 570 2043; x_wconf 81' lang='grc' dir='ltr'>τῆς</span> <span class='ocrx_word' id='word_1_233' title='bbox 603 1977 802 2045; x_wconf 78' lang='grc' dir='ltr'>μίξεως</span> <span class='ocrx_word' id='word_1_234' title='bbox 846 1977 1070 2047; x_wconf 80' lang='grc' dir='ltr'>δηλαδὴ.</span> <span class='ocrx_word' id='word_1_235' title='bbox 1103 1974 1217 2031; x_wconf 80' lang='grc' dir='ltr'>οἷον</span> <span class='ocrx_word' id='word_1_236' title='bbox 1239 1977 1338 2049; x_wconf 80' lang='grc' dir='ltr'>τὴν</span> <span class='ocrx_word' id='word_1_237' title='bbox 1425 1979 1853 2048; x_wconf 78' lang='grc' dir='ltr'><strong>συγκατάθεσιν,</strong></span> 
     </span>
    </p>
   </div>
   <div class='ocr_carea' id='block_1_37' title="bbox 272 2067 1857 2141">
    <p class='ocr_par' dir='ltr' id='par_1_37' title="bbox 272 2067 1857 2141">
     <span class='ocr_line' id='line_1_37' title="bbox 272 2067 1857 2141; baseline 0.004 -23"><span class='ocrx_word' id='word_1_238' title='bbox 272 2069 332 2119; x_wconf 75' lang='grc' dir='ltr'><strong>τὸ</strong></span> <span class='ocrx_word' id='word_1_239' title='bbox 366 2067 607 2134; x_wconf 66' lang='grc' dir='ltr'>ἅψασθαι</span> <span class='ocrx_word' id='word_1_240' title='bbox 639 2070 787 2138; x_wconf 80' lang='grc' dir='ltr'>χειρὶ</span> <span class='ocrx_word' id='word_1_241' title='bbox 833 2069 1120 2136; x_wconf 76' lang='grc' dir='ltr'>γυναικὸς,</span> <span class='ocrx_word' id='word_1_242' title='bbox 1186 2070 1248 2122; x_wconf 83' lang='grc' dir='ltr'><strong>τὸ</strong></span> <span class='ocrx_word' id='word_1_243' title='bbox 1306 2068 1474 2141; x_wconf 86' lang='grc' dir='ltr'>μέχρι</span> <span class='ocrx_word' id='word_1_244' title='bbox 1547 2071 1857 2140; x_wconf 81' lang='grc' dir='ltr'><strong>φιλήματος</strong></span> 
     </span>
    </p>
   </div>
   <div class='ocr_carea' id='block_1_38' title="bbox 276 2155 1856 2226">
    <p class='ocr_par' dir='ltr' id='par_1_38' title="bbox 276 2155 1856 2226">
     <span class='ocr_line' id='line_1_38' title="bbox 276 2155 1856 2226; baseline 0.001 -19"><span class='ocrx_word' id='word_1_245' title='bbox 276 2155 589 2224; x_wconf 76' lang='grc' dir='ltr'>προελθεῖν,</span> <span class='ocrx_word' id='word_1_246' title='bbox 621 2159 654 2226; x_wconf 82' lang='grc' dir='ltr'><strong>ἡ</strong></span> <span class='ocrx_word' id='word_1_247' title='bbox 684 2157 1001 2226; x_wconf 86' lang='grc' dir='ltr'>χειροθεσία</span> <span class='ocrx_word' id='word_1_248' title='bbox 1031 2155 1170 2222; x_wconf 83' lang='grc' dir='ltr'>λύει,</span> <span class='ocrx_word' id='word_1_249' title='bbox 1197 2157 1356 2225; x_wconf 87' lang='grc' dir='ltr'>φησί.</span> <span class='ocrx_word' id='word_1_250' title='bbox 1392 2158 1504 2210; x_wconf 72' lang='grc' dir='ltr'><strong>Καὶ</strong></span> <span class='ocrx_word' id='word_1_251' title='bbox 1547 2157 1669 2210; x_wconf 78' lang='grc' dir='ltr'>οὑδὲ</span> <span class='ocrx_word' id='word_1_252' title='bbox 1697 2158 1856 2210; x_wconf 85' lang='grc' dir='ltr'>τοῦτο</span> 
     </span>
    </p>
   </div>
   <div class='ocr_carea' id='block_1_39' title="bbox 277 2245 1853 2318">
    <p class='ocr_par' dir='ltr' id='par_1_39' title="bbox 277 2245 1853 2318">
     <span class='ocr_line' id='line_1_39' title="bbox 277 2245 1853 2318; baseline 0.001 -20"><span class='ocrx_word' id='word_1_253' title='bbox 277 2246 352 2309; x_wconf 84' lang='grc' dir='ltr'>ὡς</span> <span class='ocrx_word' id='word_1_254' title='bbox 379 2247 809 2317; x_wconf 82' lang='grc' dir='ltr'>ὁμολογούμενον</span> <span class='ocrx_word' id='word_1_255' title='bbox 827 2245 974 2310; x_wconf 76' lang='grc' dir='ltr'>εἷπε,</span> <span class='ocrx_word' id='word_1_256' title='bbox 1001 2248 1138 2300; x_wconf 72' lang='grc' dir='ltr'>ἀλλὰ</span> <span class='ocrx_word' id='word_1_257' title='bbox 1161 2247 1607 2318; x_wconf 80' lang='grc' dir='ltr'><strong>κεκολασμένως,</strong></span> <span class='ocrx_word' id='word_1_258' title='bbox 1625 2248 1853 2316; x_wconf 73' lang='grc' dir='ltr'>ἔφασαν,</span> 
     </span>
    </p>
   </div>
   <div class='ocr_carea' id='block_1_40' title="bbox 275 2334 1852 2408">
    <p class='ocr_par' dir='ltr' id='par_1_40' title="bbox 275 2334 1852 2408">
     <span class='ocr_line' id='line_1_40' title="bbox 275 2334 1852 2408; baseline 0.003 -21"><span class='ocrx_word' id='word_1_259' title='bbox 275 2334 465 2399; x_wconf 82' lang='grc' dir='ltr'>εἰπὼν,</span> <span class='ocrx_word' id='word_1_260' title='bbox 498 2340 544 2390; x_wconf 87' lang='grc' dir='ltr'><strong>οἱ</strong></span> <span class='ocrx_word' id='word_1_261' title='bbox 577 2338 784 2400; x_wconf 71' lang='grc' dir='ltr'>πολλοὶ,</span> <span class='ocrx_word' id='word_1_262' title='bbox 810 2338 930 2391; x_wconf 70' lang='grc' dir='ltr'>ἀντὶ</span> <span class='ocrx_word' id='word_1_263' title='bbox 964 2337 1084 2403; x_wconf 70' lang='grc' dir='ltr'>τοῦ,</span> <span class='ocrx_word' id='word_1_264' title='bbox 1110 2338 1184 2401; x_wconf 82' lang='grc' dir='ltr'>ὡς</span> <span class='ocrx_word' id='word_1_265' title='bbox 1211 2338 1363 2408; x_wconf 74' lang='grc' dir='ltr'>πειρὲ</span> <span class='ocrx_word' id='word_1_266' title='bbox 1399 2354 1559 2391; x_wconf 87' lang='grc' dir='ltr'>τινων</span> <span class='ocrx_word' id='word_1_267' title='bbox 1608 2337 1852 2406; x_wconf 85' lang='grc' dir='ltr'>λέγεται.</span> 
     </span>
    </p>
   </div>
   <div class='ocr_carea' id='block_1_41' title="bbox 275 2427 1852 2500">
    <p class='ocr_par' dir='ltr' id='par_1_41' title="bbox 275 2427 1852 2500">
     <span class='ocr_line' id='line_1_41' title="bbox 275 2427 1852 2500; baseline 0.002 -20"><span class='ocrx_word' id='word_1_268' title='bbox 275 2427 342 2480; x_wconf 81' lang='lat' dir='ltr'><strong>Ei</strong></span> <span class='ocrx_word' id='word_1_269' title='bbox 380 2427 480 2498; x_wconf 83' lang='grc' dir='ltr'><strong>μὲν</strong></span> <span class='ocrx_word' id='word_1_270' title='bbox 503 2427 597 2481; x_wconf 79' lang='grc' dir='ltr'>οὖν</span> <span class='ocrx_word' id='word_1_271' title='bbox 653 2429 815 2492; x_wconf 73' lang='grc' dir='ltr'>αὑτὸς</span> <span class='ocrx_word' id='word_1_272' title='bbox 865 2429 1119 2498; x_wconf 77' lang='grc' dir='ltr'>ὁμολογεῖ</span> <span class='ocrx_word' id='word_1_273' title='bbox 1151 2430 1212 2483; x_wconf 75' lang='grc' dir='ltr'>τὸ</span> <span class='ocrx_word' id='word_1_274' title='bbox 1238 2431 1564 2500; x_wconf 41' lang='grc' dir='ltr'>ἁμάρτημα,</span> <span class='ocrx_word' id='word_1_275' title='bbox 1590 2430 1659 2483; x_wconf 71' lang='grc' dir='ltr'>τὰ</span> <span class='ocrx_word' id='word_1_276' title='bbox 1695 2431 1852 2500; x_wconf 84' lang='grc' dir='ltr'>εἱρη-</span> 
     </span>
    </p>
   </div>
   <div class='ocr_carea' id='block_1_42' title="bbox 274 2520 1854 2592">
    <p class='ocr_par' dir='ltr' id='par_1_42' title="bbox 274 2520 1854 2592">
     <span class='ocr_line' id='line_1_42' title="bbox 274 2520 1854 2592; baseline 0.001 -22"><span class='ocrx_word' id='word_1_277' title='bbox 274 2520 413 2589; x_wconf 82' lang='grc' dir='ltr'>μένα</span> <span class='ocrx_word' id='word_1_278' title='bbox 441 2521 733 2591; x_wconf 79' lang='grc' dir='ltr'>γενήσεται</span> <span class='ocrx_word' id='word_1_279' title='bbox 770 2538 783 2550; x_wconf 71' lang='grc' dir='ltr'><strong>ο</strong></span> <span class='ocrx_word' id='word_1_280' title='bbox 805 2520 855 2573; x_wconf 85' lang='grc' dir='ltr'>εί</span> <span class='ocrx_word' id='word_1_281' title='bbox 886 2520 943 2574; x_wconf 74' lang='grc' dir='ltr'>δὲ</span> <span class='ocrx_word' id='word_1_282' title='bbox 971 2522 1071 2591; x_wconf 85' lang='grc' dir='ltr'><strong>οὑχ</strong></span> <span class='ocrx_word' id='word_1_283' title='bbox 1106 2521 1362 2592; x_wconf 84' lang='grc' dir='ltr'>ὁμολογεῖ</span> <span class='ocrx_word' id='word_1_284' title='bbox 1388 2521 1514 2573; x_wconf 74' lang='grc' dir='ltr'>οὔτε</span> <span class='ocrx_word' id='word_1_285' title='bbox 1559 2521 1854 2590; x_wconf 82' lang='grc' dir='ltr'><strong>προφανῶς</strong></span> 
     </span>
    </p>
   </div>
   <div class='ocr_carea' id='block_1_43' title="bbox 273 2611 1855 2685">
    <p class='ocr_par' dir='ltr' id='par_1_43' title="bbox 273 2611 1855 2685">
     <span class='ocr_line' id='line_1_43' title="bbox 273 2611 1855 2685; baseline 0 -19"><span class='ocrx_word' id='word_1_286' title='bbox 273 2613 576 2682; x_wconf 86' lang='grc' dir='ltr'>ἐλέγχοιτο,</span> <span class='ocrx_word' id='word_1_287' title='bbox 657 2614 779 2668; x_wconf 86' lang='grc' dir='ltr'>τότε</span> <span class='ocrx_word' id='word_1_288' title='bbox 813 2613 922 2684; x_wconf 81' lang='grc' dir='ltr'>χρὴ</span> <span class='ocrx_word' id='word_1_289' title='bbox 952 2615 1050 2685; x_wconf 78' lang='grc' dir='ltr'><strong>τὴν</strong></span> <span class='ocrx_word' id='word_1_290' title='bbox 1085 2614 1337 2680; x_wconf 84' lang='grc' dir='ltr'>ἐξουσίαν</span> <span class='ocrx_word' id='word_1_291' title='bbox 1356 2614 1448 2666; x_wconf 79' lang='grc' dir='ltr'><strong>τοῦ</strong></span> <span class='ocrx_word' id='word_1_292' title='bbox 1484 2615 1791 2682; x_wconf 74' lang='grc' dir='ltr'>ἱερουργεῖν</span> <span class='ocrx_word' id='word_1_293' title='bbox 1822 2611 1855 2682; x_wconf 80' lang='grc' dir='ltr'>ἢ</span> 
     </span>
    </p>
   </div>
   <div class='ocr_carea' id='block_1_44' title="bbox 274 2704 1853 2778">
    <p class='ocr_par' dir='ltr' id='par_1_44' title="bbox 274 2704 1853 2778">
     <span class='ocr_line' id='line_1_44' title="bbox 274 2704 1853 2778; baseline 0 -19"><span class='ocrx_word' id='word_1_294' title='bbox 274 2705 596 2761; x_wconf 80' lang='grc' dir='ltr'>παύσασθαι</span> <span class='ocrx_word' id='word_1_295' title='bbox 654 2709 864 2761; x_wconf 86' lang='grc' dir='ltr'>ἐκεῖνον</span> <span class='ocrx_word' id='word_1_296' title='bbox 891 2707 1058 2778; x_wconf 77' lang='grc' dir='ltr'>ἔχειν,</span> <span class='ocrx_word' id='word_1_297' title='bbox 1084 2707 1198 2767; x_wconf 82' lang='grc' dir='ltr'>ἵνα,</span> <span class='ocrx_word' id='word_1_298' title='bbox 1231 2707 1280 2758; x_wconf 86' lang='grc' dir='ltr'><strong>εἱ</strong></span> <span class='ocrx_word' id='word_1_299' title='bbox 1311 2705 1553 2759; x_wconf 77' lang='grc' dir='ltr'>σύνοιδεν</span> <span class='ocrx_word' id='word_1_300' title='bbox 1583 2704 1762 2776; x_wconf 82' lang='grc' dir='ltr'>ἐαυτῷ</span> <span class='ocrx_word' id='word_1_301' title='bbox 1793 2707 1853 2760; x_wconf 82' lang='grc' dir='ltr'><strong>τὸ</strong></span> 
     </span>
    </p>
   </div>
   <div class='ocr_carea' id='block_1_45' title="bbox 274 2798 1852 2871">
    <p class='ocr_par' dir='ltr' id='par_1_45' title="bbox 274 2798 1852 2871">
     <span class='ocr_line' id='line_1_45' title="bbox 274 2798 1852 2871; baseline 0.001 -19"><span class='ocrx_word' id='word_1_302' title='bbox 274 2800 600 2871; x_wconf 80' lang='grc' dir='ltr'>ἁμάρτημα,</span> <span class='ocrx_word' id='word_1_303' title='bbox 635 2799 914 2869; x_wconf 82' lang='grc' dir='ltr'>παύσηται</span> <span class='ocrx_word' id='word_1_304' title='bbox 983 2799 1082 2868; x_wconf 82' lang='grc' dir='ltr'><strong>τῆς</strong></span> <span class='ocrx_word' id='word_1_305' title='bbox 1131 2798 1477 2868; x_wconf 80' lang='grc' dir='ltr'>λειτουργίας</span> <span class='ocrx_word' id='word_1_306' title='bbox 1520 2816 1535 2830; x_wconf 75' lang='grc' dir='ltr'><strong>ο</strong></span> <span class='ocrx_word' id='word_1_307' title='bbox 1597 2801 1852 2869; x_wconf 81' lang='grc' dir='ltr'>κρεῖσσον</span> 
     </span>
    </p>
   </div>
   <div class='ocr_carea' id='block_1_46' title="bbox 271 2889 1850 2960">
    <p class='ocr_par' dir='ltr' id='par_1_46' title="bbox 271 2889 1850 2960">
     <span class='ocr_line' id='line_1_46' title="bbox 271 2889 1850 2960; baseline 0.001 -18"><span class='ocrx_word' id='word_1_308' title='bbox 271 2891 401 2957; x_wconf 82' lang='grc' dir='ltr'>γὰρ,</span> <span class='ocrx_word' id='word_1_309' title='bbox 449 2890 582 2958; x_wconf 84' lang='grc' dir='ltr'>φησί</span> <span class='ocrx_word' id='word_1_310' title='bbox 617 2906 721 2942; x_wconf 90' lang='grc' dir='ltr'><strong>που</strong></span> <span class='ocrx_word' id='word_1_311' title='bbox 751 2891 987 2960; x_wconf 82' lang='grc' dir='ltr'>ὁνόμος,</span> <span class='ocrx_word' id='word_1_312' title='bbox 1043 2890 1110 2943; x_wconf 78' lang='grc' dir='ltr'>τὰ</span> <span class='ocrx_word' id='word_1_313' title='bbox 1157 2889 1532 2959; x_wconf 77' lang='grc' dir='ltr'>ἁμαρτήματα</span> <span class='ocrx_word' id='word_1_314' title='bbox 1581 2890 1850 2960; x_wconf 79' lang='grc' dir='ltr'>καταλιμ-</span> 
     </span>
    </p>
   </div>
   <div class='ocr_carea' id='block_1_47' title="bbox 269 2981 1860 3053">
    <p class='ocr_par' dir='ltr' id='par_1_47' title="bbox 269 2981 1860 3053">
     <span class='ocr_line' id='line_1_47' title="bbox 269 2981 1860 3053; baseline 0.003 -21"><span class='ocrx_word' id='word_1_315' title='bbox 269 2982 538 3036; x_wconf 75' lang='grc' dir='ltr'>πάνεσθαι</span> <span class='ocrx_word' id='word_1_316' title='bbox 566 2982 910 3053; x_wconf 84' lang='grc' dir='ltr'>ἀνεκδίκητα,</span> <span class='ocrx_word' id='word_1_317' title='bbox 945 2983 978 3053; x_wconf 75' lang='grc' dir='ltr'><strong>ἡ</strong></span> <span class='ocrx_word' id='word_1_318' title='bbox 1016 2999 1167 3044; x_wconf 85' lang='grc' dir='ltr'>τινας</span> <span class='ocrx_word' id='word_1_319' title='bbox 1218 2981 1472 3043; x_wconf 79' lang='grc' dir='ltr'>ἀναιτίως</span> <span class='ocrx_word' id='word_1_320' title='bbox 1505 2981 1860 3046; x_wconf 80' lang='grc' dir='ltr'>καλάζεσθαι.</span> 
     </span>
    </p>
   </div>
   <div class='ocr_carea' id='block_1_48' title="bbox 1961 1699 3535 1771">
    <p class='ocr_par' dir='ltr' id='par_1_48' title="bbox 1961 1699 3535 1771">
     <span class='ocr_line' id='line_1_48' title="bbox 1961 1699 3535 1771; baseline -0.003 -14"><span class='ocrx_word' id='word_1_321' title='bbox 1961 1703 2147 1757; x_wconf 87' lang='lat' dir='ltr'><strong>dotum</strong></span> <span class='ocrx_word' id='word_1_322' title='bbox 2187 1703 2448 1758; x_wconf 88' lang='lat' dir='ltr'><strong>honorem</strong></span> <span class='ocrx_word' id='word_1_323' title='bbox 2477 1742 2491 1766; x_wconf 92' lang='lat'><strong>,</strong></span> <span class='ocrx_word' id='word_1_324' title='bbox 2540 1701 2816 1756; x_wconf 76' lang='lat' dir='ltr'><strong>cathedra:</strong></span> <span class='ocrx_word' id='word_1_325' title='bbox 2853 1702 3264 1771; x_wconf 80' lang='lat' dir='ltr'><strong>pra-rogativam</strong></span> <span class='ocrx_word' id='word_1_326' title='bbox 3286 1740 3300 1763; x_wconf 92' lang='lat'><strong>,</strong></span> <span class='ocrx_word' id='word_1_327' title='bbox 3333 1699 3535 1770; x_wconf 82' lang='lat' dir='ltr'><strong>jusque</strong></span> 
     </span>
    </p>
   </div>
   <div class='ocr_carea' id='block_1_49' title="bbox 1959 1789 3535 1863">
    <p class='ocr_par' dir='ltr' id='par_1_49' title="bbox 1959 1789 3535 1863">
     <span class='ocr_line' id='line_1_49' title="bbox 1959 1789 3535 1863; baseline -0.004 -15"><span class='ocrx_word' id='word_1_328' title='bbox 1959 1802 2219 1863; x_wconf 62' lang='lat' dir='ltr'><strong>praeterea</strong></span> <span class='ocrx_word' id='word_1_329' title='bbox 2270 1794 2322 1846; x_wconf 90' lang='lat' dir='ltr'><strong>in</strong></span> <span class='ocrx_word' id='word_1_330' title='bbox 2367 1792 2525 1846; x_wconf 86' lang='lat' dir='ltr'><strong>altari</strong></span> <span class='ocrx_word' id='word_1_331' title='bbox 2571 1791 3033 1852; x_wconf 87' lang='lat' dir='ltr'><strong>communicandi,</strong></span> <span class='ocrx_word' id='word_1_332' title='bbox 3067 1789 3340 1851; x_wconf 84' lang='lat' dir='ltr'><strong>retinebit,</strong></span> <span class='ocrx_word' id='word_1_333' title='bbox 3383 1789 3535 1842; x_wconf 83' lang='lat' dir='ltr'><strong>aliis-</strong></span> 
     </span>
    </p>
   </div>
   <div class='ocr_carea' id='block_1_50' title="bbox 1959 1880 3533 1954">
    <p class='ocr_par' dir='ltr' id='par_1_50' title="bbox 1959 1880 3533 1954">
     <span class='ocr_line' id='line_1_50' title="bbox 1959 1880 3533 1954; baseline 0 -20"><span class='ocrx_word' id='word_1_334' title='bbox 1959 1900 2065 1954; x_wconf 84' lang='lat' dir='ltr'><strong>que</strong></span> <span class='ocrx_word' id='word_1_335' title='bbox 2116 1883 2187 1938; x_wconf 91' lang='lat' dir='ltr'><strong>ob</strong></span> <span class='ocrx_word' id='word_1_336' title='bbox 2234 1883 2370 1937; x_wconf 86' lang='lat' dir='ltr'><strong>alias</strong></span> <span class='ocrx_word' id='word_1_337' title='bbox 2418 1883 2681 1948; x_wconf 77' lang='lat' dir='ltr'><strong>virtutes,</strong></span> <span class='ocrx_word' id='word_1_338' title='bbox 2711 1881 2755 1936; x_wconf 89' lang='lat' dir='ltr'><strong>si</strong></span> <span class='ocrx_word' id='word_1_339' title='bbox 2789 1881 3045 1936; x_wconf 87' lang='lat' dir='ltr'><strong>nimirum</strong></span> <span class='ocrx_word' id='word_1_340' title='bbox 3075 1881 3196 1934; x_wconf 80' lang='lat' dir='ltr'><strong>vit:r</strong></span> <span class='ocrx_word' id='word_1_341' title='bbox 3229 1880 3439 1950; x_wconf 80' lang='lat' dir='ltr'><strong>integer</strong></span> <span class='ocrx_word' id='word_1_342' title='bbox 3467 1894 3533 1934; x_wconf 89' lang='lat' dir='ltr'><strong>ac</strong></span> 
     </span>
    </p>
   </div>
   <div class='ocr_carea' id='block_1_51' title="bbox 1957 1973 3535 2043">
    <p class='ocr_par' dir='ltr' id='par_1_51' title="bbox 1957 1973 3535 2043">
     <span class='ocr_line' id='line_1_51' title="bbox 1957 1973 3535 2043; baseline -0.003 -12"><span class='ocrx_word' id='word_1_343' title='bbox 1957 1976 2176 2032; x_wconf 84' lang='lat' dir='ltr'><strong>virtutis</strong></span> <span class='ocrx_word' id='word_1_344' title='bbox 2216 1973 2534 2030; x_wconf 72' lang='lat' dir='ltr'><strong>exercenda:</strong></span> <span class='ocrx_word' id='word_1_345' title='bbox 2581 1975 2857 2029; x_wconf 87' lang='lat' dir='ltr'><strong>studiosus</strong></span> <span class='ocrx_word' id='word_1_346' title='bbox 2890 1974 2989 2037; x_wconf 91' lang='lat' dir='ltr'><strong>sit,</strong></span> <span class='ocrx_word' id='word_1_347' title='bbox 3026 1973 3319 2043; x_wconf 73' lang='lat' dir='ltr'><strong>privilegiis</strong></span> <span class='ocrx_word' id='word_1_348' title='bbox 3363 1973 3535 2027; x_wconf 81' lang='lat' dir='ltr'><strong>cohu-</strong></span> 
     </span>
    </p>
   </div>
   <div class='ocr_carea' id='block_1_52' title="bbox 1959 2066 3534 2138">
    <p class='ocr_par' dir='ltr' id='par_1_52' title="bbox 1959 2066 3534 2138">
     <span class='ocr_line' id='line_1_52' title="bbox 1959 2066 3534 2138; baseline -0.004 -15"><span class='ocrx_word' id='word_1_349' title='bbox 1959 2069 2290 2124; x_wconf 84' lang='lat' dir='ltr'><strong>ncstabitur.</strong></span> <span class='ocrx_word' id='word_1_350' title='bbox 2354 2066 2490 2120; x_wconf 87' lang='lat' dir='ltr'><strong>Nam</strong></span> <span class='ocrx_word' id='word_1_351' title='bbox 2549 2068 2757 2138; x_wconf 89' lang='lat' dir='ltr'><strong>reliqua</strong></span> <span class='ocrx_word' id='word_1_352' title='bbox 2818 2068 3031 2121; x_wconf 87' lang='lat' dir='ltr'><strong>minora</strong></span> <span class='ocrx_word' id='word_1_353' title='bbox 3084 2067 3357 2128; x_wconf 88' lang='lat' dir='ltr'><strong>crimina,</strong></span> <span class='ocrx_word' id='word_1_354' title='bbox 3410 2080 3534 2133; x_wconf 60' lang='lat' dir='ltr'><strong>quae</strong></span> 
     </span>
    </p>
   </div>
   <div class='ocr_carea' id='block_1_53' title="bbox 1957 2155 3533 2227">
    <p class='ocr_par' dir='ltr' id='par_1_53' title="bbox 1957 2155 3533 2227">
     <span class='ocr_line' id='line_1_53' title="bbox 1957 2155 3533 2227; baseline -0.003 -15"><span class='ocrx_word' id='word_1_355' title='bbox 1957 2158 2208 2213; x_wconf 90' lang='lat' dir='ltr'><strong>videlicet</strong></span> <span class='ocrx_word' id='word_1_356' title='bbox 2229 2157 2675 2227; x_wconf 86' lang='lat' dir='ltr'><strong>conjunctioncm</strong></span> <span class='ocrx_word' id='word_1_357' title='bbox 2697 2172 2985 2227; x_wconf 87' lang='lat' dir='ltr'><strong>corporum</strong></span> <span class='ocrx_word' id='word_1_358' title='bbox 3007 2155 3533 2223; x_wconf 78' lang='lat' dir='ltr'><strong>comit:mtur,quale</strong></span> 
     </span>
    </p>
   </div>
   <div class='ocr_carea' id='block_1_54' title="bbox 1956 2248 3530 2315">
    <p class='ocr_par' dir='ltr' id='par_1_54' title="bbox 1956 2248 3530 2315">
     <span class='ocr_line' id='line_1_54' title="bbox 1956 2248 3530 2315; baseline -0.004 -9"><span class='ocrx_word' id='word_1_359' title='bbox 1956 2262 2042 2306; x_wconf 91' lang='lat' dir='ltr'><strong>cst</strong></span> <span class='ocrx_word' id='word_1_360' title='bbox 2073 2250 2304 2304; x_wconf 77' lang='lat' dir='ltr'><strong>facinori</strong></span> <span class='ocrx_word' id='word_1_361' title='bbox 2341 2248 2630 2315; x_wconf 88' lang='lat' dir='ltr'><strong>assentiri,</strong></span> <span class='ocrx_word' id='word_1_362' title='bbox 2666 2257 3007 2304; x_wconf 77' lang='lat' dir='ltr'><strong>contrectare</strong></span> <span class='ocrx_word' id='word_1_363' title='bbox 3047 2265 3208 2303; x_wconf 88' lang='lat' dir='ltr'><strong>manu</strong></span> <span class='ocrx_word' id='word_1_364' title='bbox 3248 2248 3530 2314; x_wconf 84' lang='lat' dir='ltr'><strong>feminam,</strong></span> 
     </span>
    </p>
   </div>
   <div class='ocr_carea' id='block_1_55' title="bbox 1955 2338 3531 2410">
    <p class='ocr_par' dir='ltr' id='par_1_55' title="bbox 1955 2338 3531 2410">
     <span class='ocr_line' id='line_1_55' title="bbox 1955 2338 3531 2410; baseline -0.004 -13"><span class='ocrx_word' id='word_1_365' title='bbox 1955 2342 2206 2397; x_wconf 85' lang='lat' dir='ltr'><strong>osculum</strong></span> <span class='ocrx_word' id='word_1_366' title='bbox 2262 2356 2481 2410; x_wconf 88' lang='lat' dir='ltr'><strong>quoque</strong></span> <span class='ocrx_word' id='word_1_367' title='bbox 2540 2340 2714 2395; x_wconf 87' lang='lat' dir='ltr'><strong>eidem</strong></span> <span class='ocrx_word' id='word_1_368' title='bbox 2774 2339 3068 2410; x_wconf 88' lang='lat' dir='ltr'><strong>impertiri,</strong></span> <span class='ocrx_word' id='word_1_369' title='bbox 3139 2339 3280 2402; x_wconf 60' lang='lat' dir='ltr'><strong>haec,</strong></span> <span class='ocrx_word' id='word_1_370' title='bbox 3331 2338 3531 2408; x_wconf 89' lang='lat' dir='ltr'><strong>inquit,</strong></span> 
     </span>
    </p>
   </div>
   <div class='ocr_carea' id='block_1_56' title="bbox 1958 2429 3534 2502">
    <p class='ocr_par' dir='ltr' id='par_1_56' title="bbox 1958 2429 3534 2502">
     <span class='ocr_line' id='line_1_56' title="bbox 1958 2429 3534 2502; baseline -0.004 -14"><span class='ocrx_word' id='word_1_371' title='bbox 1958 2449 2220 2488; x_wconf 82' lang='lat' dir='ltr'><strong>manuum</strong></span> <span class='ocrx_word' id='word_1_372' title='bbox 2265 2432 2615 2502; x_wconf 90' lang='lat' dir='ltr'><strong>impositione</strong></span> <span class='ocrx_word' id='word_1_373' title='bbox 2658 2430 2944 2486; x_wconf 88' lang='lat' dir='ltr'><strong>tolluntur.</strong></span> <span class='ocrx_word' id='word_1_374' title='bbox 2979 2429 3177 2486; x_wconf 86' lang='lat' dir='ltr'><strong>Verum</strong></span> <span class='ocrx_word' id='word_1_375' title='bbox 3215 2447 3283 2486; x_wconf 90' lang='lat' dir='ltr'><strong>ne</strong></span> <span class='ocrx_word' id='word_1_376' title='bbox 3317 2430 3368 2484; x_wconf 91' lang='lat' dir='ltr'><strong>id</strong></span> <span class='ocrx_word' id='word_1_377' title='bbox 3409 2433 3534 2500; x_wconf 81' lang='lat' dir='ltr'><strong>qui-</strong></span> 
     </span>
    </p>
   </div>
   <div class='ocr_carea' id='block_1_57' title="bbox 1957 2519 3534 2590">
    <p class='ocr_par' dir='ltr' id='par_1_57' title="bbox 1957 2519 3534 2590">
     <span class='ocr_line' id='line_1_57' title="bbox 1957 2519 3534 2590; baseline -0.004 -14"><span class='ocrx_word' id='word_1_378' title='bbox 1957 2521 2077 2576; x_wconf 89' lang='lat' dir='ltr'><strong>dem</strong></span> <span class='ocrx_word' id='word_1_379' title='bbox 2110 2531 2367 2590; x_wconf 83' lang='lat' dir='ltr'><strong>tanquam</strong></span> <span class='ocrx_word' id='word_1_380' title='bbox 2394 2521 2620 2573; x_wconf 74' lang='lat' dir='ltr'><strong>omnino</strong></span> <span class='ocrx_word' id='word_1_381' title='bbox 2655 2530 2887 2583; x_wconf 87' lang='lat' dir='ltr'><strong>certum,</strong></span> <span class='ocrx_word' id='word_1_382' title='bbox 2920 2519 3010 2572; x_wconf 88' lang='lat' dir='ltr'><strong>sed</strong></span> <span class='ocrx_word' id='word_1_383' title='bbox 3048 2536 3166 2572; x_wconf 90' lang='lat' dir='ltr'><strong>cum</strong></span> <span class='ocrx_word' id='word_1_384' title='bbox 3196 2534 3256 2573; x_wconf 85' lang='lat' dir='ltr'><strong>ca</strong></span> <span class='ocrx_word' id='word_1_385' title='bbox 3285 2520 3534 2574; x_wconf 79' lang='lat' dir='ltr'><strong>modera-</strong></span> 
     </span>
    </p>
   </div>
   <div class='ocr_carea' id='block_1_58' title="bbox 1957 2611 3530 2680">
    <p class='ocr_par' dir='ltr' id='par_1_58' title="bbox 1957 2611 3530 2680">
     <span class='ocr_line' id='line_1_58' title="bbox 1957 2611 3530 2680; baseline -0.002 -13"><span class='ocrx_word' id='word_1_386' title='bbox 1957 2615 2106 2668; x_wconf 89' lang='lat' dir='ltr'><strong>tione</strong></span> <span class='ocrx_word' id='word_1_387' title='bbox 2134 2613 2326 2668; x_wconf 77' lang='lat' dir='ltr'><strong>dixere</strong></span> <span class='ocrx_word' id='word_1_388' title='bbox 2367 2612 2557 2676; x_wconf 87' lang='lat' dir='ltr'><strong>multi,</strong></span> <span class='ocrx_word' id='word_1_389' title='bbox 2599 2612 2698 2666; x_wconf 89' lang='lat' dir='ltr'><strong>hoc</strong></span> <span class='ocrx_word' id='word_1_390' title='bbox 2725 2619 2843 2676; x_wconf 90' lang='lat' dir='ltr'><strong>est,</strong></span> <span class='ocrx_word' id='word_1_391' title='bbox 2879 2621 2934 2664; x_wconf 91' lang='lat' dir='ltr'><strong>ut</strong></span> <span class='ocrx_word' id='word_1_392' title='bbox 2971 2628 2999 2665; x_wconf 91' lang='lat' dir='ltr'><strong>a</strong></span> <span class='ocrx_word' id='word_1_393' title='bbox 3030 2611 3358 2680; x_wconf 88' lang='lat' dir='ltr'><strong>quibusdam</strong></span> <span class='ocrx_word' id='word_1_394' title='bbox 3396 2611 3530 2665; x_wconf 87' lang='lat' dir='ltr'><strong>dici-</strong></span> 
     </span>
    </p>
   </div>
   <div class='ocr_carea' id='block_1_59' title="bbox 1956 2705 3531 2775">
    <p class='ocr_par' dir='ltr' id='par_1_59' title="bbox 1956 2705 3531 2775">
     <span class='ocr_line' id='line_1_59' title="bbox 1956 2705 3531 2775; baseline -0.001 -15"><span class='ocrx_word' id='word_1_395' title='bbox 1956 2715 2066 2770; x_wconf 86' lang='lat' dir='ltr'><strong>tur,</strong></span> <span class='ocrx_word' id='word_1_396' title='bbox 2099 2710 2458 2761; x_wconf 62' lang='lat' dir='ltr'><strong>asseveravit.</strong></span> <span class='ocrx_word' id='word_1_397' title='bbox 2489 2706 2665 2774; x_wconf 81' lang='lat' dir='ltr'><strong>Atque</strong></span> <span class='ocrx_word' id='word_1_398' title='bbox 2701 2705 2812 2758; x_wconf 74' lang='lat' dir='ltr'><strong>haec</strong></span> <span class='ocrx_word' id='word_1_399' title='bbox 2842 2706 3080 2775; x_wconf 85' lang='lat' dir='ltr'><strong>quidem,</strong></span> <span class='ocrx_word' id='word_1_400' title='bbox 3113 2721 3177 2760; x_wconf 80' lang='lat' dir='ltr'><strong>eu</strong></span> <span class='ocrx_word' id='word_1_401' title='bbox 3209 2706 3389 2760; x_wconf 85' lang='lat' dir='ltr'><strong>scelus</strong></span> <span class='ocrx_word' id='word_1_402' title='bbox 3420 2719 3531 2758; x_wconf 87' lang='lat' dir='ltr'><strong>non</strong></span> 
     </span>
    </p>
   </div>
   <div class='ocr_carea' id='block_1_60' title="bbox 1957 2795 3530 2864">
    <p class='ocr_par' dir='ltr' id='par_1_60' title="bbox 1957 2795 3530 2864">
     <span class='ocr_line' id='line_1_60' title="bbox 1957 2795 3530 2864; baseline -0.001 -12"><span class='ocrx_word' id='word_1_403' title='bbox 1957 2797 2268 2864; x_wconf 79' lang='lat' dir='ltr'><strong>inliciente,</strong></span> <span class='ocrx_word' id='word_1_404' title='bbox 2317 2799 2547 2852; x_wconf 86' lang='lat' dir='ltr'><strong>tenenda</strong></span> <span class='ocrx_word' id='word_1_405' title='bbox 2583 2806 2731 2853; x_wconf 89' lang='lat' dir='ltr'><strong>sunt.</strong></span> <span class='ocrx_word' id='word_1_406' title='bbox 2779 2795 2930 2863; x_wconf 88' lang='lat' dir='ltr'><strong>Quod</strong></span> <span class='ocrx_word' id='word_1_407' title='bbox 2969 2799 3012 2853; x_wconf 89' lang='lat' dir='ltr'><strong>si</strong></span> <span class='ocrx_word' id='word_1_408' title='bbox 3061 2812 3160 2853; x_wconf 90' lang='lat' dir='ltr'><strong>nec</strong></span> <span class='ocrx_word' id='word_1_409' title='bbox 3203 2798 3294 2851; x_wconf 90' lang='lat' dir='ltr'><strong>ille</strong></span> <span class='ocrx_word' id='word_1_410' title='bbox 3321 2797 3530 2851; x_wconf 89' lang='lat' dir='ltr'><strong>crimen</strong></span> 
     </span>
    </p>
   </div>
   <div class='ocr_carea' id='block_1_61' title="bbox 1955 2890 3532 2960">
    <p class='ocr_par' dir='ltr' id='par_1_61' title="bbox 1955 2890 3532 2960">
     <span class='ocr_line' id='line_1_61' title="bbox 1955 2890 3532 2960; baseline -0.002 -15"><span class='ocrx_word' id='word_1_411' title='bbox 1955 2892 2114 2946; x_wconf 80' lang='lat' dir='ltr'><strong>fateri</strong></span> <span class='ocrx_word' id='word_1_412' title='bbox 2145 2891 2297 2955; x_wconf 88' lang='lat' dir='ltr'><strong>velit,</strong></span> <span class='ocrx_word' id='word_1_413' title='bbox 2332 2905 2511 2960; x_wconf 87' lang='lat' dir='ltr'><strong>neque</strong></span> <span class='ocrx_word' id='word_1_414' title='bbox 2542 2890 2836 2946; x_wconf 85' lang='lat' dir='ltr'><strong>manifesto</strong></span> <span class='ocrx_word' id='word_1_415' title='bbox 2865 2891 3117 2945; x_wconf 82' lang='lat' dir='ltr'><strong>convinci</strong></span> <span class='ocrx_word' id='word_1_416' title='bbox 3154 2899 3367 2960; x_wconf 87' lang='lat' dir='ltr'><strong>potest;</strong></span> <span class='ocrx_word' id='word_1_417' title='bbox 3404 2897 3532 2942; x_wconf 90' lang='lat' dir='ltr'><strong>tunc</strong></span> 
     </span>
    </p>
   </div>
   <div class='ocr_carea' id='block_1_62' title="bbox 1974 2981 3532 3048">
    <p class='ocr_par' dir='ltr' id='par_1_62' title="bbox 1974 2981 3532 3048">
     <span class='ocr_line' id='line_1_62' title="bbox 1974 2981 3532 3048; baseline -0.001 -11"><span class='ocrx_word' id='word_1_418' title='bbox 1974 2998 2128 3038; x_wconf 84' lang='lat' dir='ltr'><strong>sacra</strong></span> <span class='ocrx_word' id='word_1_419' title='bbox 2186 2983 2492 3046; x_wconf 88' lang='lat' dir='ltr'><strong>ministeria</strong></span> <span class='ocrx_word' id='word_1_420' title='bbox 2551 2983 2826 3048; x_wconf 87' lang='lat' dir='ltr'><strong>obeundi,</strong></span> <span class='ocrx_word' id='word_1_421' title='bbox 2884 2984 2970 3038; x_wconf 86' lang='lat' dir='ltr'><strong>vel</strong></span> <span class='ocrx_word' id='word_1_422' title='bbox 3029 2985 3096 3039; x_wconf 85' lang='lat' dir='ltr'><strong>ab</strong></span> <span class='ocrx_word' id='word_1_423' title='bbox 3147 2983 3226 3038; x_wconf 86' lang='lat' dir='ltr'><strong>eis</strong></span> <span class='ocrx_word' id='word_1_424' title='bbox 3279 2981 3532 3038; x_wconf 89' lang='lat' dir='ltr'><strong>cessandi</strong></span> 
     </span>
    </p>
   </div>
   <div class='ocr_carea' id='block_1_63' title="bbox 270 3077 3528 3150">
    <p class='ocr_par' dir='ltr' id='par_1_63' title="bbox 270 3077 3528 3150">
     <span class='ocr_line' id='line_1_63' title="bbox 270 3077 3528 3150; baseline 0 -20"><span class='ocrx_word' id='word_1_425' title='bbox 270 3085 518 3146; x_wconf 83' lang='lat' dir='ltr'><strong>potestas</strong></span> <span class='ocrx_word' id='word_1_426' title='bbox 544 3079 692 3134; x_wconf 88' lang='lat' dir='ltr'><strong>illius</strong></span> <span class='ocrx_word' id='word_1_427' title='bbox 721 3078 949 3133; x_wconf 85' lang='lat' dir='ltr'><strong>arbitrio</strong></span> <span class='ocrx_word' id='word_1_428' title='bbox 978 3077 1220 3150; x_wconf 88' lang='lat' dir='ltr'><strong>permitti</strong></span> <span class='ocrx_word' id='word_1_429' title='bbox 1249 3077 1434 3144; x_wconf 87' lang='lat' dir='ltr'><strong>debet;</strong></span> <span class='ocrx_word' id='word_1_430' title='bbox 1466 3086 1526 3131; x_wconf 84' lang='grc' dir='ltr'><strong>ιιι</strong></span> <span class='ocrx_word' id='word_1_431' title='bbox 1585 3077 1629 3133; x_wconf 89' lang='lat' dir='ltr'><strong>si</strong></span> <span class='ocrx_word' id='word_1_432' title='bbox 1695 3078 1912 3148; x_wconf 88' lang='lat' dir='ltr'><strong>quidem</strong></span> <span class='ocrx_word' id='word_1_433' title='bbox 1939 3079 2274 3134; x_wconf 90' lang='lat' dir='ltr'><strong>conscientia</strong></span> <span class='ocrx_word' id='word_1_434' title='bbox 2297 3077 2486 3143; x_wconf 70' lang='lat' dir='ltr'><strong>ﬂagitii</strong></span> <span class='ocrx_word' id='word_1_435' title='bbox 2512 3081 2798 3146; x_wconf 89' lang='lat' dir='ltr'><strong>premitur,</strong></span> <span class='ocrx_word' id='word_1_436' title='bbox 2822 3094 2922 3134; x_wconf 90' lang='lat' dir='ltr'><strong>sua</strong></span> <span class='ocrx_word' id='word_1_437' title='bbox 2948 3089 3145 3150; x_wconf 87' lang='lat' dir='ltr'><strong>sponte</strong></span> <span class='ocrx_word' id='word_1_438' title='bbox 3186 3092 3217 3132; x_wconf 88' lang='lat' dir='ltr'><strong>a</strong></span> <span class='ocrx_word' id='word_1_439' title='bbox 3244 3091 3528 3132; x_wconf 80' lang='lat' dir='ltr'><strong>sacrorum</strong></span> 
     </span>
    </p>
   </div>
   <div class='ocr_carea' id='block_1_64' title="bbox 274 3170 3531 3245">
    <p class='ocr_par' dir='ltr' id='par_1_64' title="bbox 274 3170 3531 3245">
     <span class='ocr_line' id='line_1_64' title="bbox 274 3170 3531 3245; baseline -0 -22"><span class='ocrx_word' id='word_1_440' title='bbox 274 3186 565 3228; x_wconf 89' lang='lat' dir='ltr'><strong>munerum</strong></span> <span class='ocrx_word' id='word_1_441' title='bbox 653 3171 934 3226; x_wconf 87' lang='lat' dir='ltr'><strong>functione</strong></span> <span class='ocrx_word' id='word_1_442' title='bbox 1000 3171 1255 3227; x_wconf 86' lang='lat' dir='ltr'><strong>desistat.</strong></span> <span class='ocrx_word' id='word_1_443' title='bbox 1309 3170 1570 3226; x_wconf 81' lang='lat' dir='ltr'><strong>Malelicia</strong></span> <span class='ocrx_word' id='word_1_444' title='bbox 1649 3188 1907 3242; x_wconf 86' lang='lat' dir='ltr'><strong>namque,</strong></span> <span class='ocrx_word' id='word_1_445' title='bbox 1974 3173 2176 3228; x_wconf 85' lang='lat' dir='ltr'><strong>alicubi</strong></span> <span class='ocrx_word' id='word_1_446' title='bbox 2234 3173 2319 3227; x_wconf 79' lang='lat' dir='ltr'><strong>lex</strong></span> <span class='ocrx_word' id='word_1_447' title='bbox 2379 3175 2486 3239; x_wconf 82' lang='lat' dir='ltr'><strong>ita,</strong></span> <span class='ocrx_word' id='word_1_448' title='bbox 2542 3175 2722 3245; x_wconf 87' lang='lat' dir='ltr'><strong>potius</strong></span> <span class='ocrx_word' id='word_1_449' title='bbox 2770 3174 3037 3244; x_wconf 89' lang='lat' dir='ltr'><strong>impunita</strong></span> <span class='ocrx_word' id='word_1_450' title='bbox 3087 3171 3326 3234; x_wconf 87' lang='lat' dir='ltr'><strong>dimitti,</strong></span> <span class='ocrx_word' id='word_1_451' title='bbox 3368 3183 3531 3239; x_wconf 72' lang='lat' dir='ltr'><strong>quam</strong></span> 
     </span>
    </p>
   </div>
   <div class='ocr_carea' id='block_1_65' title="bbox 269 3257 1842 3334">
    <p class='ocr_par' dir='ltr' id='par_1_65' title="bbox 269 3257 1842 3334">
     <span class='ocr_line' id='line_1_65' title="bbox 269 3257 1842 3334; baseline -0.004 -13"><span class='ocrx_word' id='word_1_452' title='bbox 269 3263 664 3321; x_wconf 87' lang='lat' dir='ltr'><strong>innocentibus</strong></span> <span class='ocrx_word' id='word_1_453' title='bbox 689 3263 1109 3334; x_wconf 82' lang='lat' dir='ltr'><strong>quilmscunque</strong></span> <span class='ocrx_word' id='word_1_454' title='bbox 1141 3257 1355 3333; x_wconf 62' lang='lat' dir='ltr'><strong>paruam</strong></span> <span class='ocrx_word' id='word_1_455' title='bbox 1387 3261 1640 3333; x_wconf 78' lang='lat' dir='ltr'><strong>irrogari,</strong></span> <span class='ocrx_word' id='word_1_456' title='bbox 1667 3261 1842 3316; x_wconf 88' lang='lat' dir='ltr'><strong>decet.</strong></span> 
     </span>
    </p>
   </div>
   <div class='ocr_carea' id='block_1_66' title="bbox 264 3309 1850 3427">
    <p class='ocr_par' dir='ltr' id='par_1_66' title="bbox 264 3309 1846 3426">
     <span class='ocr_line' id='line_1_66' title="bbox 264 3309 1846 3426; baseline -0.003 -17"><span class='ocrx_word' id='word_1_457' title='bbox 264 3309 531 3409; x_wconf 66' lang='grc' dir='ltr'>λιηετ..</span> <span class='ocrx_word' id='word_1_458' title='bbox 565 3309 1038 3426; x_wconf 35' lang='lat' dir='ltr'><strong>&quot;insidiosas;</strong></span> <span class='ocrx_word' id='word_1_459' title='bbox 1063 3309 1846 3425; x_wconf 54' lang='grc' dir='ltr'><strong>τζρὲἆέζιέἔρᾼξ’δῖτὲῌοῆξιῖρζ</strong></span> 
     </span>
    </p>
   </div>
   <div class='ocr_carea' id='block_1_67' title="bbox 1954 3309 3529 3427">
    <p class='ocr_par' dir='ltr' id='par_1_67' title="bbox 1954 3309 3529 3420">
     <span class='ocr_line' id='line_1_67' title="bbox 1954 3309 3529 3420; baseline -0.003 -16"><span class='ocrx_word' id='word_1_460' title='bbox 1954 3347 2184 3405; x_wconf 77' lang='lat' dir='ltr'><strong>ARIST.</strong></span> <span class='ocrx_word' id='word_1_461' title='bbox 2223 3367 2242 3401; x_wconf 74' lang='grc' dir='ltr'><em>α</em></span> <span class='ocrx_word' id='word_1_462' title='bbox 2284 3346 2339 3403; x_wconf 92' lang='lat' dir='ltr'><strong>Si</strong></span> <span class='ocrx_word' id='word_1_463' title='bbox 2375 3348 2666 3420; x_wconf 83' lang='lat' dir='ltr'><strong>presbyter</strong></span> <span class='ocrx_word' id='word_1_464' title='bbox 2690 3348 2978 3404; x_wconf 81' lang='lat' dir='ltr'><strong>confessus</strong></span> <span class='ocrx_word' id='word_1_465' title='bbox 3009 3347 3172 3402; x_wconf 86' lang='lat' dir='ltr'><strong>fuerit</strong></span> <span class='ocrx_word' id='word_1_466' title='bbox 3197 3360 3257 3401; x_wconf 90' lang='lat' dir='ltr'><strong>se</strong></span> <span class='ocrx_word' id='word_1_467' title='bbox 3282 3309 3529 3415; x_wconf 83' lang='lat' dir='ltr'><strong>pecasse,</strong></span> 
     </span>
    </p>
   </div>
   <div class='ocr_carea' id='block_1_68' title="bbox 349 3443 1851 3516">
    <p class='ocr_par' dir='ltr' id='par_1_68' title="bbox 349 3443 1851 3516">
     <span class='ocr_line' id='line_1_68' title="bbox 349 3443 1851 3516; baseline 0 -17"><span class='ocrx_word' id='word_1_468' title='bbox 349 3465 367 3499; x_wconf 77' lang='grc' dir='ltr'><strong>ι</strong></span> <span class='ocrx_word' id='word_1_469' title='bbox 413 3464 494 3511; x_wconf 89' lang='grc' dir='ltr'><strong>τε,</strong></span> <span class='ocrx_word' id='word_1_470' title='bbox 556 3445 630 3516; x_wconf 81' lang='grc' dir='ltr'><strong>μὴ</strong></span> <span class='ocrx_word' id='word_1_471' title='bbox 683 3445 1062 3514; x_wconf 82' lang='grc' dir='ltr'>προσφερέτω,</span> <span class='ocrx_word' id='word_1_472' title='bbox 1123 3443 1215 3498; x_wconf 79' lang='grc' dir='ltr'>καὶ</span> <span class='ocrx_word' id='word_1_473' title='bbox 1246 3445 1586 3510; x_wconf 72' lang='grc' dir='ltr'>μόνον.Τινὰ</span> <span class='ocrx_word' id='word_1_474' title='bbox 1603 3445 1712 3516; x_wconf 85' lang='grc' dir='ltr'>γὰρ</span> <span class='ocrx_word' id='word_1_475' title='bbox 1742 3445 1851 3499; x_wconf 84' lang='grc' dir='ltr'><strong>τῶν</strong></span> 
     </span>
    </p>
   </div>
   <div class='ocr_carea' id='block_1_69' title="bbox 353 3534 1851 3608">
    <p class='ocr_par' dir='ltr' id='par_1_69' title="bbox 353 3534 1851 3608">
     <span class='ocr_line' id='line_1_69' title="bbox 353 3534 1851 3608; baseline -0.001 -18"><span class='ocrx_word' id='word_1_476' title='bbox 353 3557 372 3590; x_wconf 76' lang='grc' dir='ltr'><strong>ι</strong></span> <span class='ocrx_word' id='word_1_477' title='bbox 411 3537 826 3608; x_wconf 64' lang='grc' dir='ltr'>ἁμαρτημίιτων</span> <span class='ocrx_word' id='word_1_478' title='bbox 877 3537 934 3588; x_wconf 90' lang='grc' dir='ltr'><strong>αἱ</strong></span> <span class='ocrx_word' id='word_1_479' title='bbox 1006 3534 1336 3606; x_wconf 84' lang='grc' dir='ltr'>χειροτονίαν</span> <span class='ocrx_word' id='word_1_480' title='bbox 1391 3534 1634 3602; x_wconf 79' lang='grc' dir='ltr'>ἀφιᾶσιν.</span> <span class='ocrx_word' id='word_1_481' title='bbox 1681 3535 1744 3587; x_wconf 80' lang='lat' dir='ltr'><strong>Ei</strong></span> <span class='ocrx_word' id='word_1_482' title='bbox 1793 3535 1851 3588; x_wconf 80' lang='grc' dir='ltr'>δὲ</span> 
     </span>
    </p>
   </div>
   <div class='ocr_carea' id='block_1_70' title="bbox 348 3624 1850 3700">
    <p class='ocr_par' dir='ltr' id='par_1_70' title="bbox 348 3624 1850 3700">
     <span class='ocr_line' id='line_1_70' title="bbox 348 3624 1850 3700; baseline -0.001 -20"><span class='ocrx_word' id='word_1_483' title='bbox 348 3647 368 3680; x_wconf 78' lang='grc' dir='ltr'><strong>ι</strong></span> <span class='ocrx_word' id='word_1_484' title='bbox 412 3628 543 3699; x_wconf 81' lang='grc' dir='ltr'>μήθ’</span> <span class='ocrx_word' id='word_1_485' title='bbox 581 3628 895 3700; x_wconf 79' lang='grc' dir='ltr'>ὁμολογοίη,</span> <span class='ocrx_word' id='word_1_486' title='bbox 935 3625 1061 3699; x_wconf 81' lang='grc' dir='ltr'><strong>μήτ’</strong></span> <span class='ocrx_word' id='word_1_487' title='bbox 1125 3625 1426 3696; x_wconf 81' lang='grc' dir='ltr'>ἐλέγχοιτο,</span> <span class='ocrx_word' id='word_1_488' title='bbox 1468 3624 1629 3689; x_wconf 76' lang='grc' dir='ltr'>αὐτὸς</span> <span class='ocrx_word' id='word_1_489' title='bbox 1678 3625 1850 3696; x_wconf 86' lang='grc' dir='ltr'>ἐχέτω</span> 
     </span>
    </p>
   </div>
   <div class='ocr_carea' id='block_1_71' title="bbox 347 3720 848 3790">
    <p class='ocr_par' dir='ltr' id='par_1_71' title="bbox 347 3720 848 3790">
     <span class='ocr_line' id='line_1_71' title="bbox 347 3720 848 3790; baseline -0.002 -17"><span class='ocrx_word' id='word_1_490' title='bbox 347 3740 364 3772; x_wconf 77' lang='grc' dir='ltr'><strong>ι</strong></span> <span class='ocrx_word' id='word_1_491' title='bbox 412 3720 510 3790; x_wconf 79' lang='grc' dir='ltr'>τὴν</span> <span class='ocrx_word' id='word_1_492' title='bbox 529 3720 799 3785; x_wconf 80' lang='grc' dir='ltr'>ἐξουσίαν.</span> <span class='ocrx_word' id='word_1_493' title='bbox 829 3738 848 3772; x_wconf 74' lang='grc' dir='ltr'><strong>ι</strong></span> 
     </span>
    </p>
   </div>
   <div class='ocr_carea' id='block_1_72' title="bbox 344 3808 1848 3882">
    <p class='ocr_par' dir='ltr' id='par_1_72' title="bbox 344 3808 1848 3882">
     <span class='ocr_line' id='line_1_72' title="bbox 344 3808 1848 3882; baseline -0.001 -18"><span class='ocrx_word' id='word_1_494' title='bbox 344 3813 425 3866; x_wconf 85' lang='grc' dir='ltr'><strong>Τὰ</strong></span> <span class='ocrx_word' id='word_1_495' title='bbox 459 3813 560 3880; x_wconf 81' lang='grc' dir='ltr'><strong>μὲν</strong></span> <span class='ocrx_word' id='word_1_496' title='bbox 618 3812 751 3866; x_wconf 81' lang='grc' dir='ltr'>ἄλλα</span> <span class='ocrx_word' id='word_1_497' title='bbox 797 3811 974 3866; x_wconf 82' lang='grc' dir='ltr'>πάντα</span> <span class='ocrx_word' id='word_1_498' title='bbox 1042 3810 1409 3880; x_wconf 76' lang='grc' dir='ltr'>ἁμαρτήματα</span> <span class='ocrx_word' id='word_1_499' title='bbox 1457 3811 1491 3882; x_wconf 71' lang='grc' dir='ltr'><strong>η</strong></span> <span class='ocrx_word' id='word_1_500' title='bbox 1536 3808 1848 3882; x_wconf 83' lang='grc' dir='ltr'>χειροθεσία</span> 
     </span>
    </p>
   </div>
   <div class='ocr_carea' id='block_1_73' title="bbox 253 3895 1838 3974">
    <p class='ocr_par' dir='ltr' id='par_1_73' title="bbox 253 3895 1838 3974">
     <span class='ocr_line' id='line_1_73' title="bbox 253 3895 1838 3974; baseline 0 -15"><span class='ocrx_word' id='word_1_501' title='bbox 253 3905 425 3959; x_wconf 64' lang='grc' dir='ltr'>λύει·</span> <span class='ocrx_word' id='word_1_502' title='bbox 456 3895 624 3974; x_wconf 82' lang='grc' dir='ltr'>μόνης</span> <span class='ocrx_word' id='word_1_503' title='bbox 653 3904 708 3959; x_wconf 80' lang='grc' dir='ltr'>δὲ</span> <span class='ocrx_word' id='word_1_504' title='bbox 749 3904 849 3973; x_wconf 83' lang='grc' dir='ltr'>τῆς</span> <span class='ocrx_word' id='word_1_505' title='bbox 881 3904 1205 3973; x_wconf 84' lang='grc' dir='ltr'>σωματικῆς</span> <span class='ocrx_word' id='word_1_506' title='bbox 1249 3901 1530 3972; x_wconf 77' lang='grc' dir='ltr'>ἁμαρτίας</span> <span class='ocrx_word' id='word_1_507' title='bbox 1584 3903 1838 3973; x_wconf 78' lang='grc' dir='ltr'>ἡττᾶται.</span> 
     </span>
    </p>
   </div>
   <div class='ocr_carea' id='block_1_74' title="bbox 278 3989 1842 4063">
    <p class='ocr_par' dir='ltr' id='par_1_74' title="bbox 278 3989 1842 4063">
     <span class='ocr_line' id='line_1_74' title="bbox 278 3989 1842 4063; baseline -0.001 -17"><span class='ocrx_word' id='word_1_508' title='bbox 278 3993 408 4047; x_wconf 73' lang='grc' dir='ltr'>Ἐὰν</span> <span class='ocrx_word' id='word_1_509' title='bbox 437 3989 531 4047; x_wconf 78' lang='grc' dir='ltr'><strong>οὖν</strong></span> <span class='ocrx_word' id='word_1_510' title='bbox 559 4011 664 4058; x_wconf 88' lang='grc' dir='ltr'>τις,</span> <span class='ocrx_word' id='word_1_511' title='bbox 690 3993 945 4063; x_wconf 83' lang='grc' dir='ltr'>πορνείαν</span> <span class='ocrx_word' id='word_1_512' title='bbox 977 3989 1449 4062; x_wconf 80' lang='grc' dir='ltr'>προημαρτηκὼς,</span> <span class='ocrx_word' id='word_1_513' title='bbox 1483 3991 1562 4053; x_wconf 85' lang='grc' dir='ltr'><strong>είς</strong></span> <span class='ocrx_word' id='word_1_514' title='bbox 1590 3992 1722 4062; x_wconf 89' lang='grc' dir='ltr'>ίερω</span> <span class='ocrx_word' id='word_1_515' title='bbox 1745 3989 1842 4044; x_wconf 85' lang='grc' dir='ltr'>σύ-</span> 
     </span>
    </p>
   </div>
   <div class='ocr_carea' id='block_1_75' title="bbox 259 4081 1839 4157">
    <p class='ocr_par' dir='ltr' id='par_1_75' title="bbox 259 4081 1839 4157">
     <span class='ocr_line' id='line_1_75' title="bbox 259 4081 1839 4157; baseline -0.004 -15"><span class='ocrx_word' id='word_1_516' title='bbox 259 4102 366 4156; x_wconf 74' lang='grc' dir='ltr'><strong>νην</strong></span> <span class='ocrx_word' id='word_1_517' title='bbox 405 4085 743 4157; x_wconf 80' lang='grc' dir='ltr'>παραδεχθῆ,</span> <span class='ocrx_word' id='word_1_518' title='bbox 809 4087 904 4139; x_wconf 76' lang='grc' dir='ltr'>καὶ</span> <span class='ocrx_word' id='word_1_519' title='bbox 931 4084 1068 4156; x_wconf 68' lang='grc' dir='ltr'>μετὰ</span> <span class='ocrx_word' id='word_1_520' title='bbox 1093 4084 1193 4154; x_wconf 79' lang='grc' dir='ltr'>τὴν</span> <span class='ocrx_word' id='word_1_521' title='bbox 1259 4083 1594 4153; x_wconf 70' lang='grc' dir='ltr'>χειροτονίαν</span> <span class='ocrx_word' id='word_1_522' title='bbox 1626 4081 1839 4152; x_wconf 82' lang='grc' dir='ltr'>ὡμολό-</span> 
     </span>
    </p>
   </div>
   <div class='ocr_carea' id='block_1_76' title="bbox 262 4172 1840 4246">
    <p class='ocr_par' dir='ltr' id='par_1_76' title="bbox 262 4172 1840 4246">
     <span class='ocr_line' id='line_1_76' title="bbox 262 4172 1840 4246; baseline -0.002 -19"><span class='ocrx_word' id='word_1_523' title='bbox 262 4192 403 4246; x_wconf 70' lang='grc' dir='ltr'>γηπε</span> <span class='ocrx_word' id='word_1_524' title='bbox 447 4175 515 4228; x_wconf 83' lang='grc' dir='ltr'>τὰ</span> <span class='ocrx_word' id='word_1_525' title='bbox 544 4177 915 4246; x_wconf 84' lang='grc' dir='ltr'>ἁμαρτήματα</span> <span class='ocrx_word' id='word_1_526' title='bbox 946 4189 962 4206; x_wconf 90' lang='grc'><strong>·</strong></span> <span class='ocrx_word' id='word_1_527' title='bbox 992 4173 1091 4244; x_wconf 80' lang='grc' dir='ltr'>τῆς</span> <span class='ocrx_word' id='word_1_528' title='bbox 1124 4173 1224 4242; x_wconf 77' lang='grc' dir='ltr'>μὲν</span> <span class='ocrx_word' id='word_1_529' title='bbox 1251 4172 1518 4243; x_wconf 77' lang='grc' dir='ltr'>καθέδρας</span> <span class='ocrx_word' id='word_1_530' title='bbox 1548 4174 1642 4226; x_wconf 76' lang='grc' dir='ltr'><strong>καὶ</strong></span> <span class='ocrx_word' id='word_1_531' title='bbox 1672 4173 1840 4242; x_wconf 86' lang='grc' dir='ltr'>τιμῆς</span> 
     </span>
    </p>
   </div>
   <div class='ocr_carea' id='block_1_77' title="bbox 262 4265 1838 4338">
    <p class='ocr_par' dir='ltr' id='par_1_77' title="bbox 262 4265 1838 4338">
     <span class='ocr_line' id='line_1_77' title="bbox 262 4265 1838 4338; baseline -0.001 -18"><span class='ocrx_word' id='word_1_532' title='bbox 262 4269 375 4321; x_wconf 84' lang='grc' dir='ltr'>τῶν</span> <span class='ocrx_word' id='word_1_533' title='bbox 403 4267 790 4338; x_wconf 75' lang='grc' dir='ltr'>πρεσϐυτέρων</span> <span class='ocrx_word' id='word_1_534' title='bbox 854 4265 1071 4337; x_wconf 76' lang='grc' dir='ltr'>μεθέξει</span> <span class='ocrx_word' id='word_1_535' title='bbox 1112 4279 1128 4294; x_wconf 84' lang='lat'><strong><em>°</em></strong></span> <span class='ocrx_word' id='word_1_536' title='bbox 1197 4265 1472 4337; x_wconf 74' lang='grc' dir='ltr'>ἱερατικὸν</span> <span class='ocrx_word' id='word_1_537' title='bbox 1527 4265 1584 4318; x_wconf 79' lang='grc' dir='ltr'><strong>δέ</strong></span> <span class='ocrx_word' id='word_1_538' title='bbox 1643 4282 1696 4319; x_wconf 85' lang='grc' dir='ltr'><strong>τι</strong></span> <span class='ocrx_word' id='word_1_539' title='bbox 1737 4265 1838 4318; x_wconf 84' lang='grc' dir='ltr'><strong>οὑκ</strong></span> 
     </span>
    </p>
   </div>
   <div class='ocr_carea' id='block_1_78' title="bbox 264 4355 1837 4430">
    <p class='ocr_par' dir='ltr' id='par_1_78' title="bbox 264 4355 1837 4430">
     <span class='ocr_line' id='line_1_78' title="bbox 264 4355 1837 4430; baseline -0.003 -18"><span class='ocrx_word' id='word_1_540' title='bbox 264 4359 572 4430; x_wconf 73' lang='grc' dir='ltr'>ἐνεργήσει.</span> <span class='ocrx_word' id='word_1_541' title='bbox 598 4359 661 4412; x_wconf 82' lang='lat' dir='ltr'><strong>Ei</strong></span> <span class='ocrx_word' id='word_1_542' title='bbox 685 4359 741 4410; x_wconf 79' lang='grc' dir='ltr'>δὲ</span> <span class='ocrx_word' id='word_1_543' title='bbox 765 4359 903 4430; x_wconf 79' lang='grc' dir='ltr'>μήτε</span> <span class='ocrx_word' id='word_1_544' title='bbox 934 4357 1098 4420; x_wconf 81' lang='grc' dir='ltr'>αὑτὸς</span> <span class='ocrx_word' id='word_1_545' title='bbox 1153 4357 1468 4428; x_wconf 82' lang='grc' dir='ltr'>ὁμολογοίη,</span> <span class='ocrx_word' id='word_1_546' title='bbox 1528 4360 1665 4427; x_wconf 69' lang='grc' dir='ltr'>μήτε</span> <span class='ocrx_word' id='word_1_547' title='bbox 1705 4355 1837 4424; x_wconf 84' lang='grc' dir='ltr'>παρ’</span> 
     </span>
    </p>
   </div>
   <div class='ocr_carea' id='block_1_79' title="bbox 263 4447 1833 4520">
    <p class='ocr_par' dir='ltr' id='par_1_79' title="bbox 263 4447 1833 4520">
     <span class='ocr_line' id='line_1_79' title="bbox 263 4447 1833 4520; baseline -0.001 -19"><span class='ocrx_word' id='word_1_548' title='bbox 263 4449 423 4501; x_wconf 81' lang='grc' dir='ltr'>ἄλλου</span> <span class='ocrx_word' id='word_1_549' title='bbox 451 4450 730 4520; x_wconf 74' lang='grc' dir='ltr'>ἐλέγχοιτο</span> <span class='ocrx_word' id='word_1_550' title='bbox 760 4450 1036 4519; x_wconf 77' lang='grc' dir='ltr'>φανερῶς,</span> <span class='ocrx_word' id='word_1_551' title='bbox 1073 4449 1229 4519; x_wconf 75' lang='grc' dir='ltr'>παρὰ</span> <span class='ocrx_word' id='word_1_552' title='bbox 1255 4451 1323 4520; x_wconf 78' lang='grc' dir='ltr'>τῇ</span> <span class='ocrx_word' id='word_1_553' title='bbox 1385 4447 1552 4502; x_wconf 82' lang='grc' dir='ltr'>αὑτοῦ</span> <span class='ocrx_word' id='word_1_554' title='bbox 1609 4448 1833 4520; x_wconf 58' lang='grc' dir='ltr'>ἐξουσίᾳ</span> 
     </span>
    </p>
   </div>
   <div class='ocr_carea' id='block_1_80' title="bbox 263 4538 1758 4610">
    <p class='ocr_par' dir='ltr' id='par_1_80' title="bbox 263 4538 1758 4610">
     <span class='ocr_line' id='line_1_80' title="bbox 263 4538 1758 4610; baseline 0.001 -21"><span class='ocrx_word' id='word_1_555' title='bbox 263 4539 512 4593; x_wconf 85' lang='grc' dir='ltr'>κείσεται</span> <span class='ocrx_word' id='word_1_556' title='bbox 535 4539 636 4608; x_wconf 82' lang='grc' dir='ltr'><strong>τῆς</strong></span> <span class='ocrx_word' id='word_1_557' title='bbox 669 4538 972 4610; x_wconf 79' lang='grc' dir='ltr'>ἱερωσύνης</span> <span class='ocrx_word' id='word_1_558' title='bbox 1006 4539 1302 4607; x_wconf 83' lang='grc' dir='ltr'>παυθῆναι,</span> <span class='ocrx_word' id='word_1_559' title='bbox 1354 4538 1468 4591; x_wconf 82' lang='grc' dir='ltr'>εἴτε</span> <span class='ocrx_word' id='word_1_560' title='bbox 1504 4538 1599 4592; x_wconf 82' lang='grc' dir='ltr'><strong>καὶ</strong></span> <span class='ocrx_word' id='word_1_561' title='bbox 1655 4538 1758 4608; x_wconf 81' lang='grc' dir='ltr'>μή.</span> 
     </span>
    </p>
   </div>
   <div class='ocr_carea' id='block_1_81' title="bbox 886 4629 1242 4685">
    <p class='ocr_par' dir='ltr' id='par_1_81' title="bbox 886 4629 1242 4685">
     <span class='ocr_line' id='line_1_81' title="bbox 886 4629 1242 4685; baseline 0 0"><span class='ocrx_word' id='word_1_562' title='bbox 886 4629 1126 4685; x_wconf 78' lang='grc' dir='ltr'><strong>ΚΑΝΩΝ</strong></span> <span class='ocrx_word' id='word_1_563' title='bbox 1184 4631 1242 4685; x_wconf 76' lang='grc' dir='ltr'>ιο.</span> 
     </span>
    </p>
   </div>
   <div class='ocr_carea' id='block_1_82' title="bbox 269 4706 1904 4793">
    <p class='ocr_par' dir='ltr' id='par_1_82' title="bbox 269 4706 1904 4793">
     <span class='ocr_line' id='line_1_82' title="bbox 269 4706 1904 4793; baseline 0.001 -20"><span class='ocrx_word' id='word_1_564' title='bbox 269 4735 290 4769; x_wconf 75' lang='grc' dir='ltr'><strong>ι</strong></span> <span class='ocrx_word' id='word_1_565' title='bbox 342 4722 576 4792; x_wconf 79' lang='grc' dir='ltr'>Ὁμοίως</span> <span class='ocrx_word' id='word_1_566' title='bbox 629 4722 721 4776; x_wconf 77' lang='grc' dir='ltr'>καὶ</span> <span class='ocrx_word' id='word_1_567' title='bbox 743 4723 1012 4786; x_wconf 85' lang='grc' dir='ltr'>διάκονος,</span> <span class='ocrx_word' id='word_1_568' title='bbox 1057 4721 1152 4774; x_wconf 83' lang='grc' dir='ltr'>ἐὰν</span> <span class='ocrx_word' id='word_1_569' title='bbox 1185 4725 1243 4775; x_wconf 82' lang='grc' dir='ltr'><strong>ὲν</strong></span> <span class='ocrx_word' id='word_1_570' title='bbox 1272 4721 1350 4793; x_wconf 80' lang='grc' dir='ltr'>τῷ</span> <span class='ocrx_word' id='word_1_571' title='bbox 1378 4721 1529 4792; x_wconf 85' lang='grc' dir='ltr'>αὑτῷ</span> <span class='ocrx_word' id='word_1_572' title='bbox 1569 4720 1828 4791; x_wconf 77' lang='grc' dir='ltr'>ἁμαρτή-</span> <span class='ocrx_word' id='word_1_573' title='bbox 1861 4706 1904 4763; x_wconf 78' lang='lat' dir='ltr'><strong>D</strong></span> 
     </span>
    </p>
   </div>
   <div class='ocr_carea' id='block_1_83' title="bbox 339 4812 1820 4886">
    <p class='ocr_par' dir='ltr' id='par_1_83' title="bbox 339 4812 1820 4886">
     <span class='ocr_line' id='line_1_83' title="bbox 339 4812 1820 4886; baseline 0.001 -24"><span class='ocrx_word' id='word_1_574' title='bbox 339 4829 357 4862; x_wconf 80' lang='grc' dir='ltr'><strong>ι</strong></span> <span class='ocrx_word' id='word_1_575' title='bbox 382 4830 512 4883; x_wconf 89' lang='grc' dir='ltr'>ματι</span> <span class='ocrx_word' id='word_1_576' title='bbox 540 4813 832 4886; x_wconf 76' lang='grc' dir='ltr'>περιπέσῃ,</span> <span class='ocrx_word' id='word_1_577' title='bbox 859 4814 960 4884; x_wconf 79' lang='grc' dir='ltr'>τὴν</span> <span class='ocrx_word' id='word_1_578' title='bbox 983 4813 1078 4865; x_wconf 81' lang='grc' dir='ltr'><strong>τοῦ</strong></span> <span class='ocrx_word' id='word_1_579' title='bbox 1110 4814 1385 4884; x_wconf 78' lang='grc' dir='ltr'>ὑπηρέτου</span> <span class='ocrx_word' id='word_1_580' title='bbox 1409 4812 1562 4879; x_wconf 84' lang='grc' dir='ltr'>τάξιν</span> <span class='ocrx_word' id='word_1_581' title='bbox 1595 4812 1820 4881; x_wconf 76' lang='grc' dir='ltr'>ἐχέτω.»</span> 
     </span>
    </p>
   </div>
   <div class='ocr_carea' id='block_1_84' title="bbox 332 4904 1829 4977">
    <p class='ocr_par' dir='ltr' id='par_1_84' title="bbox 332 4904 1829 4977">
     <span class='ocr_line' id='line_1_84' title="bbox 332 4904 1829 4977; baseline -0.002 -17"><span class='ocrx_word' id='word_1_582' title='bbox 332 4905 532 4962; x_wconf 82' lang='grc' dir='ltr'><strong>ΒΔΛΣ.</strong></span> <span class='ocrx_word' id='word_1_583' title='bbox 579 4907 670 4958; x_wconf 84' lang='grc' dir='ltr'>Ἐν</span> <span class='ocrx_word' id='word_1_584' title='bbox 699 4906 778 4977; x_wconf 83' lang='grc' dir='ltr'><strong>τῷ</strong></span> <span class='ocrx_word' id='word_1_585' title='bbox 828 4905 874 4959; x_wconf 85' lang='grc' dir='ltr'>θ’</span> <span class='ocrx_word' id='word_1_586' title='bbox 908 4906 1094 4958; x_wconf 84' lang='grc' dir='ltr'>κανόνι</span> <span class='ocrx_word' id='word_1_587' title='bbox 1152 4907 1219 4959; x_wconf 76' lang='grc' dir='ltr'>τὰ</span> <span class='ocrx_word' id='word_1_588' title='bbox 1251 4906 1380 4976; x_wconf 86' lang='grc' dir='ltr'><strong>περὶ</strong></span> <span class='ocrx_word' id='word_1_589' title='bbox 1439 4904 1829 4976; x_wconf 78' lang='grc' dir='ltr'>πρεσϐυτέρων</span> 
     </span>
    </p>
   </div>
   <div class='ocr_carea' id='block_1_85' title="bbox 259 4996 1836 5070">
    <p class='ocr_par' dir='ltr' id='par_1_85' title="bbox 259 4996 1836 5070">
     <span class='ocr_line' id='line_1_85' title="bbox 259 4996 1836 5070; baseline -0.001 -19"><span class='ocrx_word' id='word_1_590' title='bbox 259 4998 667 5070; x_wconf 78' lang='grc' dir='ltr'>ἡμαρτηκότων</span> <span class='ocrx_word' id='word_1_591' title='bbox 696 4998 1076 5069; x_wconf 63' lang='grc' dir='ltr'>διελέχθησαν</span> <span class='ocrx_word' id='word_1_592' title='bbox 1117 5002 1175 5052; x_wconf 87' lang='grc' dir='ltr'><strong>ἐν</strong></span> <span class='ocrx_word' id='word_1_593' title='bbox 1223 5000 1280 5052; x_wconf 85' lang='grc' dir='ltr'>δὲ</span> <span class='ocrx_word' id='word_1_594' title='bbox 1306 4997 1383 5070; x_wconf 83' lang='grc' dir='ltr'>τῷ</span> <span class='ocrx_word' id='word_1_595' title='bbox 1414 4997 1643 5066; x_wconf 73' lang='grc' dir='ltr'>παρόντι</span> <span class='ocrx_word' id='word_1_596' title='bbox 1703 4996 1836 5069; x_wconf 80' lang='grc' dir='ltr'>περὶ</span> 
     </span>
    </p>
   </div>
   <div class='ocr_carea' id='block_1_86' title="bbox 255 5087 1833 5163">
    <p class='ocr_par' dir='ltr' id='par_1_86' title="bbox 255 5087 1833 5163">
     <span class='ocr_line' id='line_1_86' title="bbox 255 5087 1833 5163; baseline 0.001 -20"><span class='ocrx_word' id='word_1_597' title='bbox 255 5090 547 5145; x_wconf 84' lang='grc' dir='ltr'>διακόνων.</span> <span class='ocrx_word' id='word_1_598' title='bbox 585 5092 696 5146; x_wconf 82' lang='grc' dir='ltr'><strong>Καὶ</strong></span> <span class='ocrx_word' id='word_1_599' title='bbox 725 5087 870 5146; x_wconf 79' lang='grc' dir='ltr'>οὗτοι</span> <span class='ocrx_word' id='word_1_600' title='bbox 909 5094 1036 5163; x_wconf 81' lang='grc' dir='ltr'>γὰρ,</span> <span class='ocrx_word' id='word_1_601' title='bbox 1074 5092 1584 5162; x_wconf 79' lang='grc' dir='ltr'>ἐξομολογούμενοι,</span> <span class='ocrx_word' id='word_1_602' title='bbox 1618 5092 1710 5145; x_wconf 78' lang='grc' dir='ltr'>τοῦ</span> <span class='ocrx_word' id='word_1_603' title='bbox 1733 5093 1833 5162; x_wconf 74' lang='grc' dir='ltr'>μὲν</span> 
     </span>
    </p>
   </div>
   <div class='ocr_carea' id='block_1_87' title="bbox 260 5183 1832 5256">
    <p class='ocr_par' dir='ltr' id='par_1_87' title="bbox 260 5183 1832 5256">
     <span class='ocr_line' id='line_1_87' title="bbox 260 5183 1832 5256; baseline 0 -20"><span class='ocrx_word' id='word_1_604' title='bbox 260 5183 579 5237; x_wconf 80' lang='grc' dir='ltr'>διακονικοῦ</span> <span class='ocrx_word' id='word_1_605' title='bbox 617 5185 932 5256; x_wconf 80' lang='grc' dir='ltr'>ἀξιώματος</span> <span class='ocrx_word' id='word_1_606' title='bbox 963 5185 1350 5248; x_wconf 82' lang='grc' dir='ltr'>ἐκπεσοῦνται,</span> <span class='ocrx_word' id='word_1_607' title='bbox 1377 5187 1455 5247; x_wconf 81' lang='grc' dir='ltr'><strong>εἰς</strong></span> <span class='ocrx_word' id='word_1_608' title='bbox 1481 5184 1757 5253; x_wconf 77' lang='grc' dir='ltr'>ὑπηρέτου</span> <span class='ocrx_word' id='word_1_609' title='bbox 1777 5183 1832 5236; x_wconf 79' lang='grc' dir='ltr'><strong>δὲ</strong></span> 
     </span>
    </p>
   </div>
   <div class='ocr_carea' id='block_1_88' title="bbox 255 5277 1835 5350">
    <p class='ocr_par' dir='ltr' id='par_1_88' title="bbox 255 5277 1835 5350">
     <span class='ocr_line' id='line_1_88' title="bbox 255 5277 1835 5350; baseline -0.001 -21"><span class='ocrx_word' id='word_1_610' title='bbox 255 5277 413 5343; x_wconf 72' lang='grc' dir='ltr'>τάξιν</span> <span class='ocrx_word' id='word_1_611' title='bbox 445 5277 1039 5347; x_wconf 72' lang='grc' dir='ltr'>καταδιϐασθήσονται,</span> <span class='ocrx_word' id='word_1_612' title='bbox 1086 5279 1207 5350; x_wconf 77' lang='grc' dir='ltr'>ἦτοι</span> <span class='ocrx_word' id='word_1_613' title='bbox 1240 5279 1660 5349; x_wconf 80' lang='grc' dir='ltr'>ἀχειροτονήτου</span> <span class='ocrx_word' id='word_1_614' title='bbox 1703 5277 1835 5330; x_wconf 87' lang='grc' dir='ltr'>ὑπο-</span> 
     </span>
    </p>
   </div>
   <div class='ocr_carea' id='block_1_89' title="bbox 249 5367 979 5439">
    <p class='ocr_par' dir='ltr' id='par_1_89' title="bbox 249 5367 979 5439">
     <span class='ocr_line' id='line_1_89' title="bbox 249 5367 979 5439; baseline 0.001 -16"><span class='ocrx_word' id='word_1_615' title='bbox 249 5367 506 5423; x_wconf 72' lang='grc' dir='ltr'>διακόνου</span> <span class='ocrx_word' id='word_1_616' title='bbox 541 5369 573 5439; x_wconf 78' lang='grc' dir='ltr'>ἢ</span> <span class='ocrx_word' id='word_1_617' title='bbox 607 5369 979 5436; x_wconf 84' lang='grc' dir='ltr'>ἀναγνώστου.</span> 
     </span>
    </p>
   </div>
   <div class='ocr_carea' id='block_1_90' title="bbox 331 5462 1820 5534">
    <p class='ocr_par' dir='ltr' id='par_1_90' title="bbox 331 5462 1820 5534">
     <span class='ocr_line' id='line_1_90' title="bbox 331 5462 1820 5534; baseline -0.001 -17"><span class='ocrx_word' id='word_1_618' title='bbox 331 5464 577 5519; x_wconf 72' lang='grc' dir='ltr'><strong>ΖΩΝΛΡ.</strong></span> <span class='ocrx_word' id='word_1_619' title='bbox 630 5464 973 5518; x_wconf 81' lang='grc' dir='ltr'>Ἐκπεσείται</span> <span class='ocrx_word' id='word_1_620' title='bbox 1005 5465 1113 5532; x_wconf 76' lang='grc' dir='ltr'>γὰρ</span> <span class='ocrx_word' id='word_1_621' title='bbox 1139 5465 1239 5534; x_wconf 83' lang='grc' dir='ltr'>τῆς</span> <span class='ocrx_word' id='word_1_622' title='bbox 1273 5464 1574 5531; x_wconf 85' lang='grc' dir='ltr'>διακονίας,</span> <span class='ocrx_word' id='word_1_623' title='bbox 1615 5462 1712 5516; x_wconf 79' lang='grc' dir='ltr'>καὶ</span> <span class='ocrx_word' id='word_1_624' title='bbox 1740 5463 1820 5525; x_wconf 85' lang='grc' dir='ltr'>εἰς</span> 
     </span>
    </p>
   </div>
   <div class='ocr_carea' id='block_1_91' title="bbox 256 5553 1827 5628">
    <p class='ocr_par' dir='ltr' id='par_1_91' title="bbox 256 5553 1827 5628">
     <span class='ocr_line' id='line_1_91' title="bbox 256 5553 1827 5628; baseline 0.001 -22"><span class='ocrx_word' id='word_1_625' title='bbox 256 5553 537 5624; x_wconf 79' lang='grc' dir='ltr'>ὑπηρέτου</span> <span class='ocrx_word' id='word_1_626' title='bbox 564 5555 725 5607; x_wconf 85' lang='grc' dir='ltr'>τόπον</span> <span class='ocrx_word' id='word_1_627' title='bbox 743 5555 1300 5628; x_wconf 70' lang='grc' dir='ltr'>καταϐιϐασθήσεται.</span> <span class='ocrx_word' id='word_1_628' title='bbox 1329 5557 1392 5609; x_wconf 90' lang='grc' dir='ltr'>Οἱ</span> <span class='ocrx_word' id='word_1_629' title='bbox 1421 5555 1529 5626; x_wconf 76' lang='grc' dir='ltr'><strong>γὰρ</strong></span> <span class='ocrx_word' id='word_1_630' title='bbox 1555 5553 1827 5627; x_wconf 87' lang='grc' dir='ltr'>ὑπηρέται</span> 
     </span>
    </p>
   </div>
   <div class='ocr_carea' id='block_1_92' title="bbox 259 5648 772 5718">
    <p class='ocr_par' dir='ltr' id='par_1_92' title="bbox 259 5648 772 5718">
     <span class='ocr_line' id='line_1_92' title="bbox 259 5648 772 5718; baseline 0.004 -22"><span class='ocrx_word' id='word_1_631' title='bbox 259 5648 314 5697; x_wconf 68' lang='grc' dir='ltr'><strong>οἱ,</strong></span> <span class='ocrx_word' id='word_1_632' title='bbox 347 5648 772 5718; x_wconf 68' lang='grc' dir='ltr'>προσφέρουσιν.</span> 
     </span>
    </p>
   </div>
   <div class='ocr_carea' id='block_1_93' title="bbox 2033 3437 3533 3504">
    <p class='ocr_par' dir='ltr' id='par_1_93' title="bbox 2033 3437 3533 3504">
     <span class='ocr_line' id='line_1_93' title="bbox 2033 3437 3533 3504; baseline -0.001 -12"><span class='ocrx_word' id='word_1_633' title='bbox 2033 3458 2052 3492; x_wconf 73' lang='grc' dir='ltr'><strong>ι</strong></span> <span class='ocrx_word' id='word_1_634' title='bbox 2091 3440 2160 3494; x_wconf 87' lang='lat' dir='ltr'><strong>ab</strong></span> <span class='ocrx_word' id='word_1_635' title='bbox 2193 3439 2474 3496; x_wconf 90' lang='lat' dir='ltr'><strong>oblatione</strong></span> <span class='ocrx_word' id='word_1_636' title='bbox 2504 3439 2798 3504; x_wconf 89' lang='lat' dir='ltr'><strong>abstineat,</strong></span> <span class='ocrx_word' id='word_1_637' title='bbox 2829 3448 2882 3494; x_wconf 91' lang='lat' dir='ltr'><strong>et</strong></span> <span class='ocrx_word' id='word_1_638' title='bbox 2913 3440 2982 3494; x_wconf 87' lang='lat' dir='ltr'><strong>ab</strong></span> <span class='ocrx_word' id='word_1_639' title='bbox 3009 3453 3072 3493; x_wconf 89' lang='lat' dir='ltr'><strong>ea</strong></span> <span class='ocrx_word' id='word_1_640' title='bbox 3105 3446 3342 3493; x_wconf 85' lang='lat' dir='ltr'><strong>tantum.</strong></span> <span class='ocrx_word' id='word_1_641' title='bbox 3371 3437 3533 3504; x_wconf 63' lang='lat' dir='ltr'><strong>Quae-</strong></span> 
     </span>
    </p>
   </div>
   <div class='ocr_carea' id='block_1_94' title="bbox 2033 3530 3530 3601">
    <p class='ocr_par' dir='ltr' id='par_1_94' title="bbox 2033 3530 3530 3601">
     <span class='ocr_line' id='line_1_94' title="bbox 2033 3530 3530 3601; baseline 0.001 -18"><span class='ocrx_word' id='word_1_642' title='bbox 2033 3549 2051 3583; x_wconf 76' lang='lat' dir='ltr'><strong>r</strong></span> <span class='ocrx_word' id='word_1_643' title='bbox 2095 3531 2216 3585; x_wconf 91' lang='lat' dir='ltr'><strong>dam</strong></span> <span class='ocrx_word' id='word_1_644' title='bbox 2251 3530 2397 3586; x_wconf 88' lang='lat' dir='ltr'><strong>enim</strong></span> <span class='ocrx_word' id='word_1_645' title='bbox 2436 3540 2660 3601; x_wconf 86' lang='lat' dir='ltr'><strong>peccata</strong></span> <span class='ocrx_word' id='word_1_646' title='bbox 2701 3531 2926 3588; x_wconf 80' lang='lat' dir='ltr'><strong>ordines</strong></span> <span class='ocrx_word' id='word_1_647' title='bbox 2956 3531 3264 3586; x_wconf 82' lang='lat' dir='ltr'><strong>remittunt.</strong></span> <span class='ocrx_word' id='word_1_648' title='bbox 3307 3530 3364 3584; x_wconf 91' lang='lat' dir='ltr'><strong>Si</strong></span> <span class='ocrx_word' id='word_1_649' title='bbox 3403 3543 3530 3584; x_wconf 85' lang='lat' dir='ltr'><strong>vero</strong></span> 
     </span>
    </p>
   </div>
   <div class='ocr_carea' id='block_1_95' title="bbox 2029 3623 3530 3693">
    <p class='ocr_par' dir='ltr' id='par_1_95' title="bbox 2029 3623 3530 3693">
     <span class='ocr_line' id='line_1_95' title="bbox 2029 3623 3530 3693; baseline 0 -16"><span class='ocrx_word' id='word_1_650' title='bbox 2029 3643 2049 3677; x_wconf 73' lang='grc' dir='ltr'><strong>ι</strong></span> <span class='ocrx_word' id='word_1_651' title='bbox 2089 3639 2189 3678; x_wconf 91' lang='lat' dir='ltr'><strong>nec</strong></span> <span class='ocrx_word' id='word_1_652' title='bbox 2237 3623 2564 3678; x_wconf 86' lang='lat' dir='ltr'><strong>confiteatur</strong></span> <span class='ocrx_word' id='word_1_653' title='bbox 2593 3638 2694 3680; x_wconf 86' lang='lat' dir='ltr'><strong>nec</strong></span> <span class='ocrx_word' id='word_1_654' title='bbox 2733 3625 3114 3689; x_wconf 80' lang='lat' dir='ltr'><strong>convincatur,</strong></span> <span class='ocrx_word' id='word_1_655' title='bbox 3159 3623 3274 3693; x_wconf 84' lang='lat' dir='ltr'><strong>ipse</strong></span> <span class='ocrx_word' id='word_1_656' title='bbox 3318 3623 3401 3678; x_wconf 89' lang='lat' dir='ltr'><strong>sui</strong></span> <span class='ocrx_word' id='word_1_657' title='bbox 3435 3637 3530 3693; x_wconf 83' lang='lat' dir='ltr'><strong>po-</strong></span> 
     </span>
    </p>
   </div>
   <div class='ocr_carea' id='block_1_96' title="bbox 2026 3715 2654 3772">
    <p class='ocr_par' dir='ltr' id='par_1_96' title="bbox 2026 3715 2654 3772">
     <span class='ocr_line' id='line_1_96' title="bbox 2026 3715 2654 3772; baseline 0 -3"><span class='ocrx_word' id='word_1_658' title='bbox 2026 3735 2045 3769; x_wconf 81' lang='grc' dir='ltr'><strong>ι</strong></span> <span class='ocrx_word' id='word_1_659' title='bbox 2084 3723 2336 3772; x_wconf 84' lang='lat' dir='ltr'><strong>testatem</strong></span> <span class='ocrx_word' id='word_1_660' title='bbox 2373 3715 2592 3771; x_wconf 85' lang='lat' dir='ltr'><strong>habeat.</strong></span> <span class='ocrx_word' id='word_1_661' title='bbox 2633 3734 2654 3770; x_wconf 71' lang='grc' dir='ltr'><strong>ι</strong></span> 
     </span>
    </p>
   </div>
   <div class='ocr_carea' id='block_1_97' title="bbox 2018 3809 3526 3880">
    <p class='ocr_par' dir='ltr' id='par_1_97' title="bbox 2018 3809 3526 3880">
     <span class='ocr_line' id='line_1_97' title="bbox 2018 3809 3526 3880; baseline -0.001 -16"><span class='ocrx_word' id='word_1_662' title='bbox 2018 3809 2213 3864; x_wconf 86' lang='lat' dir='ltr'><strong>Omnia</strong></span> <span class='ocrx_word' id='word_1_663' title='bbox 2261 3811 2479 3880; x_wconf 88' lang='lat' dir='ltr'><strong>quidem</strong></span> <span class='ocrx_word' id='word_1_664' title='bbox 2525 3809 2629 3864; x_wconf 87' lang='lat' dir='ltr'><strong>alia</strong></span> <span class='ocrx_word' id='word_1_665' title='bbox 2679 3810 3213 3880; x_wconf 71' lang='lat' dir='ltr'><strong>peccata&#39;manuum</strong></span> <span class='ocrx_word' id='word_1_666' title='bbox 3247 3809 3526 3878; x_wconf 90' lang='lat' dir='ltr'><strong>impositio</strong></span> 
     </span>
    </p>
   </div>
   <div class='ocr_carea' id='block_1_98' title="bbox 1947 3901 3526 3973">
    <p class='ocr_par' dir='ltr' id='par_1_98' title="bbox 1947 3901 3526 3973">
     <span class='ocr_line' id='line_1_98' title="bbox 1947 3901 3526 3973; baseline 0.001 -17"><span class='ocrx_word' id='word_1_667' title='bbox 1947 3901 2108 3968; x_wconf 91' lang='lat' dir='ltr'><strong>tollit,</strong></span> <span class='ocrx_word' id='word_1_668' title='bbox 2141 3901 2261 3957; x_wconf 92' lang='lat' dir='ltr'><strong>solo</strong></span> <span class='ocrx_word' id='word_1_669' title='bbox 2292 3910 2474 3956; x_wconf 89' lang='lat' dir='ltr'><strong>autem</strong></span> <span class='ocrx_word' id='word_1_670' title='bbox 2502 3903 2772 3973; x_wconf 85' lang='lat' dir='ltr'><strong>corporali</strong></span> <span class='ocrx_word' id='word_1_671' title='bbox 2803 3911 3027 3972; x_wconf 86' lang='lat' dir='ltr'><strong>peccato</strong></span> <span class='ocrx_word' id='word_1_672' title='bbox 3060 3903 3290 3956; x_wconf 85' lang='lat' dir='ltr'><strong>inferior</strong></span> <span class='ocrx_word' id='word_1_673' title='bbox 3319 3909 3428 3956; x_wconf 85' lang='lat' dir='ltr'><strong>est.</strong></span> <span class='ocrx_word' id='word_1_674' title='bbox 3467 3902 3526 3958; x_wconf 88' lang='lat' dir='ltr'><strong>Si</strong></span> 
     </span>
    </p>
   </div>
   <div class='ocr_carea' id='block_1_99' title="bbox 1943 3992 3522 4065">
    <p class='ocr_par' dir='ltr' id='par_1_99' title="bbox 1943 3992 3522 4065">
     <span class='ocr_line' id='line_1_99' title="bbox 1943 3992 3522 4065; baseline 0.001 -19"><span class='ocrx_word' id='word_1_675' title='bbox 1943 3994 2065 4065; x_wconf 87' lang='lat' dir='ltr'><strong>quis</strong></span> <span class='ocrx_word' id='word_1_676' title='bbox 2086 3993 2268 4062; x_wconf 89' lang='lat' dir='ltr'><strong>itaque</strong></span> <span class='ocrx_word' id='word_1_677' title='bbox 2290 3992 2450 4064; x_wconf 69' lang='grc'><strong>411</strong></span> <span class='ocrx_word' id='word_1_678' title='bbox 2477 3995 2569 4062; x_wconf 90' lang='lat' dir='ltr'><strong>qui</strong></span> <span class='ocrx_word' id='word_1_679' title='bbox 2592 3993 3009 4050; x_wconf 79' lang='lat' dir='ltr'><strong>fornicationem</strong></span> <span class='ocrx_word' id='word_1_680' title='bbox 3043 4003 3202 4049; x_wconf 88' lang='lat' dir='ltr'><strong>antea</strong></span> <span class='ocrx_word' id='word_1_681' title='bbox 3224 3995 3522 4060; x_wconf 89' lang='lat' dir='ltr'><strong>commisit,</strong></span> 
     </span>
    </p>
   </div>
   <div class='ocr_carea' id='block_1_100' title="bbox 1941 4084 3524 4158">
    <p class='ocr_par' dir='ltr' id='par_1_100' title="bbox 1941 4084 3524 4158">
     <span class='ocr_line' id='line_1_100' title="bbox 1941 4084 3524 4158; baseline -0.003 -16"><span class='ocrx_word' id='word_1_682' title='bbox 1941 4087 1997 4142; x_wconf 87' lang='lat' dir='ltr'><strong>in</strong></span> <span class='ocrx_word' id='word_1_683' title='bbox 2028 4084 2398 4141; x_wconf 83' lang='lat' dir='ltr'><strong>sacerdotium</strong></span> <span class='ocrx_word' id='word_1_684' title='bbox 2433 4087 2713 4157; x_wconf 88' lang='lat' dir='ltr'><strong>recipitur,</strong></span> <span class='ocrx_word' id='word_1_685' title='bbox 2745 4097 2800 4142; x_wconf 86' lang='lat' dir='ltr'><strong>et</strong></span> <span class='ocrx_word' id='word_1_686' title='bbox 2832 4095 2954 4158; x_wconf 91' lang='lat' dir='ltr'><strong>post</strong></span> <span class='ocrx_word' id='word_1_687' title='bbox 2979 4087 3376 4142; x_wconf 83' lang='lat' dir='ltr'><strong>ordinationem</strong></span> <span class='ocrx_word' id='word_1_688' title='bbox 3394 4101 3524 4156; x_wconf 89' lang='lat' dir='ltr'><strong>pec-</strong></span> 
     </span>
    </p>
   </div>
   <div class='ocr_carea' id='block_1_101' title="bbox 1941 4176 3524 4249">
    <p class='ocr_par' dir='ltr' id='par_1_101' title="bbox 1941 4176 3524 4249">
     <span class='ocr_line' id='line_1_101' title="bbox 1941 4176 3524 4249; baseline 0 -16"><span class='ocrx_word' id='word_1_689' title='bbox 1941 4189 2064 4234; x_wconf 87' lang='lat' dir='ltr'><strong>cata</strong></span> <span class='ocrx_word' id='word_1_690' title='bbox 2097 4191 2195 4232; x_wconf 87' lang='lat' dir='ltr'><strong>sua</strong></span> <span class='ocrx_word' id='word_1_691' title='bbox 2214 4176 2498 4236; x_wconf 80' lang='lat' dir='ltr'><strong>confessus</strong></span> <span class='ocrx_word' id='word_1_692' title='bbox 2518 4190 2600 4234; x_wconf 86' lang='lat' dir='ltr'><strong>est</strong></span> <span class='ocrx_word' id='word_1_693' title='bbox 2621 4221 2634 4245; x_wconf 93' lang='lat'><strong>,</strong></span> <span class='ocrx_word' id='word_1_694' title='bbox 2658 4179 2933 4234; x_wconf 85' lang='lat' dir='ltr'><strong>cathedrae</strong></span> <span class='ocrx_word' id='word_1_695' title='bbox 2969 4180 3188 4249; x_wconf 83' lang='lat' dir='ltr'><strong>quidem</strong></span> <span class='ocrx_word' id='word_1_696' title='bbox 3213 4187 3266 4233; x_wconf 90' lang='lat' dir='ltr'><strong>et</strong></span> <span class='ocrx_word' id='word_1_697' title='bbox 3297 4178 3524 4233; x_wconf 83' lang='lat' dir='ltr'><strong>honoris</strong></span> 
     </span>
    </p>
   </div>
   <div class='ocr_carea' id='block_1_102' title="bbox 1938 4270 3516 4345">
    <p class='ocr_par' dir='ltr' id='par_1_102' title="bbox 1938 4270 3516 4345">
     <span class='ocr_line' id='line_1_102' title="bbox 1938 4270 3516 4345; baseline -0.002 -19"><span class='ocrx_word' id='word_1_698' title='bbox 1938 4275 2387 4345; x_wconf 83' lang='lat' dir='ltr'><strong>presbyterorum</strong></span> <span class='ocrx_word' id='word_1_699' title='bbox 2420 4271 2695 4343; x_wconf 87' lang='lat' dir='ltr'><strong>particeps</strong></span> <span class='ocrx_word' id='word_1_700' title='bbox 2725 4272 2866 4338; x_wconf 90' lang='lat' dir='ltr'><strong>erit;</strong></span> <span class='ocrx_word' id='word_1_701' title='bbox 2897 4279 2953 4325; x_wconf 90' lang='lat' dir='ltr'><strong>at</strong></span> <span class='ocrx_word' id='word_1_702' title='bbox 3007 4271 3349 4326; x_wconf 89' lang='lat' dir='ltr'><strong>sacerdotale</strong></span> <span class='ocrx_word' id='word_1_703' title='bbox 3410 4270 3516 4324; x_wconf 75' lang='lat' dir='ltr'><strong>ali-</strong></span> 
     </span>
    </p>
   </div>
   <div class='ocr_carea' id='block_1_103' title="bbox 1935 4361 3516 4434">
    <p class='ocr_par' dir='ltr' id='par_1_103' title="bbox 1935 4361 3516 4434">
     <span class='ocr_line' id='line_1_103' title="bbox 1935 4361 3516 4434; baseline -0.003 -16"><span class='ocrx_word' id='word_1_704' title='bbox 1935 4365 2078 4434; x_wconf 87' lang='lat' dir='ltr'><strong>quod</strong></span> <span class='ocrx_word' id='word_1_705' title='bbox 2103 4381 2302 4420; x_wconf 91' lang='lat' dir='ltr'><strong>munus</strong></span> <span class='ocrx_word' id='word_1_706' title='bbox 2335 4380 2440 4418; x_wconf 88' lang='lat' dir='ltr'><strong>non</strong></span> <span class='ocrx_word' id='word_1_707' title='bbox 2468 4363 2648 4418; x_wconf 90' lang='lat' dir='ltr'><strong>obeat.</strong></span> <span class='ocrx_word' id='word_1_708' title='bbox 2675 4361 2732 4417; x_wconf 90' lang='lat' dir='ltr'><strong>Si</strong></span> <span class='ocrx_word' id='word_1_709' title='bbox 2761 4373 2940 4417; x_wconf 89' lang='lat' dir='ltr'><strong>autem</strong></span> <span class='ocrx_word' id='word_1_710' title='bbox 2963 4379 3062 4417; x_wconf 88' lang='lat' dir='ltr'><strong>nec</strong></span> <span class='ocrx_word' id='word_1_711' title='bbox 3094 4362 3211 4433; x_wconf 89' lang='lat' dir='ltr'><strong>ipse</strong></span> <span class='ocrx_word' id='word_1_712' title='bbox 3229 4363 3516 4416; x_wconf 83' lang='lat' dir='ltr'><strong>confessus</strong></span> 
     </span>
    </p>
   </div>
   <div class='ocr_carea' id='block_1_104' title="bbox 1937 4453 3514 4519">
    <p class='ocr_par' dir='ltr' id='par_1_104' title="bbox 1937 4453 3514 4519">
     <span class='ocr_line' id='line_1_104' title="bbox 1937 4453 3514 4519; baseline -0.002 -9"><span class='ocrx_word' id='word_1_713' title='bbox 1937 4458 2122 4519; x_wconf 84' lang='lat' dir='ltr'><strong>luerit,</strong></span> <span class='ocrx_word' id='word_1_714' title='bbox 2150 4473 2249 4512; x_wconf 90' lang='lat' dir='ltr'><strong>nec</strong></span> <span class='ocrx_word' id='word_1_715' title='bbox 2264 4457 2332 4512; x_wconf 84' lang='lat' dir='ltr'><strong>ab</strong></span> <span class='ocrx_word' id='word_1_716' title='bbox 2349 4456 2457 4510; x_wconf 91' lang='lat' dir='ltr'><strong>alio</strong></span> <span class='ocrx_word' id='word_1_717' title='bbox 2490 4453 2778 4510; x_wconf 80' lang='lat' dir='ltr'><strong>manifeste</strong></span> <span class='ocrx_word' id='word_1_718' title='bbox 2808 4458 3189 4519; x_wconf 82' lang='lat' dir='ltr'><strong>convincatur,</strong></span> <span class='ocrx_word' id='word_1_719' title='bbox 3221 4455 3273 4508; x_wconf 89' lang='lat' dir='ltr'><strong>in</strong></span> <span class='ocrx_word' id='word_1_720' title='bbox 3298 4469 3394 4509; x_wconf 85' lang='lat' dir='ltr'><strong>sua</strong></span> <span class='ocrx_word' id='word_1_721' title='bbox 3424 4469 3514 4507; x_wconf 88' lang='lat' dir='ltr'><strong>re-</strong></span> 
     </span>
    </p>
   </div>
   <div class='ocr_carea' id='block_1_105' title="bbox 1933 4546 3517 4620">
    <p class='ocr_par' dir='ltr' id='par_1_105' title="bbox 1933 4546 3517 4620">
     <span class='ocr_line' id='line_1_105' title="bbox 1933 4546 3517 4620; baseline -0.001 -18"><span class='ocrx_word' id='word_1_722' title='bbox 1933 4549 2206 4618; x_wconf 87' lang='lat' dir='ltr'><strong>linquitur</strong></span> <span class='ocrx_word' id='word_1_723' title='bbox 2229 4556 2497 4620; x_wconf 86' lang='lat' dir='ltr'><strong>petcstate</strong></span> <span class='ocrx_word' id='word_1_724' title='bbox 2552 4562 2619 4601; x_wconf 89' lang='lat' dir='ltr'><strong>an</strong></span> <span class='ocrx_word' id='word_1_725' title='bbox 2653 4561 2682 4599; x_wconf 88' lang='lat' dir='ltr'><strong>a</strong></span> <span class='ocrx_word' id='word_1_726' title='bbox 2718 4547 3035 4601; x_wconf 88' lang='lat' dir='ltr'><strong>sacerdotio</strong></span> <span class='ocrx_word' id='word_1_727' title='bbox 3052 4546 3293 4602; x_wconf 88' lang='lat' dir='ltr'><strong>cessabit</strong></span> <span class='ocrx_word' id='word_1_728' title='bbox 3325 4560 3517 4602; x_wconf 81' lang='lat' dir='ltr'><strong>mene.</strong></span> 
     </span>
    </p>
   </div>
   <div class='ocr_carea' id='block_1_106' title="bbox 2556 4637 2883 4694">
    <p class='ocr_par' dir='ltr' id='par_1_106' title="bbox 2556 4637 2883 4694">
     <span class='ocr_line' id='line_1_106' title="bbox 2556 4637 2883 4694; baseline 0.003 -1"><span class='ocrx_word' id='word_1_729' title='bbox 2556 4637 2782 4694; x_wconf 72' lang='lat' dir='ltr'><strong>CANON</strong></span> <span class='ocrx_word' id='word_1_730' title='bbox 2816 4637 2883 4694; x_wconf 85' lang='lat' dir='ltr'><strong>X.</strong></span> 
     </span>
    </p>
   </div>
   <div class='ocr_carea' id='block_1_107' title="bbox 1931 4730 3518 4802">
    <p class='ocr_par' dir='ltr' id='par_1_107' title="bbox 1931 4730 3518 4802">
     <span class='ocr_line' id='line_1_107' title="bbox 1931 4730 3518 4802; baseline 0.001 -20"><span class='ocrx_word' id='word_1_731' title='bbox 1931 4731 1973 4782; x_wconf 79' lang='grc' dir='ltr'><strong>ἰ</strong></span> <span class='ocrx_word' id='word_1_732' title='bbox 2018 4730 2284 4786; x_wconf 89' lang='lat' dir='ltr'><strong>Similiter</strong></span> <span class='ocrx_word' id='word_1_733' title='bbox 2309 4740 2362 4787; x_wconf 86' lang='lat' dir='ltr'><strong>et</strong></span> <span class='ocrx_word' id='word_1_734' title='bbox 2394 4731 2681 4797; x_wconf 89' lang='lat' dir='ltr'><strong>diaconus,</strong></span> <span class='ocrx_word' id='word_1_735' title='bbox 2717 4732 2760 4785; x_wconf 87' lang='lat' dir='ltr'><strong>si</strong></span> <span class='ocrx_word' id='word_1_736' title='bbox 2810 4730 2864 4785; x_wconf 92' lang='lat' dir='ltr'><strong>in</strong></span> <span class='ocrx_word' id='word_1_737' title='bbox 2921 4730 3063 4786; x_wconf 89' lang='lat' dir='ltr'><strong>idem</strong></span> <span class='ocrx_word' id='word_1_738' title='bbox 3115 4740 3396 4802; x_wconf 87' lang='lat' dir='ltr'><strong>peccatum</strong></span> <span class='ocrx_word' id='word_1_739' title='bbox 3433 4730 3518 4784; x_wconf 88' lang='lat' dir='ltr'><strong>in-</strong></span> 
     </span>
    </p>
   </div>
   <div class='ocr_carea' id='block_1_108' title="bbox 2150 4823 3306 4890">
    <p class='ocr_par' dir='ltr' id='par_1_108' title="bbox 2150 4823 3306 4890">
     <span class='ocr_line' id='line_1_108' title="bbox 2150 4823 3306 4890; baseline -0.001 -14"><span class='ocrx_word' id='word_1_740' title='bbox 2150 4843 2168 4876; x_wconf 79' lang='grc' dir='ltr'><strong>ι</strong></span> <span class='ocrx_word' id='word_1_741' title='bbox 2216 4824 2436 4890; x_wconf 89' lang='lat' dir='ltr'><strong>ciderit,</strong></span> <span class='ocrx_word' id='word_1_742' title='bbox 2468 4823 2710 4878; x_wconf 87' lang='lat' dir='ltr'><strong>ministri</strong></span> <span class='ocrx_word' id='word_1_743' title='bbox 2739 4823 2987 4878; x_wconf 89' lang='lat' dir='ltr'><strong>ordinem</strong></span> <span class='ocrx_word' id='word_1_744' title='bbox 3023 4823 3241 4878; x_wconf 87' lang='lat' dir='ltr'><strong>habeat.</strong></span> <span class='ocrx_word' id='word_1_745' title='bbox 3287 4842 3306 4875; x_wconf 78' lang='grc' dir='ltr'><strong>ι</strong></span> 
     </span>
    </p>
   </div>
   <div class='ocr_carea' id='block_1_109' title="bbox 2013 4913 3501 4984">
    <p class='ocr_par' dir='ltr' id='par_1_109' title="bbox 2013 4913 3501 4984">
     <span class='ocr_line' id='line_1_109' title="bbox 2013 4913 3501 4984; baseline -0.001 -19"><span class='ocrx_word' id='word_1_746' title='bbox 2013 4913 2212 4968; x_wconf 82' lang='lat' dir='ltr'><strong>BALS.</strong></span> <span class='ocrx_word' id='word_1_747' title='bbox 2257 4913 2312 4968; x_wconf 90' lang='lat' dir='ltr'><strong>In</strong></span> <span class='ocrx_word' id='word_1_748' title='bbox 2372 4928 2582 4969; x_wconf 87' lang='lat' dir='ltr'><strong>canone</strong></span> <span class='ocrx_word' id='word_1_749' title='bbox 2613 4913 2646 4969; x_wconf 90' lang='lat'><strong>9</strong></span> <span class='ocrx_word' id='word_1_750' title='bbox 2685 4915 2752 4969; x_wconf 92' lang='lat' dir='ltr'><strong>de</strong></span> <span class='ocrx_word' id='word_1_751' title='bbox 2795 4915 3129 4984; x_wconf 82' lang='lat' dir='ltr'><strong>presbyteris</strong></span> <span class='ocrx_word' id='word_1_752' title='bbox 3166 4915 3257 4982; x_wconf 90' lang='lat' dir='ltr'><strong>qui</strong></span> <span class='ocrx_word' id='word_1_753' title='bbox 3309 4926 3501 4983; x_wconf 85' lang='lat' dir='ltr'><strong>pecca-</strong></span> 
     </span>
    </p>
   </div>
   <div class='ocr_carea' id='block_1_110' title="bbox 1935 5003 3517 5075">
    <p class='ocr_par' dir='ltr' id='par_1_110' title="bbox 1935 5003 3517 5075">
     <span class='ocr_line' id='line_1_110' title="bbox 1935 5003 3517 5075; baseline -0.001 -18"><span class='ocrx_word' id='word_1_754' title='bbox 1935 5015 2064 5059; x_wconf 91' lang='lat' dir='ltr'><strong>runt</strong></span> <span class='ocrx_word' id='word_1_755' title='bbox 2115 5014 2409 5061; x_wconf 89' lang='lat' dir='ltr'><strong>tractatum</strong></span> <span class='ocrx_word' id='word_1_756' title='bbox 2463 5012 2546 5060; x_wconf 89' lang='lat' dir='ltr'><strong>est</strong></span> <span class='ocrx_word' id='word_1_757' title='bbox 2579 5021 2593 5058; x_wconf 91' lang='lat'><strong>:</strong></span> <span class='ocrx_word' id='word_1_758' title='bbox 2632 5007 2685 5059; x_wconf 92' lang='lat' dir='ltr'><strong>in</strong></span> <span class='ocrx_word' id='word_1_759' title='bbox 2721 5005 2977 5075; x_wconf 71' lang='lat' dir='ltr'><strong>prmsenti</strong></span> <span class='ocrx_word' id='word_1_760' title='bbox 3003 5013 3182 5059; x_wconf 88' lang='lat' dir='ltr'><strong>autem</strong></span> <span class='ocrx_word' id='word_1_761' title='bbox 3223 5003 3290 5057; x_wconf 90' lang='lat' dir='ltr'><strong>de</strong></span> <span class='ocrx_word' id='word_1_762' title='bbox 3327 5003 3517 5057; x_wconf 86' lang='lat' dir='ltr'><strong>diaco-</strong></span> 
     </span>
    </p>
   </div>
   <div class='ocr_carea' id='block_1_111' title="bbox 1938 5095 3513 5166">
    <p class='ocr_par' dir='ltr' id='par_1_111' title="bbox 1938 5095 3513 5166">
     <span class='ocr_line' id='line_1_111' title="bbox 1938 5095 3513 5166; baseline -0.001 -16"><span class='ocrx_word' id='word_1_763' title='bbox 1938 5096 2023 5151; x_wconf 90' lang='lat' dir='ltr'><strong>nis</strong></span> <span class='ocrx_word' id='word_1_764' title='bbox 2053 5113 2066 5148; x_wconf 91' lang='lat'><strong>:</strong></span> <span class='ocrx_word' id='word_1_765' title='bbox 2100 5113 2224 5151; x_wconf 89' lang='lat' dir='ltr'><strong>nam</strong></span> <span class='ocrx_word' id='word_1_766' title='bbox 2266 5108 2321 5153; x_wconf 92' lang='lat' dir='ltr'><strong>et</strong></span> <span class='ocrx_word' id='word_1_767' title='bbox 2366 5098 2402 5152; x_wconf 91' lang='lat' dir='ltr'><strong>ii</strong></span> <span class='ocrx_word' id='word_1_768' title='bbox 2451 5097 2692 5154; x_wconf 81' lang='lat' dir='ltr'><strong>confessi</strong></span> <span class='ocrx_word' id='word_1_769' title='bbox 2738 5113 2767 5152; x_wconf 92' lang='lat' dir='ltr'><strong>a</strong></span> <span class='ocrx_word' id='word_1_770' title='bbox 2808 5097 3024 5152; x_wconf 75' lang='lat' dir='ltr'><strong>diaconi</strong></span> <span class='ocrx_word' id='word_1_771' title='bbox 3061 5097 3328 5166; x_wconf 80' lang='lat' dir='ltr'><strong>dignitate</strong></span> <span class='ocrx_word' id='word_1_772' title='bbox 3365 5095 3513 5149; x_wconf 77' lang='lat' dir='ltr'><strong>exci-</strong></span> 
     </span>
    </p>
   </div>
   <div class='ocr_carea' id='block_1_112' title="bbox 1936 5186 3510 5256">
    <p class='ocr_par' dir='ltr' id='par_1_112' title="bbox 1936 5186 3510 5256">
     <span class='ocr_line' id='line_1_112' title="bbox 1936 5186 3510 5256; baseline -0.001 -16"><span class='ocrx_word' id='word_1_773' title='bbox 1936 5187 2115 5244; x_wconf 89' lang='lat' dir='ltr'><strong>dent:</strong></span> <span class='ocrx_word' id='word_1_774' title='bbox 2171 5188 2224 5242; x_wconf 91' lang='lat' dir='ltr'><strong>in</strong></span> <span class='ocrx_word' id='word_1_775' title='bbox 2292 5188 2530 5244; x_wconf 89' lang='lat' dir='ltr'><strong>ministri</strong></span> <span class='ocrx_word' id='word_1_776' title='bbox 2562 5199 2742 5244; x_wconf 89' lang='lat' dir='ltr'><strong>autem</strong></span> <span class='ocrx_word' id='word_1_777' title='bbox 2808 5187 3053 5242; x_wconf 89' lang='lat' dir='ltr'><strong>ordinem</strong></span> <span class='ocrx_word' id='word_1_778' title='bbox 3114 5186 3510 5256; x_wconf 81' lang='lat' dir='ltr'><strong>deprimentur,</strong></span> 
     </span>
    </p>
   </div>
   <div class='ocr_carea' id='block_1_113' title="bbox 1939 5277 3510 5351">
    <p class='ocr_par' dir='ltr' id='par_1_113' title="bbox 1939 5277 3510 5351">
     <span class='ocr_line' id='line_1_113' title="bbox 1939 5277 3510 5351; baseline 0 -18"><span class='ocrx_word' id='word_1_779' title='bbox 1939 5280 2304 5351; x_wconf 84' lang='lat' dir='ltr'><strong>hypodiaconi</strong></span> <span class='ocrx_word' id='word_1_780' title='bbox 2356 5279 2585 5343; x_wconf 88' lang='lat' dir='ltr'><strong>scilicet,</strong></span> <span class='ocrx_word' id='word_1_781' title='bbox 2653 5280 2745 5350; x_wconf 88' lang='lat' dir='ltr'><strong>qtti</strong></span> <span class='ocrx_word' id='word_1_782' title='bbox 2793 5295 2900 5334; x_wconf 89' lang='lat' dir='ltr'><strong>non</strong></span> <span class='ocrx_word' id='word_1_783' title='bbox 2951 5288 3032 5332; x_wconf 90' lang='lat' dir='ltr'><strong>est</strong></span> <span class='ocrx_word' id='word_1_784' title='bbox 3065 5277 3379 5344; x_wconf 76' lang='lat' dir='ltr'><strong>ordinatus,</strong></span> <span class='ocrx_word' id='word_1_785' title='bbox 3423 5277 3510 5333; x_wconf 83' lang='lat' dir='ltr'><strong>vel</strong></span> 
     </span>
    </p>
   </div>
   <div class='ocr_carea' id='block_1_114' title="bbox 1935 5369 2180 5423">
    <p class='ocr_par' dir='ltr' id='par_1_114' title="bbox 1935 5369 2180 5423">
     <span class='ocr_line' id='line_1_114' title="bbox 1935 5369 2180 5423; baseline -0.004 0"><span class='ocrx_word' id='word_1_786' title='bbox 1935 5369 2180 5423; x_wconf 89' lang='lat' dir='ltr'><strong>lectoris.</strong></span> 
     </span>
    </p>
   </div>
   <div class='ocr_carea' id='block_1_115' title="bbox 2006 5458 3508 5527">
    <p class='ocr_par' dir='ltr' id='par_1_115' title="bbox 2006 5458 3508 5527">
     <span class='ocr_line' id='line_1_115' title="bbox 2006 5458 3508 5527; baseline 0.001 -15"><span class='ocrx_word' id='word_1_787' title='bbox 2006 5459 2260 5514; x_wconf 80' lang='lat' dir='ltr'><strong>&#39;LONAR.</strong></span> <span class='ocrx_word' id='word_1_788' title='bbox 2325 5459 2549 5516; x_wconf 79' lang='lat' dir='ltr'><strong>Excidet</strong></span> <span class='ocrx_word' id='word_1_789' title='bbox 2582 5460 2728 5516; x_wconf 89' lang='lat' dir='ltr'><strong>enim</strong></span> <span class='ocrx_word' id='word_1_790' title='bbox 2772 5475 2800 5513; x_wconf 88' lang='lat' dir='ltr'><strong>a</strong></span> <span class='ocrx_word' id='word_1_791' title='bbox 2829 5458 3147 5527; x_wconf 87' lang='lat' dir='ltr'><strong>diaconatu,</strong></span> <span class='ocrx_word' id='word_1_792' title='bbox 3191 5469 3246 5516; x_wconf 89' lang='lat' dir='ltr'><strong>et</strong></span> <span class='ocrx_word' id='word_1_793' title='bbox 3287 5461 3342 5516; x_wconf 91' lang='lat' dir='ltr'><strong>in</strong></span> <span class='ocrx_word' id='word_1_794' title='bbox 3403 5461 3508 5515; x_wconf 84' lang='lat' dir='ltr'><strong>mi-</strong></span> 
     </span>
    </p>
   </div>
   <div class='ocr_carea' id='block_1_116' title="bbox 1933 5551 3506 5626">
    <p class='ocr_par' dir='ltr' id='par_1_116' title="bbox 1933 5551 3506 5626">
     <span class='ocr_line' id='line_1_116' title="bbox 1933 5551 3506 5626; baseline 0.002 -19"><span class='ocrx_word' id='word_1_795' title='bbox 1933 5552 2092 5607; x_wconf 90' lang='lat' dir='ltr'><strong>nistri</strong></span> <span class='ocrx_word' id='word_1_796' title='bbox 2154 5552 2334 5609; x_wconf 89' lang='lat' dir='ltr'><strong>locum</strong></span> <span class='ocrx_word' id='word_1_797' title='bbox 2411 5554 2718 5626; x_wconf 84' lang='lat' dir='ltr'><strong>dejicietur.</strong></span> <span class='ocrx_word' id='word_1_798' title='bbox 2800 5551 3037 5609; x_wconf 81' lang='lat' dir='ltr'><strong>Ministri</strong></span> <span class='ocrx_word' id='word_1_799' title='bbox 3110 5567 3347 5625; x_wconf 83' lang='lat' dir='ltr'><strong>namque</strong></span> <span class='ocrx_word' id='word_1_800' title='bbox 3396 5569 3506 5611; x_wconf 89' lang='lat' dir='ltr'><strong>non</strong></span> 
     </span>
    </p>
   </div>
   <div class='ocr_carea' id='block_1_117' title="bbox 1931 5643 2186 5701">
    <p class='ocr_par' dir='ltr' id='par_1_117' title="bbox 1931 5643 2186 5701">
     <span class='ocr_line' id='line_1_117' title="bbox 1931 5643 2186 5701; baseline 0.004 -1"><span class='ocrx_word' id='word_1_801' title='bbox 1931 5643 2186 5701; x_wconf 72' lang='lat' dir='ltr'><strong>offerunt.</strong></span> 
     </span>
    </p>
   </div>
  </div>
