4014 6224
302 347 436 411 i929

1261 346 1343 404 IN
1385 343 1552 405 CAN.
1595 344 1725 403 XlV
1753 341 1959 404 conc.
2003 342 2443 404 NEOCzESAR.

3395 343 3533 404 1‘23)

299 465 696 536 προσκομίζειν
734 465 827 518 ἐπὶ
863 464 1200 534 λειτουργίᾳ,
1225 460 1349 515 οὔτε
1387 461 1552 529 ἄρτον
1609 460 1640 528 ἢ
1695 463 1857 527 ποτή-

1965 457 2192 524 ofl‘erre,
2259 474 2322 512 eo
2386 461 2489 513 fine
2549 459 2820 524 videlicet,
2879 468 2936 512 ut
2975 460 3164 513 'sac'tis
3220 468 3540 527 operentur,

298 574 412 625 ριον
447 556 644 608 διδόναι
697 557 754 607 ὲν
815 559 969 625 εὐχῇ,
1024 556 1302 608 τουτέστιν
1347 553 1469 605 οὐδὲ
1521 551 1630 604 τῶν
1689 552 1862 618 ἁγίων

294 648 484 717 δώρων
515 648 928 711 ἕξεστιν,αύτοῖς
976 646 1312 716 μεταδιδόναι
1349 643 1427 714 τῷ
1476 642 1588 714 λαῷ
1615 644 1672 695 ὲν
1703 643 1859 712 εὐχῇ,

296 739 414 808 ἦτοι
451 740 507 790 ἐν
543 739 854 810 ἱερουργίας
884 739 1080 810 καιρῷ.
1149 741 1211 792 Οἱ
1269 738 1380 807 γὰρ
1429 737 1760 807 προσφέρειν
1799 735 1860 788 ού

295 830 585 898 δυνὰμενοι
615 831 735 883 οὐδὲ
762 833 829 883 τὰ
851 832 985 886 ἄλλα
1010 832 1076 884 τὰ
1119 835 1230 892 τοῖς
1264 829 1670 901 προσφέρουσιν
1725 829 1862 898 ἀνήι-

297 936 458 972 κοντα
505 921 827 990 πράξουσιν.
875 923 998 974 Ἐὰν
1055 923 1110 974 δὲ
1170 923 1384 974 ἀπῶσιν
1429 924 1456 974 ό
1499 921 1595 989 τῆς
1649 920 1860 982 πόλεως

296 1014 594 1075 ἐπίσκοπος
627 1015 720 1065 καὶ
760 1015 808 1066 οἱ
835 1017 891 1067 ἐν
923 1015 1060 1084 αὐτῇ
1110 1015 1295 1084 ἱεριεῖς,
1329 1015 1424 1066 καὶ
1452 1013 1625 1082 κληθῇ
1659 1031 1731 1082 χιι
1747 1011 1860 1080 ρίου

296 1104 327 1172 ἢ
364 1104 558 1175 κώμης
595 1107 773 1178 ἱερεὺς
805 1109 882 1169 εἰς
915 1107 1103 1176 εὐχὴν,
1125 1107 1247 1158 τότε
1281 1108 1372 1158 καὶ
1400 1104 1508 1157 τῶν
1573 1101 1859 1172 ἁγιασμά-

294 1213 402 1247 των
452 1199 830 1266 μεταδίδωσιν.

1967 551 2243 621 quidpiam
2298 552 2526 617 afferre,
2578 567 2754 621 neque
2805 567 2995 622 panem
3061 564 3155 605 aut
3204 553 3428 606 calicem
3484 552 3538 604 in

1966 645 2280 710 precatione
2332 644 2566 709 tradere,
2605 643 2711 699 hoc
2737 655 2840 710 est,
2878 645 3072 714 pepulo
3101 656 3284 699 sancta
3315 660 3542 701 munera

1967 733 2020 784 in
2081 733 2428 801 precatione,
2521 735 2725 788 interea
2780 736 2992 789 scilicet
3037 733 3165 786 dum
3220 748 3372 787 sacra
3418 750 3543 803 pcr-

1968 833 2225 892 aguntur,
2259 823 2527 891 imprrtiri
2558 837 2878 877 concessum
2913 833 3018 879 est.
3072 821 3283 888 Quibus
3311 839 3546 891 namque

1971 916 2154 983 aliquo
2203 917 2254 967 in
2310 917 2426 968 loco
2475 915 2734 970 offereudi
2787 917 3017 970 facultas
3048 931 3155 968 non
3191 924 3292 979 est,
3347 923 3542 968 ea-tera

1971 1023 2190 1076 quoque
2216 1005 2558 1061 offerentium
2604 1009 2822 1077 propria
2863 1023 3090 1062 munera
3126 1008 3230 1060 illis
3263 1006 3456 1061 eodem
3491 1009 3546 1059 in

1970 1099 2088 1153 loco
2120 1099 2271 1152 obire
2300 1115 2643 1168 nequaquam
2672 1101 2873 1155 licebit.
2924 1100 3258 1156 Ahsentibus
3283 1114 3410 1152 vero
3433 1109 3543 1152 tum

1970 1194 2183 1246 urbano
2212 1196 2472 1264 episrmpo
2511 1202 2628 1246 tum
2665 1194 2913 1262 ejusdem
2947 1195 3103 1248 urbis
3138 1192 3544 1254 sacerdotibus,

297 1293 343 1344 si
397 1308 461 1345 ex
494 1286 642 1344 'vit-o
688 1306 781 1344 aut
823 1291 1021 1362 oppido
1066 1293 1130 1346 ad
1182 1294 1546 1360 procationem
1585 1287 1866 1357 presbyter
1905 1286 2240 1351 adrocetnr;
2271 1290 2318 1340 ei
2358 1296 2489 1341 tunc
2525 1290 2785 1356 temporis
2813 1305 2966 1341 sacra
3033 1305 3251 1357 quoque
3319 1303 3546 1342 innuera

299 1385 564 1455 impertiri
600 1385 762 1439 licere
787 1384 1066 1440 decretum
1097 1395 1201 1438 est.

894 1524 1130 1576 KANQN
1181 1526 1274 1576 IA’.
1335 1573 1339 1582 .

303 1655 320 1687 ι
358 1637 422 1688 L‘i
459 1637 513 1688 δὲ
544 1638 950 1707 χωρεπίσκοποι
978 1636 1085 1687 εἰσὶ
1121 1637 1218 1701 μὲν
1244 1637 1322 1697 είς
1373 1636 1542 1686 τύπον
1574 1633 1680 1712 τῶν
1711 1634 1853 1687 €660-

376 1749 393 1780 ι
439 1729 712 1799 μήκονταο
743 1728 817 1787 ὡς
860 1728 914 1778 δὲ
947 1715 1373 1795 συλλειτουργοὶ,
1429 1727 1517 1778 διὰ
1559 1727 1655 1794 τὴν
1701 1743 1865 1776 σπου-

377 1843 392 1874 ι
430 1824 523 1892 δην
554 1822 653 1890 τὴν
684 1821 763 1882 εἰς
789 1821 914 1881 τοὺς
968 1821 1241 1888 πτωχοὺς,
1273 1820 1647 1888 προσᾳέρουσι
1683 1817 1853 1886 τιμά).

372 1938 386 1966 ι
431 1933 600 1986 μενοι.
656 1933 672 1964 )

364 2031 557 2082 ΒΛΛΣ.
609 2031 700 2092 Εἰς
755 2028 922 2080 τύπον
993 2028 1101 2078 τῶν
1170 2025 1429 2095 μαθητῶν
1475 2024 1568 2075 τοῦ
1630 2023 1858 2084 Κυρίου,

295 2123 399 2175 τῶν
429 2121 637 2174 δώδεκα
672 2122 871 2190 δηλαδὴ
919 2120 1252 2179 ἀποστόλων,
1297 2116 1405 2168 τῶν
1449 2118 1544 2167 καὶ
1583 2114 1860 2166 λαϐόντων

293 2210 392 2279 τὴν
423 2213 583 2279 χάριν
631 2209 724 2262 τοῦ
759 2211 911 2277 ἁγίου
949 2209 1286 2276 ΙΙνεύματος,
1316 2205 1456 2258 ὥστε
1492 2207 1715 2272 δεσμεῖν
1763 2203 1859 2256 καὶ

295 2300 465 2360 λύειν,
499 2299 915 2369 προεϐλήθησαν
946 2301 995 2350 οἱ
1027 2300 1267 2366 ἑκάστης
1297 2297 1478 2366 χώρας
1541 2295 1858 2347 ἐπίσκοποι.

309 2383 463 2446 Ἐπεὶ⁵
497 2394 551 2445 δὲ
585 2395 724 2445 κατὰ
765 2394 854 2444 τὸν
882 2394 1076 2462 καιρόν
1110 2391 1204 2442 τοῦ
1265 2387 1647 2459 σωτηριιὶιδους
1689 2384 1862 2454 κηρύ-

293 2503 500 2555 γματος
546 2487 618 2555 μὴ
648 2484 1018 2555 ἐξαρκούντων
1053 2484 1159 2534 τῶν
1187 2481 1392 2534 δώδεκα
1439 2479 1752 2532 ἀποστόλων
1784 2478 1861 2540 εἷς

295 2580 473 2646 τετὴν
503 2577 854 2629 διδασκαλίαν
911 2577 1004 2630 τοῦ
1051 2573 1412 2642 Εύαγγελίου,
1481 2572 1572 2623 καὶ
1635 2573 1713 2631 εἰς
1763 2570 1859 2630 τὰς

295 2670 798 2733 λοιπὰςιδιακονίας
829 2688 935 2722 των
973 2667 1425 2738 προσερχομένων
1446 2665 1522 2732 τῷ
1546 2664 1685 2733 Θεῷ,
1718 2678 1860 2732 παρ-

295 2765 606 2835 ελήφθησαν
653 2763 745 2814 καὶ
780 2763 830 2814 οἱ
896 2761 1268 2831 ἐϐδομήκοντα
1299 2758 1489 2828 ἄνδρες
1521 2757 1712 2815 οἵτινες
1741 2756 1859 2807 δια-

295 2859 520 2924 κονηταὶ
571 2855 669 2924 μὲν
731 2855 978 2920 ἐλέγοντο
1029 2853 1122 2905 καὶ
1175 2851 1413 2920 μαθηταὶ
1467 2847 1560 2900 τοῦ
1617 2847 1856 2917 Κυρίου,

294 2951 538 3014 ἐξουσίαν
562 2951 616 3002 δὲ
655 2951 756 3000 οὐκ
807 2944 952 3018 εἶχον
1001 2945 1218 3008 ἀφιέναι
1263 2943 1560 3012 ἁμαρτίας,
1593 2940 1686 3001 ὡς
1725 2937 1859 3007 μηδὲ

293 3045 544 3105 λαϐόντες
565 3049 661 3113 τὴν
690 3043 848 3112 χάριν
877 3040 969 3093 τοῦ
1015 3038 1330 3108 Πνεύματος
1358 3053 1371 3066 ο
1408 3035 1554 3098 ἔδοξε
1579 3035 1691 3094 τοῖς
1748 3032 1860 3084 [la-

292 3139 456 3209 τράσι
482 3141 560 3200 εἰς
595 3135 766 3188 τύπον
795 3136 902 3186 τῶν
934 3132 1195 3185 τοιούτων
1242 3130 1620 3197 ὲὸδομήκοντα
1675 3126 1855 3196 μαθη-

292 3231 400 3282 τῶν
431 3228 881 3300 χωρεπισκόπους
905 3225 1058 3296 παρᾶ
1084 3225 1194 3276 τῶν
1245 3222 1565 3274 ἐπισκόπων
1619 3219 1856 3288 προϐἀλ-
1885 3239 1927 3295 C

292 3321 480 3376 Σ“.εσθαι
512 3323 594 3392 ἐφ’
640 3317 683 3389 ᾧ
714 3322 805 3373 ὃιά
835 3320 1038 3373 τούτων
1065 3316 1311 3385 γίνεσθαι
1342 3315 1534 3384 τὴνεὶς
1560 3314 1687 3374 τοὺς
1720 3330 1861 3364 πτω-

291 3417 418 3484 χοὺς
450 3415 712 3476 διανομὴν
756 3411 849 3464 καὶ
878 3411 1124 3479 δαπάνην
1176 3410 1286 3461 τῶν
1316 3407 1612 3479 Κυριακῶν
1641 3407 1858 3477 χρημά-

291 3526 401 3560 των
431 3509 524 3558 καὶ
567 3504 860 3572 πτωχικῶν
893 3503 1226 3570 λεγομένων.
1264 3503 1354 3571 Τῷ
1376 3520 1459 3554 τοι
1485 3502 1607 3553 οὐδὲ
1637 3501 1858 3555 δύναται

296 3597 702 3666 πρεσϐυτέρους
753 3595 785 3662 ἦ
841 3593 1118 3655 διακόνους
1173 3595 1534 3661 χειροτονεῖν·
1577 3592 1692 3645 ἀλλ’
1739 3592 1858 3644 οὐδὲ

293 3686 513 3754 ἀφιέναι
546 3684 840 3753 ἁμαρτίας,
880 3680 1068 3750 ὥσπερ
1099 3681 1218 3734 οὐδὲ
1255 3683 1304 3734 οἱ
1344 3681 1717 3750 ἑϐδομήκοντα
1751 3697 1856 3748 μα-

295 3775 475 3846 Οηταί.
514 3775 637 3828 Ὀτι
671 3775 726 3825 δὲ
767 3770 942 3843 χρεὼν
969 3767 1036 3841 ἦν
1068 3771 1291 3832 τούτους
1332 3772 1594 3838 τιμᾶσθαι
1623 3771 1709 3824 διὰ
1734 3774 1858 3833 τοὺς

293 3869 495 3931 κόπους
526 3866 724 3926 αὐτῶν,
779 3864 985 3934 ὥρισαν
1056 3863 1378 3932 οἱῐΙατέρες
1439 3863 1603 3932 μηδὲν
1667 3863 1857 3933 ἕτερον

292 3964 512 4020 τούτους
557 3961 753 4017 ποιεῖν,
786 3956 900 4008 ἀλλ’
959 3956 990 4024 ἣ
1047 3955 1121 4017 ὡς
1187 3954 1636 4023 συλλειτουργοὺς
1697 3955 1857 4024 μόνον

292 4055 619 4123 ἱερουργεῖν.
665 4052 752 4100 Ἑν
787 4049 840 4100 δὲ
867 4047 941 4115 τῷ
978 4048 1190 4116 δεκάτῳ
1231 4047 1418 4098 κανόνι.
1471 4047 1568 4115 τῆς
1607 4048 1664 4098 ὲν
1735 4048 1852 4098 Ἀν-

291 4144 499 4213 τιοχείᾳ
544 4141 760 4193 συνόδου
802 4141 1206 4202 κεκανόνισται,
1240 4136 1366 4196 τοὺς
1406 4137 1858 4206 χωρεπισκόπους

293 4239 468 4288 ποιεῖν
493 4219 843 4298 ἀναγνώστας
861 4230 952 4282 καὶ
988 4227 1373 4290 ὑποδιακόνους
1395 4230 1487 4279 καὶ
1515 4226 1854 4299 ὲξορκιστάς.

292 4328 607 4397 Σημείωσαι
645 4321 737 4376 οὖν
774 4327 866 4374 καὶ
901 4320 1007 4372 ἀπὸ
1055 4319 1150 4370 τοῦ
1199 4319 1466 4388 παρόντος
1495 4320 1739 4383 κανόνος,
1775 4320 1857 4371 ὅτι

291 4423 387 4474 καὶ
417 4421 465 4472 οἱ
497 4422 661 4490 ἱερεῖς
695 4419 754 4468 ού
787 4416 1039 4468 δύνανται
1091 4411 1348 4482 δέχεσθαι
1407 4412 1704 4481 λογισμοὺς
1763 4415 1856 4464 καὶ

296 4514 512 4579 ἀφιέναι
547 4507 844 4577 ἁμαρτίας,
878 4505 926 4556 εξ
973 4504 1048 4572 μὴ
1103 4501 1464 4572 ἐκχωρηϐὦσι
1499 4503 1670 4554 ταῦτα
1707 4503 1856 4571 παρὰ

2505 1515 2818 1571 (ΣΑΝΟΝ
2877 1517 3012 1568 XIV.

1977 1649 1994 1680 ι
2025 1631 2411 1703 Cliorepiscopi
2434 1644 2611 1688 autem
2633 1644 2758 1687 sunt
2777 1634 2991 1701 quidem
3015 1630 3313 1682 imitatione
3330 1638 3546 1696 septua-

2051 1745 2068 1774 ‹
2108 1726 2275 1793 ginta.
2341 1725 2600 1780 Utaulem
2651 1724 3034 1781 comministri,
3066 1722 3543 1791 propterstudium

2048 1836 2065 1866 ι
2110 1817 2162 1870 in
2202 1835 2490 1886 pauperes,
2528 1817 2760 1871 offerunt
2795 1817 3064 1868 honorati.
3093 1834 3108 1857 ι

2038 2019 2230 2073 BALS.
2287 2021 2343 2073 Ιιι
2375 2022 2548 2074 locum
2572 2021 2966 2090 discipulorum
2995 2020 3542 2081 Doniini.'duodecim

1965 2111 2175 2165 scilicet
2224 2115 2635 2180 apostolorum,
2690 2115 2783 2183 qui
2841 2115 3003 2168 etiam
3066 2113 3308 2180 Spiritus
3367 2114 3540 2168 sancti

1963 2202 2191 2268 gratiam
2230 2213 2581 2269 acceperunt,
2637 2213 2692 2256 ιιι
2723 2205 2955 2274 ligarent
2986 2215 3039 2259 et
3072 2208 3368 2267 solverent,
3421 2221 3544 2274 pro-

1967 2293 2096 2344 moti
2133 2306 2257 2346 sunt
2291 2295 2728 2364 uniuscujusque
2781 2298 3018 2367 regionis
3051 2297 3312 2367 episcopi.
3405 2298 3543 2363 Quia

1965 2393 2145 2437 autem
2195 2387 2452 2440 salutaris
2498 2390 2900 2456 pradieationis
2952 2398 3197 2458 tempore
3237 2406 3340 2444 non
3381 2388 3544 2446 ’διιπί-

1963 2477 2178 2529 ciebant
2235 2477 2303 2530 12
2376 2481 2606 2548 apostoli
2654 2483 2720 2534 ad
2773 2481 3076 2535 doctrinam
3139 2483 3436 2553 Evangelii,
3486 2494 3542 2540 ct

1967 2567 2172 2635 teliqua
2193 2569 2494 2624 ministeria
2524 2587 2734 2632 eorum,
2773 2573 2860 2642 qui
2887 2573 2952 2626 ad
2983 2572 3148 2628 Deum
3169 2576 3501 2630 accedebant
3521 2617 3537 2635 .

1963 2663 2226 2730 assunipti
2271 2673 2401 2716 sunt
2431 2665 2594 2718 etiam
2629 2668 2968 2735 septuaginta
3002 2669 3125 2733 viri,
3161 2670 3252 2736 qui
3285 2670 3542 2723 diceban-

1965 2767 2054 2808 tur
2100 2755 2317 2823 quidem
2353 2757 2588 2811 ministri
2621 2769 2675 2812 et
2706 2758 2958 2828 discipuli
3006 2760 3248 2825 Domini,
3298 2778 3403 2816 non
3441 2764 3540 2815 lia-

1963 2845 2163 2899 bebant
2217 2855 2400 2900 autem
2450 2841 2764 2903 facultatem
2818 2852 3124 2907 dimittendi
3186 2863 3430 2922 peccata,
3482 2863 3540 2908 ιιι

1962 2939 2052 3006 qui
2083 2955 2258 3008 neque
2293 2940 2532 3008 Spiritus
2565 2943 2792 3012 gratiam
2824 2945 3194 3013 accepissent:
3249 2947 3421 3000 visum
3452 2955 3539 3000 est

1963 3028 2234 3092 Patr-ibus,
2286 3032 2350 3082 ad
2399 3034 2705 3100 exemplum
2755 3049 2942 3087 eorutn
2993 3037 3333 3106 septuaginta
3370 3039 3539 3093 disci-

1962 3123 2234 3192 pulorum,
2287 3125 2712 3194 ehorepiscopos
2767 3127 2833 3180 ab
2882 3129 3152 3197 episcopis
3187 3133 3532 3199 promoveri:

1963 3227 2020 3267 ιιι
2051 3231 2146 3284 per
2173 3232 2266 3270 eos
2297 3217 2448 3271 fieret
2482 3221 2810 3287 pauperibus
2860 3221 3173 3275 distributio
3214 3235 3265 3278 et
3295 3240 3536 3293 expensa

1963 3309 2366 3362 Dominicarmn
2426 3312 2803 3381 pecuniarum,
2871 3321 2924 3365 et
2974 3330 3164 3368 comm
3225 3333 3346 3383 qua:
3396 3335 3537 3371 πτω-

1958 3403 2108 3474 χικὰ,
2148 3420 2241 3458 seu
2274 3420 2573 3472 pauperum
2611 3407 2772 3466 bona.
2807 3406 3083 3461 dit-untur.
3170 3410 3534 3474 Quamobrem

1961 3509 2060 3547 nec
2097 3505 2326 3561 possunt
2357 3496 2572 3564 quidem
2601 3498 2950 3567 presbyteros
2979 3501 3058 3554 rel
3096 3501 3356 3556 diaconos
3382 3504 3534 3558 ordi-

1961 3603 2128 3653 nare;
2180 3589 2273 3642 sed
2313 3604 2411 3642 nec
2463 3599 2686 3659 peccata
2722 3590 3022 3656 dimittere,
3073 3598 3530 3664 quemadmodum

1961 3694 2058 3731 nec
2109 3681 2450 3748 septuaginta
2505 3681 2784 3750 discipuli.
2894 3685 3030 3748 Quia
3086 3695 3265 3741 autem
3316 3705 3531 3758 aaquum

1958 3780 2097 3834 erat,
2129 3784 2183 3825 ut
2211 3773 2244 3824 ii
2276 3781 2495 3842 propter
2524 3790 2653 3828 suos
2687 3775 2900 3830 labores
2939 3777 3365 3844 ltonorarentur,
3415 3792 3532 3838 sta-

1961 3872 2182 3916 tuerunt
2233 3864 2418 3918 Patres
2465 3875 2524 3916 ut
2559 3866 2590 3917 ii
2629 3867 2761 3919 nihil
2791 3869 2935 3922 aliud
2970 3869 3235 3935 facerent,
3274 3890 3435 3942 quam
3473 3890 3533 3930 ut

1960 3967 2215 4023 tanquam
2253 3958 2615 4011 con'ituinistri
2649 3974 2804 4013 sacra
2841 3963 3019 4016 solum
3048 3965 3406 4021 celebrarent.
3471 3968 3530 4024 In

1959 4050 2168 4100 decimo
2195 4060 2372 4102 autem
2417 4061 2625 4105 canone
2676 4055 2868 4122 synodi
2920 4055 3273 4110 Antiocltena:
3307 4068 3527 4114 cautum

1957 4150 2060 4204 est,
2099 4152 2158 4192 ut
2188 4143 2564 4213 cborepiscopi
2599 4146 2802 4200 faciant
2826 4148 3059 4203 lectores
3082 4160 3132 4203 et
3162 4151 3530 4208 subdiaconus

1957 4243 2010 4287 et
2045 4236 2367 4290 exorcistas.
2429 4236 2568 4291 Nota
2591 4254 2720 4308 ergo
2748 4251 2800 4294 et
2825 4256 2888 4293 ex
2915 4241 3014 4293 ltoc
3041 4245 3292 4308 praesenti
3320 4259 3530 4299 canone

1957 4327 2100 4394 quod
2160 4328 2320 4380 etiam
2375 4331 2688 4384 sacerdotes
2746 4347 2852 4384 non
2901 4341 3131 4401 possunt
3179 4345 3525 4403 peccatorum

1957 4419 2335 4472 confessiones
2370 4421 2640 4488 ert-ipere,
2698 4429 2751 4476 et
2781 4437 2997 4492 peccata
3051 4426 3365 4492 remittere,
3422 4430 3527 4483 nisi

1957 4523 2021 4562 ea
2052 4511 2120 4561 ab
2152 4510 2408 4578 cpisc-Opo
2442 4511 2549 4564 illis
2583 4527 2844 4566 concessa
2886 4513 3123 4568 fuerint:
3180 4520 3528 4588 quandoqui-

294 4605 387 4656 τοῦ
421 4600 754 4653 ἐπισκόπου⁸
796 4600 919 4650 ἐπεὶ
970 4595 1089 4648 οὐδὲ
1151 4597 1198 4646 οἱ
1252 4598 1663 4666 χωρεπίσκοποι
1699 4600 1856 4647 τουτο

1961 4601 2078 4654 dem
2130 4617 2230 4655 nec
2285 4603 2384 4656 hoc
2440 4613 2670 4671 possunt
2724 4607 3134 4676 t-liorepiscopi;
3196 4615 3288 4678 qui
3347 4620 3523 4665 tamen

292 4696 566 4756 δύνανται,
611 4692 830 4742 πλείονα
877 4689 1176 4740 καὶταῦτα
1208 4691 1482 4758 προνόμια
1536 4687 1684 4756 παρά
1730 4689 1854 4750 τοὺς

295 4789 458 4855 ἱερεῖς
494 4785 727 4854 ἔχοντες.
755 4783 878 4833 Ὅτι
907 4781 963 4832 δὲ
1003 4782 1054 4832 οἱ
1084 4780 1457 4849 ὲὸδομήκοντα
1489 4781 1730 4848 μαθηταὶ
1759 4778 1853 4830 τοῦ

297 4885 496 4950 Κυρίου
531 4881 630 4930 οὐκ
661 4875 806 4946 εἶχον
834 4876 1080 4940 ἐξουσίαν
1114 4876 1334 4944 ἀφιέναι
1375 4875 1670 4944 ἁμαρτίας,
1694 4873 1850 4942 δῆλόν

293 4978 438 5027 ἐστιν
469 4975 530 5023 ἐκ
560 4971 659 5038 τῆς
697 4969 877 5039 βίϐλου
914 4967 1022 5020 τῶν
1064 4967 1439 5020 ἀποστολικῶν
1473 4968 1730 5036 ΙΙράξεων
1751 4983 1766 4997 ο
1796 4967 1854 5018 ὲν

291 5064 323 5141 ᾖ
354 5066 630 5134 ἱστόρηται
656 5065 682 5114 ὀ
714 5061 1004 5123 Φίλιππος,
1053 5063 1079 5112 ό
1127 5061 1237 5112 τῶν
1271 5060 1412 5112 ἑπτὰ
1451 5059 1716 5111 διακόνων
1769 5052 1849 5120 εἷς

289 5157 529 5217 καταϐὰς
579 5155 659 5212 εἰς
715 5152 1052 5222 Σαμάρειαν,
1092 5151 1188 5204 καὶ
1238 5150 1507 5220 βαπτίσας
1575 5149 1801 5211 πολλούς
1833 5167 1848 5182 ο

287 5251 372 5319 ἐφ’
403 5247 494 5309 οὒς
525 5247 928 5300 ἀπεστάλκασιν
956 5246 1005 5296 οἱ
1037 5243 1325 5296 ἀπόστολοι
1366 5244 1571 5312 Πέτρον
1608 5243 1702 5294 καὶ
1738 5241 1850 5295 Ἰω-

287 5346 475 5412 άννην,
531 5339 727 5400 οἵτινες
765 5336 1095 5399 ἀπελθόντες
1151 5335 1440 5388 ὲπετίθουν
1503 5335 1600 5398 τὰς
1657 5337 1846 5404 χεῖρας

281 5442 396 5500 τοῖς
427 5432 791 5506 βαπτισθεῖσι,
838 5429 932 5484 καὶ
958 5429 1264 5499 ἐλάμϐανον
1293 5430 1514 5499 Πνεῦμα
1541 5431 1713 5497 ἅγιον.
1747 5429 1851 5483 0'3—

284 5547 370 5582 πω
396 5531 502 5597 γὰρ
536 5523 600 5598 ἦν
635 5526 719 5577 ἐπ’
745 5524 924 5576 οὐδενὶ
953 5523 1134 5576 αὐτῶν
1164 5525 1567 5586 ἐπιπεπτωκός.

356 5619 600 5675 ΖΩΝΑΡ.
642 5620 705 5671 Οἱ
759 5619 857 5686 μὲν
909 5616 1197 5669 ἐπίσκοποι
1245 5619 1324 5678 εἰς
1378 5616 1550 5668 τύπον
1613 5617 1721 5668 τῶν
1782 5615 1852 5686 ιβ’

284 5712 595 5767 ἀποστόλων
657 5712 818 5775 εἰσιν,
866 5704 948 5770 οἷς
987 5708 1312 5780 ὲμφυσήσας
1343 5709 1370 5760 ὁ
1404 5706 1605 5777 Κύριος
1653 5709 1844 5778 ἔφησε,

287 5805 502 5860 Λάϐετε
568 5805 807 5872 Πνεῦμα
869 5803 1080 5871 ἅγιονο
1129 5799 1204 5852 ἄν
1254 5817 1432 5854 τινων
1498 5799 1690 5871 ἀφῆτε
1742 5803 1848 5867 τὰς

1954 4696 2103 4760 plura
2161 4693 2355 4748 habent
2410 4697 2688 4764 privilegia
2739 4713 2900 4766 quam
2951 4703 3288 4757 saCerdotes.
3367 4703 3520 4768 Quod

1953 4798 2134 4837 autem
2189 4789 2530 4853 septuaginta
2569 4788 2824 4855 discipuli
2860 4788 3070 4843 Domini
3107 4809 3214 4845 non
3251 4794 3520 4847 Ιιιιιιιιὺειιιι

1955 4876 2263 4930 facultatem
2303 4879 2608 4930 rcmittendi
2643 4888 2882 4945 peccata.
2916 4884 3126 4934 clarum
3152 4891 3234 4935 est
3282 4899 3345 4935 ex
3385 4884 3521 4934 libro

1949 4970 2206 5022 Actorum
2237 4971 2645 5038 apostolorum:
2705 4972 2758 5022 in
2791 4986 2900 5038 quo
2931 4972 3184 5025 scribitur
3214 4972 3518 5040 Philippum
3583 4955 3593 4966 ’

1957 5074 2020 5113 ex
2043 5069 2246 5129 septem
2273 5061 2517 5113 diaconis
2549 5078 2736 5124 unum,
2765 5062 3114 5116 descendisse
3148 5063 3198 5114 in
3219 5063 3518 5116 Samariam

1957 5160 2010 5203 et
2039 5153 2341 5220 liaptizasse
2375 5151 2608 5217 inultos;
2643 5153 2711 5206 ad
2742 5169 2879 5222 quos
2907 5158 3172 5209 miserunt
3199 5154 3364 5225 414
3392 5173 3545 5224 apo

1955 5243 2078 5298 stoli
2107 5243 2324 5298 Petrum
2356 5254 2408 5298 et
2436 5243 2731 5310 Joannem;
2787 5246 2878 5316 qui
2927 5246 3140 5316 quidem
3173 5263 3237 5302 eo
3270 5249 3518 5317 profecti,

1955 5335 2331 5404 imposuerunt
2385 5353 2578 5393 manus
2622 5340 2687 5391 iis
2741 5341 2828 5405 qui
2863 5338 3122 5407 baptizati
3180 5339 3414 5406 fuerant,
3465 5354 3520 5394 et

1953 5439 2282 5498 acceperunt
2335 5429 2594 5499 Spiritum
2643 5442 2915 5487 sanctum.
3003 5435 3064 5486 l’n
3109 5435 3318 5487 nullum
3371 5435 3514 5489 enim

1907 5571 1916 5581 ,
1951 5537 2139 5575 eorum
2171 5523 2345 5576 adhuc
2383 5525 2761 5579 descenderat.

2023 5611 2270 5666 ZONAR.
2337 5614 2585 5684 Episcopi
2619 5617 2833 5686 quidem
2865 5618 2917 5672 in
2968 5619 3249 5675 duodecim
3301 5633 3519 5689 aposto-

1950 5703 2122 5757 lorum
2171 5705 2343 5758 locunt
2391 5706 2599 5762 suffecti
2651 5718 2796 5774 sunt,
2845 5711 3041 5780 quibus
3090 5729 3213 5766 cum
3249 5711 3517 5766 sufﬂassct

1953 5795 2231 5863 Dominus,
2284 5800 2532 5868 Accipite,
2565 5803 2758 5872 inquit,
2789 5803 3044 5872 Spiritum
3095 5817 3358 5870 sanctum,
3388 5819 3518 5857 ano-
