4014 6224
286 286 421 350 1245

271 493 580 558 λέγοντας,
608 490 690 558 μὴ
714 490 1202 560 νοσφιζομένους,
1229 492 1388 546 ἀλλὰ
1409 493 1618 546 πίστιν
1634 495 1840 547 πᾶσαν

271 583 764 653 ἐνδεικνυμένους
799 586 1052 653 ἀγαθήν.
1099 587 1236 651 Τοὺς
1267 587 1396 656 γοῦν
1424 585 1684 638 τάναντία
1717 584 1841 638 τού-

272 695 386 740 τοις
413 679 761 739 moneam;
788 681 900 740 τοῖς
927 679 1132 741 δούλοις
1155 681 1296 746 τάχα
1323 678 1409 732 διὰ
1434 679 1686 746 ἄσκησιν,
1707 679 1840 729 ἀνα-

273 766 550 834 Θεματίζει
573 768 599 818 ὁ
631 768 826 822 κανών.
870 769 933 821 Ἠ
963 769 1144 837 μέντοι
1182 767 1266 834 Eg"
1287 769 1452 837 νεαρὰ
1469 767 1559 820 τοῦ
1580 767 1843 835 βασιλέως

271 856 458 926 κυρίου
507 859 733 921 Λέοντος
780 859 872 911 τοῦ
924 860 1215 925 φιλοσόφου
1267 858 1699 928 παρακελεύεται
1751 858 1842 911 τον

273 950 700 1020 ἀνδραποδιστὴν
744 954 816 1022 μὴ
867 954 1167 1022 κεφαλικὴν
1210 953 1478 1022 τιμωρίαν
1517 951 1843 1019 ὑφίστασθαι

271 1041 413 1093 κατὰ
444 1045 533 1093 τὸν
557 1045 784 1096 παλαιὸν
812 1046 996 1112 νόμον.
1035 1045 1166 1097 ἀλλὰ
1198 1046 1290 1097 σὺν
1315 1048 1378 1113 τῇ
1407 1044 1714 1113 ἀναστροψῇ
1747 1041 1841 1095 τοῦ

268 1130 456 1184 δούλου
505 1133 701 1187 διδόναι
756 1136 916 1204 χάριν
960 1138 1148 1204 ποινῆς
1195 1138 1272 1197 είς
1313 1136 1371 1188 τὸ
1416 1135 1697 1188 διπλάσιον
1745 1135 1843 1202 τὴν

268 1223 590 1292 διατίμησιν
635 1227 741 1278 τῶν
797 1228 1108 1280 κλαπέντων
1157 1228 1308 1296 παρὰ
1352 1229 1442 1280 το]
1494 1227 1677 1280 δούλου
1717 1228 1844 1288 ἴσως

276 1317 369 1368 καὶ
417 1320 615 1380 παντὸς
643 1319 987 1390 διαφέροντος
1025 1323 1100 1390 τῷ
1134 1321 1367 1392 δεσπότῃ
1397 1340 1406 1352 ·
1439 1321 1572 1373 ἀλλὰ
1608 1321 1712 1389 μὴν
1750 1322 1844 1372 καὶ

273 1410 374 1475 τὴν
397 1410 818 1479 άποδιατίμησιν
849 1413 1035 1466 αὑτοῦ.
1074 1413 1178 1464 Καὶ
1213 1416 1239 1464 ό
1266 1413 1362 1481 μὲν
1385 1413 1560 1463 κανὼν
1591 1412 1730 1463 οὓτω
1756 1428 1846 1462 κο-

274 1499 428 1564 λάζει
467 1503 591 1564 τοὺς
631 1503 1050 1575 ὑποτιθεμένους
1081 1507 1298 1569 δούλους
1337 1511 1411 1577 μὴ
1451 1509 1695 1564 ὑπείκειν
1732 1509 1844 1568 τοῖς

273 1592 582 1658 δεσπόταις,
617 1597 721 1649 κᾶν
747 1601 862 1651 κατ’
891 1601 1173 1662 εὐλαϐείας
1204 1602 1473 1671 πρόφασιν
1502 1600 1657 1653 τοῦτο
1692 1601 1845 1667 γίνη-

273 1697 365 1733 ται
394 1698 408 1710 ·
441 1684 472 1752 ἠ
501 1684 556 1735 δὲ
588 1687 727 1739 κατὰ
759 1688 851 1739 τὸν
889 1689 1103 1742 Ἰούλιον
1134 1691 1278 1759 μῆνα
1308 1682 1412 1758 τῆξ
1441 1690 1484 1740 θ’
1521 1689 1845 1749 ίνδικτιὼνος

271 1772 369 1825 τοῦ
409 1777 563 1840 ςφλδ¹
597 1777 748 1840 ἔτους
779 1782 1043 1848 γενομένη
1075 1783 1243 1846 νεαρὰ
1279 1783 1429 1851 παρὰ
1454 1781 1546 1834 τοῦ
1581 1781 1845 1848 βασιλέως
1874 1763 1922 1822 Β

275 1866 443 1932 κυροῦ
466 1869 867 1920 Κωνσταντίνου
898 1872 989 1921 τοῦ
1024 1873 1560 1942 Πορφυρογεννήτου,
1590 1872 1844 1940 συμπρά-

273 1955 467 2019 ξαντος
506 1961 598 2011 καὶ
645 1960 738 2012 τοῦ
776 1962 894 2013 τότε
931 1964 1234 2029 άγιωτάτου
1268 1967 1607 2033 πατριάρχου
1651 1965 1842 2032 κυρίου

289 2047 562 2114 Ἀλεξίου,
595 2053 688 2103 καί
720 2053 819 2118 τῆς
855 2054 1070 2106 συνόδου
1097 2100 1108 2115 ,
1143 2057 1176 2124 ἡ
1209 2059 1302 2106 καὶ
1331 2057 1485 2122 τάξιν
1517 2057 1681 2123 τόρνου
1718 2057 1846 2107 ἐπέ-

279 2157 453 2207 χουσα
474 2181 489 2206 ,
518 2143 592 2204 ὼς
625 2143 1004 2213 ὑπογραφεῐσα
1035 2149 1186 2217 παρὰ
1216 2147 1306 2198 τοῦ
1342 2148 1602 2216 βασιλέως
1635 2148 1728 2200 καὶ
1753 2149 1846 2214 τῆς

282 2232 536 2293 συνόδου,
592 2235 686 2286 καὶ
743 2234 1117 2304 διοριζομένης
1174 2237 1664 2304 ἁναθεματίζεσθαι
1723 2240 1847 2300 τοὺς

282 2325 698 2393 ἐπιχειροῦντας
727 2327 1062 2381 ἀποστασίαν
1097 2332 1234 2382 κατᾷ
1268 2331 1528 2399 βασιλέως
1564 2332 1779 2399 ποιῆσαι
1812 2331 1844 2400 ἢ

282 2417 608 2486 τυραννίδα,
646 2420 940 2472 κάντεῦθεν
971 2424 1094 2484 τοὺς
1131 2423 1406 2489 ὑπηκόους
1448 2425 1582 2476 κατὰ
1617 2423 1722 2476 τῶν
1752 2426 1850 2475 αῦ-

280 2507 486 2559 Οεντῶν
527 2510 705 2562 αὐτῶν
753 2512 1206 2572 ἀναστατοῦντας,
1255 2514 1542 2583 διορίζεται
1577 2516 1713 2582 μετὰ
1745 2514 1850 2566 τῶν

281 2598 461 2652 ἄλλων
492 2603 618 2668 περὶ
647 2602 706 2654 τὸ
735 2603 879 2656 τέλος
914 2607 1004 2656 καὶ
1030 2607 1199 2657 ταίτα
1232 2607 1407 2677 ῥητῶς
1437 2625 1451 2638 ο
1480 2609 1602 2669 Τοῖς
1633 2607 1852 2674 μέλλουά

283 2708 373 2742 σιν
424 2691 744 2764 ἢὲπιδουλῇ
788 2695 895 2747 ἀπό
922 2713 983 2760 γε
1029 2697 1122 2748 τοῦ
1151 2697 1265 2752 ,νῦν
1310 2698 1687 2769 ἐπιχειρεῖν,ἣ
1731 2717 1850 2751 του-

284 2782 529 2852 μούλτῳ,
559 2785 807 2854 ἀνάθεμα
832 2806 844 2817 ·
877 2791 988 2851 τοῖς
1037 2792 1479 2858 συμπράττουσιν
1535 2791 1716 2853 αὐτοῖς
1759 2795 1852 2844 καὶ

282 2877 744 2940 συγκοινωνοῦσιν
806 2880 864 2931 ἐν
925 2883 989 2949 τῇ
1047 2883 1355 2950 ἀποστασία
1413 2883 1678 2949 ἀνάθεμα.
1729 2885 1852 2946 Τοῖς

278 2963 746 3031 συμϐουλεύουσιν
780 2967 811 3038 ἢ
849 2971 1206 3040 παρορμῶσιν
1251 2974 1332 3035 είς
1359 2974 1426 3024 τά
1467 2972 1688 3025 τοιαῦτα
1720 2973 1853 3024 ἀνά-

276 3054 452 3123 θεμα.
483 3057 607 3120 Τοῖς
633 3063 1152 3146 συνεκστρατεύουσι
1183 3063 1391 3126 τούτοις
1425 3064 1693 3133 ἀνάθεμα.
1729 3066 1853 3127 Τοῖς

1419 287 1497 346 IN
1540 287 1704 348 CAN.
1751 287 1839 344 ΙΙΙ
1869 286 2076 347 CONC.
2109 287 2399 347 GANGR.

271 400 474 452 τεσθαι
495 438 510 460 ,
537 399 632 452 καὶ
665 400 732 450 ἐν
761 399 951 453 πᾶσιν·
982 401 1348 468 εὐαρέστους
1374 397 1524 454 εἶναι
1548 403 1633 471 μὴ
1674 404 1830 457 ἀντι·

1951 406 2029 458 sed
2059 404 2213 463 ﬁdem
2246 418 2447 456 onmem
2483 402 2672 453 bonam
2718 396 3037 452 ostendentes
3065 397 3106 448 ’.

3369 271 3507 336 ιειδ

3203 392 3304 446 Eos
3353 407 3484 460 ergo
3495 433 3506 448 .

1940 495 2033 565 qui
2074 496 2249 550 servis
2281 492 2553 547 contraria
2590 497 2910 561 suggerunt.
2961 488 3030 539 ob
3061 483 3506 539 exercitationem

1942 585 2083 640 ferte
2114 585 2478 654 spiritualem,
2510 597 2681 636 canon
2710 576 3152 633 anathematizat.
3237 572 3354 626 Jam
3383 587 3509 624 vero

1943 677 2296 747 imperatoris
2348 675 2550 730 domini
2581 673 2779 729 Leonis
2830 667 3136 741 philosOphi
3177 667 3384 721 now-lla
3421 663 3510 720 66.

1937 767 2102 836 iubes
2124 779 2182 821 ut
2219 767 2515 837 plagiarios
2560 781 2666 818 non
2703 765 2895 818 subeat
2934 775 3148 831 pwnam
3192 757 3410 826 capitis,
3455 764 3508 807 ιιι

1941 862 2158 917 volebat
2206 861 2290 913 lex
2342 859 2600 928 antiqua:
2651 858 2743 911 sed
2797 871 2920 909 cum
2971 853 3112 908 servi
3165 849 3512 904 restitutione

1945 954 2032 1007 det
2083 953 2201 1006 loco
2250 967 2422 1021 preme
2477 953 2528 1004 in
2579 950 2796 1017 duplmn
2847 947 3077 1016 pretium
3111 960 3300 998 eorum
3335 958 3453 1010 qua!
3485 958 3512 992 a

1945 1062 2100 1101 servo
2133 1045 2270 1099 forte
2305 1044 2450 1098 furto
2480 1056 2725 1112 surrepta
2759 1053 2910 1104 sunt,
2959 1049 3011 1092 et
3048 1039 3227 1093 omnis
3259 1037 3377 1103 ejus
3414 1035 3514 1095 rei.

1945 1154 2066 1208 qtne
2097 1139 2302 1192 domini
2341 1140 2602 1202 interest;
2657 1136 2952 1205 quinetiam
3005 1143 3057 1186 et
3107 1131 3226 1199 ejus
3258 1130 3514 1197 pri-tium.

1946 1231 2009 1283 Et
2044 1246 2218 1284 canon
2250 1231 2464 1300 quidem
2498 1245 2591 1284 eos
2623 1229 2700 1284 sie
2733 1228 2906 1296 punit,
2960 1226 3050 1293 qui
3106 1223 3278 1276 SCHlS
3324 1235 3518 1287 sugge-

1938 1333 2114 1386 runt,
2171 1339 2277 1377 non
2311 1340 2432 1377 esse
2473 1323 2772 1390 parendum
2823 1319 3091 1374 dominis:
3147 1315 3360 1370 etiamsi
3417 1313 3518 1364 hoc

1946 1413 2038 1466 ﬁat
2073 1421 2332 1482 prmtcxtu
2366 1412 2666 1480 religionis.
2744 1411 2873 1474 Quae
2900 1419 3078 1460 autem
3127 1419 3312 1458 mense
3352 1403 3516 1482 Julio,

1946 1507 2135 1559 indiet.
2171 1505 2225 1570 9,
2255 1522 2397 1560 anno
2430 1477 2591 1569 635i,
2645 1503 2712 1558 ab
2757 1504 3079 1570 imperatore
3124 1497 3343 1550 domino
3377 1475 3519 1547 Cou-

1947 1598 2188 1651 stantino
2209 1597 2714 1666 Porphyrogenneta
2742 1595 2882 1647 facta
2904 1601 2987 1646 est
3012 1589 3241 1650 novella,
3292 1586 3521 1641 sant-tis-

1949 1691 2088 1744 si-mo
2117 1704 2336 1757 quoque
2369 1687 2679 1756 patriarcha
2710 1685 2931 1738 domino
2964 1683 3174 1746 Alexio,
3225 1690 3279 1732 et
3311 1678 3520 1747 synodo

1951 1781 2299 1842 assentiente,
2354 1795 2476 1848 quae
2509 1779 2802 1832 decisiouis
2837 1777 3014 1828 locum
3048 1775 3275 1828 obtinet.
3317 1782 3369 1822 ut
3400 1787 3520 1835 qur.

1953 1874 2018 1928 ab
2056 1875 2381 1941 imperatore
2427 1879 2480 1924 et
2531 1870 2736 1940 synodo
2787 1866 3091 1932 subscripta
3142 1873 3254 1924 est,
3305 1869 3357 1913 et
3403 1876 3524 1928 qum

1952 1965 2196 2019 decernit
2246 1979 2339 2018 eos
2389 1959 2862 2022 anathematizari,
2914 1958 3005 2028 qui
3050 1955 3408 2010 defectionem
3454 1951 3523 2004 ab

1955 2058 2282 2126 imperatore
2313 2055 2628 2115 moliuntur,
2664 2053 2742 2105 vel
2777 2049 3120 2122 tyrannidem
3154 2046 3430 2104 invadere,
3469 2053 3524 2098 et

1953 2171 2014 2208 ea
2072 2155 2278 2207 ratione
2325 2150 2602 2212 subjectos
2655 2148 2918 2202 adversus
2948 2160 3135 2200 eorum
3173 2142 3522 2218 magistratus

1955 2249 2181 2301 incitant
2212 2253 2265 2300 et
2294 2244 2357 2298 ad
2398 2241 2789 2312 insurgentium
2834 2222 3168 2310 provocant;
3223 2237 3364 2289 inter
3416 2235 3521 2285 alia

1959 2339 2058 2389 hoc
2091 2351 2302 2403 quoque
2329 2335 2472 2387 circa
2517 2332 2676 2386 tinem
2708 2347 2963 2400 expresse
3004 2329 3194 2383 definit
3234 2346 3247 2381 :
3294 2326 3383 2389 lis,
3431 2325 3523 2392 qui

1957 2430 2022 2480 ab
2071 2427 2172 2480 hoc
2224 2426 2481 2492 deinceps
2515 2432 2756 2492 tempore
2793 2421 3020 2476 insidias
3064 2427 3193 2473 sunt
3243 2416 3523 2469 machina-

1958 2523 2063 2575 turi
2101 2521 2184 2574 vel
2222 2505 2510 2572 tum-ultum
2538 2514 2852 2579 excitaturi,
2885 2513 3195 2566 anathema.
3281 2507 3372 2570 lis,
3427 2501 3516 2572 qui

1957 2627 2113 2680 Opem
2172 2611 2277 2663 illis
2335 2607 2552 2669 ferunt,
2607 2614 2661 2660 et.
2718 2606 2769 2658 in
2819 2603 3123 2658 defectione
3181 2607 3310 2654 sunt
3363 2597 3522 2658 Socii,

1958 2703 2264 2757 anathema.
2351 2701 2440 2763 lis,
2493 2699 2587 2769 qui
2639 2698 2930 2752 consulunt
2975 2695 3054 2749 vel
3095 2694 3159 2747 ad
3213 2689 3520 2759 hujusmodi

1958 2795 2206 2857 incitant,
2261 2777 2571 2844 anathema.
2663 2789 2772 2853 lis,
2832 2788 2926 2856 qui
2977 2786 3349 2854 expeditiones
3400 2796 3522 2832 eum

1960 2885 2042 2938 his
2072 2885 2394 2952 suscipiunt,
2423 2883 2734 2936 anathema.
2807 2880 2899 2940 lis.
2938 2879 3027 2947 qui
3063 2879 3212 2946 ipsos
3253 2876 3316 2927 ad
3350 2875 3526 2943 poeni-

1961 2975 2182 3030 tentiam
2231 2975 2582 3040 suscipiunt,
2636 2987 2759 3025 cum
2796 2986 2823 3024 a
2860 2969 3163 3023 defectione
3197 2980 3301 3018 non
3333 2963 3529 3032 resipi-

1964 3073 2118 3121 scant
2151 3080 2250 3120 nec
2279 3081 2396 3119 eam
2432 3067 2763 3133 relinquant,
2799 3063 3107 3116 anathema.

279 3147 594 3246 δεκομένοις
629 3151 822 3246 afﬁci);
857 3157 916 3206 ἐν
951 3157 1228 3228 μετανοίᾳ.
1265 3159 1340 3227 μὴ
1378 3157 1852 3226 μεταμελομένους
1891 3157 1999 3210 ἀπὸ
2031 3157 2130 3224 τῆς
2171 3155 2537 3220 ἁποστασίας,
2571 3155 2666 3208 καὶ
2737 3151 3244 3220 καταλιμπάνοντας
3322 3143 3487 3211 αὐτὴν
3509 3187 3524 3209 ,

277 3243 554 3305 ἀνάθεμα.

356 3337 601 3392 ΖΩΝΑΡ.
635 3339 695 3392 Ὀ
721 3342 894 3409 μέγας
931 3346 1141 3409 Παῦλος
1207 3347 1536 3402 ἐπιστέλλων
1561 3347 1810 3418 Τιμοθέῳ
1831 3387 1843 3406 .

2023 3338 2271 3395 ΖΟΝΑΒ.
2293 3337 2618 3405 Quicunque,
2647 3335 2816 3403 inquit
2848 3346 3077 3402 magnus
3107 3328 3306 3382 Paulus
3338 3326 3399 3380 ad
3433 3322 3527 3378 Τί-

278 3428 449 3496 φησίν
468 3447 480 3462 ·
515 3433 683 3484 ’Ὀσοι
705 3436 865 3486 είσίν
900 3437 1018 3490 ὑπὸ
1039 3437 1214 3506 ζυγὸν
1243 3439 1468 3498 δοῦλοι,
1493 3440 1633 3505 τοὺς
1663 3441 1850 3504 ἰδίους

277 3519 605 3586 ὅεσπόταῌ
632 3525 837 3590 πάσης
877 3527 1050 3593 τιμῆς
1083 3529 1294 3594 ἀξίους
1345 3532 1744 3598 ἡγείσθωσαν.
1787 3533 1850 3583 Ol

280 3613 359 3666 δὲ
389 3614 643 3678 πιστοὺς
675 3615 920 3682 ἔχοντες
941 3617 1239 3687 δεσπότας
1267 3621 1350 3689 μὴ
1381 3625 1850 3691 καταφρονείτω-

283 3717 432 3766 σαν,
463 3703 549 3754 ὅτι
575 3702 826 3772 ἀδελφοί
848 3709 1026 3771 εἰσιν,
1052 3709 1212 3762 ἀλλὰ
1235 3711 1474 3776 μᾶλλον
1494 3712 1855 3766 δουλευέτω-

279 3809 430 3856 σαν,
462 3794 549 3847 ὅτι
572 3797 776 3850 πιστοί
801 3801 961 3851 εἰσιν·
988 3803 1040 3852 οι
1069 3799 1178 3869 τῆς
1203 3805 1548 3872 εὐεργεσίας
1573 3806 1854 3874 ἀντιλαμ-

285 3889 627 3956 ϐανόμενοι.
668 3890 776 3942 Καὶ
811 3891 887 3958 τῷ
920 3893 1060 3964 Τίτῳ
1096 3895 1151 3946 δὲ
1185 3891 1338 3957 αὖθις
1368 3898 1672 3951 ἐντέλλεται
1708 3899 1850 3970 (‘21),

282 3980 409 4033 τίνα
433 3980 701 4034 διδάσκειν
727 3983 921 4052 χρεὼν,
952 3986 1044 4038 καί
1077 4004 1208 4055 φησι
1231 4004 1245 4018 ·
1279 3990 1542 4055 Δούλους
1575 3991 1743 4056 ἰδίοις
1764 3990 1857 4044 δε-

285 4069 541 4135 σπόταις
562 4072 1040 4136 ὑποτάσσεσθαι,
1069 4079 1161 4128 καὶ
1182 4078 1251 4129 ἐν
1277 4079 1468 4132 πᾶσιν
1486 4082 1855 4150 εὐαρέστους

281 4157 461 4224 εἶναι,
490 4166 582 4216 καὶ
602 4166 667 4216 τὰ
690 4167 813 4236 ἑξῆς
834 4168 964 4237 (2'2).
1005 4169 1142 4222 Ἀλλ’
1166 4172 1191 4221 ὀ
1220 4171 1506 4234 Εύστάθιος
1535 4173 1630 4225 καὶ
1653 4175 1700 4225 οἱ
1727 4176 1854 4244 περὶ

288 4257 494 4307 ἐκεῖνον
518 4259 832 4312 τούναντίον
867 4261 1010 4314 ἅπαν
1037 4263 1316 4315 ἐδίδασκον
1339 4305 1353 4326 ,
1390 4266 1482 4317 καὶ
1512 4268 1620 4328 τοῖς
1651 4266 1855 4331 δούλοις

289 4346 567 4416 παρῄνουν
624 4352 1049 4420 καταλιμπάνειν
1099 4355 1221 4417 τοὺς
1267 4355 1556 4418 δεσπίτας,
1614 4361 1707 4410 καὶ
1760 4360 1856 4428 τῆς

290 4437 497 4491 τούτων
541 4441 840 4511 ὑπηρεσίας
890 4449 1250 4516 καταφρονεῖν
1296 4450 1435 4519 τάχα
1480 4449 1547 4501 δι’
1599 4450 1854 4520 ἄσκησιν.

295 4528 399 4591 υῦς
427 4533 459 4600 ὴ
484 4532 697 4595 σύνοδος
726 4535 812 4587 διὰ
844 4535 940 4604 τὴν
965 4537 1200 4607 διδαχὴν,
1228 4542 1512 4612 στοιχοῦσα
1539 4545 1605 4614 τῇ
1632 4545 1858 4598 ἀποστο-

292 4619 417 4691 λικῇ
452 4623 801 4696 διδασκαλία,
840 4628 1254 4699 άνεθεμάτισεν.

290 4889 513 4946 ΑΡΙΣΤ.
577 4911 595 4943 ι
634 4893 723 4963 Τῷ
753 4897 993 4950 πείθοντι
1043 4898 1228 4953 δοῦλον
1277 4902 1584 4972 ἀναχωρεῖν
1637 4903 1730 4957 τοῦ
1773 4906 1858 4957 δε-

503 4985 700 5038 σπότου
730 4988 1010 5053 εὐσεϐείας
1044 4993 1314 5062 προφάσει
1341 4995 1607 5064 ἀνάθεμα.
1637 5015 1656 5045 ι

399 5152 418 5180 ⁸
445 5147 552 5202 Tit.
588 5163 648 5210 ιι.
673 5148 727 5213 9,
765 5149 855 5203 10.

1953 3435 2232 3486 mothenm
2279 3430 2546 3490 scribens,
2600 3435 2718 3480 sunt
2767 3424 2860 3478 sub
2897 3423 3028 3492 jugo
3075 3423 3230 3482 servi.
3288 3417 3527 3471 dominos

1952 3544 2072 3580 suos
2109 3524 2251 3579 omni
2280 3523 2473 3574 honore
2505 3521 2690 3590 dignos
2716 3527 2916 3588 putent.
3001 3514 3102 3579 Qui
3141 3526 3312 3566 autem
3347 3509 3526 3579 ﬁdeles

1952 3619 2190 3672 dominos
2244 3615 2432 3668 habent
2478 3629 2540 3666 ne
2580 3619 2936 3671 contemnant,
2982 3605 3117 3676 quod
3158 3605 3349 3673 fratres
3385 3603 3528 3664 sint;

1954 3711 2043 3764 sed
2079 3710 2247 3779 magis
2273 3708 2521 3770 serviant,
2576 3705 2824 3771 quoniam
2868 3711 2989 3756 sunt
3036 3700 3214 3768 ﬁdeles
3265 3697 3355 3767 qui
3396 3696 3528 3748 bono

1953 3818 2130 3855 eorum
2162 3818 2311 3870 opere
2340 3801 2611 3868 fruuntur.
2703 3796 2767 3849 Et
2807 3800 2873 3848 ad
2905 3793 3083 3846 Titum
3131 3805 3344 3852 rursus,
3398 3787 3526 3839 dum

1955 3911 2017 3949 ea
2065 3910 2184 3960 quae
2230 3893 2427 3945 docere
2485 3897 2730 3958 oporteat
2777 3884 3113 3953 exsequitur,
3168 3887 3364 3950 praeter
3395 3877 3522 3928 alia.

1955 3985 2072 4038 haec
2107 3998 2324 4052 quoque
2353 3982 2534 4039 habet.
2589 3979 2776 4033 Servos
2807 3977 2914 4030 suis
2945 3973 3174 4028 dominis
3203 3971 3418 4038 subjici,
3472 3969 3527 4020 in

1956 4076 2196 4130 omnibus
2233 4075 2354 4127 bene
2383 4074 2668 4140 placentes,
2719 4079 2770 4124 et
2799 4085 2916 4139 quae
2943 4073 3269 4136 sequuntur.
3326 4063 3393 4114 At
3423 4060 3527 4112 Eu-

1957 4167 2194 4223 stathius
2226 4167 2453 4237 ejusque
2497 4165 2718 4218 assecla:
2763 4162 3039 4216 contraria
3089 4172 3315 4228 prorsus
3349 4155 3524 4208 disse-

1957 4260 2278 4322 minabant,
2327 4273 2390 4310 ac
2437 4256 2635 4318 servis,
2689 4264 2746 4308 ut
2793 4270 2850 4307 se
2901 4252 3246 4306 dominorum
3299 4245 3526 4314 imperio

1958 4352 2382 4413 subtraherent,
2439 4350 2731 4418 muniaque
2776 4345 2940 4417 419
2993 4345 3059 4397 ab
3111 4344 3218 4396 illis
3271 4339 3524 4408 imposita

1959 4444 2314 4511 negligereut.
2384 4441 2522 4494 forte
2579 4437 2878 4508 spiritualis
2929 4432 3333 4488 exercitationis
3391 4430 3522 4482 obc-

1960 4536 2089 4588 undi
2145 4547 2350 4598 causa,
2398 4531 2719 4587 suadebant.
2803 4528 2950 4594 Quos
3002 4526 3218 4594 quidem
3273 4523 3386 4575 luec
3435 4535 3526 4590 sy-

1962 4628 2136 4680 nodus
2182 4627 2251 4679 ob
2302 4623 2568 4693 eiusmodi
2617 4621 2941 4684 doctrinam,
2992 4616 3304 4686 apostolica:
3357 4613 3525 4668 disci-

1883 4695 1934 4754 D
1964 4722 2119 4791 plina:
2154 4720 2395 4787 vestigiis
2427 4717 2704 4776 insistens,
2732 4714 3076 4767 anathemate
3124 4709 3364 4762 irretitos
3398 4719 3518 4759 esse

1961 4813 2230 4866 decernit.

1965 4901 2186 4958 ARIST.
2225 4919 2243 4951 ι
2287 4901 2341 4953 Ei
2370 4901 2459 4970 qui
2491 4913 2651 4954 servo
2685 4897 3020 4967 persuadeta
3054 4893 3274 4949 domino
3307 4891 3524 4960 religio-

2191 5015 2208 5046 ι
2243 4996 2326 5048 nis
2353 5002 2611 5063 praetextu
2638 4993 2885 5048 recedere
2936 4992 3240 5046 anathema.
3279 5009 3296 5039 ι

1513 5247 1702 5308 Guill.
1738 5248 2053 5326 Beveregii
2099 5256 2287 5311 notae.

366 5346 474 5413 (21)
495 5339 675 5411 Αὖθις
705 5345 1371 5416 ἐντέλλεταιλλρεεηιίιιε
1404 5355 1485 5400 est
1518 5347 1850 5416 IticAlonarat

291 5417 466 5479 locus,
498 5417 650 5484 juxta
694 5422 935 5469 culicem
987 5414 1505 5478 Amerbachianum,
1555 5414 1718 5476 Αὖθις
1767 5422 1851 5469 ἐν-

295 5486 617 5555 τελλόμενος
646 5487 766 5537 τίνα
797 5487 1070 5539 διδάσκειν
1114 5485 1314 5557 χρεὼν,
1371 5490 1504 5557 πρὸς
1529 5491 1639 5550 τοῖς
1672 5489 1849 5553 ἄλλοις

295 5560 391 5611 καὶ
415 5557 588 5609 ταῦτά
613 5573 799 5623 φησιν.
1021 5597 1028 5607 .

368 5626 479 5693 (‘22)
503 5627 613 5678 Καὶ
643 5627 711 5679 τὰ
731 5627 897 5694 ἑξῆς.
922 5625 1024 5679 Pro
1057 5627 1141 5680 Itis
1167 5627 1346 5680 verbis
1372 5628 1421 5679 in
1453 5628 1642 5681 codice
1661 5630 1848 5681 Amer~

299 5697 572 5753 bachiauo
607 5697 759 5752 locus
809 5713 977 5762 sacra-
1007 5697 1304 5766 Scriptura:
1333 5699 1418 5752 hic
1451 5699 1647 5753 citatus
1692 5700 1850 5769 plene

1956 5353 2033 5404 sic
2085 5351 2298 5417 legitur,
2361 5352 2451 5421 Μὴ
2501 5352 2902 5418 ἀντιλέγοντας,
2955 5351 3029 5418 μὴ
3077 5348 3518 5421 νοσφιζομένους,

1956 5422 2091 5474 ἀλλὰ
2120 5422 2298 5472 πίστιν
2324 5417 2502 5474 πᾶσαν
2526 5417 2965 5490 ἐνδεικνυμένους
2992 5421 3220 5488 ἀγαθήν,
3239 5417 3360 5471 Non
3388 5434 3521 5470 con-

1957 5493 2288 5553 tradicentes,
2330 5509 2430 5543 non
2454 5488 2783 5560 frondentes.
2815 5492 2898 5543 sed
2929 5508 3129 5544 onmem
3150 5496 3336 5543 bonam
3365 5488 3520 5557 ﬁdem

1956 5567 2302 5685 fstendlentes.
2331 5559 2461 5628 Quae
2485 5565 2646 5618 etiam
2705 5561 2866 5617 verba
2917 5563 2969 5615 in
3037 5561 3286 5616 Gallandi
3328 5559 3518 5614 codice

1977 5649 2113 5685 euun
2147 5649 2231 5685 ur.

1977 5643 2231 5702 eguntur.
