4014 6224
307 262 445 328 12⁸5

310 488 330 522 ε
377 472 443 524 Et
466 488 550 533 τις
585 471 672 524 διὰ
709 471 1074 540 νομιζομένην
1100 472 1337 542 ἄσκησιν
1393 475 1452 527 ὲν
1504 475 1571 542 τῇ
1625 474 1879 545 Κυριακῇ

661 586 680 619 ι
710 568 1004 638 νηστεύσῃ,
1034 568 1285 637 ἀνάθεμα
1311 569 1472 623 ἔστω.
1516 586 1535 620 ι

383 658 579 713 ΒΑΛΣ.
612 658 887 726 Πολλαχοῦ
921 659 1306 712 κεκανόνισται
1344 658 1420 729 μὴ
1479 657 1758 729 νηστεύειν
1792 656 1887 711 καὶ

314 748 740 821 σκυθρωπάζειν
769 751 916 820 ἡμᾶς
952 750 1093 803 κατὰ
1131 752 1232 821 τὴν
1264 752 1607 821 χαρμόσυνον
1673 750 1886 821 ἡμέραν

311 843 410 911 τῆς
438 842 727 911 Κυριακῆς
759 841 847 895 διὰ
871 846 970 908 τὴν
1020 841 1241 911 ἔγερσιν
1286 842 1381 895 τοῦ
1442 841 1673 912 Κυρίου,
1751 842 1887 896 ἀλλὰ

313 934 711 1003 πανηγυρίζειν
735 938 830 987 καὶ
868 935 1211 1005 εὐχαριστεῖν
1240 933 1318 1003 τῷ
1345 933 1484 1001 Θεῷ,
1509 934 1584 997 ὡς
1614 933 1888 987 ἀναστάν-

314 1041 412 1087 τας
440 1026 505 1078 ὲκ
538 1024 631 1077 τοῦ
660 1024 955 1093 πτώματος
976 1027 1072 1093 τῆς
1109 1025 1404 1094 ἁμαρτίας.
1457 1025 1595 1085 Τοὺς
1646 1024 1776 1092 γοῦν
1800 1024 1890 1075 τὸν

317 1117 623 1171 Εὑστάθιον
646 1117 1001 1179 διδάσκοντας
1049 1116 1334 1187 νηστεύειν
1390 1118 1449 1170 ἐν
1499 1118 1619 1179 ταῖς
1683 1118 1893 1187 Κυρια-

316 1210 442 1270 κςῖς
471 1208 817 1278 διάιάσκησιν
843 1209 1028 1277 δῆθεν,
1070 1209 1459 1279 ἁναθεματίζει
1523 1211 1551 1262 6
1590 1206 1791 1261 κανών.
1831 1206 1891 1259 '0

318 1301 375 1353 δὲ
403 1299 474 1364 ξδ’
502 1300 863 1363 ἀποστολικὺι
886 1300 1069 1354 κανὼν
1099 1301 1352 1370 ἀφορίζει
1412 1300 1539 1363 τοὺς
1596 1298 1740 1352 οὕτω
1791 1316 1893 1366 νη-

320 1391 608 1453 στεύοντας
639 1390 882 1455 λαῖκοὺς,
908 1392 1096 1457 ὥσπερ
1138 1393 1230 1444 καὶ
1257 1392 1383 1447 τοὺς
1410 1390 1712 1461 κληρικοὺς
1756 1388 1895 1441 καθ-

318 1484 484 1550 αιρεῖ.
543 1482 703 1551 Ζήτει
726 1484 819 1534 καὶ
848 1482 939 1534 τὸν
969 1480 1041 1534 νε¹
1081 1481 1283 1536 κανόνα
1310 1482 1410 1551 τῆς
1456 1483 1515 1535 ὲν
1540 1484 1615 1550 τῷ
1637 1478 1895 1551 Τρούλλῳ

323 1571 573 1627 συνόδου.

393 1661 634 1717 ΖΩΝΑΡ.
680 1662 787 1714 Καὶ
808 1662 867 1715 ὲν
899 1664 1019 1723 ταῖς
1053 1664 1365 1733 Κυριακαϊς
1387 1665 1643 1733 νηστείαν
1667 1663 1901 1733 ἐκήρυτ-

1370 269 1448 329 lN
1480 267 1646 329 CAN.
1699 269 1839 330 XIX
1872 270 2084 334 CONC.
2116 273 2406 337 GANGR.

925 376 1301 433 Kaxnxluz
1902 390 1949 446 Α

2546 385 2774 441 CANth
2809 385 2997 444 XVIII.

1992 494 2012 528 ι
2048 475 2104 530 Si
2137 475 2259 545 quis
2296 485 2514 546 propter
2540 491 2681 542 eam,
2724 493 2846 546 qua:
2882 478 3247 543 existimatur,
3290 486 3552 532 exercrta'

2062 587 2081 620 ι
2122 570 2319 623 tionem
2352 568 2404 622 in
2440 554 2720 625 Doininico
2744 571 2979 640 jejunet,
3014 571 3083 626 sit
3115 571 3425 625 anathema.
3461 589 3481 615 ι

2062 660 2255 715 BALS.
2308 662 2490 719 Multis
2531 662 2834 718 canonibus
2868 671 3089 717 cautum
3117 672 3223 726 est,
3256 677 3325 716 ne
3347 661 3562 730 jejuno-

1992 766 2137 817 mus,
2173 764 2227 807 et
2257 755 2540 809 tristitiam
2582 771 2692 825 pra:
2722 755 2882 810 nobis
2928 754 3187 815 feramus,
3222 753 3277 807 in
3323 753 3563 819 festoae

1992 846 2112 900 laeto
2179 847 2266 901 die
2309 847 2611 909 Dominico,
2672 855 2892 917 propter
2953 843 3562 901 Domi-niresurreclio-

1994 954 2155 1002 nem;
2196 939 2291 993 sed
2336 938 2698 1003 celebremus,
2756 948 2807 992 et
2839 937 2948 993 Deo
2978 936 3183 1006 gratias
3224 948 3472 1005 agamus,
3502 942 3562 986 ut

1994 1028 2085 1097 qui
2136 1044 2202 1083 ex
2259 1030 2462 1097 peccati
2490 1029 2643 1097 lapsu
2687 1028 3119 1083 surrexerimus.
3170 1026 3572 1080 Eustathianos

1993 1128 2143 1184 ergo,
2192 1113 2449 1170 docentes
2498 1131 2620 1171 esse
2663 1117 2715 1170 in
2742 1115 2935 1171 diebus
2983 1114 3284 1169 Dominicis
3313 1114 3566 1183 jejunan-

1995 1204 2145 1270 dum,
2195 1217 2418 1275 propter
2464 1208 2909 1261 exercitationem
2942 1206 3172 1269 scilicet,
3216 1220 3395 1260 canon
3434 1220 3567 1259 ana-

1996 1297 2233 1352 themate
2256 1299 2509 1368 percutit.
2533 1298 2915 1370 Sexagesimus
2939 1307 3168 1370 quartus
3194 1308 3372 1353 autem
3392 1312 3567 1353 canon

1997 1391 2332 1460 apostolicus
2349 1399 2598 1462 segregat
2625 1391 2818 1457 laicos,
2842 1393 2934 1461 qui
2964 1392 3043 1447 sic
3072 1389 3349 1459 jejunant,
3381 1404 3569 1458 quem-

1998 1482 2289 1537 admodum
2334 1490 2387 1537 et
2433 1484 2663 1538 clericos
2713 1483 2956 1553 deponit.
3011 1481 3207 1548 Quaere
3243 1490 3297 1537 et
3351 1481 3421 1537 85
3475 1495 3568 1536 ca-
3630 1476 3635 1480 ’

2002 1557 2199 1628 nonem
2230 1573 2425 1645 synodi
2460 1574 2514 1628 in
2546 1573 2761 1629 Trullo.
2820 1632 2829 1641 _

2075 1663 2327 1718 ZONAR.
2374 1662 2647 1733 Jejunium
2695 1664 2973 1721 Dominica
3005 1680 3223 1736 quoque
3253 1663 3343 1718 die
3383 1662 3572 1718 Eusta-

323 1770 416 1804 τεν
442 1755 469 1804 ὁ
501 1753 819 1815 Εὐστάθιος.
852 1754 941 1805 ὅτε
972 1752 1060 1804 διὰ
1103 1755 1203 1823 τὴν
1246 1754 1466 1824 ἔγερσιν
1519 1754 1615 1807 τοῦ
1667 1755 1896 1825 Κυρίου,

2013 1757 2157 1812 thius
2185 1756 2411 1822 indixit;
2439 1772 2601 1827 quam
2636 1765 2844 1821 tamen,
2874 1758 3018 1827 quod
3048 1773 3143 1827 per
3170 1771 3289 1811 eam
3319 1755 3573 1811 Christus

324 1843 422 1893 καὶ
451 1842 553 1911 τὴν
587 1843 684 1911 τῆς
722 1843 969 1913 βροτείας
1000 1845 1216 1913 φύσεως
1245 1846 1309 1897 ὲκ
1340 1845 1433 1897 τοῦ
1468 1845 1761 1915 πτώματος
1798 1847 1896 1915 τῆς

323 1936 600 2005 ἁμαρτίας
625 1938 943 2001 ἀνάστασιν,
994 1940 1338 2009 εὐχαριστεῖν
1370 1940 1516 2007 ἡμᾶς
1535 1938 1617 1992 δεῖ
1645 1938 1721 2009 τῷ
1778 1939 1898 2011 Θεῷ

327 2029 423 2082 καὶ
450 2028 682 2098 χαίρειν.
729 2028 793 2082 Ἦ
816 2030 872 2082 δὲ
930 2031 1155 2099 νηστεία
1214 2031 1510 2101 συντριϐἧς
1568 2031 1663 2085 καὶ
1723 2031 1900 2103 λύπης

328 2119 445 2172 ἐστλ⁵
486 2119 780 2187 σύμϐολον.
825 2121 916 2173 Ᾱιὸ
944 2124 1039 2173 καὶ
1068 2125 1182 2185 τοῖς
1215 2123 1576 2194 νηστεύουσιν
1600 2126 1658 2178 ὲν
1680 2125 1896 2194 Κυρια-

329 2214 455 2274 καίς
506 2214 705 2286 ἐτάχθη
741 2216 1013 2286 ἀνάθεμα.

328 2400 551 2454 ΑΡΙΣΤ.
585 2420 603 2453 ι
645 2400 703 2453 '0
736 2402 835 2472 τὴν
868 2402 1158 2471 Κυριακήν
1214 2402 1246 2473 ἢ
1286 2401 1346 2454 τὸ
1374 2401 1649 2455 Σάὸϐατον
1678 2402 1902 2469 ἀσιτῶν,

923 2513 942 2547 ι
980 2496 1243 2563 ἀνάθεμα.
1276 2512 1293 2545 ι

921 2587 1158 2639 ΚΑΝΩΝ
1188 2585 1285 2639 ΙΘ’.

343 2691 361 2724 ι
406 2674 471 2727 Εἴ
494 2691 577 2735 τις
598 2674 707 2727 τῶν
736 2676 1092 2744 ἀσκουμένων
1134 2678 1305 2746 χωρὶς
1353 2676 1677 2746 σωματικῆς
1738 2676 1907 2745 ἀνάγ-

421 2785 439 2817 ι
478 2784 580 2835 κης
612 2766 1107 2837 ύπερηφανεύοιτο,
1182 2770 1276 2821 καὶ
1318 2769 1415 2830 τὰς
1463 2768 1908 2839 παραδεδομένας

419 2878 437 2909 ι
474 2858 731 2923 νηστείας
756 2860 836 2921 είς
857 2860 916 2911 τὸ
942 2860 1138 2926 κοινὶν,
1170 2860 1263 2913 καὶ
1316 2860 1735 2929 φυλασσομένας
1805 2860 1911 2912 ὑπὸ

421 2947 568 3013 «τῆς
634 2947 984 3018 Ἑκκλησίας,
1046 2948 1339 3019 παραλύοι,
1399 2946 1807 3018 ἀποκυροῦντος
1851 2950 1910 3000 ὲν

414 3057 436 3091 ι
479 3038 628 3109 αύτῷ
650 3039 854 3093 τελείου
878 3040 1160 3109 λογισμοῦ,
1201 3040 1449 3110 ὀνάθεμα
1477 3041 1672 3094 ἔστω.»

2006 1847 2072 1901 ab
2114 1846 2302 1902 inferis
2334 1846 2610 1902 redivivus
2642 1846 2940 1912 exstiterit,
2974 1856 3334 1913 naturamque
3381 1844 3573 1897 huma-

2006 1953 2131 1993 nam
2183 1952 2212 1991 a
2262 1936 2469 2007 peccati
2517 1937 2671 2006 lapsu
2698 1936 3415 2005 exscitarit,exsultabundi
3463 1934 3574 1990 Deo

2007 2028 2210 2099 gratias
2263 2039 2483 2100 agentes
2533 2029 2834 2100 transigere
2878 2029 3162 2085 debemus.
3204 2028 3273 2081 At
3299 2026 3573 2098 jejunium

2008 2122 2213 2177 doloris
2235 2121 2581 2192 tristitiazque
2596 2122 2760 2177 habet
2782 2130 3185 2192 argumentum.
3209 2119 3575 2187 Quamobrem

2008 2228 2057 2269 et
2087 2212 2143 2268 in
2173 2227 2289 2278 eos,
2319 2214 2410 2283 qui
2428 2214 2709 2268 Dominica
2742 2212 2832 2269 die
2857 2213 3207 2285 jejunarent,
3244 2225 3405 2281 pmna
3450 2224 3577 2265 ana-

2012 2303 2274 2360 thematis
2304 2304 2605 2360 constituta
2644 2304 2766 2359 fuit.

2013 2395 2241 2452 ARIST.
2314 2414 2333 2449 ι
2386 2396 2489 2463 Qui
2541 2395 2686 2451 diem
2738 2395 3078 2451 Dominicam
3132 2395 3241 2453 vel,
3277 2393 3579 2451 Sabbatunt

2339 2509 2357 2543 ι
2397 2489 2618 2561 jejunus
2638 2490 2868 2561 peragit,
2902 2489 3209 2545 anathema.
3235 2506 3255 2540 ι

2574 2579 2805 2637 CANON
2846 2579 2992 2635 XIX.

2023 2691 2042 2724 ι
2083 2671 2141 2727 Si
2194 2672 2319 2742 quis
2365 2687 2577 2736 eorum,
2610 2673 2701 2743 qui
2734 2682 3082 2738 exercentur,
3118 2673 3331 2743 absque
3377 2686 3579 2742 corpoa

2093 2780 2112 2814 ι
2156 2763 2256 2817 rali
2306 2764 2634 2819 necessitate
2666 2748 3055 2819 se'insolentcr
3085 2774 3258 2833 gerat,
3294 2770 3349 2818 et
3388 2756 3591 2817 tradita

2096 2872 2115 2906 ι
2152 2854 2387 2925 jejunia,
2419 2871 2540 2924 qua‘.
2572 2856 2937 2910 communiter
2971 2862 3266 2910 servantur
3305 2854 3373 2909 ab
3405 2854 3577 2910 Eccle-

2100 2965 2118 2998 ι
2150 2948 2253 3013 sia,
2286 2948 2571 3012 dissolvat,
2608 2947 2845 3018 perfecta
2875 2950 2929 3003 in
2958 2962 3024 3002 eo
3054 2948 3326 3003 residente
3355 2948 3588 3010 ratione,

2096 3057 2115 3089 ι
2156 3039 2227 3092 sit
2255 3039 2568 3094 anathema.
2611 3058 2628 3089 ι

411 3099 610 3186 ΒΛΛΣί
644 3134 865 3205 Αἵρεσις
893 3099 1221 3205 Βοχομιλική
1250 3099 1397 3188 ἐστιν
1421 3136 1514 3188 ἐπί
1579 3150 1731 3197 τινας
1780 3133 1907 3204 χρό-

2090 3130 2282 3185 BALS.
2320 3130 2657 3200 Bogomelica
2690 3140 2773 3186 est
2807 3130 3051 3194 haeresis,
3086 3129 3153 3183 ad
3197 3127 3418 3199 aliquod
3454 3136 3587 3181 tem

343 3241 467 3288 νους
495 3226 637 3278 κατά
702 3229 884 3296 πᾶσαν
914 3228 1125 3299 ἡμέραν
1160 3227 1441 3296 νηστεύειν
1480 3229 1573 3279 καὶ
1624 3229 1897 3296 μηδέποτε

343 3316 655 3383 καταλύειν,
683 3318 759 3381 ὡς
791 3320 929 3387 μετὰ
960 3322 1051 3372 τὸν
1086 3319 1344 3372 τοσοῦτον
1385 3319 1577 3389 καιρόν
1630 3318 1810 3385 λέγειν
1852 3318 1909 3369 ὲν

340 3409 638 3476 τελείοτητι
662 3411 915 3479 γενέσθαι
938 3413 1064 3471 τοὺς
1088 3410 1470 3481 νηστεύοντας,
1499 3410 1593 3464 καὶ
1621 3408 1911 3463 καταλύειν

341 3501 438 3553 καλ⁸
478 3502 819 3571 ἁμαρτάνειν
842 3502 1174 3571 ἀδιαφόρως,
1199 3502 1292 3553 καὶ
1324 3502 1504 3553 πᾶσαν
1562 3501 1763 3553 κακίαν
1823 3498 1911 3551 διὰ

342 3594 444 3660 τῆς
516 3592 852 3661 τελειότητος
908 3593 981 3657 ὡς
1030 3592 1135 3646 ὑπὸ
1233 3593 1405 3663 πυρὸς
1490 3590 1909 3644 κατακαίεσθαι.

345 3683 585 3737 Τοιαῦτα
610 3682 740 3750 γοῦν
768 3684 1068 3743 ἐδίδασκον,
1100 3686 1174 3747 ὼς
1210 3684 1383 3746 ἔοικε,
1453 3681 1548 3735 καὶ
1587 3682 1635 3735 οί
1672 3682 1801 3750 περὶ
1821 3680 1913 3733 τὸν

344 3776 681 3832 Εὖστάθιονο
715 3777 794 3830 διὸ
838 3783 933 3830 καὶ
998 3773 1527 3844 ἀνεθεματίσθησαν.
1594 3772 1915 3838 Ὀφείλομεν

349 3869 454 3939 γάρ
484 3871 532 3922 οἱ
558 3870 742 3922 πιστοὶ
785 3868 1068 3938 νηστεύειν
1120 3867 1256 3920 κατά
1314 3867 1413 3927 τὰς
1474 3863 1914 3933 παραδεδομένας

340 3963 613 4030 νηστείας,
649 3944 769 4033 ἦτοι
793 3961 1062 4031 Τετράδα,
1097 3959 1192 4011 κα)⁸
1221 3959 1321 4028 τὴν
1377 3957 1762 4026 Παρασκευὴν,
1816 3954 1915 4024 τὴν

344 4056 592 4126 μεγάλην
634 4050 1093 4123 Τεσσαρακοστὴν
1119 4050 1343 4111 καὶτὰς
1382 4047 1580 4109 λοιπάς
1638 4045 1911 4115 νηστείας,

343 4148 440 4202 καὶ
466 4147 623 4209 αὖθις
653 4144 1052 4214 πανηγυρίζειν
1084 4141 1226 4195 κατά
1259 4140 1360 4202 τὰς
1387 4137 1747 4207 ἑορτασίμους
1776 4135 1917 4205 ὴμέ-

349 4257 469 4311 ρας,
498 4240 546 4291 εί
586 4239 751 4309 μήπω
780 4236 870 4288 διὰ
890 4235 1045 4287 νόσον
1097 4232 1404 4285 καταλῦσαι
1456 4227 1912 4296 ἀναγκασθῶμεν.

345 4333 469 4385 Ὀτι
495 4332 633 4400 φησὶ
655 4332 751 4383 καὶ
785 4330 813 4381 6
844 4326 918 4393 ξδ’
948 4325 1303 4388 ἀποστολικὸς
1335 4322 1537 4387 κανὼν,
1569 4320 1709 4375 κατὰ
1737 4322 1915 4373 πᾶσαν

345 4422 591 4491 Τετράδα
636 4422 730 4474 καὶ
761 4418 1122 4489 Παρασκευὴν
1152 4418 1244 4469 καὶ
1292 4416 1391 4484 τὴν
1472 4410 1915 4480 τεσσαρακοστὴν

344 4513 439 4565 τοῦ
474 4515 666 4581 Πάσχα
710 4511 783 4581 μὴ
810 4509 1103 4564 καταλύειν
1136 4510 1305 4578 ἡμᾶς,
1336 4509 1387 4561 εἰ
1422 4507 1497 4578 μὴ
1536 4507 1602 4560 δι’
1632 4507 1916 4559 ἀσθένειαν

347 4605 686 4673 σωματικήν.

418 4695 662 4748 ZQNAP.
706 4694 764 4746 Ὀ
794 4692 1151 4752 ἀποστολικῦς
1172 4693 1467 4762 ἑξηκοστδς
1520 4694 1781 4765 τέταρτος
1816 4714 1921 4749 κα-

351 4784 459 4837 νὼν
485 4783 644 4837 τοῦτο
681 4784 863 4853 ῥητῶς
904 4799 1070 4851 φησιν
1097 4799 1113 4815 ·
1148 4783 1216 4836 Εἴ
1243 4799 1328 4845 τις
1367 4782 1628 4853 κληρικδς
1671 4786 1922 4856 εὑρεθείη

350 4878 450 4947 τὴν
469 4877 755 4946 Κυριακὴν
791 4876 1004 4946 ἡμέραν
1071 4874 1373 4945 νηστεύων,
1417 4875 1451 4945 ἢ
1500 4876 1562 4928 τὸ
1613 4876 1920 4941 Σάϐϐατον,

351 4970 492 5040 πλὴν
516 4969 609 5023 τοῦ
643 4969 761 5033 ἑνὸς
821 4969 1006 5037 μόνου,
1051 4966 1425 5039 καθαιρείσθω
1450 4982 1465 4998 ·
1519 4969 1567 5020 εί
1617 4968 1674 5021 δὲ
1712 4969 1919 5035 λαῖκὶις,

345 5061 711 5132 ἀφοριζέσοω.
749 5059 859 5114 Καὶ
913 5060 942 5112 6
995 5059 1069 5124 50'
1155 5058 1256 5129 τὴν
1334 5060 1781 5131 τεσσαρακοστὴν
1827 5048 1921 5115 τοῦ

349 5154 541 5221 Πάσχα
564 5152 849 5221 νηστεύειν
878 5151 1189 5221 παρεγγυᾷ,
1210 5149 1305 5204 καὶ
1327 5150 1573 5218 Τετράδα
1613 5152 1705 5203 καὶ
1736 5152 1924 5219 Παραο

351 5244 589 5311 σκευήν·
643 5244 690 5294 εί
734 5242 807 5312 μὴ
839 5241 907 5294 δι’
940 5241 1226 5295 ἀσθένειάν
1247 5258 1335 5304 τις
1381 5238 1747 5308 ἐμποδίζοιτο.
1803 5243 1923 5295 Τῶν

345 5330 403 5384 δὲ
452 5334 583 5401 περὶ
622 5332 715 5384 τὸν
743 5332 1039 5384 Εὐστάθιον
1073 5330 1172 5393 τὰς
1191 5330 1631 5400 παραδεδομένας
1670 5333 1925 5399 νηστείας

348 5423 609 5488 λυόντων,
638 5423 712 5485 ὡς
744 5424 886 5493 τάχα
914 5423 1241 5491 φθασάντων
1270 5423 1406 5493 πρός
1428 5423 1770 5494 τελειότητα,
1829 5425 1924 5479 καὶ

348 5516 540 5570 οὐκέτι
567 5516 838 5585 δεομένων
896 5516 1172 5585 νηστείας,
1227 5515 1321 5568 τὸν
1368 5515 1571 5568 κανόνα
1632 5516 1821 5570 τοῦτον
1890 5519 1922 5589 ἡ

351 5608 566 5671 συνόδος
588 5605 953 5677 ἐξεφώνησεν,
971 5606 1137 5662 ἀεῗέιθε
1147 5626 1223 5679 μα
1270 5608 1787 5680 καταψηφιζόμενον
1816 5610 1923 5665 τῶν

349 5699 586 5755 λυόντων
609 5700 703 5766 τὰ,
742 5702 1182 5774 παραδεδομένας
1215 5700 1493 5773 νηστείας,
1540 5703 1633 5758 καὶ
1683 5703 1787 5758 ὖπδ
1822 5702 1923 5776 τῆξ

2022 3242 2121 3296 pus
2180 3227 2327 3281 omni
2390 3227 2477 3281 die
2508 3226 2780 3296 jejnnare,
2844 3241 2944 3281 nec
3013 3241 3252 3295 unquam
3318 3221 3588 3293 jejunium

2022 3317 2257 3381 solvere,
2293 3324 2350 3369 ut
2382 3332 2498 3382 eos,
2534 3317 2626 3387 qui
2661 3324 2786 3387 post
2827 3324 3038 3371 tantum
3075 3324 3290 3385 tempus
3316 3313 3591 3384 jejunant,

2021 3409 2208 3463 dicant
2240 3422 2365 3465 esse
2401 3408 2454 3462 in
2502 3408 2856 3477 perfectione,
2895 3415 2949 3463 et
2987 3407 3257 3477 jejunium
3296 3405 3507 3461 solvere
3538 3410 3593 3459 et

2021 3513 2253 3566 peccare
2309 3497 2791 3554 indiscritninatim
2845 3511 3026 3567 posse,
3090 3504 3145 3549 et
3199 3510 3361 3550 omne
3398 3494 3590 3546 vitium

2022 3595 2282 3658 tanquam
2334 3603 2363 3641 a
2415 3587 2747 3656 perfectione
2794 3588 2862 3641 ab
2895 3587 3020 3656 igne
3054 3585 3232 3641 exuri.
3268 3581 3592 3653 llujusmodi

2022 3695 2174 3751 ergo,
2206 3689 2266 3735 ut
2322 3680 2558 3745 videtur,
2591 3678 2860 3734 docebant
2893 3688 2947 3734 et
2977 3678 3322 3733 Eustathiani
3344 3694 3360 3743 ;
3385 3684 3440 3732 et
3471 3676 3593 3731 ideo

2024 3775 2248 3830 fuerunt
2290 3776 2631 3831 anathemate
2677 3774 2941 3844 percussi.
2980 3774 3251 3830 Debemus
3284 3772 3429 3829 enim
3464 3773 3595 3827 (ide-

2024 3867 2105 3921 les
2154 3867 2209 3921 in
2259 3866 2475 3922 traditis
2505 3866 2750 3936 jejuniis,
2798 3866 3054 3920 nimirum
3103 3873 3295 3935 quarta
3340 3864 3494 3929 feria,
3537 3870 3594 3918 et

2008 3958 2345 4024 Parasceve,
2378 3967 2460 4013 ret
2508 3972 2703 4028 magna
2754 3958 3207 4025 Quadragesima,
3262 3965 3318 4010 et
3370 3956 3595 4024 reliquis

2018 4050 2243 4120 jejuniis
2289 4051 2562 4120 jejunare,
2597 4062 2650 4105 et
2692 4065 2882 4104 rursus
2929 4049 3101 4104 festos
3136 4050 3251 4103 dics
3287 4048 3590 4109 celebrare,

2025 4144 2129 4197 nisi
2161 4143 2298 4198 forte
2324 4155 2544 4214 pr0pter
2574 4143 2821 4198 morbum
2859 4142 3131 4211 jejunium
3166 4141 3380 4196 solvere
3409 4139 3588 4195 coacti

2026 4236 2220 4291 simus.
2271 4234 2412 4290 Dicit
2453 4236 2596 4290 enim
2632 4235 2700 4290 69
2724 4250 2900 4290 canon
2931 4233 3269 4304 apostolicus
3292 4274 3307 4297 ,
3358 4232 3412 4285 in
3446 4230 3594 4286 omni

2024 4338 2217 4398 quarta
2255 4328 2385 4382 feria
2417 4335 2471 4381 et
2505 4328 2803 4383 Parasceve
2833 4334 2888 4380 et
2937 4325 2992 4380 in
3023 4324 3247 4379 Pascha:
3284 4322 3594 4394 Quadrage-

1953 4452 1993 4506 υ
2025 4420 2161 4474 sima
2211 4435 2313 4474 nos
2354 4420 2618 4487 jejunium
2655 4433 2763 4472 non
2807 4418 3021 4473 solvere
3065 4415 3169 4477 nisi
3213 4426 3434 4486 propter
3468 4430 3596 4472 cor-

2027 4511 2266 4582 poralem
2312 4511 2758 4566 imbecillitatem.

2096 4688 2348 4745 ZONAR.
2382 4689 2767 4759 Sexagesimus
2794 4698 3025 4761 quartus
3056 4707 3231 4746 canon
3261 4692 3601 4761 apostolicus

2026 4784 2139 4839 haec
2158 4784 2382 4839 totidem
2405 4785 2586 4840 verbis
2614 4784 2817 4843 habet:
2853 4784 2910 4839 Si
2938 4786 3087 4855 quis,
3120 4786 3319 4856 inquit,
3365 4785 3601 4841 clericus

2024 4875 2279 4929 inventus
2331 4872 2499 4929 fuerit
2546 4874 2635 4930 die
2675 4874 2961 4932 Dominico
3004 4877 3292 4947 jejnnare,
3322 4877 3404 4930 vel
3455 4875 3597 4930 Sab-

2024 4966 2171 5032 bato,
2204 4976 2564 5038 przetcrquam
2608 4983 2718 5023 uno
2746 4970 2883 5032 solo,
2919 4970 3226 5039 deponatur
3256 4986 3269 5022 :
3299 4970 3383 5023 sin
3412 4976 3594 5022 autem

2025 5059 2231 5131 laicus,
2277 5069 2614 5131 segregetur.
2647 5060 3032 5131 Sexagesimns
3068 5074 3196 5114 vero
3234 5074 3411 5114 nonus
3455 5074 3598 5129 qua-

2026 5152 2388 5221 dragesimam
2445 5152 2687 5217 Paschze,
2732 5164 2785 5207 et
2829 5161 3084 5223 quartum
3132 5151 3297 5217 diem,
3341 5159 3396 5205 et
3430 5151 3597 5205 l’ara-

1998 5255 2243 5303 -sceven,
2298 5240 2407 5297 nisi
2456 5241 2707 5309 corporis
2737 5242 2920 5310 aliqua
2956 5240 3248 5295 infirmitas
3293 5240 3595 5303 obstiterit,

2020 5331 2230 5401 jejunio
2256 5332 2662 5403 transigendam
2695 5347 2819 5388 esse
2840 5332 3107 5388 decernit.
3148 5332 3287 5386 Cum
3323 5348 3456 5387 vero
3486 5331 3595 5385 Eu-

2025 5425 2307 5491 stathiani,
2341 5425 2495 5495 quasi
2525 5440 2797 5479 summum
2842 5424 3097 5494 perfectae
3128 5424 3352 5480 virtutis
3385 5423 3595 5494 apicem

2025 5520 2363 5591 attigissent,
2426 5535 2527 5575 nec
2582 5519 2730 5589 ipsos
2779 5514 2994 5588 jejunio
3050 5517 3309 5587 castigari
3363 5518 3599 5587 amplius

2024 5619 2323 5682 oporteret,
2361 5611 2559 5666 tradita
2589 5609 2794 5681 jejunia
2828 5610 3117 5675 violarent,
3149 5612 3298 5665 hunc
3332 5624 3599 5663 canonem

2027 5703 2265 5785 synodus
2297 5702 2680 5774 promulgavit,
2712 5716 2937 5773 eosque,
2969 5703 3061 5775 qui
3102 5702 3313 5775 j‘ejunia
3362 5715 3391 5757 a
3421 5699 3592 5771 majo-
