4014 6224
316 315 448 383 1269

390 456 408 487 ι
438 434 534 487 τοῦ
566 433 816 503 σώματος
844 433 1175 505 ἀπερίεργον
1222 429 1597 499 ἐπαινοῦμεν·
1661 422 1761 487 τὰς
1819 418 1877 473 δὶ
1914 420 1956 478 ι

393 550 411 579 ε
454 525 716 588 ἐκλύτους
737 525 835 578 καὶ
865 525 1252 595 τεθρυμμένας
1288 522 1344 574 ἐν
1383 524 1451 592 τῇ
1501 519 1690 589 ἐσθῆτι
1746 532 1884 585 προ-

392 637 411 669 t
439 617 589 678 όδους
612 616 1089 685 ἀποστρεφόμεθα,
1126 614 1223 668 καὶ
1254 615 1380 676 τοὺς
1403 611 1585 671 οἴκους
1617 608 1711 662 τοῦ
1744 606 1881 662 Θεοῦ

387 728 405 760 t
438 709 711 779 τιμῶμεν,
752 710 844 761 καὶ
864 707 964 769 τὰς
999 707 1272 768 συνόδους,
1324 705 1427 768 τὰς
1457 706 1543 757 ἐπ’
1574 703 1781 765 αὐτοῖς,
1804 701 1882 765 ὠς

385 821 403 853 t
442 802 602 869 ἁγίας
622 802 716 854 καὶ
742 802 1047 870 ἐπωφελεῖς
1069 799 1451 869 ἀσπαζόμεθα,
1476 798 1538 851 οὐ
1566 795 1879 865 συγκλείον-

381 910 401 943 t
436 909 527 955 τες
568 892 667 963 τὴν
700 893 992 947 εὐσέϐειαν
1028 894 1087 946 ἐν
1158 896 1273 954 τοῖς
1309 891 1503 955 οῖκοις,
1533 890 1671 943 ἀλλά
1701 888 1882 942 πάντα

382 1004 399 1035 ι
438 985 605 1039 τόπον
662 984 756 1036 τὸν
810 986 870 1038 ἐν
930 984 1268 1055 όνόματιτού
1288 982 1423 1036 Θεοῦ
1454 981 1883 1053 οἰκοδομηθέντα

383 1098 399 1128 ι
444 1078 736 1145 τιμῶντες.
772 1078 869 1132 καὶ
922 1079 1021 1149 τὴν
1070 1079 1128 1133 ἐν
1159 1079 1295 1149 αὐτῇ
1348 1078 1415 1147 τῇ
1450 1076 1722 1145 ἐκκλησίᾳ
1754 1089 1881 1127 συν-

386 1190 403 1221 ι
441 1170 759 1233 έλευσινείς
808 1170 1077 1239 ὠφέλειαν
1126 1170 1222 1223 τοῦ
1280 1168 1463 1223 κοινοῦ
1514 1166 1881 1239 προσιέμεθα,

383 1282 400 1311 ι
434 1262 529 1315 καὶ¹
560 1262 663 1324 τὰς
694 1262 819 1315 καθ’
847 1262 1161 1332 ὑπερϐολὴν
1192 1260 1441 1335 εὐποιίας
1471 1260 1579 1313 τῶν
1608 1258 1878 1327 ἀδελφῶν,

383 1374 400 1405 ι
435 1355 508 1417 ὡς
524 1357 622 1419 τὰς
651 1356 792 1409 κατὰ
814 1354 912 1418 τάς
935 1355 1261 1427 παραδόσεις
1290 1353 1381 1407 δια
1409 1354 1507 1424 τῆς
1547 1352 1881 1423 Ἐκκλησίας

382 1467 401 1498 ι
439 1448 520 1511 είς
546 1446 674 1510 τούς
706 1448 961 1517 πτωχοὺς
988 1447 1303 1518 γινομένας,
1338 1444 1750 1518 μακαρίζομεν,
1784 1444 1881 1498 καὶ

384 1560 402 1593 ι
446 1540 648 1603 πάντα,
684 1539 1015 1603 συνελόντως
1045 1539 1243 1605 εἰπεῖν,
1268 1541 1336 1593 τὰ
1363 1538 1745 1610 παραδοθέντα
1772 1537 1882 1593 ὐπδ

385 1652 405 1685 t
440 1632 551 1686 τῶν
584 1632 746 1685 θείων
790 1631 1024 1703 Γραφῶν
1047 1632 1140 1686 καὶ
1159 1632 1270 1685 τῶν
1294 1631 1675 1687 ἀποστολικῶν
1696 1649 1881 1705 παρα-

379 1744 399 1778 t
443 1725 662 1789 δόσεων,
686 1726 743 1778 ἐν
766 1727 830 1794 τῇ
874 1724 1168 1797 Ἐκκλησία
1186 1726 1432 1793 γίνεσθαι
1470 1725 1798 1796 εὐχόμεθα.»

1376 312 1454 371 1N
1488 308 1658 373 CAN.
1700 304 1833 366 XXI
1876 304 2088 368 CONC.
2130 307 2421 372 GANGR.

3432 307 3565 376 1270

2063 442 2083 478 ι
2119 424 2322 482 riosatn
2353 442 2417 482 ac
2445 442 2757 500 operosam,
2777 432 3063 488 laudamus
3095 451 3109 488 :
3138 434 3437 493 dissolutos
3466 454 3566 492 an-

2066 537 2085 571 ι
2125 527 2229 575 tem
2258 528 2313 575 et
2339 520 2531 578 molles
2574 522 2629 579 in
2656 524 2898 582 vestibus
2929 526 3179 584 incessus
3208 543 3563 599 aversanmr;

2072 632 2092 665 ‹
2136 623 2190 669 et
2219 614 2413 671 domos
2461 616 2555 671 Dei
2600 617 2956 685 honoramus,
2993 629 3047 675 et
3079 622 3170 689 qui
3208 622 3343 676 ﬁunt
3388 623 3441 679 in
3497 626 3565 680 iis

2065 725 2083 761 ι
2124 717 2426 766 conventus
2475 719 2535 765 ut
2583 720 2805 767 sanctos
2838 721 2892 768 et
2950 713 3109 768 utiles
3158 716 3563 785 alttplcclimun,

2066 820 2085 853 ι
2131 816 2239 858 non
2274 804 2529 873 pietatem
2560 804 2615 858 in
2643 804 2894 861 domibus
2927 806 3289 870 includcntes,
3323 810 3429 863 sed.
3450 826 3567 864 om-

2065 909 2087 945 ι
2133 908 2254 948 nem
2294 895 2472 950 locum
2510 896 2564 951 in
2620 896 2713 951 Dei
2764 899 2985 952 nomine
3036 898 3361 954 tediiicatum
3394 899 3569 954 hono-

2064 1003 2083 1037 ι
2125 995 2349 1053 rantes;
2381 994 2435 1040 et
2464 1002 2586 1057 qua:
2636 988 2709 1043 [it'
2742 989 2795 1042 in
2837 988 2947 1058 ipsa
2987 988 3221 1046 ecclesia
3259 992 3579 1058 (σηιξη-δεμ.

2066 1096 2085 1128 ‹
2134 1091 2294 1133 onem
2355 1078 2424 1133 ad
2502 1078 2702 1149 publici
2761 1082 3053 1137 utilitatem
3120 1084 3455 1156 recipimus;
3509 1093 3567 1138 et

2065 1183 2087 1218 ι
2124 1166 2373 1237 insignes
2419 1168 2650 1224 fratrum
2702 1170 3110 1237 betteiicentias,
3146 1188 3268 1241 quae
3302 1183 3564 1244 tanquam

2064 1271 2083 1305 ι
2123 1255 2429 1312 secundum
2468 1259 2976 1316 traditiones'ﬁnnt
3014 1278 3111 1333 per
3149 1262 3450 1319 Ecclesiam
3504 1266 3562 1321 in

2060 1365 2081 1400 ι
2124 1362 2411 1419 pauperes,
2439 1351 2752 1419 lat-damus;
2782 1362 2838 1409 et
2868 1362 2925 1410 ut
2950 1354 3117 1411 semel
3146 1358 3416 1427 dicamus,
3444 1375 3587 1432 quae

2066 1458 2085 1495 ι
2123 1456 2151 1496 a
2182 1442 2380 1500 divinis
2407 1444 2706 1513 Scripturis
2738 1454 2792 1503 et
2825 1450 3142 1518 apostolicis
3176 1451 3577 1509 traditionibus.

2062 1550 2083 1587 ‹
2122 1538 2503 1593 commendata
2526 1545 2674 1606 sunt,
2710 1541 2763 1595 lu
2796 1540 3040 1596 Ecclesia
3077 1543 3191 1598 ﬁeri
3225 1552 3502 1613 optamus.
3532 1563 3554 1597 ι

372 1777 570 1867 ΒΑᾸΣ.
597 1777 960 1868 καὶῗΖΩΞῘΛΡ.
991 1777 1270 1867 Τιζιάδτιῖιν
1282 1777 1667 1884 νομιξομὲνων
1687 1777 1881 1886 ἐναρέ-

2055 1806 2252 1863 BALS.
2301 1817 2355 1863 et
2408 1806 2663 1866 ZONAR.
2712 1808 2850 1865 Cum
2901 1811 3149 1881 quaedam
3196 1826 3386 1883 opera.
3440 1828 3565 1883 qua

298 1923 411 1959 των
438 1905 692 1974 ἕργωνοί
719 1904 819 1974 τῆς
860 1904 1081 1959 συνόδου
1127 1903 1335 1973 ταύτης
1384 1903 1741 1968 κωλύσαντες
1798 1903 1884 1974 γί-

300 1995 491 2049 νεσθαι
525 1996 675 2069 παρά
705 1997 815 2051 τῶν
858 1992 1222 2063 πιστῶν,οἷον
1268 1998 1331 2051 τὺ
1386 1997 1770 2069 παρθενεύειν,
1806 1999 1885 2063 ὼς

299 2091 444 2161 τάχα
476 2090 571 2143 τοῦ
596 2091 777 2160 γάμου
806 2091 941 2161 πρὸς
971 2090 1248 2160 σωτηρίαν
1264 2089 1441 2161 ψυχῆς
1472 2090 1881 2161 ἐμποδίζοντος,

302 2178 363 2233 sb
390 2180 464 2250 μὴ
504 2179 791 2251 νηστεύειν
834 2180 896 2234 ἐν
950 2180 1195 2252 ἡμέραις
1251 2174 1339 2242 αἷς
1388 2180 1797 2252 ἀπαγορεύεται
1849 2182 1883 2253 ἠ

302 2270 555 2338 νηστεία,
587 2271 645 2323 τί
664 2268 814 2323 λύειν
851 2271 946 2324 τὸν
976 2270 1156 2340 γάμον
1184 2271 1271 2323 διὰ
1302 2271 1572 2326 δοκοῦσαν
1622 2273 1882 2345 ἄσκησιν,

302 2360 364 2414 τὸ
391 2362 468 2431 μὴ
500 2364 907 2433 τεκνοτροφεῖν,
942 2362 975 2432 ἢ
1014 2362 1379 2433 γηροϐοσκεῖν
1404 2363 1531 2428 τούς
1561 2367 1765 2434 γονεῖς,
1797 2365 1887 2421 διὰ

301 2454 403 2518 τὴν
432 2454 535 2521 τῆς
567 2454 771 2523 ἀρετῆς
802 2454 942 2526 τάχα
1000 2454 1288 2525 ἐργασίαν,
1348 2456 1445 2510 καὶ
1480 2457 1577 2510 δσα
1605 2456 1840 2513 τοιαῦτα
1865 2477 1883 2495 ο

300 2545 399 2599 νῦν
430 2544 575 2615 ὐπὲρ
602 2544 809 2599 τούτων
850 2545 1253 2616 ἀπολογοῦνται
1287 2547 1545 2615 λέγοντες
1590 2551 1677 2604 δτι
1701 2548 1890 2607 Ταῦτα

298 2635 588 2706 ὡρίσαμεν
617 2676 632 2697 ,
695 2637 818 2708 οὐχὶ
861 2640 989 2701 τούς
1036 2639 1227 2693 ἀσκεῖν
1282 2641 1643 2712 αἱρουμένους
1689 2644 1890 2698 ἀνακό-

300 2746 549 2796 πτοντες,
592 2727 728 2784 ἀλλά
791 2730 919 2795 τούς
951 2730 1039 2786 διὰ
1089 2729 1249 2786 τοῦτο
1306 2733 1886 2807 ὐπερηφανευομένους

1983 1904 2127 1959 bona
2166 1910 2219 1957 et
2262 1914 2325 1957 ex
2363 1902 2565 1957 virtute
2593 1900 2999 1965 existinmat-r,
3035 1903 3200 1973 hujus
3230 1906 3422 1977 synodi
3460 1906 3564 1964 Pa-

1986 2001 2101 2050 tres
2140 2008 2169 2048 a
2204 1992 2464 2049 fidelibus
2494 1993 2611 2047 ﬂeri
2648 1993 3067 2061 prohibuerint;
3103 2003 3157 2049 ut
3191 1996 3575 2066 virginitatem

1986 2101 2223 2154 servare,
2258 2095 2448 2156 utpote
2482 2103 2606 2143 cum
2636 2089 3044 2144 matrimonium
3077 2089 3145 2143 ad
3182 2091 3412 2145 salutem
3443 2091 3563 2146 ani-

1987 2198 2089 2237 me
2137 2181 2582 2252 impedimentum
2637 2181 2861 2249 afferat;
2916 2196 3022 2237 non
3051 2183 3301 2253 jejunat‘e
3339 2174 3563 2251 diebus,

1987 2275 2189 2343 quibus
2214 2274 2551 2346 prohibitum
2596 2283 2681 2330 est
2706 2275 2973 2346 jejunium
2998 2293 3011 2338 ;
3042 2277 3253 2330 solvere
3282 2278 3565 2332 matrimo-

1986 2369 2140 2422 nium
2195 2374 2419 2437 propter
2462 2380 2584 2422 eam
2630 2382 2749 2437 quae
2804 2367 3020 2422 videtur
3068 2368 3560 2434 exercitationem;

1988 2473 2097 2514 non
2152 2459 2299 2514 alere
2348 2458 2552 2515 liberos
2600 2457 2685 2513 vel
2736 2470 3012 2528 parentes,
3071 2468 3291 2530 propter
3344 2461 3569 2518 virtutis

1987 2553 2308 2607 exercitium
2358 2567 2375 2615 :
2404 2559 2461 2606 et
2506 2564 2849 2621 quacunque
2902 2558 3035 2607 sunt
3064 2553 3337 2619 ejusmodi
3372 2568 3386 2611 :
3419 2569 3566 2609 nunc

1990 2656 2090 2711 pro
2142 2641 2210 2695 iis
2254 2640 2588 2711 respondent
2639 2641 2925 2697 dicentes:
2959 2642 3111 2709 Quod
3150 2644 3263 2697 haec
3316 2644 3565 2700 decrevi-

1991 2746 2137 2794 mus,
2188 2747 2295 2787 non
2327 2748 2444 2797 eos,
2494 2734 2587 2803 qui
2622 2733 2812 2788 volunt
2861 2748 3141 2799 exercere,
3176 2747 3560 2806 amputantes.

298 2823 397 2874 καὶ
464 2822 879 2891 ἐπαιρομένους,
932 2825 1027 2877 καὶ
1080 2825 1243 2878 καινά
1286 2842 1407 2879 τινα
1433 2827 1583 2893 παρά
1612 2826 1709 2890 τάς
1738 2825 1883 2891 θείας

1995 2826 2085 2883 sed
2126 2840 2242 2893 eos,
2289 2812 2692 2898 qul'pmpterea
2731 2826 2951 2896 superbi
2988 2838 3043 2882 et
3074 2828 3373 2885 insolentes
3407 2831 3565 2897 ﬁunt,

295 2914 525 2983 Γραφὰς
544 2914 885 2984 εἰσάγοντας,
900 2915 1115 2987 διορθού
1126 2935 1298 2989 μενοι.
1316 2919 1505 2990 Ἡμεῖς
1528 2920 1636 2989 γὰρ
1655 2922 1751 2974 καὶ
1770 2921 1883 2974 τόδε

1995 2926 2045 2972 ει
2076 2930 2216 2971 nova
2253 2918 2502 2987 quadam
2554 2931 2753 2988 praeter
2792 2918 3009 2974 divinas
3041 2918 3357 2990 Scripturas
3393 2923 3568 2977 intro-

296 3010 392 3059 καὶ
434 3007 550 3060 τόδε
580 3009 981 3079 ἀποδεχόμεθα,
1012 3010 1111 3064 καλ.
1148 3012 1270 3065 τόδε
1347 3011 1732 3082 θαυμάζομεν,
1793 3013 1883 3066 καὶ

1995 3008 2224 3075 ducunt,
2284 3010 2644 3080 corrigentes.
2683 3007 2796 3067 Nos
2854 3012 3003 3066 enim
3044 3017 3099 3065 et
3159 3012 3263 3067 hoc
3319 3020 3375 3068 et
3429 3013 3566 3069 illud

296 3100 504 3165 ἐξεξῆς
532 3099 634 3155 ὅσα
662 3103 849 3166 αὐτοῖς
879 3103 1251 3175 ἀριθμοῦμεν,
1282 3105 1382 3159 καὶ
1410 3105 1686 3175 εὐχόμεθα
1705 3107 1883 3161 πάντα

1995 3102 2314 3171 recipimus,
2365 3108 2421 3158 et
2465 3101 2568 3157 hoc
2631 3102 2993 3167 admiramur,
3063 3104 3229 3177 427
3278 3115 3332 3161 et
3375 3106 3566 3163 eodem

294 3195 554 3264 γίνεσθαι
589 3196 732 3250 κατά
765 3197 865 3260 τὰς
890 3198 1041 3262 θείας
1066 3197 1295 3269 Γραφάς
1336 3198 1435 3252 καὶ
1497 3199 1598 3260 τάς
1647 3200 1886 3271 παραδό-

295 3305 419 3352 σεις
444 3290 545 3353 τὰς
578 3290 958 3365 ’ἀποστολικάς
990 3306 1005 3321 ’
1047 3290 1137 3345 διὰ
1189 3292 1288 3362 μὲν
1318 3290 1430 3345 τῶν
1461 3290 1621 3347 θείων
1655 3294 1887 3366 Γραφῶν

294 3384 486 3437 πάντα
518 3383 583 3435 τα
607 3383 902 3453 ἐγγράφως
934 3384 1306 3451 ἐντεταλμένα
1330 3388 1445 3450 τοῖς
1470 3388 1683 3450 πιστοῖς
1710 3388 1886 3462 ὐπεμ-

293 3480 597 3548 φήναντες,
634 3477 725 3530 διὰ
755 3478 812 3531 δὲ
849 3477 961 3531 τῶν
998 3480 1357 3549 παραδόσεων
1392 3481 1459 3534 τὰ
1477 3481 1587 3534 τῶν
1612 3480 1882 3550 ἀγράφων

292 3569 443 3622 ἐθῶν
476 3567 832 3634 αἰνιξάμενοι.
864 3569 971 3621 Καὶ
1009 3570 1074 3623 τά
1100 3570 1325 3640 ἄγραφα
1355 3572 1464 3641 γὰρ
1492 3572 1587 3641 ἔθη
1618 3576 1685 3626 τά
1713 3574 1889 3645 χρόνῳ

292 3660 708 3729 δοκιμασθέντα
728 3661 823 3714 καὶ
858 3662 1195 3731 κυρωθέντα,
1249 3662 1343 3716 καὶ
1383 3663 1432 3716 οἱ
1461 3665 1561 3734 τῆς
1586 3666 1866 3733 πολιτείας

292 3761 458 3828 νόμοι
483 3758 702 3826 κρατεῖν
727 3772 785 3807 τε
814 3757 905 3808 καὶ
927 3757 1169 3823 ἐνεργεῖν
1188 3756 1527 3821 θεσπίζουσι,
1560 3759 1650 3810 καὶ⁹
1675 3759 1724 3811 oi
1751 3757 1887 3815 θεῖοι

296 3850 557 3911 κανόνες.
598 3849 703 3902 Καὶ
738 3850 764 3901 ό
801 3848 977 3917 μέγας
1023 3849 1093 3900 τά
1157 3848 1341 3902 πάντα
1415 3848 1701 3913 Βασίλειος
1759 3853 1888 3923 περὶ

295 3948 400 4007 τῆς
438 3942 647 3996 τούτων
678 3941 931 4012 φυλακῆς
970 3940 1183 4013 μακρὸν
1246 3942 1529 3995 ἀποτείνει
1573 3943 1667 3998 τὸν
1724 3944 1887 4014 λόγον

299 4040 359 4092 ἐν
382 4036 673 4105 ’διαφόρως
707 4036 888 4103 λόγοις
917 4036 1105 4090 αὐτοῦ.

374 4129 600 4182 ΑΡΙΣΤ.
640 4128 743 4181 «Ἢ
799 4128 1049 4199 παροῦσα
1083 4126 1324 4191 σύνοδος,
1353 4130 1448 4183 καὶ
1475 4130 1543 4183 δι’
1590 4131 1756 4196 άλλας
1784 4133 1885 4203 μὲν

303 4222 766 4292 ἐκκλησιαστικάς
832 4220 1020 4292 χρείας
1083 4220 1437 4287 συνελθοῦσα,
1491 4222 1779 4296 ζητήσασα
1824 4226 1883 4282 δὲ

304 4316 399 4368 καὶ
459 4315 525 4368 τά
578 4315 719 4367 κατά
774 4314 865 4367 τὸν
922 4312 1245 4376 Εὐστάθιον,
1288 4317 1383 4369 καὶ
1433 4316 1669 4386 εὑροῦσα
1712 4320 1879 4373 πολ.λά

303 4408 559 4477 ἀθέσμως
588 4406 692 4459 ὐπδ
719 4406 827 4457 τῶν
858 4405 986 4473 περὶ
1038 4405 1201 4459 αὐτὸν
1228 4405 1319 4460 τὸν
1369 4408 1672 4464 Εὐστάθιον
1728 4414 1874 4479 γινό-

308 4518 469 4562 μενα.
503 4499 629 4561 τοὺς
662 4497 892 4560 κανόνας
916 4497 1142 4555 τούτους
1174 4498 1409 4565 ἐξέθετο,
1438 4501 1525 4554 ἵνα
1557 4503 1632 4572 μὴ
1671 4504 1750 4566 είς
1780 4507 1878 4576 τὴν

301 4586 515 4652 αἵρεσιν
548 4584 747 4640 αὐτῶν.
774 4585 892 4654 ἤτοι
923 4583 1032 4637 τῶν
1066 4586 1466 4640 Μασσπλιανῶν
1496 4608 1552 4643 τε
1587 4592 1680 4645 καὶ
1716 4593 1878 4664 Εὐχι-

296 4680 438 4738 τῶν,
486 4678 869 4745 ὲμπίπτωμεν.
916 4671 1071 4731 Οὗτοι
1129 4677 1237 4748 γὰρ
1282 4680 1376 4732 καὶ
1429 4682 1660 4749 νόμιμον
1698 4686 1877 4753 γάμον

295 4767 578 4831 ἀθετοῦσι,
609 4767 703 4820 καὶ
734 4771 867 4834 κρέα
892 4767 1286 4838 βδελύττονται,
1310 4769 1420 4821 τῶν
1450 4771 1754 4842 ἐκκλησιῶν
1782 4774 1878 4827 καὶ

294 4863 413 4915 τῶν
445 4862 844 4932 θυσιαστηρίων
872 4862 1275 4931 καταφρονοῦσι
1329 4864 1422 4916 καὶ
1452 4866 1559 4919 τῶν
1583 4867 1671 4920 ἐπ’
1696 4867 1879 4932 αὐτοῖς

297 4955 608 5026 γινομένων
640 4954 911 5020 συνάξεων
939 4970 954 4984 ·
988 4958 1083 5008 καὶ
1117 4955 1221 5027 ἰδίᾳ
1259 4958 1661 5025 ἐκκλησιάζειν,
1702 4961 1794 5015 καὶ
1820 4964 1878 5016 ἐν

296 5051 419 5112 τοῖς
446 5047 753 5116 εὐκτηρίοις
784 5045 964 5100 αὐτῶν
992 5046 1337 5101 διδάσκουσιν
1366 5046 1645 5118 εὔχεσθαι,
1678 5050 1772 5103 καὶ
1797 5050 1879 5104 δι-

298 5134 599 5198 δασκαλίας
624 5134 781 5201 ίδίας,
814 5135 909 5187 καὶ
930 5134 1182 5199 συνάξεις
1204 5135 1535 5204 ποιούμενοι,
1565 5138 1717 5209 παρὰ
1741 5139 1881 5207 γνώ-

306 5244 418 5295 μην
476 5227 775 5281 ἐπισκόπου
806 5227 840 5298 ἥ
899 5227 1265 5296 πρεσϐυτέρου
1297 5226 1367 5280 τά
1396 5228 1495 5296 τῆς
1542 5227 1879 5299 Ἐκκλησίας

303 5318 520 5373 τελοῦσι
552 5319 847 5390 μυστήρια’
882 5319 978 5373 καὶ
1012 5318 1199 5384 ἁπλῶς
1236 5319 1417 5373 πάντα
1447 5321 1649 5374 κανόνα
1683 5322 1881 5392 ἐκκλη-

307 5414 587 5467 σιαστικὸν
612 5412 1064 5483 παραϐαίνοντες,
1086 5412 1285 5481 νόμους
1313 5411 1526 5482 ἔχουσιν
1556 5413 1880 5480 ἱδιάζοντας,

310 5505 514 5573 μᾶλλον
546 5505 602 5558 δὲ
635 5506 866 5567 ἕκαστος
915 5505 1114 5566 αὐτῶν,
1166 5506 1303 5574 ὅπερ
1339 5507 1405 5559 ἂν
1457 5507 1738 5577 ἐνθυμηθῇ
1785 5510 1879 5562 ἐπὶ

306 5598 527 5667 διαϐολῇ
578 5597 680 5666 τῆς
740 5595 1065 5665 Ἐκκλησίας
1116 5596 1208 5649 καὶ
1250 5595 1445 5650 ἑαυτοῦ
1491 5597 1685 5670 βλάϐῃ,
1719 5598 1878 5653 τοῦτο

307 5688 657 5759 προστίθησι.
685 5690 781 5743 Διά
808 5687 981 5742 ταῦτα
1009 5688 1103 5742 οῦν
1134 5690 1167 5758 ἡ
1195 5689 1325 5756 ἁγία
1361 5688 1503 5761 αὐτη
1537 5690 1753 5753 σύνοδος
1780 5692 1877 5760 τῆς

308 5782 570 5849 αἱρέσεως
611 5782 784 5835 αὐιῶν
827 5779 1083 5850 κατννᾲςφ
1118 5780 1341 5850 vagiat},
1379 5782 1471 5845 καιὶ
1525 5780 1709 5834 τούσδε
1754 5780 1879 5844 τοὺς

1991 3209 2101 3267 quo
2132 3193 2204 3249 illi
2238 3194 2431 3250 ordine
2485 3196 2787 3259 habemus,
2850 3204 2904 3251 et
2942 3197 3125 3251 omnia
3168 3200 3281 3252 lieri
3314 3208 3569 3269 optamus

1991 3288 2293 3344 secundum
2325 3287 2539 3343 divinas
2568 3287 2884 3359 Scripturas
2916 3296 2967 3342 ct
2999 3290 3319 3347 traditiones
3348 3303 3572 3363 apostn.

1991 3380 2127 3435 licas
2154 3397 2169 3436 ι
2213 3395 2307 3450 per
2350 3380 2567 3435 divinas
2597 3380 2815 3452 quidem
2864 3382 3181 3453 Scripturas
3209 3387 3416 3449 omnia,
3448 3403 3569 3456 qnze

1992 3474 2249 3531 fidelibus
2300 3473 2353 3529 in
2392 3475 2615 3545 scriptis
2665 3475 2921 3531 mandata
2972 3486 3122 3539 sunt.
3155 3477 3564 3548 signiﬁcantes;

1991 3582 2087 3636 per
2120 3566 2447 3623 traditiones
2484 3577 2663 3621 autem
2699 3581 2805 3621 non
2838 3566 3076 3637 scriptos
3108 3583 3289 3624 m0rcs
3333 3569 3569 3624 innuen-

1992 3665 2094 3714 tes.
2123 3656 2243 3713 Non
2303 3658 2541 3728 scriptos
2568 3658 2713 3713 enim
2749 3673 2931 3715 mores
2965 3669 3206 3730 tempore
3236 3663 3567 3731 approbatos

1989 3758 2043 3805 ct
2078 3753 2456 3814 confirmatos,
2493 3751 2639 3822 leges
2688 3765 2911 3820 quoque
2964 3752 3155 3808 civiles
3203 3754 3569 3810 ohservarict

1990 3844 2173 3899 valere
2217 3844 2546 3911 decernunt,
2597 3854 2647 3900 ct
2702 3844 2873 3899 divini
2922 3860 3185 3901 canones.
3222 3846 3287 3901 Et
3336 3862 3568 3918 magnus

1988 3938 2154 3991 ctiam
2189 3938 2242 3992 in
2287 3939 2453 3993 rebus
2488 3937 2740 3993 omnibus
2775 3936 3009 3993 Basilius
3059 3940 3125 3993 de
3157 3954 3348 3993 eorum
3380 3941 3572 3997 obser-

1988 4032 2212 4087 vatione
2243 4031 2299 4085 in
2331 4030 2518 4084 multis
2550 4033 2669 4087 suis
2708 4030 3051 4086 orationibus
3085 4031 3205 4087 fuse
3243 4034 3507 4103 loquitur.

2061 4124 2287 4180 ARIST.
2320 4126 2409 4180 «In
2428 4141 2603 4179 omnes
2624 4123 2882 4181 Canones.
2917 4122 3039 4180 "me
3063 4140 3303 4196 praesens
3326 4129 3567 4199 synodus

1987 4222 2040 4267 ct
2075 4223 2298 4284 propter
2333 4212 2470 4268 alias
2520 4214 2930 4268 ecclesiasticas
2958 4223 3147 4268 coacta
3183 4218 3567 4281 necessitates,

1986 4302 2274 4370 inquirens
2307 4302 2473 4356 etiam
2508 4301 2562 4355 in
2600 4317 2663 4357 ea
2696 4317 2817 4371 qua:
2847 4305 2913 4355 ad
2940 4301 3287 4360 Enstathium
3323 4307 3569 4377 pertine—

1988 4394 2141 4460 bant.
2201 4402 2255 4449 et
2303 4392 2589 4449 inveniens
2642 4394 2811 4449 multa
2885 4397 2953 4451 ab
3013 4397 3287 4453 Enstalltil
3339 4400 3567 4455 asseclis

1989 4484 2190 4554 injuste
2231 4482 2368 4538 facta
2392 4526 2407 4549 ,
2444 4484 2610 4539 hosce
2640 4498 2882 4539 canones
2928 4486 3209 4557 exposuit,
3244 4504 3311 4543 ne
3349 4487 3402 4542 in
3436 4487 3581 4543 ἱειοιι

1991 4594 2109 4632 rum
2144 4578 2225 4633 vel
2269 4580 2434 4632 etiam
2470 4574 2926 4634 Massalianorum
2971 4588 3024 4634 et
3062 4580 3421 4636 Euchitarttm
3453 4580 3565 4636 ha:-

1978 4671 2154 4723 ~rcsim
2216 4669 2612 4726 incideremus.
2667 4669 2729 4724 lll
2796 4670 2943 4725 enim
3009 4671 3281 4743 legitimas
3347 4671 3565 4742 nuptias

1989 4760 2374 4827 criminantur,
2398 4773 2452 4815 et
2475 4777 2691 4817 carnem
2715 4762 3079 4828 detestantur,
3102 4765 3367 4821 ecclesias
3386 4774 3565 4819 autem

1988 4860 2041 4907 et
2071 4854 2263 4906 altaria
2294 4854 2631 4923 contemptui
2656 4853 2884 4920 habent,
2917 4865 2977 4910 ut
3003 4865 3053 4911 et
3077 4865 3383 4911 conventus
3414 4855 3468 4908 in
3495 4855 3565 4910 iis

1989 4944 2158 4999 factos
2202 4962 2215 4997 :
2250 4951 2303 4999 et
2331 4944 2582 5012 privatim
2617 4946 2962 5012 concionari,
2993 4947 3130 5003 etin
3158 4947 3273 5002 suis
3305 4944 3564 5004 oratoriis

1989 5043 2200 5109 precari
2226 5036 2446 5103 docent,
2470 5048 2523 5094 et
2547 5040 2788 5110 privatas
2816 5038 3209 5096 instructiones
3234 5048 3288 5094 et
3320 5052 3563 5095 conven-

1991 5128 2155 5185 ticula
2197 5129 2465 5186 facientes
2492 5138 2692 5201 praeter
2735 5130 2976 5202 episcOpi
3005 5139 3100 5185 aut
3132 5130 3430 5202 presbyteri
3462 5145 3563 5187 vo-

1991 5221 2249 5277 luntatem
2283 5220 2664 5278 ecclesiastica
2711 5223 2995 5278 celebrant
3027 5224 3289 5294 mysteria
3320 5240 3334 5289 ;
3362 5233 3417 5278 et
3448 5240 3565 5280 om-

1990 5332 2114 5372 nem
2143 5315 2367 5371 omnino
2414 5314 2854 5371 ecclesiasticum
2882 5314 3262 5369 transilientes
3292 5328 3561 5369 canonem

1991 5409 2232 5479 privatas
2289 5406 2497 5462 habent
2558 5408 2739 5477 leges,
2797 5406 2882 5463 vel
2943 5408 3122 5478 potius
3184 5407 3565 5478 unusquisque

1989 5516 2178 5557 eorum
2209 5500 2474 5573 quidquid
2507 5502 2573 5555 ad
2605 5499 2863 5555 Ecclesia:
2906 5500 3234 5554 calumniam
3258 5540 3273 5564 ,
3309 5508 3361 5553 et
3390 5500 3564 5569 ipsius

1990 5595 2039 5648 d.
2062 5594 2377 5649 trimentum
2412 5594 2598 5648 animo
2623 5592 2887 5662 concipit,
2926 5590 3057 5646 illud
3091 5589 3317 5663 profert.
3354 5590 3564 5646 Idcirco

1987 5698 2178 5742 sancta
2215 5690 2327 5743 inec
2362 5688 2602 5761 synodus
2634 5703 2758 5743 cum
2793 5686 3046 5743 ltzcresitn
3074 5702 3264 5740 corttm
3297 5702 3399 5741 suo
3440 5683 3557 5740 sufo

1988 5780 2159 5849 lragio
2177 5780 2618 5848 condemnasset,
2649 5790 2704 5838 et
2730 5781 2897 5839 hosce
2920 5781 3264 5852 exposuisst't
3302 5791 3560 5841 canones,
