4014 6224
491 302 623 369 1271
1755 307 1856 365 T11
1867 307 2035 369 E01).
2067 311 2069 315 ’

2173 308 2472 367 LSAMON
3596 304 3733 370 '12?!

486 434 583 477 eos
613 428 766 475 extra
819 418 1118 475 Eeclesiam
1172 433 1294 475 esse
1339 418 1551 475 statuit.
1598 420 1655 474 Si
1704 418 1830 489 quis
1869 419 2053 488 itaque

2172 417 2386 482 ιανόνας
2421 415 2712 487 ἐκθεμένη,
2752 418 2905 480 ἐκτὸς
2942 416 3139 480 αὐτοὺς
3173 410 3313 470 εἶναι
3358 418 3455 487 τῆς
3497 416 3731 490 Ἐκκληο

492 513 576 568 vel
613 512 835 581 nuptias
872 510 1153 580 legitimas
1197 510 1506 579 improbat,
1544 510 1627 565 vel
1652 525 1774 564 eum
1817 509 2061 577 qui'caro

2172 508 2284 573 σίας
2314 508 2667 580 προσέταξεν.
2698 509 2763 563 Et
2789 525 2873 569 τις
2902 509 3034 575 γοῦν
3064 508 3097 580 ἢ
3148 508 3239 561 τὸν
3282 509 3516 577 νόμιμον
3557 508 3733 576 γάμον

492 619 618 660 nem
651 601 889 658 comedit
924 610 1120 669 prater
1156 600 1478 657 sutl‘ocatam
1509 613 1564 656 et
1603 600 1766 657 idolis
1803 600 2056 655 immola-

2172 603 2365 665 ἀθετεῖ,
2397 602 2430 674 ἢ
2462 602 2553 657 τὸν
2605 603 3038 673 κρεωφαγοῦντα
3087 602 3406 670 κατακρίνει
3460 603 3582 672 δίχα
3619 620 3738 656 πνι-

492 704 603 750 tam
629 735 645 759 ,
693 693 1058 756 condemnat,
1091 692 1177 747 vel
1206 707 1396 748 servos
1433 692 1463 747 ὲ
1505 692 1743 747 dominis
1776 691 2057 753 recedere,

2172 693 2295 748 κτοῦ
2321 694 2353 765 ἢ
2386 693 2744 748 είδωλοθύτου
2766 695 2837 764 ’ἢ
2878 694 3101 757 δούλους
3124 694 3367 747 διδάσκει
3400 694 3511 746 τῶν
3543 696 3739 748 δεσπο-

490 789 709 857 pietatis
739 794 1022 856 praetextu,
1050 794 1105 842 et
1127 786 1491 843 ministerium
1518 801 1677 840 suum
1706 794 2061 841 contemnere

2172 784 2271 838 τῶν
2348 785 2731 855 ὑπαναχωρεῖν
2800 785 3076 856 προφάσει
3106 783 3438 846 θεοσεϐείας,
3492 784 3589 836 καὶ
3643 785 3739 852 τῆς

490 878 693 941 docet,
721 885 816 932 aut
855 878 1075 933 dubitat
1121 877 1307 932 divina
1354 878 1605 948 accipere
1639 884 1983 932 sacramenta
2032 892 2061 931 a

492 967 832 1040 presbyteris
862 969 956 1039 qui
998 983 1200 1025 uxores
1227 969 1468 1035 habent,
1501 968 1585 1025 vel
1633 970 1704 1025 ab
1728 969 1939 1025 aedibus
1966 969 2061 1024 Dei

490 1069 547 1117 et
594 1060 829 1116 ecclesia
892 1061 1159 1116 recedens
1196 1073 1257 1116 ut
1290 1075 1386 1116 eas
1445 1061 1592 1131 juste
1637 1061 2064 1117 contemnendas

492 1156 728 1215 ducens,
761 1161 814 1209 et
847 1151 1097 1220 privatim
1147 1154 1473 1208 concionem
1505 1152 1737 1216 habens,
1780 1152 1916 1208 alias
1967 1152 2065 1207 in-

494 1243 832 1300 structiones
878 1242 1105 1314 profert,
1137 1243 1222 1297 vel
1258 1253 1454 1311 praeter
1496 1242 1733 1312 episcopi
1788 1252 1878 1297 aut
1915 1258 2068 1312 pres-

498 1337 675 1407 byteri
698 1338 1051 1401 sententiam,
1081 1344 1139 1390 ut
1164 1350 1260 1392 eos
1286 1342 1666 1398 contemnens,
1692 1334 2066 1390 ecclesiastica

495 1428 708 1498 peragit
769 1427 1065 1498 mysteria,
1120 1426 1250 1496 quia
1305 1440 1433 1483 suas
1485 1441 1680 1497 preces
1737 1441 2068 1497 magnopere

496 1518 794 1586 praevalere
815 1517 1097 1588 opinatur,
1134 1525 1228 1572 aut
1261 1518 1420 1572 docet
1466 1518 1738 1572 fructuum
1763 1518 2067 1572 oblationes

497 1608 761 1665 Ecclesia
783 1610 909 1665 olim
940 1610 1119 1676 datas,
1152 1617 1207 1666 et
1238 1610 1303 1665 ad
1333 1611 1473 1665 bona
1507 1624 1671 1679 opera
1701 1617 1975 1679 erOgatas,
2017 1616 2072 1663 et

497 1700 566 1753 ab
592 1699 850 1770 episcopo
877 1707 931 1757 et
952 1700 1046 1769 {eis
1073 1700 1166 1770 qui
1204 1700 1271 1754 ad
1311 1715 1501 1755 eorum
1535 1698 2068 1754 administrationem

2166 875 2471 947 ὑπηρεσίας
2526 875 2708 930 αὐτῶν
2759 876 3124 945 καταφρονεῖν
3154 890 3167 904 ⁶
3199 875 3233 946 ἢ
3264 874 3596 944 διακρίνοιτο
3631 874 3740 927 τῶν

2166 968 2328 1021 θείων
2380 967 2737 1037 ἀγιασμάτων
2798 967 3125 1038 μεταλαϐεῖν
3186 966 3296 1020 ἀπὸ
3346 966 3740 1035 πρεσϐυτέρων

2168 1058 2531 1126 ύπογυναίων’
2562 1058 2594 1127 ἦ
2626 1057 2734 1110 τῶν
2762 1057 2925 1111 οἴκων
2952 1056 3046 1109 τοῦ
3080 1055 3214 1109 Θεοῦ
3248 1056 3343 1109 καὶ
3370 1057 3469 1126 τῆς
3506 1057 3740 1126 Ἐκκλη-

2172 1149 2289 1212 σίας
2323 1149 2644 1220 ἀναχωρεῖν,
2680 1149 2755 1211 ὡς
2784 1149 3295 1217 εὐκαταφρονήτους
3323 1148 3523 1209 αὐτοὺς
3551 1148 3740 1217 οἱόμε·

2171 1258 2282 1303 νος,
2337 1242 2430 1295 καὶ
2482 1240 2590 1312 ἰδίᾳ
2660 1239 3063 1311 ἐκκλησιάζων,
3141 1237 3495 1300 διδασκαλίας
3542 1239 3742 1307 ἑτέρας

2173 1332 2399 1385 ποιοῖτο⁹
2430 1332 2463 1402 ἢ
2495 1329 2645 1401 παρά
2688 1329 2911 1400 γνώμην
2940 1329 3241 1383 ἐπισκόπου
3273 1330 3305 1398 ἦ
3342 1329 3739 1398 πρεσϐυτέρου,

2169 1422 2245 1485 ὡς
2291 1422 2653 1493 καταφρονῶν
2706 1422 2908 1485 αὐτῶν,
2960 1422 3028 1474 τὰ
3072 1421 3171 1490 τῆς
3211 1421 3542 1489 Ἐκκλησίας
3595 1419 3744 1473 τελεῖ

2174 1515 2469 1584 μυστήρια,
2530 1513 2621 1566 διὰ
2672 1512 2734 1565 τὸ
2784 1514 2884 1581 τὴν
2936 1510 3248 1583 προσευχὴν
3304 1510 3470 1564 αὐτοῦ
3528 1511 3744 1579 μεγάλα

2175 1600 2382 1673 ίσχύειν
2409 1601 2636 1655 οἴεσθαι’
2688 1601 2721 1671 ἢ
2773 1600 3017 1654 διδάσκει
3043 1600 3139 1661 τὰς
3168 1596 3433 1652 ἀνέκαθεν
3466 1596 3579 1648 τῶν
3614 1596 3743 1665 χρό-

2172 1711 2277 1747 νων
2306 1692 2588 1762 διδομένας
2630 1690 3012 1764 καρποφορίας
3061 1693 3129 1761 τῇ
3184 1690 3502 1760 Ἐκκλησία,
3534 1690 3635 1741 καὶ
3668 1688 3743 1750 είς

498 1791 566 1846 ab
587 1792 707 1861 ipso
737 1791 1118 1862 designantur,
1150 1790 1412 1847 Ecclesiae
1439 1806 1546 1847 non
1570 1789 1786 1855 offerre,
1825 1791 1920 1847 sed
1965 1790 2066 1845 sibi

2172 1783 2416 1838 εὐποιίαν
2444 1782 2920 1853 κατακενουμένας
2940 1783 3092 1852 παρά
3121 1798 3179 1834 τε
3201 1779 3296 1833 τοῦ
3318 1782 3623 1833 ἐπισκόπου
3653 1780 3743 1833 καὶ

499 1892 594 1937 aut
624 1883 736 1938 illis
764 1885 858 1954 qui
893 1898 1083 1939 secum
1120 1892 1365 1940 sunteas
1392 1884 1544 1947 dare,
1581 1883 1666 1939 vel
1694 1882 2061 1952 virginitatem

500 1990 609 2030 non
638 1982 862 2046 prepter
888 1974 1061 2046 ipsam
1091 1975 1411 2043 bonitatem,
1456 1975 1804 2031 matrimonio
1823 1974 2063 2045 praefert,

496 2066 594 2124 sed
628 2076 687 2121 ut
720 2066 1130 2123 matrimonium
1171 2082 1505 2131 exsecrans,
1546 2076 1601 2124 et
1635 2068 1902 2124 adversus
1934 2081 2065 2123 con-

493 2160 715 2228 jugatos
739 2160 951 2225 elatus,
975 2161 1061 2217 vel
1092 2177 1200 2218 non
1231 2161 1489 2217 convenit
1532 2162 1600 2218 iis
1627 2161 1719 2232 qui
1754 2162 1821 2216 ad
1857 2176 2065 2232 agapen

498 2261 834 2322 congregant
870 2262 992 2321 post
1011 2252 1273 2309 Ecclesia:
1311 2253 1688 2310 dimissionem
1722 2254 1788 2308 ad
1828 2254 1985 2318 panis
2013 2262 2066 2308 et

480 2342 609 2405 vini
664 2343 1136 2414 participationem
1159 2384 1173 2410 ,
1215 2343 1308 2399 sed
1333 2359 1430 2399 eos
1460 2345 1641 2415 reiicit
1665 2384 1680 2408 ,
1720 2353 1777 2400 et
1824 2361 1948 2399 cum
1983 2344 2064 2401 eis

500 2435 907 2491 communicare
952 2442 1178 2490 vocatus
1219 2450 1316 2506 per
1361 2443 1734 2507 contemptum
1773 2448 1828 2489 et
1870 2451 2065 2505 super—

498 2526 641 2581 biam
668 2540 777 2580 non
811 2525 1069 2590 sustinet,
1098 2527 1182 2582 vel
1207 2541 1332 2582 cum
1362 2528 1573 2595 justitia
1617 2535 1673 2583 et
1706 2527 2062 2583 beneficentia

497 2619 851 2675 ditescentem
866 2626 1218 2686 aspernatur,
1240 2619 1322 2675 vel
1347 2626 1401 2673 et
1419 2634 1543 2674 eum
1570 2621 1663 2690 qui
1690 2621 1922 2675 sericam
1972 2635 2065 2674 ve—

500 2720 634 2763 stem
663 2708 859 2775 induit,
920 2708 1076 2765 ﬂocci
1132 2708 1283 2775 facit,
1316 2709 1434 2780 ipse
1468 2710 1759 2780 peregrina
1814 2710 2063 2780 quaedam

499 2803 818 2871 excogitans
877 2802 1233 2867 indumenta,
1274 2810 1333 2863 ut
1395 2817 1465 2858 ex
1519 2802 1588 2859 iis
1626 2806 1706 2859 ‘se
1773 2801 2064 2874 iustiﬁcari

504 2902 724 2961 putans,
751 2893 836 2947 vel
871 2893 1034 2947 etiam
1082 2893 1340 2949 mulieres
1383 2893 1630 2963 quaedam
1665 2892 1715 2949 si
1740 2893 2065 2948 vestimenta

499 2984 676 3039 virilia
720 2984 946 3039 induere
976 2984 1351 3053 inveniuntur,
1380 2985 1447 3040 ad
1487 2985 1801 3041 communis
1835 2985 2067 3040 femina.

501 3093 620 3131 rum
648 3075 881 3132 vestitus
927 3077 1140 3131 ruinam
1166 3117 1180 3143 ,
1213 3085 1267 3132 et
1300 3084 1561 3147 tanquam
1599 3082 1857 3146 putantes
1892 3090 1952 3132 se
1996 3089 2063 3131 ex

501 3174 567 3223 iis
598 3176 820 3224 sanctas
865 3175 919 3223 et
956 3167 1135 3237 justas
1170 3168 1367 3233 videri,
1422 3179 1517 3224 aut
1570 3183 1598 3222 a
1648 3169 1766 3225 suis
1811 3167 1945 3222 viris
2007 3176 2066 3222 ut

500 3261 718 3330 nuptias
751 3259 1088 3317 detestantes
1140 3269 1489 3331 separantur,
1526 3260 1610 3317 vel
1643 3259 1898 3330 pr0prios
1928 3259 2068 3314 libe-

502 3366 595 3405 ros
648 3351 1007 3422 relinquunt,
1054 3362 1110 3407 et
1157 3368 1266 3408 non
1301 3361 1360 3407 ut
1396 3352 1603 3409 liberos
1641 3366 1737 3408 eos
1761 3350 1940 3415 alunt,
1968 3364 2067 3406 nec

501 3451 769 3512 quantum
826 3445 880 3498 in
920 3458 981 3499 se
1030 3452 1117 3500 est
1147 3443 1214 3498 ad
1266 3444 1590 3515 religionem
1646 3442 2065 3500 convenientem

501 3548 596 3589 eos
651 3533 931 3600 excitant,
999 3530 1097 3589 sed
1159 3535 1571 3593 exercitationis
1646 3544 1910 3605 praetextu
1973 3548 2069 3589 eos

502 3626 806 3697 negligunt,
832 3633 886 3680 et
916 3639 1035 3695 quae
1061 3640 1276 3681 comam
1304 3627 1623 3683 muliebrem
1656 3627 1975 3691 detondent,
2012 3633 2070 3680 ut

504 3716 763 3785 pietatem
819 3715 1179 3783 simulantes,
1218 3716 1299 3771 vel
1350 3717 1470 3772 vice
1524 3733 1703 3785 versa,
1748 3717 1795 3774 si
1851 3717 2004 3772 liberi
2037 3731 2066 3775 δ

504 3809 823 3878 parentibus
866 3807 1118 3864 ﬁdelibus
1153 3807 1425 3873 resiliunt,
1452 3808 1714 3864 honorem
1747 3809 2069 3878 parentibus

504 3901 751 3957 debitum
801 3915 908 3956 non
944 3899 1279 3965 tribuentes,
1330 3907 1589 3969 tanquam
1623 3900 1878 3969 pietatem
1912 3898 2071 3952 nimi-

504 4006 626 4048 rum
650 3990 1027 4062 prazferentes,
1055 3988 1143 4045 vel
1180 3988 1226 4045 si
1259 3990 1385 4060 quis
1433 3988 1627 4043 tradita
1665 3989 1824 4043 nobis
1862 3987 2071 4057 jejunis

505 4084 959 4157 transgrediatur,
993 4090 1045 4138 et
1080 4080 1380 4152 profanans
1421 4079 1537 4136 dies
1576 4080 1647 4135 ab
1682 4073 1928 4136 Ecclesia
1954 4093 2073 4134 ser-

504 4177 620 4232 vari
643 4175 911 4239 sancitas,
944 4173 1226 4237 Dominica
1250 4172 1332 4227 vel
1352 4172 1593 4227 Sabbato
1619 4170 2072 4242 eligatjejunare,

505 4265 591 4320 vel
620 4274 924 4335 martyrum
957 4260 1410 4331 congregationes
1456 4266 1511 4313 et
1541 4272 1698 4313 sacra
1750 4273 1872 4328 qua:
1924 4258 1975 4311 in
2005 4256 2073 4312 iis

505 4358 645 4413 tlunt
666 4354 943 4428 mysteria,
978 4360 1039 4407 ut
1071 4366 1334 4421 arrogans
1364 4349 1761 4412 calumniatur,
1789 4360 1843 4405 et
1873 4348 2077 4405 abhor-

2168 1875 2279 1929 τῶν
2310 1875 2391 1939 είς
2420 1873 2516 1946 τὴν
2571 1873 2884 1944 οἰκονομίαν
2926 1872 3132 1927 τούτων
3168 1873 3297 1942 παρ’
3326 1872 3490 1927 αὐτοῦ
3537 1861 3741 1942 προϐεο

2171 1966 2479 2037 ὁλημὲνων,
2517 1966 2594 2037 μὴ
2616 1964 2947 2035 προσφέρειν
2975 1966 3042 2034 τῇ
3085 1964 3405 2034 Ἐκκλησία,
3446 1963 3563 2016 ἀλλ’
3591 1960 3741 2032 αὖτῷ

2168 2076 2226 2115 τε
2262 2059 2355 2112 καὶ⁸
2392 2060 2506 2123 τοῖς
2542 2058 2642 2113 σὺν
2695 2056 2867 2127 αὐτῷ,
2913 2056 2989 2122 ὡς
3028 2057 3228 2127 ἀγίοις,
3261 2058 3465 2121 ταύτας
3497 2056 3697 2110 διδόναι
3722 2071 3737 2087 ⁸

2168 2154 2328 2227 ἢτὴν
2366 2152 2665 2226 παρθενίαν
2693 2153 2769 2223 μὴ
2797 2150 2864 2207 δι’
2921 2151 3056 2207 αὐτὸ
3109 2151 3170 2206 τὸ
3225 2151 3389 2205 καλὸν
3427 2150 3520 2205 τοῦ
3554 2150 3739 2220 γάμου

2168 2245 2527 2318 προτιμᾶται,
2574 2244 2689 2299 ἀλλ’
2711 2244 2786 2309 ὡς
2814 2242 2906 2299 τὸν
2935 2244 3117 2315 γάμον
3169 2242 3617 2315 βδελυσσόμενος,
3650 2240 3741 2294 καὶ

2166 2338 2275 2390 τῶν
2302 2336 2705 2407 γεγαμηκότων
2732 2335 3206 2406 κατεπαιρόμενος
3231 2350 3245 2365 °
3274 2333 3308 2405 ἢ
3335 2334 3397 2387 οὐ
3428 2333 3741 2402 συνέρχοιτο

2166 2431 2276 2491 τοῖς
2326 2426 2660 2495 συγκαλοῦσι
2699 2427 2766 2480 δι’
2793 2426 3038 2499 ἀγάπην,
3066 2427 3208 2482 κατά
3245 2427 3343 2497 τὴν
3370 2426 3471 2495 τῆς
3515 2424 3746 2494 Ἐκκλη-

2169 2520 2289 2583 σίας
2327 2518 2618 2586 ἀπόλυσιν,
2657 2520 2737 2583 είς
2770 2519 3072 2590 μετάληψιν
3105 2520 3273 2591 ἄρτου
3305 2518 3401 2572 καὶ
3431 2519 3600 2581 οίνου,
3629 2516 3725 2570 ἀλλ

2169 2611 2355 2666 ἀθετεῖ
2410 2609 2653 2675 τούτους,
2704 2610 2799 2665 καὶ
2832 2611 3225 2681 συγκοινωνεῖν
3274 2608 3397 2680 μετ’
3429 2608 3614 2662 αὐτῶν
3644 2624 3742 2661 κα-

2166 2705 2450 2777 λούμενος,
2499 2707 2600 2763 οὐκ
2632 2707 2881 2778 ἀνέχοιτο
2921 2708 2988 2762 δι’
3018 2707 3349 2780 ὑπεροψίαν⁹
3386 2706 3419 2775 ἥ
3453 2706 3542 2760 τὸν
3573 2705 3741 2761 πλου-

2165 2796 2368 2852 τοῦντα
2403 2798 2542 2868 μετὰ
2593 2798 2939 2863 δικαιοσύνης
2993 2800 3087 2854 καὶ
3145 2798 3401 2862 εὐποιίας
3443 2797 3739 2861 ἐξουθενεῖο

2166 2889 2199 2959 ἢ
2231 2888 2326 2942 καὶ
2354 2889 2446 2943 τὸν
2485 2891 2719 2961 σηρικήν
2748 2890 2953 2960 ἐσθῆτα
2983 2890 3253 2962 φοροῦντα
3302 2888 3574 2959 φαυλίζει,
3614 2888 3741 2953 ξένα

2165 2978 2289 3031 τινὰ
2317 2978 2481 3042 ante;
2529 2980 2760 3033 ἐπινοῶν
2791 2979 3193 3051 ἀμφιάσματα,
3222 2980 3297 3043 ὡς
3336 2981 3400 3033 ὲκ
3434 2979 3643 3033 τούτων
3665 2980 3746 3032 δι-

2168 3069 2456 3125 καιοῦσθαι
2514 3071 2761 3141 οἰόμενος
2787 3088 2799 3102 ·
2835 3072 2868 3144 ἢ
2904 3073 2997 3126 καὶ
3040 3073 3299 3141 γυναῖκές
3325 3091 3473 3135 τινες
3508 3073 3558 3125 εί
3591 3072 3744 3144 εὑρί-

2169 3179 2385 3235 σκοιντο
2415 3162 2645 3235 ἀνδρικὰ
2684 3163 2878 3233 ἱμάτια
2930 3164 3391 3236 περιϐαλλόμεναι
3423 3165 3517 3218 ἐπὶ
3570 3182 3743 3218 καταο

2170 3252 2375 3309 πτώσει
2411 3254 2508 3322 τῆς
2537 3253 2724 3323 κοινῆς
2774 3257 2884 3309 τῶν
2934 3254 3216 3322 γυναικῶν
3269 3256 3618 3325 άμφιάσεως,
3652 3256 3743 3307 καὶ

2168 3342 2243 3405 ὼς
2271 3342 2336 3396 ἐκ
2366 3341 2835 3415 τούτωνοίόμεναι
2868 3346 3067 3413 σεμναὶ⁵
3093 3344 3273 3397 δοκεῖν
3304 3362 3363 3397 τε
3395 3344 3492 3397 καὶ
3513 3344 3743 3397 δίκαιαιθ

2170 3434 2203 3503 ἢ
2233 3432 2340 3487 τῶν
2389 3434 2535 3490 ίδίων
2564 3433 2798 3505 ἀνδρῶν,
2837 3434 2913 3499 ὡς
2958 3438 3052 3488 τὸν
3085 3435 3262 3506 γάμον
3293 3436 3740 3504 βδελυσσόμεναι,

2169 3524 2602 3595 διαξεύγνυνται,
2632 3526 2666 3598 ἢ
2693 3527 2761 3581 τὰ
2790 3527 2968 3582 οἰκεῖα
2994 3528 3160 3581 τέκνα
3205 3526 3741 3597 καταλιμπάνονσαι,

2172 3617 2265 3670 καὶ
2298 3616 2375 3689 μὴ
2413 3618 2875 3688 τεκνοτροφοῦσαι
2925 3619 3121 3685 ταῦτα,
3155 3620 3252 3673 καὶ
3292 3619 3351 3673 τὸ
3380 3619 3505 3673 ὅσον
3537 3620 3626 3671 ἐπ’
3654 3620 3744 3672 αύ-

2171 3709 2295 3771 ταῖς
2340 3708 2475 3779 πρὸς
2507 3708 2817 3763 θεοσέϐειαν
2853 3709 2952 3781 τὴν
2991 3711 3378 3783 προσήκουσαν
3411 3709 3745 3777 ὑπαλείφον-

2175 3816 2287 3862 σαι,
2332 3798 2466 3853 ἀλλὰ
2518 3799 2790 3868 προφάσει
2822 3802 3113 3872 ἀσκήσεως
3165 3798 3469 3869 ἀμελοῦσαι
3513 3800 3741 3853 τούτων·

2176 3889 2271 3942 καὶ
2304 3888 2405 3959 τὴν
2447 3889 2627 3962 κόμην
2655 3890 2755 3961 τὴν
2788 3890 3111 3959 γυναικείαν
3150 3890 3629 3960 άποκειρόμεναι,
3671 3889 3743 3953 ὡς

2175 3980 2599 4052 ύποκρινόμεναι
2635 3982 2967 4035 θεοσέϐειαν*
2999 3982 3033 4053 ἢ
3068 3981 3229 4035 πάλιν
3256 3982 3305 4034 εί
3343 3982 3511 4034 τέκνα
3537 3982 3745 4050 πιστῶν

2173 4072 2377 4141 γονέων
2414 4073 2809 4144 ἀποσκιρτῶσι,
2852 4072 2950 4145 τὴν
2984 4073 3305 4144 πρέπουσαν
3334 4072 3499 4145 τιμὴν
3527 4075 3749 4142 γονεῦσι

2177 4165 2252 4237 μὴ
2281 4165 2643 4235 ἀπονέμοντα,
2675 4165 2750 4229 ὡς
2784 4165 3179 4237 προτιμώμενα
3216 4166 3380 4235 δῆθεν
3423 4169 3523 4236 τὴν
3552 4166 3749 4237 ⁸θεοσέ-

2176 4257 2350 4310 6ειαν’
2382 4257 2415 4328 ἦ
2449 4257 2499 4309 εί
2522 4256 2853 4329 παραϐαίνει
2885 4275 2969 4322 τις
2996 4258 3097 4322 τὰς
3132 4257 3590 4327 παραδεδομένας
3617 4259 3751 4327 ἡμῖν

2178 4347 2455 4418 νηστείας,
2489 4347 2584 4402 καὶ
2618 4349 2813 4402 κοινῶν
2843 4348 2948 4402 ὑπὸ
2980 4347 3081 4420 τῆς
3118 4348 3445 4421 Ἐκκλησίας
3483 4350 3751 4419 φυλάττε-

452 4508 464 4513 ,
506 4458 610 4509 ret.
653 4447 711 4503 Si
744 4445 867 4518 quis
892 4444 1059 4516 428
1085 4443 1269 4513 itaque
1302 4458 1368 4498 ex
1401 4441 1468 4496 iis
1497 4456 1618 4512 qua:
1650 4456 1816 4513 supra
1843 4455 2069 4496 enume-

2182 4439 2305 4494 σθαι
2330 4439 2856 4511 νενομοθετημένας,
2894 4440 2995 4511 τὴν
3034 4441 3324 4511 Κυριακὴν
3384 4441 3503 4512 ἢτδ
3530 4441 3753 4497 Σάϐϐα-

506 4548 724 4604 rantur,
737 4534 1036 4606 quidquam
1060 4531 1240 4589 facere
1253 4531 1698 4602 deprehenditur,
1725 4540 1780 4587 ut
1806 4546 1865 4586 se
1881 4537 2073 4585 contra

506 4644 602 4686 eos
641 4628 734 4699 qui
772 4625 1082 4696 simplicius
1130 4624 1361 4687 vivunt,
1404 4622 1663 4689 eﬂ‘erens,
1724 4632 1779 4678 et
1806 4620 2075 4677 ecclesia-

510 4721 681 4778 sticas
708 4717 1028 4775 transiliens
1072 4716 1219 4784 leges
1264 4723 1318 4771 et
1359 4714 1738 4772 innovationes
1792 4730 1822 4771 e
1850 4714 2072 4786 propria

509 4811 765 4884 superbia
791 4806 1168 4872 introducens,
1200 4809 1274 4863 sit
1300 4808 1610 4862 anathema.
1647 4806 1893 4862 Ecclesia
1926 4807 2073 4863 enim

508 4905 879 4978 virginitatem
933 4917 1057 4959 cum
1091 4901 1278 4958 animo
1339 4901 1576 4957 demisso
1624 4899 1965 4964 admiratur,
2025 4908 2079 4953 et

510 4997 885 5056 secessionem
927 5009 955 5048 a
984 4993 1219 5065 negotiis
1269 4992 1625 5050 saecularibus
1684 4991 1873 5046 eodem
1915 4990 2077 5044 modo

511 5088 713 5147 factam
774 5087 1037 5150 admittit,
1089 5094 1143 5141 et
1193 5084 1585 5140 continentiam
1626 5096 1751 5137 cum
1810 5080 2078 5151 gravitate

479 5185 567 5231 et
621 5174 906 5244 religione,
955 5181 1011 5230 et
1061 5172 1431 5229 venerabilem
1512 5171 1843 5228 matrimonii
1915 5186 2075 5226 usum

509 5265 722 5321 honore
750 5264 1120 5336 prosequitur.
1157 5274 1213 5318 et
1239 5262 1463 5318 divitem
1512 5277 1633 5316 cum
1662 5261 1879 5332 justitia
1901 5271 1956 5318 et
1988 5261 2079 5317 be-

510 5355 799 5413 neﬁcentia
846 5370 958 5411 non
1017 5354 1166 5426 parvi
1208 5354 1444 5425 pendet,
1490 5362 1544 5409 et
1577 5353 1982 5425 simplicitatem
2022 5364 2077 5407 et

514 5446 887 5518 frugalitatem
953 5448 1409 5503 vestimentorum
1460 5461 1569 5501 non
1619 5454 1840 5516 propter
1879 5460 2073 5516 super-

516 5535 683 5600 biam,
706 5534 800 5590 sed
826 5544 1045 5607 propter
1070 5537 1239 5594 solam
1259 5536 1506 5607 corporis
1537 5551 1724 5590 curam
1757 5535 1874 5591 sine
1896 5536 2081 5589 curio-

518 5624 685 5683 sitate
734 5623 964 5693 factam,
1021 5628 1326 5699 approbare
1378 5626 1568 5692 novit;
1616 5626 2077 5698 quemadmodum

518 5729 629 5777 non
658 5715 897 5774 admittit
930 5721 1096 5776 etiam
1126 5735 1221 5777 eos
1244 5722 1334 5795 qui
1365 5720 1690 5789 dissolutas,
1722 5730 1775 5776 et
1812 5720 2077 5779 delicatas

2176 4548 2266 4584 τον
2304 4530 2541 4601 αἱρεῖται
2572 4530 2877 4600 νηστεύεινο
2912 4531 3072 4603 me;
3120 4531 3228 4586 τῶν
3267 4532 3559 4603 μαρτύρων
3634 4551 3755 4586 συν-

2177 4622 2350 4688 άξεις,
2380 4623 2490 4683 ,καὶ
2518 4622 2618 4685 τὰς
2661 4623 2719 4675 ὲν
2750 4622 2941 4686 αὐταῖς
2971 4624 3260 4695 γινομένας
3290 4625 3643 4695 λειτουργίας
3681 4626 3753 4689 ὡς

2176 4714 2526 4784 ὑπερήφανος
2551 4713 2857 4769 διαδάλοιτο
2907 4714 3001 4768 καὶ
3037 4714 3372 4785 βδελύττοιτο
3390 4733 3404 4747 ·
3428 4719 3482 4771 ετ
3506 4735 3597 4783 τις
3629 4718 3755 4787 γοῦν

2178 4807 2242 4860 ὲκ
2272 4805 2379 4858 τῶν
2402 4804 2609 4860 ἀνωθεν
2633 4806 2835 4877 άπηριθ
2844 4824 2916 4877 μη
2926 4806 3105 4875 μένων
3130 4807 3435 4877 εὑρίσκοιτό
3460 4826 3512 4861 τι
3550 4811 3753 4874 ποιῶν,

2176 4899 2252 4960 tit;
2282 4899 2753 4970 κατεπαιρόμενος
2782 4898 2892 4952 τῶν
2922 4898 3307 4971 ἀφελεστέρως
3336 4900 3629 4971 βιούντων,
3665 4902 3754 4955 καὶ

2176 4989 2304 5052 τοὺς
2367 4989 2861 5059 ἐκκλησιαστικοὺς
2923 4988 3286 5061 παραϐαίνων
3338 4991 3608 5062 θεσμοὺς,
3665 4992 3754 5046 καὶ

2178 5081 2504 5148 καινισμοὺς
2538 5080 2777 5150 είσάγων
2810 5080 2871 5146 ἐξ
2929 5081 3069 5146 ίδίας
3116 5082 3423 5154 ’ὑπεροψίας
3453 5097 3472 5115 θ
3502 5085 3752 5157 ἀνάθεμα

2178 5171 2339 5226 ἔστω.
2379 5172 2445 5226 Ἥ
2474 5171 2583 5241 γὰρ
2606 5171 2905 5242 Ἐκκλησία
2933 5171 3030 5224 καί⁵
3060 5172 3364 5243 παρθενίαν
3393 5176 3539 5245 μετὰ
3565 5194 3751 5230 ταπειο

2176 5263 2510 5335 νοφροσύνης
2539 5262 2833 5333 θαυμάζει,
2883 5262 2976 5316 καὶ
3044 5263 3394 5334 ἀναχώρησιν
3436 5265 3552 5319 τῶν
3601 5270 3750 5335 ἐγκο-

2179 5355 2354 5426 σμίων
2393 5354 2734 5426 πραγμάτων
2761 5352 3024 5417 ὡσαύτως
3062 5354 3355 5425 γινομένην
3403 5356 3743 5429 ἀποδέχεται,

2179 5448 2275 5502 καὶ
2324 5446 2651 5517 ἐγκράτειαν
2707 5444 2847 5515 μετά
2896 5445 3228 5515 σεμνότητος
3286 5444 3382 5500 καὶ
3411 5446 3742 5510 θεοσεϐείας,

2179 5539 2272 5593 καὶ
2295 5538 2498 5608 σεμνὴν
2528 5538 2794 5605 διοῖκησιν
2822 5539 3001 5607 γάμου
3031 5538 3191 5608 τιμᾷ,
3223 5538 3318 5591 καὶ
3352 5538 3587 5592 πλοῦτον
3618 5538 3743 5609 μετᾶ

2178 5630 2527 5699 δικαιοσύνης
2551 5629 2644 5683 καὶ
2664 5628 2911 5693 εὐποιίας
2932 5628 3031 5682 οὐκ
3055 5628 3345 5696 ἑξουθενεῖ,
3372 5631 3467 5683 καὶ
3491 5630 3742 5700 λιτότητα

2182 5722 2274 5777 καὶ.
2303 5721 2602 5799 ,εὐτέλειαν
2630 5720 3035 5815 ἀμφιασμὲων
3073 5722 3149 5810 ea
3185 5720 3274 5808 διά
3302 5738 3489 5794 τυφον,
3516 5721 3657 5777 ἀλλὰ
3681 5720 3741 5773 δι’
