4014 6224
289 287 418 353 ιῖΙἹ

1326 293 1409 354 IN
1438 292 1604 373 CAN.
1643 293 1672 356 ι
1710 291 1922 362 cette.
1956 299 2016 359 ll
2055 298 2407 368 ANTIOtZH.

3392 310 3413 373 1
3424 309 3528 377 9.78

362 412 384 453 ἢ
426 402 630 471 φθορᾶς
660 399 778 472 (ιο)
809 400 906 455 καὶ
947 400 1284 471 διαστροφῆς
1317 400 1492 456 αῖτιον
1521 403 1847 473 γινόμενονο

2038 429 2058 464 ι
2099 413 2274 469 solum
2303 431 2400 471 eos
2461 431 2490 470 a
2540 416 2853 474 ministerlo
2897 416 3145 488 deponit,
3179 417 3274 473 sed
3303 428 3358 474 et
3380 420 3527 487 illos,

360 513 380 545 ι
422 497 517 546 καὶ
575 493 637 546 οὐ
693 492 857 564 μόνον
915 491 1045 556 τοὺς
1090 492 1373 558 τοιούτους
1432 495 1695 568 καθαιρεῖ
1754 495 1855 565 τῆς

366 604 385 635 ι
424 584 795 655 λειτουργίας,
824 584 963 638 ἀλλὰ
1007 584 1105 639 καὶ
1129 586 1259 649 τοὺς
1295 585 1616 656 τολμῶντας
1641 586 1852 653 τούτοις

365 693 384 727 ι
422 677 697 729 κοινωνεῖν
728 675 867 747 μετὰ
889 676 991 747 τὴν
1013 675 1353 747 καθαίρεσιν.
1382 676 1523 741 Τοὺς
1561 678 1619 736 δὲ
1657 678 1854 733 καθαι-

364 785 383 817 c
430 766 685 837 ρείιέντας
717 766 1147 839 ἀποστερεῖσθαι
1175 766 1272 822 καὶ
1299 770 1398 838 τῆς
1433 767 1636 833 ἔξωθεν
1660 768 1849 839 τιμῆς,

365 877 383 908 ι
427 852 496 927 ἦς
535 858 563 910 ό
606 857 768 926 ἅγιος
812 857 998 912 κανὼν
1039 856 1226 912 καὶτὸ
1263 856 1361 912 τοῦ
1400 854 1537 911 Θεοῦ
1580 858 1854 929 ίερατεῑον

362 968 380 999 ι
427 949 775 1020 μετείληφεν.
806 966 826 1002 ι

350 1042 548 1096 ΒΔΛΣ..
588 1043 722 1112 Περὶ
748 1043 850 1113 τῆς
883 1038 1083 1112 ἑορτῆς
1117 1041 1213 1095 τοῦ
1255 1039 1415 1109 ἁγίου
1466 1038 1680 1111 Πάσχα,
1714 1040 1848 1094 πότε

283 1134 491 1203 ὀφείλει
526 1132 795 1201 γίνεσθαι,
820 1131 1020 1195 ίκανῶς
1050 1132 1312 1203 διελήφθη
1347 1133 1406 1185 ὲν
1434 1130 1514 1203 τῷ
1541 1130 1587 1195 ζ’
1618 1135 1854 1187 ἀποστο-

284 1225 423 1293 λικῷ
460 1224 684 1277 κανόνι*
729 1225 828 1278 καὶ
869 1222 1150 1292 ἀνάγνωθι
1200 1221 1394 1277 τοῦτόν
1436 1236 1497 1277 τι
1544 1223 1640 1277 καὶ
1680 1222 1752 1277 τὰ
1796 1223 1855 1277 ὲν

286 1316 435 1386 αὑτῷ
466 1316 766 1386 γραφέντα.
798 1316 864 1370 Οἱ
895 1314 954 1369 δὲ
985 1314 1089 1385 τῆς
1131 1314 1416 1386 παρούσης
1447 1315 1669 1369 συνόδου
1702 1314 1854 1382 ἃγιοι

292 1406 530 1477 Πατίρες
563 1406 782 1474 λέγουσι
816 1406 888 1460 τὰ
912 1408 1046 1477 περὶ
1073 1406 1170 1477 τῆς
1205 1406 1466 1474 τοιαύτης
1500 1408 1698 1477 ἑορτῆς
1732 1406 1853 1476 ὁρι-

289 1496 482 1563 σθῆναι
521 1497 673 1569 παρὲ
721 1498 820 1564 τῆς
867 1496 1098 1567 πρώτης
1134 1494 1379 1552 συνόδου.
1417 1496 1508 1549 Ἐν
1559 1495 1693 1564 γοῦν
1740 1496 1855 1559 τοῖς

291 1589 477 1642 κανόσι
507 1590 620 1640 τῶν
652 1590 711 1641 ἒν
738 1589 784 1642 Ν
793 1591 946 1660 ικαίᾳ
968 1586 1228 1659 Πατέρων
1271 1587 1431 1641 τοῦτο
1459 1585 1557 1658 οὐχ
1588 1585 1817 1659 εὓρηται
1835 1600 1851 1615 ο

288 1681 364 1743 εις
387 1680 443 1734 δὲ
473 1679 541 1734 τὰ
577 1680 860 1750 πρακτικὰ
883 1681 986 1751 τῆς
1017 1679 1243 1751 πρώτης
1267 1680 1488 1735 συνόδου
1513 1679 1850 1750 εὑρίσκεται.

287 1772 425 1834 Τοὺς
460 1772 640 1825 τοίνυν
687 1771 1009 1841 τολμῶντας
1054 1771 1124 1825 τά
1168 1771 1312 1824 οὕτω
1345 1770 1689 1843 διορισθέντα
1729 1771 1860 1841 περὶ
1888 1752 1931 1810 Β

284 1861 377 1914 τοῦ
403 1863 594 1931 Πάσχα
616 1860 927 1927 καταλύειν,
949 1860 1047 1915 καὶ
1073 1861 1214 1931 μετὰ
1249 1861 1525 1916 Ἰουδαίων
1550 1859 1858 1932 ἑορτάζειν,

283 1953 507 2025 λαῖκους
542 1953 643 2021 μὲν
672 1951 834 2015 ὄντας
879 1953 977 2006 καλ⁵
1010 1952 1087 2023 μὴ
1120 1951 1372 2022 ἑτοίμους
1401 1950 1862 2015 εύσυνθετοῦντας

284 2043 423 2113 πρὸς
475 2043 573 2111 τὴν
618 2041 1085 2112 ὲκκλησιαστικὴν
1146 2041 1475 2112 παράδοσιν,
1526 2041 1665 2096 ἀλλὰ
1712 2040 1863 2108 φιλο-

282 2134 624 2199 νεικοῦντας,
698 2133 1029 2206 διορίζονται
1110 2134 1514 2204 ἀκοινωνησίας
1578 2132 1861 2196 παντελῶς

282 2226 544 2297 ἐπιτιμίῳ
577 2225 1130 2282 καθυποδάλλεσθαιο
1182 2227 1516 2298 ίερωμένους
1560 2225 1618 2281 δὲ
1660 2225 1860 2280 καθαι-

285 2320 505 2389 ρεῖσθαι
531 2333 547 2349 ⁸
592 2320 687 2371 καὶ
719 2317 780 2371 οὐ
809 2318 1005 2386 μόνους
1038 2317 1282 2383 τούτους,
1312 2317 1448 2372 ἀλλὰ
1471 2318 1565 2371 καὶ
1594 2317 1717 2379 τοὺς
1740 2334 1859 2370 κοι-

282 2411 588 2473 νωνοῦντας
614 2412 797 2475 αὐτοῖς
827 2414 964 2481 μετὰ
991 2411 1090 2482 τὴν
1113 2411 1457 2482 καθαίρεσιν.
1493 2411 1603 2464 Καὶ
1633 2408 1859 2475 τούτους

282 2505 343 2560 δὲ
377 2505 689 2571 κάκείνους,
722 2505 822 2559 σὺν
860 2507 926 2574 τῇ
957 2504 1383 2575 ἀλειτουργησίᾳ
1420 2504 1513 2557 καὶ
1540 2503 1639 2569 τῆς
1655 2501 1859 2569 ἔξωθεν

284 2595 382 2650 τοῦ
406 2595 667 2667 βήματος
684 2595 999 2667 ἀνηκούσης
1028 2597 1214 2659 αὐτοῖς
1244 2594 1541 2662 κανονικῆς
1560 2593 1732 2662 τιμῆς
1782 2592 1859 2657 ώς

288 2687 627 2756 ἱερωμένους
684 2685 1167 2757 ἀπαλλοτριοῦσιν.
1230 2683 1368 2738 Ούτε
1423 2684 1530 2754 γὰρ
1588 2683 1859 2756 καθέδρας

282 2777 409 2832 οὔτε
434 2778 683 2849 κλήσεως
704 2778 1122 2848 άξιωθήσονται,
1152 2775 1278 2831 οὗτε
1312 2780 1418 2848 μὴν
1444 2776 1634 2846 ἑτέρου
1658 2791 1857 2845 προνο-

288 2871 414 2941 μίου
440 2870 738 2941 ἱερατικοῦ.
777 2870 1095 2942 Σημείωσαι
1122 2868 1217 2924 οὖν
1260 2869 1368 2924 ἀπὸ
1409 2868 1602 2923 τούτου
1646 2868 1751 2931 δτι,
1807 2867 1857 2919 εί

288 2962 363 3032 μή
421 2964 541 3015 ἐστι
604 2959 849 3014 τοιοῦτον
910 2961 1054 3031 μέγα
1109 2960 1174 3013 τὸ
1228 2958 1507 3030 ἔγκλημα,
1572 2957 1642 3012 δι’
1693 2957 1722 3011 ό
1771 2971 1859 3020 τις

2034 527 2054 561 ι
2101 510 2194 578 qtti
2236 510 2442 564 audent
2490 510 2557 566 iis
2604 519 2724 580 post
2765 511 3161 578 depositionem
3212 511 3533 566 communi-'

2033 617 2055 653 ι
2100 610 2248 655 care.
2293 596 2586 671 Depositos
2616 609 2799 656 autem
2832 603 2996 656 etiam
3045 612 3275 658 externo
3306 597 3531 659 honore

2031 707 2052 743 ι
2097 691 2324 760 privari,
2353 691 2509 761 cujus
2540 699 2769 747 sanctus
2805 705 2982 745 canon
3033 700 3088 747 et
3132 691 3227 747 Dei
3278 692 3532 749 sacerdo—

2031 800 2050 835 ι
2098 783 2232 837 tium
2261 779 2363 836 fuit
2403 782 2700 854 particeps.
2748 799 2768 836 ι

2024 1050 2221 1108 BALS.
2272 1051 2346 1108 De
2387 1054 2526 1109 festo
2583 1061 2790 1108 sancta:
2829 1050 3077 1117 Paschre,
3109 1050 3334 1121 quando
3371 1049 3531 1105 debet

1957 1148 2072 1203 fieri
2095 1147 2232 1204 satis
2264 1155 2560 1203 tractatum
2595 1154 2677 1202 est
2707 1147 2761 1201 in
2788 1146 3024 1217 septimo
3054 1159 3264 1200 canone
3298 1152 3529 1215 aposto-

1958 1239 2184 1304 lico;et
2215 1239 2491 1309 legeettm,
2523 1244 2578 1293 et
2633 1240 2837 1308 qureitt
2897 1238 3078 1309 ipsum
3134 1237 3339 1304 scripta
3382 1246 3531 1291 sunt.

1957 1327 2255 1384 Praesentis
2281 1338 2463 1383 autem
2489 1327 2687 1401 synodi
2750 1330 2926 1384 sancti
2961 1328 3151 1382 Patres
3206 1326 3405 1381 dicunt
3465 1327 3534 1382 de

1957 1419 2059 1474 hoc
2086 1419 2224 1476 festo
2258 1435 2288 1475 tt
2320 1421 2497 1489 prima
2523 1420 2738 1492 synodo
2794 1420 2968 1475 fuisse
2997 1420 3302 1474 detinitum.
3356 1419 3536 1488 Atque

1958 1512 2060 1568 hoc
2106 1511 2160 1566 in
2211 1512 2515 1568 canonibns
2549 1511 2770 1567 Patrum
2804 1511 3037 1567 Nic-tense
3083 1510 3272 1581 synodi
3311 1526 3417 1563 non
3453 1514 3537 1565 in-

1956 1613 2175 1658 ventum
2207 1612 2319 1668 est;
2355 1602 2451 1659 sed
2503 1603 2559 1657 in
2603 1602 2741 1658 actis
2769 1602 2953 1671 primae
2986 1602 3178 1671 synodi
3235 1598 3533 1653 invenitur.

1958 1693 2069 1750 Eos
2097 1708 2228 1764 ergo
2244 1693 2336 1764 qui
2368 1693 2598 1759 audent,
2667 1707 2790 1763 quae
2833 1692 2898 1747 de
2931 1691 3139 1747 Pascha
3180 1690 3262 1745 sic
3308 1690 3533 1744 deﬁnita

1963 1795 2119 1850 sunt,
2150 1787 2363 1842 solvere
2397 1794 2601 1841 etcum
2633 1783 2841 1839 ludatis
2877 1782 3075 1839 festum
3130 1797 3314 1849 agere,
3351 1781 3395 1835 si
3423 1781 3537 1835 sint

1961 1878 2181 1947 quidem
2208 1876 2357 1941 laici,
2389 1884 2445 1932 et
2469 1877 2535 1931 ad
2554 1876 2993 1931 ecclesiasticam
3037 1873 3392 1927 traditionem
3424 1884 3533 1925 non

1962 1969 2122 2025 facile
2142 1968 2483 2038 redigantur,
2536 1966 2633 2022 sed
2694 1965 3044 2021 contentiose
3101 1965 3399 2026 resistant,
3437 1963 3536 2017 de-

1960 2067 2197 2117 cernunt
2252 2057 2498 2115 absolute
2549 2057 3134 2114 excommunicationis
3176 2056 3354 2126 pinnis
3402 2056 3535 2110 sub-

1962 2155 2059 2227 jici
2098 2172 2114 2221 ;
2155 2168 2255 2209 eos
2300 2167 2452 2219 vero,
2487 2152 2582 2223 qui
2622 2158 2752 2208 sunt
2801 2150 3031 2213 sacrati,
3069 2147 3313 2215 deponi:
3341 2155 3394 2201 et
3424 2162 3533 2200 non

1960 2246 2138 2303 solum
2162 2245 2332 2315 ipsos,
2368 2243 2463 2300 sed
2497 2251 2553 2300 et
2579 2258 2675 2299 eos
2703 2242 2796 2313 qui
2824 2242 2934 2297 illis
2963 2247 3089 2306 post
3122 2237 3531 2310 depositionem

1960 2338 2399 2392 communicant.
2429 2335 2573 2401 Quin
2609 2335 2773 2389 etiam
2825 2332 2895 2387 iis
2931 2332 3090 2402 ipsis,
3124 2346 3231 2385 una
3284 2344 3410 2383 cum
3447 2344 3535 2382 sa-

1953 2428 2179 2484 erorum
2211 2426 2667 2482 celebrandarum
2703 2425 3037 2496 privatione,
3079 2423 3346 2477 honorem
3393 2434 3536 2488 quo-

1959 2535 2066 2590 que
2094 2519 2442 2580 canonicum,
2497 2517 2589 2588 qtti
2652 2518 2718 2571 ad
2780 2516 2941 2581 Illos,
3000 2526 3188 2582 utpote
3239 2522 3520 2575 sacratos.

1957 2620 2113 2669 extra
2148 2625 2369 2668 sacrum
2405 2609 2643 2665 tribunal
2698 2609 2957 2681 pertinet.
3021 2607 3289 2662 adimunt.
3342 2604 3532 2674 Neque

1958 2706 2103 2761 enim
2138 2702 2409 2759 cathedra:
2440 2742 2456 2764 .
2508 2716 2689 2772 neque
2748 2700 3060 2756 vocationis
3122 2700 3331 2753 honore
3381 2696 3534 2765 digni

1960 2794 2311 2850 habebuntur
2344 2811 2357 2847 :
2386 2792 2481 2848 sed
2523 2808 2623 2847 nec
2675 2790 2784 2846 alio
2820 2789 3150 2846 sacerdotali
3217 2788 3531 2858 privilegio.

1959 2884 2099 2941 Nota
2125 2898 2257 2954 ergo
2284 2898 2347 2938 ex
2379 2884 2501 2945 hoc,
2547 2883 2691 2952 quod
2744 2882 2792 2937 si
2839 2895 2948 2935 non
2992 2886 3078 2934 est
3131 2876 3537 2946 magnum-cri-

1957 2986 2082 3030 men
2109 2982 2331 3044 propter
2356 2973 2501 3043 quod
2534 2973 2807 3042 quispiam
2841 2978 2929 3025 est
2950 2968 3260 3037 depositus,
3297 2966 3392 3020 sed
3418 2966 3536 3020 leve

286 3053 592 3124 καθῃρέθη,
642 3051 778 3106 ἀλλὰ
818 3051 1054 3121 ἐλαφρὸν
1092 3050 1277 3123 (τυχὸν
1299 3049 1548 3120 ιγάμησε
1588 3048 1729 3119 μετὰ
1756 3047 1856 3118 τὴν

1960 3067 2128 3136 (forte
2174 3066 2331 3121 duxit
2369 3079 2594 3120 uxorem
2619 3071 2743 3135 post
2802 3060 3257 3132 depositionem).
3319 3073 3382 3112 ea
3414 3072 3536 3127 qua:

287 3143 671 3216 xstpcmviavl,
704 3144 991 3215 ἐνεργήσει
1026 3142 1096 3197 τά
1137 3141 1243 3207 ἔξω
1287 3140 1381 3194 τοῦ
1425 3140 1705 3211 βήματος·
1744 3138 1857 3205 {Est

286 3235 344 3288 δὲ
371 3236 465 3288 καὶ
499 3234 597 3304 τὴν
626 3234 729 3297 ἔξω
750 3234 937 3304 τιμήν.
980 3232 1284 3300 Ἀνάγνωθι
1327 3230 1423 3284 καὶ
1454 3230 1656 3287 κανόνα
1689 3227 1734 3283 θ’
1754 3227 1858 3300 τῆς

286 3330 343 3381 ὲν
368 3327 769 3396 Νεοκαισαρείᾳ
798 3323 1041 3389 συνόδου,
1072 3325 1167 3376 καὶ
1192 3322 1289 3393 τῆς
1314 3321 1365 3377 ς’
1384 3321 1602 3375 συνόδου
1624 3321 1859 3385 κανόνας

285 3417 371 3472 κα¹
427 3418 521 3471 καὶ
558 3416 673 3481 σις’.

356 3510 604 3564 ΖΩΝΑΡ.
628 3508 798 3559 Φασὶν
836 3507 886 3559 oi
937 3506 1037 3575 τῆς
1086 3505 1310 3559 συνόδου
1353 3503 1560 3575 ταύτης
1601 3505 1727 3568 τοὺς
1757 3503 1859 3575 τῆς

286 3604 510 3673 πρώτης
545 3600 766 3655 συνόδου
788 3599 980 3666 ἁγίους
1004 3596 1255 3667 Πατέρας
1275 3598 1401 3668 ὅρον
1430 3596 1693 3650 ἐκθέσθαι
1727 3596 1858 3667 περὶ⁵

284 3697 381 3764 τῆς
433 3694 630 3763 ἑορτῆς
676 3690 773 3744 τοῦ
829 3690 1044 3759 Πάσχα,
1088 3688 1148 3752 ὃς
1194 3690 1251 3741 ὲν
1294 3691 1414 3751 τοῖς
1454 3687 1587 3759 παρ’
1626 3687 1858 3741 ἐκείνων

286 3786 717 3855 συντεθειμένοις
740 3781 963 3836 κανόσιν
983 3782 1081 3851 οὐχ
1103 3779 1333 3851 εὓρηται
1352 3795 1366 3809 ·
1395 3781 1493 3835 καὶ
1517 3778 1679 3832 τοῦτο
1704 3777 1857 3848 παρὰ

286 3882 507 3935 πάντων
562 3874 933 3946 φυλάττεσθαι
976 3874 1328 3940 ἀπαιτοῦσιν,
1376 3872 1411 3944 ἢ
1455 3872 1857 3942 ὰκοινωνήτους

282 3963 424 4021 εἶναι
458 3967 553 4021 καὶ
598 3966 940 4037 άποϐλήτους
984 3965 1085 4035 τῆς
1130 3965 1458 4037 Ἐκκλησίας
1500 3965 1629 4029 τοὺς
1658 3964 1735 4036 μὴ
1763 3963 1857 4018 τὸν

282 4065 408 4136 ὅρον
452 4063 661 4114 ἐκεῖνον
691 4058 997 4131 τηροῦντας
1041 4058 1291 4122 λαῖκούς.
1345 4059 1409 4113 Ei
1462 4058 1521 4113 δὲ
1565 4058 1856 4129 ίερωμένοι

284 4144 396 4202 εἷεν
443 4149 492 4201 οί
534 4146 614 4217 τῷ
657 4147 770 4217 ὅρῳ
829 4146 1025 4216 ἐκείνῳ
1078 4146 1512 4217 ἐναντιούμενοι,
1564 4147 1662 4201 καλ⁸
1715 4148 1856 4217 μετὰ

297 4240 567 4293 Ἰουδαίων
601 4238 776 4292 τελεῖν
803 4238 864 4291 τὸ
887 4238 1079 4309 Πάσχα
1101 4238 1429 4300 διδάσκοιεν,
1466 4238 1853 4308 καθαιρεῖσθαι

282 4331 509 4396 αὐτοὺς,
530 4330 622 4383 καὶ
654 4333 781 4390 τοὺς
812 4332 1092 4383 κοινωνεῖν
1134 4329 1457 4399 τολμῶντας
1491 4330 1680 4394 αὐτοῖς
1713 4330 1854 4401 μετὰ

1960 3167 2091 3213 sunt
2130 3165 2287 3211 extra
2321 3156 2568 3210 tribunal
2606 3160 2876 3224 peraget:
2906 3160 2960 3207 et
3016 3162 3307 3205 externum
3366 3151 3534 3203 etiam

1960 3252 2227 3305 honorem
2247 3249 2490 3304 habebit.
2527 3246 2671 3317 Lege
2694 3254 2747 3301 et
2778 3256 3048 3300 canonem
3079 3241 3534 3297 9Ni-ocaesarien-

1959 3342 2038 3399 sis
2061 3340 2279 3412 synoli,
2328 3348 2382 3395 et
2413 3348 2581 3395 sexta:
2610 3337 2803 3410 synodi
2837 3350 3079 3391 canones
3109 3336 3171 3390 ﬁt
3198 3342 3251 3389 et
3277 3333 3365 3387 26.

2039 3498 2292 3556 ZONAR.
2340 3499 2628 3556 Decretum
2670 3513 2700 3554 a
2758 3499 2966 3555 sanctis
3025 3496 3278 3553 Patribus
3331 3497 3386 3550 in
3424 3495 3536 3568 pri-

1961 3611 2046 3648 ma
2078 3593 2287 3665 synodo
2311 3591 2688 3663 congregatis,
2725 3590 2868 3658 quod
2898 3598 3078 3645 tamen
3118 3594 3257 3643 inter
3293 3601 3536 3642 canones

1957 3685 2077 3755 ejus
2092 3685 2283 3756 synodi
2316 3701 2424 3739 non
2449 3694 2656 3747 exstat,
2694 3682 2761 3737 de
2783 3682 3007 3737 Pascha:
3029 3680 3260 3736 solemni
3302 3681 3389 3733 die
3418 3678 3536 3731 edi—

1959 3791 2070 3835 tum
2140 3780 2350 3842 fuisse,
2438 3777 2602 3846 hujus
2669 3775 2861 3847 synodi
2910 3782 3165 3829 auctores
3226 3780 3534 3834 asserunt;

1957 3871 2121 3942 idque
2169 3871 2240 3925 ab
2272 3871 2531 3925 omnibus
2573 3868 2781 3926 servari
2816 3906 2835 3932 ,
2892 3867 3097 3937 quique
3155 3867 3203 3919 ei
3259 3879 3368 3917 non
3437 3860 3535 3916 ob-

1957 3963 2425 4033 tentperaverint,
2490 3962 2539 4016 si
2602 3960 2822 4032 quidem
2877 3960 3006 4015 laici
3073 3958 3225 4021 sint,
3286 3969 3535 4009 commu-

1955 4057 2121 4112 nione
2163 4055 2366 4126 privari
2402 4063 2460 4123 et
2502 4054 2570 4110 ab
2604 4053 2849 4110 Ecclesia
2910 4050 3267 4107 exterminari
3312 4047 3531 4117 iubent.

1954 4149 2109 4216 Quod
2144 4149 2187 4202 si
2224 4163 2381 4203 sacro
2403 4148 2585 4202 ordini
2612 4146 3027 4202 constitutionis
3056 4145 3204 4199 illius
3236 4143 3533 4197 violatores

1954 4240 2213 4310 adscripti
2249 4238 2476 4305 fuerint,
2507 4239 2654 4309 iique
2681 4254 2808 4293 cum
2840 4234 3046 4291 Judaais
3073 4236 3216 4288 dietn
3248 4232 3533 4286 Paschatis

1954 4332 2340 4388 celebrandum
2392 4346 2517 4386 esse
2560 4331 2822 4392 doceant,
2859 4327 3210 4398 depositione
3265 4326 3438 4395 ipsos,
3479 4330 3535 4377 et

278 4422 378 4493 τὴν
404 4419 725 4489 καθαίρεσιν
758 4419 1169 4485 διατάττονται,
1202 4419 1299 4472 καὶ
1330 4419 1468 4490 μηδὲ
1504 4420 1673 4491 τιμῆς
1702 4423 1851 4493 ἱερα-

1957 4423 2049 4491 qui
2100 4422 2297 4478 iisdem
2342 4431 2469 4493 post
2514 4420 2910 4492 depositionem
2956 4418 3370 4475 communicare
3414 4416 3532 4471 ausi

278 4512 439 4580 τικῆς
465 4513 565 4582 τῆς
594 4510 799 4575 ἔξωθεν
830 4509 1084 4581 μετέχειν
1118 4510 1316 4575 αὐτούς
1345 4529 1361 4544 ο
1393 4511 1560 4577 ὥστε,
1611 4514 1717 4567 κᾶν
1746 4513 1849 4583 τῆς

282 4602 598 4672 ίερουργίας
630 4601 974 4664 κωλύωνται,
1012 4600 1286 4672 καθέδρας
1312 4602 1448 4667 τέως
1477 4605 1575 4658 καὶ
1604 4603 1851 4673 κλήσεως

279 4693 598 4747 ἐπισκόπων
636 4693 669 4762 ἢ
714 4692 907 4761 ἱερέων
941 4691 1256 4748 ἀπολαύειν.
1312 4694 1423 4749 Καὶ
1464 4695 1492 4747 ό
1538 4694 1765 4763 ἕὸδομος
1796 4694 1854 4749 δὲ

278 4782 460 4837 κανὼν
486 4783 593 4836 τῶν
638 4783 811 4851 ἁγίων
846 4783 1186 4849 ἀποστόλων,
1232 4785 1360 4846 τοὺς
1400 4786 1540 4856 μετὰ
1583 4783 1854 4839 Ἰουδαίων

277 4876 339 4927 τὸ
376 4873 563 4944 Πάσχα
611 4872 971 4943 ἑορτάζοντας
1021 4873 1405 4944 καθαιρεῖσθαι
1453 4872 1693 4928 κελεύει.
1754 4874 1847 4929 Ἑν

282 4965 382 5035 μὶν
420 4962 512 5018 οὖν
551 4967 665 5027 τοῖς
712 4965 900 5018 κανόσι
931 4965 1032 5035 τῆς
1079 4964 1305 5036 πρώτης
1347 4967 1569 5020 συνόδου
1604 4966 1760 5020 οὐδέν
1793 4982 1848 5020 τι

277 5058 410 5131 περὶ
448 5057 539 5111 τοῦ
574 5058 765 5128 Πάσχα
794 5058 1028 5129 εὓρηται
1070 5057 1321 5125 ὁρισθέν⁶
1350 5060 1399 5112 εί
1448 5058 1493 5113 δ’
1544 5060 1705 5123 ἐκτὸς
1733 5059 1846 5131 τῶν

274 5149 517 5203 κανόνων
546 5166 601 5203 τι
629 5150 979 5222 ᾠκονόμηται
1025 5149 1225 5221 ἀγνοῶ,
1261 5150 1563 5222 πρακτικὸν
1603 5152 1701 5222 τῆς
1727 5130 1852 5207 οὐν-

276 5240 399 5295 όδου
441 5241 657 5311 ἐκείνης
692 5241 767 5314 μὴ
801 5242 961 5313 ἔχων.

1948 4515 2193 4583 fuerint,
2233 4515 2453 4571 multari
2486 4514 2721 4580 volunt;
2768 4529 2832 4568 ac
2870 4529 2940 4569 ne
2979 4522 3263 4568 externum
3311 4508 3532 4581 quidem

1948 4607 2256 4667 sacerdotii
2300 4609 2588 4674 honorem,
2621 4614 2681 4661 ttt
2718 4621 2843 4662 cum
2878 4621 2909 4661 a
2956 4621 3242 4661 sacrorum
3294 4605 3537 4659 celebra-

1952 4702 2107 4756 tione
2154 4708 2487 4765 arceantur,
2545 4708 2727 4754 tamen
2790 4699 3062 4755 cathedrae
3116 4698 3534 4769 praerogativam

1952 4791 2312 4861 cpiscopique
2337 4801 2430 4845 aut
2455 4789 2759 4845 sacerdotis
2782 4790 3202 4860 appellationem
3231 4791 3532 4847 retineant.

1955 4882 2274 4938 hominibus
2319 4883 2547 4937 concedi
2597 4881 2900 4953 patiuntur.
2948 4883 3023 4937 Ac
3071 4883 3106 4936 ii
3160 4882 3407 4950 quidem,
3441 4878 3531 4945 qni

1946 4987 2073 5028 cum
2114 4970 2323 5027 Iudaeis
2357 4971 2582 5027 Pascha:
2625 4973 2769 5027 diem
2819 4979 3007 5042 agunt,
3041 4970 3277 5040 septimo
3318 4980 3533 5038 quoth

1944 5074 2264 5121 sanctorum
2311 5065 2687 5134 apostolorum
2735 5076 2948 5117 canone
2998 5060 3197 5130 deponi
3244 5060 3531 5131 jnbeutttr-

1948 5154 2120 5210 Porro
2151 5155 2293 5209 inter
2336 5170 2579 5212 canones
2615 5157 2803 5223 prima:
2840 5154 3032 5223 synodi
3062 5152 3197 5205 nihil
3228 5151 3527 5220 quidquam

1949 5246 2017 5301 de
2046 5244 2326 5313 {Paschate
2367 5247 2648 5302 decretum
2697 5247 2975 5300 invenitur
3022 5261 3036 5298 :
3078 5260 3144 5296 an
3181 5258 3313 5297 vero
3376 5254 3526 5297 extra

273 5350 518 5391 canones
563 5336 768 5406 aliquid
791 5334 1057 5407 ejusmodi
1105 5321 1469 5391 constitutum
1501 5333 1594 5403 sit,
1652 5350 1777 5392 cum
1817 5336 1965 5393 illius
2005 5337 2221 5393 concilii
2265 5336 2410 5409 apud
2463 5353 2549 5393 me
2593 5337 2730 5393 Acta
2757 5351 2865 5390 non
2902 5344 3141 5398 exstent,
3172 5334 3315 5389 haud
3368 5334 3529 5388 facile

268 5432 531 5487 dixerim.

1503 5541 1690 5607 Guill.
1732 5544 2060 5625 Beveregii
2091 5550 2281 5607 notte.

346 5646 459 5713 (ιθ)
498 5643 684 5718 Ἀλλὰ
713 5646 819 5698 καὶ
862 5642 1120 5718 πολλοῖς
1143 5640 1487 5718 διαφθορᾶς.
1518 5642 1610 5698 Sic
1640 5660 1833 5718 omnes
1935 5647 2072 5718 ἀλλα
2106 5646 2203 5699 καὶ
2250 5644 2455 5718 πολλῆς
2500 5642 2801 5717 διαφθορᾶς
2848 5642 2941 5698 καὶ
2992 5641 3327 5717 διαστροφῆς
3350 5640 3527 5697 αἴτιον

286 5716 474 5790 legunt
508 5717 737 5774 codices
759 5721 957 5788 praeter
1001 5713 1527 5807 Anter‘bﬁltiau—um,
1558 5717 1651 5787 qui
1678 5714 1832 5789 legit,
1940 5716 2247 5789 γινόμενον.

1158 5800 1318 5809 μ
