  <div class='ocr_page' id='page_1' title='image "/cluster/home/n/w/nwhite01/storage/ocr_20150623/137/hvd.32044073502536/690.png"; bbox 0 0 4014 6224; ppageno 0'>
   <div class='ocr_carea' id='block_1_1' title="bbox 300 348 434 439">
    <p class='ocr_par' dir='ltr' id='par_1_1' title="bbox 300 348 434 439">
     <span class='ocr_line' id='line_1_1' title="bbox 300 348 434 439; baseline 0.03 -26"><span class='ocrx_word' id='word_1_1' title='bbox 300 348 434 439; x_wconf 77' lang='lat'><strong>1281</strong></span> 
     </span>
    </p>
   </div>
   <div class='ocr_carea' id='block_1_2' title="bbox 1431 329 2560 419">
    <p class='ocr_par' dir='ltr' id='par_1_2' title="bbox 1431 329 2560 419">
     <span class='ocr_line' id='line_1_2' title="bbox 1431 329 2560 419; baseline -0.007 -20"><span class='ocrx_word' id='word_1_2' title='bbox 1431 336 1513 400; x_wconf 88' lang='lat' dir='ltr'><strong>IN</strong></span> <span class='ocrx_word' id='word_1_3' title='bbox 1549 335 1718 419; x_wconf 81' lang='lat' dir='ltr'><strong>CAN.</strong></span> <span class='ocrx_word' id='word_1_4' title='bbox 1761 334 1822 396; x_wconf 93' lang='lat' dir='ltr'><strong>II</strong></span> <span class='ocrx_word' id='word_1_5' title='bbox 1862 333 2085 396; x_wconf 80' lang='lat' dir='ltr'><strong>CONC.</strong></span> <span class='ocrx_word' id='word_1_6' title='bbox 2114 330 2174 392; x_wconf 82' lang='lat' dir='ltr'><strong>ll</strong></span> <span class='ocrx_word' id='word_1_7' title='bbox 2206 329 2560 415; x_wconf 78' lang='lat' dir='ltr'><strong>ANTIOCH.</strong></span> 
     </span>
    </p>
   </div>
   <div class='ocr_carea' id='block_1_3' title="bbox 3430 324 3567 392">
    <p class='ocr_par' dir='ltr' id='par_1_3' title="bbox 3430 324 3567 392">
     <span class='ocr_line' id='line_1_3' title="bbox 3430 324 3567 392; baseline -0.036 0"><span class='ocrx_word' id='word_1_8' title='bbox 3430 324 3567 392; x_wconf 71' lang='lat'><strong>123:2</strong></span> 
     </span>
    </p>
   </div>
   <div class='ocr_carea' id='block_1_4' title="bbox 296 432 1903 539">
    <p class='ocr_par' dir='ltr' id='par_1_4' title="bbox 296 435 1883 539">
     <span class='ocr_line' id='line_1_4' title="bbox 296 435 1883 539; baseline -0.013 -15"><span class='ocrx_word' id='word_1_9' title='bbox 296 435 457 536; x_wconf 69' lang='grc' dir='ltr'>ἀξίαν</span> <span class='ocrx_word' id='word_1_10' title='bbox 490 466 784 539; x_wconf 81' lang='grc' dir='ltr'>μετάνοιαν</span> <span class='ocrx_word' id='word_1_11' title='bbox 817 461 959 533; x_wconf 64' lang='grc' dir='ltr'>μετὰ</span> <span class='ocrx_word' id='word_1_12' title='bbox 988 458 1437 530; x_wconf 80' lang='grc' dir='ltr'>ἐξομολογήσεως</span> <span class='ocrx_word' id='word_1_13' title='bbox 1489 450 1883 519; x_wconf 75' lang='grc' dir='ltr'>ἐπιδείξωνται.</span> 
     </span>
    </p>
   </div>
   <div class='ocr_carea' id='block_1_5' title="bbox 2005 432 3571 539">
    <p class='ocr_par' dir='ltr' id='par_1_5' title="bbox 2005 432 3571 519">
     <span class='ocr_line' id='line_1_5' title="bbox 2005 432 3571 519; baseline -0.004 -14"><span class='ocrx_word' id='word_1_14' title='bbox 2005 449 2211 519; x_wconf 78' lang='lat' dir='ltr'><strong>lignum</strong></span> <span class='ocrx_word' id='word_1_15' title='bbox 2241 464 2365 504; x_wconf 91' lang='lat' dir='ltr'><strong>cum</strong></span> <span class='ocrx_word' id='word_1_16' title='bbox 2404 448 2748 503; x_wconf 79' lang='lat' dir='ltr'><strong>confessione</strong></span> <span class='ocrx_word' id='word_1_17' title='bbox 2792 447 3169 519; x_wconf 70' lang='lat' dir='ltr'><strong>pmttitcutiam</strong></span> <span class='ocrx_word' id='word_1_18' title='bbox 3208 432 3571 500; x_wconf 85' lang='lat' dir='ltr'><strong>ostenderint.</strong></span> 
     </span>
    </p>
   </div>
   <div class='ocr_carea' id='block_1_6' title="bbox 312 548 1881 627">
    <p class='ocr_par' dir='ltr' id='par_1_6' title="bbox 312 548 1881 627">
     <span class='ocr_line' id='line_1_6' title="bbox 312 548 1881 627; baseline -0.013 -12"><span class='ocrx_word' id='word_1_19' title='bbox 312 561 470 615; x_wconf 71' lang='grc' dir='ltr'>Ἐπεὶ</span> <span class='ocrx_word' id='word_1_20' title='bbox 497 560 554 614; x_wconf 73' lang='grc' dir='ltr'>δὲ</span> <span class='ocrx_word' id='word_1_21' title='bbox 601 559 749 620; x_wconf 80' lang='grc' dir='ltr'>είκδς</span> <span class='ocrx_word' id='word_1_22' title='bbox 768 553 862 627; x_wconf 77' lang='grc' dir='ltr'>ἦν,</span> <span class='ocrx_word' id='word_1_23' title='bbox 886 556 999 617; x_wconf 87' lang='grc' dir='ltr'>τοῖς</span> <span class='ocrx_word' id='word_1_24' title='bbox 1028 552 1205 613; x_wconf 77' lang='grc' dir='ltr'>οὕτως</span> <span class='ocrx_word' id='word_1_25' title='bbox 1256 548 1603 619; x_wconf 79' lang='grc' dir='ltr'><strong>ἀφορισθεῖσι</strong></span> <span class='ocrx_word' id='word_1_26' title='bbox 1661 559 1881 612; x_wconf 89' lang='grc' dir='ltr'>συγκοι-</span> 
     </span>
    </p>
   </div>
   <div class='ocr_carea' id='block_1_7' title="bbox 310 634 1885 720">
    <p class='ocr_par' dir='ltr' id='par_1_7' title="bbox 310 634 1885 720">
     <span class='ocr_line' id='line_1_7' title="bbox 310 634 1885 720; baseline -0.013 -14"><span class='ocrx_word' id='word_1_27' title='bbox 310 653 503 706; x_wconf 88' lang='grc' dir='ltr'>νωνεῖν</span> <span class='ocrx_word' id='word_1_28' title='bbox 544 634 721 715; x_wconf 65' lang='grc' dir='ltr'>τιναξ,</span> <span class='ocrx_word' id='word_1_29' title='bbox 749 649 921 720; x_wconf 77' lang='grc' dir='ltr'>ἤγουν</span> <span class='ocrx_word' id='word_1_30' title='bbox 976 644 1356 715; x_wconf 79' lang='grc' dir='ltr'><strong>συνεύχεσθαι,</strong></span> <span class='ocrx_word' id='word_1_31' title='bbox 1405 639 1529 709; x_wconf 77' lang='grc' dir='ltr'>ούχὶ</span> <span class='ocrx_word' id='word_1_32' title='bbox 1588 638 1644 690; x_wconf 87' lang='grc' dir='ltr'><strong>ἐν</strong></span> <span class='ocrx_word' id='word_1_33' title='bbox 1676 637 1743 705; x_wconf 81' lang='grc' dir='ltr'>τῇ</span> <span class='ocrx_word' id='word_1_34' title='bbox 1788 635 1885 687; x_wconf 81' lang='grc' dir='ltr'>ἐκ·</span> 
     </span>
    </p>
   </div>
   <div class='ocr_carea' id='block_1_8' title="bbox 303 726 1888 815">
    <p class='ocr_par' dir='ltr' id='par_1_8' title="bbox 303 726 1888 815">
     <span class='ocr_line' id='line_1_8' title="bbox 303 726 1888 815; baseline -0.013 -17"><span class='ocrx_word' id='word_1_35' title='bbox 303 744 527 815; x_wconf 74' lang='grc' dir='ltr'>κλησίᾳ,</span> <span class='ocrx_word' id='word_1_36' title='bbox 561 740 654 813; x_wconf 84' lang='grc' dir='ltr'>ἀφ’</span> <span class='ocrx_word' id='word_1_37' title='bbox 684 736 752 814; x_wconf 84' lang='grc' dir='ltr'>ἦς</span> <span class='ocrx_word' id='word_1_38' title='bbox 777 737 1172 809; x_wconf 77' lang='grc' dir='ltr'>ἐξεϐλήθησαν,</span> <span class='ocrx_word' id='word_1_39' title='bbox 1196 734 1309 788; x_wconf 84' lang='grc' dir='ltr'>ἀλλ’</span> <span class='ocrx_word' id='word_1_40' title='bbox 1338 735 1395 788; x_wconf 91' lang='grc' dir='ltr'><strong>ἐν</strong></span> <span class='ocrx_word' id='word_1_41' title='bbox 1420 728 1697 799; x_wconf 81' lang='grc' dir='ltr'>εύκτηρίῳ</span> <span class='ocrx_word' id='word_1_42' title='bbox 1726 726 1888 815; x_wconf 72' lang='grc' dir='ltr'>οἴκῳ,</span> 
     </span>
    </p>
   </div>
   <div class='ocr_carea' id='block_1_9' title="bbox 303 813 1888 909">
    <p class='ocr_par' dir='ltr' id='par_1_9' title="bbox 303 813 1888 909">
     <span class='ocr_line' id='line_1_9' title="bbox 303 813 1888 909; baseline -0.014 -17"><span class='ocrx_word' id='word_1_43' title='bbox 303 838 336 909; x_wconf 73' lang='grc' dir='ltr'>ἢ</span> <span class='ocrx_word' id='word_1_44' title='bbox 387 813 444 891; x_wconf 73' lang='grc' dir='ltr'><strong>ἐν</strong></span> <span class='ocrx_word' id='word_1_45' title='bbox 472 813 637 906; x_wconf 64' lang='grc' dir='ltr'>ἑτέρᾳ</span> <span class='ocrx_word' id='word_1_46' title='bbox 665 813 955 902; x_wconf 78' lang='grc' dir='ltr'>ἐκκλησίᾳ,</span> <span class='ocrx_word' id='word_1_47' title='bbox 993 830 1089 883; x_wconf 73' lang='grc' dir='ltr'>καὶ</span> <span class='ocrx_word' id='word_1_48' title='bbox 1116 828 1300 897; x_wconf 78' lang='grc' dir='ltr'>λέγειν</span> <span class='ocrx_word' id='word_1_49' title='bbox 1337 822 1726 892; x_wconf 81' lang='grc' dir='ltr'><strong>ἀνεπιτίμητον</strong></span> <span class='ocrx_word' id='word_1_50' title='bbox 1748 813 1888 871; x_wconf 76' lang='grc' dir='ltr'>εἶναι</span> 
     </span>
    </p>
   </div>
   <div class='ocr_carea' id='block_1_10' title="bbox 302 910 1890 995">
    <p class='ocr_par' dir='ltr' id='par_1_10' title="bbox 302 910 1890 995">
     <span class='ocr_line' id='line_1_10' title="bbox 302 910 1890 995; baseline -0.014 -11"><span class='ocrx_word' id='word_1_51' title='bbox 302 929 483 995; x_wconf 84' lang='grc' dir='ltr'>τοῦτο,</span> <span class='ocrx_word' id='word_1_52' title='bbox 547 928 623 991; x_wconf 84' lang='grc' dir='ltr'>ὡς</span> <span class='ocrx_word' id='word_1_53' title='bbox 672 925 767 979; x_wconf 89' lang='grc' dir='ltr'><strong>τοῦ</strong></span> <span class='ocrx_word' id='word_1_54' title='bbox 793 922 1184 995; x_wconf 77' lang='grc' dir='ltr'><strong>ἀφορισθέντος</strong></span> <span class='ocrx_word' id='word_1_55' title='bbox 1244 918 1355 974; x_wconf 84' lang='grc' dir='ltr'><strong>ἀπὸ</strong></span> <span class='ocrx_word' id='word_1_56' title='bbox 1411 917 1542 988; x_wconf 77' lang='grc' dir='ltr'>μιᾶς</span> <span class='ocrx_word' id='word_1_57' title='bbox 1590 910 1890 982; x_wconf 78' lang='grc' dir='ltr'>ἐκκλησίας</span> 
     </span>
    </p>
   </div>
   <div class='ocr_carea' id='block_1_11' title="bbox 303 996 1889 1092">
    <p class='ocr_par' dir='ltr' id='par_1_11' title="bbox 303 996 1889 1092">
     <span class='ocr_line' id='line_1_11' title="bbox 303 996 1889 1092; baseline -0.013 -16"><span class='ocrx_word' id='word_1_58' title='bbox 303 1021 465 1092; x_wconf 83' lang='grc' dir='ltr'>δῆθεν</span> <span class='ocrx_word' id='word_1_59' title='bbox 493 1018 839 1089; x_wconf 87' lang='grc' dir='ltr'>διωχθέντος,</span> <span class='ocrx_word' id='word_1_60' title='bbox 870 1015 969 1083; x_wconf 82' lang='grc' dir='ltr'><strong>τῆς</strong></span> <span class='ocrx_word' id='word_1_61' title='bbox 994 1012 1100 1067; x_wconf 77' lang='grc' dir='ltr'>ὑπὸ</span> <span class='ocrx_word' id='word_1_62' title='bbox 1120 996 1189 1066; x_wconf 59' lang='grc' dir='ltr'>τί</span> <span class='ocrx_word' id='word_1_63' title='bbox 1212 1010 1397 1064; x_wconf 89' lang='grc' dir='ltr'>δίκαια</span> <span class='ocrx_word' id='word_1_64' title='bbox 1432 1006 1603 1077; x_wconf 83' lang='grc' dir='ltr'>οῦσης</span> <span class='ocrx_word' id='word_1_65' title='bbox 1658 1004 1753 1058; x_wconf 89' lang='grc' dir='ltr'><strong>τοῦ</strong></span> <span class='ocrx_word' id='word_1_66' title='bbox 1785 1004 1889 1071; x_wconf 84' lang='grc' dir='ltr'>ἀφ-</span> 
     </span>
    </p>
   </div>
   <div class='ocr_carea' id='block_1_12' title="bbox 288 1094 1915 1186">
    <p class='ocr_par' dir='ltr' id='par_1_12' title="bbox 288 1094 1915 1186">
     <span class='ocr_line' id='line_1_12' title="bbox 288 1094 1915 1186; baseline -0.012 -19"><span class='ocrx_word' id='word_1_67' title='bbox 288 1095 615 1186; x_wconf 78' lang='grc' dir='ltr'>ὀρίσαντος,</span> <span class='ocrx_word' id='word_1_68' title='bbox 643 1109 809 1180; x_wconf 73' lang='grc' dir='ltr'>φησὶν</span> <span class='ocrx_word' id='word_1_69' title='bbox 844 1109 871 1161; x_wconf 86' lang='grc' dir='ltr'>ὁ</span> <span class='ocrx_word' id='word_1_70' title='bbox 910 1106 1091 1160; x_wconf 88' lang='grc' dir='ltr'>κανὼν</span> <span class='ocrx_word' id='word_1_71' title='bbox 1122 1104 1251 1174; x_wconf 91' lang='grc' dir='ltr'>μίαν</span> <span class='ocrx_word' id='word_1_72' title='bbox 1282 1098 1579 1170; x_wconf 77' lang='grc' dir='ltr'><strong>ἐκκλησίαν</strong></span> <span class='ocrx_word' id='word_1_73' title='bbox 1595 1094 1736 1151; x_wconf 82' lang='grc' dir='ltr'>εἶναι</span> <span class='ocrx_word' id='word_1_74' title='bbox 1764 1097 1915 1167; x_wconf 54' lang='grc' dir='ltr'><strong>τοὺς¹</strong></span> 
     </span>
    </p>
   </div>
   <div class='ocr_carea' id='block_1_13' title="bbox 304 1186 1889 1272">
    <p class='ocr_par' dir='ltr' id='par_1_13' title="bbox 304 1186 1889 1272">
     <span class='ocr_line' id='line_1_13' title="bbox 304 1186 1889 1272; baseline -0.011 -16"><span class='ocrx_word' id='word_1_75' title='bbox 304 1203 643 1272; x_wconf 78' lang='grc' dir='ltr'>ὁπουδήποτε</span> <span class='ocrx_word' id='word_1_76' title='bbox 672 1200 832 1262; x_wconf 73' lang='grc' dir='ltr'>ὄντας</span> <span class='ocrx_word' id='word_1_77' title='bbox 858 1195 1184 1265; x_wconf 85' lang='grc' dir='ltr'>εύκτηρίους</span> <span class='ocrx_word' id='word_1_78' title='bbox 1207 1192 1394 1255; x_wconf 75' lang='grc' dir='ltr'>οἴκους</span> <span class='ocrx_word' id='word_1_79' title='bbox 1434 1191 1530 1244; x_wconf 74' lang='grc' dir='ltr'><strong>καὶ</strong></span> <span class='ocrx_word' id='word_1_80' title='bbox 1553 1187 1739 1250; x_wconf 89' lang='grc' dir='ltr'>ναούς.</span> <span class='ocrx_word' id='word_1_81' title='bbox 1775 1186 1889 1240; x_wconf 70' lang='grc' dir='ltr'><strong>Καὶ</strong></span> 
     </span>
    </p>
   </div>
   <div class='ocr_carea' id='block_1_14' title="bbox 307 1279 1890 1363">
    <p class='ocr_par' dir='ltr' id='par_1_14' title="bbox 307 1279 1890 1363">
     <span class='ocr_line' id='line_1_14' title="bbox 307 1279 1890 1363; baseline -0.01 -16"><span class='ocrx_word' id='word_1_82' title='bbox 307 1295 409 1349; x_wconf 83' lang='grc' dir='ltr'><strong>οὐκ</strong></span> <span class='ocrx_word' id='word_1_83' title='bbox 436 1292 715 1363; x_wconf 70' lang='grc' dir='ltr'>ὀφείλουσι</span> <span class='ocrx_word' id='word_1_84' title='bbox 751 1309 896 1354; x_wconf 85' lang='grc' dir='ltr'>τινες</span> <span class='ocrx_word' id='word_1_85' title='bbox 920 1288 1175 1363; x_wconf 78' lang='grc' dir='ltr'>κληρικοὶ</span> <span class='ocrx_word' id='word_1_86' title='bbox 1208 1286 1345 1358; x_wconf 86' lang='grc' dir='ltr'><strong>μετά</strong></span> <span class='ocrx_word' id='word_1_87' title='bbox 1374 1282 1469 1338; x_wconf 88' lang='grc' dir='ltr'><strong>τοῦ</strong></span> <span class='ocrx_word' id='word_1_88' title='bbox 1502 1279 1890 1353; x_wconf 79' lang='grc' dir='ltr'>ἀφορισθέντος</span> 
     </span>
    </p>
   </div>
   <div class='ocr_carea' id='block_1_15' title="bbox 313 1373 1891 1457">
    <p class='ocr_par' dir='ltr' id='par_1_15' title="bbox 313 1373 1891 1457">
     <span class='ocr_line' id='line_1_15' title="bbox 313 1373 1891 1457; baseline -0.009 -18"><span class='ocrx_word' id='word_1_89' title='bbox 313 1385 693 1457; x_wconf 81' lang='grc' dir='ltr'>συνεύχεσθαι,</span> <span class='ocrx_word' id='word_1_90' title='bbox 752 1383 857 1439; x_wconf 83' lang='grc' dir='ltr'><strong>κάν</strong></span> <span class='ocrx_word' id='word_1_91' title='bbox 887 1384 996 1438; x_wconf 81' lang='grc' dir='ltr'><strong>ἀπὸ</strong></span> <span class='ocrx_word' id='word_1_92' title='bbox 1042 1381 1235 1452; x_wconf 85' lang='grc' dir='ltr'>ἐτέρας</span> <span class='ocrx_word' id='word_1_93' title='bbox 1262 1373 1397 1434; x_wconf 81' lang='grc' dir='ltr'>ὦσιν</span> <span class='ocrx_word' id='word_1_94' title='bbox 1452 1375 1706 1445; x_wconf 86' lang='grc' dir='ltr'>ἐνορίας·</span> <span class='ocrx_word' id='word_1_95' title='bbox 1762 1374 1891 1435; x_wconf 80' lang='grc' dir='ltr'>τοὺς</span> 
     </span>
    </p>
   </div>
   <div class='ocr_carea' id='block_1_16' title="bbox 309 1463 1892 1548">
    <p class='ocr_par' dir='ltr' id='par_1_16' title="bbox 309 1463 1892 1548">
     <span class='ocr_line' id='line_1_16' title="bbox 309 1463 1892 1548; baseline -0.009 -17"><span class='ocrx_word' id='word_1_96' title='bbox 309 1477 369 1532; x_wconf 79' lang='grc' dir='ltr'>δὲ</span> <span class='ocrx_word' id='word_1_97' title='bbox 403 1479 555 1548; x_wconf 87' lang='grc' dir='ltr'><strong>παρά</strong></span> <span class='ocrx_word' id='word_1_98' title='bbox 611 1476 789 1530; x_wconf 87' lang='grc' dir='ltr'>ταῦτα</span> <span class='ocrx_word' id='word_1_99' title='bbox 843 1474 1133 1536; x_wconf 78' lang='grc' dir='ltr'>ποιοῦντας</span> <span class='ocrx_word' id='word_1_100' title='bbox 1191 1471 1270 1542; x_wconf 82' lang='grc' dir='ltr'><strong>τῷ</strong></span> <span class='ocrx_word' id='word_1_101' title='bbox 1290 1468 1443 1538; x_wconf 82' lang='grc' dir='ltr'>αύτῷ</span> <span class='ocrx_word' id='word_1_102' title='bbox 1502 1465 1765 1537; x_wconf 72' lang='grc' dir='ltr'>ἐπιτιμίῳ</span> <span class='ocrx_word' id='word_1_103' title='bbox 1790 1463 1892 1533; x_wconf 77' lang='grc' dir='ltr'>τῆς</span> 
     </span>
    </p>
   </div>
   <div class='ocr_carea' id='block_1_17' title="bbox 308 1556 1889 1642">
    <p class='ocr_par' dir='ltr' id='par_1_17' title="bbox 308 1556 1889 1642">
     <span class='ocr_line' id='line_1_17' title="bbox 308 1556 1889 1642; baseline -0.01 -16"><span class='ocrx_word' id='word_1_104' title='bbox 308 1570 706 1642; x_wconf 83' lang='grc' dir='ltr'>ἀκοινωνησίας</span> <span class='ocrx_word' id='word_1_105' title='bbox 760 1565 1292 1623; x_wconf 73' lang='grc' dir='ltr'>καθυποὸάλλεσθαι.</span> <span class='ocrx_word' id='word_1_106' title='bbox 1354 1562 1468 1617; x_wconf 72' lang='grc' dir='ltr'><strong>Καὶ</strong></span> <span class='ocrx_word' id='word_1_107' title='bbox 1512 1561 1581 1615; x_wconf 87' lang='grc' dir='ltr'><strong>τά</strong></span> <span class='ocrx_word' id='word_1_108' title='bbox 1641 1559 1742 1631; x_wconf 79' lang='grc' dir='ltr'><strong>μὲν</strong></span> <span class='ocrx_word' id='word_1_109' title='bbox 1792 1556 1889 1611; x_wconf 88' lang='grc' dir='ltr'><strong>τοῦ</strong></span> 
     </span>
    </p>
   </div>
   <div class='ocr_carea' id='block_1_18' title="bbox 274 1651 1886 1727">
    <p class='ocr_par' dir='ltr' id='par_1_18' title="bbox 274 1651 1886 1727">
     <span class='ocr_line' id='line_1_18' title="bbox 274 1651 1886 1727; baseline -0.01 -10"><span class='ocrx_word' id='word_1_110' title='bbox 274 1664 532 1727; x_wconf 71' lang='grc' dir='ltr'>ικανόνος</span> <span class='ocrx_word' id='word_1_111' title='bbox 570 1663 629 1715; x_wconf 92' lang='grc' dir='ltr'><strong>ἐν</strong></span> <span class='ocrx_word' id='word_1_112' title='bbox 678 1660 915 1723; x_wconf 88' lang='grc' dir='ltr'>τούτοις.</span> <span class='ocrx_word' id='word_1_113' title='bbox 962 1661 1033 1713; x_wconf 85' lang='grc' dir='ltr'>Σὺ</span> <span class='ocrx_word' id='word_1_114' title='bbox 1082 1658 1140 1712; x_wconf 84' lang='grc' dir='ltr'>δὲ</span> <span class='ocrx_word' id='word_1_115' title='bbox 1195 1654 1474 1724; x_wconf 84' lang='grc' dir='ltr'>ἀνάγνωθι</span> <span class='ocrx_word' id='word_1_116' title='bbox 1531 1652 1600 1706; x_wconf 82' lang='grc' dir='ltr'>τὰ</span> <span class='ocrx_word' id='word_1_117' title='bbox 1655 1654 1712 1705; x_wconf 86' lang='grc' dir='ltr'><strong>ἐν</strong></span> <span class='ocrx_word' id='word_1_118' title='bbox 1771 1651 1886 1711; x_wconf 88' lang='grc' dir='ltr'>τοῖς</span> 
     </span>
    </p>
   </div>
   <div class='ocr_carea' id='block_1_19' title="bbox 312 1738 1891 1827">
    <p class='ocr_par' dir='ltr' id='par_1_19' title="bbox 312 1738 1891 1827">
     <span class='ocr_line' id='line_1_19' title="bbox 312 1738 1891 1827; baseline -0.011 -18"><span class='ocrx_word' id='word_1_119' title='bbox 312 1755 557 1827; x_wconf 79' lang='grc' dir='ltr'>ῥηθεῖσιν</span> <span class='ocrx_word' id='word_1_120' title='bbox 618 1753 998 1817; x_wconf 87' lang='grc' dir='ltr'>ἀποστολικοῖς</span> <span class='ocrx_word' id='word_1_121' title='bbox 1051 1749 1240 1803; x_wconf 81' lang='grc' dir='ltr'>κανόσι</span> <span class='ocrx_word' id='word_1_122' title='bbox 1268 1744 1571 1816; x_wconf 81' lang='grc' dir='ltr'>γραφέντα,</span> <span class='ocrx_word' id='word_1_123' title='bbox 1627 1742 1725 1807; x_wconf 75' lang='grc' dir='ltr'><strong>καὶ</strong></span> <span class='ocrx_word' id='word_1_124' title='bbox 1766 1738 1891 1793; x_wconf 85' lang='grc' dir='ltr'>κατ’</span> 
     </span>
    </p>
   </div>
   <div class='ocr_carea' id='block_1_20' title="bbox 316 1829 1889 1910">
    <p class='ocr_par' dir='ltr' id='par_1_20' title="bbox 316 1829 1889 1910">
     <span class='ocr_line' id='line_1_20' title="bbox 316 1829 1889 1910; baseline -0.011 -12"><span class='ocrx_word' id='word_1_125' title='bbox 316 1848 500 1899; x_wconf 83' lang='grc' dir='ltr'>ἐκεῖνα</span> <span class='ocrx_word' id='word_1_126' title='bbox 558 1846 669 1898; x_wconf 86' lang='grc' dir='ltr'>νόει</span> <span class='ocrx_word' id='word_1_127' title='bbox 704 1844 798 1897; x_wconf 75' lang='grc' dir='ltr'>καὶ</span> <span class='ocrx_word' id='word_1_128' title='bbox 834 1843 944 1908; x_wconf 48' lang='grc' dir='ltr'>,τὸν</span> <span class='ocrx_word' id='word_1_129' title='bbox 1010 1841 1256 1910; x_wconf 84' lang='grc' dir='ltr'>παρόντα</span> <span class='ocrx_word' id='word_1_130' title='bbox 1312 1836 1538 1899; x_wconf 82' lang='grc' dir='ltr'>κανόνα,</span> <span class='ocrx_word' id='word_1_131' title='bbox 1596 1831 1691 1884; x_wconf 84' lang='grc' dir='ltr'><strong>καὶ</strong></span> <span class='ocrx_word' id='word_1_132' title='bbox 1766 1829 1889 1882; x_wconf 84' lang='grc' dir='ltr'>εἱπέ</span> 
     </span>
    </p>
   </div>
   <div class='ocr_carea' id='block_1_21' title="bbox 308 1922 1888 2007">
    <p class='ocr_par' dir='ltr' id='par_1_21' title="bbox 308 1922 1888 2007">
     <span class='ocr_line' id='line_1_21' title="bbox 308 1922 1888 2007; baseline -0.011 -16"><span class='ocrx_word' id='word_1_133' title='bbox 308 1939 390 1992; x_wconf 85' lang='grc' dir='ltr'>ὅτι</span> <span class='ocrx_word' id='word_1_134' title='bbox 435 1937 494 1990; x_wconf 87' lang='grc' dir='ltr'><strong>ού</strong></span> <span class='ocrx_word' id='word_1_135' title='bbox 542 1935 962 2007; x_wconf 81' lang='grc' dir='ltr'>λογισθήσονται</span> <span class='ocrx_word' id='word_1_136' title='bbox 1039 1927 1521 1999; x_wconf 79' lang='grc' dir='ltr'>ἀποστρεφόμενοι</span> <span class='ocrx_word' id='word_1_137' title='bbox 1573 1924 1672 1994; x_wconf 80' lang='grc' dir='ltr'><strong>τὴν</strong></span> <span class='ocrx_word' id='word_1_138' title='bbox 1725 1922 1888 1988; x_wconf 80' lang='grc' dir='ltr'>ἁγίαν</span> 
     </span>
    </p>
   </div>
   <div class='ocr_carea' id='block_1_22' title="bbox 314 2007 1889 2103">
    <p class='ocr_par' dir='ltr' id='par_1_22' title="bbox 314 2007 1889 2103">
     <span class='ocr_line' id='line_1_22' title="bbox 314 2007 1889 2103; baseline -0.013 -18"><span class='ocrx_word' id='word_1_139' title='bbox 314 2029 617 2103; x_wconf 72' lang='grc' dir='ltr'>μετάληψιν</span> <span class='ocrx_word' id='word_1_140' title='bbox 640 2028 690 2081; x_wconf 86' lang='grc' dir='ltr'>οἱ</span> <span class='ocrx_word' id='word_1_141' title='bbox 712 2025 1114 2099; x_wconf 78' lang='grc' dir='ltr'>μυσαττόμενοι</span> <span class='ocrx_word' id='word_1_142' title='bbox 1139 2020 1333 2093; x_wconf 75' lang='grc' dir='ltr'>αὐτὴν,</span> <span class='ocrx_word' id='word_1_143' title='bbox 1357 2020 1414 2092; x_wconf 77' lang='grc' dir='ltr'>ἢ,</span> <span class='ocrx_word' id='word_1_144' title='bbox 1443 2018 1519 2080; x_wconf 81' lang='grc' dir='ltr'>ὥς</span> <span class='ocrx_word' id='word_1_145' title='bbox 1547 2034 1692 2079; x_wconf 83' lang='grc' dir='ltr'>τινες</span> <span class='ocrx_word' id='word_1_146' title='bbox 1711 2007 1889 2079; x_wconf 79' lang='grc' dir='ltr'>εἷπον,</span> 
     </span>
    </p>
   </div>
   <div class='ocr_carea' id='block_1_23' title="bbox 312 2109 1891 2185">
    <p class='ocr_par' dir='ltr' id='par_1_23' title="bbox 312 2109 1891 2185">
     <span class='ocr_line' id='line_1_23' title="bbox 312 2109 1891 2185; baseline -0.012 -7"><span class='ocrx_word' id='word_1_147' title='bbox 312 2125 367 2178; x_wconf 78' lang='grc' dir='ltr'>οἱ</span> <span class='ocrx_word' id='word_1_148' title='bbox 400 2123 468 2178; x_wconf 83' lang='grc' dir='ltr'>δι’</span> <span class='ocrx_word' id='word_1_149' title='bbox 494 2122 787 2182; x_wconf 79' lang='grc' dir='ltr'>εὐλάὸειαν</span> <span class='ocrx_word' id='word_1_150' title='bbox 825 2119 922 2175; x_wconf 72' lang='grc' dir='ltr'>καὶ</span> <span class='ocrx_word' id='word_1_151' title='bbox 946 2114 1450 2185; x_wconf 74' lang='grc' dir='ltr'>ταπεινοφροσύνην</span> <span class='ocrx_word' id='word_1_152' title='bbox 1480 2109 1891 2179; x_wconf 74' lang='grc' dir='ltr'>ἀποφεύγοντες</span> 
     </span>
    </p>
   </div>
   <div class='ocr_carea' id='block_1_24' title="bbox 312 2200 1892 2285">
    <p class='ocr_par' dir='ltr' id='par_1_24' title="bbox 312 2200 1892 2285">
     <span class='ocr_line' id='line_1_24' title="bbox 312 2200 1892 2285; baseline -0.009 -17"><span class='ocrx_word' id='word_1_153' title='bbox 312 2215 518 2285; x_wconf 86' lang='grc' dir='ltr'>ταύτην</span> <span class='ocrx_word' id='word_1_154' title='bbox 551 2214 619 2285; x_wconf 80' lang='grc' dir='ltr'>(οἱ</span> <span class='ocrx_word' id='word_1_155' title='bbox 657 2213 756 2283; x_wconf 84' lang='grc' dir='ltr'><strong>μὲν</strong></span> <span class='ocrx_word' id='word_1_156' title='bbox 811 2212 918 2282; x_wconf 79' lang='grc' dir='ltr'><strong>γάρ</strong></span> <span class='ocrx_word' id='word_1_157' title='bbox 943 2211 1005 2263; x_wconf 84' lang='grc' dir='ltr'><strong>ού</strong></span> <span class='ocrx_word' id='word_1_158' title='bbox 1039 2209 1201 2279; x_wconf 88' lang='grc' dir='ltr'>μόνον</span> <span class='ocrx_word' id='word_1_159' title='bbox 1231 2204 1723 2277; x_wconf 75' lang='grc' dir='ltr'>ἀφορισθήσονται,</span> <span class='ocrx_word' id='word_1_160' title='bbox 1755 2200 1892 2254; x_wconf 78' lang='grc' dir='ltr'>ἀλλὰ</span> 
     </span>
    </p>
   </div>
   <div class='ocr_carea' id='block_1_25' title="bbox 315 2291 1896 2376">
    <p class='ocr_par' dir='ltr' id='par_1_25' title="bbox 315 2291 1896 2376">
     <span class='ocr_line' id='line_1_25' title="bbox 315 2291 1896 2376; baseline -0.012 -13"><span class='ocrx_word' id='word_1_161' title='bbox 315 2310 410 2363; x_wconf 79' lang='grc' dir='ltr'>καὶ</span> <span class='ocrx_word' id='word_1_162' title='bbox 441 2304 997 2376; x_wconf 86' lang='grc' dir='ltr'>ἀποκηρυχθήσονται</span> <span class='ocrx_word' id='word_1_163' title='bbox 1025 2301 1101 2365; x_wconf 81' lang='grc' dir='ltr'>ὡς</span> <span class='ocrx_word' id='word_1_164' title='bbox 1148 2297 1444 2371; x_wconf 83' lang='grc' dir='ltr'>αἱρετικοί·</span> <span class='ocrx_word' id='word_1_165' title='bbox 1478 2298 1527 2349; x_wconf 78' lang='grc' dir='ltr'>οἱ</span> <span class='ocrx_word' id='word_1_166' title='bbox 1550 2295 1606 2349; x_wconf 84' lang='grc' dir='ltr'>δὲ</span> <span class='ocrx_word' id='word_1_167' title='bbox 1647 2291 1896 2363; x_wconf 84' lang='grc' dir='ltr'>συγγνώ-</span> 
     </span>
    </p>
   </div>
   <div class='ocr_carea' id='block_1_26' title="bbox 320 2385 1894 2472">
    <p class='ocr_par' dir='ltr' id='par_1_26' title="bbox 320 2385 1894 2472">
     <span class='ocr_line' id='line_1_26' title="bbox 320 2385 1894 2472; baseline -0.02 -3"><span class='ocrx_word' id='word_1_168' title='bbox 320 2419 430 2472; x_wconf 83' lang='grc' dir='ltr'>μης</span> <span class='ocrx_word' id='word_1_169' title='bbox 472 2398 868 2468; x_wconf 80' lang='grc' dir='ltr'>ἀξιωθήσονται</span> <span class='ocrx_word' id='word_1_170' title='bbox 896 2394 985 2449; x_wconf 82' lang='grc' dir='ltr'>διὰ</span> <span class='ocrx_word' id='word_1_171' title='bbox 1026 2395 1126 2465; x_wconf 87' lang='grc' dir='ltr'><strong>τὴν</strong></span> <span class='ocrx_word' id='word_1_172' title='bbox 1159 2391 1458 2446; x_wconf 75' lang='grc' dir='ltr'>εὐλάϐειαν</span> <span class='ocrx_word' id='word_1_173' title='bbox 1511 2388 1606 2442; x_wconf 78' lang='grc' dir='ltr'>καὶ</span> <span class='ocrx_word' id='word_1_174' title='bbox 1658 2386 1756 2457; x_wconf 81' lang='grc' dir='ltr'>τὴν</span> <span class='ocrx_word' id='word_1_175' title='bbox 1813 2385 1894 2449; x_wconf 88' lang='grc' dir='ltr'><strong>είς</strong></span> 
     </span>
    </p>
   </div>
   <div class='ocr_carea' id='block_1_27' title="bbox 316 2478 1894 2562">
    <p class='ocr_par' dir='ltr' id='par_1_27' title="bbox 316 2478 1894 2562">
     <span class='ocr_line' id='line_1_27' title="bbox 316 2478 1894 2562; baseline -0.01 -16"><span class='ocrx_word' id='word_1_176' title='bbox 316 2496 386 2548; x_wconf 79' lang='grc' dir='ltr'><strong>τά</strong></span> <span class='ocrx_word' id='word_1_177' title='bbox 448 2494 582 2562; x_wconf 80' lang='grc' dir='ltr'>ἀγια</span> <span class='ocrx_word' id='word_1_178' title='bbox 639 2491 798 2558; x_wconf 82' lang='grc' dir='ltr'>ἀξίαν</span> <span class='ocrx_word' id='word_1_179' title='bbox 856 2487 1047 2560; x_wconf 86' lang='grc' dir='ltr'>φειδὼ)</span> <span class='ocrx_word' id='word_1_180' title='bbox 1081 2485 1199 2541; x_wconf 82' lang='grc' dir='ltr'>ἀλλ’</span> <span class='ocrx_word' id='word_1_181' title='bbox 1255 2487 1458 2539; x_wconf 86' lang='grc' dir='ltr'>ἐκεῖνοι</span> <span class='ocrx_word' id='word_1_182' title='bbox 1524 2484 1725 2541; x_wconf 78' lang='grc' dir='ltr'>οἵτινες</span> <span class='ocrx_word' id='word_1_183' title='bbox 1780 2478 1894 2532; x_wconf 82' lang='grc' dir='ltr'><strong>ἀπὸ</strong></span> 
     </span>
    </p>
   </div>
   <div class='ocr_carea' id='block_1_28' title="bbox 317 2569 1895 2656">
    <p class='ocr_par' dir='ltr' id='par_1_28' title="bbox 317 2569 1895 2656">
     <span class='ocr_line' id='line_1_28' title="bbox 317 2569 1895 2656; baseline -0.011 -15"><span class='ocrx_word' id='word_1_184' title='bbox 317 2585 785 2656; x_wconf 80' lang='grc' dir='ltr'>καταφρονήσεως</span> <span class='ocrx_word' id='word_1_185' title='bbox 813 2583 907 2636; x_wconf 73' lang='grc' dir='ltr'>καὶ</span> <span class='ocrx_word' id='word_1_186' title='bbox 938 2578 1261 2645; x_wconf 76' lang='grc' dir='ltr'>ἀλαζονείας</span> <span class='ocrx_word' id='word_1_187' title='bbox 1290 2575 1399 2631; x_wconf 81' lang='grc' dir='ltr'><strong>ἀπὸ</strong></span> <span class='ocrx_word' id='word_1_188' title='bbox 1448 2574 1545 2645; x_wconf 82' lang='grc' dir='ltr'>τῆς</span> <span class='ocrx_word' id='word_1_189' title='bbox 1598 2569 1895 2642; x_wconf 75' lang='grc' dir='ltr'>ἐκκλησίας</span> 
     </span>
    </p>
   </div>
   <div class='ocr_carea' id='block_1_29' title="bbox 319 2664 1892 2751">
    <p class='ocr_par' dir='ltr' id='par_1_29' title="bbox 319 2664 1892 2751">
     <span class='ocr_line' id='line_1_29' title="bbox 319 2664 1892 2751; baseline -0.01 -18"><span class='ocrx_word' id='word_1_190' title='bbox 319 2681 632 2751; x_wconf 74' lang='grc' dir='ltr'>ἐξέρχονται</span> <span class='ocrx_word' id='word_1_191' title='bbox 662 2676 770 2748; x_wconf 67' lang='grc' dir='ltr'>πρὸ</span> <span class='ocrx_word' id='word_1_192' title='bbox 813 2676 914 2747; x_wconf 86' lang='grc' dir='ltr'>τῆς</span> <span class='ocrx_word' id='word_1_193' title='bbox 948 2674 1111 2744; x_wconf 80' lang='grc' dir='ltr'>ἁγίας</span> <span class='ocrx_word' id='word_1_194' title='bbox 1141 2668 1493 2743; x_wconf 73' lang='grc' dir='ltr'>μεταλήψεως</span> <span class='ocrx_word' id='word_1_195' title='bbox 1520 2664 1892 2727; x_wconf 76' lang='grc' dir='ltr'>ἀσυντάκτως,</span> 
     </span>
    </p>
   </div>
   <div class='ocr_carea' id='block_1_30' title="bbox 316 2755 1896 2840">
    <p class='ocr_par' dir='ltr' id='par_1_30' title="bbox 316 2755 1896 2840">
     <span class='ocr_line' id='line_1_30' title="bbox 316 2755 1896 2840; baseline -0.008 -17"><span class='ocrx_word' id='word_1_196' title='bbox 316 2773 413 2825; x_wconf 76' lang='grc' dir='ltr'><strong>καὶ</strong></span> <span class='ocrx_word' id='word_1_197' title='bbox 442 2773 503 2824; x_wconf 84' lang='grc' dir='ltr'><strong>οὐ</strong></span> <span class='ocrx_word' id='word_1_198' title='bbox 533 2768 897 2840; x_wconf 79' lang='grc' dir='ltr'>καρτεροῦσιν</span> <span class='ocrx_word' id='word_1_199' title='bbox 943 2767 1070 2819; x_wconf 87' lang='grc' dir='ltr'>ίδεῖν</span> <span class='ocrx_word' id='word_1_200' title='bbox 1099 2764 1197 2835; x_wconf 80' lang='grc' dir='ltr'>τὴν</span> <span class='ocrx_word' id='word_1_201' title='bbox 1220 2761 1329 2815; x_wconf 84' lang='grc' dir='ltr'><strong>τῶν</strong></span> <span class='ocrx_word' id='word_1_202' title='bbox 1356 2759 1528 2829; x_wconf 79' lang='grc' dir='ltr'>ἁγίων</span> <span class='ocrx_word' id='word_1_203' title='bbox 1580 2755 1896 2829; x_wconf 85' lang='grc' dir='ltr'>μυστηρίων</span> 
     </span>
    </p>
   </div>
   <div class='ocr_carea' id='block_1_31' title="bbox 320 2849 1895 2932">
    <p class='ocr_par' dir='ltr' id='par_1_31' title="bbox 320 2849 1895 2932">
     <span class='ocr_line' id='line_1_31' title="bbox 320 2849 1895 2932; baseline -0.01 -18"><span class='ocrx_word' id='word_1_204' title='bbox 320 2863 471 2915; x_wconf 83' lang='grc' dir='ltr'>θείαν</span> <span class='ocrx_word' id='word_1_205' title='bbox 515 2860 841 2932; x_wconf 73' lang='grc' dir='ltr'>μετάληψιν.</span> <span class='ocrx_word' id='word_1_206' title='bbox 888 2856 1129 2913; x_wconf 79' lang='grc' dir='ltr'>Ἀκούων</span> <span class='ocrx_word' id='word_1_207' title='bbox 1154 2856 1210 2909; x_wconf 82' lang='grc' dir='ltr'>δὲ</span> <span class='ocrx_word' id='word_1_208' title='bbox 1261 2854 1355 2908; x_wconf 89' lang='grc' dir='ltr'><strong>τοῦ</strong></span> <span class='ocrx_word' id='word_1_209' title='bbox 1386 2852 1612 2913; x_wconf 83' lang='grc' dir='ltr'>κανόνος</span> <span class='ocrx_word' id='word_1_210' title='bbox 1639 2849 1895 2917; x_wconf 88' lang='grc' dir='ltr'>λέγοντος</span> 
     </span>
    </p>
   </div>
   <div class='ocr_carea' id='block_1_32' title="bbox 320 2939 1898 3024">
    <p class='ocr_par' dir='ltr' id='par_1_32' title="bbox 320 2939 1898 3024">
     <span class='ocr_line' id='line_1_32' title="bbox 320 2939 1898 3024; baseline -0.01 -18"><span class='ocrx_word' id='word_1_211' title='bbox 320 2954 720 3024; x_wconf 84' lang='grc' dir='ltr'>ἀκοινωνήτους</span> <span class='ocrx_word' id='word_1_212' title='bbox 766 2947 909 3004; x_wconf 77' lang='grc' dir='ltr'>εἶναι</span> <span class='ocrx_word' id='word_1_213' title='bbox 956 2951 1086 3011; x_wconf 81' lang='grc' dir='ltr'>τοὺς</span> <span class='ocrx_word' id='word_1_214' title='bbox 1137 2946 1472 3007; x_wconf 72' lang='grc' dir='ltr'>ἐπισκόπους</span> <span class='ocrx_word' id='word_1_215' title='bbox 1521 2941 1620 2995; x_wconf 74' lang='grc' dir='ltr'><strong>καὶ</strong></span> <span class='ocrx_word' id='word_1_216' title='bbox 1675 2939 1898 3001; x_wconf 78' lang='grc' dir='ltr'>λοιποὺς</span> 
     </span>
    </p>
   </div>
   <div class='ocr_carea' id='block_1_33' title="bbox 322 3035 1895 3116">
    <p class='ocr_par' dir='ltr' id='par_1_33' title="bbox 322 3035 1895 3116">
     <span class='ocr_line' id='line_1_33' title="bbox 322 3035 1895 3116; baseline -0.009 -17"><span class='ocrx_word' id='word_1_217' title='bbox 322 3046 652 3116; x_wconf 84' lang='grc' dir='ltr'>ίερωμένους</span> <span class='ocrx_word' id='word_1_218' title='bbox 675 3045 803 3107; x_wconf 79' lang='grc' dir='ltr'>τοὺς</span> <span class='ocrx_word' id='word_1_219' title='bbox 858 3040 1290 3112; x_wconf 81' lang='grc' dir='ltr'>συνευχομένους</span> <span class='ocrx_word' id='word_1_220' title='bbox 1332 3039 1447 3100; x_wconf 85' lang='grc' dir='ltr'>τοῖς</span> <span class='ocrx_word' id='word_1_221' title='bbox 1484 3035 1895 3103; x_wconf 80' lang='grc' dir='ltr'>ἀκοινωνήτοις,</span> 
     </span>
    </p>
   </div>
   <div class='ocr_carea' id='block_1_34' title="bbox 325 3125 1898 3208">
    <p class='ocr_par' dir='ltr' id='par_1_34' title="bbox 325 3125 1898 3208">
     <span class='ocr_line' id='line_1_34' title="bbox 325 3125 1898 3208; baseline -0.008 -18"><span class='ocrx_word' id='word_1_222' title='bbox 325 3136 401 3208; x_wconf 82' lang='grc' dir='ltr'>μὴ</span> <span class='ocrx_word' id='word_1_223' title='bbox 432 3138 590 3207; x_wconf 78' lang='grc' dir='ltr'>εἴπῃς</span> <span class='ocrx_word' id='word_1_224' title='bbox 641 3136 699 3203; x_wconf 80' lang='grc' dir='ltr'><strong>ἐξ</strong></span> <span class='ocrx_word' id='word_1_225' title='bbox 741 3133 1153 3202; x_wconf 79' lang='grc' dir='ltr'>ἀντιδιαστολῆς</span> <span class='ocrx_word' id='word_1_226' title='bbox 1212 3129 1539 3191; x_wconf 88' lang='grc' dir='ltr'>ἀνευθύνους</span> <span class='ocrx_word' id='word_1_227' title='bbox 1588 3125 1731 3180; x_wconf 83' lang='grc' dir='ltr'>εἶναι</span> <span class='ocrx_word' id='word_1_228' title='bbox 1771 3126 1898 3188; x_wconf 75' lang='grc' dir='ltr'>τοὺς</span> 
     </span>
    </p>
   </div>
   <div class='ocr_carea' id='block_1_35' title="bbox 389 3210 1859 3280">
    <p class='ocr_par' dir='ltr' id='par_1_35' title="bbox 389 3210 1859 3280">
     <span class='ocr_line' id='line_1_35' title="bbox 389 3210 1859 3280; baseline -0.007 0"><span class='ocrx_word' id='word_1_229' title='bbox 389 3231 540 3280; x_wconf 74' lang='grc' dir='ltr'>ῖκοὺε</span> <span class='ocrx_word' id='word_1_230' title='bbox 571 3227 725 3280; x_wconf 81' lang='grc' dir='ltr'>ποιοά</span> <span class='ocrx_word' id='word_1_231' title='bbox 744 3228 834 3280; x_wconf 74' lang='grc' dir='ltr'><strong>τὸν</strong></span> <span class='ocrx_word' id='word_1_232' title='bbox 868 3226 1071 3280; x_wconf 86' lang='grc' dir='ltr'>κανόνα</span> <span class='ocrx_word' id='word_1_233' title='bbox 1104 3223 1415 3280; x_wconf 78' lang='grc' dir='ltr'>ποιοῦντας.</span> <span class='ocrx_word' id='word_1_234' title='bbox 1463 3221 1572 3275; x_wconf 76' lang='grc' dir='ltr'><strong>Καὶ</strong></span> <span class='ocrx_word' id='word_1_235' title='bbox 1612 3210 1762 3273; x_wconf 78' lang='grc' dir='ltr'>οὗτοι</span> <span class='ocrx_word' id='word_1_236' title='bbox 1786 3216 1859 3280; x_wconf 85' lang='grc' dir='ltr'><strong>γά</strong></span> 
     </span>
    </p>
   </div>
   <div class='ocr_carea' id='block_1_36' title="bbox 322 3227 3591 3358">
    <p class='ocr_par' dir='ltr' id='par_1_36' title="bbox 322 3227 3591 3358">
     <span class='ocr_line' id='line_1_36' title="bbox 322 3227 3588 3302; baseline -0.005 -37"><span class='ocrx_word' id='word_1_237' title='bbox 322 3231 540 3293; x_wconf 65' lang='grc' dir='ltr'><strong>λαῖκοὺς</strong></span> <span class='ocrx_word' id='word_1_238' title='bbox 571 3227 725 3298; x_wconf 68' lang='grc' dir='ltr'><strong>παρὰ</strong></span> <span class='ocrx_word' id='word_1_239' title='bbox 744 3228 834 3281; x_wconf 61' lang='grc' dir='ltr'><strong>τὸν</strong></span> <span class='ocrx_word' id='word_1_240' title='bbox 868 3227 1071 3280; x_wconf 72' lang='grc' dir='ltr'><strong>κανόνα</strong></span> <span class='ocrx_word' id='word_1_241' title='bbox 1104 3227 1415 3285; x_wconf 58' lang='grc' dir='ltr'><strong>ποιοῦντας.</strong></span> <span class='ocrx_word' id='word_1_242' title='bbox 1463 3227 1572 3275; x_wconf 61' lang='grc' dir='ltr'><strong>Καὶ</strong></span> <span class='ocrx_word' id='word_1_243' title='bbox 1612 3227 1762 3273; x_wconf 61' lang='grc' dir='ltr'><strong>οῦτοι</strong></span> <span class='ocrx_word' id='word_1_244' title='bbox 1786 3227 1898 3289; x_wconf 62' lang='grc' dir='ltr'><strong>γὰρ</strong></span> <span class='ocrx_word' id='word_1_245' title='bbox 1929 3243 1974 3302; x_wconf 76' lang='lat' dir='ltr'><strong><em>C</em></strong></span> <span class='ocrx_word' id='word_1_246' title='bbox 2010 3227 2242 3254; x_wconf 72' lang='lat' dir='ltr'><strong>taUquto</strong></span> <span class='ocrx_word' id='word_1_247' title='bbox 2285 3227 2418 3253; x_wconf 75' lang='lat' dir='ltr'><strong>uqu</strong></span> <span class='ocrx_word' id='word_1_248' title='bbox 2455 3227 2509 3253; x_wconf 68' lang='lat' dir='ltr'><strong>cs</strong></span> <span class='ocrx_word' id='word_1_249' title='bbox 2548 3227 2585 3253; x_wconf 86' lang='grc' dir='ltr'><strong>ιι</strong></span> <span class='ocrx_word' id='word_1_250' title='bbox 2625 3227 3050 3268; x_wconf 61' lang='grc' dir='ltr'>οεδιι-εαυιιιιιυι</span> <span class='ocrx_word' id='word_1_251' title='bbox 3089 3227 3387 3251; x_wconf 69' lang='grc' dir='ltr'>θῦυυιιυυιιι</span> <span class='ocrx_word' id='word_1_252' title='bbox 3433 3227 3588 3250; x_wconf 68' lang='lat' dir='ltr'><strong>uou-</strong></span> 
     </span>
     <span class='ocr_line' id='line_1_37' title="bbox 323 3286 3591 3358; baseline -0.005 0"><span class='ocrx_word' id='word_1_253' title='bbox 323 3318 785 3358; x_wconf 61' lang='grc' dir='ltr'><strong>δρηηηηιιτιηηπη.</strong></span> <span class='ocrx_word' id='word_1_254' title='bbox 854 3314 996 3358; x_wconf 47' lang='grc' dir='ltr'><strong>γλ,τά</strong></span> <span class='ocrx_word' id='word_1_255' title='bbox 1035 3315 1128 3358; x_wconf 64' lang='grc' dir='ltr'>τλν</span> <span class='ocrx_word' id='word_1_256' title='bbox 1186 3310 1216 3358; x_wconf 77' lang='grc' dir='ltr'><strong>ι·</strong></span> <span class='ocrx_word' id='word_1_257' title='bbox 1256 3309 1616 3358; x_wconf 49' lang='lat' dir='ltr'><strong>hoc“),be</strong></span> <span class='ocrx_word' id='word_1_258' title='bbox 1672 3309 1900 3358; x_wconf 65' lang='grc' dir='ltr'><strong>κανόνα,</strong></span> <span class='ocrx_word' id='word_1_259' title='bbox 1961 3327 1964 3329; x_wconf 49' lang='grc' dir='ltr'>λ</span> <span class='ocrx_word' id='word_1_260' title='bbox 2010 3306 2155 3345; x_wconf 88' lang='lat' dir='ltr'><strong>tttunt</strong></span> <span class='ocrx_word' id='word_1_261' title='bbox 2189 3305 2447 3346; x_wconf 89' lang='lat' dir='ltr'><strong>cauouem</strong></span> <span class='ocrx_word' id='word_1_262' title='bbox 2482 3289 2864 3356; x_wconf 87' lang='lat' dir='ltr'><strong>apostolicum,</strong></span> <span class='ocrx_word' id='word_1_263' title='bbox 2891 3287 2983 3358; x_wconf 90' lang='lat' dir='ltr'><strong>qui</strong></span> <span class='ocrx_word' id='word_1_264' title='bbox 3020 3303 3124 3343; x_wconf 90' lang='lat' dir='ltr'><strong>non</strong></span> <span class='ocrx_word' id='word_1_265' title='bbox 3160 3287 3448 3356; x_wconf 88' lang='lat' dir='ltr'><strong>distinguit</strong></span> <span class='ocrx_word' id='word_1_266' title='bbox 3475 3286 3591 3343; x_wconf 79' lang='lat' dir='ltr'><strong>tle-</strong></span> 
     </span>
    </p>
   </div>
   <div class='ocr_carea' id='block_1_37' title="bbox 323 3309 1900 3391">
    <p class='ocr_par' dir='ltr' id='par_1_37' title="bbox 323 3309 1900 3391">
     <span class='ocr_line' id='line_1_38' title="bbox 323 3309 1900 3391; baseline -0.008 -17"><span class='ocrx_word' id='word_1_267' title='bbox 323 3318 786 3391; x_wconf 80' lang='grc' dir='ltr'>ἀφορισθήσονται</span> <span class='ocrx_word' id='word_1_268' title='bbox 854 3314 997 3371; x_wconf 75' lang='grc' dir='ltr'><strong>κατά</strong></span> <span class='ocrx_word' id='word_1_269' title='bbox 1035 3315 1128 3368; x_wconf 78' lang='grc' dir='ltr'><strong>τὸν</strong></span> <span class='ocrx_word' id='word_1_270' title='bbox 1186 3310 1216 3366; x_wconf 88' lang='grc' dir='ltr'>ι’</span> <span class='ocrx_word' id='word_1_271' title='bbox 1256 3309 1616 3368; x_wconf 81' lang='grc' dir='ltr'>ἀποστολικὸν</span> <span class='ocrx_word' id='word_1_272' title='bbox 1672 3309 1900 3374; x_wconf 86' lang='grc' dir='ltr'>κανόνα,</span> 
     </span>
    </p>
   </div>
   <div class='ocr_carea' id='block_1_38' title="bbox 320 3402 1907 3482">
    <p class='ocr_par' dir='ltr' id='par_1_38' title="bbox 320 3402 1907 3482">
     <span class='ocr_line' id='line_1_39' title="bbox 320 3402 1907 3482; baseline -0.008 -13"><span class='ocrx_word' id='word_1_273' title='bbox 320 3415 414 3469; x_wconf 85' lang='grc' dir='ltr'><strong>τὸν</strong></span> <span class='ocrx_word' id='word_1_274' title='bbox 443 3410 519 3482; x_wconf 85' lang='grc' dir='ltr'>μὴ</span> <span class='ocrx_word' id='word_1_275' title='bbox 545 3410 928 3463; x_wconf 82' lang='grc' dir='ltr'>διαστέλλοντα</span> <span class='ocrx_word' id='word_1_276' title='bbox 958 3406 1260 3477; x_wconf 73' lang='grc' dir='ltr'>κληρικοῦς</span> <span class='ocrx_word' id='word_1_277' title='bbox 1291 3405 1387 3459; x_wconf 76' lang='grc' dir='ltr'><strong>καὶ</strong></span> <span class='ocrx_word' id='word_1_278' title='bbox 1432 3405 1683 3466; x_wconf 84' lang='grc' dir='ltr'>λαῖκούς.</span> <span class='ocrx_word' id='word_1_279' title='bbox 1741 3402 1907 3472; x_wconf 81' lang='grc' dir='ltr'>Ζήτει</span> 
     </span>
    </p>
   </div>
   <div class='ocr_carea' id='block_1_39' title="bbox 324 3491 1905 3565">
    <p class='ocr_par' dir='ltr' id='par_1_39' title="bbox 324 3491 1905 3565">
     <span class='ocr_line' id='line_1_40' title="bbox 324 3491 1905 3565; baseline -0.008 -8"><span class='ocrx_word' id='word_1_280' title='bbox 324 3503 420 3557; x_wconf 73' lang='grc' dir='ltr'><strong>καὶ</strong></span> <span class='ocrx_word' id='word_1_281' title='bbox 448 3502 537 3556; x_wconf 81' lang='grc' dir='ltr'><strong>τὸν</strong></span> <span class='ocrx_word' id='word_1_282' title='bbox 562 3496 605 3551; x_wconf 83' lang='grc' dir='ltr'>θ’</span> <span class='ocrx_word' id='word_1_283' title='bbox 662 3499 862 3553; x_wconf 88' lang='grc' dir='ltr'>κανόνα</span> <span class='ocrx_word' id='word_1_284' title='bbox 890 3498 987 3565; x_wconf 81' lang='grc' dir='ltr'><strong>τῆς</strong></span> <span class='ocrx_word' id='word_1_285' title='bbox 1024 3500 1080 3549; x_wconf 79' lang='grc' dir='ltr'><strong>ἐν</strong></span> <span class='ocrx_word' id='word_1_286' title='bbox 1112 3494 1442 3565; x_wconf 73' lang='grc' dir='ltr'>Καρθαγένῃ</span> <span class='ocrx_word' id='word_1_287' title='bbox 1498 3492 1744 3546; x_wconf 87' lang='grc' dir='ltr'>συνόδου.</span> <span class='ocrx_word' id='word_1_288' title='bbox 1802 3491 1905 3545; x_wconf 81' lang='grc' dir='ltr'>Διά</span> 
     </span>
    </p>
   </div>
   <div class='ocr_carea' id='block_1_40' title="bbox 323 3581 1910 3666">
    <p class='ocr_par' dir='ltr' id='par_1_40' title="bbox 323 3581 1910 3666">
     <span class='ocr_line' id='line_1_41' title="bbox 323 3581 1910 3666; baseline -0.006 -18"><span class='ocrx_word' id='word_1_289' title='bbox 323 3596 422 3666; x_wconf 80' lang='grc' dir='ltr'>τὴν</span> <span class='ocrx_word' id='word_1_290' title='bbox 453 3589 705 3662; x_wconf 77' lang='grc' dir='ltr'>ἀπειλὴν,</span> <span class='ocrx_word' id='word_1_291' title='bbox 737 3589 809 3654; x_wconf 83' lang='grc' dir='ltr'><strong>ὡς</strong></span> <span class='ocrx_word' id='word_1_292' title='bbox 842 3588 1010 3650; x_wconf 79' lang='grc' dir='ltr'>ἔοικε,</span> <span class='ocrx_word' id='word_1_293' title='bbox 1056 3586 1149 3642; x_wconf 85' lang='grc' dir='ltr'><strong>τοῦ</strong></span> <span class='ocrx_word' id='word_1_294' title='bbox 1179 3584 1229 3654; x_wconf 90' lang='grc' dir='ltr'>η’</span> <span class='ocrx_word' id='word_1_295' title='bbox 1274 3602 1397 3639; x_wconf 88' lang='grc' dir='ltr'>καν.</span> <span class='ocrx_word' id='word_1_296' title='bbox 1419 3584 1511 3638; x_wconf 70' lang='grc' dir='ltr'>καὶ</span> <span class='ocrx_word' id='word_1_297' title='bbox 1546 3581 1591 3636; x_wconf 84' lang='grc' dir='ltr'>θ’</span> <span class='ocrx_word' id='word_1_298' title='bbox 1608 3584 1716 3637; x_wconf 80' lang='grc' dir='ltr'><strong>τῶν</strong></span> <span class='ocrx_word' id='word_1_299' title='bbox 1739 3584 1910 3651; x_wconf 81' lang='grc' dir='ltr'>ἁγίων</span> 
     </span>
    </p>
   </div>
   <div class='ocr_carea' id='block_1_41' title="bbox 324 3674 1908 3749">
    <p class='ocr_par' dir='ltr' id='par_1_41' title="bbox 324 3674 1908 3749">
     <span class='ocr_line' id='line_1_42' title="bbox 324 3674 1908 3749; baseline -0.009 -8"><span class='ocrx_word' id='word_1_300' title='bbox 324 3686 664 3748; x_wconf 76' lang='grc' dir='ltr'>ἀποστόλων,</span> <span class='ocrx_word' id='word_1_301' title='bbox 699 3683 781 3737; x_wconf 82' lang='grc' dir='ltr'><strong>ἐτι</strong></span> <span class='ocrx_word' id='word_1_302' title='bbox 831 3680 929 3736; x_wconf 81' lang='grc' dir='ltr'>καὶ</span> <span class='ocrx_word' id='word_1_303' title='bbox 953 3677 1047 3733; x_wconf 83' lang='grc' dir='ltr'><strong>τοῦ</strong></span> <span class='ocrx_word' id='word_1_304' title='bbox 1079 3677 1342 3749; x_wconf 76' lang='grc' dir='ltr'>παρόντος</span> <span class='ocrx_word' id='word_1_305' title='bbox 1374 3674 1666 3746; x_wconf 81' lang='grc' dir='ltr'>ἐπενοήθη,</span> <span class='ocrx_word' id='word_1_306' title='bbox 1695 3675 1769 3738; x_wconf 85' lang='grc' dir='ltr'>ὡς</span> <span class='ocrx_word' id='word_1_307' title='bbox 1799 3675 1908 3727; x_wconf 81' lang='grc' dir='ltr'>ἐοι-</span> 
     </span>
    </p>
   </div>
   <div class='ocr_carea' id='block_1_42' title="bbox 331 3756 1909 3849">
    <p class='ocr_par' dir='ltr' id='par_1_42' title="bbox 331 3766 1909 3849">
     <span class='ocr_line' id='line_1_43' title="bbox 331 3766 1909 3849; baseline -0.011 -16"><span class='ocrx_word' id='word_1_308' title='bbox 331 3798 447 3843; x_wconf 90' lang='grc' dir='ltr'>κεν,</span> <span class='ocrx_word' id='word_1_309' title='bbox 480 3781 513 3849; x_wconf 82' lang='grc' dir='ltr'>ἠ</span> <span class='ocrx_word' id='word_1_310' title='bbox 539 3777 634 3832; x_wconf 66' lang='grc' dir='ltr'><strong>τοῦ</strong></span> <span class='ocrx_word' id='word_1_311' title='bbox 684 3773 986 3846; x_wconf 82' lang='grc' dir='ltr'>ἀντιδώρου</span> <span class='ocrx_word' id='word_1_312' title='bbox 1021 3772 1294 3834; x_wconf 83' lang='grc' dir='ltr'>διάδοσις·</span> <span class='ocrx_word' id='word_1_313' title='bbox 1336 3768 1475 3823; x_wconf 81' lang='grc' dir='ltr'>ὥστε</span> <span class='ocrx_word' id='word_1_314' title='bbox 1503 3769 1794 3839; x_wconf 81' lang='grc' dir='ltr'>καρτερεῖν</span> <span class='ocrx_word' id='word_1_315' title='bbox 1850 3766 1909 3833; x_wconf 81' lang='grc' dir='ltr'><strong>ἐξ</strong></span> 
     </span>
    </p>
   </div>
   <div class='ocr_carea' id='block_1_43' title="bbox 330 3855 1909 3942">
    <p class='ocr_par' dir='ltr' id='par_1_43' title="bbox 330 3855 1909 3942">
     <span class='ocr_line' id='line_1_44' title="bbox 330 3855 1909 3942; baseline -0.009 -15"><span class='ocrx_word' id='word_1_316' title='bbox 330 3855 574 3942; x_wconf 79' lang='grc' dir='ltr'>ἀνάγκης</span> <span class='ocrx_word' id='word_1_317' title='bbox 606 3872 702 3925; x_wconf 79' lang='grc' dir='ltr'><strong>καὶ</strong></span> <span class='ocrx_word' id='word_1_318' title='bbox 736 3870 939 3932; x_wconf 80' lang='grc' dir='ltr'>αὐτοὺς</span> <span class='ocrx_word' id='word_1_319' title='bbox 959 3866 1086 3929; x_wconf 85' lang='grc' dir='ltr'>τοὺς</span> <span class='ocrx_word' id='word_1_320' title='bbox 1116 3863 1193 3936; x_wconf 78' lang='grc' dir='ltr'>μὴ</span> <span class='ocrx_word' id='word_1_321' title='bbox 1208 3862 1547 3934; x_wconf 83' lang='grc' dir='ltr'>δυναμένους</span> <span class='ocrx_word' id='word_1_322' title='bbox 1576 3860 1909 3929; x_wconf 72' lang='grc' dir='ltr'>μεταλαϐεῖν</span> 
     </span>
    </p>
   </div>
   <div class='ocr_carea' id='block_1_44' title="bbox 329 3949 1909 4035">
    <p class='ocr_par' dir='ltr' id='par_1_44' title="bbox 329 3949 1909 4035">
     <span class='ocr_line' id='line_1_45' title="bbox 329 3949 1909 4035; baseline -0.011 -16"><span class='ocrx_word' id='word_1_323' title='bbox 329 3964 436 4019; x_wconf 85' lang='grc' dir='ltr'><strong>τῶν</strong></span> <span class='ocrx_word' id='word_1_324' title='bbox 467 3964 753 4035; x_wconf 82' lang='grc' dir='ltr'>ἀχράντων</span> <span class='ocrx_word' id='word_1_325' title='bbox 788 3956 1109 4032; x_wconf 86' lang='grc' dir='ltr'>μυστηρίων</span> <span class='ocrx_word' id='word_1_326' title='bbox 1143 3957 1303 4027; x_wconf 86' lang='grc' dir='ltr'>μέχρι</span> <span class='ocrx_word' id='word_1_327' title='bbox 1333 3955 1433 4025; x_wconf 81' lang='grc' dir='ltr'>τῆς</span> <span class='ocrx_word' id='word_1_328' title='bbox 1471 3951 1635 4023; x_wconf 81' lang='grc' dir='ltr'>εὐχῆς</span> <span class='ocrx_word' id='word_1_329' title='bbox 1685 3952 1778 4004; x_wconf 74' lang='grc' dir='ltr'>καὶ</span> <span class='ocrx_word' id='word_1_330' title='bbox 1810 3949 1909 4020; x_wconf 84' lang='grc' dir='ltr'><strong>τῆς</strong></span> 
     </span>
    </p>
   </div>
   <div class='ocr_carea' id='block_1_45' title="bbox 330 4042 1914 4117">
    <p class='ocr_par' dir='ltr' id='par_1_45' title="bbox 330 4042 1914 4117">
     <span class='ocr_line' id='line_1_46' title="bbox 330 4042 1914 4117; baseline -0.01 -7"><span class='ocrx_word' id='word_1_331' title='bbox 330 4054 669 4117; x_wconf 85' lang='grc' dir='ltr'>ἀπολύσεως·</span> <span class='ocrx_word' id='word_1_332' title='bbox 708 4053 794 4106; x_wconf 85' lang='grc' dir='ltr'>ἴνα</span> <span class='ocrx_word' id='word_1_333' title='bbox 841 4050 1078 4107; x_wconf 67' lang='grc' dir='ltr'>λάεωσιν</span> <span class='ocrx_word' id='word_1_334' title='bbox 1114 4048 1307 4102; x_wconf 85' lang='grc' dir='ltr'>ἐκτῶν</span> <span class='ocrx_word' id='word_1_335' title='bbox 1360 4044 1559 4117; x_wconf 79' lang='grc' dir='ltr'>χειρῶν</span> <span class='ocrx_word' id='word_1_336' title='bbox 1625 4042 1718 4097; x_wconf 88' lang='grc' dir='ltr'><strong>τοῦ</strong></span> <span class='ocrx_word' id='word_1_337' title='bbox 1764 4044 1914 4113; x_wconf 84' lang='grc' dir='ltr'>ἱερα-</span> 
     </span>
    </p>
   </div>
   <div class='ocr_carea' id='block_1_46' title="bbox 328 4133 1911 4213">
    <p class='ocr_par' dir='ltr' id='par_1_46' title="bbox 328 4133 1911 4213">
     <span class='ocr_line' id='line_1_47' title="bbox 328 4133 1911 4213; baseline -0.011 -13"><span class='ocrx_word' id='word_1_338' title='bbox 328 4144 622 4207; x_wconf 85' lang='grc' dir='ltr'>τεύσαντος</span> <span class='ocrx_word' id='word_1_339' title='bbox 677 4142 776 4213; x_wconf 76' lang='grc' dir='ltr'><strong>τὴν</strong></span> <span class='ocrx_word' id='word_1_340' title='bbox 819 4139 1069 4209; x_wconf 78' lang='grc' dir='ltr'>εὐλογίαν</span> <span class='ocrx_word' id='word_1_341' title='bbox 1128 4136 1222 4190; x_wconf 85' lang='grc' dir='ltr'><strong>τοῦ</strong></span> <span class='ocrx_word' id='word_1_342' title='bbox 1268 4133 1605 4205; x_wconf 80' lang='grc' dir='ltr'>ἡγιασμένου</span> <span class='ocrx_word' id='word_1_343' title='bbox 1662 4133 1911 4200; x_wconf 83' lang='grc' dir='ltr'>κλάσμα-</span> 
     </span>
    </p>
   </div>
   <div class='ocr_carea' id='block_1_47' title="bbox 332 4224 1915 4303">
    <p class='ocr_par' dir='ltr' id='par_1_47' title="bbox 332 4224 1915 4303">
     <span class='ocr_line' id='line_1_48' title="bbox 332 4224 1915 4303; baseline -0.01 -10"><span class='ocrx_word' id='word_1_344' title='bbox 332 4255 440 4301; x_wconf 84' lang='grc' dir='ltr'>τος.</span> <span class='ocrx_word' id='word_1_345' title='bbox 486 4236 614 4292; x_wconf 74' lang='grc' dir='ltr'>Ἐπὶ</span> <span class='ocrx_word' id='word_1_346' title='bbox 650 4234 753 4303; x_wconf 75' lang='grc' dir='ltr'>τῆς</span> <span class='ocrx_word' id='word_1_347' title='bbox 800 4230 1143 4303; x_wconf 88' lang='grc' dir='ltr'>λειτουργίας</span> <span class='ocrx_word' id='word_1_348' title='bbox 1177 4229 1233 4283; x_wconf 81' lang='grc' dir='ltr'>δὲ</span> <span class='ocrx_word' id='word_1_349' title='bbox 1280 4230 1375 4283; x_wconf 70' lang='grc' dir='ltr'><strong>καὶ</strong></span> <span class='ocrx_word' id='word_1_350' title='bbox 1426 4227 1592 4298; x_wconf 84' lang='grc' dir='ltr'>μόνης</span> <span class='ocrx_word' id='word_1_351' title='bbox 1645 4226 1755 4279; x_wconf 82' lang='grc' dir='ltr'>νόει</span> <span class='ocrx_word' id='word_1_352' title='bbox 1785 4224 1915 4295; x_wconf 51' lang='grc' dir='ltr'>,διο-</span> 
     </span>
    </p>
   </div>
   <div class='ocr_carea' id='block_1_48' title="bbox 340 4314 1911 4403">
    <p class='ocr_par' dir='ltr' id='par_1_48' title="bbox 340 4314 1911 4403">
     <span class='ocr_line' id='line_1_49' title="bbox 340 4314 1911 4403; baseline -0.009 -21"><span class='ocrx_word' id='word_1_353' title='bbox 340 4330 589 4403; x_wconf 74' lang='grc' dir='ltr'>ρίζεσθαι</span> <span class='ocrx_word' id='word_1_354' title='bbox 638 4320 813 4381; x_wconf 79' lang='grc' dir='ltr'>ταῦτα</span> <span class='ocrx_word' id='word_1_355' title='bbox 868 4326 998 4387; x_wconf 81' lang='grc' dir='ltr'>τοὺς</span> <span class='ocrx_word' id='word_1_356' title='bbox 1045 4322 1311 4396; x_wconf 76' lang='grc' dir='ltr'>ῥηθέντας</span> <span class='ocrx_word' id='word_1_357' title='bbox 1360 4320 1624 4382; x_wconf 85' lang='grc' dir='ltr'>κανόνας·</span> <span class='ocrx_word' id='word_1_358' title='bbox 1680 4318 1740 4371; x_wconf 86' lang='grc' dir='ltr'><strong>ού</strong></span> <span class='ocrx_word' id='word_1_359' title='bbox 1804 4314 1911 4386; x_wconf 78' lang='grc' dir='ltr'>μὴν</span> 
     </span>
    </p>
   </div>
   <div class='ocr_carea' id='block_1_49' title="bbox 333 4406 1912 4489">
    <p class='ocr_par' dir='ltr' id='par_1_49' title="bbox 333 4406 1912 4489">
     <span class='ocr_line' id='line_1_50' title="bbox 333 4406 1912 4489; baseline -0.011 -14"><span class='ocrx_word' id='word_1_360' title='bbox 333 4422 429 4474; x_wconf 81' lang='grc' dir='ltr'>ἐπὶ</span> <span class='ocrx_word' id='word_1_361' title='bbox 449 4420 560 4473; x_wconf 84' lang='grc' dir='ltr'>τῶν</span> <span class='ocrx_word' id='word_1_362' title='bbox 595 4418 801 4489; x_wconf 86' lang='grc' dir='ltr'>ἐτέρων</span> <span class='ocrx_word' id='word_1_363' title='bbox 834 4412 1314 4483; x_wconf 86' lang='grc' dir='ltr'>ἐκκλησιαστικῶν</span> <span class='ocrx_word' id='word_1_364' title='bbox 1341 4407 1698 4464; x_wconf 80' lang='grc' dir='ltr'>ἀκολουθιῶν.</span> <span class='ocrx_word' id='word_1_365' title='bbox 1756 4406 1912 4458; x_wconf 79' lang='grc' dir='ltr'>Ἐπεὶ</span> 
     </span>
    </p>
   </div>
   <div class='ocr_carea' id='block_1_50' title="bbox 334 4497 1929 4579">
    <p class='ocr_par' dir='ltr' id='par_1_50' title="bbox 334 4497 1929 4579">
     <span class='ocr_line' id='line_1_51' title="bbox 334 4497 1929 4579; baseline -0.011 -15"><span class='ocrx_word' id='word_1_366' title='bbox 334 4511 392 4564; x_wconf 83' lang='grc' dir='ltr'>δὲ</span> <span class='ocrx_word' id='word_1_367' title='bbox 444 4507 668 4579; x_wconf 82' lang='grc' dir='ltr'>λέγουσι</span> <span class='ocrx_word' id='word_1_368' title='bbox 716 4521 883 4569; x_wconf 87' lang='grc' dir='ltr'>τινες,</span> <span class='ocrx_word' id='word_1_369' title='bbox 920 4502 1032 4555; x_wconf 77' lang='grc' dir='ltr'><strong>Καὶ</strong></span> <span class='ocrx_word' id='word_1_370' title='bbox 1053 4502 1139 4554; x_wconf 83' lang='grc' dir='ltr'>διὰ</span> <span class='ocrx_word' id='word_1_371' title='bbox 1160 4500 1213 4553; x_wconf 92' lang='grc' dir='ltr'><strong>τί</strong></span> <span class='ocrx_word' id='word_1_372' title='bbox 1244 4502 1272 4554; x_wconf 82' lang='grc' dir='ltr'>ὁ</span> <span class='ocrx_word' id='word_1_373' title='bbox 1298 4497 1675 4566; x_wconf 80' lang='grc' dir='ltr'>οίκουμενικὺς</span> <span class='ocrx_word' id='word_1_374' title='bbox 1715 4511 1929 4564; x_wconf 70' lang='grc' dir='ltr'>πατρι-,</span> 
     </span>
    </p>
   </div>
   <div class='ocr_carea' id='block_1_51' title="bbox 1989 538 3597 608">
    <p class='ocr_par' dir='ltr' id='par_1_51' title="bbox 1989 538 3597 608">
     <span class='ocr_line' id='line_1_52' title="bbox 1989 538 3597 608; baseline -0.002 -13"><span class='ocrx_word' id='word_1_375' title='bbox 1989 542 2125 608; x_wconf 82' lang='lat' dir='ltr'><strong>Quia</strong></span> <span class='ocrx_word' id='word_1_376' title='bbox 2148 548 2326 596; x_wconf 88' lang='lat' dir='ltr'><strong>autem</strong></span> <span class='ocrx_word' id='word_1_377' title='bbox 2356 538 2654 594; x_wconf 85' lang='lat' dir='ltr'><strong>verisimile</strong></span> <span class='ocrx_word' id='word_1_378' title='bbox 2685 549 2822 604; x_wconf 88' lang='lat' dir='ltr'><strong>erat,</strong></span> <span class='ocrx_word' id='word_1_379' title='bbox 2858 540 2948 602; x_wconf 89' lang='lat' dir='ltr'><strong>iis,</strong></span> <span class='ocrx_word' id='word_1_380' title='bbox 2982 538 3075 608; x_wconf 87' lang='lat' dir='ltr'><strong>qui</strong></span> <span class='ocrx_word' id='word_1_381' title='bbox 3110 538 3188 593; x_wconf 92' lang='lat' dir='ltr'><strong>sic</strong></span> <span class='ocrx_word' id='word_1_382' title='bbox 3226 546 3351 592; x_wconf 91' lang='lat' dir='ltr'><strong>sunt</strong></span> <span class='ocrx_word' id='word_1_383' title='bbox 3385 552 3597 607; x_wconf 39' lang='lat' dir='ltr'><strong>segrey</strong></span> 
     </span>
    </p>
   </div>
   <div class='ocr_carea' id='block_1_52' title="bbox 1991 628 3574 703">
    <p class='ocr_par' dir='ltr' id='par_1_52' title="bbox 1991 628 3574 703">
     <span class='ocr_line' id='line_1_53' title="bbox 1991 628 3574 703; baseline -0.002 -16"><span class='ocrx_word' id='word_1_384' title='bbox 1991 632 2124 703; x_wconf 85' lang='lat' dir='ltr'><strong>gati.</strong></span> <span class='ocrx_word' id='word_1_385' title='bbox 2144 631 2545 687; x_wconf 80' lang='lat' dir='ltr'><strong>communicare</strong></span> <span class='ocrx_word' id='word_1_386' title='bbox 2566 632 2851 698; x_wconf 86' lang='lat' dir='ltr'><strong>quosdam,</strong></span> <span class='ocrx_word' id='word_1_387' title='bbox 2875 645 2969 686; x_wconf 93' lang='lat' dir='ltr'><strong>seu</strong></span> <span class='ocrx_word' id='word_1_388' title='bbox 2994 644 3100 683; x_wconf 90' lang='lat' dir='ltr'><strong>una</strong></span> <span class='ocrx_word' id='word_1_389' title='bbox 3124 645 3245 684; x_wconf 91' lang='lat' dir='ltr'><strong>cum</strong></span> <span class='ocrx_word' id='word_1_390' title='bbox 3272 628 3349 684; x_wconf 86' lang='lat' dir='ltr'><strong>eis</strong></span> <span class='ocrx_word' id='word_1_391' title='bbox 3372 643 3529 684; x_wconf 89' lang='lat' dir='ltr'><strong>orare</strong></span> <span class='ocrx_word' id='word_1_392' title='bbox 3556 646 3574 697; x_wconf 87' lang='lat'><strong>;</strong></span> 
     </span>
    </p>
   </div>
   <div class='ocr_carea' id='block_1_53' title="bbox 1991 717 3575 795">
    <p class='ocr_par' dir='ltr' id='par_1_53' title="bbox 1991 717 3575 795">
     <span class='ocr_line' id='line_1_54' title="bbox 1991 717 3575 795; baseline -0.002 -19"><span class='ocrx_word' id='word_1_393' title='bbox 1991 736 2098 776; x_wconf 89' lang='lat' dir='ltr'><strong>non</strong></span> <span class='ocrx_word' id='word_1_394' title='bbox 2144 721 2196 776; x_wconf 93' lang='lat' dir='ltr'><strong>in</strong></span> <span class='ocrx_word' id='word_1_395' title='bbox 2230 721 2483 787; x_wconf 85' lang='lat' dir='ltr'><strong>ecclesia,</strong></span> <span class='ocrx_word' id='word_1_396' title='bbox 2513 735 2577 777; x_wconf 80' lang='lat' dir='ltr'><strong>ex</strong></span> <span class='ocrx_word' id='word_1_397' title='bbox 2613 735 2719 789; x_wconf 90' lang='lat' dir='ltr'><strong>qua</strong></span> <span class='ocrx_word' id='word_1_398' title='bbox 2764 718 2927 789; x_wconf 72' lang='lat' dir='ltr'><strong>eiecti</strong></span> <span class='ocrx_word' id='word_1_399' title='bbox 2958 727 3109 795; x_wconf 84' lang='lat' dir='ltr'><strong>sunt,</strong></span> <span class='ocrx_word' id='word_1_400' title='bbox 3151 717 3248 773; x_wconf 87' lang='lat' dir='ltr'><strong>sed</strong></span> <span class='ocrx_word' id='word_1_401' title='bbox 3280 717 3333 772; x_wconf 88' lang='lat' dir='ltr'><strong>itt</strong></span> <span class='ocrx_word' id='word_1_402' title='bbox 3363 718 3575 786; x_wconf 86' lang='lat' dir='ltr'><strong>privato</strong></span> 
     </span>
    </p>
   </div>
   <div class='ocr_carea' id='block_1_54' title="bbox 1993 806 3577 879">
    <p class='ocr_par' dir='ltr' id='par_1_54' title="bbox 1993 806 3577 879">
     <span class='ocr_line' id='line_1_55' title="bbox 1993 806 3577 879; baseline -0.003 -13"><span class='ocrx_word' id='word_1_403' title='bbox 1993 812 2187 867; x_wconf 89' lang='lat' dir='ltr'><strong>domus</strong></span> <span class='ocrx_word' id='word_1_404' title='bbox 2214 811 2458 866; x_wconf 89' lang='lat' dir='ltr'><strong>oratorio</strong></span> <span class='ocrx_word' id='word_1_405' title='bbox 2483 852 2500 879; x_wconf 95' lang='lat'><strong>,</strong></span> <span class='ocrx_word' id='word_1_406' title='bbox 2538 809 2620 865; x_wconf 87' lang='lat' dir='ltr'><strong>vel</strong></span> <span class='ocrx_word' id='word_1_407' title='bbox 2654 811 2707 864; x_wconf 92' lang='lat' dir='ltr'><strong>iu</strong></span> <span class='ocrx_word' id='word_1_408' title='bbox 2752 810 2857 863; x_wconf 87' lang='lat' dir='ltr'><strong>alia</strong></span> <span class='ocrx_word' id='word_1_409' title='bbox 2900 807 3156 873; x_wconf 86' lang='lat' dir='ltr'><strong>ecclesia,</strong></span> <span class='ocrx_word' id='word_1_410' title='bbox 3192 814 3247 860; x_wconf 93' lang='lat' dir='ltr'><strong>et</strong></span> <span class='ocrx_word' id='word_1_411' title='bbox 3293 806 3472 862; x_wconf 83' lang='lat' dir='ltr'><strong>dicere</strong></span> <span class='ocrx_word' id='word_1_412' title='bbox 3504 808 3577 862; x_wconf 91' lang='lat' dir='ltr'><strong>ob</strong></span> 
     </span>
    </p>
   </div>
   <div class='ocr_carea' id='block_1_55' title="bbox 1992 901 3579 972">
    <p class='ocr_par' dir='ltr' id='par_1_55' title="bbox 1992 901 3579 972">
     <span class='ocr_line' id='line_1_56' title="bbox 1992 901 3579 972; baseline -0.002 -15"><span class='ocrx_word' id='word_1_413' title='bbox 1992 902 2099 957; x_wconf 92' lang='lat' dir='ltr'><strong>hoc</strong></span> <span class='ocrx_word' id='word_1_414' title='bbox 2130 915 2349 972; x_wconf 61' lang='lat' dir='ltr'><strong>paruam</strong></span> <span class='ocrx_word' id='word_1_415' title='bbox 2381 902 2433 955; x_wconf 91' lang='lat' dir='ltr'><strong>in</strong></span> <span class='ocrx_word' id='word_1_416' title='bbox 2482 916 2542 956; x_wconf 91' lang='lat' dir='ltr'><strong>se</strong></span> <span class='ocrx_word' id='word_1_417' title='bbox 2587 915 2692 955; x_wconf 91' lang='lat' dir='ltr'><strong>non</strong></span> <span class='ocrx_word' id='word_1_418' title='bbox 2728 901 2944 965; x_wconf 85' lang='lat' dir='ltr'><strong>cadere,</strong></span> <span class='ocrx_word' id='word_1_419' title='bbox 2978 912 3045 953; x_wconf 90' lang='lat' dir='ltr'><strong>eo</strong></span> <span class='ocrx_word' id='word_1_420' title='bbox 3076 901 3221 967; x_wconf 88' lang='lat' dir='ltr'><strong>quod</strong></span> <span class='ocrx_word' id='word_1_421' title='bbox 3263 907 3579 968; x_wconf 87' lang='lat' dir='ltr'><strong>segregatus</strong></span> 
     </span>
    </p>
   </div>
   <div class='ocr_carea' id='block_1_56' title="bbox 1993 989 3579 1061">
    <p class='ocr_par' dir='ltr' id='par_1_56' title="bbox 1993 989 3579 1061">
     <span class='ocr_line' id='line_1_57' title="bbox 1993 989 3579 1061; baseline -0.003 -11"><span class='ocrx_word' id='word_1_422' title='bbox 1993 995 2066 1050; x_wconf 90' lang='lat' dir='ltr'><strong>sit</strong></span> <span class='ocrx_word' id='word_1_423' title='bbox 2104 994 2173 1048; x_wconf 89' lang='lat' dir='ltr'><strong>ab</strong></span> <span class='ocrx_word' id='word_1_424' title='bbox 2204 1008 2313 1049; x_wconf 87' lang='lat' dir='ltr'><strong>una</strong></span> <span class='ocrx_word' id='word_1_425' title='bbox 2348 993 2577 1049; x_wconf 78' lang='lat' dir='ltr'><strong>ecclesia</strong></span> <span class='ocrx_word' id='word_1_426' title='bbox 2607 992 2833 1061; x_wconf 88' lang='lat' dir='ltr'><strong>ejectus,</strong></span> <span class='ocrx_word' id='word_1_427' title='bbox 2870 992 2927 1046; x_wconf 92' lang='lat' dir='ltr'><strong>in</strong></span> <span class='ocrx_word' id='word_1_428' title='bbox 2957 1007 3060 1059; x_wconf 81' lang='lat' dir='ltr'><strong>qua</strong></span> <span class='ocrx_word' id='word_1_429' title='bbox 3084 990 3174 1061; x_wconf 86' lang='lat' dir='ltr'><strong>jus</strong></span> <span class='ocrx_word' id='word_1_430' title='bbox 3210 991 3376 1045; x_wconf 85' lang='lat' dir='ltr'><strong>habet</strong></span> <span class='ocrx_word' id='word_1_431' title='bbox 3409 991 3453 1043; x_wconf 90' lang='lat' dir='ltr'><strong>is</strong></span> <span class='ocrx_word' id='word_1_432' title='bbox 3483 989 3579 1058; x_wconf 87' lang='lat' dir='ltr'><strong>qui</strong></span> 
     </span>
    </p>
   </div>
   <div class='ocr_carea' id='block_1_57' title="bbox 1994 1081 3577 1157">
    <p class='ocr_par' dir='ltr' id='par_1_57' title="bbox 1994 1081 3577 1157">
     <span class='ocr_line' id='line_1_58' title="bbox 1994 1081 3577 1157; baseline -0.004 -18"><span class='ocrx_word' id='word_1_433' title='bbox 1994 1101 2116 1141; x_wconf 90' lang='lat' dir='ltr'><strong>eum</strong></span> <span class='ocrx_word' id='word_1_434' title='bbox 2142 1087 2449 1157; x_wconf 76' lang='lat' dir='ltr'><strong>segregavit</strong></span> <span class='ocrx_word' id='word_1_435' title='bbox 2492 1104 2506 1141; x_wconf 88' lang='lat'><strong>:</strong></span> <span class='ocrx_word' id='word_1_436' title='bbox 2537 1086 2668 1140; x_wconf 85' lang='lat' dir='ltr'><strong>dicit</strong></span> <span class='ocrx_word' id='word_1_437' title='bbox 2699 1100 2874 1139; x_wconf 88' lang='lat' dir='ltr'><strong>canon</strong></span> <span class='ocrx_word' id='word_1_438' title='bbox 2917 1099 3077 1137; x_wconf 88' lang='lat' dir='ltr'><strong>unam</strong></span> <span class='ocrx_word' id='word_1_439' title='bbox 3112 1097 3235 1139; x_wconf 92' lang='lat' dir='ltr'><strong>esse</strong></span> <span class='ocrx_word' id='word_1_440' title='bbox 3263 1081 3577 1147; x_wconf 86' lang='lat' dir='ltr'><strong>ecclesiam,</strong></span> 
     </span>
    </p>
   </div>
   <div class='ocr_carea' id='block_1_58' title="bbox 1994 1174 3577 1248">
    <p class='ocr_par' dir='ltr' id='par_1_58' title="bbox 1994 1174 3577 1248">
     <span class='ocr_line' id='line_1_59' title="bbox 1994 1174 3577 1248; baseline -0.002 -16"><span class='ocrx_word' id='word_1_441' title='bbox 1994 1180 2237 1234; x_wconf 89' lang='lat' dir='ltr'><strong>oratoria</strong></span> <span class='ocrx_word' id='word_1_442' title='bbox 2261 1190 2315 1233; x_wconf 91' lang='lat' dir='ltr'><strong>et</strong></span> <span class='ocrx_word' id='word_1_443' title='bbox 2344 1177 2566 1248; x_wconf 79' lang='lat' dir='ltr'><strong>templa,</strong></span> <span class='ocrx_word' id='word_1_444' title='bbox 2604 1178 2913 1246; x_wconf 77' lang='lat' dir='ltr'><strong>ubicunque</strong></span> <span class='ocrx_word' id='word_1_445' title='bbox 2944 1184 3093 1241; x_wconf 87' lang='lat' dir='ltr'><strong>sunt,</strong></span> <span class='ocrx_word' id='word_1_446' title='bbox 3128 1190 3229 1231; x_wconf 91' lang='lat' dir='ltr'><strong>nec</strong></span> <span class='ocrx_word' id='word_1_447' title='bbox 3254 1175 3455 1231; x_wconf 89' lang='lat' dir='ltr'><strong>debent</strong></span> <span class='ocrx_word' id='word_1_448' title='bbox 3482 1174 3577 1229; x_wconf 89' lang='lat' dir='ltr'><strong>ulli</strong></span> 
     </span>
    </p>
   </div>
   <div class='ocr_carea' id='block_1_59' title="bbox 1994 1268 3577 1342">
    <p class='ocr_par' dir='ltr' id='par_1_59' title="bbox 1994 1268 3577 1342">
     <span class='ocr_line' id='line_1_60' title="bbox 1994 1268 3577 1342; baseline -0.003 -15"><span class='ocrx_word' id='word_1_449' title='bbox 1994 1271 2177 1327; x_wconf 88' lang='lat' dir='ltr'><strong>clerici</strong></span> <span class='ocrx_word' id='word_1_450' title='bbox 2207 1286 2329 1326; x_wconf 90' lang='lat' dir='ltr'><strong>cum</strong></span> <span class='ocrx_word' id='word_1_451' title='bbox 2376 1286 2462 1336; x_wconf 90' lang='lat' dir='ltr'><strong>eo,</strong></span> <span class='ocrx_word' id='word_1_452' title='bbox 2505 1271 2595 1340; x_wconf 91' lang='lat' dir='ltr'><strong>qui</strong></span> <span class='ocrx_word' id='word_1_453' title='bbox 2635 1283 2716 1326; x_wconf 86' lang='lat' dir='ltr'><strong>est</strong></span> <span class='ocrx_word' id='word_1_454' title='bbox 2760 1282 3099 1342; x_wconf 87' lang='lat' dir='ltr'><strong>segregatus,</strong></span> <span class='ocrx_word' id='word_1_455' title='bbox 3150 1283 3330 1333; x_wconf 89' lang='lat' dir='ltr'><strong>orare,</strong></span> <span class='ocrx_word' id='word_1_456' title='bbox 3360 1268 3577 1323; x_wconf 91' lang='lat' dir='ltr'><strong>etiamsi</strong></span> 
     </span>
    </p>
   </div>
   <div class='ocr_carea' id='block_1_60' title="bbox 1994 1356 3579 1431">
    <p class='ocr_par' dir='ltr' id='par_1_60' title="bbox 1994 1356 3579 1431">
     <span class='ocr_line' id='line_1_61' title="bbox 1994 1356 3579 1431; baseline -0.003 -15"><span class='ocrx_word' id='word_1_457' title='bbox 1994 1364 2105 1417; x_wconf 86' lang='lat' dir='ltr'><strong>sint</strong></span> <span class='ocrx_word' id='word_1_458' title='bbox 2139 1376 2205 1416; x_wconf 80' lang='lat' dir='ltr'><strong>ex</strong></span> <span class='ocrx_word' id='word_1_459' title='bbox 2236 1360 2343 1415; x_wconf 90' lang='lat' dir='ltr'><strong>alia</strong></span> <span class='ocrx_word' id='word_1_460' title='bbox 2377 1361 2600 1431; x_wconf 78' lang='lat' dir='ltr'><strong>regione</strong></span> <span class='ocrx_word' id='word_1_461' title='bbox 2626 1356 2717 1419; x_wconf 69' lang='grc' dir='ltr'><strong>ι’ἱί</strong></span> <span class='ocrx_word' id='word_1_462' title='bbox 2750 1375 2954 1425; x_wconf 89' lang='lat' dir='ltr'><strong>autem,</strong></span> <span class='ocrx_word' id='word_1_463' title='bbox 2998 1360 3089 1430; x_wconf 86' lang='lat' dir='ltr'><strong>qui</strong></span> <span class='ocrx_word' id='word_1_464' title='bbox 3125 1370 3323 1428; x_wconf 81' lang='lat' dir='ltr'><strong>praeter</strong></span> <span class='ocrx_word' id='word_1_465' title='bbox 3354 1357 3468 1412; x_wconf 85' lang='lat' dir='ltr'><strong>haec</strong></span> <span class='ocrx_word' id='word_1_466' title='bbox 3494 1357 3579 1412; x_wconf 74' lang='lat' dir='ltr'><strong>fa-</strong></span> 
     </span>
    </p>
   </div>
   <div class='ocr_carea' id='block_1_61' title="bbox 1994 1448 3572 1519">
    <p class='ocr_par' dir='ltr' id='par_1_61' title="bbox 1994 1448 3572 1519">
     <span class='ocr_line' id='line_1_62' title="bbox 1994 1448 3572 1519; baseline -0.003 -13"><span class='ocrx_word' id='word_1_467' title='bbox 1994 1452 2146 1506; x_wconf 88' lang='lat' dir='ltr'><strong>ciunt</strong></span> <span class='ocrx_word' id='word_1_468' title='bbox 2167 1450 2341 1506; x_wconf 90' lang='lat' dir='ltr'><strong>eidem</strong></span> <span class='ocrx_word' id='word_1_469' title='bbox 2370 1450 2951 1505; x_wconf 74' lang='lat' dir='ltr'><strong>excommunicationis</strong></span> <span class='ocrx_word' id='word_1_470' title='bbox 2982 1464 3157 1519; x_wconf 61' lang='lat' dir='ltr'><strong>poenae</strong></span> <span class='ocrx_word' id='word_1_471' title='bbox 3182 1448 3572 1516; x_wconf 76' lang='lat' dir='ltr'><strong>subjiciuntur.</strong></span> 
     </span>
    </p>
   </div>
   <div class='ocr_carea' id='block_1_62' title="bbox 1996 1540 3575 1614">
    <p class='ocr_par' dir='ltr' id='par_1_62' title="bbox 1996 1540 3575 1614">
     <span class='ocr_line' id='line_1_63' title="bbox 1996 1540 3575 1614; baseline -0.003 -16"><span class='ocrx_word' id='word_1_472' title='bbox 1996 1544 2063 1598; x_wconf 85' lang='lat' dir='ltr'><strong>Et</strong></span> <span class='ocrx_word' id='word_1_473' title='bbox 2107 1542 2220 1597; x_wconf 66' lang='lat' dir='ltr'><strong>hate</strong></span> <span class='ocrx_word' id='word_1_474' title='bbox 2248 1542 2468 1614; x_wconf 85' lang='lat' dir='ltr'><strong>quidem</strong></span> <span class='ocrx_word' id='word_1_475' title='bbox 2502 1543 2633 1599; x_wconf 84' lang='lat' dir='ltr'><strong>dicit</strong></span> <span class='ocrx_word' id='word_1_476' title='bbox 2661 1558 2858 1598; x_wconf 85' lang='lat' dir='ltr'><strong>canon.</strong></span> <span class='ocrx_word' id='word_1_477' title='bbox 2897 1541 2978 1597; x_wconf 86' lang='lat' dir='ltr'><strong>&#39;l&#39;u</strong></span> <span class='ocrx_word' id='word_1_478' title='bbox 3005 1549 3188 1595; x_wconf 90' lang='lat' dir='ltr'><strong>autem</strong></span> <span class='ocrx_word' id='word_1_479' title='bbox 3221 1541 3337 1610; x_wconf 76' lang='lat' dir='ltr'><strong>lege</strong></span> <span class='ocrx_word' id='word_1_480' title='bbox 3368 1556 3488 1608; x_wconf 78' lang='lat' dir='ltr'><strong>qua:</strong></span> <span class='ocrx_word' id='word_1_481' title='bbox 3522 1540 3575 1594; x_wconf 90' lang='lat' dir='ltr'><strong>itt</strong></span> 
     </span>
    </p>
   </div>
   <div class='ocr_carea' id='block_1_63' title="bbox 2001 1635 3577 1705">
    <p class='ocr_par' dir='ltr' id='par_1_63' title="bbox 2001 1635 3577 1705">
     <span class='ocr_line' id='line_1_64' title="bbox 2001 1635 3577 1705; baseline -0.004 -15"><span class='ocrx_word' id='word_1_482' title='bbox 2001 1636 2166 1690; x_wconf 90' lang='lat' dir='ltr'><strong>dictis</strong></span> <span class='ocrx_word' id='word_1_483' title='bbox 2205 1635 2522 1705; x_wconf 85' lang='lat' dir='ltr'><strong>apostolicis</strong></span> <span class='ocrx_word' id='word_1_484' title='bbox 2552 1636 2850 1689; x_wconf 84' lang='lat' dir='ltr'><strong>cauonibus</strong></span> <span class='ocrx_word' id='word_1_485' title='bbox 2880 1635 3083 1703; x_wconf 88' lang='lat' dir='ltr'><strong>scripta</strong></span> <span class='ocrx_word' id='word_1_486' title='bbox 3117 1642 3264 1697; x_wconf 90' lang='lat' dir='ltr'><strong>sunt,</strong></span> <span class='ocrx_word' id='word_1_487' title='bbox 3292 1641 3345 1687; x_wconf 91' lang='lat' dir='ltr'><strong>et</strong></span> <span class='ocrx_word' id='word_1_488' title='bbox 3380 1646 3577 1685; x_wconf 83' lang='lat' dir='ltr'><strong>secun-</strong></span> 
     </span>
    </p>
   </div>
   <div class='ocr_carea' id='block_1_64' title="bbox 1996 1724 3579 1795">
    <p class='ocr_par' dir='ltr' id='par_1_64' title="bbox 1996 1724 3579 1795">
     <span class='ocr_line' id='line_1_65' title="bbox 1996 1724 3579 1795; baseline -0.003 -13"><span class='ocrx_word' id='word_1_489' title='bbox 1996 1727 2125 1783; x_wconf 89' lang='lat' dir='ltr'><strong>dum</strong></span> <span class='ocrx_word' id='word_1_490' title='bbox 2175 1727 2263 1781; x_wconf 87' lang='lat' dir='ltr'><strong>illa</strong></span> <span class='ocrx_word' id='word_1_491' title='bbox 2302 1735 2626 1795; x_wconf 71' lang='lat' dir='ltr'><strong>praesentem</strong></span> <span class='ocrx_word' id='word_1_492' title='bbox 2668 1741 2885 1795; x_wconf 83' lang='lat' dir='ltr'><strong>quoque</strong></span> <span class='ocrx_word' id='word_1_493' title='bbox 2910 1740 3175 1780; x_wconf 90' lang='lat' dir='ltr'><strong>canonem</strong></span> <span class='ocrx_word' id='word_1_494' title='bbox 3231 1724 3495 1792; x_wconf 84' lang='lat' dir='ltr'><strong>intellige,</strong></span> <span class='ocrx_word' id='word_1_495' title='bbox 3524 1732 3579 1777; x_wconf 89' lang='lat' dir='ltr'><strong>et</strong></span> 
     </span>
    </p>
   </div>
   <div class='ocr_carea' id='block_1_65' title="bbox 1997 1816 3579 1888">
    <p class='ocr_par' dir='ltr' id='par_1_65' title="bbox 1997 1816 3579 1888">
     <span class='ocr_line' id='line_1_66' title="bbox 1997 1816 3579 1888; baseline -0.004 -15"><span class='ocrx_word' id='word_1_496' title='bbox 1997 1821 2104 1883; x_wconf 86' lang='lat' dir='ltr'><strong>die,</strong></span> <span class='ocrx_word' id='word_1_497' title='bbox 2140 1818 2285 1888; x_wconf 88' lang='lat' dir='ltr'><strong>quod</strong></span> <span class='ocrx_word' id='word_1_498' title='bbox 2330 1818 2365 1873; x_wconf 91' lang='lat' dir='ltr'><strong>ii</strong></span> <span class='ocrx_word' id='word_1_499' title='bbox 2404 1834 2509 1872; x_wconf 89' lang='lat' dir='ltr'><strong>non</strong></span> <span class='ocrx_word' id='word_1_500' title='bbox 2549 1818 3247 1872; x_wconf 73' lang='lat' dir='ltr'><strong>existiutabuntur.sacram</strong></span> <span class='ocrx_word' id='word_1_501' title='bbox 3282 1816 3579 1884; x_wconf 88' lang='lat' dir='ltr'><strong>participa-</strong></span> 
     </span>
    </p>
   </div>
   <div class='ocr_carea' id='block_1_66' title="bbox 1925 1885 3583 1977">
    <p class='ocr_par' dir='ltr' id='par_1_66' title="bbox 1925 1885 3583 1977">
     <span class='ocr_line' id='line_1_67' title="bbox 1925 1885 3583 1977; baseline -0.002 -14"><span class='ocrx_word' id='word_1_502' title='bbox 1925 1885 1965 1940; x_wconf 75' lang='grc' dir='ltr'>Β</span> <span class='ocrx_word' id='word_1_503' title='bbox 2002 1910 2202 1964; x_wconf 83' lang='lat' dir='ltr'><strong>tionem</strong></span> <span class='ocrx_word' id='word_1_504' title='bbox 2231 1910 2497 1975; x_wconf 85' lang='lat' dir='ltr'><strong>aversari,</strong></span> <span class='ocrx_word' id='word_1_505' title='bbox 2528 1908 2619 1977; x_wconf 90' lang='lat' dir='ltr'><strong>qui</strong></span> <span class='ocrx_word' id='word_1_506' title='bbox 2644 1924 2764 1962; x_wconf 87' lang='lat' dir='ltr'><strong>eam</strong></span> <span class='ocrx_word' id='word_1_507' title='bbox 2797 1908 2921 1962; x_wconf 91' lang='lat' dir='ltr'><strong>odio</strong></span> <span class='ocrx_word' id='word_1_508' title='bbox 2952 1907 3155 1961; x_wconf 85' lang='lat' dir='ltr'><strong>habent</strong></span> <span class='ocrx_word' id='word_1_509' title='bbox 3186 1916 3237 1960; x_wconf 90' lang='lat' dir='ltr'><strong>et</strong></span> <span class='ocrx_word' id='word_1_510' title='bbox 3264 1906 3583 1960; x_wconf 84' lang='lat' dir='ltr'><strong>abominan-</strong></span> 
     </span>
    </p>
   </div>
   <div class='ocr_carea' id='block_1_67' title="bbox 2003 1998 3579 2073">
    <p class='ocr_par' dir='ltr' id='par_1_67' title="bbox 2003 1998 3579 2073">
     <span class='ocr_line' id='line_1_68' title="bbox 2003 1998 3579 2073; baseline -0.004 -17"><span class='ocrx_word' id='word_1_511' title='bbox 2003 2011 2085 2056; x_wconf 87' lang='lat' dir='ltr'><strong>tur</strong></span> <span class='ocrx_word' id='word_1_512' title='bbox 2112 2020 2126 2069; x_wconf 91' lang='lat'><strong>;</strong></span> <span class='ocrx_word' id='word_1_513' title='bbox 2156 2002 2237 2058; x_wconf 81' lang='lat' dir='ltr'><strong>vel</strong></span> <span class='ocrx_word' id='word_1_514' title='bbox 2264 2003 2378 2073; x_wconf 87' lang='lat' dir='ltr'><strong>qui,</strong></span> <span class='ocrx_word' id='word_1_515' title='bbox 2404 2009 2463 2055; x_wconf 88' lang='lat' dir='ltr'><strong>ut</strong></span> <span class='ocrx_word' id='word_1_516' title='bbox 2491 1999 2739 2055; x_wconf 89' lang='lat' dir='ltr'><strong>nonnulli</strong></span> <span class='ocrx_word' id='word_1_517' title='bbox 2766 2000 3042 2064; x_wconf 87' lang='lat' dir='ltr'><strong>dicebant,</strong></span> <span class='ocrx_word' id='word_1_518' title='bbox 3071 2008 3290 2069; x_wconf 89' lang='lat' dir='ltr'><strong>propter</strong></span> <span class='ocrx_word' id='word_1_519' title='bbox 3323 1998 3579 2066; x_wconf 85' lang='lat' dir='ltr'><strong>pietatem</strong></span> 
     </span>
    </p>
   </div>
   <div class='ocr_carea' id='block_1_68' title="bbox 1998 2090 3584 2163">
    <p class='ocr_par' dir='ltr' id='par_1_68' title="bbox 1998 2090 3584 2163">
     <span class='ocr_line' id='line_1_69' title="bbox 1998 2090 3584 2163; baseline -0.004 -12"><span class='ocrx_word' id='word_1_520' title='bbox 1998 2106 2054 2151; x_wconf 91' lang='lat' dir='ltr'><strong>et</strong></span> <span class='ocrx_word' id='word_1_521' title='bbox 2107 2095 2468 2151; x_wconf 85' lang='lat' dir='ltr'><strong>humilitatem</strong></span> <span class='ocrx_word' id='word_1_522' title='bbox 2531 2109 2650 2149; x_wconf 89' lang='lat' dir='ltr'><strong>eatn</strong></span> <span class='ocrx_word' id='word_1_523' title='bbox 2700 2092 2911 2162; x_wconf 79' lang='lat' dir='ltr'><strong>fugiunt</strong></span> <span class='ocrx_word' id='word_1_524' title='bbox 2946 2092 3045 2163; x_wconf 88' lang='lat' dir='ltr'><strong>(illi</strong></span> <span class='ocrx_word' id='word_1_525' title='bbox 3068 2093 3232 2161; x_wconf 69' lang='lat' dir='ltr'><strong>{enim</strong></span> <span class='ocrx_word' id='word_1_526' title='bbox 3255 2106 3358 2145; x_wconf 92' lang='lat' dir='ltr'><strong>non</strong></span> <span class='ocrx_word' id='word_1_527' title='bbox 3405 2090 3584 2145; x_wconf 86' lang='lat' dir='ltr'><strong>solum</strong></span> 
     </span>
    </p>
   </div>
   <div class='ocr_carea' id='block_1_69' title="bbox 2002 2183 3583 2258">
    <p class='ocr_par' dir='ltr' id='par_1_69' title="bbox 2002 2183 3583 2258">
     <span class='ocr_line' id='line_1_70' title="bbox 2002 2183 3583 2258; baseline -0.004 -14"><span class='ocrx_word' id='word_1_528' title='bbox 2002 2188 2453 2258; x_wconf 81' lang='lat' dir='ltr'><strong>segregabuntur,</strong></span> <span class='ocrx_word' id='word_1_529' title='bbox 2483 2188 2577 2242; x_wconf 91' lang='lat' dir='ltr'><strong>sed</strong></span> <span class='ocrx_word' id='word_1_530' title='bbox 2601 2187 2763 2241; x_wconf 87' lang='lat' dir='ltr'><strong>etiam</strong></span> <span class='ocrx_word' id='word_1_531' title='bbox 2786 2197 2843 2239; x_wconf 90' lang='lat' dir='ltr'><strong>ut</strong></span> <span class='ocrx_word' id='word_1_532' title='bbox 2874 2183 3112 2239; x_wconf 71' lang='lat' dir='ltr'><strong>limretici</strong></span> <span class='ocrx_word' id='word_1_533' title='bbox 3133 2183 3583 2239; x_wconf 80' lang='lat' dir='ltr'><strong>exterminahun-</strong></span> 
     </span>
    </p>
   </div>
   <div class='ocr_carea' id='block_1_70' title="bbox 2004 2280 3587 2354">
    <p class='ocr_par' dir='ltr' id='par_1_70' title="bbox 2004 2280 3587 2354">
     <span class='ocr_line' id='line_1_71' title="bbox 2004 2280 3587 2354; baseline -0.002 -18"><span class='ocrx_word' id='word_1_534' title='bbox 2004 2291 2091 2337; x_wconf 91' lang='lat' dir='ltr'><strong>tur</strong></span> <span class='ocrx_word' id='word_1_535' title='bbox 2119 2300 2135 2354; x_wconf 83' lang='grc'><strong>;</strong></span> <span class='ocrx_word' id='word_1_536' title='bbox 2179 2282 2231 2337; x_wconf 89' lang='lat' dir='ltr'><strong>hi</strong></span> <span class='ocrx_word' id='word_1_537' title='bbox 2259 2295 2407 2347; x_wconf 86' lang='lat' dir='ltr'><strong>vero,</strong></span> <span class='ocrx_word' id='word_1_538' title='bbox 2443 2290 2666 2351; x_wconf 84' lang='lat' dir='ltr'><strong>prepter</strong></span> <span class='ocrx_word' id='word_1_539' title='bbox 2697 2280 2950 2350; x_wconf 85' lang='lat' dir='ltr'><strong>pietatem</strong></span> <span class='ocrx_word' id='word_1_540' title='bbox 2976 2288 3027 2331; x_wconf 73' lang='lat' dir='ltr'><strong>vt</strong></span> <span class='ocrx_word' id='word_1_541' title='bbox 3060 2280 3383 2347; x_wconf 82' lang='lat' dir='ltr'><strong>condignam</strong></span> <span class='ocrx_word' id='word_1_542' title='bbox 3403 2293 3587 2334; x_wconf 88' lang='lat' dir='ltr'><strong>sacra-</strong></span> 
     </span>
    </p>
   </div>
   <div class='ocr_carea' id='block_1_71' title="bbox 2002 2369 3581 2439">
    <p class='ocr_par' dir='ltr' id='par_1_71' title="bbox 2002 2369 3581 2439">
     <span class='ocr_line' id='line_1_72' title="bbox 2002 2369 3581 2439; baseline -0.003 -11"><span class='ocrx_word' id='word_1_543' title='bbox 2002 2384 2308 2428; x_wconf 88' lang='lat' dir='ltr'><strong>mentorum</strong></span> <span class='ocrx_word' id='word_1_544' title='bbox 2363 2373 2723 2428; x_wconf 84' lang='lat' dir='ltr'><strong>reverentiam</strong></span> <span class='ocrx_word' id='word_1_545' title='bbox 2758 2372 2911 2424; x_wconf 83' lang='lat' dir='ltr'><strong>venia</strong></span> <span class='ocrx_word' id='word_1_546' title='bbox 2961 2372 3104 2439; x_wconf 72' lang='lat' dir='ltr'><strong>digni</strong></span> <span class='ocrx_word' id='word_1_547' title='bbox 3147 2369 3514 2439; x_wconf 79' lang='lat' dir='ltr'><strong>habebuntur)</strong></span> <span class='ocrx_word' id='word_1_548' title='bbox 3563 2386 3581 2429; x_wconf 83' lang='lat'><strong>:</strong></span> 
     </span>
    </p>
   </div>
   <div class='ocr_carea' id='block_1_72' title="bbox 2003 2461 3585 2534">
    <p class='ocr_par' dir='ltr' id='par_1_72' title="bbox 2003 2461 3585 2534">
     <span class='ocr_line' id='line_1_73' title="bbox 2003 2461 3585 2534; baseline -0.002 -16"><span class='ocrx_word' id='word_1_549' title='bbox 2003 2464 2095 2519; x_wconf 85' lang='lat' dir='ltr'><strong>sed</strong></span> <span class='ocrx_word' id='word_1_550' title='bbox 2127 2463 2224 2529; x_wconf 85' lang='lat' dir='ltr'><strong>illi,</strong></span> <span class='ocrx_word' id='word_1_551' title='bbox 2259 2464 2349 2534; x_wconf 87' lang='lat' dir='ltr'><strong>qui</strong></span> <span class='ocrx_word' id='word_1_552' title='bbox 2380 2478 2489 2533; x_wconf 75' lang='lat' dir='ltr'><strong>pra:</strong></span> <span class='ocrx_word' id='word_1_553' title='bbox 2521 2472 2833 2531; x_wconf 88' lang='lat' dir='ltr'><strong>contemptu</strong></span> <span class='ocrx_word' id='word_1_554' title='bbox 2866 2473 2919 2516; x_wconf 88' lang='lat' dir='ltr'><strong>et</strong></span> <span class='ocrx_word' id='word_1_555' title='bbox 2949 2463 3259 2533; x_wconf 78' lang='lat' dir='ltr'><strong>arrogantia</strong></span> <span class='ocrx_word' id='word_1_556' title='bbox 3305 2475 3373 2517; x_wconf 78' lang='lat' dir='ltr'><strong>ex</strong></span> <span class='ocrx_word' id='word_1_557' title='bbox 3406 2461 3585 2517; x_wconf 83' lang='lat' dir='ltr'><strong>eccle-</strong></span> 
     </span>
    </p>
   </div>
   <div class='ocr_carea' id='block_1_73' title="bbox 2003 2554 3581 2625">
    <p class='ocr_par' dir='ltr' id='par_1_73' title="bbox 2003 2554 3581 2625">
     <span class='ocr_line' id='line_1_74' title="bbox 2003 2554 3581 2625; baseline -0.003 -13"><span class='ocrx_word' id='word_1_558' title='bbox 2003 2556 2081 2612; x_wconf 80' lang='lat' dir='ltr'><strong>sia</strong></span> <span class='ocrx_word' id='word_1_559' title='bbox 2106 2565 2230 2610; x_wconf 86' lang='lat' dir='ltr'><strong>ante</strong></span> <span class='ocrx_word' id='word_1_560' title='bbox 2256 2566 2501 2611; x_wconf 78' lang='lat' dir='ltr'><strong>Sanctam</strong></span> <span class='ocrx_word' id='word_1_561' title='bbox 2535 2554 3005 2625; x_wconf 87' lang='lat' dir='ltr'><strong>participationem</strong></span> <span class='ocrx_word' id='word_1_562' title='bbox 3033 2554 3337 2609; x_wconf 84' lang='lat' dir='ltr'><strong>inordinate</strong></span> <span class='ocrx_word' id='word_1_563' title='bbox 3360 2562 3581 2617; x_wconf 75' lang='lat' dir='ltr'><strong>exeunt,</strong></span> 
     </span>
    </p>
   </div>
   <div class='ocr_carea' id='block_1_74' title="bbox 1987 2640 3584 2718">
    <p class='ocr_par' dir='ltr' id='par_1_74' title="bbox 1987 2640 3584 2718">
     <span class='ocr_line' id='line_1_75' title="bbox 1987 2640 3584 2718; baseline -0.003 -14"><span class='ocrx_word' id='word_1_564' title='bbox 1987 2640 2105 2705; x_wconf 54' lang='lat' dir='ltr'><strong>&#39;nec</strong></span> <span class='ocrx_word' id='word_1_565' title='bbox 2127 2664 2344 2705; x_wconf 82' lang='lat' dir='ltr'><strong>Sacram</strong></span> <span class='ocrx_word' id='word_1_566' title='bbox 2368 2648 2674 2704; x_wconf 88' lang='lat' dir='ltr'><strong>divinorum</strong></span> <span class='ocrx_word' id='word_1_567' title='bbox 2700 2649 3083 2718; x_wconf 88' lang='lat' dir='ltr'><strong>mysteriorum</strong></span> <span class='ocrx_word' id='word_1_568' title='bbox 3112 2646 3584 2717; x_wconf 84' lang='lat' dir='ltr'><strong>participationem</strong></span> 
     </span>
    </p>
   </div>
   <div class='ocr_carea' id='block_1_75' title="bbox 2007 2739 3589 2797">
    <p class='ocr_par' dir='ltr' id='par_1_75' title="bbox 2007 2739 3589 2797">
     <span class='ocr_line' id='line_1_76' title="bbox 2007 2739 3589 2797; baseline -0.003 -1"><span class='ocrx_word' id='word_1_569' title='bbox 2007 2742 2207 2797; x_wconf 89' lang='lat' dir='ltr'><strong>intueri</strong></span> <span class='ocrx_word' id='word_1_570' title='bbox 2237 2740 2528 2796; x_wconf 87' lang='lat' dir='ltr'><strong>sustinent.</strong></span> <span class='ocrx_word' id='word_1_571' title='bbox 2550 2740 2688 2795; x_wconf 89' lang='lat' dir='ltr'><strong>Cum</strong></span> <span class='ocrx_word' id='word_1_572' title='bbox 2716 2749 2893 2794; x_wconf 91' lang='lat' dir='ltr'><strong>autem</strong></span> <span class='ocrx_word' id='word_1_573' title='bbox 2922 2740 3078 2794; x_wconf 89' lang='lat' dir='ltr'><strong>audis</strong></span> <span class='ocrx_word' id='word_1_574' title='bbox 3108 2754 3372 2793; x_wconf 85' lang='lat' dir='ltr'><strong>canonem</strong></span> <span class='ocrx_word' id='word_1_575' title='bbox 3402 2739 3589 2793; x_wconf 75' lang='lat' dir='ltr'><strong>dicen—</strong></span> 
     </span>
    </p>
   </div>
   <div class='ocr_carea' id='block_1_76' title="bbox 2009 2829 3587 2901">
    <p class='ocr_par' dir='ltr' id='par_1_76' title="bbox 2009 2829 3587 2901">
     <span class='ocr_line' id='line_1_77' title="bbox 2009 2829 3587 2901; baseline -0.002 -15"><span class='ocrx_word' id='word_1_576' title='bbox 2009 2842 2152 2899; x_wconf 87' lang='lat' dir='ltr'><strong>tem,</strong></span> <span class='ocrx_word' id='word_1_577' title='bbox 2201 2846 2321 2888; x_wconf 87' lang='lat' dir='ltr'><strong>esse</strong></span> <span class='ocrx_word' id='word_1_578' title='bbox 2368 2831 2868 2888; x_wconf 78' lang='lat' dir='ltr'><strong>excommunicatos</strong></span> <span class='ocrx_word' id='word_1_579' title='bbox 2917 2832 3201 2901; x_wconf 79' lang='lat' dir='ltr'><strong>episcOpos</strong></span> <span class='ocrx_word' id='word_1_580' title='bbox 3250 2839 3304 2883; x_wconf 91' lang='lat' dir='ltr'><strong>et</strong></span> <span class='ocrx_word' id='word_1_581' title='bbox 3348 2829 3587 2898; x_wconf 88' lang='lat' dir='ltr'><strong>reliquos</strong></span> 
     </span>
    </p>
   </div>
   <div class='ocr_carea' id='block_1_77' title="bbox 2006 2921 3582 2993">
    <p class='ocr_par' dir='ltr' id='par_1_77' title="bbox 2006 2921 3582 2993">
     <span class='ocr_line' id='line_1_78' title="bbox 2006 2921 3582 2993; baseline -0.004 -12"><span class='ocrx_word' id='word_1_582' title='bbox 2006 2925 2179 2982; x_wconf 87' lang='lat' dir='ltr'><strong>sacris</strong></span> <span class='ocrx_word' id='word_1_583' title='bbox 2213 2922 2478 2987; x_wconf 91' lang='lat' dir='ltr'><strong>initiatos,</strong></span> <span class='ocrx_word' id='word_1_584' title='bbox 2506 2923 2596 2993; x_wconf 89' lang='lat' dir='ltr'><strong>qui</strong></span> <span class='ocrx_word' id='word_1_585' title='bbox 2627 2938 2731 2978; x_wconf 91' lang='lat' dir='ltr'><strong>una</strong></span> <span class='ocrx_word' id='word_1_586' title='bbox 2766 2938 2889 2977; x_wconf 87' lang='lat' dir='ltr'><strong>cum</strong></span> <span class='ocrx_word' id='word_1_587' title='bbox 2924 2921 3414 2977; x_wconf 76' lang='lat' dir='ltr'><strong>excommunicatis</strong></span> <span class='ocrx_word' id='word_1_588' title='bbox 3457 2934 3582 2990; x_wconf 58' lang='lat' dir='ltr'><strong>prec</strong></span> 
     </span>
    </p>
   </div>
   <div class='ocr_carea' id='block_1_78' title="bbox 2007 3014 3588 3085">
    <p class='ocr_par' dir='ltr' id='par_1_78' title="bbox 2007 3014 3588 3085">
     <span class='ocr_line' id='line_1_79' title="bbox 2007 3014 3588 3085; baseline -0.003 -14"><span class='ocrx_word' id='word_1_589' title='bbox 2007 3025 2235 3083; x_wconf 90' lang='lat' dir='ltr'><strong>cantur;</strong></span> <span class='ocrx_word' id='word_1_590' title='bbox 2269 3030 2335 3071; x_wconf 90' lang='lat' dir='ltr'><strong>ne</strong></span> <span class='ocrx_word' id='word_1_591' title='bbox 2375 3015 2604 3081; x_wconf 81' lang='lat' dir='ltr'><strong>dixeris,</strong></span> <span class='ocrx_word' id='word_1_592' title='bbox 2633 3024 2953 3085; x_wconf 85' lang='lat' dir='ltr'><strong>argumento</strong></span> <span class='ocrx_word' id='word_1_593' title='bbox 2981 3028 3010 3066; x_wconf 93' lang='lat' dir='ltr'><strong>a</strong></span> <span class='ocrx_word' id='word_1_594' title='bbox 3034 3014 3313 3069; x_wconf 89' lang='lat' dir='ltr'><strong>contrario</strong></span> <span class='ocrx_word' id='word_1_595' title='bbox 3344 3023 3588 3081; x_wconf 88' lang='lat' dir='ltr'><strong>sumpto,</strong></span> 
     </span>
    </p>
   </div>
   <div class='ocr_carea' id='block_1_79' title="bbox 2008 3106 3588 3177">
    <p class='ocr_par' dir='ltr' id='par_1_79' title="bbox 2008 3106 3588 3177">
     <span class='ocr_line' id='line_1_80' title="bbox 2008 3106 3588 3177; baseline -0.002 -15"><span class='ocrx_word' id='word_1_596' title='bbox 2008 3106 2181 3164; x_wconf 87' lang='lat' dir='ltr'><strong>laieos</strong></span> <span class='ocrx_word' id='word_1_597' title='bbox 2210 3107 2343 3161; x_wconf 91' lang='lat' dir='ltr'><strong>nulli</strong></span> <span class='ocrx_word' id='word_1_598' title='bbox 2377 3122 2494 3162; x_wconf 87' lang='lat' dir='ltr'><strong>esse</strong></span> <span class='ocrx_word' id='word_1_599' title='bbox 2523 3122 2697 3177; x_wconf 71' lang='lat' dir='ltr'><strong>poena:</strong></span> <span class='ocrx_word' id='word_1_600' title='bbox 2727 3106 2939 3171; x_wconf 75' lang='lat' dir='ltr'><strong>attines,</strong></span> <span class='ocrx_word' id='word_1_601' title='bbox 2970 3107 3061 3174; x_wconf 90' lang='lat' dir='ltr'><strong>qui</strong></span> <span class='ocrx_word' id='word_1_602' title='bbox 3091 3116 3290 3175; x_wconf 66' lang='lat' dir='ltr'><strong>praeter</strong></span> <span class='ocrx_word' id='word_1_603' title='bbox 3318 3118 3588 3160; x_wconf 89' lang='lat' dir='ltr'><strong>canonem</strong></span> 
     </span>
    </p>
   </div>
   <div class='ocr_carea' id='block_1_80' title="bbox 2010 3195 3588 3268">
    <p class='ocr_par' dir='ltr' id='par_1_80' title="bbox 2010 3195 3588 3268">
     <span class='ocr_line' id='line_1_81' title="bbox 2010 3195 3588 3268; baseline -0.002 -16"><span class='ocrx_word' id='word_1_604' title='bbox 2010 3199 2242 3254; x_wconf 77' lang='lat' dir='ltr'><strong>faciunt.</strong></span> <span class='ocrx_word' id='word_1_605' title='bbox 2285 3197 2418 3253; x_wconf 82' lang='lat' dir='ltr'><strong>Nam</strong></span> <span class='ocrx_word' id='word_1_606' title='bbox 2455 3208 2509 3253; x_wconf 91' lang='lat' dir='ltr'><strong>et</strong></span> <span class='ocrx_word' id='word_1_607' title='bbox 2548 3198 2585 3253; x_wconf 90' lang='lat' dir='ltr'><strong>ii</strong></span> <span class='ocrx_word' id='word_1_608' title='bbox 2625 3198 3061 3268; x_wconf 80' lang='lat' dir='ltr'><strong>segregahuutur</strong></span> <span class='ocrx_word' id='word_1_609' title='bbox 3089 3195 3387 3251; x_wconf 89' lang='lat' dir='ltr'><strong>secundum</strong></span> <span class='ocrx_word' id='word_1_610' title='bbox 3433 3196 3588 3250; x_wconf 86' lang='lat' dir='ltr'><strong>deci-</strong></span> 
     </span>
    </p>
   </div>
   <div class='ocr_carea' id='block_1_81' title="bbox 2008 3379 3593 3448">
    <p class='ocr_par' dir='ltr' id='par_1_81' title="bbox 2008 3379 3593 3448">
     <span class='ocr_line' id='line_1_82' title="bbox 2008 3379 3593 3448; baseline -0.003 -9"><span class='ocrx_word' id='word_1_611' title='bbox 2008 3383 2153 3439; x_wconf 87' lang='lat' dir='ltr'><strong>ricos</strong></span> <span class='ocrx_word' id='word_1_612' title='bbox 2191 3391 2247 3437; x_wconf 91' lang='lat' dir='ltr'><strong>et</strong></span> <span class='ocrx_word' id='word_1_613' title='bbox 2280 3381 2468 3437; x_wconf 82' lang='lat' dir='ltr'><strong>laicus.</strong></span> <span class='ocrx_word' id='word_1_614' title='bbox 2505 3380 2701 3448; x_wconf 72' lang='lat' dir='ltr'><strong>Qumre</strong></span> <span class='ocrx_word' id='word_1_615' title='bbox 2736 3388 2791 3435; x_wconf 91' lang='lat' dir='ltr'><strong>et</strong></span> <span class='ocrx_word' id='word_1_616' title='bbox 2819 3395 3023 3435; x_wconf 87' lang='lat' dir='ltr'><strong>nonum</strong></span> <span class='ocrx_word' id='word_1_617' title='bbox 3062 3395 3326 3436; x_wconf 89' lang='lat' dir='ltr'><strong>can0nem</strong></span> <span class='ocrx_word' id='word_1_618' title='bbox 3356 3379 3593 3436; x_wconf 86' lang='lat' dir='ltr'><strong>Cartha-</strong></span> 
     </span>
    </p>
   </div>
   <div class='ocr_carea' id='block_1_82' title="bbox 2008 3464 3590 3547">
    <p class='ocr_par' dir='ltr' id='par_1_82' title="bbox 2008 3464 3590 3547">
     <span class='ocr_line' id='line_1_83' title="bbox 2008 3464 3590 3547; baseline 0.001 -17"><span class='ocrx_word' id='word_1_619' title='bbox 2008 3464 2272 3547; x_wconf 85' lang='lat' dir='ltr'><strong>giniensis</strong></span> <span class='ocrx_word' id='word_1_620' title='bbox 2305 3475 2518 3546; x_wconf 84' lang='lat' dir='ltr'><strong>synodi.</strong></span> <span class='ocrx_word' id='word_1_621' title='bbox 2556 3474 2789 3544; x_wconf 87' lang='lat' dir='ltr'><strong>Propter</strong></span> <span class='ocrx_word' id='word_1_622' title='bbox 2818 3474 3025 3539; x_wconf 87' lang='lat' dir='ltr'><strong>minas,</strong></span> <span class='ocrx_word' id='word_1_623' title='bbox 3060 3484 3119 3528; x_wconf 91' lang='lat' dir='ltr'><strong>ut</strong></span> <span class='ocrx_word' id='word_1_624' title='bbox 3154 3474 3454 3531; x_wconf 85' lang='lat' dir='ltr'><strong>verisimile</strong></span> <span class='ocrx_word' id='word_1_625' title='bbox 3479 3485 3590 3540; x_wconf 82' lang='lat' dir='ltr'><strong>est,</strong></span> 
     </span>
    </p>
   </div>
   <div class='ocr_carea' id='block_1_83' title="bbox 2008 3567 3596 3637">
    <p class='ocr_par' dir='ltr' id='par_1_83' title="bbox 2008 3567 3596 3637">
     <span class='ocr_line' id='line_1_84' title="bbox 2008 3567 3596 3637; baseline -0.002 -11"><span class='ocrx_word' id='word_1_626' title='bbox 2008 3583 2276 3626; x_wconf 89' lang='lat' dir='ltr'><strong>canonum</strong></span> <span class='ocrx_word' id='word_1_627' title='bbox 2326 3567 2359 3623; x_wconf 91' lang='lat'><strong>8</strong></span> <span class='ocrx_word' id='word_1_628' title='bbox 2407 3576 2461 3623; x_wconf 90' lang='lat' dir='ltr'><strong>et</strong></span> <span class='ocrx_word' id='word_1_629' title='bbox 2504 3567 2537 3623; x_wconf 91' lang='lat'><strong>9</strong></span> <span class='ocrx_word' id='word_1_630' title='bbox 2580 3578 2898 3622; x_wconf 87' lang='lat' dir='ltr'><strong>sanctorum</strong></span> <span class='ocrx_word' id='word_1_631' title='bbox 2946 3567 3317 3636; x_wconf 85' lang='lat' dir='ltr'><strong>apostolorum</strong></span> <span class='ocrx_word' id='word_1_632' title='bbox 3368 3578 3421 3622; x_wconf 86' lang='lat' dir='ltr'><strong>et</strong></span> <span class='ocrx_word' id='word_1_633' title='bbox 3456 3582 3596 3637; x_wconf 62' lang='lat' dir='ltr'><strong>prat-</strong></span> 
     </span>
    </p>
   </div>
   <div class='ocr_carea' id='block_1_84' title="bbox 2010 3658 3591 3730">
    <p class='ocr_par' dir='ltr' id='par_1_84' title="bbox 2010 3658 3591 3730">
     <span class='ocr_line' id='line_1_85' title="bbox 2010 3658 3591 3730; baseline -0.002 -14"><span class='ocrx_word' id='word_1_634' title='bbox 2010 3662 2180 3717; x_wconf 88' lang='lat' dir='ltr'><strong>sentis</strong></span> <span class='ocrx_word' id='word_1_635' title='bbox 2218 3662 2405 3726; x_wconf 86' lang='lat' dir='ltr'><strong>etiam,</strong></span> <span class='ocrx_word' id='word_1_636' title='bbox 2450 3660 2757 3730; x_wconf 79' lang='lat' dir='ltr'><strong>excogitata</strong></span> <span class='ocrx_word' id='word_1_637' title='bbox 2808 3665 2913 3723; x_wconf 90' lang='lat' dir='ltr'><strong>est,</strong></span> <span class='ocrx_word' id='word_1_638' title='bbox 2964 3669 3024 3712; x_wconf 89' lang='lat' dir='ltr'><strong>ut</strong></span> <span class='ocrx_word' id='word_1_639' title='bbox 3060 3659 3295 3726; x_wconf 85' lang='lat' dir='ltr'><strong>videtur,</strong></span> <span class='ocrx_word' id='word_1_640' title='bbox 3342 3658 3591 3715; x_wconf 87' lang='lat' dir='ltr'><strong>Antidori</strong></span> 
     </span>
    </p>
   </div>
   <div class='ocr_carea' id='block_1_85' title="bbox 2010 3738 3590 3823">
    <p class='ocr_par' dir='ltr' id='par_1_85' title="bbox 2010 3738 3590 3823">
     <span class='ocr_line' id='line_1_86' title="bbox 2010 3738 3590 3823; baseline -0.001 -16"><span class='ocrx_word' id='word_1_641' title='bbox 2010 3738 2361 3820; x_wconf 79' lang='lat' dir='ltr'><strong>distributio;</strong></span> <span class='ocrx_word' id='word_1_642' title='bbox 2412 3763 2468 3809; x_wconf 92' lang='lat' dir='ltr'><strong>ut</strong></span> <span class='ocrx_word' id='word_1_643' title='bbox 2522 3768 2744 3809; x_wconf 77' lang='lat' dir='ltr'><strong>necesse</strong></span> <span class='ocrx_word' id='word_1_644' title='bbox 2787 3753 3073 3818; x_wconf 82' lang='lat' dir='ltr'><strong>haberent,</strong></span> <span class='ocrx_word' id='word_1_645' title='bbox 3124 3753 3286 3808; x_wconf 90' lang='lat' dir='ltr'><strong>etiam</strong></span> <span class='ocrx_word' id='word_1_646' title='bbox 3339 3753 3431 3823; x_wconf 92' lang='lat' dir='ltr'><strong>qui</strong></span> <span class='ocrx_word' id='word_1_647' title='bbox 3482 3766 3590 3806; x_wconf 89' lang='lat' dir='ltr'><strong>non</strong></span> 
     </span>
    </p>
   </div>
   <div class='ocr_carea' id='block_1_86' title="bbox 2014 3845 3589 3918">
    <p class='ocr_par' dir='ltr' id='par_1_86' title="bbox 2014 3845 3589 3918">
     <span class='ocr_line' id='line_1_87' title="bbox 2014 3845 3589 3918; baseline -0.001 -17"><span class='ocrx_word' id='word_1_648' title='bbox 2014 3858 2239 3918; x_wconf 82' lang='lat' dir='ltr'><strong>possum</strong></span> <span class='ocrx_word' id='word_1_649' title='bbox 2270 3848 2672 3901; x_wconf 88' lang='lat' dir='ltr'><strong>incruentorum</strong></span> <span class='ocrx_word' id='word_1_650' title='bbox 2704 3847 3097 3901; x_wconf 77' lang='lat' dir='ltr'><strong>sacriﬁciorum</strong></span> <span class='ocrx_word' id='word_1_651' title='bbox 3124 3845 3415 3915; x_wconf 90' lang='lat' dir='ltr'><strong>participes</strong></span> <span class='ocrx_word' id='word_1_652' title='bbox 3442 3859 3589 3911; x_wconf 87' lang='lat' dir='ltr'><strong>esse,</strong></span> 
     </span>
    </p>
   </div>
   <div class='ocr_carea' id='block_1_87' title="bbox 2014 3937 3595 4009">
    <p class='ocr_par' dir='ltr' id='par_1_87' title="bbox 2014 3937 3595 4009">
     <span class='ocr_line' id='line_1_88' title="bbox 2014 3937 3595 4009; baseline 0 -15"><span class='ocrx_word' id='word_1_653' title='bbox 2014 3955 2184 4008; x_wconf 88' lang='lat' dir='ltr'><strong>usque</strong></span> <span class='ocrx_word' id='word_1_654' title='bbox 2208 3940 2495 4009; x_wconf 86' lang='lat' dir='ltr'><strong>adpreces</strong></span> <span class='ocrx_word' id='word_1_655' title='bbox 2525 3948 2580 3993; x_wconf 87' lang='lat' dir='ltr'><strong>et</strong></span> <span class='ocrx_word' id='word_1_656' title='bbox 2609 3937 3006 3993; x_wconf 88' lang='lat' dir='ltr'><strong>absolutionem</strong></span> <span class='ocrx_word' id='word_1_657' title='bbox 3039 3951 3391 4008; x_wconf 81' lang='lat' dir='ltr'><strong>perseverare</strong></span> <span class='ocrx_word' id='word_1_658' title='bbox 3417 3953 3433 4003; x_wconf 90' lang='lat'><strong>;</strong></span> <span class='ocrx_word' id='word_1_659' title='bbox 3472 3946 3532 3991; x_wconf 91' lang='lat' dir='ltr'><strong>ut</strong></span> <span class='ocrx_word' id='word_1_660' title='bbox 3562 3951 3595 3994; x_wconf 86' lang='lat' dir='ltr'><strong>e</strong></span> 
     </span>
    </p>
   </div>
   <div class='ocr_carea' id='block_1_88' title="bbox 2016 4023 3593 4097">
    <p class='ocr_par' dir='ltr' id='par_1_88' title="bbox 2016 4023 3593 4097">
     <span class='ocr_line' id='line_1_89' title="bbox 2016 4023 3593 4097; baseline -0.003 -13"><span class='ocrx_word' id='word_1_661' title='bbox 2016 4029 2268 4084; x_wconf 87' lang='lat' dir='ltr'><strong>manibus</strong></span> <span class='ocrx_word' id='word_1_662' title='bbox 2324 4041 2480 4083; x_wconf 83' lang='lat' dir='ltr'><strong>sacra</strong></span> <span class='ocrx_word' id='word_1_663' title='bbox 2541 4028 2852 4097; x_wconf 86' lang='lat' dir='ltr'><strong>peragentis</strong></span> <span class='ocrx_word' id='word_1_664' title='bbox 2906 4025 3230 4082; x_wconf 88' lang='lat' dir='ltr'><strong>sanctilicati</strong></span> <span class='ocrx_word' id='word_1_665' title='bbox 3296 4023 3593 4096; x_wconf 83' lang='lat' dir='ltr'><strong>fragtnenti</strong></span> 
     </span>
    </p>
   </div>
   <div class='ocr_carea' id='block_1_89' title="bbox 2012 4114 3595 4186">
    <p class='ocr_par' dir='ltr' id='par_1_89' title="bbox 2012 4114 3595 4186">
     <span class='ocr_line' id='line_1_90' title="bbox 2012 4114 3595 4186; baseline -0.003 -11"><span class='ocrx_word' id='word_1_666' title='bbox 2012 4118 2447 4175; x_wconf 88' lang='lat' dir='ltr'><strong>benedictionem</strong></span> <span class='ocrx_word' id='word_1_667' title='bbox 2472 4118 2811 4186; x_wconf 88' lang='lat' dir='ltr'><strong>acciperent.</strong></span> <span class='ocrx_word' id='word_1_668' title='bbox 2841 4116 2915 4173; x_wconf 88' lang='lat' dir='ltr'><strong>De</strong></span> <span class='ocrx_word' id='word_1_669' title='bbox 2943 4114 3158 4185; x_wconf 87' lang='lat' dir='ltr'><strong>liturgia</strong></span> <span class='ocrx_word' id='word_1_670' title='bbox 3190 4124 3391 4181; x_wconf 88' lang='lat' dir='ltr'><strong>autem,</strong></span> <span class='ocrx_word' id='word_1_671' title='bbox 3420 4129 3595 4186; x_wconf 87' lang='lat' dir='ltr'><strong>eaque</strong></span> 
     </span>
    </p>
   </div>
   <div class='ocr_carea' id='block_1_90' title="bbox 2015 4206 3595 4278">
    <p class='ocr_par' dir='ltr' id='par_1_90' title="bbox 2015 4206 3595 4278">
     <span class='ocr_line' id='line_1_91' title="bbox 2015 4206 3595 4278; baseline -0.004 -11"><span class='ocrx_word' id='word_1_672' title='bbox 2015 4212 2131 4267; x_wconf 88' lang='lat' dir='ltr'><strong>sola</strong></span> <span class='ocrx_word' id='word_1_673' title='bbox 2182 4211 2356 4264; x_wconf 84' lang='lat' dir='ltr'><strong>dictos</strong></span> <span class='ocrx_word' id='word_1_674' title='bbox 2399 4222 2640 4263; x_wconf 89' lang='lat' dir='ltr'><strong>canones</strong></span> <span class='ocrx_word' id='word_1_675' title='bbox 2676 4207 2793 4262; x_wconf 73' lang='lat' dir='ltr'><strong>haec</strong></span> <span class='ocrx_word' id='word_1_676' title='bbox 2822 4207 3133 4262; x_wconf 86' lang='lat' dir='ltr'><strong>decrevisse</strong></span> <span class='ocrx_word' id='word_1_677' title='bbox 3173 4206 3449 4278; x_wconf 84' lang='lat' dir='ltr'><strong>intellige,</strong></span> <span class='ocrx_word' id='word_1_678' title='bbox 3488 4221 3595 4262; x_wconf 90' lang='lat' dir='ltr'><strong>non</strong></span> 
     </span>
    </p>
   </div>
   <div class='ocr_carea' id='block_1_91' title="bbox 2016 4298 3593 4366">
    <p class='ocr_par' dir='ltr' id='par_1_91' title="bbox 2016 4298 3593 4366">
     <span class='ocr_line' id='line_1_92' title="bbox 2016 4298 3593 4366; baseline -0.006 -5"><span class='ocrx_word' id='word_1_679' title='bbox 2016 4306 2145 4361; x_wconf 88' lang='lat' dir='ltr'><strong>item</strong></span> <span class='ocrx_word' id='word_1_680' title='bbox 2183 4304 2248 4358; x_wconf 92' lang='lat' dir='ltr'><strong>de</strong></span> <span class='ocrx_word' id='word_1_681' title='bbox 2282 4301 2404 4358; x_wconf 88' lang='lat' dir='ltr'><strong>aliis</strong></span> <span class='ocrx_word' id='word_1_682' title='bbox 2438 4299 2831 4357; x_wconf 78' lang='lat' dir='ltr'><strong>ecclesiasticis</strong></span> <span class='ocrx_word' id='word_1_683' title='bbox 2864 4298 3081 4355; x_wconf 81' lang='lat' dir='ltr'><strong>oﬂiciis.</strong></span> <span class='ocrx_word' id='word_1_684' title='bbox 3115 4298 3382 4366; x_wconf 89' lang='lat' dir='ltr'><strong>Quoniam</strong></span> <span class='ocrx_word' id='word_1_685' title='bbox 3410 4308 3593 4353; x_wconf 82' lang='lat' dir='ltr'><strong>autent</strong></span> 
     </span>
    </p>
   </div>
   <div class='ocr_carea' id='block_1_92' title="bbox 2017 4390 3597 4468">
    <p class='ocr_par' dir='ltr' id='par_1_92' title="bbox 2017 4390 3597 4468">
     <span class='ocr_line' id='line_1_93' title="bbox 2017 4390 3597 4468; baseline -0.006 -15"><span class='ocrx_word' id='word_1_686' title='bbox 2017 4401 2202 4455; x_wconf 87' lang='lat' dir='ltr'><strong>dicunt</strong></span> <span class='ocrx_word' id='word_1_687' title='bbox 2226 4397 2469 4468; x_wconf 89' lang='lat' dir='ltr'><strong>quidam,</strong></span> <span class='ocrx_word' id='word_1_688' title='bbox 2491 4403 2546 4449; x_wconf 91' lang='lat' dir='ltr'><strong>et</strong></span> <span class='ocrx_word' id='word_1_689' title='bbox 2568 4392 2919 4463; x_wconf 86' lang='lat' dir='ltr'><strong>quamobrem</strong></span> <span class='ocrx_word' id='word_1_690' title='bbox 2948 4390 3252 4461; x_wconf 89' lang='lat' dir='ltr'><strong>patriarcha</strong></span> <span class='ocrx_word' id='word_1_691' title='bbox 3281 4390 3444 4463; x_wconf 63' lang='grc'><strong>432</strong></span> <span class='ocrx_word' id='word_1_692' title='bbox 3476 4391 3597 4445; x_wconf 82' lang='grc' dir='ltr'>ιιιιί-</span> 
     </span>
    </p>
   </div>
   <div class='ocr_carea' id='block_1_93' title="bbox 2020 4482 3595 4553">
    <p class='ocr_par' dir='ltr' id='par_1_93' title="bbox 2020 4482 3595 4553">
     <span class='ocr_line' id='line_1_94' title="bbox 2020 4482 3595 4553; baseline -0.006 -8"><span class='ocrx_word' id='word_1_693' title='bbox 2020 4490 2247 4546; x_wconf 87' lang='lat' dir='ltr'><strong>versalis</strong></span> <span class='ocrx_word' id='word_1_694' title='bbox 2292 4497 2478 4545; x_wconf 86' lang='lat' dir='ltr'><strong>sancta</strong></span> <span class='ocrx_word' id='word_1_695' title='bbox 2523 4486 2805 4541; x_wconf 87' lang='lat' dir='ltr'><strong>Dotniniea</strong></span> <span class='ocrx_word' id='word_1_696' title='bbox 2836 4499 2866 4538; x_wconf 90' lang='lat' dir='ltr'><strong>a</strong></span> <span class='ocrx_word' id='word_1_697' title='bbox 2914 4482 3031 4539; x_wconf 89' lang='lat' dir='ltr'><strong>loco</strong></span> <span class='ocrx_word' id='word_1_698' title='bbox 3056 4482 3174 4553; x_wconf 87' lang='lat' dir='ltr'><strong>ejus</strong></span> <span class='ocrx_word' id='word_1_699' title='bbox 3205 4484 3460 4552; x_wconf 85' lang='lat' dir='ltr'><strong>prodieus</strong></span> <span class='ocrx_word' id='word_1_700' title='bbox 3489 4497 3595 4537; x_wconf 91' lang='lat' dir='ltr'><strong>non</strong></span> 
     </span>
    </p>
   </div>
   <div class='ocr_carea' id='block_1_94' title="bbox 336 4576 1903 4672">
    <p class='ocr_par' dir='ltr' id='par_1_94' title="bbox 336 4576 1903 4672">
     <span class='ocr_line' id='line_1_95' title="bbox 336 4576 1903 4672; baseline -0.01 -16"><span class='ocrx_word' id='word_1_701' title='bbox 336 4576 529 4672; x_wconf 79' lang='grc' dir='ltr'>ἀρχης</span> <span class='ocrx_word' id='word_1_702' title='bbox 549 4599 650 4670; x_wconf 81' lang='grc' dir='ltr'>τὴν</span> <span class='ocrx_word' id='word_1_703' title='bbox 690 4599 854 4667; x_wconf 86' lang='grc' dir='ltr'>ἁγίαν</span> <span class='ocrx_word' id='word_1_704' title='bbox 918 4592 1209 4665; x_wconf 82' lang='grc' dir='ltr'>Κυριακὴν</span> <span class='ocrx_word' id='word_1_705' title='bbox 1264 4591 1596 4661; x_wconf 72' lang='grc' dir='ltr'>προκόπτων</span> <span class='ocrx_word' id='word_1_706' title='bbox 1650 4587 1761 4641; x_wconf 83' lang='grc' dir='ltr'><strong>ἀπὸ</strong></span> <span class='ocrx_word' id='word_1_707' title='bbox 1812 4587 1903 4641; x_wconf 85' lang='grc' dir='ltr'><strong>τοῦ</strong></span> 
     </span>
    </p>
   </div>
   <div class='ocr_carea' id='block_1_95' title="bbox 2005 4576 3596 4672">
    <p class='ocr_par' dir='ltr' id='par_1_95' title="bbox 2017 4576 3596 4655">
     <span class='ocr_line' id='line_1_96' title="bbox 2017 4576 3596 4655; baseline -0.005 -17"><span class='ocrx_word' id='word_1_708' title='bbox 2017 4590 2330 4655; x_wconf 87' lang='lat' dir='ltr'><strong>perseverat</strong></span> <span class='ocrx_word' id='word_1_709' title='bbox 2383 4593 2556 4650; x_wconf 91' lang='lat' dir='ltr'><strong>usque</strong></span> <span class='ocrx_word' id='word_1_710' title='bbox 2605 4579 2672 4633; x_wconf 87' lang='lat' dir='ltr'><strong>ad</strong></span> <span class='ocrx_word' id='word_1_711' title='bbox 2721 4577 2955 4648; x_wconf 73' lang='lat' dir='ltr'><strong>liturgiae</strong></span> <span class='ocrx_word' id='word_1_712' title='bbox 3002 4577 3424 4642; x_wconf 85' lang='lat' dir='ltr'><strong>absolutionem,</strong></span> <span class='ocrx_word' id='word_1_713' title='bbox 3500 4576 3596 4631; x_wconf 87' lang='lat' dir='ltr'><strong>sed</strong></span> 
     </span>
    </p>
   </div>
   <div class='ocr_carea' id='block_1_96' title="bbox 338 4678 1912 4755">
    <p class='ocr_par' dir='ltr' id='par_1_96' title="bbox 338 4678 1912 4755">
     <span class='ocr_line' id='line_1_97' title="bbox 338 4678 1912 4755; baseline -0.008 -11"><span class='ocrx_word' id='word_1_714' title='bbox 338 4690 607 4744; x_wconf 87' lang='grc' dir='ltr'>στασιδίου</span> <span class='ocrx_word' id='word_1_715' title='bbox 636 4687 800 4743; x_wconf 82' lang='grc' dir='ltr'>αὐτοῦ</span> <span class='ocrx_word' id='word_1_716' title='bbox 832 4687 891 4739; x_wconf 82' lang='grc' dir='ltr'><strong>οὐ</strong></span> <span class='ocrx_word' id='word_1_717' title='bbox 926 4685 1187 4755; x_wconf 87' lang='grc' dir='ltr'>καρτερεῖ</span> <span class='ocrx_word' id='word_1_718' title='bbox 1221 4681 1383 4753; x_wconf 78' lang='grc' dir='ltr'>μέχρι</span> <span class='ocrx_word' id='word_1_719' title='bbox 1442 4681 1541 4750; x_wconf 71' lang='grc' dir='ltr'>τῆς</span> <span class='ocrx_word' id='word_1_720' title='bbox 1582 4678 1912 4748; x_wconf 43' lang='grc' dir='ltr'>,ἀπολύσεως</span> 
     </span>
    </p>
   </div>
   <div class='ocr_carea' id='block_1_97' title="bbox 335 4772 1911 4853">
    <p class='ocr_par' dir='ltr' id='par_1_97' title="bbox 335 4772 1911 4853">
     <span class='ocr_line' id='line_1_98' title="bbox 335 4772 1911 4853; baseline -0.008 -17"><span class='ocrx_word' id='word_1_721' title='bbox 335 4782 436 4853; x_wconf 82' lang='grc' dir='ltr'>τῆς</span> <span class='ocrx_word' id='word_1_722' title='bbox 486 4780 846 4853; x_wconf 85' lang='grc' dir='ltr'>λειτουργίας,</span> <span class='ocrx_word' id='word_1_723' title='bbox 890 4778 1025 4833; x_wconf 83' lang='grc' dir='ltr'>ἀλλὰ</span> <span class='ocrx_word' id='word_1_724' title='bbox 1065 4776 1204 4847; x_wconf 81' lang='grc' dir='ltr'>μετὰ</span> <span class='ocrx_word' id='word_1_725' title='bbox 1260 4776 1319 4829; x_wconf 86' lang='grc' dir='ltr'>τὸ</span> <span class='ocrx_word' id='word_1_726' title='bbox 1387 4772 1720 4843; x_wconf 84' lang='grc' dir='ltr'>Εὑαγγέλιον</span> <span class='ocrx_word' id='word_1_727' title='bbox 1775 4773 1911 4826; x_wconf 85' lang='grc' dir='ltr'>ὑπο-</span> 
     </span>
    </p>
   </div>
   <div class='ocr_carea' id='block_1_98' title="bbox 338 4862 1910 4944">
    <p class='ocr_par' dir='ltr' id='par_1_98' title="bbox 338 4862 1910 4944">
     <span class='ocr_line' id='line_1_99' title="bbox 338 4862 1910 4944; baseline -0.008 -18"><span class='ocrx_word' id='word_1_728' title='bbox 338 4874 542 4944; x_wconf 72' lang='grc' dir='ltr'>χωρεῖς</span> <span class='ocrx_word' id='word_1_729' title='bbox 577 4872 838 4941; x_wconf 69' lang='grc' dir='ltr'>τλέγομεν</span> <span class='ocrx_word' id='word_1_730' title='bbox 894 4870 1031 4941; x_wconf 70' lang='grc' dir='ltr'>πρδς</span> <span class='ocrx_word' id='word_1_731' title='bbox 1089 4869 1311 4930; x_wconf 73' lang='grc' dir='ltr'>αὐτοὺς,</span> <span class='ocrx_word' id='word_1_732' title='bbox 1374 4867 1457 4920; x_wconf 78' lang='grc' dir='ltr'>ὅτι</span> <span class='ocrx_word' id='word_1_733' title='bbox 1488 4863 1694 4935; x_wconf 83' lang='grc' dir='ltr'>κυρίως</span> <span class='ocrx_word' id='word_1_734' title='bbox 1724 4864 1758 4930; x_wconf 84' lang='grc' dir='ltr'>ἡ</span> <span class='ocrx_word' id='word_1_735' title='bbox 1789 4862 1910 4916; x_wconf 87' lang='grc' dir='ltr'>θεία</span> 
     </span>
    </p>
   </div>
   <div class='ocr_carea' id='block_1_99' title="bbox 338 4952 1912 5036">
    <p class='ocr_par' dir='ltr' id='par_1_99' title="bbox 338 4952 1912 5036">
     <span class='ocr_line' id='line_1_100' title="bbox 338 4952 1912 5036; baseline -0.008 -18"><span class='ocrx_word' id='word_1_736' title='bbox 338 4964 654 5036; x_wconf 81' lang='grc' dir='ltr'>λειτουργία</span> <span class='ocrx_word' id='word_1_737' title='bbox 714 4962 852 5034; x_wconf 87' lang='grc' dir='ltr'>μετὰ</span> <span class='ocrx_word' id='word_1_738' title='bbox 909 4960 1009 5031; x_wconf 79' lang='grc' dir='ltr'>τὴν</span> <span class='ocrx_word' id='word_1_739' title='bbox 1044 4957 1138 5012; x_wconf 82' lang='grc' dir='ltr'><strong>τοῦ</strong></span> <span class='ocrx_word' id='word_1_740' title='bbox 1198 4957 1356 5026; x_wconf 80' lang='grc' dir='ltr'>ἁγίου</span> <span class='ocrx_word' id='word_1_741' title='bbox 1412 4953 1745 5023; x_wconf 81' lang='grc' dir='ltr'>Εύαγγελίου</span> <span class='ocrx_word' id='word_1_742' title='bbox 1779 4952 1912 5007; x_wconf 77' lang='grc' dir='ltr'>ἀνά-</span> 
     </span>
    </p>
   </div>
   <div class='ocr_carea' id='block_1_100' title="bbox 339 5045 1911 5127">
    <p class='ocr_par' dir='ltr' id='par_1_100' title="bbox 339 5045 1911 5127">
     <span class='ocr_line' id='line_1_101' title="bbox 339 5045 1911 5127; baseline -0.009 -17"><span class='ocrx_word' id='word_1_743' title='bbox 339 5073 539 5127; x_wconf 87' lang='grc' dir='ltr'>γνωσιν</span> <span class='ocrx_word' id='word_1_744' title='bbox 598 5055 826 5123; x_wconf 85' lang='grc' dir='ltr'>γίνεται.</span> <span class='ocrx_word' id='word_1_745' title='bbox 896 5052 1049 5105; x_wconf 78' lang='grc' dir='ltr'>Ἐπεὶ</span> <span class='ocrx_word' id='word_1_746' title='bbox 1096 5051 1206 5122; x_wconf 85' lang='grc' dir='ltr'><strong>γάρ</strong></span> <span class='ocrx_word' id='word_1_747' title='bbox 1283 5048 1499 5102; x_wconf 76' lang='grc' dir='ltr'>ἅπαντα</span> <span class='ocrx_word' id='word_1_748' title='bbox 1551 5045 1623 5098; x_wconf 82' lang='grc' dir='ltr'><strong>τά</strong></span> <span class='ocrx_word' id='word_1_749' title='bbox 1674 5048 1733 5098; x_wconf 79' lang='grc' dir='ltr'><strong>ἐν</strong></span> <span class='ocrx_word' id='word_1_750' title='bbox 1788 5045 1911 5105; x_wconf 82' lang='grc' dir='ltr'>ταῖς</span> 
     </span>
    </p>
   </div>
   <div class='ocr_carea' id='block_1_101' title="bbox 345 5135 1918 5220">
    <p class='ocr_par' dir='ltr' id='par_1_101' title="bbox 345 5135 1918 5220">
     <span class='ocr_line' id='line_1_102' title="bbox 345 5135 1918 5220; baseline -0.012 -14"><span class='ocrx_word' id='word_1_751' title='bbox 345 5153 530 5220; x_wconf 83' lang='grc' dir='ltr'>ἁγίαις</span> <span class='ocrx_word' id='word_1_752' title='bbox 561 5147 883 5217; x_wconf 85' lang='grc' dir='ltr'>ἐκκλησίαις</span> <span class='ocrx_word' id='word_1_753' title='bbox 922 5144 1200 5215; x_wconf 79' lang='grc' dir='ltr'>ψάλλομεν</span> <span class='ocrx_word' id='word_1_754' title='bbox 1236 5143 1316 5204; x_wconf 85' lang='grc' dir='ltr'><strong>είς</strong></span> <span class='ocrx_word' id='word_1_755' title='bbox 1345 5139 1503 5206; x_wconf 79' lang='grc' dir='ltr'>δόξαν</span> <span class='ocrx_word' id='word_1_756' title='bbox 1529 5140 1626 5192; x_wconf 84' lang='grc' dir='ltr'><strong>τοῦ</strong></span> <span class='ocrx_word' id='word_1_757' title='bbox 1668 5136 1826 5202; x_wconf 83' lang='grc' dir='ltr'>Θεοῦ,</span> <span class='ocrx_word' id='word_1_758' title='bbox 1884 5135 1918 5205; x_wconf 83' lang='grc' dir='ltr'><strong>ἢ</strong></span> 
     </span>
    </p>
   </div>
   <div class='ocr_carea' id='block_1_102' title="bbox 342 5230 1923 5315">
    <p class='ocr_par' dir='ltr' id='par_1_102' title="bbox 342 5230 1923 5315">
     <span class='ocr_line' id='line_1_103' title="bbox 342 5230 1923 5315; baseline -0.012 -14"><span class='ocrx_word' id='word_1_759' title='bbox 342 5246 453 5301; x_wconf 79' lang='grc' dir='ltr'><strong>ἀπὸ</strong></span> <span class='ocrx_word' id='word_1_760' title='bbox 498 5244 608 5298; x_wconf 86' lang='grc' dir='ltr'>τῶν</span> <span class='ocrx_word' id='word_1_761' title='bbox 638 5246 735 5315; x_wconf 80' lang='grc' dir='ltr'><strong>τῆς</strong></span> <span class='ocrx_word' id='word_1_762' title='bbox 776 5240 1017 5302; x_wconf 85' lang='grc' dir='ltr'>Παλαιᾶς</span> <span class='ocrx_word' id='word_1_763' title='bbox 1076 5238 1350 5308; x_wconf 81' lang='grc' dir='ltr'>Διαθήκης</span> <span class='ocrx_word' id='word_1_764' title='bbox 1388 5235 1526 5287; x_wconf 71' lang='grc' dir='ltr'>εἰσὶν</span> <span class='ocrx_word' id='word_1_765' title='bbox 1582 5232 1616 5303; x_wconf 75' lang='grc' dir='ltr'>ἢ</span> <span class='ocrx_word' id='word_1_766' title='bbox 1656 5230 1764 5286; x_wconf 77' lang='grc' dir='ltr'><strong>ἀπὸ</strong></span> <span class='ocrx_word' id='word_1_767' title='bbox 1824 5230 1923 5301; x_wconf 81' lang='grc' dir='ltr'>τῆς</span> 
     </span>
    </p>
   </div>
   <div class='ocr_carea' id='block_1_103' title="bbox 344 5323 1923 5409">
    <p class='ocr_par' dir='ltr' id='par_1_103' title="bbox 344 5323 1923 5409">
     <span class='ocr_line' id='line_1_104' title="bbox 344 5323 1923 5409; baseline -0.012 -15"><span class='ocrx_word' id='word_1_768' title='bbox 344 5342 490 5402; x_wconf 78' lang='grc' dir='ltr'>Νέας</span> <span class='ocrx_word' id='word_1_769' title='bbox 514 5355 528 5371; x_wconf 95' lang='grc'><strong>·</strong></span> <span class='ocrx_word' id='word_1_770' title='bbox 564 5340 704 5409; x_wconf 86' lang='grc' dir='ltr'><strong>μετά</strong></span> <span class='ocrx_word' id='word_1_771' title='bbox 744 5338 845 5408; x_wconf 78' lang='grc' dir='ltr'><strong>τὴν</strong></span> <span class='ocrx_word' id='word_1_772' title='bbox 881 5333 1108 5402; x_wconf 77' lang='grc' dir='ltr'>ἀναρξιν</span> <span class='ocrx_word' id='word_1_773' title='bbox 1139 5323 1251 5401; x_wconf 61' lang='grc' dir='ltr'>γὰρ’</span> <span class='ocrx_word' id='word_1_774' title='bbox 1271 5328 1467 5382; x_wconf 75' lang='grc' dir='ltr'>αὐτίκα</span> <span class='ocrx_word' id='word_1_775' title='bbox 1490 5324 1696 5396; x_wconf 77' lang='grc' dir='ltr'>ψαλμοὶ</span> <span class='ocrx_word' id='word_1_776' title='bbox 1746 5340 1923 5393; x_wconf 84' lang='grc' dir='ltr'>στιχο-</span> 
     </span>
    </p>
   </div>
   <div class='ocr_carea' id='block_1_104' title="bbox 343 5415 1919 5503">
    <p class='ocr_par' dir='ltr' id='par_1_104' title="bbox 343 5415 1919 5503">
     <span class='ocr_line' id='line_1_105' title="bbox 343 5415 1919 5503; baseline -0.013 -15"><span class='ocrx_word' id='word_1_777' title='bbox 343 5433 633 5503; x_wconf 73' lang='grc' dir='ltr'>λογοῦνται</span> <span class='ocrx_word' id='word_1_778' title='bbox 677 5430 840 5501; x_wconf 78' lang='grc' dir='ltr'>μέχρι</span> <span class='ocrx_word' id='word_1_779' title='bbox 896 5426 996 5496; x_wconf 73' lang='grc' dir='ltr'>τῆς</span> <span class='ocrx_word' id='word_1_780' title='bbox 1036 5424 1129 5478; x_wconf 89' lang='grc' dir='ltr'><strong>τοῦ</strong></span> <span class='ocrx_word' id='word_1_781' title='bbox 1183 5420 1508 5475; x_wconf 83' lang='grc' dir='ltr'>Ἀποστόλου</span> <span class='ocrx_word' id='word_1_782' title='bbox 1543 5415 1919 5485; x_wconf 84' lang='grc' dir='ltr'>ἀναγνώσεως,</span> 
     </span>
    </p>
   </div>
   <div class='ocr_carea' id='block_1_105' title="bbox 344 5508 1921 5595">
    <p class='ocr_par' dir='ltr' id='par_1_105' title="bbox 344 5508 1921 5595">
     <span class='ocr_line' id='line_1_106' title="bbox 344 5508 1921 5595; baseline -0.013 -12"><span class='ocrx_word' id='word_1_783' title='bbox 344 5530 543 5591; x_wconf 76' lang='grc' dir='ltr'>οἵτινες</span> <span class='ocrx_word' id='word_1_784' title='bbox 593 5526 694 5595; x_wconf 81' lang='grc' dir='ltr'>τῆς</span> <span class='ocrx_word' id='word_1_785' title='bbox 741 5521 985 5583; x_wconf 83' lang='grc' dir='ltr'>Παλαιᾶς</span> <span class='ocrx_word' id='word_1_786' title='bbox 1046 5519 1151 5571; x_wconf 89' lang='grc' dir='ltr'>εἰσι</span> <span class='ocrx_word' id='word_1_787' title='bbox 1184 5516 1483 5585; x_wconf 81' lang='grc' dir='ltr'>Διαθήκης.</span> <span class='ocrx_word' id='word_1_788' title='bbox 1546 5511 1705 5587; x_wconf 78' lang='grc' dir='ltr'>Μετά</span> <span class='ocrx_word' id='word_1_789' title='bbox 1759 5511 1813 5564; x_wconf 77' lang='grc' dir='ltr'><strong>δὲ</strong></span> <span class='ocrx_word' id='word_1_790' title='bbox 1860 5508 1921 5561; x_wconf 77' lang='grc' dir='ltr'><strong>τὸ</strong></span> 
     </span>
    </p>
   </div>
   <div class='ocr_carea' id='block_1_106' title="bbox 348 5602 1924 5691">
    <p class='ocr_par' dir='ltr' id='par_1_106' title="bbox 348 5602 1924 5691">
     <span class='ocr_line' id='line_1_107' title="bbox 348 5602 1924 5691; baseline -0.015 -14"><span class='ocrx_word' id='word_1_791' title='bbox 348 5620 684 5691; x_wconf 85' lang='grc' dir='ltr'>Εὑαγγέλιον</span> <span class='ocrx_word' id='word_1_792' title='bbox 708 5616 997 5687; x_wconf 82' lang='grc' dir='ltr'>ἄρχεταιὴ</span> <span class='ocrx_word' id='word_1_793' title='bbox 1034 5610 1227 5681; x_wconf 81' lang='grc' dir='ltr'>τελετὴ</span> <span class='ocrx_word' id='word_1_794' title='bbox 1283 5610 1381 5679; x_wconf 73' lang='grc' dir='ltr'>τῆς</span> <span class='ocrx_word' id='word_1_795' title='bbox 1418 5603 1763 5675; x_wconf 76' lang='grc' dir='ltr'>λειτουργίας</span> <span class='ocrx_word' id='word_1_796' title='bbox 1825 5602 1924 5671; x_wconf 81' lang='grc' dir='ltr'>τῆς</span> 
     </span>
    </p>
   </div>
   <div class='ocr_carea' id='block_1_107' title="bbox 349 5692 1924 5786">
    <p class='ocr_par' dir='ltr' id='par_1_107' title="bbox 349 5692 1924 5786">
     <span class='ocr_line' id='line_1_108' title="bbox 349 5692 1924 5786; baseline -0.016 -17"><span class='ocrx_word' id='word_1_797' title='bbox 349 5712 767 5786; x_wconf 83' lang='grc' dir='ltr'>ὑπεραχράντου</span> <span class='ocrx_word' id='word_1_798' title='bbox 815 5706 1044 5768; x_wconf 86' lang='grc' dir='ltr'>θυσίας·</span> <span class='ocrx_word' id='word_1_799' title='bbox 1110 5703 1294 5763; x_wconf 82' lang='grc' dir='ltr'>καλῶς</span> <span class='ocrx_word' id='word_1_800' title='bbox 1358 5703 1384 5753; x_wconf 84' lang='grc' dir='ltr'>ὁ</span> <span class='ocrx_word' id='word_1_801' title='bbox 1420 5697 1767 5769; x_wconf 80' lang='grc' dir='ltr'>πατριάρχης</span> <span class='ocrx_word' id='word_1_802' title='bbox 1818 5692 1924 5764; x_wconf 77' lang='grc' dir='ltr'>πρὸ</span> 
     </span>
    </p>
   </div>
   <div class='ocr_carea' id='block_1_108' title="bbox 349 5787 1925 5876">
    <p class='ocr_par' dir='ltr' id='par_1_108' title="bbox 349 5787 1925 5876">
     <span class='ocr_line' id='line_1_109' title="bbox 349 5787 1925 5876; baseline -0.018 -15"><span class='ocrx_word' id='word_1_803' title='bbox 349 5808 555 5876; x_wconf 84' lang='grc' dir='ltr'>ταύτης</span> <span class='ocrx_word' id='word_1_804' title='bbox 609 5803 706 5857; x_wconf 70' lang='grc' dir='ltr'><strong>καὶ</strong></span> <span class='ocrx_word' id='word_1_805' title='bbox 772 5797 911 5870; x_wconf 86' lang='grc' dir='ltr'><strong>μετά</strong></span> <span class='ocrx_word' id='word_1_806' title='bbox 938 5799 998 5850; x_wconf 83' lang='grc' dir='ltr'><strong>τὸ</strong></span> <span class='ocrx_word' id='word_1_807' title='bbox 1024 5795 1182 5864; x_wconf 76' lang='grc' dir='ltr'>ἅγιον</span> <span class='ocrx_word' id='word_1_808' title='bbox 1243 5791 1577 5860; x_wconf 79' lang='grc' dir='ltr'>Εὑαγγέλιον</span> <span class='ocrx_word' id='word_1_809' title='bbox 1627 5787 1925 5857; x_wconf 76' lang='grc' dir='ltr'>ὑποχωρεῖ,</span> 
     </span>
    </p>
   </div>
   <div class='ocr_carea' id='block_1_109' title="bbox 356 5878 1923 5966">
    <p class='ocr_par' dir='ltr' id='par_1_109' title="bbox 356 5878 1923 5966">
     <span class='ocr_line' id='line_1_110' title="bbox 356 5878 1923 5966; baseline -0.015 -13"><span class='ocrx_word' id='word_1_810' title='bbox 356 5899 451 5953; x_wconf 66' lang='grc' dir='ltr'><strong>κα)⁸</strong></span> <span class='ocrx_word' id='word_1_811' title='bbox 508 5898 569 5952; x_wconf 83' lang='grc' dir='ltr'><strong>ού</strong></span> <span class='ocrx_word' id='word_1_812' title='bbox 632 5891 961 5966; x_wconf 82' lang='grc' dir='ltr'>προσκρούει</span> <span class='ocrx_word' id='word_1_813' title='bbox 1011 5892 1122 5953; x_wconf 79' lang='grc' dir='ltr'>τοῖς</span> <span class='ocrx_word' id='word_1_814' title='bbox 1183 5887 1423 5941; x_wconf 56' lang='grc' dir='ltr'>κανόνι.</span> <span class='ocrx_word' id='word_1_815' title='bbox 1473 5883 1635 5935; x_wconf 81' lang='grc' dir='ltr'>Ὥστε</span> <span class='ocrx_word' id='word_1_816' title='bbox 1692 5878 1810 5933; x_wconf 76' lang='grc' dir='ltr'>οὐδέ</span> <span class='ocrx_word' id='word_1_817' title='bbox 1836 5894 1923 5940; x_wconf 80' lang='grc' dir='ltr'><strong>τις</strong></span> 
     </span>
    </p>
   </div>
   <div class='ocr_carea' id='block_1_110' title="bbox 2014 4664 3597 4746">
    <p class='ocr_par' dir='ltr' id='par_1_110' title="bbox 2014 4664 3597 4746">
     <span class='ocr_line' id='line_1_111' title="bbox 2014 4664 3597 4746; baseline -0.008 -16"><span class='ocrx_word' id='word_1_818' title='bbox 2014 4686 2137 4746; x_wconf 86' lang='lat' dir='ltr'><strong>post</strong></span> <span class='ocrx_word' id='word_1_819' title='bbox 2167 4671 2515 4743; x_wconf 85' lang='lat' dir='ltr'><strong>Evangelium</strong></span> <span class='ocrx_word' id='word_1_820' title='bbox 2556 4668 2796 4724; x_wconf 83' lang='lat' dir='ltr'><strong>recedit?</strong></span> <span class='ocrx_word' id='word_1_821' title='bbox 2842 4669 2991 4726; x_wconf 87' lang='lat' dir='ltr'><strong>ltisce</strong></span> <span class='ocrx_word' id='word_1_822' title='bbox 3030 4667 3279 4733; x_wconf 89' lang='lat' dir='ltr'><strong>dicimus,</strong></span> <span class='ocrx_word' id='word_1_823' title='bbox 3323 4666 3465 4736; x_wconf 90' lang='lat' dir='ltr'><strong>quod</strong></span> <span class='ocrx_word' id='word_1_824' title='bbox 3513 4664 3597 4719; x_wconf 88' lang='lat' dir='ltr'><strong>di-</strong></span> 
     </span>
    </p>
   </div>
   <div class='ocr_carea' id='block_1_111' title="bbox 2018 4756 3595 4833">
    <p class='ocr_par' dir='ltr' id='par_1_111' title="bbox 2018 4756 3595 4833">
     <span class='ocr_line' id='line_1_112' title="bbox 2018 4756 3595 4833; baseline -0.006 -14"><span class='ocrx_word' id='word_1_825' title='bbox 2018 4769 2140 4822; x_wconf 84' lang='lat' dir='ltr'><strong>vina</strong></span> <span class='ocrx_word' id='word_1_826' title='bbox 2166 4766 2376 4833; x_wconf 85' lang='lat' dir='ltr'><strong>liturgia</strong></span> <span class='ocrx_word' id='word_1_827' title='bbox 2405 4771 2526 4833; x_wconf 88' lang='lat' dir='ltr'><strong>post</strong></span> <span class='ocrx_word' id='word_1_828' title='bbox 2549 4762 2722 4817; x_wconf 84' lang='lat' dir='ltr'><strong>sancti</strong></span> <span class='ocrx_word' id='word_1_829' title='bbox 2754 4760 3028 4830; x_wconf 82' lang='lat' dir='ltr'><strong>Evangelii</strong></span> <span class='ocrx_word' id='word_1_830' title='bbox 3054 4758 3341 4815; x_wconf 85' lang='lat' dir='ltr'><strong>lectionem</strong></span> <span class='ocrx_word' id='word_1_831' title='bbox 3376 4756 3595 4827; x_wconf 89' lang='lat' dir='ltr'><strong>proprie</strong></span> 
     </span>
    </p>
   </div>
   <div class='ocr_carea' id='block_1_112' title="bbox 2016 4847 3596 4923">
    <p class='ocr_par' dir='ltr' id='par_1_112' title="bbox 2016 4847 3596 4923">
     <span class='ocr_line' id='line_1_113' title="bbox 2016 4847 3596 4923; baseline -0.008 -8"><span class='ocrx_word' id='word_1_832' title='bbox 2016 4847 2343 4915; x_wconf 80' lang='lat' dir='ltr'><strong>eclebratur.</strong></span> <span class='ocrx_word' id='word_1_833' title='bbox 2376 4853 2829 4923; x_wconf 83' lang='lat' dir='ltr'><strong>Quandoquidem</strong></span> <span class='ocrx_word' id='word_1_834' title='bbox 2853 4854 2997 4906; x_wconf 89' lang='lat' dir='ltr'><strong>enim</strong></span> <span class='ocrx_word' id='word_1_835' title='bbox 3030 4852 3085 4906; x_wconf 89' lang='lat' dir='ltr'><strong>in</strong></span> <span class='ocrx_word' id='word_1_836' title='bbox 3117 4850 3321 4906; x_wconf 86' lang='lat' dir='ltr'><strong>sanctis</strong></span> <span class='ocrx_word' id='word_1_837' title='bbox 3348 4849 3596 4904; x_wconf 84' lang='lat' dir='ltr'><strong>ecclesiis</strong></span> 
     </span>
    </p>
   </div>
   <div class='ocr_carea' id='block_1_113' title="bbox 2018 4939 3598 5017">
    <p class='ocr_par' dir='ltr' id='par_1_113' title="bbox 2018 4939 3598 5017">
     <span class='ocr_line' id='line_1_114' title="bbox 2018 4939 3598 5017; baseline -0.008 -9"><span class='ocrx_word' id='word_1_838' title='bbox 2018 4954 2199 5009; x_wconf 84' lang='lat' dir='ltr'><strong>omnia</strong></span> <span class='ocrx_word' id='word_1_839' title='bbox 2234 4950 2476 5007; x_wconf 87' lang='lat' dir='ltr'><strong>canimus</strong></span> <span class='ocrx_word' id='word_1_840' title='bbox 2513 4949 2566 5003; x_wconf 91' lang='lat' dir='ltr'><strong>in</strong></span> <span class='ocrx_word' id='word_1_841' title='bbox 2607 4947 2696 5002; x_wconf 89' lang='lat' dir='ltr'><strong>Dei</strong></span> <span class='ocrx_word' id='word_1_842' title='bbox 2745 4946 2996 5017; x_wconf 86' lang='lat' dir='ltr'><strong>gloriam,</strong></span> <span class='ocrx_word' id='word_1_843' title='bbox 3045 4946 3160 4999; x_wconf 88' lang='lat' dir='ltr'><strong>sive</strong></span> <span class='ocrx_word' id='word_1_844' title='bbox 3198 4957 3228 4997; x_wconf 91' lang='lat' dir='ltr'><strong>e</strong></span> <span class='ocrx_word' id='word_1_845' title='bbox 3275 4941 3451 4996; x_wconf 87' lang='lat' dir='ltr'><strong>Veteri</strong></span> <span class='ocrx_word' id='word_1_846' title='bbox 3487 4939 3598 4995; x_wconf 90' lang='lat' dir='ltr'><strong>sint</strong></span> 
     </span>
    </p>
   </div>
   <div class='ocr_carea' id='block_1_114' title="bbox 2019 5017 3596 5111">
    <p class='ocr_par' dir='ltr' id='par_1_114' title="bbox 2019 5017 3596 5111">
     <span class='ocr_line' id='line_1_115' title="bbox 2019 5017 3596 5111; baseline -0.01 -8"><span class='ocrx_word' id='word_1_847' title='bbox 2019 5047 2389 5111; x_wconf 84' lang='lat' dir='ltr'><strong>Testamento,</strong></span> <span class='ocrx_word' id='word_1_848' title='bbox 2434 5044 2551 5099; x_wconf 87' lang='lat' dir='ltr'><strong>sive</strong></span> <span class='ocrx_word' id='word_1_849' title='bbox 2600 5054 2631 5097; x_wconf 89' lang='lat' dir='ltr'><strong>e</strong></span> <span class='ocrx_word' id='word_1_850' title='bbox 2681 5038 2872 5106; x_wconf 87' lang='lat' dir='ltr'><strong>Novo;</strong></span> <span class='ocrx_word' id='word_1_851' title='bbox 2923 5017 3046 5110; x_wconf 77' lang='lat' dir='ltr'><strong>post</strong></span> <span class='ocrx_word' id='word_1_852' title='bbox 3088 5034 3409 5106; x_wconf 79' lang='lat' dir='ltr'><strong>principium</strong></span> <span class='ocrx_word' id='word_1_853' title='bbox 3453 5032 3596 5089; x_wconf 85' lang='lat' dir='ltr'><strong>enim</strong></span> 
     </span>
    </p>
   </div>
   <div class='ocr_carea' id='block_1_115' title="bbox 2018 5123 3599 5211">
    <p class='ocr_par' dir='ltr' id='par_1_115' title="bbox 2018 5123 3599 5211">
     <span class='ocr_line' id='line_1_116' title="bbox 2018 5123 3599 5211; baseline -0.009 -17"><span class='ocrx_word' id='word_1_854' title='bbox 2018 5141 2269 5211; x_wconf 89' lang='lat' dir='ltr'><strong>protinus</strong></span> <span class='ocrx_word' id='word_1_855' title='bbox 2299 5134 2492 5192; x_wconf 89' lang='lat' dir='ltr'><strong>ordine</strong></span> <span class='ocrx_word' id='word_1_856' title='bbox 2536 5134 2838 5189; x_wconf 86' lang='lat' dir='ltr'><strong>recitantur</strong></span> <span class='ocrx_word' id='word_1_857' title='bbox 2884 5127 3100 5196; x_wconf 86' lang='lat' dir='ltr'><strong>psalmi,</strong></span> <span class='ocrx_word' id='word_1_858' title='bbox 3137 5139 3308 5194; x_wconf 89' lang='lat' dir='ltr'><strong>usque</strong></span> <span class='ocrx_word' id='word_1_859' title='bbox 3343 5125 3409 5178; x_wconf 90' lang='lat' dir='ltr'><strong>ad</strong></span> <span class='ocrx_word' id='word_1_860' title='bbox 3451 5123 3599 5193; x_wconf 83' lang='lat' dir='ltr'><strong>Apo-</strong></span> 
     </span>
    </p>
   </div>
   <div class='ocr_carea' id='block_1_116' title="bbox 2019 5214 3603 5297">
    <p class='ocr_par' dir='ltr' id='par_1_116' title="bbox 2019 5214 3603 5297">
     <span class='ocr_line' id='line_1_117' title="bbox 2019 5214 3603 5297; baseline -0.012 -10"><span class='ocrx_word' id='word_1_861' title='bbox 2019 5232 2142 5287; x_wconf 87' lang='lat' dir='ltr'><strong>stoli</strong></span> <span class='ocrx_word' id='word_1_862' title='bbox 2189 5229 2503 5291; x_wconf 85' lang='lat' dir='ltr'><strong>lectionem,</strong></span> <span class='ocrx_word' id='word_1_863' title='bbox 2543 5223 2637 5295; x_wconf 89' lang='lat' dir='ltr'><strong>qui</strong></span> <span class='ocrx_word' id='word_1_864' title='bbox 2664 5222 3042 5297; x_wconf 62' lang='lat' dir='ltr'><strong>quidemsunt</strong></span> <span class='ocrx_word' id='word_1_865' title='bbox 3080 5232 3145 5272; x_wconf 84' lang='lat' dir='ltr'><strong>ex</strong></span> <span class='ocrx_word' id='word_1_866' title='bbox 3196 5214 3378 5271; x_wconf 83' lang='lat' dir='ltr'><strong>Veteri</strong></span> <span class='ocrx_word' id='word_1_867' title='bbox 3414 5214 3603 5270; x_wconf 84' lang='lat' dir='ltr'><strong>Testa-</strong></span> 
     </span>
    </p>
   </div>
   <div class='ocr_carea' id='block_1_117' title="bbox 2021 5306 3603 5389">
    <p class='ocr_par' dir='ltr' id='par_1_117' title="bbox 2021 5306 3603 5389">
     <span class='ocr_line' id='line_1_118' title="bbox 2021 5306 3603 5389; baseline -0.012 -11"><span class='ocrx_word' id='word_1_868' title='bbox 2021 5331 2228 5383; x_wconf 88' lang='lat' dir='ltr'><strong>mento,</strong></span> <span class='ocrx_word' id='word_1_869' title='bbox 2270 5326 2392 5389; x_wconf 92' lang='lat' dir='ltr'><strong>post</strong></span> <span class='ocrx_word' id='word_1_870' title='bbox 2423 5314 2771 5382; x_wconf 86' lang='lat' dir='ltr'><strong>Evangelium</strong></span> <span class='ocrx_word' id='word_1_871' title='bbox 2808 5317 2985 5362; x_wconf 87' lang='lat' dir='ltr'><strong>autem</strong></span> <span class='ocrx_word' id='word_1_872' title='bbox 3038 5306 3229 5378; x_wconf 86' lang='lat' dir='ltr'><strong>incipit</strong></span> <span class='ocrx_word' id='word_1_873' title='bbox 3278 5306 3603 5361; x_wconf 73' lang='lat' dir='ltr'><strong>creremonia</strong></span> 
     </span>
    </p>
   </div>
   <div class='ocr_carea' id='block_1_118' title="bbox 2022 5389 3637 5471">
    <p class='ocr_par' dir='ltr' id='par_1_118' title="bbox 2022 5389 3637 5471">
     <span class='ocr_line' id='line_1_119' title="bbox 2022 5389 3637 5471; baseline -0.011 -1"><span class='ocrx_word' id='word_1_874' title='bbox 2022 5411 2333 5470; x_wconf 85' lang='lat' dir='ltr'><strong>celebrandi</strong></span> <span class='ocrx_word' id='word_1_875' title='bbox 2393 5405 2661 5465; x_wconf 87' lang='lat' dir='ltr'><strong>incruenti</strong></span> <span class='ocrx_word' id='word_1_876' title='bbox 2722 5400 2977 5457; x_wconf 80' lang='lat' dir='ltr'><strong>sacriﬁcii</strong></span> <span class='ocrx_word' id='word_1_877' title='bbox 3041 5415 3056 5454; x_wconf 92' lang='lat'><strong>:</strong></span> <span class='ocrx_word' id='word_1_878' title='bbox 3111 5399 3419 5471; x_wconf 89' lang='lat' dir='ltr'><strong>patriarcha</strong></span> <span class='ocrx_word' id='word_1_879' title='bbox 3479 5389 3637 5453; x_wconf 77' lang='lat' dir='ltr'><strong>ante</strong></span> 
     </span>
    </p>
   </div>
   <div class='ocr_carea' id='block_1_119' title="bbox 2026 5490 3603 5572">
    <p class='ocr_par' dir='ltr' id='par_1_119' title="bbox 2026 5490 3603 5572">
     <span class='ocr_line' id='line_1_120' title="bbox 2026 5490 3603 5572; baseline -0.011 -10"><span class='ocrx_word' id='word_1_880' title='bbox 2026 5510 2187 5571; x_wconf 88' lang='lat' dir='ltr'><strong>hanc,</strong></span> <span class='ocrx_word' id='word_1_881' title='bbox 2223 5513 2277 5559; x_wconf 91' lang='lat' dir='ltr'><strong>et</strong></span> <span class='ocrx_word' id='word_1_882' title='bbox 2321 5510 2441 5572; x_wconf 84' lang='lat' dir='ltr'><strong>post</strong></span> <span class='ocrx_word' id='word_1_883' title='bbox 2479 5508 2730 5555; x_wconf 86' lang='lat' dir='ltr'><strong>sanctum</strong></span> <span class='ocrx_word' id='word_1_884' title='bbox 2780 5492 3132 5563; x_wconf 86' lang='lat' dir='ltr'><strong>Evangeliunt</strong></span> <span class='ocrx_word' id='word_1_885' title='bbox 3166 5501 3316 5544; x_wconf 86' lang='lat' dir='ltr'><strong>recte</strong></span> <span class='ocrx_word' id='word_1_886' title='bbox 3351 5490 3603 5557; x_wconf 88' lang='lat' dir='ltr'><strong>discedit,</strong></span> 
     </span>
    </p>
   </div>
   <div class='ocr_carea' id='block_1_120' title="bbox 2023 5580 3607 5656">
    <p class='ocr_par' dir='ltr' id='par_1_120' title="bbox 2023 5580 3607 5656">
     <span class='ocr_line' id='line_1_121' title="bbox 2023 5580 3607 5656; baseline -0.012 -2"><span class='ocrx_word' id='word_1_887' title='bbox 2023 5611 2076 5654; x_wconf 88' lang='lat' dir='ltr'><strong>et</strong></span> <span class='ocrx_word' id='word_1_888' title='bbox 2105 5608 2368 5651; x_wconf 87' lang='lat' dir='ltr'><strong>canonem</strong></span> <span class='ocrx_word' id='word_1_889' title='bbox 2394 5606 2501 5645; x_wconf 90' lang='lat' dir='ltr'><strong>non</strong></span> <span class='ocrx_word' id='word_1_890' title='bbox 2530 5585 2955 5655; x_wconf 83' lang='lat' dir='ltr'><strong>transgreditur.</strong></span> <span class='ocrx_word' id='word_1_891' title='bbox 2976 5580 3047 5637; x_wconf 89' lang='lat' dir='ltr'><strong>Ut</strong></span> <span class='ocrx_word' id='word_1_892' title='bbox 3072 5597 3171 5636; x_wconf 87' lang='lat' dir='ltr'><strong>nec</strong></span> <span class='ocrx_word' id='word_1_893' title='bbox 3194 5580 3315 5650; x_wconf 87' lang='lat' dir='ltr'><strong>quis</strong></span> <span class='ocrx_word' id='word_1_894' title='bbox 3335 5588 3607 5656; x_wconf 85' lang='lat' dir='ltr'><strong>transgre-</strong></span> 
     </span>
    </p>
   </div>
   <div class='ocr_carea' id='block_1_121' title="bbox 2026 5671 3604 5756">
    <p class='ocr_par' dir='ltr' id='par_1_121' title="bbox 2026 5671 3604 5756">
     <span class='ocr_line' id='line_1_122' title="bbox 2026 5671 3604 5756; baseline -0.013 -10"><span class='ocrx_word' id='word_1_895' title='bbox 2026 5692 2191 5755; x_wconf 88' lang='lat' dir='ltr'><strong>ditur,</strong></span> <span class='ocrx_word' id='word_1_896' title='bbox 2252 5688 2296 5743; x_wconf 91' lang='lat' dir='ltr'><strong>si</strong></span> <span class='ocrx_word' id='word_1_897' title='bbox 2351 5695 2473 5756; x_wconf 87' lang='lat' dir='ltr'><strong>post</strong></span> <span class='ocrx_word' id='word_1_898' title='bbox 2525 5679 2879 5749; x_wconf 82' lang='lat' dir='ltr'><strong>Evattgclium</strong></span> <span class='ocrx_word' id='word_1_899' title='bbox 2944 5676 3027 5729; x_wconf 89' lang='lat' dir='ltr'><strong>vel</strong></span> <span class='ocrx_word' id='word_1_900' title='bbox 3084 5685 3208 5729; x_wconf 89' lang='lat' dir='ltr'><strong>ante</strong></span> <span class='ocrx_word' id='word_1_901' title='bbox 3257 5671 3604 5746; x_wconf 86' lang='lat' dir='ltr'><strong>Evangelium</strong></span> 
     </span>
    </p>
   </div>
   <div class='ocr_carea' id='block_1_122' title="bbox 2026 5767 3605 5847">
    <p class='ocr_par' dir='ltr' id='par_1_122' title="bbox 2026 5767 3605 5847">
     <span class='ocr_line' id='line_1_123' title="bbox 2026 5767 3605 5847; baseline -0.014 -9"><span class='ocrx_word' id='word_1_902' title='bbox 2026 5780 2254 5838; x_wconf 82' lang='lat' dir='ltr'><strong>discedit</strong></span> <span class='ocrx_word' id='word_1_903' title='bbox 2283 5795 2300 5847; x_wconf 88' lang='lat'><strong>;</strong></span> <span class='ocrx_word' id='word_1_904' title='bbox 2348 5791 2534 5831; x_wconf 81' lang='lat' dir='ltr'><strong>verum</strong></span> <span class='ocrx_word' id='word_1_905' title='bbox 2567 5773 2637 5828; x_wconf 92' lang='lat' dir='ltr'><strong>ob</strong></span> <span class='ocrx_word' id='word_1_906' title='bbox 2678 5767 3043 5828; x_wconf 82' lang='lat' dir='ltr'><strong>necessariam</strong></span> <span class='ocrx_word' id='word_1_907' title='bbox 3078 5768 3335 5838; x_wconf 81' lang='lat' dir='ltr'><strong>piamque</strong></span> <span class='ocrx_word' id='word_1_908' title='bbox 3362 5778 3605 5828; x_wconf 84' lang='lat' dir='ltr'><strong>causam,</strong></span> 
     </span>
    </p>
   </div>
   <div class='ocr_carea' id='block_1_123' title="bbox 2033 5864 2745 5941">
    <p class='ocr_par' dir='ltr' id='par_1_123' title="bbox 2033 5864 2745 5941">
     <span class='ocr_line' id='line_1_124' title="bbox 2033 5864 2745 5941; baseline -0.014 -8"><span class='ocrx_word' id='word_1_909' title='bbox 2033 5890 2143 5933; x_wconf 91' lang='lat' dir='ltr'><strong>non</strong></span> <span class='ocrx_word' id='word_1_910' title='bbox 2184 5873 2252 5930; x_wconf 87' lang='lat' dir='ltr'><strong>oh</strong></span> <span class='ocrx_word' id='word_1_911' title='bbox 2281 5866 2718 5941; x_wconf 81' lang='lat' dir='ltr'><strong>vituperabilem.</strong></span> <span class='ocrx_word' id='word_1_912' title='bbox 2744 5864 2745 5867; x_wconf 54' lang='grc'><em>“</em></span> 
     </span>
    </p>
   </div>
  </div>
