4014 6224
301 281 442 350 1285

900 392 1167 453 ΚΔΝΩΝ.
1198 394 1276 453 l".

306 505 325 540 ι
365 486 434 542 Et
451 502 536 550 τις
598 482 973 561 πρεσϐύτερος
1019 484 1054 555 ἢ
1082 484 1351 549 διάκονος,
1384 483 1421 558 ἢ
1451 483 1590 547 ὅλως
1635 481 1745 536 τῶν
1777 479 1869 535 τοῦ

365 596 385 631 ι
430 575 699 647 ίερατείου
718 592 823 640 τις,
857 573 1175 631 καταλιπὼν
1196 576 1297 647 τὴν
1328 575 1527 630 ἑαυτοῦ
1553 573 1870 644 παροικίαν,

381 689 400 722 ι
438 672 513 732 είς
550 668 742 739 ἑτέραν
803 667 1036 741 ἀπέλθῃ,
1066 667 1260 722 ἔπειτα
1288 666 1569 732 παντελῶς
1596 666 1872 737 μεταστὰς

380 778 397 810 ι
442 758 737 831 διατρίϐειν
759 759 815 811 ὲν
842 760 981 832 ἄλλῃ
1009 760 1269 832 παροικίᾳ
1297 759 1671 832 πειρᾶταιὲπὶ
1690 756 1871 827 πολλῷ

379 870 396 903 ι
438 853 635 922 χρόνῳ,
668 853 864 923 μηκέτι
886 852 1243 923 λειτουργεῖν,
1277 853 1326 905 εί
1358 851 1595 922 μάλιστα
1614 849 1871 905 καλοῦντι

382 962 399 994 ι
435 944 512 1009 τῷ
547 946 833 1013 ἐπισκόπῳ
861 942 939 1012 τῷ
972 942 1088 1013 ίδίῳ
1136 942 1453 996 ἐπανελθεῖν
1498 942 1579 1006 είς
1600 941 1699 1011 τὴν
1725 956 1874 1011 παρ-

384 1053 402 1085 ι
440 1036 621 1090 οικίαν
668 1039 767 1105 τὴν
828 1035 1021 1089 ἑαυτοῦ
1086 1036 1181 1090 καὶ
1227 1033 1581 1106 παραινοῦντι
1640 1033 1716 1103 μὴ
1771 1032 1875 1087 ὑπ-

378 1144 397 1177 ι
433 1126 645 1184 ακούει.
687 1129 749 1180 Ei.
770 1127 831 1185 ,δὲ
857 1129 949 1180 καὶ
969 1128 1217 1196 ἐπιμένοι
1245 1129 1311 1198 τῇ
1344 1126 1561 1193 ἀταξία,
1595 1124 1874 1188 παντελῶς

384 1234 403 1269 ι
450 1220 611 1271 αύτὶν
666 1218 1048 1289 καθαιρεῖσθαι
1082 1219 1181 1288 τῆς
1212 1217 1578 1288 λειτουργίας,
1628 1216 1703 1281 ὡς
1770 1234 1875 1287 μη-

377 1328 395 1362 ι
439 1312 555 1364 κέτι
580 1308 767 1381 χώραν
799 1311 943 1382 ἔχειν
971 1309 1492 1372 ἀποκαταστάσεως.
1529 1309 1593 1362 El.
1648 1307 1705 1362 δὲ
1740 1306 1873 1363 καθ-

388 1418 408 1452 ι
443 1400 729 1470 αιρεθέντα
754 1401 842 1455 διὰ
864 1401 1069 1472 ταύτην
1094 1401 1194 1471 τὴν
1241 1401 1423 1457 αίτίαν
1449 1399 1655 1470 δέχοιτο
1683 1399 1869 1472 ἔτερος

348 1488 351 1489 ⁷
381 1512 400 1546 ι
437 1494 760 1560 ἐπίσκοπος,
792 1495 1045 1547 κάκεῖνον
1070 1473 1376 1561 ’ἐπιτιμίας
1431 1490 1720 1561 τυγχάνειν
1771 1489 1876 1543 ὑπὸ

380 1604 399 1637 ι
435 1587 622 1657 κοινῆς
676 1586 919 1649 συνόδου,
971 1585 1044 1648 ὡς
1080 1584 1431 1656 παραλύοντα
1459 1585 1585 1647 τοὺς
1640 1582 1876 1652 Θεσμοὺς

389 1695 407 1729 ι
446 1677 570 1740 τοὺς
602 1676 1105 1747 ἐκκλησιαστικούς.
1145 1696 1165 1730 ι

380 1769 576 1823 ΒΑΛΣ.
620 1771 759 1841 Περὶ
794 1770 904 1824 τῶν
943 1769 1480 1839 καταλιμπανόντων
1508 1768 1611 1834 τὰς
1662 1767 1874 1833 οἰκείας

310 1862 611 1930 παροικίας
649 1863 743 1914 καὶ
768 1862 850 1925 είς
885 1862 1078 1932 ἑτέρας
1112 1862 1512 1933 ἀπερχομένων
1570 1861 1726 1932 ζήτει
1764 1860 1877 1914 τῶν

312 1954 488 2023 ἁγίων
517 1952 836 2008 ἀποστόλων
866 1955 1071 2008 κανόνα
1104 1959 1168 2007 ιε’
1201 1958 1302 2025 τῆς
1348 1951 1398 2008 α’
1432 1954 1653 2008 συνόδου
1673 1953 1878 2008 κανόνα

322 2052 395 2108 ις’
428 2043 523 2099 καὶ
574 2043 675 2115 τῆς
703 2043 743 2096 δ’
792 2044 998 2099 κανόνα
1032 2051 1099 2110 ε’,
1168 2045 1266 2100 καὶ
1327 2044 1502 2119 μάθῃς
1544 2045 1609 2100 ὲκ
1655 2047 1765 2100 τῶν
1820 2046 1880 2099 ἐν

314 2132 524 2197 τούτοις
554 2132 877 2205 γραφέντων
909 2135 1003 2190 καὶ
1033 2135 1102 2189 τὰ
1137 2132 1215 2207 τῷ
1253 2135 1484 2207 παρόντι
1527 2136 1715 2190 κανόνι
1747 2135 1878 2190 διω-

318 2225 576 2296 ρισμὲνα.

781 2306 991 2387 Ἑτέρα
1023 2318 1303 2391 ἑρμηνεία
1330 2318 1480 2390 ιμι).

400 2432 643 2505 Ἐπειδὴ,
686 2433 849 2487 τινῶν
874 2432 1285 2505 πρεσϐυτέρων,
1326 2434 1593 2489 διακόνων
1615 2434 1710 2488 καὶ
1747 2434 1883 2491 ὑπο-

312 2523 581 2595 διακόνων
610 2523 980 2589 οίκειοθελῶν,
1025 2524 1126 2577 οὐκ
1159 2523 1219 2589 ἐξ
1257 2523 1559 2595 ἐπιτιμίου,
1590 2524 1682 2577 ἐπὶ
1714 2523 1883 2579 πολὺν
1914 2564 1923 2574 .

313 2586 515 2687 χρόνοιί
537 2617 612 2686 μὴ
671 2586 1172 2687 ίερουργησνάντων,
1203 2586 1383 2671 *πάλιν
1411 2586 1489 2671 ’δὲ
1544 2586 1884 2689 βουλομένων

313 2709 648 2780 ἱερουργεῖν,
699 2711 794 2764 καὶ
864 2709 1255 2781 κωλυομένων,
1313 2710 1654 2783 συνεζητήθη
1715 2712 1885 2774 πόσος

310 2801 641 2871 νοηθήσεται
700 2802 891 2872 χρόνος
922 2804 947 2857 ό
989 2801 1088 2874 τὴν
1119 2801 1439 2873 ίερουργίαν
1476 2803 1883 2876 ἀφαιρούμενος

313 2892 426 2945 ἀπὸ
478 2892 572 2945 τοῦ
614 2893 690 2963 μὴ
742 2893 1144 2964 ὲνεργήσαντος
1168 2893 1480 2964 ταύτηνδι’
1510 2894 1633 2949 ὅλου
1681 2894 1879 2950 αὑτοῦ·

318 2984 482 3053 Λέγω
515 2985 597 3037 ὅτι
664 2985 835 3049 πολὺς
881 2987 1075 3056 χρόνος
1100 2986 1209 3040 ἀπὸ
1236 2985 1332 3041 τοῦ
1372 2986 1541 3052 νόμου
1578 2988 1613 3059 ἠ
1677 2988 1885 3058 τριετία

1354 282 1438 345 ΙΝ
1476 281 1643 343 CAN.
1679 282 1771 343 ΙΙΙ
1804 279 2018 343 CONC.
2056 281 2118 342 ll
2145 282 2506 344 ANTIOCII.

3414 286 3553 351 1286

2595 394 2825 465 CANON
2867 395 2960 452 ιιι.

1980 501 1999 537 ι
2044 482 2102 540 Si
2129 486 2251 555 quis
2285 488 2589 559 presbyter,
2625 488 2708 543 vel
2743 489 3027 553 diaconus,
3058 486 3143 543 vel
3176 487 3294 556 quis
3327 489 3549 543 omnino

2051 596 2070 633 ι
2110 592 2175 633 ex
2213 566 2536 635 sacerdotali
2573 580 2764 635 ordine
2790 620 2806 646 ,
2842 579 3030 635 relicta
3074 594 3169 634 sua
3206 580 3461 649 paroecia,
3498 582 3551 639 in

2054 689 2074 725 ι
2115 671 2276 727 aliam
2308 673 2541 739 abierit;
2582 674 2777 731 deinde
2814 673 3037 729 omnino
3080 673 3470 742 commigrans,
3496 660 3551 729 in

2052 781 2074 819 ι
2109 764 2213 819 alia
2247 766 2484 834 parmcia
2514 765 2674 834 longo
2703 772 2947 833 tempore
2976 762 3178 820 versari
3208 772 3456 829 conatur,
3481 778 3550 818 ne
3640 794 3645 797 ι

2051 874 2071 909 ι
2110 855 2339 924 amplius
2386 856 2669 923 celebret;
2714 856 2948 910 maxime
2989 855 3032 911 si
3075 855 3299 925 proprio
3339 855 3555 909 vocanti

2051 962 2070 998 ι
2113 946 2390 1016 episcopo,
2425 955 2478 999 ιιι
2511 945 2562 1001 in
2596 962 2752 1002 Suam
2791 947 3080 1017 parueciam
3116 948 3320 1012 redeat,
3350 945 3552 1000 exhor-

2055 1055 2074 1088 ι
2113 1039 2378 1106 tantique,
2429 1054 2534 1091 non
2582 1046 2788 1104 pareat.
2842 1038 2897 1092 Si
2942 1048 3120 1091 autem
3166 1038 3219 1091 in
3256 1037 3547 1093 insolentia

2055 1146 2074 1180 ι
2112 1140 2442 1198 perseverat,
2476 1130 2520 1184 is
2563 1129 2724 1201 433
2753 1130 2972 1183 omnino
3006 1146 3033 1182 a
3065 1143 3221 1184 sacro
3254 1129 3556 1183 ministerio

2055 1240 2075 1275 σ
2111 1222 2434 1291 deponatur,
2470 1233 2528 1276 ut
2568 1238 2669 1278 nec
2702 1222 2935 1291 amplius
2968 1222 3433 1302 reilcundijocurn
3469 1223 3556 1276 in-

2053 1330 2074 1367 ι
2114 1314 2312 1369 veniat.
2338 1313 2393 1369 Si
2422 1326 2602 1371 autem
2633 1331 2780 1381 eum,
2805 1314 2897 1381 qui
2927 1322 3145 1385 propter
3172 1315 3310 1369 hanc
3333 1330 3551 1368 causam

2056 1424 2075 1461 ι
2117 1407 2394 1476 depositus
2440 1417 2544 1473 est,
2602 1407 2740 1463 alius
2791 1408 3077 1479 epismpus
3120 1406 3428 1475 receperit;
3468 1406 3556 1461 ille

2059 1513 2079 1548 ι
2115 1511 2330 1566 quoque
2375 1512 2404 1550 a
2454 1493 2731 1551 communi
2784 1498 2995 1568 synodo
3034 1497 3310 1567 puniatur,
3358 1506 3414 1550 ut
3460 1497 3553 1567 qui

2055 1602 2076 1638 ι
2115 1587 2251 1644 ritus
2296 1589 2701 1645 ecclesiasticos
2732 1589 3013 1646 dissolvat.
3046 1606 3067 1641 ι

2055 1764 2257 1822 BALS.
2309 1766 2382 1821 De
2427 1766 2514 1829 iis,
2546 1767 2636 1837 qui
2678 1781 2805 1823 suas
2834 1768 3101 1837 parcecias
3142 1768 3472 1838 relinquunt,
3503 1777 3557 1821 et

1988 1860 2042 1912 in
2072 1859 2210 1913 alias
2244 1859 2530 1921 recedunt,
2562 1874 2744 1933 quaere
2789 1873 3051 1913 canoncm
3089 1868 3400 1914 sanctorum
3432 1876 3559 1929 apn.

1986 1953 2248 2007 stolorum
2284 1952 2372 2015 15,
2417 1952 2603 2021 primae
2634 1929 2823 2021 ζῄηοάι
2859 1964 3120 2005 canonem
3157 1951 3225 2006 16
3266 1962 3319 2007 et
3353 1962 3556 2021 quartae

1987 2059 2255 2103 canonem
2286 2044 2342 2108 5.
2372 2053 2427 2099 et
2455 2045 2634 2099 disces
2668 2059 2733 2099 ex
2765 2043 2833 2098 iis
2860 2058 2979 2114 quae
3010 2043 3119 2099 illic
3162 2045 3365 2114 scripta
3400 2054 3550 2110 sunt,

1986 2138 2153 2194 etiam
2179 2151 2241 2192 ea
2270 2152 2389 2207 quae
2423 2137 2525 2191 hoc
2553 2151 2763 2193 canone
2787 2137 3075 2191 constituta
3104 2134 3275 2193 fuere.

2469 2319 2650 2377 Altera
2684 2321 3072 2392 interpretatio.

2061 2437 2331 2505 Quoniam
2377 2438 2628 2494 nonnulli
2669 2439 2997 2508 presbyteri,
3037 2438 3249 2515 diaconi
3289 2448 3344 2493 et
3384 2438 3558 2510 hypo-

1990 2529 2223 2596 diaconi,
2254 2531 2345 2600 qui
2386 2547 2483 2585 sua
2520 2541 2711 2599 sponte
2734 2572 2748 2594 ,
2783 2540 2836 2584 et
2868 2546 2971 2585 non
3000 2531 3070 2585 ob
3100 2545 3312 2598 pennam
3352 2531 3417 2585 iis
3450 2531 3560 2583 im-

1991 2622 2246 2690 positam,
2285 2636 2437 2676 sacra
2489 2620 2801 2690 aliquandiu
2855 2636 2958 2675 non
3008 2621 3321 2699 celebrant,
3371 2635 3562 2676 rursus

1992 2726 2146 2765 sai-ra
2192 2726 2452 2783 peragere
2492 2710 2736 2766 volentes
2784 2711 3038 2780 pmhibiti
3088 2720 3243 2778 sunt;
3273 2712 3559 2781 quaesitum

1992 2814 2076 2858 cst
2110 2815 2372 2873 quantum
2421 2804 2490 2857 sit
2539 2812 2774 2872 tempus,
2815 2804 2960 2872 quod
2998 2818 3277 2858 sacrorum
3319 2803 3559 2858 celebra-

1994 2896 2193 2950 tionem
2239 2896 2287 2950 ei
2337 2894 2548 2958 adimit,
2578 2894 2671 2965 qui
2714 2909 2834 2949 eam
2873 2910 2978 2949 non
3038 2896 3260 2948 omnino
3296 2895 3559 2949 exercuit.

1997 2990 2124 3045 Dico
2148 2988 2294 3059 quod
2339 2986 2564 3043 multum
2612 2996 2822 3055 tempus
2852 3001 2916 3039 ex
2960 2985 3080 3057 lege
3126 2996 3209 3040 est
3244 2986 3560 3041 triennium.

314 3076 490 3137 ἐστίν.
521 3075 582 3128 El
613 3073 746 3144 γοῦν
777 3078 1076 3146 ίερωμένος
1105 3094 1189 3140 τις
1239 3076 1309 3132 δι’
1344 3077 1478 3147 ὅλης
1511 3079 1753 3151 τριετίας
1786 3079 1886 3133 οὐκ

1991 3082 2049 3138 Si
2082 3097 2213 3150 ergo
2247 3079 2508 3135 sacerdos
2540 3079 2811 3149 qniSpiam
2850 3086 2965 3135 toto
2998 3071 3235 3132 triennio
3282 3094 3388 3132 non
3423 3080 3563 3133 cele-

315 3166 623 3237 ἐνεργήσει,
655 3169 794 3237 μήτε
819 3166 928 3220 ἀπὸ
958 3167 1139 3237 νόσου,
1173 3167 1311 3240 μήτε
1348 3168 1454 3222 ὑπὸ
1482 3169 1885 3239 αἰχμαλωσίας.

320 3260 556 3331 ἢᾶλλης
614 3261 869 3331 τοιαύτης
904 3260 1246 3332 κωλυόμενος
1272 3260 1480 3326 αίτίας,
1538 3262 1725 3320 οὐκέτι
1776 3263 1887 3318 λει-

318 3351 625 3420 τουργῆσαι
680 3351 1257 3421 παραχωρηθήσεταιο
1317 3353 1368 3407 εί
1430 3353 1541 3424 γὰρ
1598 3354 1741 3409 κατά
1796 3355 1887 3411 τὸν

322 3442 565 3510 παρόντα
597 3441 801 3493 κανόνα
826 3440 1174 3511 καθαιρεῖται
1201 3443 1230 3495 ό
1254 3445 1335 3507 είς
1365 3444 1561 3515 ἑτέραν
1592 3447 1887 3517 παροικίαν

316 3530 614 3611 διατρίϐων
648 3531 742 3584 ἐπὶ
773 3531 946 3584 πολὺν
978 3532 1191 3605 χρόνον,
1239 3534 1408 3605 ἤγουν
1438 3536 1709 3607 τριετίαν,
1758 3539 1888 3604 ἴσως

317 3624 376 3679 δὲ
435 3627 529 3677 καὶ
560 3622 804 3694 ἐνεργῶν
852 3625 1060 3679 ἐκεῖσε⁸
1115 3625 1298 3696 πολλῷ
1333 3625 1497 3681 πλέον
1535 3627 1597 3681 οὗ
1626 3644 1887 3699 παραχω-

325 3717 626 3789 ρηθήσεται
656 3717 1013 3789 ἱερουργῆσαι
1046 3717 1075 3769 ό
1098 3718 1200 3788 τὴν
1230 3716 1441 3771 οίκείαν
1476 3716 1759 3790 διακονίαν
1793 3721 1888 3775 ἐπὶ

320 3810 564 3881 τριετίαν
625 3809 999 3879 ἀποστραφεὶς
1055 3810 1088 3879 ἢ
1136 3809 1232 3863 καὶ
1293 3810 1643 3881 ἁναξιότητος
1692 3812 1888 3867 ἑαυτὸν

324 3902 875 3972 καταψηφισάμενος.
911 3901 1162 3956 Συνιστῶ
1189 3900 1246 3954 δὲ
1291 3901 1482 3957 τοῦτον
1526 3903 1620 3957 καὶ
1657 3904 1766 3958 ἀπὸ
1793 3904 1886 3959 τοῦ

324 3994 613 4061 γεγονότος
644 3990 1037 4063 σημειώματος
1064 3993 1205 4045 κατὰ
1229 3991 1321 4046 τὸν
1348 3992 1594 4065 Μάρτιον
1622 3994 1772 4066 μῆνα
1791 3998 1890 4068 τῆς

322 4082 586 4154 γ’·ἰνδικτ.
626 4086 717 4138 ἐπὶ
738 4086 836 4155 τῆς
866 4084 1238 4156 πατριαρχίας
1267 4084 1359 4139 τοῦ
1394 4086 1565 4157 κυροῦ
1589 4088 1887 4157 Νικολάου,

322 4173 577 4242 λέγοντος
612 4175 671 4229 ὲν
726 4176 884 4245 μέρει
918 4174 1100 4245 ῥητῶς
1137 4173 1313 4228 ταῦτα
1354 4175 1494 4246 πλὴν
1530 4177 1725 4242 κοινῶς
1754 4178 1887 4249 ὤρι-

321 4285 448 4322 σται
485 4268 635 4338 παρὰ
664 4265 883 4319 πάντων
910 4265 1017 4318 τῶν
1051 4266 1109 4319 ἐν
1153 4265 1357 4329 πάσαις
1414 4270 1534 4331 ταῖς
1592 4269 1888 4341 ἑϐδομάσιν

322 4359 790 4431 ὑπηρετουμένων
818 4357 1009 4430 ἱερέων
1059 4375 1118 4411 τε
1144 4360 1238 4412 καὶ
1286 4360 1547 4415 διακόνων
1596 4364 1728 4432 περὶ
1787 4365 1888 4435 μὲν

1987 3174 2130 3239 brat,
2161 3187 2269 3227 nun
2302 3171 2510 3237 morbo,
2545 3184 2644 3224 nec
2669 3168 3005 3238 captivitate,
3037 3183 3137 3223 nec
3167 3167 3269 3221 alia
3291 3167 3560 3238 ejusmodi

1985 3280 2149 3321 causa
2173 3257 2474 3335 impeditis
2494 3278 2509 3327 ;
2542 3275 2649 3315 non
2685 3260 2918 3331 amplius
2948 3258 3225 3316 celebrare
3251 3260 3475 3314 sinetur.
3504 3259 3562 3313 Si

1985 3357 2150 3421 enim,
2203 3363 2260 3409 ut
2310 3351 2421 3405 vult
2469 3351 2559 3405 hic
2607 3365 2845 3419 praesens
2900 3364 3097 3416 canon,
3128 3348 3428 3419 deponitur,
3471 3349 3560 3418 qui

1988 3446 2146 3518 longo
2193 3454 2455 3513 tempore,
2488 3441 2724 3497 triennio
2768 3440 2998 3506 scilicet,
3035 3441 3088 3495 in
3114 3440 3286 3495 aliena
3320 3440 3560 3509 partecia

1986 3548 2258 3603 versatur,
2299 3536 2427 3591 licet
2456 3535 2620 3591 etiam
2652 3532 2898 3588 fortassis
2945 3532 3056 3587 illic
3100 3532 3360 3598 celebret,
3390 3533 3562 3586 multo

1989 3628 2160 3699 magis
2189 3626 2281 3697 qui
2319 3640 2477 3681 suum
2514 3624 2871 3679 ministerium
2901 3637 2994 3692 per
3025 3623 3316 3678 triennium
3347 3631 3560 3677 averte-

1990 3722 2084 3788 rit,
2114 3719 2195 3776 vel
2239 3734 2301 3775 se
2330 3717 2495 3773 etiam
2547 3714 2886 3786 indignitatis
2915 3715 3382 3781 condemnaverit,
3421 3716 3564 3770 cele-

1990 3813 2148 3868 brare
2190 3828 2296 3867 non
2337 3810 2566 3866 sinetur.
2598 3808 2713 3864 Hoc
2759 3817 2939 3864 autem
2973 3808 3143 3879 probo
3183 3817 3239 3864 et
3274 3823 3339 3864 ex
3380 3810 3560 3867 edicto

1989 3904 2133 3960 facto
2168 3917 2353 3958 mense
2379 3900 2574 3956 Martio
2602 3900 2795 3955 indict.
2825 3899 2881 3966 3,
2909 3908 3150 3971 tempore
3180 3901 3354 3956 sancti
3386 3901 3561 3971 patri-

1988 3995 2168 4052 archae
2226 3992 2430 4048 domini
2465 3990 2694 4057 Nicolai,
2726 3994 2867 4064 quod
2890 3991 2969 4049 sic
2993 3992 3218 4061 praecise
3242 3993 3416 4062 dicit;
3463 4009 3503 4049 ει
3524 3993 3563 4049 d

1989 4085 2350 4145 communiter
2378 4084 2655 4139 deﬁnitum
2695 4085 2863 4140 estde
2890 4083 3144 4140 oninibus
3167 4086 3259 4154 qui
3291 4084 3348 4140 in
3377 4085 3557 4139 omni-

1989 4181 2091 4236 bus
2119 4177 2440 4250 septimanis
2463 4176 2799 4241 deserviunt,
2822 4177 3194 4234 sacerdmibus
3216 4189 3268 4233 et
3295 4176 3555 4243 diaconis,

1991 4267 2058 4321 de
2126 4267 2193 4320 iis
2252 4265 2466 4334 quidem
2540 4265 2632 4336 qui
2700 4275 2829 4321 sunt
2895 4266 2947 4319 in
3016 4266 3231 4336 gradu,
3294 4267 3436 4336 quod
3503 4274 3558 4321 et

1991 4359 2117 4414 olim
2151 4357 2428 4413 deﬁnitum
2460 4355 2582 4411 fuit.
2619 4358 2692 4412 De
2732 4356 3015 4426 superﬂuis
3044 4368 3249 4421 autem,
3279 4374 3424 4422 eum,
3461 4360 3554 4428 qui

323 4455 430 4507 τῶν
454 4455 511 4513 iv
552 4452 745 4522 βαῡμῷ
774 4452 801 4504 ὃ
842 4451 935 4505 καὶ
968 4451 1135 4508 πάλαι
1175 4451 1479 4522 διώρισται’
1522 4458 1649 4525 περὶ
1695 4456 1751 4509 δὲ
1781 4459 1886 4510 τῶν

1992 4468 2020 4506 a
2048 4464 2238 4518 magna
2266 4450 2395 4503 urbe
2419 4464 2643 4519 peregre
2664 4446 3005 4513 profecturus
3033 4458 3136 4513 est,
3162 4450 3393 4517 aliquam
3425 4464 3555 4502 cau-

322 4545 621 4613 περισσῶν,
655 4543 747 4597 τὸν
780 4542 1046 4613 μέλλοντα
1086 4545 1184 4608 τῆς
1213 4544 1418 4609 πόλεως
1443 4545 1703 4616 ἐκδημεῖν
1745 4549 1888 4603 κατά

319 4650 445 4685 τινα
477 4632 669 4703 χρείαν
700 4634 1107 4703 συνταξάμενον
1147 4633 1225 4704 τῷ
1257 4635 1625 4707 ἀρχιδιακόνῳ
1657 4638 1887 4701 καὶτοῖς

322 4726 698 4792 πρωτεύουσιν
732 4726 789 4775 ὲν
830 4730 894 4793 τῇ
932 4725 1192 4793 ἑϐδομὰδι
1225 4726 1325 4794 τὴν
1372 4726 1684 4796 ἀποδημίαν
1731 4728 1886 4781 στέλο

322 4813 533 4881 λεσοαι,
587 4815 673 4884 ἐφ’
728 4815 788 4879 ἓξ
858 4815 958 4885 μὲν
1026 4816 1223 4883 μῆνας
1260 4816 1377 4867 οὐδὲ
1441 4816 1706 4888 σουπερον
1769 4819 1885 4871 ἀντ’

323 4905 490 4960 αὑτοῦ
550 4907 869 4971 ὲνιστῶντα,
930 4906 1071 4976 μετὰ
1127 4907 1185 4958 δὲ
1233 4906 1445 4968 τούτοις
1494 4909 1599 4971 ἕως
1653 4910 1886 4981 πέρατος
1929 4947 1939 4956 .

320 4998 560 5067 τριετίας
593 4999 780 5068 ἕτερον
809 4999 925 5051 ἀντ’
945 4997 1110 5050 αὑτοῦ
1138 5002 1204 5069 τῇ
1247 4999 1463 5070 δουλείᾳ.
1494 5000 1887 5073 ὑποϐάλλοντα,

325 5090 409 5142 ἵνα
433 5091 466 5157 ἡ
504 5090 660 5160 παρὰ
693 5090 792 5160 τὴν
824 5089 1133 5158 ἐκκλησίαν
1186 5091 1433 5145 διακονία
1467 5093 1614 5163 αὐτῷ
1644 5094 1889 5165 ἀναπλη-

322 5181 511 5251 ροῦται
540 5181 627 5235 διὰ
656 5180 751 5234 τοῦ
783 5182 1102 5251 ἀντισήκου.
1143 5179 1274 5234 Εἶτα
1302 5184 1349 5235 εί
1384 5185 1459 5253 μὴ
1490 5183 1558 5237 δι’
1587 5184 1714 5252 ὅλης
1733 5201 1884 5255 τριε-

318 5272 437 5337 tia;
474 5272 766 5347 ἐπανέλθῃ,
808 5272 999 5344 πόρῤῳ
1020 5273 1113 5328 τοῦ
1141 5274 1528 5338 καθίστασθαι,
1562 5275 1885 5329 καὶὲκπτὼ-

1990 4558 2104 4598 sam
2136 4541 2502 4597 neocssariaun
2540 4540 2934 4607 signiﬁcantem
2964 4541 3371 4604 archidiacono,
3402 4548 3461 4594 et
3489 4539 3557 4595 iis

1988 4636 2079 4707 qui
2113 4635 2165 4688 in
2197 4633 2528 4689 hebdomade
2559 4633 2760 4701 primas
2790 4641 2999 4702 gerunt,
3030 4648 3252 4702 peregre
3287 4632 3555 4699 proficisci

1993 4728 2059 4781 ad
2100 4739 2195 4780 sex
2243 4738 2491 4789 menses;
2539 4738 2637 4777 nec
2688 4723 2849 4776 alium
2897 4738 3147 4792 superum
3182 4724 3393 4791 quidem
3441 4723 3557 4779 loco

1993 4832 2092 4872 suo
2145 4818 2550 4879 subsistentem,
2605 4827 2787 4884 postea
2842 4824 3018 4870 autem
3072 4816 3138 4869 ad
3185 4817 3341 4869 tinem
3391 4828 3558 4884 usque

1996 4910 2233 4973 triennii,
2289 4908 2514 4963 alterum
2565 4922 2663 4978 pro
2711 4923 2769 4963 se
2811 4908 3031 4962 servitio
3062 4907 3457 4976 subjicientem,
3500 4917 3557 4959 ut

1987 5001 2233 5057 ecclesiae
2261 5000 2611 5055 ministerium
2635 4999 2684 5053 ei
2717 5000 3032 5069 suppleatur
3060 5012 3153 5067 per
3176 4997 3556 5052 substitutum.

1992 5096 2193 5149 Deinde
2224 5093 2269 5146 si
2315 5099 2435 5161 post
2480 5091 2751 5158 integrum
2812 5089 3099 5143 triennium
3150 5102 3255 5141 non
3306 5084 3554 5147 redierit,

1987 5186 2171 5257 procul
2203 5182 2584 5247 constituatur,
2621 5191 2675 5235 et
2704 5182 2772 5236 ah
2801 5178 3131 5235 hebdomade
3158 5178 3378 5231 omnino
3408 5175 3558 5232 exci-

1989 5280 2103 5345 dat,
2140 5278 2269 5332 nihil
2307 5293 2428 5334 eum
2459 5276 2682 5346 juvante
2714 5272 2986 5330 substituti
3018 5272 3238 5327 datione
3275 5270 3360 5326 vel
3398 5269 3560 5327 resti-

1538 5421 1730 5483 Guill.
1767 5422 2099 5500 Beveregii
2134 5430 2323 5485 notae.

396 5542 507 5615 (il)
556 5541 789 5610 Ἐτέρω
814 5542 1115 5612 ἑρμηνεία.
1157 5541 1305 5594 lianc
1349 5541 1578 5615 algeram
1610 5542 1888 5597 Balsamo-

320 5611 415 5669 nis
444 5611 956 5681 interpretationem
1007 5630 1110 5667 ms.
1136 5623 1345 5681 inostro
1400 5611 1696 5667 Bndleiano
1730 5614 1889 5668 dehcc

322 5700 463 5740 unus.
512 5679 712 5739 Verum
769 5682 1070 5739 Gcnunnus
1127 5679 1398 5737 Henetus
1455 5698 1575 5737 eam
1623 5692 1883 5750 tauquam

1997 5545 2350 5617 appendicem
2399 5546 2464 5617 ad
2529 5543 2791 5617 priorem
2822 5540 3326 5617 interpretationem
3369 5554 3435 5596 ex
3462 5552 3561 5617 co-

1997 5611 2118 5671 dice
2158 5615 2376 5670 Tlilallo
2412 5611 2607 5668 Latino
2659 5613 2819 5667 vertit
2849 5630 2864 5669 :
2920 5611 3017 5668 sed
3050 5613 3105 5667 in
3159 5626 3266 5669 ms.
3294 5612 3559 5668 Amerba-

1994 5688 2197 5744 chiano
2236 5695 2347 5743 tota
2382 5684 2741 5742 desideratur.

3652 1177 3742 1221 ξιον
