4014 6224
257 218 397 285 1269

1342 215 1425 277 ΙΝ
1467 215 1630 277 CAN.
1674 212 1752 277 ιν
1792 212 2004 281 CONC.
2045 217 2108 279 ΙΙ
2145 222 2502 291 ANTIOCH.

3389 222 3525 288 1290

332 350 352 384 ι
400 330 434 403 ἢ
468 325 909 402 πρεσϐύτεροςῆ
949 326 1196 391 διάκονος
1231 326 1338 381 ὑπὸ
1386 326 1482 380 τοῦ
1531 325 1667 380 ἰδίου
1720 326 1840 378 ἔπιε

2030 348 2049 381 ι
2081 332 2344 394 diaconos
2373 354 2404 394 a
2439 338 2659 411 proprio
2691 339 2947 410 episcopo
2985 337 3285 409 depositus,
3320 335 3553 406 aliquid.

331 444 353 479 ι
393 424 620 489 σκόπου,
653 422 977 493 τολμήσειέν
1002 438 1056 474 τι
1099 420 1303 492 πρᾶξαι
1337 420 1437 491 τῆς
1465 419 1833 491 λειτουργίας,

330 539 349 572 ι
396 520 508 572 εἴτε
546 521 575 572 ό
604 516 904 579 ἐπίσκοπος
960 515 1104 570 κατὰ
1152 513 1252 585 τὴν
1290 514 1645 585 προάγουσαν
1719 530 1844 566 συν-

329 627 350 662 (
397 609 614 680 ἠθειαν,
680 607 792 660 εἴτε
838 608 867 661 ό
929 605 1328 677 πρεσϐύτερος,
1358 606 1467 657 εἰτε
1504 604 1532 656 ό
1570 603 1838 666 διάκονος,

335 719 355 753 ι
402 701 600 773 μηκέτι
633 699 751 765 ἐξὸν
785 695 928 759 εἶναι
976 698 1126 769 αὑτῷ
1169 697 1293 768 μηδ’
1324 698 1382 749 ἐν
1425 696 1591 766 ἑτέρᾳ
1634 693 1839 764 συνόδῳ

342 814 361 847 ι
401 794 590 848 ἐλπίδα
617 791 1145 854 ἀποκαταστάσεως,
1171 791 1308 861 μήτε
1330 786 1632 854 ἀπολογίας
1651 785 1837 857 χώραν

329 911 361 950 ι,
392 889 559 961 ἔχειν.
578 885 741 939 Ἀλλὰ
765 885 863 940 καὶ
884 884 1010 947 τοὺς
1037 880 1434 942 κοινωνοῦντας
1466 879 1616 950 αὐτῷ
1633 879 1840 942 πάντας

329 1003 348 1037 ε
392 980 796 1047 ἀποϐάλλεσθαι
846 976 948 1048 τῆς
1008 973 1361 1045 Ἐκκλησίας,
1421 972 1517 1026 καὶ⁷
1581 971 1838 1043 μάλιστα,

332 1098 351 1131 ‹
390 1080 438 1131 εἰ
476 1075 743 1145 μαθόντες
766 1073 867 1143 τὴν
892 1071 1173 1141 ἀπόφασιν
1204 1072 1305 1140 τὴν
1345 1067 1485 1123 κατὰ
1519 1069 1626 1120 τῶν
1645 1082 1839 1136 προει-

333 1189 353 1222 ι
398 1168 659 1239 ρημένων
698 1162 1098 1235 ὲξενεχθεῖσαν,
1130 1161 1463 1233 τολμήσειαν
1495 1159 1678 1223 αὐτοῖς
1719 1175 1841 1212 κοι-

331 1282 350 1314 ι
391 1262 601 1314 νωνείν.
636 1274 655 1309 ι

244 1334 250 1419 i
328 1353 525 1408 ΒΑΛΣ.
571 1352 631 1404 ’0
662 1349 761 1420 μὲν
796 1354 883 1419 κη’
909 1345 1269 1410 ἀποστολικὺς
1304 1344 1486 1399 κανὼν
1512 1343 1839 1416 ἀποκηρύσο

257 1462 337 1498 σει
366 1444 494 1506 τοὺς
526 1438 957 1511 καθαιρεθέντας
989 1437 1236 1501 δικαίως,
1258 1437 1356 1490 κα)⁵
1383 1432 1547 1499 αὖθις
1572 1435 1669 1507 τῆς
1702 1452 1837 1507 προ-

254 1541 421 1608 τέρας
485 1535 771 1607 ἐνεργείας
815 1532 1183 1603 ἁπτομένουςο
1234 1533 1263 1585 ό
1315 1530 1374 1584 δὲ
1408 1529 1601 1601 παρὼν
1654 1527 1839 1583 κανών

252 1647 386 1699 φησι
422 1628 498 1699 μὴ
538 1628 687 1700 ἔχειν
726 1626 927 1689 αὐτοὺς
957 1625 1152 1679 ἐλπίδα
1180 1622 1735 1692 ἀποκαταστάσεωςῆ
1768 1621 1839 1675 δι’

2023 440 2044 473 ι
2084 424 2151 479 de
2180 426 2485 483 ministerio
2516 443 2677 499 agere
2712 442 2881 483 ausus
2910 425 3115 492 fuerit;
3157 427 3276 481 sive
3313 424 3527 494 episeo-

2023 535 2042 567 ε
2083 534 2184 588 pus
2242 523 2539 577 secundum
2598 523 2995 593 praecedentem
3048 519 3525 583 consuetudinem,

2017 630 2035 663 ι
2072 614 2186 670 sive
2215 616 2519 686 presbyter,
2566 617 2681 673 sive
2728 618 3010 681 diaconus,
3048 615 3249 670 nullam
3292 612 3527 683 amplius

2018 722 2039 756 σ
2074 720 2223 774 spem
2260 706 2624 762 restitutionis
2648 707 2703 762 in
2734 708 2838 762 alia
2873 706 3103 778 synodo,
3133 719 3308 774 neque
3337 704 3539 760 deien-r
3629 762 3637 770 η

2014 814 2036 849 ι
2072 796 2243 853 sionis
2270 797 2446 853 locum
2475 799 2524 852 ei
2551 800 2749 855 habere
2773 799 2954 854 liceat.
2983 796 3090 855 Sed
3118 805 3172 852 et
3196 812 3404 857 omnes.
3431 795 3525 866 qui

2020 906 2038 937 ι
2076 887 2126 942 ei
2180 890 2621 957 communicant,
2670 906 2736 945 ex
2796 890 3042 946 Ecclesia
3105 889 3416 962 ejiciantur,
3470 899 3527 943 et

2022 997 2041 1030 ι
2080 981 2316 1034 maxime
2349 981 2394 1034 si
2426 996 2549 1036 cum
2587 983 2914 1037 sententiam
2949 983 3210 1037 adversus
3240 980 3527 1051 prtedictos

2018 1091 2038 1124 ι
2075 1072 2339 1142 prolatam
2369 1074 2682 1142 didicerint,
2715 1075 2794 1131 eis
2819 1074 3225 1131 communicare
3258 1073 3378 1129 ausi
3411 1073 3529 1129 fu’e-

2018 1182 2037 1215 ί
2075 1176 2200 1221 Γιιιῑ.
2244 1184 2264 1217 ι

2012 1349 2211 1407 BALS.
2257 1354 2556 1412 Vicesimus
2582 1356 2800 1426 quidem
2832 1366 3059 1414 octavus
3090 1371 3264 1413 canon
3310 1366 3528 1427 apustw

1940 1442 2079 1498 licus
2109 1445 2327 1501 abdicat
2348 1462 2463 1515 eos,
2478 1449 2569 1518 qui
2596 1449 2741 1518 juste
2760 1450 2988 1519 depositi
3011 1450 3232 1517 fuerint,
3259 1459 3316 1505 et
3337 1465 3530 1505 rursus

1940 1536 2091 1606 prius
2122 1540 2484 1595 ministerium
2523 1543 2814 1613 attingunt.
2851 1543 3105 1599 Praesens
3137 1551 3317 1597 autem
3351 1558 3526 1597 canon

1942 1629 2073 1685 dicit
2099 1645 2195 1687 eos
2222 1646 2329 1688 non
2352 1632 2553 1689 habere
2575 1648 2727 1703 spem
2751 1635 3115 1690 restitutionis
3145 1635 3226 1689 vel
3254 1650 3355 1706 per
3379 1636 3547 1704 judi-.

251 1722 589 1792 ἐπικρίσεως
630 1720 825 1790 ἐτέρας
858 1718 1079 1771 συνόδου
1107 1732 1121 1748 ⁸
1156 1717 1250 1770 καὶ
1286 1717 1412 1779 τοὺς
1442 1714 1836 1777 κοινωνοῦντας

1955 1724 2081 1778 :ium
2116 1725 2344 1780 alterius
2378 1727 2589 1796 synodi,
2622 1735 2673 1781 et
2707 1741 2823 1792 eos,
2857 1727 2949 1796 qui
2979 1728 3087 1783 illis
3117 1728 3353 1784 scientes
3373 1744 3531 1784 com-n‘

251 1813 466 1876 τούτοις
495 1803 553 1866 ἐν
591 1813 797 1882 είδήσει
829 1809 1174 1879 αποὸλήτους
1211 1803 1353 1862 εῖναι
1383 1809 1448 1861 ἐκ
1467 1806 1568 1878 τῆς
1603 1805 1837 1871 Ἐκκλη·

250 1906 396 1966 σίας.
423 1904 688 1959 Δοκοῦσιν
721 1901 815 1959 οὖν
835 1903 886 1957 oi
924 1904 1149 1965 κανόνες
1186 1902 1263 1973 μὴ
1301 1898 1644 1967 ἐξισοῦσθαι.
1667 1895 1837 1970 Οἶμαι

247 1997 305 2050 δὲ
330 1999 650 2066 συμφωνεῖν
699 1998 760 2049 ἐν
812 1998 979 2050 πᾶσιν
1042 1993 1263 2058 αὐτούς.
1331 1992 1673 2064 Διορίζονται
1729 1992 1840 2063 γὰρ

247 2088 391 2141 κατὰ
416 2088 511 2141 δύο
541 2090 742 2150 τόπους
776 2086 1108 2151 κολάζεσθαι
1157 2086 1284 2150 τοὺς
1333 2085 1476 2155 μετὰ
1516 2084 1707 2155 ἐντελῆ
1738 2101 1837 2138 κα-

249 2181 481 2250 ταδίκην
509 2180 787 2251 ίερατικόν
830 2196 882 2233 τι
919 2177 1303 2248 ἐνεργοῦντας.
1341 2179 1406 2234 ’0
1440 2178 1540 2248 μὲν
1571 2173 1666 2231 οὖν
1702 2179 1837 2232 ἀπο-

253 2272 499 2335 στολικὸς
527 2269 707 2324 κανών
748 2286 886 2340 φησι
930 2272 1058 2333 τοὺς
1110 2269 1340 2333 δικαίως
1380 2269 1836 2340 καθαιρεθέντας,

251 2364 421 2432 ἡγουν
455 2362 532 2433 μὴ
574 2363 799 2433 ἔχοντας
837 2361 1092 2432 βοήθειαν
1122 2362 1413 2433 ἐκκλήτου,
1471 2362 1565 2415 καὶ
1610 2362 1840 2432 ἐνεργή-

255 2471 458 2517 σαντας
519 2454 794 2525 ίερατικόν
832 2471 907 2520 τι,
940 2453 1453 2525 ἀποκηρύσσεσθαι·
1490 2456 1518 2507 ό
1546 2453 1602 2508 δὲ
1646 2452 1839 2524 παρὼν

254 2546 438 2598 κανὼν
470 2544 786 2615 παρομοίως
808 2543 1001 2615 ἐκείνῳ
1032 2545 1250 2617 πρῶτον
1298 2545 1397 2615 μὲν
1436 2546 1735 2617 διορίζεται
1760 2546 1835 2619 μὴ

253 2636 660 2707 προσδέχεσθαι
691 2637 824 2707 παρ’
857 2635 1048 2707 ἐτέρας
1094 2636 1321 2689 συνόδου
1359 2638 1486 2701 τοὺς
1516 2638 1623 2691 ὑπὸ
1678 2639 1838 2692 συνό-

248 2730 342 2782 δου
388 2729 600 2793 τελείας
636 2729 1086 2798 καθαιρεθέντας,
1121 2730 1222 2799 τῆς
1280 2732 1340 2783 ὲν
1390 2733 1836 2785 Κωνσταντινου-

248 2824 405 2877 πόλει
442 2823 629 2891 τυχὸν,
661 2820 787 2875 καθ’
818 2814 886 2892 ἦς
912 2821 1031 2873 οὐδὲ
1071 2819 1337 2890 ἐκκλητός
1383 2823 1526 2874 ἐστι’
1556 2822 1651 2875 καὶ
1707 2823 1836 2884 τοὺς

247 2916 334 2979 δἰς
376 2915 860 2984 ἐκκαλεσαμένους
889 2913 989 2966 καὶ
1040 2912 1377 2984 ἡττηθέντας
1430 2913 1528 2967 καὶ⁵
1571 2915 1710 2985 μετὰ
1772 2915 1835 2969 τὸ

1941 1815 2241 1881 municant,
2274 1831 2342 1871 ex
2376 1816 2621 1872 Ecclesia
2650 1816 2803 1888 cjici.
2831 1819 3096 1875 Videntur
3129 1835 3259 1891 ergo
3290 1836 3530 1877 canones

1946 1922 2054 1963 non
2084 1907 2389 1977 "exequari.
2422 1905 2559 1963 Puto
2600 1921 2781 1963 autem
2826 1924 2919 1966 eos
2948 1911 3003 1965 in
3044 1912 3300 1968 omnibus
3331 1927 3530 1967 conve-

1943 2001 2082 2055 nire.
2136 1998 2414 2055 Detiniunt
2454 2000 2622 2065 enim,
2669 2012 2728 2056 ut
2772 2000 2988 2058 duobus
3022 2004 3199 2060 modis
3236 2005 3531 2073 puniantur

1944 2094 2003 2158 ii,
2039 2093 2131 2163 qui
2169 2101 2292 2163 post
2326 2092 2623 2164 perfectam
2668 2095 3177 2153 condemnationem
3212 2097 3417 2166 aliquid
3444 2114 3531 2153 58-

1941 2183 2216 2240 cerdotale
2245 2194 2527 2242 exercent.
2568 2184 2919 2254 Apostolicus
2962 2186 3149 2257 itaque
3184 2202 3357 2242 canon
3395 2188 3530 2242 dicit

1940 2291 2059 2343 eos,
2094 2275 2185 2346 qui
2217 2274 2363 2342 iuste
2392 2277 2621 2346 depositi
2658 2276 2879 2339 fuerint.
2917 2278 3128 2333 scilicet
3158 2278 3249 2348 qui
3286 2294 3391 2333 non
3422 2277 3523 2332 ha-

1942 2371 2071 2424 bent
2116 2368 2499 2440 appellationis
2530 2370 2815 2435 auxilium,
2850 2381 2902 2425 et
2934 2370 3139 2442 aliquid
3186 2374 3529 2430 sacerdotale

1939 2473 2217 2529 exercent,
2248 2464 2510 2518 abdicari.
2540 2463 2789 2519 Praese‘ns
2819 2471 3000 2518 autem
3036 2481 3212 2522 canon
3246 2468 3322 2522 illi
3345 2469 3527 2524 consi-

1939 2556 2178 2622 militer,
2231 2556 2470 2625 primum
2517 2556 2733 2627 quidem
2768 2556 3010 2611 decernit
3054 2561 3122 2615 ab
3166 2561 3271 2615 alia
3317 2566 3527 2632 synodo

1940 2662 2047 2703 non
2084 2648 2296 2704 admitti
2333 2663 2446 2714 eos,
2478 2648 2569 2719 qui
2601 2665 2629 2703 a
2658 2650 2909 2719 perfecta
2945 2652 3174 2722 synodo,
3206 2654 3525 2711 Constanti-

1941 2742 2276 2812 nopolitana,
2307 2742 2459 2798 verbi
2495 2744 2690 2814 gratia,
2725 2744 2955 2813 depositi
2994 2745 3222 2811 fuerint,
3261 2748 3527 2803 adversus

1937 2852 2100 2907 quam
2154 2851 2263 2891 non
2310 2846 2393 2892 est
2439 2837 2773 2908 appellatio;
2817 2854 2919 2895 nec
2950 2854 3045 2896 eos
3082 2842 3275 2908 etiam,
3308 2843 3399 2910 qui
3442 2842 3527 2896 bis

1940 2929 2373 3000 appellaverunt,
2424 2938 2481 2986 et
2510 2929 2639 2986 victi
2688 2940 2835 2997 sunt,
2870 2939 2926 2987 et
2967 2940 3254 3002 postquam
3290 2930 3529 3001 appella-

243 3006 923 3078 ἁπαγορευθῆναιαύτοῖς
945 3006 1048 3076 τὴν
1099 3005 1354 3077 βοήθειαν
1416 3005 1514 3076 τῆς
1570 3007 1833 3077 ἐκκλήτου

1955 3022 2108 3078 .ionis
2140 3022 2404 3077 auxilium
2444 3022 2523 3078 eis
2548 3023 2873 3094 denegatum
2907 3022 3090 3089 fuerit,
3124 3021 3328 3092 aliquid
3353 3037 3531 3078 sacer-

238 3103 657 3171 ἑνεργήσαντας
683 3098 963 3169 ίερατικόν
986 3116 1059 3153 τι.
1094 3094 1227 3153 Εἶτα
1245 3099 1314 3152 δι’
1348 3093 1423 3153 ὧν
1446 3117 1611 3170 φησιν
1642 3100 1838 3155 ἐκῦάλ-

234 3195 442 3249 λεσθαι
478 3193 589 3247 ἀπὸ
632 3190 735 3260 τῆς
782 3191 1111 3262 Ἐκκλησίας
1146 3193 1399 3258 καὶτοὺς
1442 3193 1838 3259 κοινωνοῦντας

235 3288 461 3351 αὐτοῖς,
516 3286 665 3339 δοκεί
724 3284 909 3355 λέγειν
970 3287 1066 3339 καὶ¹
1122 3286 1548 3358 ἁποκηρύκτους
1596 3287 1840 3356 ὀφείλειν

234 3379 512 3447 γενέσθαι
541 3376 761 3439 αὐτούς.
793 3375 981 3435 Οὕτως
1022 3377 1365 3446 ἐρμήνευσον
1393 3378 1522 3440 τοὺς
1577 3378 1836 3443 κανόνας,

235 3456 471 3543 ιιαῖμὴ
497 3471 662 3541 εἴπῃς
718 3469 814 3522 τὸν
865 3469 1264 3538 καθαιρεθέντα
1326 3468 1433 3523 ὑπὸ
1470 3470 1692 3524 συνόδου
1743 3472 1843 3526 καὶ

237 3565 456 3634 ἔχοντα
516 3562 768 3633 βοήθειαν
826 3560 1122 3631 ὲκκλήτου,
1191 3561 1524 3633 ἐνεργοῦντα
1562 3562 1839 3632 ῑερατικόν

235 3674 309 3708 τι
345 3654 486 3725 μετὰ
520 3655 622 3724 τὴν
652 3652 1002 3725 καθαίρεσιν,
1032 3652 1425 3725 ἀποκήρυκτόν
1462 3670 1522 3706 τε
1554 3652 1699 3708 εἶναι
1743 3656 1840 3710 καὶ

237 3748 358 3821 τὴν
384 3749 641 3819 βοήθειαν
672 3747 944 3818 ἐκκλήτου
970 3746 1252 3813 ἀπόλλειν,
1280 3746 1466 3811 καθώς
1491 3764 1635 3811 τινες
1661 3743 1835 3805 εῐπον.

252 3841 681 3913 ’Ἑναντιωθήσῃ
721 3843 831 3910 γὰρ
899 3840 1094 3893 κανόσι
1146 3839 1239 3893 καὶ
1288 3841 1478 3909 νόμοις
1532 3839 1837 3911 διαφόροις,

239 3933 657 4004 διοριζομένοις
685 3931 958 4005 ἀκεραίαν
986 3930 1135 4002 ἔχειν
1168 3931 1259 3985 τὸν
1300 3932 1711 4002 κατακριθέντα
1740 3933 1839 4006 τὴν

242 4028 471 4082 οἰκείαν
509 4026 871 4089 κατάστασιν,
908 4024 1104 4095 μέχρις
1133 4024 1201 4078 ἂν
1234 4026 1417 4079 καὶτὰ
1449 4027 1550 4097 τῆς
1568 4026 1837 4097 ἐκκλήτου

242 4118 672 4189 γυμνασθῶσιν·
708 4117 1007 4189 ἐξαιρέτως
1047 4117 1105 4171 δὲ
1150 4116 1228 4187 τῷ
1282 4117 1324 4170 δ’
1382 4118 1571 4171 κανόνι
1620 4120 1721 4188 τῆς
1781 4121 1841 4174 ἐν

246 4213 500 4283 Σαρδικῇ
531 4210 778 4275 συνόδου,
823 4210 884 4263 ὃν
921 4211 1018 4265 καὶ
1054 4209 1355 4279 ἀνάγνωθι.
1397 4212 1562 4283 Ζήτει
1618 4214 1712 4267 τὸν
1768 4219 1839 4281 ιγ’

254 4308 351 4361 καὶ
382 4312 446 4358 ιε’
487 4304 689 4358 κανόνα
726 4306 828 4372 τῆς
881 4302 1171 4375 παρούσης
1212 4304 1458 4371 συνόδου,
1513 4304 1608 4360 καὶ
1647 4307 1745 4377 τῆς
1781 4308 1839 4361 ἐν

256 4399 497 4470 Σαρδικῇ
517 4397 722 4452 κανόνα
755 4395 798 4451 δ’
839 4396 1177 4467 ἀναιροῦντα
1215 4397 1463 4461 τούτουςσ
1497 4400 1591 4452 καὶ⁸
1629 4398 1835 4469 βιϐλίου
1867 4377 1914 4437 Ῐ)

253 4489 366 4541 τῶν
430 4486 740 4540 Βασιλικῶν
796 4482 845 4554 γ’
900 4484 1079 4538 τίτλου
1124 4491 1171 4538 α’
1209 4486 1512 4555 κεφάλαιον
1556 4495 1663 4557 με’,
1704 4484 1767 4544 οῦ
1804 4489 1837 4560 ὴ

257 4581 426 4651 ἀρχὴ,
472 4581 539 4635 Et
569 4598 721 4644 τινες
748 4582 810 4635 δὲ
840 4580 1133 4635 όσιώτατοι
1181 4580 1498 4636 ἐπίσκοπον
1528 4584 1623 4637 καὶ
1658 4585 1840 4657 μάθῃς

260 4672 377 4734 πῶς
408 4672 504 4723 καὶ
533 4670 687 4739 παρὰ
727 4671 839 4723 τίσι
870 4670 1186 4736 δικάζονται
1227 4674 1357 4743 περὶ
1409 4675 1838 4746 ἐγκληματικῶν

261 4762 579 4819 ὑποθέσεων
649 4764 943 4820 ἐπίσκοποι
1020 4768 1117 4822 καὶ
1183 4767 1463 4838 κληρικοὶ,
1536 4774 1635 4827 καὶ
1706 4776 1839 4832 πότε

261 4856 359 4907 καὶ
393 4858 547 4925 παρὰ
591 4857 735 4909 τίσιν
765 4856 1133 4911 ἐκκαλοῦνται
1170 4860 1694 4933 καταδικαζόμενοι.

334 4947 583 5002 ΖΩΝΑΡ.
621 4949 686 5001 Ui
714 4948 816 5017 μὲν
874 4949 1187 5015 ἐπίσκοποι,
1229 4954 1321 5006 ἐπὶ
1365 4955 1681 5029 ἐγκλήμασι
1714 4976 1846 5014 κατ-

1942 3115 2124 3170 dotale
2151 3122 2429 3170 exercent.
2472 3116 2677 3170 Deinde
2723 3128 2821 3185 per
2856 3115 2909 3169 id
2954 3116 3098 3186 quod
3138 3114 3290 3179 dicit,
3334 3124 3429 3170 eos
3462 3129 3527 3169 ex

1942 3207 2184 3263 Ecclesia
2213 3205 2360 3278 ejici,
2393 3212 2482 3279 qui
2516 3210 2648 3279 ipsis
2678 3223 2798 3264 com
2818 3210 3117 3276 municant,
3153 3208 3355 3264 debere
3383 3209 3529 3279 ipsos

1939 3298 2109 3353 etiam
2142 3297 2422 3353 abdicatos
2467 3298 2585 3352 fieri
2622 3298 2807 3353 dicere
2853 3296 3086 3353 videtur.
3125 3298 3216 3353 Sic
3258 3298 3527 3368 interpre-

1944 3399 2064 3446 tare
2098 3405 2375 3458 canones;
2425 3405 2528 3446 nec
2557 3390 2765 3446 dixeris
2805 3405 2952 3456 eum,
2999 3390 3091 3461 qui
3129 3399 3214 3446 est
3251 3406 3281 3445 a
3322 3391 3528 3462 synodo

1942 3485 2240 3555 depositus,
2285 3496 2341 3540 et
2382 3485 2544 3540 habet
2573 3484 2837 3538 auxilium
2885 3482 3284 3554 appellationis,
3328 3485 3373 3538 si
3404 3493 3529 3553 post

1940 3578 2333 3649 depositionem
2358 3577 2559 3650 aliquid
2585 3577 2939 3644 sacerdotale,
2956 3587 3210 3633 exerceat
3233 3591 3354 3633 esse
3376 3576 3529 3632 abdi-

1943 3681 2147 3739 catum,
2178 3680 2234 3727 et
2282 3671 2662 3742 appellationis
2703 3670 2962 3726 auxilium
3010 3672 3257 3741 perdere,
3303 3679 3362 3726 ut
3392 3685 3528 3726 non-

1942 3765 2072 3820 nulli
2101 3745 2375 3820 dixerunt.
2408 3764 2564 3820 Dices
2592 3764 2735 3820 enim
2764 3764 3117 3834 repugnantia
3146 3774 3200 3819 et
3224 3765 3525 3819 canonibus

1943 3867 1998 3914 et
2047 3857 2281 3912 diversis
2326 3856 2558 3926 legibus,
2611 3871 2731 3926 qua:
2777 3865 3043 3922 statuunt,
3094 3870 3209 3921 eos,
3264 3857 3357 3926 qui
3392 3866 3526 3911 sunt

1943 3949 2291 4005 condemnati
2341 3950 2610 4018 integrum
2651 3958 2707 4002 et
2753 3950 3021 4003 intactum
3059 3957 3263 4003 statum
3301 3948 3523 4016 habere,

1945 4046 2116 4100 donec
2160 4043 2229 4097 de
2279 4041 2641 4113 appellatione
2689 4042 2967 4112 cognitum
3002 4040 3170 4096 fuerit
3210 4041 3527 4111 :przecipue

1943 4147 2123 4192 autem
2149 4147 2341 4206 quarto
2365 4149 2572 4191 canone
2598 4135 2939 4192 Sardicensis
2960 4136 3153 4205 synodi
3175 4149 3335 4204 quem
3359 4135 3524 4190 etiam

1943 4231 2083 4300 lege.
2129 4229 2322 4296 Quaere
2354 4232 2518 4285 etiam
2546 4243 2783 4284 canones
2814 4229 2881 4283 l3
2919 4235 2974 4284 et
3019 4228 3087 4282 l5
3116 4229 3399 4298 praesentis
3437 4243 3526 4297 sy-

1944 4325 2070 4380 nodi
2093 4334 2148 4382 et
2177 4323 2518 4380 Sardicensis
2542 4323 2731 4394 synodi
2783 4336 3044 4377 canonem
3068 4322 3103 4376 4
3128 4323 3219 4391 qui
3241 4322 3337 4378 bos
3363 4322 3521 4387 tollit;

1944 4428 1999 4475 et
2032 4417 2154 4473 libri
2188 4433 2248 4473 ut
2283 4406 2639 4473 Basilicorum
2674 4414 2758 4470 tit.
2794 4415 2845 4481 l,
2882 4429 3001 4483 cap.
3033 4415 3104 4470 64
3133 4413 3289 4483 cujus
3319 4414 3523 4485 princi-

1950 4512 2098 4583 pium
2135 4520 2238 4576 est,
2272 4510 2329 4565 Si
2366 4520 2550 4564 autem
2580 4507 2748 4577 aliqui
2784 4506 3113 4564 sanctissimi
3145 4506 3384 4577 episeOpi
3419 4521 3432 4559 ε
3472 4514 3529 4559 et

1946 4607 2112 4671 scies,
2142 4604 2414 4675 quomodo
2440 4611 2496 4658 et
2538 4616 2567 4657 a
2597 4602 2795 4673 quibus
2829 4602 2896 4656 de
2935 4599 3119 4655 causis
3152 4597 3528 4654 criminalibus

1940 4701 2257 4772 judicantur
2284 4698 2522 4768 episcopi
2550 4707 2606 4752 et
2628 4696 2846 4760 clerici;
2877 4704 2929 4749 et
2956 4693 3177 4765 quando
3203 4705 3257 4751 et
3279 4710 3308 4749 a
3332 4693 3528 4762 quibus

1942 4792 2279 4865 appellantur
2306 4788 2673 4846 condemnati.

2014 4969 2267 5039 ZUNAB.
2312 4969 2563 5042 Episcopi
2623 4968 2839 5040 quidem
2883 4968 2931 5025 si
2984 4976 3326 5033 accusentur,
3373 4966 3523 5036 ipso-

266 5038 657 5112 ηγορούμενοι,
691 5040 915 5094 συνόδου
946 5041 1160 5107 δέονται
1199 5044 1525 5121 δικαζούσης
1579 5056 1674 5107 καὶ
1712 5057 1840 5111 ἀπο.

1955 5079 2064 5120 tum
2089 5077 2308 5118 causam
2339 5077 2369 5116 a
2396 5062 2602 5134 synodo
2623 5059 2924 5117 examinari
2946 5074 3010 5115 ac
3029 5058 3241 5115 definiri
3268 5068 3480 5127 oportet
3506 5076 3519 5111 :

262 5134 626 5204 φαινομένηςο
668 5134 718 5186 oi
768 5132 827 5186 δὲ
879 5134 1282 5207 πρεσὸύτεροι,
1329 5141 1425 5193 καὶ
1476 5143 1527 5194 oi
1568 5142 1833 5216 διάκονοι,

264 5228 364 5281 καὶ
407 5230 456 5280 oi.
480 5226 717 5297 καθεξῆς
757 5225 1035 5297 κληρικοὶ,
1069 5228 1176 5283 ὑπὸ
1222 5230 1317 5284 τοῦ
1364 5233 1498 5287 ἰδίου
1538 5238 1852 5296 ἐπισκόπου

1947 5157 2013 5211 de
2051 5154 2383 5226 presbyteris
2414 5169 2565 5221 vero,
2613 5156 2876 5219 diaeonis,
2913 5153 3141 5222 aliisque
3173 5151 3524 5209 inferioribus

1945 5248 2161 5305 clericis
2212 5247 2433 5318 proprio
2478 5247 2735 5319 episcopo
2778 5245 3027 5316 judicare
3077 5262 3141 5303 ac
3196 5246 3523 5303 sententiam

1503 5332 1691 5399 Guill.
1721 5339 2048 5424 Beveregii
2074 5350 2269 5407 notae.

261 5426 1043 5518 ptihntusupratsfntis‘“synodi
1091 5443 1268 5510 canon
1310 5448 1376 5518 ex
1432 5435 1623 5518 eodem
1661 5442 1856 5501 codice
1954 5456 2280 5518 praesentem
2308 5445 2546 5518 denique
2578 5453 3106 5518 caponemqspectat,
3136 5446 3183 5501 is
3219 5460 3247 5499 a
3289 5449 3521 5506 concilio

273 5497 553 5573 leguntur,
578 5497 684 5573 sub
740 5497 966 5573 nomine
993 5502 1338 5573 nonagesitui
1373 5505 1553 5573 quinti
1592 5519 1645 5563 et
1677 5497 1843 5571 nona;

304 5570 463 5625 esitni
494 5569 633 5622 sexti
667 5570 932 5635 canonis;
986 5585 1097 5638 quo
1126 5569 1293 5626 etiam
1328 5569 1523 5631 ordine
1553 5579 1606 5633 in
1649 5597 1711 5636 su
1758 5569 1847 5637 ra-

266 5588 432 5698 gictis
486 5638 773 5696 codicibus
829 5640 1134 5695 etiamnum
1174 5645 1543 5712 reperiuntur.
1581 5599 1752 5713 Quod,
1776 5657 1845 5713 ad

1776 5670 1807 5710 3

307 5642 432 5698 ictis
486 5638 773 5696 codicibus
829 5640 1134 5695 etiamnum
1174 5645 1543 5712 reperiuntur.
1581 5649 1700 5718 Quo

592 5739 865 5804 Ptraot.
915 5739 1034 5804 (in.
1070 5737 1441 5815 CXXXVII.

1950 5516 2386 5587 Aquisgranensi
2432 5531 2578 5571 anno
2637 5516 2855 5570 Domini
2904 5516 3030 5581 816,
3065 5517 3272 5587 habito,
3307 5534 3372 5576 ex
3400 5537 3524 5578 ver-

1946 5590 2107 5646 sione
2138 5587 2477 5661 Dionysiana
2512 5588 2719 5644 citatur
2753 5595 2808 5643 et
2841 5598 3165 5648 renovatur.

3125 5761 3201 5829 41
