4014 6224
516 268 654 333 1295
1772 262 2044 325 THEOD.
2091 263 2168 322 BA

2206 260 2484 323 LSAMON
3636 252 3785 317 1296

582 382 835 439 ZONAB.
884 384 1081 440 Eadem
1148 395 1271 438 cum
1326 390 1647 439 sanctorum
1702 380 2068 451 apostolorum
2105 388 2153 441 Α

2248 376 2485 434 ΖΩΝΑΡ.
2514 374 2596 429 Τὰ
2621 374 2756 429 αὐτὰ
2795 374 2873 444 τῷ
2902 372 2982 427 λα’
3001 374 3184 426 κανόνι
3215 372 3324 426 τῶν
3361 370 3564 440 Ἀγίων
3612 372 3788 426 Ἀπο-

509 493 721 533 canone
754 478 816 532 3i
852 478 938 532 hic
965 491 1181 545 quoque
1212 489 1385 533 canon
1417 475 1702 541 decernit;
1738 486 1964 544 qumque
2008 485 2073 524 eo

2206 468 2391 523 πόλων
2423 466 2519 522 καὶ
2553 468 2580 520 6
2616 465 2799 520 κανὼν
2828 461 2985 526 οὗτος
3027 463 3354 535 ψηφίζεται,
3382 466 3479 516 καὶ
3519 465 3595 517 τὰ
3626 466 3787 536 εἰρηο

510 571 612 625 1οοί
647 570 903 633 diximus,
951 568 1016 621 ad
1057 568 1218 635 hujus
1255 566 1414 621 simul
1474 566 1890 636 explicationem
1934 560 2080 618 suili-

2206 560 2332 614 téva
2356 561 2473 613 ἐκεῖ
2503 560 2596 613 καὶ
2625 559 2762 629 πρὸς
2790 557 2983 611 τοῦτον
3019 557 3341 627 ἀρκέσουσι.
3391 556 3569 609 Πλέον
3620 557 3688 609 δέ
3737 574 3788 609 τι

509 661 681 713 ciunt.
706 656 971 724 Quiddam
1001 671 1129 711 vero
1160 664 1419 724 praeterea
1458 655 1523 709 ad
1557 654 1668 721 illa,
1704 668 1827 724 quae
1869 665 2080 707 canone

2206 651 2282 705 τοῦ
2311 652 2670 706 ἀποστολικοῦ
2703 651 2928 713 κανόνος
2970 643 3126 711 οὗτος
3168 648 3414 712 διέξεισι,
3440 648 3634 715 λέγων
3658 665 3678 680 ο
3729 650 3787 702 Ei

516 751 813 819 apostolico
868 748 1253 814 continentur,
1303 747 1392 801 liic
1431 761 1608 801 canon
1642 744 1948 816 adiungit,
1994 742 2080 798 di-

2206 743 2248 795 se
2273 742 2583 812 παραμένει
2620 740 2867 811 θορυϐῶν
2901 740 2998 794 καὶ
3024 740 3346 794 ἁναστατῶν
3384 740 3483 809 τὴν
3540 738 3787 809 Ἐκκλη-

510 828 677 899 cens:
720 840 777 895 Si
811 856 941 895 vero
970 842 1234 895 tumultus
1271 841 1418 894 ciere
1443 838 1845 907 Ecclesiamque
1880 837 2082 891 labefa-

2206 832 2336 897 τίαν,
2364 832 2451 886 διὰ
2503 831 2604 902 τῆς
2627 830 2825 897 ἔξωθεν
2875 830 3128 896 ἐξουσίας
3166 831 3243 893 ὡς
3292 830 3579 899 στασιώδη
3617 831 3789 883 αὐτὸν

510 942 662 986 ctarc
690 940 903 1002 pergat,
934 935 1111 1002 ipsum
1147 932 1215 985 ab
1243 939 1465 984 externa
1493 938 1760 999 potestate
1792 928 1955 984 veluti
1996 942 2083 982 se-

2206 922 2635 995 επιστρέφεσθαιο
2668 923 2727 975 '0
2749 922 2837 975 διὰ
2862 923 2923 975 τδ
2950 923 3376 992 παρασυνάγειν,
3400 925 3563 991 φησι,
3591 922 3787 975 καθαιο

510 1023 766 1078 ditiosum
792 1023 1035 1077 coerceri
1061 1022 1256 1091 placet.
1280 1020 1621 1090 Quicunque,
1640 1019 1736 1084 ait,
1754 1020 1825 1074 ob
1847 1032 2084 1073 conven—

2206 1016 2390 1081 ιεθεὶς,
2427 1017 2522 1069 ἐὰν
2558 1015 2659 1085 οὐχ
2690 1015 2981 1084 ἡσυχάζει,
3017 1012 3131 1065 ἀλλ’
3166 1013 3495 1080 ἐπιθορυὸετ
3545 1015 3652 1067 καὶ
3690 1030 3787 1065 τσο

511 1128 594 1171 tus
630 1117 860 1171 seorsim
903 1116 1117 1169 habitos
1165 1115 1510 1183 depositione
1550 1113 1813 1167 multatus
1862 1110 1987 1176 fuit,
2036 1112 2080 1167 sl

2206 1106 2387 1160 οάσσει
2415 1105 2516 1175 τὴν
2549 1104 2910 1175 Ἐκκλησίαν,
2941 1104 3258 1157 (ἐπιστατῶν
3293 1105 3493 1173 αὐτὴν,
3520 1105 3789 1155 τουτέστι

512 1224 618 1263 non
650 1208 919 1276 quiescat,
961 1208 1052 1261 sed
1088 1206 1142 1261 in
1177 1205 1412 1260 Ecclesia
1456 1207 1720 1259 tumultus
1770 1218 1832 1258 ac
1863 1212 2083 1273 pertur-

2206 1197 2475 1268 Ξιεγείρων
2530 1199 2611 1260 είς
2666 1198 2907 1259 στάσεις,
2948 1196 3039 1250 διὰ
3086 1200 3185 1265 τῆς
3241 1194 3443 1258 ἔξωθεν
3493 1194 3782 1259 ἐξουσίας,

512 1302 753 1356 nationes
774 1301 1008 1363 excitet,
1040 1315 1155 1354 eam
1188 1297 1541 1361 labefactans,
1572 1297 1676 1351 hoc
1722 1304 1826 1360 εει,
1854 1294 2084 1349 seditio-

2206 1289 2291 1358 τῆς
2316 1290 2595 1357 πολιτικῆς
2618 1288 2840 1358 δηλαδὴ,
2859 1289 2932 1349 ὡς
2953 1288 3279 1357 στασιώδης,
3320 1287 3788 1356 παιδευθήσεται,

408 1439 412 1443 «
514 1407 607 1447 nes
656 1393 710 1447 in
755 1408 817 1447 ea
851 1406 1221 1456 commovens,
1259 1400 1496 1443 externae
1542 1387 1863 1459 potestatis,
1909 1386 2085 1441 civilis

2206 1383 2266 1447 in;
2297 1385 2363 1436 ἂν
2409 1382 2714 1454 ἐπιστρέψῃ
2757 1383 2893 1453 πρὸς
2947 1382 3262 1451 μετάνοιαν.
3299 1382 3414 1433 Καὶ
3465 1382 3495 1432 6
3559 1381 3786 1440 ἐννατικ

516 1486 787 1551 nimirum,
815 1485 1158 1548 auctoritate,
1187 1492 1242 1537 ut
1264 1497 1323 1537 se
1345 1484 1410 1535 ad
1438 1482 1813 1552 ptenitentiam
1834 1479 2080 1546 recipiat,

2206 1476 2250 1529 se
2303 1475 2481 1529 κανὼν
2565 1476 2665 1544 τῆς
2719 1477 2776 1526 ἐν
2826 1473 3411 1526 Κωνσταντινουπόλει
3497 1473 3787 1538 συστάσης

518 1573 677 1629 veluti
706 1574 1023 1628 seditiosum
1055 1572 1304 1627 volumus
1361 1569 1663 1625 emendari.
1694 1567 2084 1622 Constantino.

2206 1567 2415 1621 συνόδου
2472 1568 2529 1619 ἐν
2572 1568 2649 1637 τῷ
2699 1566 2810 1636 ναῷ
2864 1566 2973 1618 τῶν
3014 1564 3217 1632 ’Λγίων
3256 1562 3610 1616 ’Λποστὸλων
3664 1565 3787 1631 περὶ

519 1667 766 1737 ροΙίῑαιιιο
825 1673 1084 1734 praeterea
1141 1663 1370 1734 synodi,
1415 1663 1467 1714 in
1531 1659 1732 1729 templo
1759 1658 2082 1712 Sanctorum

2206 1663 2300 1717 τῶν
2339 1663 2415 1733 μὴ
2446 1663 2786 1732 πειθομένων
2833 1664 2945 1724 τοίς
2993 1662 3348 1722 ἐπισκόποις,
3387 1660 3531 1729 μηδὲ
3554 1659 3631 1710 δι’
3669 1661 3784 1711 ἑπι-

519 1756 893 1825 Apostolorum
947 1762 1527 1824 congregatzc,rnonus
1595 1765 1772 1805 canon
1813 1764 1908 1803 eos
1937 1788 1953 1814 ,
1990 1748 2079 1815 qui
2116 1759 2157 1815 Β

2206 1755 2386 1824 ςιμίων
2421 1756 2932 1825 σωφρονιζομένων,
2977 1754 3112 1823 φησὶ
3138 1753 3228 1807 διὰ
3257 1753 3370 1805 τῶν
3415 1753 3567 1805 κατὰ
3594 1752 3785 1821 χώραν

520 1849 785 1920 episcopis
821 1863 927 1902 non
963 1850 1375 1914 obtemperant,
1422 1857 1596 1916 neque
1642 1843 1808 1896 multa
1876 1840 2080 1895 indicta

2206 1845 2468 1915 ipx6vrwv
2509 1846 2707 1907 αὐτοὺς
2735 1842 3196 1913 σωορονίςεσθαι.
3232 1842 3402 1893 Ὥστε
3440 1840 3782 1908 σημειωτέον

521 1941 865 2010 resipiscunt,
891 1938 1301 2009 magistratuum
1327 1936 1469 1989 illius
1501 1934 1733 2005 regionis
1756 1947 1918 2001 opera
1942 1946 2095 1987 coer-

2206 1938 2287 1989 ιιιὶ
2317 1937 2384 2003 ἐκ
2422 1936 2514 1989 τοῦ
2561 1941 2603 1988 ε’
2633 1935 2829 1989 τούτου
2872 1934 3097 1997 κανόνος
3128 1933 3212 1988 ὅτι
3251 1934 3635 2003 ἀπηγόρευται
3668 1932 3781 1993 τοῖς

520 2033 715 2089 cendos
730 2047 853 2087 esse
868 2032 1131 2086 decernit.
1160 2029 1235 2083 Ex
1255 2044 1359 2098 quo
1383 2027 1511 2082 illud
1539 2042 1602 2081 ex
1624 2026 1724 2081 ltoe
1759 2039 1972 2095 quoque
1995 2038 2089 2077 ca-

2206 2026 2511 2088 ὲπισκόποις
2533 2026 2784 2090 κολάζειν
2807 2027 2943 2088 ὅλως
2962 2025 3116 2088 τινάς
3143 2041 3157 2054 ο
3183 2024 3492 2093 ἐπιτιμίοις
3513 2024 3568 2075 δὲ
3596 2022 3777 2091 μόνοις

522 2140 657 2199 none
694 2125 728 2178 5
755 2124 1046 2179 notandum
1076 2121 1345 2191 est,jquod
1377 2118 1644 2190 episc0pis
1678 2125 1945 2185 potestate
1982 2117 2097 2171 cui-

2206 2117 2552 2187 σωςρρονίζειν
2583 2118 2810 2180 αὐτούς·
2847 2117 2942 2170 καὶ
2978 2117 3035 2169 εί
3085 2115 3161 2187 μὴ
3193 2115 3500 2179 πείθοιντο,
3549 2111 3777 2183 παραδι-

523 2229 679 2286 ιιιιαιιι
711 2214 980 2285 supplicia
1019 2211 1294 2283 irrogandi
1331 2212 1556 2265 omnino
1590 2210 1937 2265 interdictum
1972 2223 2094 2265 eSt:

2206 2208 2344 2261 56th
2365 2208 2562 2271 αὐτοὺς
2585 2211 2653 2278 τῇ
2684 2208 2926 2279 ἐξουσίᾳ.

525 2307 614 2367 sed
644 2308 712 2364 ab
742 2309 807 2363 iis
835 2306 1018 2362 multa:
1050 2307 1411 2377 impositione,
1444 2307 1536 2377 qui
1574 2306 1954 2376 peccaverint,
1984 2304 2364 2373 corrigendos;
2409 2319 2473 2360 ac
2505 2306 2550 2360 si
2580 2306 2759 2360 minus
2809 2305 3112 2374 paruerint,
3181 2303 3541 2360 saecularibus
3612 2300 3777 2370 magi-

525 2409 784 2464 stratibus
818 2422 942 2463 esse
965 2406 1273 2462 tradendos.

527 2503 748 2559 ARIST.
790 2522 810 2556 ι
833 2502 1022 2559 Omnis
1051 2501 1357 2572 presbyter,
1375 2499 1735 2556 veldiaconus
1766 2498 1857 2569 qui
1886 2498 2097 2568 episco-

2206 2492 2418 2550 APL‘JT.
2460 2511 2481 2545 ι
2525 2493 2642 2556 Πᾶς
2672 2493 2701 2546 6
2736 2493 3044 2547 ἐπισκόπου
3091 2495 3455 2566 καταφρονῶν
3483 2539 3499 2563 ,
3536 2497 3639 2549 καὶ
3686 2499 3774 2565 dor

593 2613 614 2648 ι
646 2611 773 2663 pum
809 2594 1133 2655 contemnit,
1168 2602 1223 2646 et
1274 2591 1344 2647 ab
1385 2606 1451 2646 eo
1490 2591 1715 2656 recedit,
1745 2599 1906 2659 atque
1949 2587 2096 2643 aliud

2270 2605 2289 2638 ι
2334 2586 2625 2654 ιστάμενος
2657 2584 3106 2659 πρεσϐύτερος,ἢ
3142 2587 3411 2653 διάκονος,
3444 2590 3545 2641 καὶ
3570 2590 3778 2644 01:060-

597 2705 616 2738 ι
658 2686 831 2740 altare
872 2684 1123 2747 exstruit,
1175 2683 1219 2737 si
1257 2691 1338 2736 ter
1375 2682 1442 2735 ab
1477 2682 1732 2751 episcopo
1776 2690 1999 2735 vocatus
2043 2680 2095 2733 in

2272 2696 2290 2729 ι
2337 2677 2454 2747 μῶν
2504 2676 2632 2729 ἄλλο
2678 2677 3089 2748 θυσιαστήριον,
3155 2678 3226 2743 εἰ,
3284 2680 3778 2749 προσκαλούμενος

600 2795 621 2828 ι
658 2776 969 2844 arrogantia
1001 2773 1267 2844 persistit,
1301 2772 1586 2843 depositus
1612 2775 1713 2840 sit,
1747 2780 1803 2827 et
1850 2770 2093 2826 curatio—

2272 2787 2289 2819 ι
2330 2768 2451 2837 τρὶς
2482 2770 2636 2838 παρὰ
2663 2768 2756 2820 τοῦ
2791 2767 3117 2833 ἐπισκόπου,
3149 2768 3401 2838 ἐπιμένει
3432 2772 3502 2839 τῇ
3527 2771 3777 2841 ἀπονοία,

590 2885 621 2920 ηε
662 2868 744 2921 nis
770 2881 865 2936 spe
887 2865 1194 2921 destitutus.
1222 2883 1241 2916 ›

2277 2875 2295 2909 ι
2341 2859 2781 2929 καθαιρούμενος
2813 2860 2972 2925 ἔστω,
3012 2862 3107 2913 καὶ
3138 2858 3542 2930 ἀθεράπευτος.
3571 2880 3594 2912 ι

597 2957 748 3012 Talis
798 2958 1111 3027 episcopum
1160 2958 1455 3028 impietatis
1509 2968 1604 3013 aut
1648 2955 1929 3026 iniustitiae
1979 2970 2087 3011 non

2270 2949 2329 3002 '0
2354 2950 2619 3014 τοιοῦτος,
2678 2952 2846 3020 μηδὲν
2901 2954 3269 3020 κατεγνωκὼς
3320 2954 3420 3006 τοῦ
3468 2955 3778 3009 ἐπισκόπου

531 3041 915 3114 condemnatis,
944 3058 1002 3102 ut
1031 3050 1338 3103 tricesimus
1372 3048 1581 3119 primus
1614 3057 1933 3103 sanctorum
1965 3063 2098 3117 apo-
2128 3093 2168 3150 Ο

532 3142 794 3197 stolorutn
824 3155 998 3195 canon
1032 3139 1245 3203 statuit,
1274 3143 1366 3194 sed
1396 3140 1648 3209 superbia
1682 3151 1737 3194 et
1759 3139 1900 3193 fastu
1930 3139 2101 3194 elatus
2129 3133 2168 3150 ν

2207 3133 2390 3188 κανὼν
2443 3134 2553 3186 τῶν
2611 3136 2784 3202 ἁγίων
2838 3136 3156 3191 ἀποστόλων
3205 3138 3603 3207 διαλαμϐάνει,
3673 3140 3779 3192 ἀλλ’

533 3245 679 3301 quta
716 3233 982 3287 decimum
1013 3233 1203 3302 synodi
1235 3231 1681 3303 Carthaginensis
1722 3245 1979 3287 cauonem
2004 3270 2018 3296 ,
2058 3231 2103 3286 si

2207 3225 2561 3296 ὑπερηφανίᾳ
2593 3226 2688 3279 καὶ
2734 3226 2889 3296 τύφῳ
2934 3230 3205 3297 ἐπαρθεὶς
3252 3232 3396 3282 κατὰ
3440 3231 3534 3282 τὸν
3559 3216 3779 3285 δέκατον

534 3326 769 3395 seipsum
791 3326 858 3379 ab
876 3323 1117 3379 Ecclesia
1147 3340 1335 3394 separa
1346 3326 1503 3391 verit,
1536 3324 1748 3380 et‘aliud
1772 3326 1940 3379 altare
1957 3335 2105 3379 stru-

2206 3317 2405 3369 κανόνα
2430 3316 2528 3385 τῆς
2566 3318 2625 3369 ἐν
2673 3318 3005 3390 Καρθαγένῃ
3037 3320 3280 3384 συνόδου,
3307 3325 3355 3372 εἰ
3402 3322 3656 3391 ἀφώρισε
3690 3324 3778 3391 τῆς

534 3416 704 3479 xerit,
746 3423 800 3468 et
846 3415 1095 3484 populum
1134 3415 1234 3468 sibi
1272 3415 1557 3469 attraxerit
1602 3416 1812 3485 privata
1845 3430 2106 3485 peragens

2219 3405 2547 3475 Ἐκκλησίας
2578 3406 2795 3469 ἑαυτὸν,
2826 3410 2920 3459 καὶ
2947 3408 3337 3481 θυσιαστήριον
3361 3411 3449 3462 ἕτε
3461 3429 3555 3481 ρον
3587 3414 3778 3481 ἔπηξε,

534 3505 926 3569 conventicula,
970 3516 1153 3574 postea
1203 3515 1284 3557 ter
1312 3505 1379 3557 ab
1412 3505 1667 3574 episcopo
1695 3514 1945 3567 vocatus,
2000 3519 2103 3558 non

2207 3497 2303 3550 καὶ
2332 3496 2460 3550 λαὸν
2489 3496 2581 3567 ὑφ’
2601 3497 2797 3550 ἑαυτὸν
2826 3497 3102 3564 εἵλκυσεν,
3140 3500 3277 3562 ιδίας
3306 3504 3566 3565 συνάξεις
3594 3505 3778 3555 ποιού-

536 3608 739 3647 utorem
771 3595 1020 3661 gesserit,
1048 3594 1141 3648 sed
1175 3596 1228 3647 in
1252 3592 1572 3648 confusione
1598 3594 1880 3657 manserit,
1912 3593 2105 3663 dignus

2211 3605 2392 3661 μενος,
2420 3584 2539 3642 εἶτα
2586 3590 2883 3658 τρισσάκις
2916 3594 3070 3660 παρὰ
3110 3590 3206 3644 τοῦ
3240 3595 3556 3647 ἐπισκόπου
3587 3597 3777 3649 κα)ηού-

536 3683 729 3753 estqui
758 3684 980 3738 omnino
1011 3686 1331 3752 deponatur,
1358 3691 1415 3737 et
1450 3699 1555 3739 non
1588 3683 1819 3753 amplius
1845 3693 2025 3753 speret
2048 3698 2107 3739 se

2212 3697 2392 3750 μενος,
2422 3682 2696 3752 ἀπειθοίη,
2724 3683 2819 3735 καὶ
2851 3684 3103 3753 ἐπιμένοι
3134 3689 3197 3755 τῇ
3216 3687 3418 3755 ἀταξία
3440 3702 3453 3714 ο
3486 3688 3646 3750 ἄξιός
3675 3691 3778 3740 ἐστι

538 3775 871 3830 curationem
908 3790 1144 3844 unquam
1182 3784 1554 3851 assecuturum
1587 3782 1641 3828 et
1665 3773 1927 3829 honorem
1950 3788 2105 3828 suum

2209 3772 2489 3835 παντελῶς
2524 3774 2926 3843 καθαιρεῖσθαι,
2961 3775 3054 3828 καὶ
3090 3778 3291 3847 μηκέτι
3338 3779 3597 3841 ἐλπίζειν
3629 3781 3779 3848 θερα-

2206 3041 2459 3114 εὐσεϐείᾳ
2505 3043 2601 3095 καὶ
2631 3042 2975 3115 δικαιοσύνῃ,
3019 3044 3095 3107 ὡς
3122 3046 3150 3098 6
3178 3047 3511 3116 τριακοστὸς
3563 3049 3779 3117 πρῶτος

540 3875 965 3935 resumpturum.

2210 3864 2372 3927 πείας
2415 3868 2623 3935 τυχεῖν,
2652 3869 2748 3921 καὶ
2775 3866 2875 3936 τὴν
2917 3869 3114 3921 ἑαυτοῦ
3161 3869 3327 3940 τιμὴν
3382 3871 3780 3927 ἐπαναλαϐεῖν.

1044 3955 1206 4028 ιςῃ
1242 3952 1471 4011 canos
1513 3952 1601 4009 Vl.
2212 4012 2215 4015 ,
2811 3957 3053 4011 ιιΑΝιιΝ
3084 3958 3177 4027 ς’.

557 4067 578 4102 ι
617 4049 674 4107 Si
705 4050 828 4121 quis
857 4049 888 4104 ξι
922 4054 1143 4121 proprio
1170 4050 1423 4120 episcopo
1450 4048 1548 4103 fuit
1575 4047 2106 4113 excommunicatus,

2216 4063 2238 4097 ι
2280 4045 2348 4100 Et
2375 4063 2461 4110 τις
2486 4046 2595 4101 ὑπὸ
2615 4047 2713 4102 τοῦ
2742 4049 2876 4105 ίδίου
2931 4051 3233 4104 ἐπισκόπου
3287 4052 3667 4125 ἀκοινώνητος
3700 4059 3784 4125 τέο

608 4158 629 4194 ι
665 4157 733 4196 ne
763 4145 912 4211 prius
941 4145 1008 4198 ab
1037 4143 1159 4197 aliis
1186 4142 1513 4211 suscipiatur
1532 4141 1661 4209 (nisi
1691 4155 1722 4196 a
1748 4139 1963 4210 proprio
1985 4153 2110 4194 sus-

2289 4156 2308 4189 ι
2352 4154 2503 4206 γονε,
2536 4138 2613 4209 μὴ
2644 4142 2912 4211 πρότερον
2934 4142 3099 4195 αὑτὸν
3129 4143 3258 4213 παρ’
3295 4145 3505 4212 ἐτέρων
3532 4147 3786 4217 δεχθῆναι

596 4255 624 4290 x
666 4247 853 4307 ceptus
877 4234 1043 4290 fuerit
1063 4233 1346 4305 episcopo)
1374 4247 1539 4304 quam
1558 4232 1698 4288 facta
1728 4231 1936 4302 synodo
1957 4245 2111 4286 acce-

2291 4250 2309 4283 ι
2357 4230 2429 4301 (εί
2464 4232 2540 4301 μὴ
2570 4231 2662 4285 ὑπ’
2715 4232 2885 4285 αὑτοῦ
2915 4232 3130 4304 δεχθείη
3162 4234 3256 4287 τοῦ
3283 4233 3418 4287 ἰδίου
3454 4238 3785 4299 ἐπισκόςουζ

612 4346 632 4380 ι
670 4331 804 4383 deus
834 4343 897 4383 se
922 4326 1245 4391 defenderit,
1293 4335 1349 4381 et
1395 4339 1653 4396 persuasa
1683 4325 1909 4395 synodo,
1945 4324 2107 4378 aliam

2287 4344 2307 4375 ι
2356 4322 2388 4392 ἢ
2421 4323 2645 4379 συνόδου
2677 4323 2979 4394 γενομένης
3003 4324 3331 4395 ἀπαντήσας
3347 4326 3785 4399 ἀπολογήσεται,

608 4437 628 4471 ι
664 4419 985 4474 sententiam
1016 4418 1285 4474 retulerit.
1308 4416 1465 4471 idem
1496 4426 1675 4471 autem
1704 4418 1977 4471 decretum
2010 4418 2104 4470 αό-
2132 4424 2168 4485 ιτ

2291 4433 2310 4466 ι
2357 4416 2556 4479 πείσας
2614 4433 2677 4470 τε
2731 4415 2830 4486 τὴν
2888 4417 3131 4483 σύνοδον,
3182 4418 3541 4483 καταδέξοιτο
3600 4424 3786 4493 ἐτέραν

604 4527 629 4561 ε
665 4524 854 4565 versus
885 4509 1053 4564 laicos
1071 4518 1128 4563 et
1159 4509 1510 4579 presbyteros
1537 4518 1592 4563 et
1616 4507 1896 4573 diaconos,
1920 4516 1975 4562 et
2002 4523 2114 4563 om-

2293 4524 2313 4559 ι
2354 4508 2651 4576 ἀπόφασιν.
2694 4507 2754 4562 '0
2795 4509 2960 4573 αὐτὸς
3016 4510 3073 4563 δὲ
3122 4512 3246 4581 ὅρος
3297 4512 3395 4565 ἐπὶ
3438 4513 3661 4567 λαῖκῶν
3708 4517 3789 4569 καὶ

608 4619 629 4651 ι
663 4614 760 4655 nes
794 4599 885 4668 qui
910 4608 1039 4653 sunt
1066 4601 1119 4654 in
1151 4600 1282 4655 clcri
1305 4599 1940 4671 catalogombservetur.
1979 4616 1997 4649 ι

2280 4616 2310 4650 τι
2357 4592 2745 4670 πρεσϐυτέρων
2777 4602 2875 4655 καὶ
2915 4600 3185 4655 διακόνων
3211 4603 3305 4656 καὶ
3335 4603 3569 4657 πάντων
3595 4607 3714 4660 τῶν
3740 4610 3785 4660 ἐι

2291 4709 2310 4743 ι
2357 4691 2437 4762 τῷ
2482 4691 2668 4763 κλήρῳ
2699 4685 3153 4763 καταλεγομένων
3178 4694 3474 4764 κρατείτω.
3518 4716 3540 4750 ι

615 4775 813 4833 BALS.
842 4777 917 4832 De
942 4777 1040 4844 iis,
1066 4791 1185 4847 quae
1208 4778 1311 4832 hoc
1335 4792 1542 4832 canone
1562 4777 2111 4847 comprehenduntur,

2291 4784 2490 4838 ΒΔΛΣ.
2523 4784 2662 4855 Περὶ
2693 4784 2802 4839 τῶν
2831 4787 2890 4838 ἐν
2913 4786 2990 4856 τῷ
3020 4786 3210 4840 κανόνι
3243 4786 3421 4858 τούτῳ
3457 4793 3788 4862 περιεχομέ-

549 4872 681 4927 satis
729 4870 1051 4940 scripsimus
1088 4871 1141 4924 in
1186 4870 1306 4924 aliis
1337 4870 1569 4925 diversis
1612 4869 1930 4935 canonibus,
1977 4881 2033 4924 et
2061 4871 2114 4924 iu

2216 4893 2323 4930 νων
2359 4877 2562 4940 ἱκανῶς
2592 4876 2916 4948 ἐγράψαμεν
2943 4877 3001 4930 ἐν
3041 4894 3101 4931 τε
3146 4879 3331 4943 ἄλλοις
3358 4881 3560 4935 κανόσι
3602 4884 3785 4955 διαφό-

543 4963 864 5018 duodecitno
891 4972 943 5017 et
975 4963 1133 5016 tertio
1161 4963 1367 5016 decimo
1386 4978 1520 5016 'can.
1552 4961 1871 5031 apostolico.

2220 4984 2335 5038 ροις
2369 4968 2463 5021 καὶ
2498 4971 2557 5022 ἐν
2580 4968 2657 5038 τῷ
2694 4969 2761 5038 ιβ’
2794 4969 2889 5022 καὶ
2926 4969 2992 5040 ιγ’
3015 4973 3362 5044 ἀποστολικῷ
3395 4977 3616 5030 κανόνι.

614 5055 869 5111 ZONAR.
906 5054 1060 5111 Multi
1094 5057 1159 5110 de
1194 5056 1298 5109 hac
1328 5069 1650 5125 quoquere
1705 5070 1940 5111 canones
1982 5055 2114 5111 editi

2289 5060 2539 5114 ZQNAP.
2588 5061 2698 5113 Καὶ
2727 5062 2860 5132 περὶ
2891 5061 3099 5133 ταύτης
3125 5064 3225 5134 τῆς
3254 5063 3579 5131 ὑποθέσεως
3606 5070 3777 5122 πολλοὶ

545 5158 699 5214 sunt;
729 5164 792 5203 ac
817 5163 912 5217 per
934 5163 1018 5214 ea,
1051 5165 1170 5218 quae
1204 5150 1253 5202 in
1293 5147 1413 5202 illos
1445 5148 1704 5215 diximus,
1736 5149 1894 5217 hujus
1919 5148 2081 5203 etiam

2215 5153 2534 5219 διετάξαντο
2587 5153 2816 5216 κανόνες
2835 5169 2850 5186 ο
2881 5154 2978 5206 καὶ
3019 5153 3056 5208 ἃ
3089 5156 3303 5227 εἴρηται
3334 5159 3395 5208 ἐν
3425 5158 3675 5224 ἐκείνοις
3704 5162 3775 5214 καὶ

554 5240 893 5307 explicationi
936 5242 1280 5297 satisfactum
1314 5240 1667 5295 arbitramur.

2218 5247 2299 5307 είς
2326 5244 2425 5315 τὴν
2458 5243 2551 5299 τοῦ
2582 5245 2853 5314 παρόντος
2883 5246 3115 5315 ἀρκοῦσι
3149 5249 3475 5316 σαφήνειαν.

555 5328 776 5384 ABiST.
814 5348 832 5383 ι
876 5329 1410 5385 Excommunicatum
1443 5329 1512 5383 ab
1548 5329 1803 5398 episcopo
1852 5329 2115 5387 clericum

2217 5336 2439 5390 ΔΡΙΣΤ.
2488 5354 2509 5388 ι
2557 5337 2662 5389 Τὸν
2691 5338 3055 5407 ἀφορισθέντα
3103 5338 3233 5410 παρ’
3262 5340 3579 5396 ἐπισκόπου
3610 5347 3764 5411 adeg-

624 5438 644 5472 ι
675 5422 719 5475 si
758 5421 930 5489 major
960 5424 1198 5491 synodus
1230 5422 1553 5490 susceperit,
1603 5422 1690 5476 vel
1719 5423 2119 5479 condemnare-

2299 5447 2319 5481 ι
2362 5429 2479 5493 κὸν,
2517 5429 2613 5483 ἐὰν
2646 5428 2846 5499 μείζων
2878 5428 3096 5490 σύνοδος
3132 5430 3508 5498 προσδέξοιτο,
3538 5438 3572 5504 ἢ
3627 5449 3759 5488 κατε-

613 5530 643 5564 4
678 5515 769 5578 rit,
798 5515 1080 5569 sententiae
1110 5516 1443 5582 acquiescat.
1488 5531 1510 5568 ι

2299 5536 2319 5570 ι
2366 5519 2593 5589 κρίνειε,
2629 5521 2903 5590 στεργέτω
2928 5518 3025 5591 τὴν
3052 5521 3373 5589 ἀπόφασιν..
3410 5543 3433 5576 ο

622 5602 724 5668 Qui
754 5603 911 5673 ligat,
946 5615 999 5658 et
1031 5605 1241 5659 solvere
1291 5615 1487 5674 potest.
1523 5604 1723 5662 Idcirco
1751 5607 2008 5665 clericum
2050 5611 2118 5667 ab

2306 5610 2363 5665 '0
2390 5610 2559 5680 δήσας
2586 5613 2679 5664 καὶ
2707 5611 2855 5685 λύειν
2894 5611 3142 5685 δύναται.
3193 5614 3294 5668 Διὰ
3345 5616 3517 5672 τοῦτο
3548 5621 3676 5687 γοῦν
3698 5620 3774 5675 es

562 5694 803 5762 episcopo
853 5697 1025 5765 poenis
1071 5697 1415 5768 subjectum,
1463 5707 1517 5761 et
1561 5712 1910 5773 segregatum
1938 5743 1953 5770 ,
2007 5718 2114 5760 non

2229 5702 2622 5775 ἐπιτιμηθέντα
2665 5704 2798 5775 παρ’
2844 5704 3147 5759 ἐπισκόπου
3206 5704 3497 5781 κληρικδν,
3550 5715 3642 5770 καὶ
3683 5717 3782 5785 ἁφὴ
