4014 6224
282 329 416 392 1991

1292 331 1376 394 IN
1414 331 1585 396 CAN.
1619 333 1769 401 VIII
1808 332 2016 398 CONC.
2050 333 2110 396 II
2131 332 2486 398 ANTIOCH;

3396 326 3535 393 1238

283 449 590 518 ορισθέντα,
634 449 697 504 οὐ
725 448 809 505 δεῖ
841 448 974 521 παρ’
997 449 1188 522 ἐτέρου
1215 451 1473 523 δεχθῆναι
1510 453 1587 518 ὡς
1616 453 1865 509 ἀνεπιτί-

1980 464 2180 526 »μοι-ιρι
2206 455 2276 511 ab
2307 455 2415 509 alio
2463 460 2525 515 tu
2570 448 2902 527 inculpatum
2960 447 3191 513 admitti,
3227 447 3330 505 nisi
3376 449 3443 505 ab
3470 467 3537 506 eo

288 560 483 612 μητον,
519 545 569 596 εἰ
593 542 671 612 μὴ
700 544 831 614 παρ’
869 544 1036 598 αὐτοῦ
1062 544 1198 616 λυθῇ
1233 544 1328 599 τοῦ
1352 546 1753 618 δεσμήσαντος.
1791 547 1855 600 Εἰ

285 634 337 686 δὲ
362 634 580 696 σύνοδος
604 634 698 686 τὸν
723 634 1091 706 ἀφορισθέντα
1113 636 1382 703 ἐξετάσοι,
1408 638 1505 692 καὶ
1528 640 1857 710 παραλόγως

290 724 442 797 εὖροι
501 725 594 781 τὸν
639 726 947 797 ἀφορισμὸν
974 729 1353 801 ἐπενεχθέντα,
1411 731 1635 786 δύναται
1662 733 1725 786 τὸ
1756 751 1858 787 κα-

284 819 394 882 κῶς
421 818 718 890 γενόμενον
774 819 1146 890 διορθοῦσθαι,
1193 825 1290 877 καὶ
1345 823 1496 879 λύειν
1541 825 1727 892 αὐτὸν,
1762 826 1859 880 καὶ

283 911 317 982 ἡ
343 910 473 982 περὶ
496 911 694 967 τούτου
724 912 1002 983 ἀπόφασις
1057 914 1210 985 μένει
1239 914 1460 987 βεϐαία.

879 1025 1125 1080 ΚΑΝΩΝ
1182 1029 1259 1083 Ζ⁸.

267 1131 308 1162 τι
354 1112 582 1182 Μηδένα
632 1113 763 1168 ἄνευ
821 1116 1114 1187 εἰρηνικῶν
1152 1119 1405 1189 δέχεσθαι
1438 1119 1545 1173 τῶν
1589 1120 1777 1189 ξένων.
1828 1137 1848 1174 ι

356 1206 556 1259 ΒΑΛΣ.
598 1206 689 1259 Ἐν
720 1205 800 1274 τῷ
824 1206 913 1276 λγ⁸
936 1208 1285 1280 ἀποστολικῷ
1311 1213 1498 1265 κανόνι
1533 1211 1630 1266 καὶ
1680 1213 1761 1283 τῷ
1789 1218 1862 1280 ις’

283 1297 386 1366 τῆς
416 1298 475 1351 ἐν
500 1298 805 1369 Χαλκηδόνι
835 1298 1057 1354 συνόδου
1087 1301 1459 1373 διελήφθησαν
1492 1304 1562 1358 τὰ
1594 1323 1660 1359 πε
1671 1304 1725 1376 pl
1752 1305 1864 1360 τῶν

285 1391 585 1461 εἰρηνικῶν
620 1390 715 1475 καί
748 1390 857 1445 τῶν
900 1393 1248 1449 συστατικῶν
1272 1396 1599 1461 ἐπιστολῶν,
1653 1396 1747 1452 καί
1779 1399 1864 1451 ὅτι

264 1479 431 1547 ’ξένοι
459 1481 598 1535 εἰσὶν
623 1483 674 1535 ei
705 1484 812 1536 ἀπὸ
840 1484 1047 1553 ἐτέρῳν
1070 1484 1297 1555 ἐνοριῶν
1324 1485 1664 1559 ὁρμώμενοι.
1709 1489 1865 1544 Ἀνάο

286 1573 456 1642 γνωθι
492 1570 589 1628 οὖν
614 1574 683 1628 τά
715 1577 773 1628 ἐν
798 1575 1030 1639 ἐκείνοις
1063 1578 1367 1647 γραφέντα.

356 1665 605 1720 ΖΩΝΑΡ.
633 1667 862 1736 Εῐρηται
902 1667 961 1719 ἐν
983 1669 1171 1721 κανόνι
1206 1665 1275 1720 ια’
1305 1668 1407 1733 τῆς
1436 1672 1705 1742 τετάρτης
1731 1671 1860 1726 συν-

1957 548 2290 620 quiligavit,
2331 547 2403 601 sit
2448 545 2751 600 absolutus.
2784 541 2841 596 Si
2871 541 3109 613 synodus
3157 549 3335 596 autem
3368 541 3537 611 depo-

1960 643 2127 699 situm
2180 636 2596 699 examinaverit,
2662 644 2717 690 et
2791 631 3221 703 segregationem
3273 631 3537 687 invenerit

1961 740 2159 804 prater
2211 728 2480 785 rationem
2535 727 2773 791 illatam,
2832 723 2978 793 quod
3033 721 3176 775 male
3222 720 3423 776 factum
3455 732 3540 778 est

1962 824 2255 880 emendare
2282 826 2482 891 potest,
2512 826 2567 874 et
2590 832 2716 875 eum
2745 817 2982 879 solvere,
3009 822 3066 871 et
3089 813 3359 871 sententia
3390 814 3455 871 de
3474 830 3541 873 eo

1963 915 2117 971 iiuna
2144 920 2348 971 manet.
2754 926 2757 931 ‘

2552 1024 2784 1083 CANON
2835 1026 2950 1081 Vll.

2066 1136 2086 1171 ι
2122 1118 2314 1174 Nullus
2345 1128 2604 1175 externus
2635 1120 2752 1175 sine
2785 1116 3022 1187 pacificis
3048 1115 3393 1185 suscipiatur.
3426 1134 3445 1169 ι

2033 1208 2234 1264 BALS.
2268 1208 2324 1263 ln
2384 1209 2662 1265 tricesimo
2699 1209 2860 1264 tertio
2888 1222 3099 1264 canone
3147 1205 3464 1276 apostolico,
3489 1212 3546 1260 et
3652 1266 3657 1273 ε

1966 1302 2179 1359 decimo
2237 1310 2392 1358 sexto
2444 1300 2910 1357 Chalcedonensis
2962 1300 3151 1371 synodi
3197 1298 3261 1353 de
3294 1296 3538 1367 paciﬁcis

1969 1405 2262 1450 tractatum
2290 1405 2373 1451 est
2402 1405 2456 1451 et
2487 1392 2965 1449 commendatoriis
2995 1390 3262 1460 epistolis,
3303 1398 3356 1446 et
3403 1389 3546 1458 quod

1970 1488 2004 1542 ii
2054 1496 2185 1544 sunt
2244 1487 2477 1554 externi,
2530 1487 2623 1555 qui
2661 1486 2728 1540 ab
2768 1484 2888 1539 aliis
2921 1482 3251 1539 dioecesibus
3300 1479 3545 1536 veniunt.

1967 1579 2108 1645 Lege
2139 1597 2270 1650 ergo
2300 1596 2419 1650 quae
2455 1581 2511 1635 in
2542 1579 2646 1635 illis
2669 1578 2871 1648 scripta
2899 1586 3047 1632 sunt.
3114 1590 3117 1593 λ

2038 1670 2291 1727 ZONAR.
2328 1671 2589 1739 Quaenam
2630 1668 2742 1724 sint
2787 1668 3028 1738 epistolae
3074 1669 3334 1739 pacilicae,
3365 1683 3551 1739 qumve

286 1755 414 1808 όδου
448 1756 592 1820 τινες
643 1757 786 1810 εἰσὶν
826 1758 1104 1829 εἰρηνικαὶ
1140 1761 1448 1827 ἐπιστολαὶ,
1480 1763 1573 1815 καὶ
1595 1763 1740 1825 τίνες
1765 1781 1861 1817 συ-

1980 1765 2442 1831 :ommendatitiae,
2494 1763 2785 1819 undecimo
2858 1776 3067 1819 canone
3121 1773 3326 1832 quartae
3357 1763 3550 1833 synodi

287 1845 564 1899 στατικαί.
598 1844 798 1910 Ξένους
841 1844 938 1901 οὖν
985 1849 1223 1903 ἐνταῦθα
1272 1851 1394 1921 οὒχί
1421 1854 1550 1916 τοὺς
1597 1854 1861 1923 τυχόντας

285 1935 457 2004 λέγει,
490 1936 619 2000 τοὺς
651 1937 712 2003 ἐξ
755 1936 925 2008 ἀλλης
957 1938 1141 2009 χώρας
1179 1939 1311 2006 ἴσως
1343 1943 1424 2007 εἰς
1457 1943 1625 2014 ἄλλην
1672 1945 1863 2015 ἐπιδη-

288 2027 548 2097 μοῦντας,
580 2028 718 2082 ἀλλά
749 2032 878 2093 τοὺς
910 2031 1207 2103 κληρικοὺς
1255 2034 1383 2097 τοὺς
1418 2034 1527 2089 ἀπὸ
1574 2035 1745 2105 ἀλλης
1770 2038 1865 2091 ἐκ·

291 2120 521 2190 κλησίας
580 2122 660 2185 εἰς
707 2122 875 2192 ἀλλην
904 2112 1167 2188 ἀπιόντας
1189 2139 1204 2156 ⁸
1236 2125 1332 2192 οὓς
1363 2129 1460 2181 καὶ⁵
1511 2128 1589 2199 μὴ
1615 2128 1867 2199 δέχεσθαι

291 2215 443 2285 παρά
466 2214 575 2267 τῶν
606 2214 969 2287 προεστώτων
996 2217 1106 2269 τῶν
1137 2218 1471 2289 ἐκκλησιῶν,
1502 2222 1560 2274 ἐν
1584 2218 1674 2286 αἷς
1703 2223 1868 2276 ἀπία-

296 2323 403 2371 σιν,
440 2308 468 2360 ό
498 2310 681 2360 κανὼν
716 2308 1095 2379 ἐγκελεύεται,
1126 2314 1176 2367 εἰ
1208 2312 1283 2382 μὴ
1316 2314 1599 2384 εἰρηνικὰς
1644 2317 1869 2370 ἐπιστο-

296 2396 390 2458 λὰς
417 2397 773 2468 ἐπιφέρονται
807 2399 917 2453 τῶν
964 2403 1325 2468 προεστώτων
1372 2402 1482 2459 τῶν
1531 2405 1867 2477 ἐκκλησιῶν,

293 2487 353 2553 ἐξ
384 2484 461 2542 ῶν
491 2489 883 2561 ὑπεχώρησαν.
933 2490 991 2547 '0
1019 2494 1077 2548 δέ
1103 2494 1184 2563 λγ¹
1208 2496 1318 2550 τῶν
1347 2496 1664 2551 ἀποστόλων
1688 2498 1868 2552 κανὼν

294 2580 638 2651 σαφέστερον
667 2581 728 2634 τὸ
778 2581 889 2636 τῶν
925 2580 1093 2649 ξένων
1125 2587 1283 2657 φησὶ,
1311 2586 1490 2656 λέγων
1526 2589 1731 2659 μηδένα
1759 2590 1869 2644 τῶν

294 2675 468 2738 ξένων
494 2674 881 2745 πρεσϐυτέρων
922 2680 1018 2733 καὶ
1044 2679 1310 2735 διακόνων
1340 2681 1372 2751 ἢ
1414 2682 1510 2736 καὶ
1551 2682 1871 2737 ἐπισκόπων

297 2764 430 2817 ἄνευ
468 2765 815 2820 συστατικῶν
844 2768 1148 2825 ἐπιστολῶν
1178 2769 1595 2841 προσδέχεσθαι.
1650 2768 1872 2838 Ξενίζε-

292 2858 418 2912 σθαι
455 2858 554 2928 μὲν
578 2859 687 2931 γὰρ
710 2860 911 2926 αὐτοὺς
940 2863 970 2916 ό
1015 2862 1217 2929 κανὼν,
1245 2864 1342 2917 καὶ
1392 2864 1746 2934 χορηγεῖσθαι
1774 2865 1875 2918 αὐ-

288 2951 419 3015 τοὺς
445 2952 514 3005 τὰ
541 2952 681 3023 πρὸς
703 2954 803 3024 τὴν
834 2956 1028 3025 χρείαν
1057 2956 1214 3026 παρὰ
1248 2954 1381 3021 τῶν,
1413 2956 1551 3028 πρὸς
1571 2955 1666 3020 οὓς
1692 2958 1872 3027 ἀπῆλ-

290 3044 407 3109 θον,
464 3044 794 3116 ἐπιτρέπειο
852 3048 1107 3120 δέχεσθαι
1158 3048 1217 3103 δὲ
1294 3050 1375 3113 εἰς
1423 3049 1711 3105 κοινωνίαν
1759 3051 1873 3105 ἀπ-

287 3138 572 3204 αγορεύει.

285 3230 520 3288 ΑΡΙΣΤ.
580 3249 601 3285 ι
656 3232 719 3288 'O
752 3232 925 3301 ξένος,
950 3234 1233 3305 εἰρηνικὰς
1260 3234 1553 3303 ἐπιστολὰς
1581 3236 1644 3292 οὗ
1668 3238 1876 3309 προσά-

687 3345 738 3389 ,ι
784 3343 921 3395 των,
982 3327 1378 3397 ἀπρόσδεκτος.
1419 3347 1439 3381 ι

373 3416 464 3471 Ἐν
515 3418 735 3480 πολλοῖς
786 3420 1004 3489 εἴρηται
1058 3420 1250 3473 κανόσι
1301 3420 1400 3474 καὶ
1447 3422 1629 3486 τοῦτο,
1687 3423 1749 3479 τὸ
1796 3423 1872 3495 μὴ

282 3507 417 3571 τοὺς
446 3508 982 3579 ξενοχειροτονήτους
1013 3510 1415 3580 προσδέχεσθαι
1440 3511 1570 3565 ἄνευ
1601 3513 1873 3583 γραμμάο

282 3618 402 3654 των
430 3599 527 3654 τοῦ
559 3600 864 3655 ἐπισκόπου
898 3602 1029 3672 παρ’
1071 3596 1131 3656 οὗ
1160 3602 1259 3671 τὴν
1291 3602 1637 3674 χειροτονίαν
1690 3602 1870 3658 ἀνεδέ-

286 3693 476 3759 ξαντο.

901 3787 1144 3842 ΚΑΝΩΝ
1184 3791 1270 3846 H'.
1342 3801 1359 3815 '

294 3922 314 3955 ι
364 3900 518 3972 Μηδέ
556 3900 970 3972 πρεσϐυτέρους
1000 3902 1128 3966 τοὺς
1154 3903 1214 3956 ἐν
1241 3902 1364 3965 ταῖς
1392 3902 1603 3972 χώραις
1653 3918 1874 3956 κανονι-

371 4011 392 4045 ι
438 3994 540 4059 κάς
570 3992 863 4057 ἐπιστολὰς
895 3993 1122 4058 διδόναι,
1150 3994 1183 4066 ἢ
1221 3996 1361 4064 πρὸς
1391 3993 1586 4064 μόνους
1616 3993 1740 4055 τοὺς
1770 3993 1879 4062 γεί-

378 4105 397 4139 ι
442 4104 603 4150 τονας
633 4086 970 4149 ἐπισκόπους
1016 4086 1311 4149 ἐπιστολὰς
1342 4085 1655 4154 ἐκπέμπειν
1680 4098 1697 4116 ⁶
1747 4084 1876 4148 τοὺς

370 4197 389 4231 ι
433 4178 489 4233 δὲ
543 4179 949 4249 ἀνεπιλήπτους
993 4178 1453 4250 χωρεπισκόπους
1506 4177 1619 4249 (46)
1668 4176 1875 4233 διδόναι

365 4288 384 4321 ι
430 4271 736 4340 εἰρηνικάς.
785 4289 804 4322 ι

366 4362 564 4415 ΒΑΛΣ.
599 4361 850 4430 Ἐμαθες
879 4363 1025 4426 τίνες
1052 4363 1191 4416 εἰσίν
1222 4362 1497 4433 εἰρηνικαὶ
1522 4362 1640 4433 ἤτοι
1672 4361 1876 4418 ἀπολυ-

1972 1857 2107 1911 satis
2151 1856 2559 1926 explicavimus.
2608 1857 2875 1912 Externos
2923 1870 3083 1926 porro
3120 1854 3223 1908 hoc
3273 1854 3411 1917 loco,
3446 1869 3549 1907 non

1970 1963 2179 2015 omnes,
2215 1950 2308 2019 qui
2347 1964 2411 2003 ex
2454 1947 2557 2002 alia
2588 1948 2803 2019 regione
2836 1947 2888 2002 in
2918 1946 3077 2001 aliam
3106 1945 3245 2001 forte
3276 1960 3335 2000 se
3364 1944 3579 2024 confe:

1973 2048 2119 2104 runt,
2148 2040 2243 2095 sed
2276 2038 2523 2104 clericos,
2552 2039 2641 2110 qui
2673 2053 2738 2094 ex
2778 2038 2883 2094 alia
2937 2035 2990 2093 in
3046 2037 3206 2091 aliam
3264 2034 3549 2091 ecclesiam

1972 2131 2410 2202 proﬁciscuntur,
2442 2129 2723 2198 intelligit;
2760 2144 2898 2200 quos
2919 2129 3136 2200 quidem
3168 2142 3197 2183 a
3226 2127 3552 2199 praesulibus

1974 2226 2349 2289 ecclesiarum,
2383 2224 2446 2279 ad
2477 2240 2612 2294 quas
2644 2237 2701 2279 se
2728 2223 3034 2286 conferunt,
3087 2222 3191 2276 nisi
3225 2236 3253 2275 a
3279 2219 3554 2290 praefectis

1975 2318 2352 2383 ecclesiarum,
2399 2333 2430 2372 a
2461 2315 2656 2385 quibus
2680 2315 3005 2381 discessere,
3052 2312 3306 2385 paciﬁcas
3349 2313 3553 2383 episto-

1977 2410 2059 2466 las
2092 2410 2340 2477 aberant,
2369 2409 2459 2469 hic
2484 2424 2659 2466 canon
2708 2409 2918 2464 admitti
2966 2418 3137 2463 vetat.
3168 2406 3391 2461 Externi
3423 2420 3555 2459 vero
3600 2430 3603 2431 ν

1979 2502 2069 2572 qui
2103 2502 2235 2566 sint,
2261 2501 2533 2556 tricesimo
2569 2501 2727 2556 tertio
2749 2499 3128 2569 Apostolorum
3157 2511 3365 2552 canone
3394 2510 3553 2565 aper-

1979 2594 2087 2649 tius
2115 2593 2389 2648 indicatur
2414 2609 2430 2647 :
2471 2591 2547 2647 Ne
2575 2607 2762 2661 quem,
2792 2591 2991 2661 inquit,
3039 2598 3319 2646 externum
3344 2587 3558 2656 episco-

1975 2699 2130 2757 pum,
2154 2693 2247 2739 aut
2274 2681 2674 2753 presbyterum,
2703 2690 2796 2735 aut
2822 2682 3106 2736 diaconum
3136 2678 3255 2734 sine
3278 2692 3555 2734 commen-

1980 2777 2189 2834 datitiis
2217 2774 2415 2831 litteris
2443 2774 2607 2843 recipi
2634 2773 2819 2828 liceat.
2845 2772 2978 2826 Nam
3005 2771 3298 2841 quominus
3321 2768 3555 2837 hospitio

1980 2869 2344 2937 excipiantur,
2374 2867 2789 2934 necessariaque
2823 2863 2891 2917 ad
2919 2863 3040 2918 vitae
3070 2877 3204 2917 usus
3244 2862 3312 2915 ab
3353 2860 3443 2927 iis,
3486 2860 3556 2914 ad

1981 2976 2120 3033 quos
2146 2975 2206 3017 se
2234 2958 2539 3024 contulere,
2596 2958 3031 3029 suppeditentur,
3065 2954 3209 3011 haud
3253 2954 3509 3026 prohibet
3538 2968 3559 3009 :

1983 3056 2050 3109 ad
2079 3052 2517 3111 communionem
2547 3065 2678 3107 vero
2706 3051 2853 3121 ipsos
2877 3048 3089 3105 admitti
3127 3061 3300 3104 canon
3337 3045 3561 3102 omnino

1902 3144 1947 3206 α
1979 3153 2144 3200 velat.

1977 3235 2205 3292 ARIST.
2233 3255 2252 3290 t
2288 3235 2613 3307 Peregrinus
2662 3234 2920 3305 paciﬁcas
2950 3250 3056 3290 non
3090 3234 3324 3290 all‘erens
3360 3233 3561 3304 epistov

2334 3348 2352 3381 ι
2379 3329 2482 3392 las.
2508 3334 2616 3383 n‘on
2658 3337 2740 3383 est
2767 3327 3162 3398 suscipiendus.
3193 3346 3213 3380 ι
3346 3316 3351 3319 “

2044 3421 2221 3477 Etiam
2256 3421 2309 3477 in
2341 3420 2594 3490 plurimis
2624 3420 2929 3475 canonibus
2957 3421 3060 3475 hoc
3109 3419 3331 3481 dicitur,
3365 3430 3559 3484 nempe

1981 3530 2077 3572 eos
2134 3515 2228 3586 qui
2293 3512 2421 3569 alibi
2482 3512 2829 3575 ordinantur,
2879 3527 2987 3566 non
3040 3510 3406 3565 admittendos
3438 3523 3561 3564 esse

1975 3604 2093 3659 sine
2144 3600 2385 3673 episcopi
2432 3615 2461 3656 a
2517 3615 2626 3671 quo
2656 3600 3054 3659 ordinationem
3111 3610 3441 3671 acceperunt
3468 3598 3561 3654 lit-

1978 3696 2133 3754 teris.

2556 3785 2789 3844 CANON
2833 3785 2967 3841 Vill.

1985 3920 2004 3957 t
2044 3903 2155 3958 Nec
2200 3900 2509 3973 presbyteri
2566 3899 2659 3969 qui
2690 3908 2815 3954 sunt
2855 3898 2907 3952 in
2950 3895 3260 3966 regionibus
3286 3895 3418 3949 dent
3473 3911 3561 3949 ca-

2065 4013 2084 4047 ι
2118 3993 2343 4048 nonicas
2372 3990 2649 4062 epistolas,
2678 3990 2764 4045 vel
2798 3990 2864 4043 ad
2912 3988 3059 4044 soios
3105 3987 3312 4042 vicinos
3338 3987 3561 4057 cpisco-

2062 4107 2080 4140 ι
2117 4102 2214 4157 pos
2259 4085 2516 4156 epistolas
2567 4085 2817 4140 emittant
2855 4100 2869 4139 :
2914 4081 3293 4153 cltorepiscopi
3346 4091 3557 4147 autem,

2055 4200 2075 4236 ι
2118 4181 2249 4237 nulli
2282 4179 2687 4251 reprehensioni
2715 4179 2908 4235 afﬁnes
2938 4177 3371 4247 dentpacilicas.
3408 4196 3439 4229 ι.

2048 4363 2245 4421 BALS.
2276 4361 2521 4419 Didicisti
2552 4374 2799 4431 quaenam
2820 4369 2948 4419 sunt
2982 4360 3220 4430 paciﬁcae
3255 4359 3337 4414 vel
3365 4358 3559 4414 dimis-

292 4455 448 4508 τικαί
483 4456 796 4521 ἐπιστολαὶ,
834 4457 931 4510 καὶ
966 4456 1113 4519 τίνες
1152 4456 1502 4522 συστατικαί,
1554 4457 1611 4511 αἰ
1640 4455 1867 4526 λεγόμε-

1980 4455 2138 4510 soriae
2192 4453 2463 4524 epistolae,
2508 4461 2563 4506 et
2616 4465 2862 4520 quaenam
2903 4458 3031 4507 sunt
3079 4450 3556 4513 commendatitiae,

168 4608 179 4619 θ
294 4563 384 4598 ναι
419 4547 513 4600 καὶ
545 4545 853 4600 κανονικαί.
897 4547 1052 4599 Ἑπεί
1098 4546 1157 4600 δέ
1188 4563 1334 4611 τινες
1358 4548 1680 4602 διετείνοντο
1709 4544 1872 4602 δύνα-

298 4635 420 4688 σθαι
464 4639 591 4700 τοὺς
634 4640 693 4692 ἐν
724 4641 845 4701 ταῖς
890 4638 1097 4710 χώραις
1126 4640 1557 4712 πρεσϐυτέρους,
1590 4643 1710 4713 ἦτοι
1740 4645 1868 4707 τοὺς

297 4727 765 4793 πρωτοπαπάδας,
808 4730 1010 4783 διδόναι
1057 4730 1342 4801 εἰρηνικὰς
1394 4733 1709 4800 ἐπιστολὰς,
1763 4736 1869 4789 κᾶν

295 4815 433 4884 πρὸς
463 4822 588 4882 τοὺς
618 4820 867 4885 γείτονας
896 4823 1254 4890 ἐπισκόπους,
1286 4824 1374 4877 διὰ
1404 4824 1466 4878 τὸ
1501 4825 1578 4897 μὴ
1614 4827 1867 4897 μετέχειν

293 4905 497 4972 αὐτοὺς
547 4909 759 4964 δικαίου
816 4911 963 4976 τινὸς
1016 4914 1375 4985 χειροτονίας,
1409 4915 1525 4969 ἀλλ’
1582 4917 1869 4982 εὐσεϐείας

294 4998 389 5051 καί
443 5000 837 5073 Χριστιανικῆς
889 5006 1213 5069 κοινωνίαςο
1259 5006 1470 5078 ὥρισαν
1530 5009 1578 5061 οἰ
1626 5008 1869 5078 Πατέρες

292 5092 390 5145 καὶ
423 5092 630 5160 ταύτας
664 5097 821 5169 παρὰ
852 5098 994 5171 μόνῃ
1024 5101 1090 5171 τῇ
1123 5101 1458 5171 ἐπισκοπικῇ
1488 5098 1706 5171 ἐξουσίᾳ
1730 5100 1868 5153 ἀνα·

1979 4562 2099 4616 quae
2152 4546 2405 4600 dicuntur
2450 4551 2505 4597 et
2554 4542 2853 4597 canonicae.
2898 4541 3034 4611 Quia
3077 4550 3258 4595 autem
3314 4540 3555 4598 nonnulli

1979 4636 2318 4701 asserebant,
2374 4634 2741 4704 presbyteros,
2792 4632 2883 4701 qui
2947 4640 3072 4687 sunt
3136 4631 3190 4685 in
3249 4630 3560 4701 regionibus

1979 4743 2076 4785 seu
2104 4736 2452 4796 protopapas.
2480 4725 2609 4779 dare
2630 4739 2788 4794 posse
2810 4724 3066 4793 epistolas
3097 4724 3375 4793 pacilicas,
3395 4724 3556 4776 etiam

1979 4820 2045 4873 ad
2070 4819 2280 4873 vicinos
2324 4817 2642 4887 episcOpos;
2673 4831 2738 4870 eo
2767 4818 2911 4885 quod
2968 4815 3070 4886 ipsi
3132 4832 3238 4870 non
3301 4815 3561 4868 haberent

1967 4910 2056 4980 jus
2080 4907 2296 4980 aliquod
2321 4906 2699 4974 ordinationis,
2727 4908 2821 4963 sed
2856 4907 3074 4977 pietatis
3130 4916 3184 4961 et
3232 4904 3556 4960 Christianas

1974 5001 2376 5058 communionis
2403 5009 2739 5057 :statuerunt
2761 5000 2949 5056 Patres
2971 5014 3063 5055 eas
3094 5013 3313 5069 quoque
3342 4998 3471 5051 dare
3500 4996 3554 5050 in

1975 5096 2144 5153 solius
2183 5093 2423 5165 episcopi
2457 5102 2728 5164 potestate
2748 5106 2868 5150 esse
2905 5090 3272 5163 situm.438
3298 5089 3559 5160 Chorepi-
3659 5121 3668 5129 -

1512 5234 1701 5308 Guill,
1735 5232 2059 5312 Beveregii
2089 5238 2281 5295 notos.

264 5414 285 5427 ,μ
368 5363 482 5434 (46)
530 5361 680 5429 Τοὺς
725 5359 796 5415 δὲ
838 5358 1294 5434 ἀνεπιλήπτους
1346 5358 1864 5434 χωρεπι-σκόπρυς.

308 5430 751 5501 Hartnenopolus
779 5444 950 5487 latum
986 5432 1130 5485 hunc
1176 5444 1441 5484 canonem
1472 5432 1521 5501 iu
1560 5430 1700 5485 hanc
1736 5430 1867 5501 Epi-

294 5512 475 5558 lmnen
502 5500 741 5567 redegit:
765 5501 1233 5572 Χωρεπισκόπους
1260 5500 1551 5572 κανονικάς
1582 5500 1873 5572 ἐπιστολὰς

297 5574 509 5639 διδότω,
544 5569 957 5639 ϐΙιονρρίδσοριιδ
997 5572 1279 5625 canonicos
1311 5570 1560 5638 epistolas
1602 5570 1755 5632 dato,
1782 5569 1874 5623 cui

296 5646 494 5712 duplex
532 5645 798 5698 scholium
832 5638 1139 5711 s'ubjicitur.
1176 5640 1418 5712 Primum
1452 5640 1668 5712 quidem
1703 5638 1873 5712 :Xm-

302 5709 627 5783 ρεπίσκοποι
654 5716 704 5768 οἰ
733 5712 829 5767 νῦν
863 5709 1146 5783 λεγόμενοι
1168 5711 1409 5783 ἔξαρχοι,
1441 5710 1551 5783 εἴτε
1582 5709 1868 5783 πατριάρ-

306 5780 400 5856 χου
450 5786 607 5852 εἰσὶν,
659 5785 769 5839 είτε
809 5781 1238 5855 μητροπολίτουο
1272 5780 1671 5852 ΌΙιονευίισορξ
1723 5786 1867 5849 sunt,

1972 5358 2065 5428 qui
2109 5374 2248 5412 nunc
2323 5367 2583 5413 vocantur
2644 5353 2883 5428 exure/ii,
2932 5354 3040 5408 sive
3087 5353 3158 5428 at!
3193 5351 3554 5424 patriarcham

1972 5424 2295 5499 pertineant,
2329 5431 2437 5499 sive
2461 5430 2530 5482 ad
2554 5424 3047 5499 metropolitanum.
3078 5426 3322 5499 Alterum
3362 5432 3546 5478 autem

1969 5493 2052 5555 sic
2083 5513 2141 5552 se
2170 5499 2366 5552 habet:
2386 5498 2445 5554 Ὀ
2469 5498 2524 5550 δὲ
2544 5498 2605 5551 ιδ’
2636 5493 2735 5566 τῆς
2754 5494 2938 5566 ζἰοὑδέ
2972 5493 3329 5561 ἀναγνώστας
3374 5511 3551 5566 χειρο.

1969 5570 2146 5621 τονείν
2180 5568 2416 5629 δίδωσιν,
2462 5569 2512 5621 εἰ
2549 5568 2621 5637 μὴ
2683 5565 2813 5620 κατ’
2861 5566 3168 5637 ἐπιτροπὴν
3211 5565 3541 5623 ἐπισκόπου.

1974 5638 2162 5694 Canon
2210 5655 2326 5692 vero
2377 5639 2445 5693 Η
2480 5636 2671 5707 synodi
2701 5637 2733 5690 8
2789 5652 2953 5705 neque
2996 5636 3214 5689 lectores
3253 5646 3309 5688 ut
3343 5637 3553 5690 ordinet

1977 5707 2413 5839 iChorepiscopo]
2482 5709 2764 5773 concedit,
2825 5708 2930 5761 nisi
2990 5708 3250 5775 permissu
3290 5708 3548 5778 'ept'swpt'.

2003 5781 2311 5839 larmenon.
2355 5780 2498 5839 Epit.
2529 5794 2655 5837 can.
2697 5790 2833 5838 seet.
2868 5778 2916 5839 l,
2944 5779 3027 5834 tit.
3068 5778 3122 5835 9.

2003 5778 2311 5853 larmenop.
2355 5778 2498 5852 Epit.
2529 5794 2655 5837 can.
2697 5790 2833 5838 seet.
2868 5778 2916 5846 l,
2944 5779 3027 5834 tit.
3068 5778 3122 5835 9.
