3958 6242
496 326 637 389 129‘)
1556 352 1561 359 '
1758 335 2039 401 ΤΗΕΟΙ).
2078 338 2484 403 BALSAMON
3652 351 3806 417 κειιο

495 440 677 508 scopis
708 448 886 495 autem
915 440 987 496 ab
1014 441 1162 503 οιηηί
1209 444 1632 525 reprehensione
1681 444 1900 511 alienis.
1936 464 2053 519 quo.

2203 451 2419 509 εεϊσθαι.
2451 454 2575 517 Τοῖς
2600 453 2660 509 δὲ
2690 454 3084 527 ἀνεπιλήπτως
3127 462 3623 529 χωρεπισκόποις,
3664 467 3805 536 ἦτοι

497 549 616 587 rum
665 533 871 589 scilicet
927 534 1258 589 existimatio
1317 535 1462 591 nulla
1521 538 1903 607 accusatione,
1952 556 2053 610 qua

2203 547 2291 608 τοῖς
2326 546 2402 617 μὴ
2435 547 2543 601 ὑπὸ
2569 549 2811 603 αίτίασιν
2843 551 3182 623 σπιλωτικὴν
3215 554 3555 627 ὑπολήψεως
3596 533 3806 612 αὐτῶν

494 628 669 684 labem
704 626 914 692 aﬂ‘erat,
970 635 1175 683 tentata
1229 636 1333 694 est,
1393 642 1711 684 concessum
1752 641 1835 686 est
1861 640 1919 686 et
1943 632 2053 686 dari

2203 640 2516 707 ἐνομένοις,
2558 640 2776 713 ἐνεδόθη
2827 644 3114 714 εἰρηνικὰς
3152 626 3383 701 διδόναι
3414 650 3757 714 ἐπιστολάς
3783 667 3800 681 ·

493 721 703 775 litteras
742 720 1035 790 paciﬁcas;
1085 720 1213 790 quia
1238 721 1321 777 eis
1364 720 1472 777 alia
1521 736 1739 794 quoque
1785 721 2053 792 privilegi:

2206 746 2260 783 τι
2297 732 2393 786 καὶ
2422 732 2560 789 ἄλλα
2588 736 2860 807 προνόμια
2888 736 3101 801 τούτοις
3137 739 3663 813 ἐφιλοτιμήθησαν.

489 819 611 869 data
645 826 791 869 sunt.

559 905 813 961 ZONAR.
843 906 1241 962 Canonicarum
1292 908 1641 977 epistularum
1673 908 1891 965 nomine
1919 923 2053 964 com

2246 912 2491 967 ΖΩΝᾹΡ.
2520 915 2831 979 Κανονικάς
2857 918 3150 982 ἐπιστολὰς
3171 921 3274 984 τὰς
3297 923 3664 985 συστατικὰς
3688 925 3797 978 καὶ

2174 1004 2455 1074 εἰρηνικὰς
2477 1005 2756 1076 ὀνομάζει.
2786 1008 2945 1073 Τίνες
2976 1010 3033 1063 δέ
3054 1014 3192 1066 εἰσιν
3224 1016 3535 1084 εἰρηνικαὶ,
3565 1018 3684 1070 καὶ
3709 1020 3795 1069 τί-

2174 1112 2262 1157 νες
2298 1097 2622 1151 συστατικαὶ
2645 1100 2739 1152 καὶ
2774 1100 2875 1171 ἤδη
2909 1101 3147 1171 εἴρηται.
3182 1103 3402 1168 Ταύτας
3426 1105 3492 1160 δὲ
3519 1110 3577 1162 οἱ
3606 1125 3792 1170 προε-

2144 1200 2147 1207 ’
2174 1185 2377 1250 στῶτες
2409 1187 2518 1240 τῶν
2542 1188 2852 1259 ἐκκλησιῶν
2890 1192 3150 1259 διδόασιν,
3206 1196 3269 1250 οὐ
3296 1196 3487 1267 μέντοι
3514 1202 3789 1269 #:92965-

485 1289 593 1332 tem
625 1292 654 1331 a
683 1275 1038 1348 presbyteris,
1066 1289 1164 1331 nec
1187 1274 1255 1329 ab
1279 1275 1362 1341 iis,
1388 1275 1479 1343 qui
1508 1284 1629 1329 sunt
1657 1273 1708 1328 in
1730 1273 2053 1345 regionibus,

2206 1295 2342 1348 εροι,
2366 1281 2488 1334 οὐδὲ
2517 1282 2564 1334 οἱ
2594 1282 2652 1336 ἐν
2670 1285 2790 1347 ταῖς
2812 1283 3018 1356 χώραις
3041 1286 3173 1340 ἔνθα
3196 1290 3270 1357 μὴ
3295 1290 3568 1359 συχνάζει
3596 1296 3632 1345 ὸ
3658 1295 3789 1347 ἐπέ-

482 1386 510 1423 a
544 1370 744 1439 quibus
766 1379 825 1422 ut
860 1367 1147 1438 plurimum
1201 1368 1389 1423 abesse
1418 1366 1595 1421 solent
1648 1365 1909 1436 episcopi,
1941 1362 2053 1417 dari

2208 1390 2395 1438 κοπος.
2415 1376 2476 1430 Οί
2498 1376 2557 1430 δὲ
2575 1379 3006 1448 χωρεπίσκοποι,
3027 1381 3075 1433 εί
3098 1381 3459 1453 ἀνεπίληπτοι
3482 1387 3627 1450 εἱσι,
3654 1405 3787 1441 του-

480 1473 834 1513 consuevere.
865 1456 1287 1527 Cliorepiseopis
1339 1464 1517 1510 autem
1566 1455 1634 1509 ab
1674 1455 1820 1508 omni
1883 1451 2053 1521 suspi-

2204 1464 2350 1519 ἐστιν
2375 1466 2627 1533 ἀναίτιοι,
2673 1469 2748 1540 μή
2786 1487 2931 1534 τινος
2964 1471 3147 1548 αἰτίας
3192 1451 3323 1526 κατέ
3356 1474 3550 1529 αὐτῶν
3596 1476 3783 1548 οὖα-τῖς

478 1553 638 1606 cinne
692 1550 911 1615 alienis,
971 1563 1208 1619 quorum
1265 1547 1477 1602 scilicet
1530 1544 1867 1601 exiSLimatio
1914 1542 2053 1597 nulla

2208 1556 2468 1629 πιλούσης
2490 1559 2620 1623 ἴσως
2644 1560 2745 1632 τὴν
2776 1561 2983 1615 τούτων
3003 1544 3297 1633 δπόληψιν,
3319 1565 3592 1623 δύνανται
3625 1542 3777 1624 διδόέ

480 1643 726 1698 criminis
782 1641 906 1696 labe
958 1640 1228 1696 maculata
1281 1646 1398 1703 est,
1466 1637 1719 1707 paciﬁcas
1786 1633 2053 1691 tribuendi

2203 1667 2257 1703 αι
2287 1649 2607 1720 εἰρηνικάς*
2646 1654 2772 1706 ἐπεὶ
2822 1658 2941 1718 τοῖς
2986 1658 3431 1728 χωρεπισκόποις
3470 1662 3575 1714 καὶ
3630 1662 3777 1717 ἄλλα

479 1738 626 1807 (nam
686 1734 791 1789 alia
829 1748 1047 1805 quoque
1090 1730 1497 1801 ehorepiscopis
1550 1728 1830 1798 privilegia
1864 1740 2053 1781 conce-

2203 1741 2443 1811 :pov6p.ta
2503 1743 2780 1798 δὲδονταν
2833 1745 2971 1818 πρὸς
3006 1747 3209 1819 μόνους
3247 1750 3307 1803 δὲ
3333 1753 3465 1814 τοὺς
3500 1752 3772 1820 γείτονας
3846 1741 3857 1750 ⁸

479 1827 705 1900 duntur)
754 1829 820 1881 ad
874 1826 1020 1882 solos
1080 1834 1258 1880 tamen
1287 1823 1495 1879 vicinos
1550 1820 1835 1890 episcopos
1879 1824 1934 1873 et
1967 1817 2053 1887 qui

2203 1833 2502 1897 πισκόπους
2539 1834 2781 1903 πέμπειν
2827 1816 3113 1909 εἰρηνικάς
3171 1842 3471 1907 ἐπιστολὰς
3514 1816 3765 1911 δέδοται,

479 1930 610 1976 sunt
631 1921 685 1974 in
710 1918 861 1990 pagis
878 1916 1251 1989 presbyteros,
1274 1931 1379 1970 non
1406 1912 1475 1967 ad
1500 1927 1593 1968 eos
1610 1911 1698 1982 qui
1723 1909 2053 1980 longioribus

2204 1923 2262 1978 al.
2287 1925 2399 1988 τοῖς
2434 1926 2494 1979 ἐν
2527 1928 2651 1989 ταῖς
2685 1925 2897 1999 χώραις
2924 1912 3343 2003 πρεσϐυτέροις,
3382 1934 3446 1987 οὗ
3482 1935 3587 2005 μὴν
3610 1909 3765 2008 πρὸς

480 2012 785 2068 intervallis
839 2008 1095 2078 disiuncti
1158 2017 1317 2074 sunt,
1366 2019 1539 2062 canon
1586 2003 1899 2061 facultatem
1942 2016 2053 2057 esse

2203 2015 2294 2079 οὺς
2327 2017 2665 2088 περαιτέρω.

488 998 818 1055 mendatitize
849 998 1193 1068 pacificaeque
1225 998 1324 1053 hoc
1371 999 1490 1055 loco
1520 1001 1909 1070 intelliguntur.
1939 998 2069 1065 Quae

485 1108 613 1148 vero
634 1094 742 1147 sint
753 1091 987 1161 paeiﬁcm
1008 1090 1460 1161 epistolmmuzeve
1477 1090 1941 1152 commendatitize,
1956 1088 2064 1155 iam

483 1186 737 1238 diximus.
775 1181 865 1237 Ιίιε
904 1195 1032 1236 vero
1059 1197 1089 1234 a
1122 1180 1393 1250 przefectis
1423 1181 1798 1246 ecclesiarum,
1831 1196 1935 1236 non
1960 1195 2059 1236 au-

479 2106 749 2162 decernit.

475 2195 707 2253 AlllST.
768 2215 787 2249 ι
817 2194 1107 2266 Presbyter
1146 2192 1258 2248 ruri
1310 2192 1511 2261 degens
1537 2202 1831 2245 eanomcas
1875 2203 1942 2243 ne
1971 2189 2062 2242 det

541 2310 561 2344 ι
600 2288 880 2361 epistolas,
924 2286 1005 2343 vel
1030 2286 1222 2342 saltem
1256 2283 1322 2339 ad
1352 2284 1590 2338 vicinum
1615 2289 1827 2336 tantum
1854 2280 2062 2351 episco-

540 2401 559 2433 ι
594 2395 751 2451 pum.
782 2397 803 2430 ι

547 2495 691 2552 Solis
726 2493 998 2564 episcopis
1038 2501 1096 2547 et
1147 2489 1557 2560 cborepiscopis
1593 2487 1890 2559 lneulpatis
1927 2502 2056 2558 per-

476 2589 709 2646 mittitur
748 2589 964 2644 clericis
993 2586 1243 2657 parmcia:
1272 2600 1384 2641 sua;
1405 2597 1630 2654 peregre
1659 2580 1926 2653 prolieisci
1961 2593 2055 2635 vo-

474 2681 714 2737 lentibus
759 2678 1053 2735 canonieas
1091 2676 1225 2731 dare
1275 2673 1573 2744 epistolas:
1607 2680 1665 2726 at
1700 2669 2054 2740 presbyteris,

472 2772 680 2844 primas
713 2770 768 2826 in
822 2770 1047 2841 regione
1080 2766 1312 2824 forsitan
1348 2773 1531 2836 partes
1589 2762 1922 2828 tenentibus,
1954 2762 2057 2816 hoc

472 2881 583 2922 non
617 2867 793 2922 decet.
822 2863 905 2918 Ad
941 2861 1181 2917 vicinum
1214 2866 1393 2914 autem
1418 2859 1734 2929 episcopum
1765 2855 1832 2911 de
1858 2854 2056 2909 talibus

430 2954 443 2965 “
471 2960 689 3015 clericis
727 2957 992 3021 scribere,
1045 2965 1103 3012 et
1149 2952 1573 3015 ordinationem,
1631 2963 1698 3004 ac
1757 2947 1943 3012 iidem,
1989 2957 2055 3000 ac

469 3053 791 3124 opinionem
838 3061 1026 3107 eorum
1061 3055 1250 3103 notam
1289 3042 1473 3100 facere
1514 3041 1678 3097 etiam
1708 3037 1815 3094 illis
1854 3048 2052 3092 conce'

470 3148 637 3204 ditur.

1084 3362 1319 3423 CANON
1350 3362 1440 3418 IX.

478 3508 495 3540 ι
533 3486 852 3556 Episcopus,
877 3481 968 3554 qui
993 3490 1122 3537 sunt
1152 3481 1203 3534 in
1233 3491 1558 3549 unaquaque
1586 3474 1887 3545 provincia,
1915 3472 2057 3529 scire

546 3598 565 3630 ι
605 3585 823 3646 oportet
880 3575 1193 3645 episcopum
1246 3576 1336 3642 qui
1388 3579 1586 3641 praeest
1652 3566 1961 3639 metropoli,
2002 3575 2057 3621 et

550 3692 569 3724 ι
606 3686 795 3726 curam
829 3671 1111 3739 suscipere
1160 3668 1329 3724 totius
1359 3663 1654 3736 provinciae
1683 3679 1698 3716 :
1733 3677 1799 3717 eo
1831 3660 1972 3731 quod
2001 3658 2053 3713 in

550 3785 569 3818 ι
613 3762 961 3832 metropolim
1022 3761 1381 3830 undeqnaque
1431 3763 1770 3813 concurrunt
1834 3766 2053 3812 omnes.

549 3878 573 3913 ι
611 3857 702 3929 qui
738 3856 939 3911 habent
969 3853 1205 3924 negotia.
1240 3849 1395 3906 Unde
1427 3849 1601 3902 visum
1634 3854 1740 3910 est,
1773 3858 1894 3899 eum
1921 3857 2054 3911 quo-

552 3968 570 4005 ς
605 3948 931 4020 ςυοςιιοηοτο
955 3944 1293 4015 praecedere;
1316 3940 1556 4010 reliquos
1573 3936 2054 4005 autem’episcopos

556 4063 573 4095 ι
615 4040 753 4097 nihil
782 4038 965 4111 magni
993 4035 1254 4093 momenti
1276 4030 1494 4103 aggredi
1527 4030 1650 4084 sine
1681 4028 1822 4098 ipso,
1858 4034 1917 4079 ut
1941 4024 2054 4077 vult

542 4159 559 4187 ι
596 4134 895 4204 antiquior,
954 4130 1047 4200 qui
1116 4128 1354 4184 obtinuit
1415 4141 1447 4180 e
1506 4121 1761 4178 Patribus
1828 4118 2049 4182 nostris,

542 4248 560 4280 ι
596 4242 816 4283 canon:
869 4224 956 4280 vel
1012 4238 1076 4278 ea
1124 4222 1260 4286 sola,
1319 4234 1439 4288 qua:
1488 4218 1555 4272 ad
1620 4211 2053 4281 uniuscujusque

544 4337 562 4368 ι
597 4317 893 4387 parteeiam
916 4312 1228 4373 conferunt,
1248 4309 1567 4375 et'regiones
1589 4319 1707 4374 quae
1729 4303 1779 4358 ei
1801 4302 2050 4356 subsunt.

544 4431 563 4475 ι
606 4407 1058 4478 Unutnquemque
1109 4402 1255 4459 enim
1317 4400 1634 4472 episcopum
1691 4399 1895 4453 habere
1940 4411 2050 4451 sine

2161 2194 2389 2251 ΑΡΙΣΤ.
2430 2215 2449 2248 ι
2504 2195 2564 2251 '0
2618 2196 2712 2250 ἐπὶ
2749 2196 2935 2270 χώρας
2996 2200 3373 2271 πρεσϐύτερος
3429 2202 3509 2272 μὴ
3559 2203 3756 2257 διδότω

2239 2308 2258 2341 ι
2307 2291 2605 2354 κανονικάς
2663 2291 3017 2365 ἐπιστολάςῆ
3053 2294 3192 2365 πρὸς
3227 2295 3394 2366 μόνον
3443 2296 3755 2350 ἐπίσκοπον

2236 2400 2255 2436 ι
2302 2382 2542 2451 γείτονα.
2595 2404 2614 2438 ι

2231 2495 2433 2559 Μόνοις
2482 2499 2598 2559 τοῖς
2652 2497 2981 2561 ἐπισκόποις
3032 2498 3129 2551 καὶ
3181 2499 3296 2560 τοῖς
3344 2498 3750 2569 ἀνεπιλήπτως

2161 2587 2603 2657 χωρεπισκόποις
2637 2588 2853 2656 ἐφεῖται
2902 2588 3199 2651 κανονικὰς
3259 2588 3466 2642 διδόναι
3524 2590 3750 2642 ἐπιστο-

2159 2677 2261 2741 λὰς
2295 2680 2407 2741 τοῖς
2460 2678 2685 2750 μακρὰν
2733 2679 3092 2750 ἀποδημῆσαι
3128 2680 3344 2733 θέλουσι
3390 2683 3495 2749 τῆς
3535 2681 3751 2733 ἑαυτῶν

2160 2768 2459 2839 παροικίας
2484 2768 2803 2839 κληρικοίςο
2836 2769 3235 2841 πρεσϐυτέροις
3264 2769 3342 2831 δέ,
3376 2773 3495 2832 τοῖς
3528 2772 3622 2823 ἐπὶ
3648 2770 3752 2839 χώ-

2161 2877 2261 2931 ρας
2296 2861 2428 2924 ῐσως
2460 2862 2834 2931 πρωτεύουσι.
2867 2862 2932 2916 τὸ
2961 2862 3262 2931 προνόμιον
3286 2861 3448 2914 τοῦτο
3474 2863 3578 2915 οὑκ
3610 2864 3751 2930 ἀνή-

2158 2968 2267 3008 κει.
2304 2952 2453 3021 Πρὸς
2497 2951 2560 3006 δὲ
2607 2953 2907 3008 ἐπίσκοπον
2947 2954 3169 3022 γείτονα
3198 2954 3437 3022 γράφειν
3470 2955 3605 3023 περὶ
3633 2955 3752 3007 τῶν

2157 3042 2420 3096 τοιούτων
2464 3041 2744 3113 κληρικῶν
2776 3046 2873 3099 καὶ
2923 3045 3180 3115 συνιστᾷν
3223 3045 3323 3113 τὴν
3374 3046 3747 3115 χειροτονίαν,

2080 3163 2125 3225 c
2161 3135 2258 3188 καὶ
2286 3135 2388 3225 τὴν
2418 3137 2625 3201 πίστιν,
2658 3139 2754 3192 καὶ
2784 3138 2887 3208 τὴν
2914 3137 3190 3209 ὑπόληψιν
3230 3138 3438 3204 αὐτῶν,
3486 3141 3592 3194 καὶ
3622 3156 3752 3209 cur.

2159 3224 2475 3298 κεγώρηται
2505 3227 2603 3281 καὶ
2634 3228 2846 3292 αὐτοῖς.

2763 3369 2807 3423 Κ
2819 3369 3005 3425 ΑΝΩΝ
3053 3371 3133 3425 8’.

2163 3499 2196 3531 ι.
2230 3480 2370 3545 Τοὺς
2396 3481 2523 3535 καθ’
2554 3482 2795 3555 ἐκάστην
2833 3484 3109 3556 ἐπαρχίαν
3141 3485 3485 3551 ἐπισκόπους
3544 3488 3745 3541 εἰδέναι

2234 3592 2251 3627 ι
2299 3574 2407 3646 χρὴ
2437 3574 2530 3629 τὸν
2555 3575 2612 3628 ἐν
2656 3578 2723 3648 τῇ
2762 3580 3100 3647 μητροπόλει
3135 3579 3463 3650 προεστῶτα
3514 3582 3743 3634 iniam.

2238 3684 2256 3718 ι
2303 3684 2427 3732 πον,
2460 3670 2553 3721 καὶ
2588 3668 2689 3739 τὴν
2720 3670 2982 3740 φροντίδα
3027 3671 3385 3742 ἀναδέχεσθαι
3418 3674 3611 3741 πάσης
3641 3672 3740 3740 τῆς

2234 3777 2253 3810 ι
2300 3760 2575 3834 ἐπαρχίας
2594 3775 2609 3791 ο
2640 3761 2730 3819 διὰ
2759 3761 2820 3814 τὸ
2850 3763 2908 3815 ἐν
2930 3764 2998 3833 τῇ
3030 3763 3363 3834 μητροπόλει
3392 3764 3741 3833 πανταχόθεν

2235 3868 2254 3901 ι
2301 3853 2617 3923 συντρέχειν
2654 3853 2865 3918 πάντας
2896 3855 3023 3918 τοὺς
3045 3856 3116 3909 τὰ
3148 3854 3454 3925 πράγματα
3488 3855 3740 3926 ἔχοντας,

2234 3962 2253 3995 ι
2302 3942 2466 3999 Ὀθεν
2508 3945 2655 4012 ἔδοξε
2690 3946 2785 4001 καὶ
2832 3950 2899 4017 τῇ
2944 3950 3081 4019 τιμῇ
3138 3950 3513 4018 προηγεῖσθαι
3556 3951 3741 4011 αὑτὸν,

2234 4052 2253 4085 ι
2300 4036 2470 4105 μηδέν
2494 4052 2555 4089 τε
2589 4037 2857 4109 πράττειν
2888 4040 3150 4107 περιττὸν
3182 4041 3311 4104 τοὺς
3339 4042 3576 4105 λοιποὶις
3625 4045 3746 4094 ἐπι-

2236 4142 2255 4177 t
2304 4126 2543 4191 σκόπους
2593 4128 2726 4182 ἄνευ
2778 4129 2969 4194 αὐτοῦ,
3038 4132 3181 4185 κατὰ
3229 4132 3323 4185 τὸν
3375 4132 3742 4203 ἀρχαιότερον

2234 4232 2253 4266 ι
2299 4218 2654 4286 κρατήσαντα
2707 4218 2777 4271 ἐκ
2824 4218 2937 4271 τῶν
2974 4218 3239 4289 Πατέρων
3290 4220 3451 4289 ἡμῶν
3496 4224 3738 4273 κανόνα·

2230 4326 2249 4361 ι
2296 4307 2326 4378 ἢ
2358 4308 2528 4362 ταῦτα
2566 4308 2703 4376 μόνα
2735 4310 2837 4365 ὅσα
2865 4313 2933 4383 τῇ
2971 4311 3207 4365 ἑκάστου
3251 4310 3539 4365 ἐπιϐάλλει
3589 4330 3739 4382 παρ-

2230 4417 2248 4451 ι
2288 4398 2454 4473 οικίᾳ,
2490 4400 2585 4454 καὶ
2643 4403 2764 4465 ταῖς
2818 4402 2909 4454 ὑπ’
2963 4402 3133 4473 αὐτὴν
3198 4403 3427 4473 χώραις.
3465 4404 3741 4457 Ἕκαπον

544 4525 560 4554 ι
601 4502 854 4574 ρετωεὶιο
906 4506 1256 4570 potestatem,
1287 4504 1341 4550 et
1367 4491 1754 4549 administrare
1801 4503 1899 4560 pro
1933 4486 2052 4544 uni—

2235 4510 2254 4544 ι
2300 4492 2410 4561 γὰρ
2440 4491 2744 4547 ἐπίσκοπον
2778 4493 3029 4558 ἐξουσίαν
3066 4494 3213 4565 ἔχειν
3242 4495 3343 4563 τῆς
3373 4495 3584 4548 ἐαυτοῦ
3638 4514 3740 4547 παν

538 4616 556 4648 ι
583 4596 779 4665 cuique
814 4593 1180 4649 conveniente
1223 4588 1501 4658 religione,
1530 4595 1587 4641 et
1617 4584 1780 4639 totius
1817 4580 2052 4652 regionis

544 4706 567 4739 ι
600 4700 720 4755 qua:
746 4700 858 4738 sum
894 4683 1014 4737 urbi
1048 4682 1255 4746 subest,
1293 4693 1479 4732 curam
1519 4690 1730 4747 gerere.
1764 4673 1837 4730 Ut
1885 4673 2048 4729 etiam

540 4798 555 4825 ι
594 4774 812 4831 ordinet
836 4771 1187 4844 presbyteros
1212 4777 1267 4824 et
1308 4768 1595 4831 diaconos,
1632 4773 1689 4820 et
1712 4775 2049 4833 unaquaeque

542 4889 560 4921 ι
601 4882 724 4925 cum
752 4864 955 4936 iudicio
979 4870 1205 4927 tractet;
1241 4870 1295 4916 et
1322 4857 1457 4914 nihil
1483 4855 1829 4926 ultra‘Jacere
1858 4869 2047 4925 aggre-

546 4982 569 5017 ι
599 4962 800 5025 diatur,
834 4958 953 5013 sine
981 4954 1402 5025 metropolitano
1424 4950 1703 5022 episcopo,
1730 4961 1905 5018 neque
1933 4945 2049 5017 ipse

546 5075 565 5107 ι
603 5054 723 5111 sine
753 5051 1088 5125 reliquorum
1118 5046 1407 5104 sententia.
1442 5062 1467 5096 ι

540 5320 736 5376 BALS.
793 5320 924 5387 Quae
977 5335 1029 5371 ιιι
1092 5315 1343 5387 praesenti
1400 5325 1609 5368 canone
1672 5300 2067 5376 continentur,

450 5388 709 5480 exposita
758 5420 886 5465 sunt
940 5408 994 5464 in
1050 5421 1257 5463 canone
1312 5401 1611 5476 apostolico
1660 5400 1773 5467 54,
1826 5408 1881 5455 et
1930 5400 2047 5470 lege

466 5520 612 5557 cum.

540 5592 791 5649 ZONAR.
818 5594 1079 5661 Quamvis
1113 5607 1218 5646 non
1262 5590 1455 5644 iisdem
1491 5588 1715 5642 omnino
1739 5586 1921 5643 verbis
1956 5586 2048 5641 hic

468 5700 641 5739 canon
674 5694 907 5749 constet,
959 5685 1003 5739 si
1043 5693 1221 5738 tamen
1271 5682 1607 5737 sententiam
1648 5689 1889 5749 spectes,
1921 5693 2042 5732 cuin

469 5777 763 5851 apostolico
824 5790 1032 5834 canone
1089 5773 1365 5831 tricesimo
1427 5782 1620 5843 quarto
1684 5772 1737 5828 in
1790 5771 2044 5830 omnibus

2233 4600 2253 4634 ι
2299 4581 2512 4654 ροικίας
2564 4582 2790 4637 διοικεῖν
2821 4601 2880 4637 τε
2912 4581 3058 4637 κατά
3088 4583 3189 4653 τὴν
3237 4582 3455 4653 ἑκάστῳ
3513 4586 3743 4639 ἐπιϐάλ-

2232 4694 2251 4726 ι
2298 4674 2504 4729 λουσαν
2531 4674 2847 4741 εὐλάϐειαν,
2894 4674 2991 4729 καὶ
3025 4675 3288 4745 πρόνοιαν
3320 4676 3609 4728 ποιεῖσθαι
3643 4675 3740 4728 πά-

2231 4784 2251 4817 ι
2301 4784 2399 4837 σης
2427 4766 2529 4836 τῆς
2558 4765 2742 4837 χώρας
2769 4767 2868 4836 τῆς
2903 4767 3009 4820 ὑπὸ
3036 4767 3135 4838 τὴν
3169 4760 3366 4820 ἑαυτοῦ
3421 4766 3607 4819 πόλιν·
3666 4769 3736 4829 ὡς

2223 4878 2242 4912 ι
2291 4860 2387 4912 καὶ
2429 4860 2761 4931 χειροτονεῖν
2826 4858 3239 4932 πρεσϐυτέρους
3288 4858 3381 4912 καὶ
3429 4859 3733 4923 διακόνους,

2230 4970 2249 5004 ι
2288 4952 2385 5006 καὶ
2438 4952 2578 5021 μετά
2627 4951 2866 5023 κρίσεως
2898 4951 3108 5006 ἐκαστα
3164 4950 3605 5020 διαλαμϐάνειν
3641 4970 3731 5004 πε-

2232 5061 2251 5095 ι
2301 5044 2539 5113 ραιτέρω
2567 5044 2625 5097 δὲ
2657 5044 2823 5114 μηδὲν
2852 5044 3117 5115 πράττειν
3154 5044 3459 5114 ἐπιχειρεῖν
3485 5042 3618 5113 δίχα
3650 5041 3730 5095 τοξ

2234 5155 2255 5188 ι
2299 5137 2400 5206 τῆς
2425 5135 2815 5207 μητροπόλεως
2837 5137 3170 5201 ἐπισκόπου,
3224 5134 3363 5208 μηδὲ
3392 5135 3571 5189 αὑτὸν
3608 5137 3723 5189 ἄνευ

2229 5246 2249 5280 ι
2293 5228 2395 5299 τῆς
2424 5228 2534 5282 τῶν
2566 5228 2769 5282 λοιπῶν
2798 5230 3050 5300 γνώμης.
3090 5248 3112 5282 ι

2224 5322 2421 5376 ΒΑΛΣ.
2456 5322 2538 5375 Τὰ
2566 5322 2664 5375 τοῦ
2713 5322 2983 5393 παρόντος
3032 5322 3258 5388 κανόνος
3296 5323 3715 5396 ήρμηνεύθησατ

2152 5414 2211 5467 ἐν
2244 5413 2320 5485 τῷ
2356 5412 2430 5467 λό’
2456 5413 2801 5485 ἀποστολικῷ
2838 5416 3046 5483 κανόνι,
3076 5417 3171 5469 καὶ
3204 5415 3490 5486 ἀνάγνωθι
3524 5419 3708 5473 τοῦτοδ-

2225 5590 2468 5645 ΖΩΝΑΡ.
2507 5592 2570 5644 El
2600 5592 2697 5645 καὶ
2736 5590 2810 5662 μὴ
2861 5594 2974 5657 τοῖς
3008 5594 3222 5664 ῥήμασι
3252 5593 3436 5647 διόλου
3492 5598 3521 5651 ό
3556 5592 3703 5647 κατιὼν

2151 5672 2306 5742 οὗτος
2341 5679 2780 5750 ἀπαραλλάκτως
2813 5680 2929 5751 ἔχει
2965 5681 3103 5753 πρὸς
3135 5684 3225 5736 τὸν
3260 5682 3335 5736 λό’
3386 5685 3597 5737 κανόνα
3626 5677 3713 5731 τέν

2152 5772 2326 5843 ἁγίων
2360 5771 2699 5861 ἀποστόλων,
2758 5773 2893 5829 ἀλλὰ
2928 5775 3071 5830 κατὰ
3115 5774 3214 5847 τὴν
3266 5775 3491 5832 ἔννοιαν
3545 5772 3721 5843 ἐκείνῳ
