3958 6242
245 344 411 423 '1301

1345 365 1429 426 IN
1472 365 1638 428 CAN.
1683 364 1735 425 Χ
1773 363 1984 426 CONC.
2032 367 2090 427 ll
2141 366 2496 430 ANTIOCH.

3397 356 3532 423 1302

265 474 324 523 ὲν
355 472 529 526 ἀπασι
561 474 863 541 συμφωνεῖ.
901 472 1068 528 Ὠστε
1093 473 1130 530 ἀ
1161 474 1219 529 έν
1268 477 1464 549 ἐκείνῳ
1495 480 1714 553 εἴρηται
1746 478 1842 533 καὶ

1991 484 2224 551 ongruit.
2276 482 2355 537 Ex
2398 484 2467 537 iis
2496 497 2625 550 ergo
2663 492 2784 549 quas
2841 477 2914 535 ibi
2968 478 3110 535 dicta
3160 485 3308 546 sunt,
3356 476 3522 545 huius

264 565 359 617 τὸν
386 564 578 618 τούτου
613 565 741 620 νοῦν
772 567 1083 637 παριστῶσι
1122 567 1201 640 τῷ
1238 568 1575 642 βουλομένῳ.

264 743 480 799 ΑΡΙΣΤ.
534 763 554 797 ι
602 746 710 799 Τοῦ
761 748 1161 817 μητροπολίτου
1199 752 1303 821 τῆς
1333 748 1563 821 γνώμης
1598 752 1844 823 ἀναρτᾶ-

341 854 361 889 ι
407 836 533 891 σθαι
580 839 710 903 τοὺς
756 840 1117 907 ἐπισκόπους,
1148 842 1246 896 καὶ
1301 842 1374 912 μή
1406 860 1457 896 τι
1509 846 1612 914 τῆς
1663 845 1847 899 αὐτῶν

346 946 366 982 ι
409 931 673 1002 προνοίας
706 933 1019 1003 οἰκονομεῖν
1052 933 1202 1004 δίχα,
1248 933 1281 1004 ἢ
1340 934 1503 1003 μόνον
1536 936 1607 991 τά
1633 939 1700 1008 τῇ
1735 938 1848 1012 ίδίᾳ

341 1039 361 1074 ι
405 1024 595 1096 ὲνορίᾳ
626 1028 1045 1097 προσπίπτοντα
1076 1028 1173 1081 καὶ
1196 1031 1545 1099 χειοοθεσίας
1581 1030 1848 1102 ἀνεπιλή-

339 1132 361 1168 ι
401 1132 557 1181 πτοις
584 1118 847 1191 ἀνδράσιν
876 1120 1172 1182 ἐπιτελεῖν.
1217 1143 1238 1178 ι

336 1210 422 1263 Τὰ
455 1210 598 1265 αὐτά
620 1211 697 1283 τῷ
719 1214 1033 1287 τριακοστῷ
1054 1218 1308 1289 τετάρτῳ
1324 1218 1514 1275 κανόνι
1533 1217 1646 1273 τῶν
1676 1217 1850 1287 ἀγίων

266 1304 586 1360 ἀποστόλων
619 1306 718 1363 καὶ
752 1309 782 1361 ό
822 1307 1005 1365 κανὼν
1035 1303 1193 1375 οὗτος
1221 1311 1494 1381 διδάσκει,
1550 1312 1613 1368 τδ
1663 1313 1850 1385 ἐπιγι-

266 1396 499 1453 νώσκειν
552 1400 679 1466 τοὺς
731 1401 1068 1469 ἐπισκόπους
1133 1404 1375 1477 ἑκάστης
1432 1406 1706 1479 ἐπαρχίας
1758 1405 1855 1460 τὸν

267 1488 461 1544 ἑαυτοῦ
492 1492 729 1563 πρῶτον,
778 1495 871 1549 καὶ
901 1495 1030 1551 ἄνευ
1058 1496 1286 1569 γνώμης
1341 1498 1509 1553 αὐτοῦ
1547 1500 1684 1571 μήτε
1734 1498 1858 1551 ἔπι-

269 1581 507 1648 σκόπους
579 1585 937 1655 ψηφίζεσθαι,
998 1590 1259 1662 μήτεξτι
1326 1591 1514 1664 ἓτερον
1596 1590 1858 1663 περιττὸν

268 1672 531 1742 πράττειν
574 1676 682 1729 τῶν
732 1678 913 1731 ἐκεῖσε
989 1680 1125 1751 παρ’
1167 1678 1326 1750 ήμῶν
1389 1680 1722 1754 εἰρημένων,
1807 1678 1857 1733 εἰ

272 1765 407 1835 μόνα
453 1766 518 1820 τὰ
547 1767 909 1823 ἐπιϐάλλοντα
969 1773 1038 1842 τῇ
1093 1772 1327 1828 ἑκάστου
1385 1772 1693 1845 παροικίᾳο
1758 1772 1857 1827 καὶ

266 1860 594 1928 χειροτονεῖν
666 1860 1061 1932 πρεσϐύτερον,
1107 1862 1203 1918 καὶ
1269 1863 1542 1929 διάκονον,
1602 1863 1698 1918 καὶ
1757 1864 1858 1919 ὅσα

263 1948 475 2014 τούτοις
504 1949 795 2009 ἀκόλουθα.

878 2045 1129 2105 ΚΑΝΩΝ
1175 2050 1233 2106 l'.

273 2147 293 2182 ι
339 2130 483 2196 Τοὺς
513 2134 570 2188 ἐν
599 2135 724 2199 ταῖς
771 2132 991 2206 κώμαις
1027 2137 1060 2208 ἢ
1095 2140 1217 2202 ταῖς
1264 2136 1495 2212 χώραις,
1528 2140 1562 2212 ἢ
1592 2144 1719 2207 τοὺς
1750 2159 1855 2197 κα-

346 2240 366 2275 ι
407 2224 704 2295 λουμένους
746 2228 1225 2298 χωρεπισκόπους,
1256 2231 1305 2284 εί
1347 2234 1442 2286 καὶ
1489 2234 1845 2304 χειροθεσίαν

351 2334 373 2369 ι
414 2313 525 2371 εἶεν
559 2320 860 2374 ἐπισκόπου
910 2322 1215 2392 εἰληφότες,
1246 2323 1393 2392 εδοξε
1438 2328 1505 2398 τῇ
1554 2327 1685 2399 ἁγίᾳ
1729 2345 1856 2381 συν-

348 2429 369 2463 ι
413 2410 519 2481 όδῳ
567 2410 890 2485 εἰδέναι-τὰ
958 2413 1170 2469 ἑαυτῶν
1229 2416 1447 2488 μέτρα,
1484 2419 1579 2472 καὶ
1628 2420 1857 2475 διοικεῖν

351 2518 370 2553 ι
411 2502 510 2565 τὰς
554 2502 920 2575 ὑποκειμένας
986 2506 1172 2571 αὐτοῖς
1237 2507 1571 2581 ἐκκλησίας,
1636 2512 1734 2566 καὶ
1792 2514 1858 2582 τῇ

352 2608 373 2646 ι
411 2593 617 2648 τούτων
644 2595 930 2667 ἀρκεῖσθαι
962 2598 1203 2669 φροντίδι
1233 2602 1330 2655 καὶ
1366 2601 1684 2675 κηδεμονίᾳ,
1721 2605 1855 2659 καθ-

352 2700 373 2737 ι
416 2686 570 2756 ιστᾷν
617 2685 676 2740 δὲ
724 2688 1084 2757 ἀναγνώστας
1147 2692 1242 2743 καὶ
1315 2691 1709 2759 ὑποδιακόνους
1764 2695 1861 2749 καὶ

355 2794 376 2829 ι
420 2776 774 2849 ἐφορκιστάς.
803 2780 898 2833 καὶ
925 2783 988 2853 τῇ
1019 2780 1229 2837 τούτων
1264 2783 1556 2853 ἀρκεῖσθαι
1602 2802 1858 2857 προαγω-

352 2886 372 2922 ι
418 2872 512 2942 γῇ,
553 2870 692 2939 μήτε
738 2870 799 2925 δὲ
849 2872 1230 2944 πρεσϐύτερον
1268 2877 1408 2947 μήτε
1450 2876 1701 2931 διάκονον
1742 2896 1860 2948 χει-

354 2979 375 3014 ι
416 2963 657 3032 ροτονεῖν
683 2963 892 3034 τολμᾷν
931 2964 1057 3037 δίχα
1098 2965 1195 3020 τοῦ
1246 2970 1306 3023 ὲν
1333 2971 1399 3040 τῇ
1449 2970 1603 3023 πόλει
1635 2972 1863 3025 ἐπισκό-

356 3072 374 3107 ι
422 3071 551 3119 που,
647 3056 968 3112 ὑπόκεινται
995 3058 1161 3123 αὐτός
1199 3078 1258 3114 τε
1289 3063 1391 3116 ικαὶ
1419 3064 1450 3133 ἡ
1481 3062 1658 3134 χώρα.
1706 3064 1771 3119 El
1799 3064 1857 3119 δὲ

358 3164 379 3199 ι
421 3147 714 3219 τολμήσειέ
744 3167 829 3213 τις
872 3150 1189 3240 παραϐῆναι
1217 3152 1285 3209 τὰ
1314 3154 1627 3226 ὁρισθέντα,
1658 3157 1858 3212 καθαι-
1883 3175 1930 3240 C

359 3256 379 3290 ι
423 3240 636 3310 ρεῖσθαι
682 3241 848 3294 αὐτὸν
897 3243 991 3296 καὶ
1023 3237 1091 3315 ἦς
1125 3244 1343 3316 μετέχει
1368 3247 1539 3317 τιμῆς
1561 3264 1576 3280 ”
1610 3247 1859 3320 χωρεπί-

359 3346 380 3381 ι
426 3347 629 3385 σκοπον
676 3332 735 3385 δὲ
789 3332 1039 3400 γίνεσθαι
1091 3334 1198 3389 ὑπὸ
1246 3335 1342 3389 τοῦ
1365 3337 1468 3407 τῆς
1522 3338 1765 3406 πόλεως,

360 3439 380 3473 ι
430 3421 734 3486 ὑπόκειται,
762 3424 1085 3480 ἐπισκόπου.
1127 3443 1147 3477 ι

360 3514 558 3567 ΒΑΛΣ,
614 3515 1017 3586 Κεκωλυμένον
1072 3516 1181 3571 ὑπὸ
1237 3517 1348 3572 τῶν
1405 3520 1654 3575 κανόνων
1713 3522 1862 3577 ἐστὶν

282 3605 624 3670 έπισκόπους
657 3604 907 3675 γίνεσθαι
937 3608 1018 3672 είς
1074 3606 1336 3680 βραχείας
1377 3611 1565 3677 πόλεις
1611 3613 1707 3667 καὶ
1750 3615 1862 3668 κώ-

286 3714 391 3767 μας
416 3712 433 3730 ·
466 3697 559 3749 καὶ
583 3696 672 3750 διὰ
694 3696 853 3751 τοῦτο
886 3697 1253 3769 ἐχειροτόνουν
1276 3703 1357 3766 είς
1386 3702 1594 3776 ταύτας
1622 3705 1864 3777 πρεσϐυ-

282 3788 498 3861 τέρους,
543 3790 713 3861 ἦγουν
763 3791 1209 3861 πρωτοπαπὰδας
1256 3793 1353 3847 καὶ
1388 3798 1863 3866 χωρεπισκόπους.

296 3879 448 3933 Ἐπεὶ
483 3880 539 3933 δέ
567 3897 711 3943 τινες
733 3879 842 3933 τῶν
874 3881 1315 3953 χωρεπισκόπων
1344 3885 1669 3956 ἐπεχείρουν
1701 3889 1867 3960 ἱερεῖς

284 3976 635 4046 χειροτονεῖν,
688 3972 785 4026 καὶ
854 3972 1047 4043 ἕτερά,
1094 3990 1217 4029 τινα
1282 3975 1623 4031 ὲπισκοπικὰ
1675 3978 1862 4035 δίκαια

285 4063 553 4133 ἐνεργεῖν,
612 4063 709 4118 καὶ
782 4063 1126 4132 αἰτιώμενοι,
1190 4064 1381 4134 ελεγον
1454 4066 1638 4132 καλῶς
1702 4067 1865 4125 τοῦτο

286 4159 486 4223 ποιεῖν,
529 4155 621 4211 διά
688 4156 750 4211 τὺ
818 4156 1076 4223 δέξασθαι
1126 4158 1470 4229 χειροθεσίαν
1521 4160 1864 4218 ἐπισκόπουσ

283 4245 493 4318 ὥρισαν
524 4247 574 4300 οί
604 4246 851 4318 Πατέρες
880 4247 989 4301 ἀπὸ
1018 4247 1210 4302 τούτου
1262 4248 1338 4321 μὴ
1388 4248 1724 4320 ὠφελεῖσθαι
1770 4255 1868 4309 αύ-

284 4337 411 4401 τοὺς
436 4339 516 4401 είς
543 4338 604 4391 τδ
636 4326 957 4409 παρεξιέναι
1000 4338 1074 4392 τὰ
1105 4339 1215 4392 ἀπὸ
1244 4337 1357 4394 τῶν
1400 4341 1644 4398 κανόνων
1670 4345 1867 4416 ἑπιφι-

283 4428 651 4499 λοτιμηθέντα
700 4429 913 4492 τούτοις
956 4428 1278 4500 προνόμια,
1339 4430 1476 4503 μηδὲ
1536 4440 1866 4506 χειροτονεῖν

1947 593 2161 649 quoque
2209 576 2621 647 intelligentiam
2650 576 2829 647 facile,
2862 576 2955 648 qui
2980 574 3232 638 voluerit,
3264 585 3519 643 assequeo

1951 679 2061 726 tur.

1952 761 2182 819 ARIST.
2219 782 2240 817 ι
2283 761 2327 817 Α
2354 763 2711 833 ωθιτοροῐίιω
2744 761 3011 818 sententia
3037 759 3275 832 pendere
3319 766 3532 830 oportet

2028 873 2050 909 ι
2082 857 2391 928 episcopos,
2427 863 2482 911 et
2515 856 2652 911 nihil
2689 855 2826 911 citra
2859 854 3006 910 illius
3040 854 3328 909 consilium
3379 854 3533 907 insti~

2026 967 2045 1001 ι
2090 956 2264 1016 tuere,
2298 947 2402 1003 nisi
2427 962 2489 1003 ea
2533 947 2646 1004 sola
2676 963 2796 1019 qua:
2832 947 2897 1003 ad
2943 964 3096 1003 suam
3145 948 3408 1016 cujusque
3436 961 3532 1015 pa-

2023 1057 2042 1091 ι
2082 1040 2305 1107 nnciam
2365 1048 2634 1109 spectant,
2682 1048 2738 1094 et
2795 1038 2929 1093 viris
2981 1037 3396 1108 reprehensioni
3428 1053 3532 1092 non

2023 1149 2044 1185 ι
2079 1130 2332 1189 obnoxiis
2359 1147 2551 1190 manus
2572 1134 2869 1203 imponere.
2909 1152 2928 1185 ι

2027 1220 2229 1278 Eadem
2272 1236 2338 1280 ac
2377 1222 2689 1279 tricesimus
2718 1232 2949 1295 quartus
2979 1231 3293 1280 sanctorum
3326 1226 3537 1285 aposto.

1953 1311 2134 1370 lorum
2170 1328 2344 1371 canon
2390 1314 2556 1371 etiam
2604 1315 2697 1372 hic
2746 1314 2926 1381 docet,
2957 1314 3247 1385 episcopos
3278 1310 3537 1364 nimirum

1955 1403 2387 1477 uniuscuiusque
2417 1407 2716 1478 provincia:
2749 1407 2989 1479 primum
3024 1419 3183 1461 suum
3211 1417 3539 1473 cognoscere

1957 1503 2014 1552 et
2058 1496 2178 1554 sine
2207 1498 2324 1565 ejus
2355 1499 2627 1554 sententia
2678 1512 2780 1554 nec
2824 1498 3112 1568 episcopos
3163 1496 3386 1569 eligere,
3442 1511 3541 1551 nec

1960 1588 2163 1660 aliquid
2198 1590 2367 1655 aliud,
2401 1604 2467 1646 ex
2498 1589 2567 1645 iis
2594 1604 2714 1659 quae
2749 1590 2821 1645 ibi
2850 1590 3127 1653 dicuntur,
3189 1587 3369 1659 magni
3424 1602 3540 1641 mo-

1962 1681 2131 1735 menti
2159 1678 2364 1746 facere,
2401 1683 2496 1737 sed
2527 1696 2593 1737 ea
2625 1682 2740 1737 sola
2785 1696 2906 1751 quas
2938 1679 3004 1735 ad
3036 1678 3295 1749 cujusque
3321 1679 3545 1747 provin-

1963 1771 2103 1828 ciam
2128 1781 2395 1843 spectant,
2419 1782 2473 1828 et
2488 1773 2862 1844 presbyterum
2881 1785 2945 1826 ac
2961 1770 3250 1827 diaconum
3268 1772 3542 1836 ordinare,

1960 1873 2014 1920 et
2040 1879 2376 1936 quaecunque
2406 1865 2556 1921 hisce
2582 1872 2708 1921 sunt
2741 1864 2965 1920 similia.

2488 2038 2658 2114 539
2678 2040 2905 2098 cauo“
2940 2039 3009 2097 x.

1967 2153 1987 2188 ι
2020 2132 2058 2187 li
2083 2132 2176 2204 qui
2200 2141 2329 2188 sunt
2350 2133 2403 2187 in
2425 2133 2561 2189 vicis
2583 2134 2669 2189 vel
2692 2132 3032 2205 regionibus,
3056 2131 3139 2188 vel
3160 2131 3253 2202 qui
3279 2130 3539 2187 dicuntur

2038 2243 2058 2279 ι
2090 2223 2491 2297 cborepiscopi,
2511 2224 2673 2281 etiam
2694 2224 2738 2281 si
2762 2222 3002 2294 episcopi
3029 2238 3289 2279 manuum
3317 2222 3546 2293 imposi-

2042 2335 2062 2370 ι
2100 2318 2302 2375 tionem
2338 2320 2671 2387 acceperint,
2705 2316 2883 2371 visum
2927 2331 2957 2371 e
2986 2322 3009 2369 t
3058 2324 3263 2370 sancta
3315 2313 3546 2387 synodo,

2037 2428 2069 2463 ιη
2093 2418 2152 2467 ut
2177 2426 2336 2467 suum
2363 2411 2585 2466 modum
2610 2410 2810 2473 sciant,
2838 2416 2894 2463 et
2925 2407 3031 2463 sibi
3063 2406 3339 2475 subiectas
3367 2407 3545 2461 eccle-

2045 2520 2064 2555 ι
2104 2503 2218 2560 sias
2245 2502 2657 2566 administrent,
2691 2515 2993 2567 earumque
3021 2514 3159 2556 cura
3188 2509 3242 2556 et
3273 2499 3539 2555 sollicitu-
3618 2570 3625 2576 .

2045 2614 2065 2649 ι
2105 2596 2230 2651 dine
2259 2594 2498 2666 gerenda
2521 2596 2765 2650 contenti
2799 2594 2911 2649 sint
2944 2611 2959 2648 :
2994 2594 3335 2650 constituant
3366 2604 3547 2648 autem

2044 2704 2065 2740 ι
2102 2687 2356 2753 lectores,
2389 2685 2796 2758 hypodiaconOs
2826 2692 2881 2740 et
2904 2686 3233 2751 exorcistas,
3265 2694 3320 2740 et
3357 2700 3548 2740 eorum

2053 2793 2074 2829 ι
2112 2777 2443 2846 promotioni
2486 2776 2734 2834 sufﬁcere
2765 2776 3121 2843 existiment;
3164 2777 3551 2849 presbyterum

2045 2888 2068 2922 ι
2132 2885 2266 2927 vero
2318 2878 2414 2925 aut
2462 2869 2754 2925 diaconum
2810 2869 3073 2925 ordinare
3124 2883 3233 2925 non
3290 2869 3551 2930 audeant,

2050 2983 2071 3018 ι
2106 2964 2323 3034 absque
2351 2962 2507 3019 urbis
2535 2963 2814 3034 episcopo,
2864 2962 2955 3019 cui
3006 2962 3301 3033 subjicitur
3342 2962 3458 3032 ipse
3492 2970 3549 3017 et

2056 3076 2077 3123 ι
2124 3058 2293 3129 regio.
2332 3056 2389 3112 Si
2430 3056 2557 3127 quis
2606 3066 2786 3111 autem
2814 3058 2911 3120 'ea,
2962 3070 3083 3126 quae
3125 3056 3353 3111 deﬁnita
3397 3063 3547 3120 sunt,

2044 3167 2064 3202 ι
2099 3148 2409 3220 transgredi
2444 3148 2661 3214 audeat,
2710 3148 2829 3225 ipse
2856 3162 3077 3219 quoque
3123 3147 3354 3212 honore,
3385 3160 3547 3217 quem

2048 3261 2071 3297 ι
2111 3242 2297 3307 habet,
2330 3243 2576 3313 privetur
2610 3241 2749 3308 :'_tiat
2777 3249 2959 3296 autem
3003 3241 3444 3311 chorepiscopus
3481 3242 3549 3294 ab

2052 3352 2079 3387 ιν
2105 3335 2369 3406 episcopo
2398 3333 2660 3401 civitatis,
2700 3333 2789 3387 cui
2817 3331 3133 3402 subjicitur.
3167 3350 3186 3384 ι

2031 3513 2227 3570 BALS.
2264 3513 2609 3570 Prohibitum
2644 3522 2728 3569 est
2762 3529 2790 3567 a
2815 3512 3138 3576 canonibus,
3173 3527 3242 3567 ne
3280 3512 3333 3566 in
3365 3512 3553 3583 parv's

1964 3609 2194 3664 urbibus
2219 3618 2271 3665 et
2304 3608 2438 3665 vicis
2464 3609 2593 3663 [iant
2638 3608 2879 3677 episcopi
2919 3623 2937 3675 ;
2973 3614 3028 3661 et
3080 3613 3369 3675 propterea
3427 3620 3558 3676 pre-

1965 3701 2219 3773 sbyteros
2250 3702 2305 3756 in
2336 3702 2417 3755 eis
2456 3700 2808 3763 ordinabant,
2846 3714 2941 3754 seu
2973 3705 3306 3768 protopapas
3331 3706 3384 3752 et
3419 3699 3557 3750 clm-

1967 3792 2317 3864 repiscopos.
2378 3793 2519 3858 Quia
2583 3799 2764 3846 autem
2834 3790 3082 3846 nonnulli
3156 3791 3541 3860 chorepiscOpi

1965 3884 2315 3939 conabantur
2358 3883 2616 3937 ordinare
2660 3881 3000 3948 sacerdotes,
3035 3890 3088 3937 et
3142 3882 3247 3936 alia
3304 3884 3555 3951 quaedam

1961 3978 2087 4049 jura
2118 3975 2453 4048 episcopalia
2484 3989 2779 4039 exercere;
2813 3984 2865 4029 et
2912 3975 3163 4030 accusati
3206 3972 3464 4027 dicebant
3494 3988 3555 4028 se

1968 4069 2073 4125 hoc
2102 4074 2252 4123 recte
2282 4067 2483 4130 facere,
2511 4066 2655 4137 quod
2681 4066 2923 4136 episc0pi
2958 4080 3219 4122 manuum
3250 4064 3559 4134 impositio-

1967 4174 2094 4215 nem
2122 4157 2471 4229 accepissent
2504 4174 2518 4212 :
2555 4165 2871 4213 statuerunt
2900 4158 3092 4212 Patres
3119 4171 3217 4212 eos
3248 4171 3356 4211 non
3392 4172 3457 4211 ex
3490 4171 3555 4210 eo

1968 4249 2242 4321 adjuvari,
2273 4260 2333 4305 ut
2372 4249 2687 4320 privilegia,
2720 4264 2843 4319 quae
2874 4248 2982 4305 illis
3023 4264 3054 4303 a
3091 4250 3401 4304 canonibus
3429 4264 3560 4305 con-

1966 4357 2124 4400 cessa
2145 4352 2294 4411 sunt,
2316 4342 2814 4415 transgredientur,
2841 4356 2944 4398 nec
2965 4343 3224 4398 ordinent
3265 4342 3559 4397 diaconum

1969 4431 2053 4487 vel
2076 4431 2457 4503 presbyterum
2498 4431 2617 4487 sine
2650 4430 2935 4501 episcopo,
2965 4430 3061 4487 sed
3099 4431 3251 4487 solos
3291 4430 3557 4491 lectores,

284 4521 535 4574 διάκονον
561 4520 596 4589 ἢ
630 4519 1005 4591 πρεσϐύτερον
1054 4521 1176 4591 δίχα
1210 4521 1306 4577 τοῦ
1363 4523 1693 4593 έπισκόπου,
1723 4529 1860 4587 ἀλλά

1991 4525 2340 4581 :ubdiaconos
2364 4532 2418 4579 et
2445 4522 2775 4589 exorcistas,
2816 4524 2934 4578 slve
2967 4523 3325 4589 catechistas,
3370 4531 3425 4577 et
3465 4523 3556 4576 adv

290 4611 486 4681 μόνους
516 4611 898 4679 ἀναγνώστας,
928 4612 1323 4678 ὑποδιακόνους
1363 4616 1460 4671 καὶ
1501 4617 1865 4693 ἐφορκιστὰς,

287 4704 409 4773 ἦτοι
438 4704 775 4774 κατηχητάς,
811 4704 1036 4758 διοικεῖν
1066 4722 1124 4759 τε
1153 4706 1247 4759 καὶ
1273 4707 1342 4761 τὰ
1372 4707 1709 4768 ἀνατεθέντα
1739 4717 1870 4770 τού-

288 4812 402 4859 τοις
436 4795 869 4866 εκκλησιαστικὰ
903 4786 1231 4868 πράγματα,
1263 4800 1297 4869 ἦ
1355 4800 1465 4873 μὴν
1495 4804 1562 4855 ὲκ
1608 4807 1865 4876 παραϐα-

291 4889 410 4951 σίας
432 4889 542 4942 τῶν
577 4888 955 4959 διορισθέντων
976 4891 1299 4945 ὑποκεῖσθαι
1330 4893 1653 4965 καθαιρέσει
1679 4902 1773 4952 καὶ
1798 4896 1871 4973 ἦς

294 4982 561 5052 μετέσχον
590 4982 776 5052 τιμῆς.
809 4982 975 5036 Ἐπεὶ
1000 4984 1058 5036 δέ
1088 4999 1237 5047 τινες
1265 4984 1601 5049 ἐσπούδαζον
1626 4987 1686 5055 ἐξ
1728 4990 1867 5044 ἀλα-

290 5072 503 5137 ζονείας
551 5074 896 5144 χειροθεσίαν
928 5076 1354 5145 χωρεπισκόπου
1389 5076 1578 5130 λαϐεῖν
1626 5079 1735 5132 ἀπὸ
1765 5098 1871 5151 μη-

290 5163 614 5235 τροπολίτου
659 5165 1087 5237 ἢπατριάρχου,
1126 5168 1200 5238 μὴ
1253 5168 1716 5238 ἐπιστρεφόμενοι
1761 5172 1872 5225 τῶν

290 5256 577 5325 ἐγχωρίων
649 5258 1003 5325 ἐπισκόπων,
1059 5258 1309 5330 ἐκωλύθη
1370 5261 1467 5312 καὶ
1516 5261 1716 5314 τοῦτο·
1776 5264 1873 5315 καὶ

291 5348 504 5418 ὡρίσθη
534 5349 668 5420 παρ’
697 5351 864 5403 αὐτοῦ
914 5352 1219 5404 ἑπισκόπου
1251 5352 1353 5423 τῆς
1380 5351 1592 5414 πόλεως
1618 5352 1870 5419 γίνεσθαι

287 5443 380 5495 τὸν
409 5442 847 5513 χωρεπίσκοπον,
871 5444 959 5497 ἵνα
989 5445 1278 5497 ὑπόκειται
1302 5442 1477 5513 αὐτῷ,
1507 5446 1603 5497 καὶ
1635 5444 1713 5516 μὴ
1760 5463 1863 5499 κα-

290 5536 536 5605 ταφρονῇ
566 5537 779 5600 τούτου,
807 5536 883 5599 ὼς
933 5535 1010 5606 μὴ
1050 5534 1344 5597 δεδωκότος
1379 5535 1529 5608 αύτῷ
1556 5535 1656 5606 τὴν
1687 5552 1871 5608 χειρο-

290 5626 477 5680 θεσίαν
503 5629 599 5681 τοῦ
616 5627 945 5699 ἀξιώματος.
967 5628 1161 5691 Καλῶς
1186 5628 1244 5682 δὲ
1274 5630 1406 5698 περὶ
1432 5629 1871 5700 χωρεπισκόπων

295 5720 456 5787 μόνον
486 5720 827 5790 πεποιήκασι
857 5719 951 5775 τὸν
981 5718 1197 5775 ἅπαντα
1243 5718 1403 5788 λόγον
1432 5720 1481 5773 οἱ
1512 5717 1776 5789 Πατέρες,
1808 5719 1868 5771 ού

294 5808 401 5879 μὴν
434 5810 529 5866 καὶ
560 5812 685 5883 περὶ
719 5802 1131 5887 πρεσϐυτὲ
1168 5810 1304 5867 Οὐδὲ
1337 5811 1445 5883 γὰρ
1470 5804 1540 5881 ἦν
1569 5808 1868 5881 ἅζιφιῦολία

1972 4618 2289 4675 ministrent
2332 4631 2422 4671 res
2451 4615 2881 4683 ecclesiasticas,
2928 4631 3051 4686 quae
3080 4626 3210 4671 sunt
3243 4616 3357 4671 illis
3399 4618 3557 4670 attri-

1972 4710 2148 4775 butaz;
2178 4708 2384 4780 alioqui
2430 4716 2654 4780 propter
2689 4724 2905 4775 eorum,
2956 4726 3084 4781 qua:
3130 4711 3355 4765 deﬁnita
3407 4718 3556 4771 sunt,

1973 4800 2466 4871 transgressionem
2507 4797 2833 4867 depositioni
2869 4797 3259 4868 subjiciuntur,
3289 4806 3343 4851 et
3383 4810 3411 4847 a
3457 4811 3555 4849 suo

1973 4886 2184 4942 honore
2212 4886 2490 4941 excidant.
2533 4883 2670 4953 Quia
2719 4896 2901 4941 autem
2953 4886 3205 4941 nonnulli
3256 4886 3551 4939 contendu—

1972 4979 2130 5043 bant,
2185 4985 2411 5048 propter
2460 4979 2856 5047 arrogantiam,
2908 4993 2938 5031 a
2994 4977 3416 5045 metropolitano
3472 4978 3553 5031 vel

1972 5072 2138 5128 etiam
2171 5072 2496 5142 lpatriarcha
2544 5072 2921 5142 chorepiscopi
2964 5070 3363 5125 ordinationem
3408 5070 3552 5122 acci-

1974 5178 2124 5236 pere,
2152 5165 2537 5234 episcoporum
2569 5162 2807 5235 regionis
2832 5164 3037 5218 nullam
3060 5175 3247 5216 curam
3268 5170 3551 5230 gerentes;

1974 5255 2079 5310 hoc
2114 5268 2332 5326 quoque
2377 5254 2716 5325 prohibitum
2754 5261 2839 5309 est
2872 5270 2887 5309 :
2920 5263 2975 5309 et
3003 5253 3318 5308 ordinatum
3354 5251 3425 5305 ab
3463 5266 3551 5305 ur-

1974 5347 2343 5418 biscpiscopo
2363 5346 2478 5401 ﬁeri
2514 5346 2963 5417 cltorepiscopum
2982 5387 3000 5412 ,
3026 5355 3084 5401 ut
3114 5346 3163 5401 ei
3191 5344 3550 5415 subjiciatur;

1974 5455 2074 5495 nec
2108 5453 2231 5494 eum
2268 5447 2604 5503 contemnat,
2642 5449 2703 5492 ut
2746 5440 2841 5509 qui
2880 5438 2931 5495 ei
2976 5438 3258 5510 dignitatis
3301 5439 3548 5494 ordinem

1973 5547 2083 5589 non
2131 5532 2360 5587 dederit.
2406 5531 2575 5588 Recte
2616 5539 2799 5587 autem
2846 5518 2932 5587 de~
2966 5531 3101 5589 solis
3142 5532 3548 5603 chorepiscopis

1973 5625 2140 5680 verba
2165 5639 2380 5693 semper
2412 5624 2657 5681 fecerunt
2694 5622 2907 5690 Patres,
2954 5639 3063 5679 non
3110 5624 3273 5679 etiam
3312 5626 3379 5682 de
3431 5640 3547 5693 pre.

1972 5716 2230 5789 sbyteris.
2260 5716 2448 5789 Neque
2488 5720 2633 5773 enim
2680 5730 2797 5774 erat
2840 5719 2908 5774 de
2954 5720 3023 5775 iis
3060 5721 3306 5784 dubium,
3354 5730 3410 5774 ut
3460 5720 3546 5787 qui

1976 5810 2181 5869 nullum
2217 5810 2421 5868 aditum
2459 5812 2806 5882 accepissent
2833 5812 2895 5867 ad
2930 5813 3330 5871 ordinationem
3384 5810 3548 5865 ullam
