3958 6242
505 338 640 403 13οἲ

1801 341 2073 405 ΤΗΕΟΙ).
2110 341 2203 402 ΒΑ
2211 343 2509 405 LSAMON

3627 339 3752 404 1304

505 450 837 506 faciendam.
900 451 1328 523 lnterrogaverit
1391 460 1572 509 autem
1630 452 1926 525 quispiam,
1973 469 2062 511 cut

2178 460 2307 531 περὶ¹
2329 460 2532 526 αὐτῶν,
2568 453 2657 513 οἷα
2701 457 2839 529 μηδὲ
2885 455 3164 509 λαϐόντων
3211 453 3353 515 δλως
3405 452 3652 523 πάροδον
3681 456 3754 515 εις

505 544 675 600 verbo
703 543 1059 613 depositionis
1081 544 1323 600 additum
1354 554 1461 613 est,
1501 546 1570 602 ab
1607 545 1815 605 honore
1855 562 2077 619 quoque

504 637 705 707 deponi
738 637 762 690 ?
792 635 1021 691 Salutio.
1066 636 1322 693 Nonnulli
1367 638 1620 694 instaban
1651 648 1692 706 t,
1727 639 2077 710 chorepisco-

506 744 632 799 pum
662 728 901 798 quidem,
928 728 1027 798 qui
1060 736 1437 801 transgressus
1477 740 1585 798 est,
1603 732 1804 789 debere
1835 732 2075 803 deponi;

506 821 601 876 sed
638 829 819 876 tamen
861 820 1363 893 cltorepisc0palem
1402 823 1663 879 honorem
1717 824 1918 881 habere
1961 826 2077 882 sive

504 911 913 977 cathedram,et
944 912 1176 984 reliqua,
1236 920 1296 971 ut
1333 915 1449 969 vult
1495 931 1670 971 canon
1716 917 1750 972 9
1789 918 2075 974 Neocaesa-

502 1003 700 1059 ricnsis
758 1005 953 1075 synodi
984 1015 1037 1061 et
1078 1005 1144 1061 21
1182 1013 1236 1061 et
1292 1006 1363 1062 26
1434 1016 1601 1063 sextae
1672 1009 1890 1079 synodi.
1943 1010 2076 1065 Pro-

502 1104 686 1167 pterea
710 1111 841 1165 ergo
895 1097 1031 1152 dicit
1086 1112 1289 1165 canon,
1339 1113 1462 1153 eum
1504 1114 1726 1170 quoque
1781 1109 2075 1171 utrumque

500 1184 785 1251 amittere,
833 1195 893 1241 ut
941 1187 1098 1243 estin
1150 1187 1259 1243 line
1285 1192 1513 1244 canonis
1548 1190 1831 1259 praesentis
1856 1189 2077 1262 synodi.

499 1277 637 1331 illud
677 1287 882 1344 autem,
915 1279 1034 1334 sine
1068 1279 1306 1335 civitatis
1337 1281 1621 1350 episcopo,
1660 1295 1771 1335 non
1803 1281 2074 1350 accipitur

498 1383 599 1438 pro
624 1382 688 1423 eo
717 1370 860 1438 quod
890 1379 992 1437 est,
1028 1381 1150 1425 stne
1173 1371 1291 1442 eius
1321 1372 1595 1436 mandato,
1628 1371 1748 1439 sed,
1781 1373 1897 1427 sine
1927 1372 2073 1427 illius

497 1477 778 1517 sacrorum
798 1463 1183 1520 celebratione.
1202 1465 1312 1520 Etsi
1331 1465 1474 1520 enim
1496 1462 1657 1519 fuerit
1681 1464 2073 1534 chorepiscopo

498 1553 837 1621 mandatum,
870 1564 929 1610 ut
957 1556 1332 1628 presbyterum
1365 1557 1603 1623 ordinet,
1633 1566 1687 1613 et
1713 1557 1816 1611 hoc
1857 1556 2069 1622 fecerit,

496 1643 653 1699 irrita
688 1645 795 1701 erit
831 1647 1141 1713 ordinatio;
1173 1648 1318 1719 quod
1365 1664 1472 1703 non
1504 1648 1576 1704 sit
1619 1648 1666 1703 ei
1697 1663 1726 1702 a
1767 1647 2070 1703 canonibus

496 1735 622 1811 data
676 1739 1054 1808 presbyterum
1114 1740 1404 1795 ordinandi
1466 1747 1732 1811 potestas.
1798 1739 1943 1811 Lege
2014 1747 2069 1795 et

496 1843 765 1885 canonem
800 1830 867 1886 M
897 1829 1359 1887 Neocaesariensis
1394 1832 1612 1903 synodi.
1646 1832 1710 1887 Et
1739 1838 1887 1899 nota,
1920 1830 2066 1900 quod

498 1934 757 1973 manttum
808 1919 1213 1990 impositiones,
1261 1938 1381 1992 qua:
1424 1922 1560 1977 (iunt
1621 1938 1648 1976 a
1701 1920 2071 1991 metropolita-

496 2010 582 2065 nis
641 2009 697 2062 in
752 2009 1063 2079 praefectos,
1114 2012 1198 2066 vel
1242 2012 1295 2066 in
1354 2012 1569 2082 aliquos
1608 2012 1747 2068 alios
1801 2013 1924 2069 aliis
1980 2027 2070 2067 re-

495 2099 752 2170 gionibus
790 2101 1090 2170 subjectos,
1133 2101 1485 2158 inilrmantur
1516 2121 1529 2159 :
1560 2102 1657 2158 sed
1700 2112 1755 2159 et
1792 2103 2065 2159 constitu-

497 2191 698 2256 tiones,
724 2206 845 2262 qna:
882 2191 1038 2248 factae
1058 2193 1273 2247 suntab
1298 2193 1591 2263 aliquibus,
1622 2193 1689 2249 de
1728 2209 1839 2250 non
1866 2209 2067 2251 conse-

493 2284 716 2343 crandis
771 2298 868 2339 seu
913 2284 1231 2340 charactere
1276 2285 1546 2342 donandis
1584 2285 1829 2355 ipsorum
1879 2300 2069 2342 mona-

2178 555 2241 610 τὸ
2271 553 2446 606 ποιεῖν
2489 549 2828 621 χειροτονίαν
2860 547 3197 617 οίανδήτινα.
3225 544 3529 613 Ἐρωτήσει
3550 544 3616 597 δέ
3651 562 3753 608 τις,

2178 645 2268 700 διὰ
2300 644 2352 699 τί
2380 640 2683 714 προσετέθη
2721 639 2799 709 τῷ
2832 639 3039 709 ῥήματι
3087 635 3187 707 τῆς
3235 634 3616 703 καθαιρέσεως
3663 634 3752 686 καὶ

2175 738 2210 809 ή
2240 736 2517 796 ἔκπτωσις
2563 733 2664 803 τῆς
2697 731 2899 800 τιμῆς;
2942 727 3157 792 Λύσις.
3205 724 3363 786 ms;
3418 723 3754 777 διενίσταντε

2172 826 2414 897 ὀφείλειν
2468 823 2570 893 μὲν
2626 820 3009 891 καθαιρεῖσθαι
3079 819 3173 871 τὸν
3238 814 3569 885 παραϐάντα
3612 832 3753 887 χωρ-

2174 920 2497 985 επίσκοπον,
2546 916 2693 987 ἔχειν
2721 910 3292 986 δέχωρεπισκοπικὴν
3342 906 3531 976 τιμὴν,
3586 908 3755 976 ἡγουν

2174 1011 2272 1082 τὴν
2296 1010 2587 1078 καθέδραν,
2621 1008 2718 1062 καὶ
2749 1007 2818 1061 τὰ
2844 1004 3027 1069 λοιπὰ,
3054 1005 3194 1058 κατὰ
3224 1002 3316 1056 τὸν
3347 1002 3393 1055 θ’
3423 1001 3639 1056 κανόνα
3662 1000 3753 1066 τῆς

2176 1104 2234 1157 ἐν
2265 1100 2669 1171 Νεοκαισαρείᾳ
2708 1099 2950 1164 συνόδου,
2981 1097 3078 1151 καὶ
3114 1095 3205 1150 τὸν
3243 1101 3329 1149 κα⁹
3360 1094 3457 1149 καὶ
3512 1094 3613 1146 τὸν
3658 1088 3748 1155 at."

2174 1198 2274 1266 τῆς
2310 1193 2367 1260 ς’
2396 1192 2639 1247 συνόδου.
2668 1190 2769 1245 Διά
2798 1186 2958 1242 τοῦτο
2987 1185 3081 1239 οὖν
3113 1201 3280 1255 φησιν
3314 1187 3342 1237 ὁ
3368 1181 3555 1237 κανὼν
3586 1180 3753 1237 ἀπόλ-

2173 1288 2288 1342 λειν
2312 1285 2500 1340 τοῦτον
2533 1284 2630 1338 καὶ
2668 1282 2956 1352 ἀμφότερα
2986 1277 3126 1334 κατὰ
3156 1277 3216 1331 τὸ
3244 1275 3397 1338 τέλος
3431 1274 3533 1329 τοῦ
3566 1273 3619 1328 α’
3654 1292 3754 1328 κα-

2175 1379 2324 1442 νόνος
2352 1378 2451 1447 τῆς
2476 1373 2760 1446 παρούσης
2792 1371 3037 1427 συνόδου.
3071 1368 3145 1423 Τὸ
3175 1368 3254 1433 δὲ,
3283 1367 3408 1437 δίχα
3437 1365 3537 1419 τοῦ
3581 1367 3647 1418 ἐν
3689 1366 3751 1435 τῇ

2173 1472 2330 1525 πόλει
2381 1467 2717 1532 ἐπισκόπου,
2766 1466 2869 1520 οὐκ
2917 1461 3320 1533 ἐκλαμϐάνεται
3365 1459 3448 1521 είς
3500 1455 3567 1510 τὸ
3628 1456 3755 1511 ἄνευ

2172 1563 2395 1632 ἐντολῆς
2450 1559 2679 1624 τούτου,
2737 1555 2874 1610 ἀλλὰ
2920 1556 3000 1617 εις
3048 1553 3111 1608 τὸ
3152 1553 3277 1622 δίχα
3331 1545 3753 1617 τελεσιουργίας

2168 1653 2403 1708 ἐκείνου.
2430 1649 2550 1705 Κᾶν
2593 1647 2705 1719 γὰρ
2752 1643 2985 1717 ἐνταλθῇ
3034 1640 3455 1714 χωρεπίσκοπος
3504 1653 3753 1708 χειροτοο

2172 1746 2332 1816 νῆσαι
2372 1740 2763 1815 πρεσϐύτερον,
2798 1737 2895 1791 καὶ
2925 1736 3127 1806 ποιήσῃ
3153 1731 3334 1795 τοῦτο,
3354 1730 3563 1799 ἄκυρος
3599 1728 3751 1780 ἐσται

2098 1796 2146 1856 Β
2170 1796 2595 1907 ήΊ-χειροθεσία,
2622 1908 2627 1909 ν
2650 1796 2762 1884 διὰ,
2785 1827 2845 1881 τὸ
2896 1825 2972 1898 μή
3017 1796 3236 1894 δοθῆναι
3288 1820 3436 1890 αὐτῷ
3468 1796 3746 1882 ἐξουσίαν

2169 1931 2277 1985 ἀπὸ
2325 1928 2433 1982 τῶν
2462 1908 2701 1980 κανόνων
2733 1918 3143 1994 πρεσϐυτέρους
3188 1914 3545 1986 χειροτονεῖν.
3592 1908 3745 1963 Ἀνάο

2169 2019 2341 2090 γνωθι
2384 2008 2479 2072 καὶ
2515 2016 2611 2069 τὸν
2646 2013 2708 2069 ιδ’
2733 2013 2938 2067 κανόνα
2980 2010 3083 2081 τῆς
3112 2009 3169 2062 ἐν
3199 2003 3613 2072 Νεοκαισαρεία
3642 2016 3740 2053 συ-

2169 2112 2340 2168 νόδου.
2373 2109 2486 2164 Καὶ
2517 2106 2823 2179 σημείωσαι
2867 2104 2950 2158 ὅτι
3001 2102 3058 2155 αί
3113 2098 3264 2170 παρὰ
3323 2092 3741 2167 μητροπολιτῶν

2168 2204 2453 2275 γινόμεναι
2499 2197 2833 2271 χειροθεσίαι
2865 2194 2947 2258 είς
2968 2188 3321 2266 νήγουμένους
3351 2186 3384 2258 ἢ
3420 2187 3504 2249 είς
3550 2183 3743 2245 ἄλλους

2166 2298 2322 2360 τινὰς
2366 2294 2765 2363 ὑποκειμένους
2808 2289 3027 2359 ἑτέραις
3076 2282 3312 2354 ἐνορίαις
3359 2278 3742 2349 ἀκυροῦνται⁹

493 2374 788 2429 steriorum
823 2374 1093 2445 praefectis
1126 2375 1194 2430 ab
1217 2376 1334 2445 ipso
1375 2376 1703 2446 patriarcha,
1735 2376 1831 2433 sed
1863 2377 1930 2433 ab
1961 2378 2062 2435 illis

2171 2390 2302 2445 ἀλλὰ
2330 2386 2423 2441 καὶ⁵
2452 2385 2522 2439 τὰ
2550 2384 2705 2455 παρά
2734 2399 2899 2437 τινων
2921 2378 3184 2449 γινόμενα
3212 2372 3423 2428 τυπικά
3456 2372 3628 2441 χάριν
3655 2365 3742 2420 τοῦ

491 2463 791 2535 episcopis,
813 2466 900 2523 vel
930 2466 1154 2525 omnino
1175 2482 1286 2523 non
1316 2467 1657 2535 ordinandis,
1683 2475 1812 2525 sunt
1842 2469 2062 2542 penitus

2171 2485 2247 2556 μὴ
2277 2476 2675 2553 σφραγίζεσθαι
2719 2472 2874 2547 παρὰ
2922 2470 3018 2525 τοῦ
3066 2467 3409 2538 πατριάρχου
3450 2462 3583 2526 τοὺς
3612 2461 3741 2556 1:20-

493 2554 688 2612 irritat.
2166 2552 2513 2650 ἦιξουμένους
2556 2570 2667 2624 τῶν
2723 2562 3105 2639 μοναστηρίων
3136 2559 3340 2624 αὐτῶν,
3394 2556 3538 2650 ἀλλα
3594 2552 3740 2650 stirpi

2164 2646 2368 2743 ἐτέρων
2425 2662 2773 2728 ἐπισκόπων,
2826 2659 2862 2731 ἦ
2907 2655 3046 2729 μηδὲ
3091 2654 3231 2718 ὅλως
3296 2646 3739 2722 σφραγίζεσθαι,

560 2755 813 2814 ΖΟΝΛΒ.
844 2755 924 2813 Ne
950 2772 1113 2829 quem
1144 2758 1200 2815 in
1232 2761 1353 2817 vico
1381 2770 1475 2817 aut
1506 2776 1670 2832 parva
1701 2764 1837 2822 urbe
1857 2766 2062 2837 episco-

2171 2762 2348 2831 ἄκυρὰ
2374 2762 2502 2814 είσι.
2656 2814 2661 2823 τ
3103 2835 3114 2839 _
3201 2833 3225 2839 _
3530 2829 3545 2839 _
3676 2827 3701 2839 _

490 2864 621 2918 pum
685 2851 949 2907 constitui
999 2852 1183 2919 liceat,
1252 2862 1410 2912 sexto
1469 2829 1817 2915 Sardicensis
1867 2829 2062 2929 synodi

2171 2856 2186 2921 Ι
2237 2829 2485 2908 ΖΩΝΑΡ.
2518 2844 2843 2902 Κεκώλυται
2878 2839 3024 2896 κατὰ
3066 2835 3163 2933 τὸν
3201 2833 3365 2933 ἐκτον
3408 2829 3740 2933 κανόναθτῆς

404 2976 411 2983 ι
489 2956 705 2998 canone
742 2943 1024 3000 decretum
1062 2952 1170 3001 est.
1201 2944 1310 3001 Pro
1351 2947 1419 3003 iis
1468 2947 1657 3018 igitur,
1686 2948 1742 3005 in
1790 2948 2062 3019 ejusmodi

2171 2942 2226 2995 ἐν
2254 2938 2495 3009 Σαρδικῇ
2526 2933 2746 2990 συνόδου
2773 2930 2836 2983 τὸ
2854 2926 3119 2997 καθιστᾷν
3146 2922 3449 2977 ἐπίσκοπον
3482 2921 3541 2971 ἐν
3572 2921 3741 2988 κώμῃ

490 3034 653 3100 locis,
691 3036 999 3107 presbyteri
1030 3036 1113 3091 vel
1141 3013 1520 3109 chorepiscopi
1555 3013 1910 3096 creabantur.
1946 3041 2062 3097 Hos

2171 3031 2330 3101 τινὶῆ
2370 3027 2601 3100 βραχείᾳ
2627 3024 2801 3078 πόλει.
2835 3020 2928 3074 Διὸ
2971 3015 3381 3089 πρεσϐυτέρους
3420 3013 3453 3083 ἢ
3488 3027 3739 3122 Enipeus-.-

489 3139 625 3193 ergo
666 3126 1095 3197 chorepiscopos
1161 3108 1339 3184 canon
1400 3108 1543 3184 ultra
1598 3130 1887 3200 potestatis
1952 3147 2062 3188 sum

2171 3126 2407 3188 σκόπους
2461 3124 2519 3177 ἐν
2565 3119 2792 3181 ταύταις
2830 3114 3127 3170 καθίστων.
3174 3108 3417 3170 Τούτους
3470 3108 3569 3159 οὗν
3616 3108 3739 3166 τοὺς

488 3218 692 3274 limites
723 3219 976 3290 progredi
994 3196 1182 3289 vetat;
1211 3221 1306 3276 sed
1332 3196 1709 3289 ecelesiarnm,
1734 3221 1931 3292 inquit,
1952 3223 2061 3279 sibi

2171 3215 2620 3290 χωρεπισκόπους
2655 3210 2881 3266 ἀπαιτεῖ
2903 3208 2931 3260 ὁ
2959 3204 3141 3261 κανὼν
3177 3203 3253 3274 μὴ
3278 3199 3610 3270 παρεξιέναι
3642 3196 3737 3267 τὴν

488 3310 862 3376 subiectarum
888 3311 1362 3368 administratione
1375 3314 1635 3376 contenti,
1659 3314 1916 3379 lectores,
1962 3315 2059 3386 hy-

486 3402 850 3471 podiaconos,
877 3403 1291 3473 exorcistasque
1321 3404 1658 3459 constituant
1686 3422 1701 3458 :
1751 3419 1781 3459 α
1810 3406 2058 3461 diaconis

486 3508 618 3549 vero
689 3495 1181 3566 sacerdotibusque
1259 3496 1535 3562 creandis,
1592 3497 1801 3567 absque
1864 3497 2059 3553 urbani

486 3584 727 3654 episcopi
779 3583 1060 3649 facultate,
1090 3585 1309 3641 etiamsi
1366 3586 1668 3656 episcopali
1712 3586 1904 3642 ordine
1959 3587 2061 3641 ali-

486 3675 704 3744 quando
724 3674 888 3747 440
905 3676 1147 3746 insigniti
1166 3676 1414 3743 fuissent,
1437 3692 1664 3747 prorsus
1683 3677 2057 3748 cborepiscopi

485 3765 821 3821 abstineant.
871 3765 974 3832 Qui
1023 3782 1156 3823 vero
1198 3781 1467 3822 canonem
1519 3767 1763 3833 violarit,
1808 3767 1863 3823 in
1931 3783 2056 3823 eum

483 3858 829 3928 depositione
850 3859 1211 3915 animadverti
1242 3859 1438 3929 placet.
1488 3859 1922 3931 Chorepiscopos
1957 3874 2056 3915 an-

484 3958 592 4005 tem
634 3949 832 4005 urbani
875 3950 1121 4021 episcopi
1170 3948 1223 4003 in
1269 3964 1366 4004 sua
1395 3949 1624 4005 dimcesi
1669 3950 2054 4016 constituunt;

482 4059 624 4117 quos
685 4042 906 4115 quidem
978 4042 1034 4097 in
1096 4041 1468 4111 apostolorum
1538 4042 1716 4097 locum
1797 4041 2057 4098 suﬂ‘ectos

482 4140 656 4197 fuisse
692 4136 1097 4208 septuagesimo
1133 4132 1593 4191 Neocaesariensis
1623 4135 1811 4207 synodi
1847 4150 2057 4193 canone

481 4229 797 4287 edocemur.

481 4320 707 4379 ARIST.
744 4339 764 4374 ι
797 4319 1139 4385 Exorcistas,
1163 4328 1215 4375 et
1249 4319 1505 4384 lectores,
1533 4325 1586 4374 et
1622 4317 2052 4390 liypodiaconos,

556 4436 574 4468 ι
598 4423 652 4471 et
672 4423 929 4469 cantores
951 4412 1379 4483 chorepiscopns
1396 4411 1704 4478 constituit,
1731 4427 1837 4467 non
1863 4412 2053 4469 itidem

2160 3314 2368 3371 οίκείαν
2400 3311 2577 3377 τάξιν,
2604 3306 2912 3386 οἰκονομεῖν
2938 3303 2995 3358 δὲ
3024 3301 3121 3364 τὰς
3147 3296 3522 3367 ὑποκειμένας
3554 3294 3738 3353 αὐτοῖς

2160 3406 2475 3476 ἐκκλησίας,
2509 3404 2604 3457 καὶ
2648 3402 2826 3454 ποιεῖν
2876 3393 3259 3466 ἀναγνώστας,
3294 3391 3391 3445 καί
3440 3387 3734 3443 ὑποδιακό-

2160 3514 2304 3564 νους,
2333 3496 2429 3550 καὶ⁵
2457 3492 2814 3563 ἐφορκιστάςο
2850 3490 2989 3560 μήτε
3009 3488 3067 3542 δὲ
3096 3487 3343 3540 διάκονον
3371 3478 3731 3552 χειροτονεῖν,

2160 3593 2304 3662 μήτε
2328 3586 2725 3660 πρεσϐύτερον,
2748 3585 2877 3639 ἄνευ
2908 3580 3004 3635 τοῦ
3039 3582 3140 3650 τῆς
3173 3576 3380 3637 πόλεως
3404 3573 3736 3635 ἐπισκόπου,

2159 3680 2265 3736 κᾶν
2298 3677 2597 3733 ἐπισκόπου
2631 3672 2971 3747 χειροτονίας
2996 3669 3189 3738 ἔτυχον
3215 3668 3264 3719 οἱ
3293 3663 3734 3735 χωρεπίσκοποι.

2169 3773 2228 3827 Ὀ
2254 3770 2311 3824 δὲ
2341 3769 2432 3824 τὸν
2459 3769 2659 3823 κανόνα
2693 3762 3049 3833 παραϐαίνων
3083 3757 3580 3827 καθαιρεθήσεται.
3606 3753 3737 3816 Τοὺς

2158 3862 2614 3935 χωρεπισκόπους
2644 3858 2703 3914 δέ
2734 3858 2783 3912 οἱ
2832 3855 2944 3910 τῶν
2978 3851 3189 3908 πόλεων
3220 3848 3471 3902 ποιοῦσιν
3504 3846 3735 3899 tat-imre.

2158 3975 2275 4025 ποι,
2304 3951 2392 4019 αῖς
2446 3952 2789 4019 ὑπόκεινται,
2819 3948 2912 4011 οὒς
2964 3947 2993 4000 ό
3040 3944 3102 4000 ιδ’
3150 3940 3335 3995 κανὼν
3362 3939 3461 4007 τῆς
3500 3942 3561 3994 ἐν
3606 3937 3741 3990 Neo.

2156 4048 2449 4119 καισαρείᾳ
2474 4044 2692 4100 συνόδου
2723 4043 2804 4107 είς
2831 4040 3003 4095 τύπον
3030 4040 3141 4095 τῶν
3167 4038 3212 4094 o’
3241 4036 3569 4094 ἀποστόλων
3602 4029 3741 4087 εἶναι

2158 4156 2315 4212 φησι.

2158 4320 2381 4376 ΑΡΙΣΤ.
2441 4338 2459 4372 ι
2500 4317 2880 4391 Ἐξορκιστὰς,
2910 4316 3008 4372 καὶ
3055 4315 3443 4385 ἀναγνώστας,
3471 4314 3582 4366 καὶ
3611 4313 3737 4366 om

2234 4433 2253 4466 ι
2293 4413 2597 4481 διακόνους,
2614 4414 2709 4468 καὶ
2731 4413 2941 4482 ψάλτας
2965 4409 3262 4479 καθίστησι
3289 4408 3741 4479 χωρεπίσκοποςο

555 4527 573 4559 α
608 4508 991 4578 presbyterum
1036 4511 1092 4561 et
1139 4505 1428 4559 diaconum
1477 4504 1597 4561 sine
1652 4504 1912 4577 episcopo
1958 4505 2052 4576 qui

2235 4526 2255 4559 ι
2298 4507 2358 4560 οὐ
2401 4506 2586 4576 μέντοι
2618 4505 3016 4576 πρεσϐύτερον,
3047 4503 3146 4557 καὶ
3178 4501 3426 4555 διάκονον
3470 4500 3615 4556 ἄνευ
3656 4496 3742 4553 τοῦ

554 4615 574 4647 ι
610 4595 814 4651 civitati
837 4603 1035 4665 praeest
1070 4610 1085 4649 :
1114 4592 1205 4662 qui
1242 4592 1345 4647 hoc
1367 4607 1496 4648 vero
1534 4593 1839 4663 transgredi
1867 4593 2053 4661 audet,

558 4709 577 4741 ι
611 4689 936 4758 deponatur.
968 4685 1220 4743 Civitatis
1252 4700 1382 4741 vero
1412 4687 1706 4755 episcopus
1750 4686 1883 4741 facit
1928 4686 2058 4742 cho—

553 4802 571 4835 ι
606 4781 970 4851 repiscopum.
1009 4797 1029 4831 ι

549 4874 797 4944 Quisque
822 4872 981 4928 debet
1006 4888 1161 4928 suam
1195 4887 1530 4944 cognoscere
1572 4891 1884 4934 mensuram
1915 4884 1972 4933 et
1996 4878 2050 4932 in

424 4978 443 4987 '
480 4962 715 5033 propriis
772 4961 1022 5016 terminis
1082 4976 1321 5016 manere.
1393 4963 1691 5033 Propterea
1746 4964 1932 5036 itaque
1997 4975 2052 5022 et

477 5054 906 5124 cborepiscopus
965 5054 1009 5109 si
1058 5066 1225 5108 ausus
1284 5050 1452 5108 fuerit
1502 5055 1884 5126 presbyterum
1951 5054 2049 5111 aut

475 5146 765 5200 diaconum
812 5143 1090 5207 ordinare,
1130 5143 1377 5212 exceptis
1427 5142 1496 5198 iis
1530 5144 1623 5212 qui
1652 5144 1757 5215 ipsi
1800 5147 2056 5201 commit-

476 5241 687 5299 tuntur,
720 5247 915 5302 nempe
942 5232 1263 5299 lectoribus,
1288 5233 1631 5302 cantoribus,
1655 5234 1966 5304 exorcistis,
1997 5245 2053 5292 et

476 5324 895 5396 hypodiaconis,
935 5325 1265 5395 deponatur.
1305 5324 1568 5392 Quamvis
1606 5327 1767 5385 aliter
1808 5331 1877 5385 de
1927 5329 2048 5387 istis

474 5416 641 5471 etiam
689 5416 949 5487 gradibus
997 5417 1173 5472 visum
1219 5426 1304 5474 est
1339 5432 1537 5488 magno
1596 5418 1822 5487 Basilio,
1874 5430 1936 5476 ut
1995 5423 2050 5478 in

476 5508 690 5563 decimo
729 5509 890 5563 tertio
931 5510 1128 5580 synodi
1175 5510 1480 5583 Ancyrante
1530 5527 1740 5570 canone
1783 5513 2046 5585 scripturn

477 5607 579 5655 est.

1077 5695 1306 5753 CANON
1348 5698 1441 5755 XI.

483 5804 501 5839 ι
558 5784 615 5843 Si
663 5785 783 5858 quis
833 5786 1147 5859 cpiscopus,
1197 5790 1277 5853 vel
1325 5791 1631 5862 presbyter,
1685 5793 1771 5850 vel
1822 5791 2046 5851 omnino

2239 4616 2257 4649 ι
2300 4598 2444 4653 κατὰ
2470 4598 2568 4669 τὴν
2597 4597 2755 4653 πόλιν
2780 4596 3086 4652 ἐπισκόπου
3109 4610 3122 4626 ο
3155 4597 3185 4649 ό
3222 4594 3280 4647 δέ
3309 4592 3469 4646 τοῦτο
3520 4592 3742 4661 τολμῶν

2234 4709 2252 4742 ι
2299 4690 2647 4761 ὑπερϐαίνειν
2693 4690 2779 4761 εἴη
2823 4688 3229 4760 καθῃρημένος.
3273 4685 3489 4759 ὀντῆς
3533 4686 3741 4745 πόλεως

2234 4799 2253 4832 ι
2292 4780 2349 4836 δὲ
2375 4780 2675 4844 ἐπίσκοπος
2709 4784 2858 4835 ποιεῖ
2880 4779 3325 4852 χωρεπίσκοπον.
3369 4796 3389 4829 ι

2226 4873 2499 4937 Ἕκαστος
2543 4872 2753 4942 ὀφείλει
2790 4874 2853 4928 τὸ
2894 4872 3090 4926 ἑαυτοῦ
3127 4872 3329 4943 μέτρον
3375 4869 3621 4935 εἰδέναι,
3654 4868 3740 4923 καὶ

2155 4967 2267 5029 τοῖς
2298 4965 2450 5030 ἰδίοις
2505 4968 2654 5037 ὅροις
2715 4965 3132 5038 ἐμμένειν.Διὰ
3181 4965 3344 5018 τοῦτο
3392 4964 3537 5031 γοῦν
3590 4966 3738 5018 καὶὸ

2156 5058 2594 5130 χωρεπίσκοπος,
2625 5059 2675 5114 ei
2707 5059 2970 5131 τολμήσει
3013 5059 3386 5130 πρεσϐύτερον
3417 5058 3452 5129 ἢ
3484 5058 3737 5115 διάκονον

2155 5151 2531 5223 χειροτονῆσαι
2560 5151 2688 5204 ἄνευ
2712 5150 2821 5205 τῶν
2844 5154 3029 5206 ἐπιτετ
3040 5152 3340 5223 ραμμένων
3362 5151 3549 5222 αὐτῷ,
3578 5152 3735 5220 ἤγουν

2153 5241 2537 5310 ἀναγνωστῶν,
2582 5241 2825 5311 ψαλτῶν,
2862 5242 3207 5312 ἐφορκιστῶν
3250 5258 3309 5295 τε
3363 5241 3460 5293 καλ⁵
3514 5241 3731 5294 61:05::-

2153 5332 2350 5396 κόνων,
2379 5331 2875 5403 καθαιρεθήσεται·
2909 5333 3014 5387 κᾶν
3045 5334 3224 5397 ἄλλως
3259 5334 3356 5387 καὶ
3388 5332 3531 5403 περὶ
3558 5328 3725 5386 αὐτῶν

2151 5425 2259 5478 τῶν
2315 5424 2540 5495 βαθμῶν
2588 5424 2667 5495 τῷ
2731 5424 2957 5495 μεγάλῳ
3013 5426 3283 5495 Βασιλείῳ
3333 5425 3498 5495 δοκῇ,
3556 5421 3720 5480 καθὼς

2151 5516 2371 5589 ἐγράφη
2399 5518 2458 5572 ὲν
2480 5515 2557 5588 τῷ
2583 5518 3017 5589 τρισκαιδεκάτῳ
3047 5518 3237 5572 κανόνι
3264 5518 3365 5589 τῆς
3390 5520 3455 5572 ἐν
3480 5518 3710 5587 ’Δγκύρξ

2153 5610 2397 5666 συνόδου.

2748 5704 2987 5758 ΚΑΝΩΝ
3025 5702 3133 5761 ῙΔ’.

2150 5814 2177 5851 ι(
2213 5795 2278 5852 Εἴ
2304 5813 2385 5861 τις
2418 5796 2715 5863 ἐπίσκοπος
2741 5798 2779 5867 ἢ
2806 5797 3198 5869 πρεσϐύτερος,
3225 5798 3259 5870 ἦ
3310 5796 3451 5863 ὅλως
3496 5795 3603 5852 τοῦ
3631 5808 3721 5848 κα·
