3958 6242
254 338 388 403 1305

1319 341 1401 400 I.‘i
1439 339 1605 401 CAN.
1646 340 1730 400 XI
1762 334 1986 400 CONC.
2017 340 2079 400 II
2108 340 2465 409 ANTIOCH.

3380 349 3517 414 1306

325 478 343 509 ι
389 457 556 522 νόνος,
586 456 717 512 ἀνευ
768 454 995 528 γνώμης
1026 456 1118 513 καὶ
1147 460 1497 529 γραμμάτων
1527 461 1638 515 τῶν
1664 463 1723 516 ἐν
1751 465 1818 532 τῇ

2017 481 2038 517 ι
2069 464 2463 521 ecclesiastica:
2515 463 2715 535 regulae
2758 464 3063 536 subjectus,
3113 465 3250 521 citra
3283 480 3512 523 senten-

326 565 345 601 ι
389 548 625 619 ἐπαρχίᾳ
650 548 989 613 ἐπισκόπων,
1022 548 1120 604 καὶ
1148 550 1388 620 μάλιστα
1417 552 1527 606 τῶν
1554 555 1697 607 κατά
1725 554 1827 624 τὴν

322 658 341 691 ι
394 638 750 710 μητρόπολιν,
775 640 1040 713 ὁρμήσειε
1088 643 1222 715 πρὸς
1267 644 1495 713 βασιλέα
1542 646 1827 716 ἀπελθεῖν,

320 749 340 783 ι
388 730 574 785 τοῦτον
622 733 1140 805 ἀποκηρύττεσθαι,
1189 738 1285 790 καὶ
1328 738 1640 811 ἀπόϐλητον
1682 740 1832 808 γίνε-

320 844 336 876 ι
384 824 507 878 σθαι
565 825 625 878 ού
675 827 839 895 μόνον
885 827 985 897 τῆς
1032 830 1353 897 κοινωνίας,
1407 831 1545 887 ἀλλά
1590 834 1689 887 καὶ
1728 833 1832 903 τῆς

326 937 345 971 t
390 919 570 986 ἀξίας,
596 916 664 992 ἦς
716 921 965 992 μετέχων
1012 923 1292 993 τυγχάνει,
1348 926 1426 989 ὡς
1469 927 1831 998 παρενοχλεῖν

329 1032 347 1064 t
390 1014 683 1081 τολμῶντα
742 1015 841 1077 τὰς
918 1015 1013 1068 τοῦ
1079 1017 1494 1085 θεοφιλεστάτου
1565 1020 1834 1091 βασιλέως

332 1124 351 1158 ι
396 1106 555 1176 ἡμῶν
583 1107 756 1171 ἀκοὰς
794 1108 946 1178 παρά
978 1109 1072 1163 τὸν
1102 1108 1305 1179 θεσμὸν
1342 1110 1446 1181 τῆς
1477 1111 1831 1182 Ἐκκλησίας.

329 1215 349 1249 ι
396 1196 459 1250 Et
503 1197 561 1251 δὲ
618 1198 895 1266 ἀναγκαία
944 1199 1140 1272 καλοίη
1192 1203 1353 1271 χρεία
1414 1202 1553 1272 πρὸς
1605 1202 1836 1273 βασιλέα

330 1308 349 1343 t
391 1288 595 1360 όρμᾷν,
621 1291 782 1345 τοῦτο
811 1293 1077 1362 πράττειν
1105 1293 1247 1362 μετὰ
1278 1294 1523 1365 σκέψεως
1561 1295 1660 1350 καὶ
1692 1297 1835 1363 γνώ-

334 1401 351 1434 ι
400 1400 508 1452 μης
557 1383 653 1437 τοῦ
702 1385 847 1438 κατά
892 1386 995 1455 τήν
1051 1388 1393 1459 μητρόπολιν
1434 1390 1838 1460 τῆςιέπαρχίας

327 1495 348 1529 ι
387 1478 687 1532 ἐπισκόπου
743 1480 839 1533 καὶ
881 1482 991 1534 τῶν
1032 1483 1090 1535 ἐν
1148 1483 1323 1554 αὐτῇ,
1370 1484 1485 1546 τοῖς
1530 1500 1589 1538 τε
1630 1482 1839 1538 τούτων

333 1588 352 1621 t
391 1570 717 1641 γράμμασιν
747 1572 1155 1641 ἐφοδιάζεσθαι.
1200 1594 1219 1627 ι

333 1663 527 1719 ΒΑΛΣ.
568 1663 628 1719 '0
660 1654 855 1736 παρὼν
882 1667 1064 1722 κανὼν
1085 1668 1378 1740 διορίζεται
1406 1670 1481 1742 μή
1543 1672 1705 1742 μόνον
1733 1673 1843 1740 aq;-

2014 576 2033 611 ι
2070 560 2203 613 tiam
2237 568 2291 613 et
2315 558 2526 614 litteras
2561 561 2951 629 episcoporum
2984 559 3283 629 provinciae
3314 567 3366 614 et
3402 576 3517 615 ma-

2014 670 2034 704 ι
2065 667 2211 707 xune
2245 653 2816 723 metropolitanorum,
2843 651 2909 704 ad
2934 650 3318 718 imperatorem
3345 653 3516 722 proﬁ-

2008 759 2028 792 r
2060 740 2194 796 cisci
2228 756 2522 812 aggressus
2546 740 2709 797 fuerit
2741 759 2755 797 :
2788 743 2832 798 is
2861 742 3152 797 abdicetur
3178 751 3232 797 et
3262 743 3518 812 ejiciatur

2021 849 2041 882 ι
2077 846 2185 886 non
2220 833 2398 888 solum
2432 849 2462 889 a
2494 833 2906 900 communione,
2940 832 3035 888 sed
3075 833 3241 887 etiam
3278 848 3306 886 a
3339 834 3519 904 digni-

2017 940 2037 975 ι
2081 932 2213 988 tate,
2237 926 2398 994 cujus
2427 932 2511 980 est
2544 926 2856 996 particeps;
2897 934 2956 978 ut
2986 924 3079 994 qui
3112 922 3519 995 religiosissimi

2018 1036 2038 1069 ι
2086 1017 2437 1088 imperatoris
2480 1020 2652 1073 n05tri
2705 1018 2931 1073 auribus
2976 1015 3282 1071 molestiam
3329 1015 3526 1072 aﬁ‘erre

1950 1152 1953 1153 ν
2020 1128 2039 1162 ι
2070 1110 2271 1165 audeat
2302 1120 2501 1181 praeter
2533 1111 2699 1165 ritum
2726 1109 3004 1165 Ecclesiae.
3039 1107 3098 1163 Si
3126 1117 3307 1163 autem
3338 1124 3528 1165 neces-

1947 1231 1952 1235 -
2017 1224 2038 1258 ‹
2071 1206 2251 1261 sarius
2279 1220 2410 1261 usus
2444 1206 2647 1274 exigat,
2689 1212 2748 1259 ut
2774 1201 2842 1256 ad
2872 1204 3261 1272 imperatorem
3289 1216 3350 1256 se
3389 1216 3525 1256 con-

2016 1318 2044 1351 1
2087 1300 2247 1362 ferat,
2295 1298 2349 1353 id
2402 1306 2525 1367 agat
2566 1313 2691 1353 cum
2723 1295 3119 1351 deliberatione
3163 1303 3216 1349 et
3247 1295 3525 1350 sententia

2034 1413 2053 1446 ι
2096 1393 2499 1461 metropolitani
2552 1391 2869 1462 provincia),
2903 1400 2973 1465 et.
3001 1388 3385 1458 episcoporum
3431 1386 3525 1455 qui

2015 1505 2032 1539 ι
2066 1494 2195 1542 sunt
2233 1485 2288 1539 in
2317 1500 2419 1549 ea;
2469 1480 2773 1553 eorumque
2799 1482 3002 1538 litteris
3032 1481 3281 1535 munitus
3306 1476 3531 1549 proﬁci-

2026 1602 2047 1635 ι
2088 1588 2293 1638 εσθιιιτ.
2336 1599 2356 1633 ι

1988 1670 2485 1737 ,BALS.Praese’ns
2544 1684 2720 1726 canon
2753 1666 3022 1730 decernit,
3070 1680 3175 1719 non
3205 1663 3384 1718 solum
3435 1673 3529 1714 se-

257 1754 564 1860 ορίζεσθαι,
594 1757 731 1812 ἀλλά
762 1758 855 1812 καί
901 1760 1283 1830 καθαιρεῖσθαι
1326 1764 1451 1828 τοὺς
1492 1765 1574 1828 είς
1618 1764 1842 1835 βασιλέα

1977 1767 2185 1836 regari,
2206 1765 2299 1820 sed
2318 1765 2478 1820 etiam
2500 1763 2697 1833 deponi
2726 1761 3014 1831 episcopos
3043 1759 3129 1812 vel
3152 1754 3409 1818 clericos,
3435 1753 3529 1824 qui

257 1848 673 1919 ἀπερχομένους
699 1853 1038 1918 ἐπισκόπους
1065 1855 1097 1924 ἢ
1127 1856 1430 1925 κληρικοὺς
1472 1855 1603 1910 ἄνευ
1650 1873 1843 1926 γραμ-

1977 1856 2019 1910 Id
2056 1856 2445 1925 imperatorem
2486 1851 2939 1923 proﬁciscuntur,
2990 1848 3109 1903 sine
3158 1845 3359 1900 litteris
3414 1844 3534 1913 epi-

263 1941 449 2011 μάτων
474 1943 569 1996 τοῦ
600 1945 741 1999 κατά
775 1946 959 2017 χώραν
990 1949 1320 2013 ἐπισκόπου,
1355 1950 1451 2003 καὶ
1485 1950 1723 2020 μάλιστα
1745 1949 1840 2004 τοῦ

1980 1946 2105 2017 copi
2136 1934 2417 2015 regionis,
2461 1951 2514 1998 et
2564 1942 2803 1998 maxime
2840 1938 3274 2008 metropolitani,
3317 1946 3376 1990 ut
3439 1934 3533 2005 qui

264 2034 704 2103 μητροπολίτου,
748 2038 824 2101 ὡς
887 2040 1362 2111 παρενοχλοῦντας
1410 2041 1509 2105 τάς
1554 2041 1845 2111 βασιλικὰς

1977 2039 2301 2109 inperatoris
2319 2036 2546 2092 auribus
2579 2035 2881 2089 molestiam
2902 2031 3215 2095 exhibeant,
3234 2038 3429 2099 prteter
3448 2042 3535 2094 ea,

261 2125 432 2187 ἀκοὰς
461 2128 614 2197 παρά
645 2129 714 2182 τά
745 2130 1043 2201 δεδογμένα
1064 2134 1129 2205 τῇ
1163 2134 1464 2207 Ἐκκλησία
1484 2149 1496 2163 ·
1531 2135 1840 2203 ἀναγκαίας

264 2217 322 2270 δὲ
368 2219 743 2290 προκειμένης
790 2224 1006 2288 αἰτίας,
1058 2229 1387 2297 παραχωρεῖ
1435 2227 1573 2298 πρὸς
1621 2227 1846 2299 βασιλέα

264 2312 457 2382 όρμᾷν
477 2314 615 2382 μετά
643 2315 922 2385 ἐγγράφου
954 2320 1319 2390 ἐκχωρήσεως
1345 2322 1651 2386 συνοδικῆς.
1684 2322 1848 2376 Ἀνά-

266 2406 438 2471 γνωθι
473 2405 576 2475 τῆς
619 2409 677 2461 ἐν
726 2410 963 2480 Σαρδικῇ
1011 2413 1230 2466 συνόδου
1273 2415 1509 2478 κανόνας
1558 2414 1628 2481 ζ’,
1676 2413 1749 2484 η’,
1780 2413 1846 2478 θ’,

268 2504 377 2563 καθ,
404 2499 501 2553 καὶ
544 2502 649 2571 τῆς
690 2503 750 2557 ἐν
798 2504 1128 2577 Καρθαγένῃ
1173 2508 1373 2561 κανόνα
1423 2507 1532 2578 ρς’.
1586 2508 1742 2562 Ἐπεὶ
1791 2509 1850 2563 δέ

266 2600 413 2646 τινες
443 2587 557 2657 (47)
582 2589 692 2643 τῶν
721 2592 988 2663 ῥημάτων
1028 2595 1123 2648 τοῦ
1166 2596 1434 2664 παρόντος
1501 2598 1726 2661 κανόνος
1759 2598 1849 2664 ἐξ·

266 2676 527 2771 εχόμενοι
574 2682 696 2751 (τῆς
742 2685 853 2755 γὰρ
903 2687 1111 2750 ἐννοίας
1163 2688 1595 2761 ἀποδιίστανται)
1635 2690 1851 2746 θέλουσι

267 2768 400 2831 τοὺς
436 2768 829 2842 ’ἐνδημοῦντας
872 2778 1156 2847 ἀρχιερεῖς
1202 2781 1283 2843 είς
1330 2780 1430 2851 τήν
1479 2780 1590 2834 τῶν
1639 2783 1851 2836 πόλεων

270 2858 668 2929 βασιλεύουσαν
717 2869 857 2937 μετά
907 2870 1165 2941 είδήσεως
1209 2873 1305 2927 καὶ
1362 2874 1684 2944 προτροπῆς
1740 2893 1848 2929 πα-

266 2956 624 3026 τριαρχικῆς,
649 2960 745 3012 καὶ
778 2960 854 3031 μὴ
886 2961 1084 3027 ἄλλως,
1121 2967 1201 3027 είς
1240 2965 1508 3035 βασιλέως
1535 2968 1855 3038 ιττῖροσκύνη⁹

270 3064 360 3099 σιν
389 3050 744 3120 ἀπέρχεσθαι,
764 3056 947 3124 φαμὲν
976 3057 1058 3111 ὅτι
1088 3058 1154 3112 τὰ
1180 3058 1275 3112 τοῦ
1305 3060 1574 3130 παρόντος
1606 3060 1851 3126 κανόνος,

1954 2151 2077 2206 quae
2104 2144 2231 2190 sunt
2263 2135 2331 2188 ab
2353 2131 2599 2186 Ecclesia
2625 2130 2844 2185 decreta
2878 2144 2893 2181 :
2921 2128 2964 2181 si
3001 2132 3186 2179 autem
3223 2120 3535 2177 necessaria

1956 2232 2027 2287 sit
2065 2244 2232 2285 causa
2277 2227 2590 2298 preposita,
2638 2223 2888 2280 concedit
2928 2228 2985 2274 ut
3035 2218 3103 2273 ad
3150 2217 3534 2285 imperatorem

1957 2322 2378 2394 proﬁciscantur
2424 2334 2550 2374 cum
2590 2317 2806 2387 .litteris
2865 2313 3120 2368 mandata
3165 2307 3539 2379 permissione

1957 2418 2227 2492 synodali.
2248 2416 2388 2488 Lege
2413 2410 2762 2469 Sardicensis
2789 2407 2985 2482 synodi
3022 2419 3266 2459 canones
3305 2401 3358 2467 7,
3391 2399 3449 2466 8,
3481 2398 3539 2461 9,

1958 2512 2049 2576 12,
2079 2520 2131 2566 et
2158 2506 2608 2577 Cartliaginensis
2623 2515 2888 2558 canonem
2914 2497 3034 2552 106.
3061 2495 3329 2563 Quoniam
3358 2499 3539 2575 autem

1958 2602 2206 2662 nonnulli
2258 2600 2438 2656 verbis
2492 2596 2778 2666 praesentis
2821 2592 3052 2648 canonis
3102 2588 3450 2642 adhaerentes
3488 2582 3543 2653 (a

1958 2697 2228 2756 sententia
2260 2695 2405 2751 enim
2435 2695 2599 2764 longe
2632 2687 2857 2757 absunt)
2895 2684 3172 2740 antistites
3202 2681 3420 2743 volunt,
3449 2676 3547 2747 qui

1958 2793 2014 2846 in
2044 2790 2232 2859 regina
2274 2785 2489 2841 urbium
2532 2788 2847 2842 versantur,
2878 2792 3004 2831 cum
3054 2773 3283 2829 scientia
3328 2777 3382 2824 et
3410 2783 3551 2838 ,per-

1959 2880 2225 2937 missione
2250 2874 2595 2947 patriarchae,
2616 2879 2669 2926 et
2698 2883 2807 2924 non
2836 2866 3020 2931 aliter,
3057 2865 3122 2917 ad
3152 2864 3545 2932 imperatorem

1962 2973 2309 3031 salutandum
2372 2965 2645 3041 proﬁcisci
2699 2978 2713 3017 :
2763 2963 3024 3025 dicimus,
3067 2956 3213 3029 quod
3267 2969 3387 3025 quae
3447 2953 3552 3008 hoc

1963 3083 2174 3126 canone
2212 3062 2604 3128 continentur,
2662 3070 2718 3114 et
2766 3057 2977 3126 reliqua
3046 3065 3283 3123 quorum
3343 3048 3438 3103 hic
3492 3044 3553 3099 ﬁt

269 3142 370 3195 καὶ
403 3143 511 3231 τῶν
537 3143 741 3200 λοιπῶν
790 3148 900 3202 τῶν
949 3150 1185 3205 ἐνταῦθα
1220 3153 1719 3223 μνημονευομένων
1747 3154 1847 3224 χώ·

1977 3163 2167 3220 nentio
2200 3160 2379 3213 locum
2417 3155 2659 3231 habent,
2692 3149 2913 3221 quando
2970 3146 3203 3200 antistes
3241 3156 3271 3195 a
3305 3154 3403 3195 sua
3464 3153 3554 3192 re-

272 3252 380 3305 ραν
406 3230 640 3307 ἔχουσιν,
683 3242 732 3293 εί
764 3243 791 3293 ό
822 3242 1121 3313 ἀρχιερεὺς
1168 3245 1279 3299 ἀπὸ
1316 3247 1418 3317 τῆς
1444 3246 1721 3319 λαχούσης
1752 3247 1857 3302 αὑ-

265 3325 373 3380 τοῦ
439 3328 786 3402 αύθόρμητος
838 3336 921 3397 είς
989 3336 1216 3405 βασιλέα
1264 3338 1513 3410 ἀπέλθῃ*
1563 3340 1695 3394 ὅταν
1749 3338 1861 3412 γὰρ

268 3420 489 3491 ἐνδημῇ
543 3424 600 3474 ἐν
648 3425 717 3494 τῇ
778 3423 1165 3501 βασιλευούσῃ,
1222 3431 1322 3483 καὶ⁹
1376 3430 1520 3483 κατὰ
1578 3430 1861 3500 βασιλικὸν

263 3512 508 3580 ὁρισμὸν
532 3512 562 3584 ἦ
589 3512 732 3568 κατά
781 3516 1193 3589 πατριαρχικὴν
1229 3521 1535 3593 ἐπιτροπὴν
1563 3522 1863 3587 ἀκωλύτως

267 3607 658 3677 προσκυνήσει
709 3608 802 3661 τδν
846 3608 1070 3679 βασιλέα
1123 3613 1217 3665 καὶ
1254 3612 1567 3684 ὑπομνήσει
1618 3617 1749 3686 περὶ
1786 3609 1863 3670 ὧν

268 3696 559 3766 βούλεται.
589 3699 663 3752 Τὸ
692 3700 748 3755 δὲ
786 3703 927 3772 μετὰ
957 3703 1238 3773 βασιλικὸν
1262 3706 1492 3777 ὁρισμὸν
1517 3706 1861 3778 ἀπέρχεσθαι

263 3786 411 3851 τοὺς
461 3784 777 3862 ἄρχιερεῖς,
829 3792 960 3847 ἔνθα
1016 3795 1084 3849 ἂν
1143 3797 1542 3867 προσταχθεῖεν
1590 3800 1684 3853 καὶ
1740 3799 1865 3871 δίχα

271 3881 574 3953 συνοδικῆς
626 3886 909 3957 είδήσεως,
946 3888 1005 3943 ἐν
1051 3889 1336 3959 διαφόροις
1386 3876 1637 3946 κανόνων
1685 3892 1865 3965 ἑρμη-

277 3974 454 4039 νείαις
486 3977 751 4051 ἐδηλώθη,
786 3983 879 4036 καὶ
908 3984 970 4035 οὐ
1000 3983 1106 4056 χρὴ
1133 3985 1281 4054 ἡμᾶς
1312 3984 1685 4054 ταυτολογεῖν.

365 4067 613 4124 ΖΩΝΔΡ.
637 4071 699 4123 Εἰ
725 4072 800 4141 μὴ
828 4075 912 4126 ὅτι
940 4076 1091 4129 πᾶσα
1128 4076 1368 4147 ἀνάγκη,
1400 4076 1464 4130 οὐ
1494 4074 1783 4145 βούλονται
1816 4079 1864 4133 oi

1963 3258 2121 3329 gione
2140 3262 2337 3323 sponte
2361 3265 2460 3304 sua
2485 3249 2550 3303 ad
2576 3246 2959 3316 imperatorem
2981 3236 3262 3310 profectus
3283 3244 3387 3289 est.
3411 3233 3552 3287 Cum

1962 3322 2108 3405 enim
2133 3322 2187 3402 in
2212 3344 2433 3400 urbium
2449 3339 2637 3410 regina
2656 3326 2924 3397 versetur,
2948 3332 3035 3385 vel
3079 3322 3553 3398 imperatorisjus—

1964 3460 2051 3509 su,
2083 3442 2164 3497 vel
2189 3432 2537 3510 patriurehali
2560 3429 2945 3500 permissione,
2965 3424 3102 3479 citra
3122 3423 3292 3476 ullum
3317 3418 3553 3489 impedi-

1964 3544 2207 3592 mentum
2248 3532 2629 3600 imperatorem
2664 3520 2986 3582 conveniet,
3023 3527 3079 3572 et
3128 3530 3276 3581 eum,
3329 3513 3551 3568 illorum

1965 3644 2088 3701 qua:
2121 3623 2375 3687 voluerit,
2410 3614 2746 3673 admonebit.
2785 3608 3141 3680 Imperatoris
3168 3616 3350 3662 autem
3393 3606 3554 3676 jussu

1967 3699 2239 3794 proﬁcisci
2271 3710 2570 3775 antistites,
2592 3721 2701 3777 quo
2718 3703 2857 3775 jussi
2881 3700 3106 3767 fuerint,
3129 3701 3294 3755 etiam
3319 3699 3437 3755 sine
3466 3712 3558 3769 sy-

1966 3812 2152 3869 nodali
2201 3820 2499 3868 consensu,
2550 3799 2601 3852 in
2635 3794 2872 3851 diversis
2914 3809 3187 3850 canonum
3227 3794 3557 3860 interpreta-

1968 3903 2214 3960 tionibus
2256 3900 2589 3955 declaratum
2621 3904 2741 3960 est;
2791 3906 2893 3948 nec
2936 3896 3064 3944 sunt
3096 3900 3159 3941 ea
3204 3899 3232 3937 a
3268 3881 3429 3937 nobis
3463 3895 3554 3933 re-

1968 3995 2625 4156 pelzeggtﬁﬁpiscopos
2667 4081 3057 4149 imperatorem
3104 4069 3281 4132 adire,
3322 4067 3558 4145 ejusque

272 4162 510 4225 κανόνες
542 4164 672 4228 τοὺς
697 4167 1033 4230 ἐπισκόπους
1063 4168 1475 4239 προσέρχεσθαι
1512 4169 1744 4239 βασιλεῖ,
1771 4172 1847 4225 κα

1977 4199 2134 4241 aures
2178 4180 2401 4252 privatae
2439 4176 2519 4231 rei
2564 4188 2731 4229 causa
2771 4164 3104 4239 importunis
3150 4161 3413 4235 precibus
3458 4157 3562 4212 ob-

274 4254 520 4324 ὲνοχλεῖν
547 4256 695 4327 αὐτῷ
724 4258 867 4328 ὑπὲρ
897 4260 1115 4315 οἰκείων
1155 4262 1422 4333 δεήσεων.
1463 4264 1627 4318 Ἀλλά
1656 4266 1752 4318 καὶ
1779 4266 1847 4319 ὅτι

1977 4249 2224 4338 tundere,
2252 4271 2355 4326 nisi
2385 4283 2508 4324 cum
2542 4266 2594 4320 id
2630 4278 2856 4335 prorsus
2888 4255 3205 4315 necessario
3243 4249 3558 4307 iaciendum

282 4344 475 4416 μέλλοι
527 4364 613 4410 τις
658 4348 957 4418 ἀναγκαῖόν
1008 4358 1087 4406 τι
1117 4354 1435 4424 ἀνενεγκεῖν
1487 4355 1730 4427 βασιλεῖ,
1793 4360 1847 4431 μὶ

1977 4367 2064 4432 sit,
2097 4337 2333 4421 canenes
2354 4357 2498 4413 haud
2535 4355 2748 4411 sinunt.
2791 4351 2995 4406 Verum
3027 4356 3083 4402 et
3113 4346 3159 4401 si
3205 4340 3426 4414 quando
3460 4337 3561 4392 ali-

280 4436 626 4532 ἀπέρχεσθαι
651 4439 777 4495 ἄνευ
804 4442 1032 4515 γνώμης
1065 4443 1173 4497 τῶν
1220 4447 1321 4517 τῆς
1348 4448 1617 4519 ἐπαρχίας
1644 4450 1847 4503 ἐπισκό

1977 4460 2107 4532 quid
2156 4456 2223 4511 ad
2276 4456 2660 4522 imperatorem
2714 4444 2932 4500 deferre
2988 4439 3260 4512 quispiam
3330 4445 3561 4532 necesse

282 4549 427 4598 πων,
460 4531 557 4601 ἀφ’
584 4528 653 4604 ἧς
686 4536 780 4587 καὶ
823 4538 851 4590 ό
899 4536 1163 4591 ἀπελθεῖν
1209 4538 1423 4608 μέλλων
1451 4541 1589 4608 ἐστὶ,
1627 4541 1847 4614 μάλιστα

1979 4522 2257 4614 habuerit,
2288 4545 2391 4599 nisi
2425 4542 2542 4611 ejus
2569 4538 2889 4609 provinciae,
2920 4550 2986 4590 ex
3015 4546 3120 4602 qua
3156 4529 3270 4599 ipse
3301 4533 3408 4587 est,
3442 4522 3565 4592 epi-

287 4625 343 4677 δὲ
375 4624 470 4678 τοῦ
506 4628 908 4696 μητροπολίτου
950 4630 1050 4697 τῆς
1081 4630 1353 4701 ἐπαρχίας
1379 4632 1617 4705 ἐκείνης.
1670 4635 1774 4689 Τὸν
1812 4634 1847 4688 δί

1980 4642 2191 4712 scopis,
2224 4654 2287 4694 ac
2329 4632 2749 4702 metropolitano
2786 4625 3090 4697 praesertim
3133 4615 3380 4688 ejusdem
3430 4628 3561 4684 pro-

280 4716 611 4785 ὁρμήσαντα
641 4717 811 4788 χωρὶς
841 4719 1067 4791 γνώμης
1102 4721 1212 4791 (48)
1238 4723 1334 4776 καὶ
1373 4726 1727 4795 γραμμάτων
1771 4725 1847 4780 toi

1978 4706 2174 4786 vincia:
2218 4722 2619 4783 consentiente,
2672 4714 2947 4788 proﬁcisci
3001 4719 3212 4767 vetant.
3271 4706 3374 4773 Qui
3432 4718 3562 4758 vero

287 4807 700 4876 μητροπολίτου
733 4809 992 4863 ἀπελθεῖν
1023 4813 1161 4882 πρὸς
1193 4812 1418 4883 βασιλέα
1450 4816 1847 4888 καθαιρεῖσθαι

1982 4823 2192 4893 absque
2226 4810 2631 4885 metropolitani
2659 4824 2931 4865 consensu
2969 4821 3032 4859 ac
3063 4803 3259 4858 litteris
3287 4801 3352 4855 ad
3394 4800 3564 4866 impe-n

296 4895 363 4950 Ὀ
411 4898 469 4950 δὲ
515 4899 615 4968 τῆς
659 4902 718 4953 ἐν
764 4902 998 4972 Σαρδικῇ
1045 4904 1265 4956 συνόδου
1305 4902 1351 4967 ζ’
1373 4905 1557 4960 κανὼν
1591 4908 1685 4960 καὶ
1715 4914 1789 4979 η’,
1823 4925 1847 4960 ε

1977 4890 2215 4971 ratorem
2268 4907 2419 4963 adire
2465 4905 2521 4960 in
2574 4903 2817 4958 animum
2872 4897 3171 4959 induxerit,
3216 4890 3563 4962 depositione

279 4988 384 5044 διὰ
408 4991 668 5063 βοήθειαν
696 4996 883 5066 χηρῶν
914 4997 1010 5049 καὶ
1037 4996 1294 5067 ὀρφανῶν
1343 4998 1438 5051 καὶ
1467 5000 1740 5071 πενήτων,
1779 5019 1847 5055 κα

1977 5005 2195 5063 multari
2230 5002 2447 5075 jubent.
2486 4996 2827 5054 Sardicensis
2882 5007 3014 5048 vero
3064 4986 3257 5057 synodi
3315 4996 3561 5038 canones

280 5082 504 5138 λαῖκῶν
537 5088 1090 5160 προσφευγὸντωνστῇ
1124 5089 1394 5161 ἐκκλησίᾳ
1424 5090 1803 5163 ἀδικουμένων
1834 5098 1847 5150 i

1977 5100 2010 5152 7
2066 5104 2119 5151 et
2150 5094 2183 5150 8
2244 5093 2527 5165 episcopo,
2578 5098 2637 5144 ut
2678 5088 2968 5143 viduarum
3015 5079 3458 5151 pupillorumque
3511 5082 3567 5167 et

278 5178 922 5251 καταδυναστευομένων
965 5180 998 5252 ἢ
1042 5180 1538 5253 ἀποστερουμένων
1579 5185 1691 5239 τῶν
1742 5187 1844 5258 άνη

1985 5200 2289 5260 pauperum
2320 5197 2543 5237 causam
2574 5187 2718 5249 agat,
2752 5190 2815 5230 ac
2850 5173 3008 5229 laicis
3043 5169 3444 5242 patrocinetur,
3469 5165 3563 5235 qui

1558 5323 1748 5387 Guill.
1781 5327 2109 5409 Beveregii
2142 5333 2336 5390 nota.

365 5472 480 5597 S47)
518 5469 685 5555 Ἐπεί
720 5472 786 5527 δέ
814 5486 1011 5556 τινες..
1041 5471 1167 5555 Haec
1197 5487 1372 5542 usque
1414 5473 1479 5527 ad
1518 5472 1677 5529 ﬁnem
1702 5475 1868 5546 hujus
1970 5479 2254 5551 sequentia
2287 5477 2519 5533 Zonarae
2545 5470 2709 5526 verba
2734 5468 2908 5523 codex
2935 5458 3412 5519 Amerbacliianus
3438 5455 3563 5524 ple-

365 5567 369 5597 ι
398 5558 645 5597 samonts
672 5551 1143 5597 tnternretauoms
1174 5557 1239 5597 ex
1273 5559 1379 5597 ms.
1413 5543 1711 5597 Bodleiano
1739 5563 1869 5597 sun-
1968 5552 2098 5597 ηῐιις
2132 5552 2213 5597 sic
2246 5549 2399 5597 ιρςιὶι.
2427 5548 2521 5597 τὸν
2551 5544 2608 5596 δὲ
2636 5540 2961 5597 ὁρμήσαντα
2995 5532 3226 5597 γνώμης
3263 5529 3436 5597 xwpk
3468 5525 3563 5577 mi

282 5525 645 5621 Balsainonis
672 5525 1160 5621 interpretationis
1174 5525 1256 5597 ex,
1268 5525 1379 5621 ilus.
1393 5525 1847 5621 ΔΒοιίΙέέίξῇοἶξῦῖί

2551 5525 2608 5596 δέ
2636 5540 2964 5621 ὁρμήσαντα
2995 5525 3570 5621 γνώμηςιχωρις

288 5616 568 5693 plevimus
599 5630 615 5669 :
644 5598 1002 5693 sedle'xstant
1040 5598 1208 5693 etiam
1266 5598 1347 5693 in
1377 5598 1835 5693 Amerbachiavn—or

1977 5598 2838 5693 ξν’μιλητροαίτιολίξιου⁹
2880 5608 2975 5661 καὶ
3008 5598 3018 5602 ⁷
3053 5598 3568 5693 θεῶν’1

291 5670 512 5759 ξιροιιοη
548 5685 602 5739 in
631 5683 914 5759 ‘Tiliano;
975 5700 1103 5740 nam
1157 5681 1467 5739 Gentianus
1502 5682 1773 5742 Hervetus
1799 5670 1847 5742 et

1977 5670 2673 5759 ίπελόεῖνῖιρδίβάσὶλέα,
2707 5679 3000 5737 ἐκπίπτειν
3033 5674 3137 5746 τῆς
3194 5670 3352 5738 ἀξίας
3390 5670 3586 5746 αὑτοῦ,

288 5756 472 5836 ηιξκιε
504 5754 782 5836 lenita.
884 5824 898 5836 .
1257 5826 1267 5836 .
1434 5825 1448 5836 .

1977 5762 2090 5833 ήτοι
2124 5754 2534 5836 καθαιρεῖσθαι.

368 5826 477 5896 (48)
507 5825 620 5880 Τὸν
651 5825 718 5881 δὲ
750 5824 1101 5897 ὁρμήσαντα
1129 5826 1307 5897 χωρίς
1342 5825 1596 5897 γνώμης.
1656 5825 1779 5884 llaec
1811 5837 1864 5885 ct
