3958 6242
478 338 614 404 13οἶ

1775 342 2048 406 ΤΗΕΟΒ.
2084 342 2177 402 BA
2185 343 2483 406 LSAMON

3605 339 3743 405 I30]

479 450 811 507 faciendam.
874 452 1302 523 interrogaverit
1365 461 1546 509 autem
1605 453 1901 525 quispiam,
1947 470 2036 511 cut

2152 461 2282 532 περὶ
2303 461 2506 527 αὐτῶν,
2542 453 2631 514 οἷα
2675 457 2814 530 μηδὲ
2859 455 3137 510 λαϐόντων
3185 453 3326 516 δλως
3378 452 3631 524 πάροδον
3664 456 3744 515 είς

478 544 649 601 verbo
677 544 1033 613 depositionis
1055 545 1297 601 additum
1328 555 1435 613 est,
1476 547 1545 602 ab
1581 546 1789 606 honore
1830 563 2051 620 quoque

478 637 679 708 deponi
712 637 736 691 ἲ
766 635 995 691 Salutio.
1040 636 1296 693 Nonnulli
1342 639 1594 695 instaban
1625 648 1666 707 t,
1701 640 2051 710 chorepisco-

479 744 607 799 pum
637 728 875 798 quidem,
902 729 1001 799 qui
1034 737 1411 802 transgressus
1451 740 1559 799 est,
1577 732 1777 789 debere
1810 733 2049 804 deponi;

480 821 575 877 sed
612 829 793 876 tamen
835 820 1338 894 cltorepiscopalem
1377 824 1637 880 honorem
1692 824 1893 882 habere
1935 826 2051 883 sive

478 912 887 977 cathedram,et
919 913 1151 985 reliqua,
1210 920 1271 971 ut
1308 916 1424 970 vult
1469 931 1644 971 canon
1690 917 1724 973 9
1764 918 2049 975 Neocaesa-

476 1004 675 1059 ricnsis
733 1005 927 1075 synodi
958 1016 1011 1062 et
1052 1006 1118 1062 21
1157 1014 1210 1062 et
1267 1006 1338 1062 26
1408 1016 1575 1064 sextae
1647 1010 1864 1080 synodi.
1917 1011 2050 1065 Pro-

476 1105 660 1167 pterea
684 1112 815 1166 ergo
869 1098 1005 1152 dicit
1060 1113 1263 1165 canon,
1313 1114 1436 1154 eum
1478 1114 1700 1171 quoque
1755 1109 2049 1172 utrumque

473 1185 759 1252 amittere,
808 1196 867 1241 ut
915 1188 1072 1243 estin
1124 1187 1233 1244 ﬁne
1260 1192 1487 1245 canonis
1522 1191 1806 1260 praesentis
1830 1190 2051 1263 synodi.

472 1277 611 1332 illud
651 1288 856 1345 autem,
889 1280 1008 1335 sine
1042 1280 1281 1335 civitatis
1312 1282 1595 1351 episcopo,
1635 1296 1745 1336 non
1777 1282 2048 1351 accipitur

472 1384 572 1439 pro
598 1383 662 1424 eo
691 1371 834 1438 quod
864 1379 967 1437 est,
1002 1381 1125 1426 stne
1147 1372 1265 1442 ejus
1295 1372 1569 1437 mandato,
1602 1372 1722 1439 sed,
1755 1374 1872 1428 sine
1901 1373 2047 1428 illius

471 1477 752 1518 sacrorum
772 1463 1158 1520 celebratione.
1176 1465 1287 1521 Etsi
1306 1465 1449 1521 enim
1470 1463 1632 1520 fuerit
1655 1464 2047 1535 chorepiscopo

472 1553 811 1621 mandatum,
844 1565 903 1611 ut
932 1557 1307 1629 presbyterum
1339 1557 1577 1623 ordinet,
1607 1566 1661 1613 et
1687 1557 1790 1611 hoc
1831 1557 2043 1623 fecerit,

470 1644 627 1700 irrita
662 1645 769 1701 erit
805 1648 1115 1713 ordinatio;
1147 1648 1292 1719 quod
1340 1665 1447 1704 non
1478 1648 1550 1705 sit
1593 1649 1641 1704 ei
1671 1664 1700 1703 a
1741 1647 2044 1704 canonibus

469 1736 596 1812 data
650 1739 1028 1808 presbyterum
1089 1740 1378 1796 ordinandi
1441 1748 1706 1811 potestas.
1772 1740 1917 1811 Lege
1989 1748 2044 1796 et

469 1843 739 1886 canonem
774 1831 841 1886 M
872 1829 1334 1888 Neocaesariensis
1369 1833 1586 1904 synodi.
1621 1832 1685 1887 Et
1713 1840 1861 1899 nota,
1894 1831 2041 1901 quod

472 1934 731 1974 manuum
782 1920 1187 1990 impositiones,
1236 1938 1356 1993 quae
1398 1923 1534 1978 fiunt
1595 1939 1622 1977 a
1675 1921 2045 1992 metropolita-

470 2011 557 2065 nls
616 2009 671 2063 in
726 2009 1037 2080 praefectos,
1088 2013 1172 2066 vel
1216 2012 1270 2067 in
1328 2013 1544 2083 aliquos
1582 2012 1721 2069 alios
1775 2014 1898 2070 aliis
1954 2028 2045 2068 re-

469 2099 726 2171 gionibus
763 2102 1064 2171 subjectos,
1107 2102 1459 2158 infirmantur
1490 2122 1504 2159 :
1534 2103 1632 2158 sed
1674 2112 1729 2160 et
1767 2103 2039 2159 constitu-

472 2192 672 2256 tiones,
698 2207 819 2263 qna:
857 2192 1012 2248 facta!
1033 2201 1163 2248 sunt
1179 2193 1247 2248 ab
1272 2194 1565 2264 aliquibus,
1596 2194 1664 2249 de
1703 2210 1813 2250 non
1840 2210 2041 2252 conse-

467 2284 690 2343 crandis
745 2298 843 2340 seu
887 2284 1205 2341 charactere
1251 2285 1520 2343 donandis
1559 2285 1803 2356 ipsoru‘m
1853 2301 2043 2343 mona-

467 2374 762 2430 steriorum
797 2375 1068 2446 praefectis
1100 2376 1168 2431 ab
1191 2376 1308 2446 ipso
1349 2377 1677 2447 patriarcha,
1709 2377 1805 2434 sed
1837 2378 1904 2433 ab
1935 2378 2042 2437 illis

464 2464 765 2535 episcopis,
788 2466 875 2524 vel
904 2466 1128 2524 omnino
1149 2483 1260 2524 non
1290 2468 1630 2536 ordinandis,
1658 2476 1786 2525 sunt
1815 2470 2038 2543 penitus

467 2570 662 2613 ιτηιιυ.

534 2755 787 2814 ΖΟΝΑΒ.
818 2756 898 2814 Ne
924 2773 1087 2829 quem
1118 2759 1174 2816 in
1205 2762 1327 2818 vico
1356 2771 1449 2817 aut
1481 2777 1644 2832 parva
1675 2764 1811 2822 urbe
1832 2766 2042 2838 episco-

464 2864 595 2919 pum
658 2852 922 2907 constltui
973 2852 1157 2919 liceat,
1226 2862 1384 2913 sexto
1443 2856 1791 2915 Sardicensis
1841 2858 2038 2929 synodi

379 2977 385 2983 -
462 2957 679 2999 canone
716 2943 998 3000 decretum
1036 2953 1144 3001 est.
1175 2944 1284 3001 Pro
1325 2947 1393 3004 iis
1442 2947 1631 3018 igitur,
1660 2949 1716 3007 in
1764 2948 2037 3019 ejusmodi

464 3034 627 3101 locis,
665 3036 974 3107 presbyteri
1005 3037 1086 3091 vel
1114 3037 1493 3109 chorepiscopi
1528 3039 1884 3096 creabantur.
1920 3041 2037 3097 Hos

2153 556 2215 611 τὸ
2245 554 2420 607 ποιεῖν
2463 549 2803 622 χειροτονίαν
2833 547 3171 617 οίανδήτινα.
3199 545 3504 614 Ἐρωτήσει
3524 545 3595 598 δέ
3631 562 3744 608 τις,

2151 646 2242 700 διὰ
2273 644 2326 700 τί
2354 641 2657 715 προσετέθη
2695 639 2773 710 τῷ
2806 639 3013 710 ῥήματι
3060 636 3161 707 τῆς
3209 634 3595 704 καθαιρέσεως
3645 634 3743 687 καὶ

2149 739 2184 810 ἠ
2214 736 2491 797 ἔκπτωσις
2536 734 2637 804 τῆς
2671 731 2873 801 τιμῆς;
2916 728 3131 792 Λύσις.
3179 724 3337 786 Τινές
3392 724 3744 777 διενίσταντε

2146 826 2388 898 ὀφείλειν
2442 824 2544 894 μὲν
2599 820 2983 892 καθαιρεῖσθαι
3053 820 3147 872 τὸν
3213 815 3542 886 παραϐάντα
3591 832 3743 888 χωρ-

2148 921 2471 985 επίσκοπον,
2519 917 2667 988 ἔχειν
2695 915 2752 971 δὲ
2780 910 3266 987 χωρεπισκοπικὴν
3316 906 3505 977 τιμὴν,
3560 908 3744 977 ἤγουν

2148 1012 2246 1083 τὴν
2270 1011 2561 1079 καθέδραν,
2595 1009 2692 1062 καὶ
2723 1008 2792 1062 τὰ
2818 1005 3001 1070 λοιπὰ,
3028 1005 3168 1059 κατὰ
3198 1003 3290 1057 τὸν
3322 1002 3366 1056 θ’
3397 1002 3619 1057 κανόνα
3643 1000 3743 1068 τῆς

2150 1105 2208 1158 ἐν
2240 1101 2643 1173 Νεοκαισαρείᾳ
2682 1100 2924 1164 συνόδου,
2954 1098 3052 1152 καὶ
3088 1096 3179 1150 τόν
3217 1102 3303 1150 κα⁹
3334 1095 3429 1149 καὶ
3486 1094 3589 1147 τὸν
3639 1089 3737 1156 att."

2148 1199 2248 1267 τῆς
2284 1194 2341 1261 ς’
2370 1193 2613 1248 συνόδου.
2641 1190 2743 1246 Διὰ
2771 1187 2932 1243 τοῦτο
2960 1186 3054 1240 οὖν
3087 1202 3254 1256 φησιν
3288 1187 3316 1238 ό
3342 1182 3525 1238 κανὼν
3560 1181 3743 1237 ἀπόλ-

2148 1289 2263 1343 λειν
2286 1286 2474 1341 τοῦτον
2506 1285 2604 1338 καὶ
2641 1282 2930 1353 ἀμφότερα
2960 1278 3100 1335 κατὰ
3130 1278 3190 1331 τὸ
3218 1276 3372 1339 τέλος
3404 1274 3505 1330 τοῦ
3536 1274 3595 1328 a.’
3635 1292 3744 1329 κα-

2149 1372 2298 1443 νόνος
2326 1378 2425 1448 τῆς
2450 1374 2734 1446 παρούσης
2766 1372 3011 1429 συνόδου.
3045 1369 3119 1424 Τὸ
3148 1369 3228 1434 δὲ,
3257 1368 3382 1438 δίχα
3409 1366 3509 1419 τοῦ
3552 1368 3627 1419 ἐν
3673 1367 3741 1437 τῇ

2147 1472 2304 1526 πόλει
2355 1468 2691 1533 ἐπισκόπου,
2740 1467 2843 1520 οὐκ
2891 1462 3294 1534 ἐκλαμϐάνεται
3338 1460 3419 1522 είς
3471 1456 3536 1511 τὸ
3606 1458 3745 1512 ἄνευ

2146 1564 2369 1633 ἐντολῆς
2423 1560 2653 1625 τούτου,
2710 1556 2848 1611 ἀλλὰ
2894 1557 2974 1617 εις
3022 1554 3084 1609 τὸ
3125 1554 3251 1623 δίχα
3305 1547 3743 1618 τελεσιουργξας

2142 1653 2377 1708 ἐκείνου.
2404 1650 2524 1705 Κᾶν
2568 1648 2680 1719 γὰρ
2726 1644 2959 1718 ἐνταλθῇ
3007 1641 3427 1715 χωρεπίσκοπος
3475 1655 3743 1709 χειροτο-

2146 1746 2307 1817 νῆσαι
2346 1741 2737 1816 πρεσϐύτερον,
2772 1738 2869 1791 καὶ
2898 1736 3101 1807 ποιήσῃ
3126 1731 3308 1795 τοῦτο,
3326 1731 3533 1800 ἄκυρος
3572 1729 3741 1782 ἔσται

2072 1797 2120 1857 Β
2145 1797 2569 1907 ἦῂιχειροθεσία,
2596 1908 2599 1911 η
2623 1797 2735 1884 διὰ,
2758 1828 2819 1882 τὸ
2871 1826 2946 1899 μὴ
2990 1797 3211 1895 δοθῆναι
3262 1820 3409 1891 αὐτῷ
3441 1797 3735 1883 ἐξουσίαν

2143 1932 2251 1986 ἀπὸ
2299 1928 2407 1983 τῶν
2436 1926 2675 1981 κανόνων
2706 1919 3116 1995 πρεσϐυτέρους
3162 1915 3518 1987 χειροτονεῖν.
3566 1910 3735 1965 ’Δνάο

2144 2019 2315 2091 γνωθι
2358 2008 2453 2073 καλ⁵
2489 2017 2585 2070 τὸν
2619 2014 2681 2070 ιδ’
2708 2014 2912 2069 κανόνα
2953 2011 3057 2082 τῆς
3085 2010 3143 2063 ἐν
3173 2004 3587 2073 Νεοκαισαρείς⁵
3621 2018 3729 2054 συ-

2144 2113 2314 2169 νόδου.
2347 2110 2460 2164 Καὶ
2491 2107 2798 2180 σημείωσαι
2841 2105 2924 2158 ὅτι
2975 2103 3032 2155 ai
3087 2098 3238 2171 παρὰ
3297 2094 3730 2168 μητροπολιτῶν

2142 2204 2427 2275 γινόμεναι
2473 2198 2807 2272 χειροθεσίαι
2838 2196 2921 2260 είς
2942 2188 3357 2267 Δἧγουμένουςῆ
3394 2188 3477 2250 εἰς
3524 2184 3732 2247 ἄλλους

2140 2299 2295 2361 τινὰς
2340 2294 2739 2363 ὑποκειμένους
2782 2289 3000 2360 ἑτέραις
3049 2283 3285 2355 ἐνορίαις
3332 2278 3732 2350 ἀκυροῦν-ται·

2141 2390 2276 2446 ἀλλὰ
2304 2387 2397 2442 καὶ
2426 2386 2496 2440 τὰ
2524 2385 2679 2456 παρά,
2708 2400 2873 2438 τινων
2895 2380 3158 2450 γινόμενα
3185 2372 3397 2428 τυπικὰ
3427 2372 3605 2441 χάριν
3635 2368 3732 2422 τοῦ

2144 2486 2221 2557 μὴ
2251 2477 2649 2553 σφραγίζεσθαι
2693 2473 2848 2548 παρὰ
2896 2470 2992 2525 τοῦ
3040 2468 3382 2539 πατριάρχου
3422 2463 3556 2527 τοὺς
3586 2462 3731 2557 acad-

2140 2554 2487 2651 ἡγουμένους
2530 2570 2641 2625 τῶν
2698 2563 3079 2640 μοναστηρίων
3110 2560 3312 2625 αὐτῶν,
3567 2554 3729 2651 παρᾶ

2138 2648 2342 2743 ἐτέρων
2398 2662 2747 2729 ἐπισκόπων,
2800 2660 2835 2731 ἦ
2880 2655 3019 2729 μηδὲ
3065 2655 3204 2719 ὅλως
3269 2648 3729 2723 σφραγίζεσθαι,

2138 2762 2816 2922 ῗΚεκῶλυται
2852 2839 2998 2896 κατὰ
3040 2836 3136 2891 τὸν
3175 2834 3338 2888 ἕκτον
3382 2830 3591 2885 κανόνα
3608 2829 3729 2922 ⁸τῆς

2141 2919 2199 2995 ἐν
2227 2938 2469 3010 Σαρδικῇ
2500 2933 2720 2993 συνόδου
2746 2930 2810 2984 τὸ
2827 2927 3093 2998 καθιστᾷν
3120 2922 3423 2977 ἐπίσκοπον
3456 2921 3515 2972 ἐν
3545 2919 3730 2991 κώμῃ

2139 3031 2304 3101 τινὶῆ
2344 3027 2575 3100 βραχείᾳ
2601 3024 2774 3079 πόλει.
2809 3020 2901 3075 Διὸ
2945 3016 3355 3089 πρεσϐυτέρους
3394 3013 3427 3083 ἢ
3462 3028 3728 3083 χωρεπι-

463 3100 1069 3198 ergocborepiscopos
1135 3100 1313 3184 canon
1374 3100 1517 3184 ultra
1572 3130 1861 3200 potestatis
1926 3147 2036 3188 sum

2144 3100 2381 3189 σκόπους
2434 3124 2493 3177 ἐν
2539 3119 2766 3181 ταύταις
2804 3114 3101 3171 καθίστων.
3148 3109 3391 3171 Τούτους
3443 3100 3542 3159 οὖν
3590 3106 3727 3169 τοὺς

462 3218 666 3274 limites
697 3219 950 3291 progredi
978 3228 1156 3290 vetat;
1186 3221 1280 3276 sed
1306 3198 1682 3289 ecclesiarum,
1708 3222 1905 3293 inquit,
1926 3223 2035 3280 sibi

2144 3215 2593 3291 χωρεπισκόπους
2629 3211 2855 3266 ἀπαιτεῖ
2877 3208 2906 3261 ό
2933 3204 3116 3262 κανὼν
3150 3204 3227 3274 μὴ
3252 3199 3583 3270 παρεξιέναι
3618 3198 3724 3269 τὴν

462 3310 836 3376 subjectarum
862 3311 1337 3368 administratione
1349 3315 1609 3377 contenti,
1633 3314 1890 3380 lectores,
1935 3315 2033 3387 by-

460 3402 824 3472 podiaconos,
852 3403 1266 3473 exorcistasque
1295 3404 1632 3459 constituant
1660 3423 1675 3458 :
1725 3419 1754 3459 a
1785 3406 2032 3462 diaconis

460 3508 592 3550 vero
664 3495 1155 3566 sacerdotibusque
1233 3496 1509 3563 creandis,
1566 3497 1775 3567 absque
1838 3497 2033 3553 urbani

460 3585 701 3654 episcopi
752 3584 1034 3649 facultate,
1064 3585 1283 3642 etiamsi
1340 3586 1642 3657 episcopali
1686 3586 1878 3643 ordine
1933 3588 2034 3642 ali-

460 3675 678 3744 quando
699 3675 862 3748 Μο
879 3676 1121 3747 insigniti
1140 3676 1389 3743 fuissent,
1411 3692 1637 3747 prorsus
1658 3677 2031 3749 cborepiscopi

459 3765 795 3822 abstineant.
845 3766 948 3833 Qui
997 3782 1131 3823 vero
1172 3781 1441 3822 canonem
1494 3767 1736 3833 violarit,
1782 3768 1837 3823 in
1905 3784 2029 3824 eum

457 3858 802 3929 depositione
824 3859 1185 3916 animadverti
1216 3859 1412 3930 placet.
1462 3860 1896 3932 Chorepiscopos
1931 3875 2030 3916 an-

458 3959 565 4005 tem
608 3949 806 4006 urbani
849 3950 1095 4021 episcopi
1144 3949 1197 4004 in
1243 3964 1340 4005 sua
1370 3949 1598 4006 dimcesi
1643 3951 2027 4017 constituunt;

456 4059 597 4117 quos
658 4043 880 4115 quidem
952 4042 1008 4097 in
1071 4042 1442 4111 apostolorum
1512 4042 1690 4097 locum
1772 4042 2030 4099 suffectos

456 4140 630 4197 fuisse
666 4136 1071 4209 septuagesimo
1107 4132 1566 4191 Neocaesariensis
1597 4135 1785 4207 synodi
1821 4150 2031 4194 canone

455 4229 771 4287 edocemur.

455 4320 681 4379 ARIST.
718 4340 737 4374 ι
770 4319 1113 4386 Exorcistas,
1137 4329 1188 4375 et
1223 4319 1480 4384 lectores,
1507 4325 1561 4374 et
1596 4318 2026 4391 bypodiaconos,

530 4436 548 4468 ι
572 4424 626 4471 et
646 4423 903 4470 cantores
925 4412 1353 4483 chorepisc0pns
1371 4412 1679 4479 constituit,
1705 4428 1811 4467 non
1836 4412 2026 4469 itidem

2134 3315 2342 3371 οἰκείαν
2374 3311 2551 3377 τάξιν,
2578 3307 2886 3387 οἰκονομεῖν
2912 3304 2969 3358 δὲ
2998 3302 3095 3365 τὰς
3121 3297 3495 3367 ὑποκειμένας
3528 3295 3726 3356 αὐτοῖς

2134 3406 2450 3476 ἐκκλησίας,
2483 3405 2579 3458 καὶ
2622 3402 2800 3455 ποιεῖν
2850 3394 3233 3466 ἀναγνώστας,
3267 3392 3365 3446 καὶ
3415 3389 3721 3444 ὑποδιακό-

2134 3515 2278 3565 νους,
2306 3496 2403 3551 καὶ
2431 3493 2787 3564 ἐφορκιστάς·
2824 3490 2963 3561 μήτε
2983 3489 3041 3543 δὲ
3070 3487 3317 3541 διάκονον
3344 3480 3716 3553 χειροτονεῖν,

2134 3594 2278 3663 μήτε
2302 3587 2698 3661 πρεσϐύτερον,
2722 3586 2850 3640 ἄνευ
2882 3581 2978 3636 τοῦ
3013 3583 3114 3650 τῆς
3147 3577 3353 3638 πόλεως
3377 3574 3720 3638 ἐπισκόπου,

2133 3680 2239 3736 κᾶν
2273 3678 2571 3733 ἐπισκόπου
2605 3673 2945 3748 χειροτονίας
2970 3670 3163 3739 ἔτυχον
3189 3669 3237 3720 oi
3267 3664 3719 3736 χωρεπίσκοποι.

2143 3773 2202 3828 '0
2227 3771 2285 3825 δέ
2315 3770 2406 3824 τὸν
2433 3770 2633 3824 κανόνα
2667 3763 3022 3834 παραϐαίνων
3056 3758 3551 3828 καθαιρεθήσεται.
3577 3754 3721 3819 Τοὺς

2132 3863 2589 3935 χωρεπισκόπους
2618 3858 2676 3914 δὲ
2708 3859 2756 3912 oi
2805 3856 2918 3911 τῶν
2951 3852 3163 3909 πόλεων
3194 3848 3445 3902 ποιοῦσιν
3476 3846 3718 3899 ἐπίσκο-

2132 3975 2249 4025 ποι,
2278 3951 2366 4019 αῖς
2420 3953 2763 4020 ὑπόκεινται,
2793 3948 2886 4011 οὒς
2938 3947 2967 4000 ό
3013 3945 3076 4001 ιδ’
3124 3940 3309 3996 κανὼν
3334 3939 3436 4008 τῆς
3470 3942 3531 3995 ἐν
3576 3938 3723 3991 Νεο-

2130 4048 2423 4120 καισαρείᾳ
2448 4044 2666 4101 συνόδου
2696 4044 2777 4108 είς
2804 4041 2977 4096 τύπον
3004 4041 3114 4096 τῶν
3141 4039 3185 4094 o'
3214 4037 3538 4095 ἀποστόλων
3570 4030 3723 4089 εἶναι

2132 4157 2288 4213 φησμ

2131 4321 2355 4377 ΑΡΙΣΤ.
2415 4338 2433 4372 ι
2475 4318 2854 4391 Ἐξορκιστὰς,
2884 4316 2982 4373 καὶ
3028 4315 3417 4386 ἀναγνώστας,
3445 4314 3549 4367 καὶ
3578 4313 3716 4366 om.

2208 4433 2226 4467 ι
2267 4413 2570 4481 διακόνους,
2588 4414 2683 4469 καὶ
2705 4413 2914 4483 ψάλτας
2938 4410 3235 4479 καθίστησι
3262 4408 3719 4479 χωρεπίσκοποςο

529 4527 547 4559 ι
582 4508 965 4577 presbyterum
1010 4511 1066 4561 et
1113 4505 1402 4560 diaconum
1451 4505 1571 4561 sine
1626 4505 1885 4577 episcopo
1931 4506 2026 4577 qui

2209 4526 2228 4559 ι
2271 4508 2332 4561 ού
2375 4506 2560 4577 μέντοι
2593 4505 2990 4577 πρεσϐύτερον,
3021 4504 3119 4558 κα)⁸
3151 4502 3399 4555 διάκονον
3444 4501 3579 4557 ἄνευ
3620 4499 3720 4553 τοῦ

528 4615 548 4648 ι
584 4595 787 4651 civitati
811 4604 1009 4665 praeest
1044 4611 1059 4649 :
1088 4593 1179 4662 qui
1216 4592 1319 4648 hoc
1341 4608 1470 4649 vero
1508 4593 1813 4663 transgredi
1841 4593 2027 4662 audet,

532 4709 551 4741 ι
585 4689 910 4758 deponatur.
943 4686 1195 4743 Civitatis
1226 4701 1356 4741 vero
1386 4687 1680 4756 episcopus
1724 4686 1857 4741 facit
1902 4687 2031 4743 cbo—

527 4802 545 4835 ι
580 4782 944 4852 repiscopum.
983 4798 1003 4831 ι

523 4874 771 4945 Quisque
796 4873 956 4928 debet
981 4889 1135 4929 suam
1169 4888 1505 4944 cognoscere
1545 4891 1858 4934 mensuram
1889 4885 1945 4933 et
1970 4878 2024 4932 in

396 4978 417 4987 ··
454 4962 689 5033 propriis
746 4962 996 5017 terminis
1056 4977 1295 5017 manere.
1368 4963 1665 5034 Propterea
1720 4964 1906 5036 itaque
1971 4975 2026 5022 et

451 5056 879 5125 cborepiscopus
939 5055 983 5110 si
1032 5067 1199 5109 ausus
1258 5051 1426 5109 fuerit
1477 5055 1858 5127 presbyterum
1925 5066 2022 5112 aut

449 5146 739 5201 diaconum
786 5143 1064 5208 ordinare,
1104 5143 1350 5212 exceptis
1401 5143 1470 5199 iis
1504 5144 1597 5213 qui
1626 5144 1731 5215 ipsi
1773 5147 2030 5201 commit-

450 5241 661 5299 tuntur,
694 5248 890 5302 nempe
916 5232 1237 5300 lectoribus,
1263 5233 1605 5302 cantoribus,
1629 5234 1940 5304 exorcistis,
1971 5246 2027 5293 et

449 5325 869 5397 hypodiaconis,
910 5326 1239 5395 deponetur.
1279 5325 1542 5393 Quamvis
1580 5327 1741 5384 aliter
1782 5332 1851 5385 de
1900 5330 2022 5387 istis

448 5417 614 5471 etiam
663 5416 923 5487 gradibus
971 5418 1147 5472 visum
1192 5427 1277 5474 est
1313 5433 1511 5488 magno
1570 5419 1796 5487 Basilio,
1848 5430 1909 5476 ut
1968 5423 2024 5478 in

450 5508 663 5564 decimo
704 5510 864 5564 tertio
905 5510 1102 5581 synodi
1149 5511 1454 5583 Ancyranae
1504 5527 1714 5570 canone
1756 5513 2020 5585 scriptum

450 5608 553 5657 est.

1051 5695 1280 5753 CANON
1322 5699 1415 5756 XI.

456 5806 474 5840 ι
532 5785 588 5843 Si
636 5786 757 5858 quis
807 5786 1121 5858 cpiscopus,
1171 5789 1251 5853 vel
1299 5791 1604 5862 presbyter,
1658 5793 1744 5850 vel
1795 5792 2020 5852 omnino

2213 4617 2230 4650 ι
2274 4599 2418 4653 κατὰ
2443 4599 2542 4670 τὴν
2571 4597 2729 4652 πόλιν
2754 4596 3061 4653 ἐπισκόπου
3082 4611 3096 4627 ⁸
3129 4598 3158 4649 ό
3195 4595 3253 4648 δέ
3282 4593 3443 4663 τοῦτο
3488 4592 3719 4661 τολμῶν

2208 4710 2226 4742 ι
2272 4691 2621 4762 ὑπερϐαίνειν
2667 4690 2754 4761 εἴη
2797 4689 3202 4761 καθῃρημένος.
3246 4686 3461 4760 Ὀτῆς
3500 4686 3717 4747 πόλεως

2208 4800 2227 4833 ι
2266 4781 2322 4836 δὲ
2349 4781 2649 4845 ἐπίσκοπος
2684 4784 2832 4835 ποιεῖ
2854 4780 3299 4853 χωρεπίσκοπον.
3342 4796 3361 4830 ι

2200 4873 2472 4938 Ἕκαστος
2517 4874 2727 4943 ὀφείλει
2764 4874 2827 4929 τὸ
2868 4873 3064 4927 ἑαυτοῦ
3100 4872 3301 4944 μέτρον
3348 4870 3585 4935 εἰδέναι,
3617 4870 3714 4923 καὶ

2129 4968 2241 5030 τοῖς
2272 4966 2423 5030 ίδίοις
2479 4968 2627 5037 ὅροις
2688 4966 3105 5039 ἐμμένειν.Διὰ
3154 4966 3317 5019 τοῦτο
3365 4964 3503 5032 γοῦν
3555 4967 3654 5019 καὶ
3686 4968 3713 5016 ό

2130 5059 2568 5130 χωρεπίσκοπος,
2599 5060 2649 5115 εί
2681 5060 2943 5131 τολμήσει
2987 5060 3358 5131 πρεσϐύτερον
3391 5059 3425 5130 ἢ
3458 5059 3710 5113 διάκονον

2128 5152 2505 5223 χειροτονῆσαι
2533 5152 2662 5205 ἄνευ
2686 5151 2794 5206 τῶν
2817 5154 3003 5207 ἐπιτετ
3013 5153 3313 5223 ραμμένων
3335 5150 3515 5222 αὐτῷ,
3542 5152 3707 5220 {nam

2128 5241 2511 5310 ἀναγνωστῶν,
2556 5242 2799 5312 ψαλτῶν,
2836 5243 3179 5313 ἐφορκιστῶν
3222 5259 3281 5295 τε
3336 5242 3434 5294 καὶ
3481 5240 3704 5294 ﬁrmem

2127 5332 2323 5397 κόνων,
2353 5331 2811 5404 καθαιρεθήσεται
2836 5349 2849 5365 ο
2883 5333 2987 5388 κᾶν
3018 5335 3196 5398 ἄλλως
3232 5335 3329 5388 καὶ
3360 5332 3497 5404 περὶ
3523 5328 3697 5386 αὐτῶν

2125 5425 2232 5479 τῶν
2289 5424 2514 5495 βαθμῶν
2562 5424 2641 5496 τῷ
2705 5425 2931 5497 μεγάλῳ
2986 5426 3255 5496 Βασιλείῳ
3306 5426 3467 5496 δοκῇ,
3524 5423 3693 5483 καθὼς

2125 5516 2344 5589 ἐγράφη
2372 5518 2431 5572 ἐν
2454 5516 2531 5588 τῷ
2556 5519 2991 5591 τρισκαιδεκάτῳ
3020 5520 3211 5573 κανόνι
3237 5518 3338 5589 τῆς
3361 5521 3425 5573 ἐν
3448 5519 3683 5589 Ἀγκύρῃ

2127 5610 2370 5666 συνόδου.

2722 5705 2960 5759 ΚΑΝΩΝ
2998 5704 3106 5761 IA'.

2123 5814 2151 5852 ιι
2186 5796 2251 5852 Ei
2278 5813 2358 5861 τις
2392 5796 2689 5864 ἐπίσκοπος
2715 5799 2753 5868 ἢ
2780 5798 3171 5870 πρεσϐύτερος,
3198 5798 3232 5870 ἦ
3282 5797 3423 5864 ὅλως
3472 5796 3575 5853 τοῦ
3604 5811 3696 5851 κιο
