3958 6242
388 336 521 400 1301
1448 410 1451 413 ν
1657 336 1933 427 mmo.
1972 335 2377 395 BALSAMON
3536 331 3695 400 tace

386 470 443 506 se
475 467 572 525 per
598 451 856 524 iniuriam
900 466 930 506 a
981 450 1383 519 potentioribus
1430 449 1688 521 opprimi,
1754 464 1965 520 suaque

2124 450 2283 505 ἱντων
2314 452 2522 516 αὐτοῖς,
2554 452 2589 523 ἢ
2623 450 2719 505 καὶ
2747 449 3171 521 περωρισθῆναι
3195 448 3285 504 8ιά
3335 450 3698 521 πταίσματα

386 548 488 601 sibi
508 547 705 615 injuste
722 544 852 614 eripi
872 551 1200 612 queruntur,
1222 551 1621 614 proptereaque
1636 544 1706 598 ab
1725 543 1971 599 Ecclesia

2124 546 2626 610 ιταδικασθέντων,
2676 545 2997 616 προσελθεῖν
3065 544 3245 597 ἐθέλοι
3292 545 3375 615 τῷ
3432 543 3697 614 βασιλεῖ,

386 638 492 693 sibi
538 634 697 709 441
750 634 1012 688 auxilium
1060 644 1386 704 exposcunt,
1432 643 1527 690 aut
1556 634 1721 691 etiam
1769 634 1972 704 quibus

2124 635 2385 707 ιχωροῦσι
2408 638 2487 708 τῷ
2516 637 2746 706 τοιούτῳ
2777 636 2999 690 ἀπιέναι
3025 650 3041 666 ⁸
3074 635 3279 702 μᾶλλον
3316 634 3373 687 δὲ
3416 634 3699 688 διάκονον

388 732 458 785 οι)
502 730 711 799 aliquas
740 727 920 783 delicti
958 726 1293 783 offensiones
1320 728 1500 784 exsilii
1536 742 1695 797 poena
1731 727 1969 796 irrogata

2124 728 2320 782 ιέλλειν
2348 732 2552 783 οἰκεῖον
2572 730 2711 800 πρὸς
2742 729 2835 781 τὸν
2864 727 3096 797 βασιλέα
3134 726 3274 797 μετᾶ
3308 730 3697 796 γραμμάτων

388 832 495 887 est,
536 822 918 892 imperatorem
962 819 1197 875 adeundi
1232 820 1549 876 facultatem
1604 832 1731 875 esse
1776 819 1967 875 decer-

2130 836 2158 882 ς
2192 821 2518 890 ἐπικουρίαν
2540 822 2650 874 τῶν
2679 821 3138 891 προσφευγόντων
3164 820 3233 887 τῇ
3270 816 3623 888 Ἐκκλησία..

390 922 522 970 nunt
562 914 897 971 :diaconum
921 902 1105 972 tamen
1162 916 1348 987 potius
1388 931 1512 972 cum
1556 916 1754 971 litteris
1796 929 1960 972 suum
2000 914 2068 969 ad
2113 916 2501 986 imperatorem
2531 915 2697 982 mitti,
2727 928 2903 984 eoque
2943 920 3107 983 pacto
3188 910 3454 967 Ecclesia:
3551 929 3700 983 sup-

392 1009 624 1078 plicibus
645 1008 902 1079 opitulari
935 1008 1136 1079 placet.

387 1104 615 1162 ARIST.
655 1125 674 1157 ι
716 1104 1023 1176 Episcopus
1054 1106 1137 1161 vel
1169 1106 1474 1178 presbyter,
1501 1104 1599 1177 qui
1626 1120 1725 1161 sua
1755 1114 1976 1176 sponte,

466 1216 485 1251 ι
518 1205 574 1253 et
610 1213 718 1253 non
751 1195 1050 1266 provinciae
1076 1194 1486 1267 metropolitani
1515 1197 1678 1267 jussu
1742 1196 1981 1267 impera-

476 1306 495 1341 ι
545 1296 723 1345 torem
768 1287 907 1355 adit,
933 1289 1323 1345 communione
1362 1288 1568 1359 pariter
1608 1303 1674 1343 ac
1705 1287 1978 1359 dignitate

472 1397 491 1433 ι
528 1380 770 1435 excidat.
811 1399 830 1433 ι

2074 1099 2301 1155 ΔΡΙΣΤ.
2371 1116 2392 1151 ι
2446 1100 2508 1154 Ὀ
2539 1098 2782 1171 προσιὼν
2811 1099 3142 1169 αὐτομάτως
3169 1097 3251 1169 τῷ
3285 1096 3510 1166 βασιλεῖ
3555 1096 3698 1150 ἐπει

2156 1210 2177 1244 r
2222 1207 2447 1254 σκοπος,
2493 1192 2528 1263 ἢ
2577 1191 2971 1262 πρεσϐύτερος,
3029 1190 3125 1244 καὶ
3174 1190 3298 1260 οὐχὶ
3349 1188 3701 1252 κελευσθεὶς

2152 1302 2173 1337 ι
2218 1283 2375 1353 παρά
2404 1282 2501 1337 τοῦ
2544 1283 2645 1352 τῆς
2690 1284 2881 1354 χώρας
2924 1282 3354 1355 μητροπολίτου,
3389 1284 3545 1353 μετα
3588 1281 3703 1353 τῆς

2157 1394 2176 1431 ι
2218 1376 2506 1439 κοινωνίας
2530 1375 2847 1431 ἐκπιπτέτω
2876 1377 2973 1431 καὶ
2997 1375 3101 1446 τῆς
3128 1375 3311 1440 ἀξίας.
3356 1394 3375 1427 ι
3702 1376 3717 1473 ι

466 1467 901 1527 lnobedientiam
950 1472 1005 1526 in
1055 1473 1317 1530 omnibus
1361 1473 1618 1529 tollentes
1670 1472 1880 1539 Patres,
1923 1479 1978 1527 et

2154 1467 2229 1523 Τδ
2253 1467 2631 1523 ἀνυπότακτον
2657 1470 2715 1521 ἐν
2747 1469 2918 1522 πᾶσιν
2950 1469 3000 1521 οἱ
3034 1467 3284 1538 Πατέρες
3308 1467 3701 1536 περιαιροῦν-

393 1564 1029 1631 οοηοιὶιυιιιτηῗοτιιίηοιη
1051 1574 1463 1633 conservantes,
1482 1566 1773 1637 prohibent
1792 1574 1848 1621 et
1865 1566 1980 1634 epi«

2124 1577 2195 1623 ες,
2226 1560 2320 1613 καὶ
2365 1558 2426 1613 τδ
2476 1558 2742 1613 εὔτακτον
2797 1558 3220 1629 συντηροῦντες,
3249 1559 3535 1613 κωλύουσι
3596 1558 3704 1611 καὶ

394 1670 614 1724 scopos,
641 1663 695 1709 et
719 1655 1069 1733 presbyteros
1101 1666 1155 1711 et
1184 1657 1322 1713 alios
1345 1656 1580 1727 catalogi
1615 1655 1978 1712 sacerdotalis

2124 1651 2208 1716 οὺς
2234 1650 2595 1715 ἐπισκόπους,
2624 1652 2720 1704 καὶ
2758 1652 2890 1714 τοὺς
2942 1651 3382 1721 πρισὸυτέρους,
3416 1652 3517 1703 καὶ
3552 1651 3702 1713 τοὺς

394 1744 514 1800 sine
546 1745 798 1816 primatis
830 1746 916 1801 sui
950 1716 1151 1803 liitcris
1179 1762 1360 1817 regem
1396 1746 1551 1802 adire
1589 1754 1645 1803 et
1670 1762 1834 1803 aures
1857 1745 1979 1812 ejus

2124 1741 2279 1805 λλους
2307 1739 2405 1794 τοῦ
2438 1740 2717 1811 ἱερατικοῦ
2763 1742 3077 1810 καταλόγου
3125 1742 3257 1795 ἀνευ
3312 1742 3699 1811 γραμμάτων

394 1835 708 1899 obturbare,
735 1845 787 1892 et
817 1838 1119 1909 quidquam
1151 1840 1218 1893 de
1242 1840 1518 1909 aliquibus
1546 1838 1774 1895 referre.
1808 1838 1873 1893 Et
1898 1838 1981 1892 id-

396 1928 544 1982 circo
574 1943 698 1982 eum
726 1930 819 1998 qui
842 1930 962 1985 sine
996 1931 1167 1995 illius,
1189 1931 1283 2000 qui
1319 1932 1618 1999 provincia:
1651 1932 1975 2002 metropolis

396 2028 479 2074 est
525 2020 839 2089 episcopus,
881 2022 1156 2076 sententia
1200 2038 1385 2094 regem
1430 2024 1563 2087 adit,
1613 2033 1668 2079 et
1715 2023 1981 2095 dignitate

398 2112 594 2182 deponi
622 2113 838 2183 jubent,
875 2124 929 2171 et
955 2128 985 2169 a
1020 2114 1411 2171 communione
1448 2115 1644 2172 arceri.

1008 2378 1237 2436 CANON
1266 2380 1387 2437 ΧΗ.

406 2488 426 2522 ι
457 2468 511 2524 Si
536 2470 660 2541 quis
692 2470 977 2542 presbyter
1000 2472 1081 2527 vel
1103 2472 1369 2529 diaconus
1392 2488 1422 2527 a
1454 2471 1676 2543 proprio
1700 2470 1979 2541 episcopo,

479 2584 499 2617 ι
535 2566 617 2619 vel
652 2567 947 2635 episcopus
982 2580 1012 2618 a
1050 2566 1259 2636 synodo
1294 2565 1604 2637 depositus,
1647 2579 1818 2618 ausus
1869 2561 1984 2616 fue-

485 2678 505 2711 ι
546 2658 617 2713 rit
666 2657 1013 2728 imperatoris
1069 2658 1294 2713 auribus
1347 2657 1656 2713 molestiam
1698 2654 1980 2720 exhibere,

482 2773 503 2806 ι
547 2769 672 2808 cum
707 2758 955 2822 oporteat
983 2751 1051 2805 ad
1084 2752 1347 2821 majorem
1383 2749 1659 2822 synodum
1703 2748 1976 2813 converti,

483 2860 502 2893 ι
538 2842 729 2911 etjus,
780 2841 925 2911 quod
966 2855 1025 2896 se
1081 2842 1282 2897 habere
1321 2851 1499 2913 putat,
1543 2840 1610 2897 ad
1650 2840 1835 2910 plures
1869 2837 1986 2909 epi-

483 2952 503 2986 ι
548 2948 745 3002 scopos
786 2933 1017 2998 referre,
1062 2949 1367 3003 eorumque
1407 2934 1870 2990 examinationem
1926 2938 1982 2984 et

482 3041 505 3075 ι
536 3022 803 3093 judicium
858 3023 1141 3092 suscipere
1175 3039 1190 3078 :
1228 3023 1273 3078 si
1309 3023 1492 3093 itaque
1532 3022 1618 3079 his
1650 3020 1983 3090 contemptis

488 3132 507 3167 ι
556 3113 871 3185 imperatori
906 3116 1171 3171 molestus
1211 3114 1396 3181 fuerit,
1428 3116 1475 3172 is
1507 3115 1658 3171 nulla
1706 3106 1864 3171 venia
1905 3113 1989 3167 di-

488 3225 507 3259 ι
547 3221 709 3277 gnus,
743 3220 920 3277 neque
944 3205 1031 3261 sui
1058 3204 1382 3261 defendendi
1416 3206 1597 3261 locum
1628 3204 1848 3269 habeat,
1887 3216 1989 3259 nec

488 3319 508 3353 ι
549 3300 912 3358 restitutionis
945 3301 1140 3355 lutum
1165 3314 1315 3369 spem
1355 3308 1653 3370 exspectet.
1691 3317 1711 3351 i

483 3391 683 3449 BALS.
716 3394 907 3450 Cuivis
941 3392 1331 3458 condemnato,
1363 3394 1459 3464 qui
1511 3410 1571 3451 se
1612 3394 1815 3465 injuria
1857 3396 1995 3451 affe-

413 3500 561 3543 ctum
589 3498 758 3556 putet,
786 3487 1170 3559 appellationis
1194 3479 1457 3541 auxilium
1481 3486 1669 3542 datum
1708 3496 1814 3543 est.
1853 3487 1998 3543 Dicit

416 3594 547 3648 ergo
572 3593 769 3641 canon,
798 3577 941 3646 quod
962 3577 1065 3631 etsi
1098 3577 1202 3631 hoc
1218 3578 1493 3647 episcopis
1513 3576 1831 3647 datum-est,
1849 3578 2000 3633 simi-

418 3669 541 3725 liter
601 3678 655 3725 et
707 3669 959 3736 clericls;
999 3683 1109 3723 non
1158 3676 1337 3722 tamen
1390 3670 1472 3724 eis
1516 3669 1841 3738 permissum
1873 3675 1997 3736 fest,

421 3778 584 3817 aures
616 3762 793 3832 regias
820 3760 888 3815 de
916 3776 980 3815 ea
1007 3776 1064 3816 re
1091 3760 1415 3816 obtundere.
1452 3758 1509 3815 Si
1533 3761 1655 3830 quis
1686 3776 1839 3829 ergo,
1864 3762 1997 3817 reli—

420 3863 511 3911 cto
546 3855 611 3909 ad
658 3853 923 3924 majorem
966 3852 1238 3925 synodum
1280 3853 1456 3917 aditu,
1500 3855 1999 3926 praetermissisque

418 3948 562 4019 jur:s
584 3948 669 4003 sui
687 3962 871 4002 coram
892 3962 956 4001 ea
982 3946 1406 4013 allegationibus
1428 3962 1526 4012 per
1549 3946 1996 4015 appellationem,

422 4042 491 4094 «le
516 4056 575 4093 ca
610 4056 669 4095 re
690 4041 1007 4110 imperatori
1031 4040 1301 4094 molestus
1323 4038 1512 4104 fuerit,
1546 4054 1654 4094 uon
1685 4038 1862 4093 solum
1890 4055 1999 4094 non

424 4132 730 4203 juvabitur,
769 4131 862 4187 sed
896 4130 1121 4203 perinde
1150 4132 1381 4187 ac'nulla
1411 4130 1566 4186 venia
1611 4130 1829 4200 dignus,
1882 4144 2004 4184 om-

428 4242 551 4281 nem
575 4228 659 4281 sui
689 4226 834 4297 juris
873 4225 1210 4298 proponendi
1238 4224 1462 4294 januam
1498 4224 1601 4281 sibi
1635 4224 1909 4288 occludet,
1949 4231 2005 4278 et

429 4334 531 4374 nec
564 4335 715 4390 spem
747 4319 963 4389 quidem
990 4317 1351 4374 restitutionis
1377 4317 1621 4372 habebit.
1670 4314 1879 4370 Dixerit
1909 4331 2006 4370 au-

2085 1833 2179 1888 τοῦ
2215 1832 2437 1904 πρώτου
2492 1833 2673 1887 αὐτῶν
2719 1833 2860 1905 πρὸς
2906 1833 3133 1905 βασιλέα
3176 1834 3553 1903 ἀπέρχεσθαι,
3593 1835 3699 1887 καὶ

2085 1928 2183 1990 τὰς
2211 1926 2387 1988 ἀκοὰς
2423 1924 2592 1979 αὐτοῦ
2636 1925 3018 1996 παρενοχλεῖν,
3046 1926 3145 1980 καὶ
3191 1926 3499 1995 ἀναφέρειν
3550 1926 3697 1997 περί

2084 2034 2272 2070 τινων.
2317 2017 2426 2069 Καὶ
2453 2016 2543 2069 διὰ
2584 2016 2744 2069 τοῦτο
2792 2017 2883 2068 τὸν
2940 2016 3069 2071 ἀνευ
3118 2014 3348 2085 γνώμης
3392 2015 3494 2068 τοῦ
3533 2018 3693 2070 κατὰ

2086 2108 2183 2179 τὴν
2216 2108 2551 2179 μητρόπολιν
2590 2110 2689 2177 τῆς
2714 2107 2988 2180 ἐπαρχίας
3021 2107 3324 2160 ἐπισκόπου
3356 2106 3437 2176 τῷ
3468 2106 3697 2177 βασιλεῖ

2088 2201 2382 2270 προσιόντα
2406 2204 2500 2254 καὶ
2529 2200 2627 2270 τῆς
2651 2199 2808 2266 ἀξίας
2833 2199 3222 2270 καθαιρεῖσθαι
3244 2200 3695 2269 προστάττουσι,

2088 2295 2187 2349 καὶ
2214 2294 2316 2365 τῆς
2341 2292 2631 2356 κοινωνίας
2660 2292 3050 2363 ἀπείργεσθαι.

2692 2385 2934 2438 ΚΛΝΩΝ
2959 2383 3059 2439 ΙΒ’.

2101 2497 2121 2532 ι
2160 2480 2228 2533 Ei
2266 2496 2351 2542 τις
2400 2478 2505 2532 ὑπὸ
2532 2478 2627 2531 τοῦ
2660 2477 2791 2532 ίδίου
2820 2477 3120 2531 ἐπισκόπου
3161 2477 3515 2550 καθαιρεθεὶς
3552 2497 3697 2549 πρε-

2128 2589 2179 2641 γι
2227 2570 2489 2640 σϐύτερος
2548 2570 2889 2641 ἢδιάκονος,
2940 2570 2973 2640 ἢ
3030 2571 3127 2623 καί⁵
3187 2570 3506 2635 ἐπίσκοπος
3578 2573 3695 2626 ὑπὸ

2168 2684 2188 2718 ι
2234 2665 2490 2727 συνόδου,
2554 2663 2788 2734 ὀχλῆσαι
2844 2662 3141 2734 τολμήσειε
3197 2664 3315 2728 ’τάς
3385 2665 3697 2733 βασιλικὰς

2163 2776 2183 2810 ι
2224 2756 2419 2821 ἀκοὰς,
2459 2756 2584 2810 δέον
2632 2755 2727 2809 ἐπὶ
2794 2754 3020 2825 μείζονα
3086 2754 3405 2809 ἐπισκόπων
3458 2757 3694 2811 σύνοδον

2167 2868 2188 2903 ι
2227 2848 2546 2917 τρέπεσθαι,
2581 2848 2679 2902 καὶ
2731 2845 2768 2901 ἃ
2815 2846 3027 2915 νομίζει
3074 2844 3260 2900 δίκαια
3299 2844 3446 2915 ἔχειν
3502 2863 3694 2916 προσ·-

2163 2957 2184 2993 ι
2226 2940 2520 3009 αναφέρειν
2566 2938 2809 2992 πλείοσιν
2858 2937 3200 3002 ἐπισκόποις,
3256 2938 3352 2991 καὶ
3390 2938 3491 3009 τὴν
3540 2938 3697 3006 παρ’

2167 3052 2187 3087 ι
2231 3034 2413 3089 αὐτῶν
2457 3032 2709 3097 ἐξέτασίν
2750 3048 2811 3085 τε
2865 3032 2963 3086 καὶ
3005 3031 3290 3099 ἐπίκρισιν
3330 3028 3694 3100 ἐκδέχεσθαι·

2164 3145 2183 3180 ι
2227 3127 2274 3180 εί
2304 3126 2360 3181 δὲ
2398 3126 2605 3179 τούτων
2644 3124 2991 3195 ὀλιγωρήσας
3036 3122 3347 3194 ἐνοχλήσειε
3410 3121 3493 3191 τῷ
3530 3121 3696 3191 βασι-

2162 3236 2183 3272 ι
2223 3218 2328 3285 λεῖ,
2375 3219 2468 3271 καὶ
2520 3216 2711 3271 τοῦτον
2760 3215 2899 3287 μηδέ
2946 3216 3076 3286 μιᾶς
3122 3214 3463 3283 συγγνώμης
3486 3211 3688 3279 ἀξιοῦ-

2174 3329 2194 3363 ι
2238 3311 2386 3379 σθαι,
2420 3311 2555 3381 μηδὲ
2606 3309 2792 3381 χώραν
2833 3307 3133 3377 ἀπολογίας
3182 3307 3353 3377 ἔχειν,
3399 3307 3539 3376 μηδέ
3584 3306 3698 3359 ἐλ-

2172 3423 2191 3456 ι
2233 3404 2364 3457 πὶδα
2394 3402 2699 3473 μελλούσης
2728 3398 3231 3461 ἀποκαταστάσεως
3275 3398 3622 3467 προσδοκᾷν.
3667 3416 3690 3450 ι

2178 3496 2375 3551 ΒΔΛΣ.
2431 3495 2603 3549 Παντὶ
2670 3492 3159 3562 καταδικαζομένῳ
3213 3490 3311 3544 καὶ
3371 3490 3693 3543 ἀδικεῖσθαι

2098 3587 2335 3657 οἰομένῳ
2376 3588 2409 3657 ἡ
2457 3586 2555 3656 τῆς
2591 3585 2859 3655 ἐκκλήτου
2893 3583 3050 3653 ἐδόθη
3088 3569 3334 3653 βοήθεια.
3367 3585 3517 3654 Φησὶ
3557 3583 3694 3651 γοῦν

2099 3682 2129 3735 ό
2159 3679 2342 3734 κανὼν
2374 3680 2469 3744 ὡς,
2502 3679 2551 3732 εί
2588 3679 2684 3732 καὶ
2725 3676 2943 3747 ἐνεδόθη
2976 3675 3133 3730 τοῦτο
3177 3678 3292 3737 τοῖς
3332 3676 3692 3739 ἐπισκόποις,

2103 3774 2372 3837 ὡσαύτως,
2413 3774 2510 3826 καὶ
2546 3775 2660 3835 τοῖς
2701 3770 3013 3842 κληρικοῖς,
3060 3770 3175 3823 ἀλλ’
3218 3772 3319 3824 οὐκ
3367 3762 3691 3841 ὲξεξωῇθη

2104 3868 2202 3921 καὶ
2230 3865 2328 3929 τὰς
2348 3856 2634 3935 βασιλικὰς
2660 3864 2829 3927 ἀκοάς
2850 3862 3018 3933 χάριν
3043 3862 3237 3917 τούτου
3271 3862 3475 3931 όχλεῖν.
3508 3863 3575 3915 Ei
3602 3880 3692 3924 τις

2103 3957 2196 4012 οὖν
2234 3955 2554 4011 καταλιπὼν
2593 3955 2655 4008 τὸ
2707 3954 3029 4025 προσελθεῖν
3075 3954 3287 4025 μείζονι
3342 3955 3557 4024 συνόδῳ
3598 3956 3698 4007 καὶ

2106 4048 2393 4119 γυμνάσαι
2427 4048 2527 4111 τὰς
2554 4046 2770 4109 δικαίας
2817 4046 3188 4114 δικαιολογίας
3217 4050 3361 4101 κατὰ
3393 4046 3562 4114 λόγον
3595 4048 3697 4099 ἐκ·

2107 4140 2334 4210 κλήτου,
2361 4138 2583 4210 ὀχλήσει
2616 4138 2845 4209 βασιλέα
2872 4139 3005 4208 περὶ
3035 4137 3254 4203 τούτου,
3288 4139 3353 4192 οὐ
3388 4138 3556 4207 μόνον
3585 4140 3693 4191 οὐκ

2106 4232 2544 4304 ὠφεληθήσεται,
2579 4230 2696 4286 ἀλλ’
2726 4232 2801 4295 ὡς
2837 4230 3112 4302 μηδεμιᾶς
3144 4228 3479 4300 συγγνώμης
3506 4228 3701 4293 ἁξιού-

2111 4342 2311 4394 μενος,
2364 4325 2546 4378 πᾶσαν
2592 4323 2765 4394 θύραν
2816 4322 3026 4383 οἰκείας
3086 4321 3451 4387 δικαιολογίας
3512 4319 3699 4387 ἐαυτῷ

434 4420 539 4464 tem
607 4411 918 4480 quispiam;
954 4407 1091 4463 Cum
1139 4424 1318 4464 canon
1365 4407 1511 4462 dicat
1556 4406 1837 4477 depositos
1891 4420 1997 4461 non

2124 4415 2460 4486 thuye’mer,
2495 4416 2585 4470 καὶ
2612 4415 2737 4469 οὐδὲ
2772 4413 2963 4469 ἐλπίδα
3018 4412 3130 4480 ἕξει
3165 4412 3698 4474 ἀποκαταστάσεως.

431 4499 630 4554 debere
667 4499 732 4554 ad
768 4499 1150 4569 imperatorem
1175 4498 1457 4565 accedere,
1492 4499 1585 4554 sed
1632 4498 1699 4553 ad
1742 4499 2005 4567 majorem

433 4591 727 4663 synodum,
760 4600 820 4645 ut
858 4592 925 4656 is,
956 4592 1048 4660 qui
1072 4591 1210 4645 forte
1242 4591 1311 4646 ab
1348 4590 1627 4660 Ephesino
1656 4592 1739 4647 vel
1776 4589 2004 4647 Thessa-

435 4684 699 4740 lonicensi
722 4684 1003 4753 depositus
1038 4691 1144 4747 est,
1179 4681 1245 4738 ad
1290 4685 1659 4754 patriarcham
1711 4685 2007 4741 universa-

432 4779 599 4834 salem
625 4785 772 4833 recte
790 4779 1047 4833 accedere
1065 4787 1326 4849 cogetur:
1355 4779 1449 4851 qui
1473 4794 1600 4835 vero
1625 4794 1653 4834 a
1696 4779 2009 4851 patriarcha

435 4871 832 4926 condemnatus
880 4878 985 4932 est.
1027 4884 1151 4923 cum
1199 4885 1307 4924 non
1341 4870 1538 4926 habeat
1572 4885 1682 4939 quo
1705 4870 2009 4941 confugiat,

438 4964 500 5016 ad
528 4964 908 5033 imperatorem
943 4963 1233 5029 accedens,
1268 4963 1545 5033 punietur,
1572 4978 1641 5017 an
1677 4963 1824 5018 non?
1853 4962 2010 5019 Solu-

435 5058 529 5113 tio.
565 5054 820 5111 Nonnulli
858 5055 1137 5121 dicebant,
1178 5056 1233 5108 in
1264 5068 1453 5110 eorum
1478 5068 1693 5125 quoque
1713 5056 2014 5113 sententias

437 5150 614 5204 locum
653 5149 852 5204 habere
885 5164 971 5214 ea,
1015 5162 1137 5217 quae
1172 5162 1200 5201 a
1229 5162 1439 5202 canone
1474 5147 1755 5210 dicuntur,
1784 5158 2015 5218 excepto

442 5243 757 5305 universali.
804 5243 1063 5312 quoniam
1111 5240 1592 5311 llierosolymitani
1640 5241 1909 5296 sententia
1947 5240 2016 5296 ab

440 5334 780 5389 Antiotheno
814 5335 1168 5401 dijudicetur,
1199 5343 1254 5388 et
1310 5333 1635 5389 Antiocheni
1679 5334 1747 5388 ab
1782 5334 2017 5389 Alexan-

440 5424 619 5491 drino,
652 5433 705 5479 et
732 5427 812 5480 sic
839 5428 1097 5493 deinceps
1127 5425 1429 5480 secundum
1460 5425 1722 5496 majorem
1747 5427 2013 5481 uniuscu-

436 5516 636 5587 jusque
682 5518 950 5572 Ordincm.
1001 5518 1128 5573 Mihi
1175 5528 1354 5573 autem
1404 5518 1617 5573 videtur
1665 5532 1841 5573 canon
1896 5534 2018 5575 esse

441 5610 622 5663 editus
678 5618 900 5678 propter
940 5610 1240 5665 sententias
1277 5609 1508 5665 aliorum
1542 5611 1923 5681 episc0porum
1964 5619 2019 5665 et

448 5698 1003 5769 metropolitanorum,
1028 5714 1134 5755 non
1154 5702 1315 5755 etlam
1337 5701 1796 5772 patriarcharum.
1818 5700 2018 5763 Eorum

412 5790 592 5887 “enim
636 5790 919 5847 sententia!
955 5791 1302 5861 appellationi
1349 5808 1458 5848 non
1518 5791 2016 5867 subjiciuntur._Et

2116 4508 2276 4564 Εἴποι
2324 4507 2382 4563 δέ
2421 4525 2507 4573 τις
2541 4506 2638 4574 ὡς,
2674 4506 2769 4560 τοῦ
2800 4507 3025 4571 κανόνος
3055 4506 3308 4575 λέγοντος
3342 4504 3419 4575 μὴ
3452 4504 3701 4573 προσέρ-

2113 4597 2306 4671 χεσθαι
2335 4599 2428 4653 τὸν
2460 4597 2861 4667 καθαιρεθέντα
2901 4596 3139 4667 βασιλεῖ,
3185 4596 3321 4651 ἀλλά
3360 4594 3578 4666 μείζονι
3607 4612 3702 4647 συ-

2114 4691 2268 4761 νόδῳ,
2302 4690 2331 4743 ό
2376 4688 2476 4760 μὲν
2521 4688 2873 4757 καθαιρεθεὶς
2916 4688 3022 4743 ὑπ’)
3055 4689 3150 4743 τοῦ
3189 4688 3423 4755 Ἐφέσου
3468 4687 3697 4755 τυχὸνῆ

2114 4784 2209 4835 τοῦ
2240 4782 2638 4851 Θεσσαλονίκης
2653 4782 2732 4851 τῷ
2760 4780 3153 4852 οίκουμενικῷ,
3190 4780 3513 4849 πατριάρχῃ
3544 4779 3697 4832 εὐλό-

2115 4888 2228 4941 γως
2261 4871 2581 4944 προσελθεῖν
2606 4870 3111 4942 ἀναγκασθήσεταιο
3142 4871 3170 4923 ό
3198 4870 3253 4923 δὲ
3281 4868 3387 4922 ὑπὸ
3417 4870 3697 4938 πατριαρο

2116 4983 2212 5037 χου
2269 4965 2689 5028 καταδικασθεὶς
2741 4962 2821 5035 μὴ
2861 4962 3006 5033 ἔχων
3057 4964 3197 5017 ὅπου
3248 4962 3581 5032 προσερύγῃ.
3623 4959 3699 5029 τῷ

2119 5055 2329 5129 βασιλεῖ
2368 5055 2803 5127 προσερχόμενος
2824 5054 3244 5125 κολασθήσεται,
3276 5053 3309 5124 ἢ
3338 5053 3439 5117 ob;
3483 5055 3693 5117 Λύσις.

2118 5149 2275 5210 Τινὲς
2305 5148 2402 5219 μὲν
2424 5148 2576 5201 εἶπον
2601 5148 2694 5201 καὶ
2720 5147 2799 5209 εἰς
2820 5146 2919 5209 τὰς
2944 5145 3251 5215 ἀποφάσεις
3278 5144 3491 5199 τοΰτων
3517 5145 3693 5214 χώραν

2123 5238 2267 5310 ἔχειν
2296 5239 2365 5292 τὰ
2388 5238 2483 5292 τοῦ
2519 5240 2747 5302 κανόνος
2775 5239 2903 5293 ἀνευ
2949 5238 3043 5291 τοῦ
3077 5236 3493 5307 οίκουμενικοῦ,
3527 5238 3614 5289 διὰ
3639 5238 3689 5286 τὺ

2122 5331 2219 5402 τὴν
2246 5329 2344 5383 τοῦ
2387 5329 2775 5403 Ἰεροσολύμων
2808 5328 3083 5398 ἀπόφασιν
3114 5328 3515 5397 ἀνακρίνεσθαι
3557 5327 3686 5393 παρὰ

2120 5422 2215 5475 τοῦ
2257 5420 2610 5492 Ἀντιοχείας,
2649 5423 2739 5475 καὶ
2772 5421 2871 5491 τὴν
2897 5420 2991 5473 τοῦ
3048 5420 3366 5491 Αντιοχείας
3418 5421 3579 5490 παρᾶ
3608 5416 3679 5471 τςΞ

2134 5512 2565 5583 Ἀλεξανδρείας,
2595 5512 2691 5566 καὶ
2722 5510 2921 5581 ἐφεξῆς
2966 5511 3109 5564 κατὰ
3143 5510 3243 5579 τὴν
3287 5510 3525 5580 μείζονα
3556 5508 3675 5571 τάξει

2123 5604 2354 5658 ἐκάστου
2387 5603 2597 5658 αὐτῶν·
2635 5604 2759 5673 ἐμοὶ
2804 5603 2861 5656 δὲ
2894 5603 3044 5656 δοκεῖ
3080 5602 3173 5655 τὸν
3206 5602 3417 5656 κανόνα
3458 5605 3671 5671 ἐκθανε-

2127 5698 2287 5769 θῆναι
2313 5696 2403 5751 διὰ
2435 5694 2535 5760 τὰς
2566 5693 2875 5765 ἀποφάσεις
2905 5692 3016 5748 τῶν
3045 5692 3224 5748 ἀλλων
3253 5693 3579 5747 ἐπισκόπων
3603 5689 3678 5742 καὶ

2126 5791 2233 5845 τῶν
2289 5788 2723 5861 μητροπολιτῶν,
2754 5786 2815 5841 οὐ
2868 5784 2974 5858 μὴν
3022 5785 3116 5841 καὶ
3161 5783 3272 5842 τῶν
3314 5782 3690 5859 «arguerim.
