3958 6242
287 329 417 393 1309

1320 330 1401 390 ΙΝ
1441 331 1604 394 CAN.
1650 332 1763 392 XII
1805 330 2016 394 CUNC.
2054 333 2115 395 ll
2152 333 2511 398 ANTIOCH.

3400 336 3534 402 131’)

283 445 345 494 At
375 440 545 511 ψῆφοι
575 438 682 512 γὰρ
710 439 917 497 τούτων
947 440 1211 514 ἐκκλήτῳ·
1248 440 1347 513 οὐχ
1382 442 1731 519 ὑπόκεινται.
1766 442 1859 495 Διὸ

1981 445 2102 512 deo,
2127 447 2219 517 qui
2254 448 2639 517 imperatorem
2668 446 2884 513 adierit,
2908 456 2967 503 ut
2997 449 3065 504 de
3090 465 3281 505 eorum
3310 461 3537 506 senten-

285 534 378 586 καὶ
421 531 449 582 ὁ
497 530 812 601 προσελθὼν
865 530 1081 602 βασιλεῖ
1132 532 1295 603 χάριν
1344 534 1442 589 τοῦ
1489 534 1857 605 ἀνακριθῆναι

285 626 402 681 κατ’
463 623 725 695 ἔκκλητον
773 624 1049 694 ἀπόφασιν
1108 626 1337 691 τούτων,
1408 627 1859 698 τιμωρηθήσεται

286 716 424 771 κατὰ
458 717 549 770 τὸν
578 717 825 787 παρόντα.
858 717 1083 775 κανόνα.
1115 718 1257 790 Φησὶ
1284 719 1393 789 γάρ
1422 719 1454 788 ή
1488 718 1598 789 ρλζ¹
1638 718 1857 772 Ἰουστι-

286 810 512 871 νιάνειος
544 808 757 879 Νεαρὰ,
783 811 817 878 ή
854 811 1079 880 κειμένη
1104 812 1162 864 ὲν
1188 810 1379 881 βιϐλίῳ
1404 811 1574 881 τρίτῳ
1615 811 1726 863 τῶν
1756 809 1864 863 Ba-

288 900 508 955 σιλικῶν
555 919 664 957 τιτ.
700 910 770 965 α’,
806 920 934 973 κεφ.
989 910 1070 973 με’
1098 920 1114 936 ·
1161 903 1232 957 Εἴ
1277 917 1423 966 τινες
1468 903 1526 956 δὲ
1574 902 1861 957 ὑσιώτατοι

288 997 576 1050 ἐπίσκοποι
626 996 727 1065 τῆς
779 998 949 1066 αὐτῆς
998 998 1217 1052 συνόδου
1274 996 1689 1067 ἀμφισϐήτησιν
1736 1011 1861 1049 τινα

289 1088 423 1159 πρὸς
469 1088 733 1159 ἀλλήλους
786 1088 987 1160 ἔχοιεν,
1040 1091 1150 1144 εἴτε
1210 1090 1351 1160 ὑπὲρ
1402 1088 1863 1159 ὲκκλησιαστικοΰ

288 1180 522 1241 δικαίου,
541 1181 654 1235 εἴτε
688 1182 829 1250 ὑπὲρ
851 1183 1027 1236 ἄλλων
1057 1183 1220 1237 τινῶν
1252 1183 1622 1252 πραγμάτων,
1659 1182 1861 1251 πρότε-

294 1288 385 1342 ρον
413 1274 439 1325 ό
470 1272 875 1343 μητροπολίτης
906 1273 1088 1327 αὐτῶν
1137 1272 1257 1342 μεθ’
1306 1274 1513 1342 ἑτέρων
1545 1272 1639 1325 δύο
1664 1274 1730 1325 εκ
1762 1272 1875 1347 τῆς

291 1362 459 1430 αὐτῆς
500 1361 1070 1419 συνόδουὲπισκόπων
1101 1365 1164 1418 th
1195 1366 1430 1433 πρᾶγμα
1475 1364 1731 1435 κρινέτω,
1764 1362 1864 1417 aut

292 1453 339 1505 εί
390 1453 464 1523 μή
507 1454 741 1527 ἐμμείνῃ
791 1454 1056 1525 ἑκάτερον
1106 1457 1276 1524 μέρος
1323 1458 1441 1518 τοίς
1488 1455 1862 1526 κεκριμένοις,

292 1547 589 1615 τηνικαῦτα
611 1549 640 1601 ό
671 1549 1091 1620 μακαριώτατος
1127 1548 1475 1617 πατριάρχης
1514 1548 1733 1617 ἐκείνης
1765 1546 1866 1615 τῆς

293 1637 609 1710 διοικήσεως
665 1640 869 1710 μεταξὺ
932 1640 1113 1695 αὐτῶν
1168 1640 1536 1707 άκροασάσθω
1566 1678 1582 1704 ,
1633 1641 1867 1693 κάκεῖνα

292 1728 521 1799 όριζέτω
550 1730 706 1784 ἆτινα
736 1733 851 1793 τοῖς
878 1732 1359 1801 ἐκκλησιαστικαῖς
1386 1732 1579 1785 κανόσι
1607 1733 1702 1785 καὶ
1751 1733 1864 1792 τοῖς

294 1819 480 1887 νόμοις
530 1823 871 1893 συνᾴδουσιν,
900 1823 1117 1886 οὐδενὸς
1162 1824 1360 1893 μέρους
1386 1824 1529 1877 κατὰ
1558 1824 1656 1892 τῆς
1684 1823 1868 1892 ψήφου

294 1909 458 1963 αὑτοῦ
527 1913 829 1981 ἀντιλέγειν
902 1915 1230 1982 δυναμένου.
1287 1916 1412 1968 Ὅτι
1482 1915 1539 1968 δὲ
1602 1915 1870 1978 πολλάκις

292 2007 660 2081 ὲτρακταῖσθη
688 2008 737 2059 εί
772 2008 875 2076 χρὴ
906 2006 1157 2079 ἐκκλήτῳ
1206 2007 1530 2061 ὑποκεῖσθαι
1564 2007 1665 2078 τὴν
1683 2008 1866 2075 ψῆφον

293 2101 430 2163 τέως
455 2099 550 2153 τοῦ
582 2099 1237 2163 Κωνσταντινουπόλεως,
1264 2098 1411 2165 ἔδοξέ
1440 2116 1529 2169 μοι
1564 2099 1867 2166 ἀναγκαῖον

296 2195 470 2246 εἰπεῖν
521 2193 582 2246 τὸ
633 2194 824 2247 δοκοῦν
869 2211 959 2263 μοι
1006 2193 1167 2263 χάριν
1218 2192 1437 2258 τούτου,
1473 2191 1569 2246 καὶ
1617 2192 1687 2245 τὰ
1719 2190 1873 2261 παρά

296 2302 457 2338 τινων
488 2285 998 2353 δικαιολογούμενα.
1030 2284 1263 2350 Λέγουσί
1294 2301 1442 2346 τινες
1476 2284 1578 2345 ὡς,
1621 2284 1743 2335 ἐπεὶ
1771 2282 1871 2353 τὴν

306 2376 405 2444 μὲν
462 2377 741 2444 ἀπόφασιν
790 2375 881 2428 τοῦ
935 2376 1195 2446 ἐπάρχου,
1223 2374 1334 2428 τῶν
1379 2374 1734 2445 πραιτωρίων
1778 2375 1873 2426 καὶ

299 2468 400 2534 τὴν
429 2468 705 2534 ἀπόφασιν
744 2466 840 2520 τοῦ
875 2468 959 2530 δὶς
998 2469 1288 2536 γεγονότος
1334 2468 1577 2539 ἐπάρχου
1632 2465 1736 2535 τῆς
1776 2467 1875 2518 πό-

301 2560 461 2625 λεως,
526 2560 576 2613 οί
639 2559 795 2629 νόμοι
825 2561 1005 2631 ῥητῶς
1048 2560 1376 2631 διορίζονται
1430 2561 1504 2632 μὴ
1550 2559 1874 2615 ὑποκεῖσθαι

303 2649 581 2718 ἐκκλήτῳ,
630 2649 1039 2720 πατριαρχικήν
1083 2650 1141 2702 δὲ
1191 2650 1467 2720 ἀπόφασιν
1495 2650 1590 2704 τοῦ
1629 2649 1874 2704 τοιούτου

305 2740 602 2811 προνομίου
651 2741 831 2811 ῥητῶς
880 2744 983 2797 οὐκ
1031 2744 1297 2812 ἠξίωσαν,
1331 2743 1480 2796 κατὰ
1534 2742 1633 2805 τὰς
1673 2741 1876 2805 πολλὰς

305 2834 403 2886 καὶ
446 2833 721 2903 τυχόντων
767 2834 1041 2887 δικαστῶν
1086 2835 1324 2904 ψήφους,
1354 2836 1448 2887 καὶ
1482 2832 1623 2902 αὕτη
1671 2833 1875 2902 ἐκκληι

302 2924 656 2991 τευθήσεται.
707 2925 851 2995 Πρὸς
912 2926 1274 2980 ἐπισύστασιν
1319 2926 1415 2979 τοῦ
1477 2926 1639 2993 λόγου
1696 2923 1877 2980 αὐτῶν

304 3015 548 3087 χρῶνται
597 3017 693 3071 καὶ
741 3019 808 3088 τῇ
869 3017 1029 3091 τρίτῃ
1100 3018 1512 3087 Ἰουστινιανείῳ
1552 3016 1762 3088 Νεαρᾷ,
1808 3018 1874 3087 τῇ

1965 541 2036 594 tia
2062 555 2158 608 per
2188 540 2611 610 appellationem
2645 548 2940 610 quaeratur,
2967 550 3022 595 ut
3042 544 3156 595 vult
3185 542 3275 596 hic
3292 559 3533 611 praesens

1961 644 2157 694 canon,
2179 630 2454 699 punietur.
2486 630 2625 685 Dicit
2657 631 2800 685 enim
2828 629 3121 685 Justinizmi
3157 631 3381 685 Novella
3412 632 3534 691 137.

1961 736 2080 789 qua:
2111 720 2166 775 in
2224 720 2322 776 lib.
2363 720 2398 776 5
2440 721 2819 786 Basilicarum,
2868 723 2934 775 tit
2974 722 3023 788 l,
3060 738 3162 791 cap
3196 724 3284 786 45,
3316 726 3418 778 sita
3454 734 3538 780 est

1962 812 2043 867 sic
2062 827 2322 883 expresse
2347 828 2363 867 :
2392 811 2447 867 Si
2472 813 2564 882 qui
2593 822 2773 867 autem
2804 813 3325 883 sanctissimihujus
3350 814 3541 883 synodi

1961 909 2202 978 episcopi
2227 908 2466 977 aliquam
2493 907 2637 961 inter
2662 921 2784 962 sese
2813 906 3248 963 controversiam
3278 906 3536 970 habeant,

1962 1002 2079 1058 sive
2106 1002 2175 1057 de
2200 1002 2324 1075 jure
2368 999 2764 1063 ecclesiastico,
2802 1001 2918 1056 sive
2966 1015 3062 1071 pro
3099 999 3378 1069 aliquibus
3413 996 3538 1053 aliis

1967 1088 2162 1162 rebus;
2202 1096 2354 1165 prius
2383 1108 2571 1149 eorum
2600 1092 3057 1192 met‘opolitauus
3096 1107 3222 1147 cum
3250 1092 3371 1146 aliis
3404 1092 3543 1147 duo-

1964 1188 2065 1243 bus
2084 1187 2329 1257 ejusdem
2358 1186 2550 1258 synodi
2580 1185 2854 1256 episcopis
2890 1200 3005 1241 rem
3050 1185 3282 1255 iudicet.
3335 1192 3390 1237 et
3431 1185 3539 1240 nisi

1966 1290 2195 1351 utraque
2254 1294 2380 1347 pars
2436 1287 2543 1335 stet
2589 1278 2658 1333 iis
2698 1292 2819 1348 quae
2857 1276 3102 1348 judicata
3144 1276 3366 1341 fuerint,
3411 1284 3543 1330 tunc

1966 1370 2316 1426 beatissimus
2372 1369 2684 1441 patriarcha
2739 1368 2888 1424 illius
2943 1367 3199 1423 dimcesis
3247 1366 3391 1421 inter
3448 1381 3545 1423 eos

1967 1461 2170 1526 audiat,
2195 1471 2249 1517 et
2272 1460 2363 1515 illa
2390 1460 2634 1527 deﬁniat,
2665 1475 2786 1529 quae
2811 1459 3202 1515 ecclesiasticis
3238 1458 3546 1513 canouibus

1967 1563 2021 1609 et
2055 1554 2266 1623 legibus
2302 1553 2659 1618 conveniunt,
2691 1551 2838 1605 nulla
2886 1560 3042 1619 parte
3092 1548 3213 1618 ejus
3254 1548 3547 1603 sententia:

1968 1646 2345 1700 contradicere
2388 1645 2619 1699 valente.
2648 1642 2785 1709 Quia
2832 1652 3014 1698 autem
3057 1657 3200 1711 sa'pe
3253 1648 3544 1696 tractatum

1969 1747 2075 1801 est,
2095 1752 2163 1790 an
2180 1746 2397 1806 oportet
2415 1735 2888 1804 Constantinopol.
2908 1730 3069 1806 45.2
3089 1730 3406 1787 sententiain
3425 1744 3547 1783 esse

1974 1829 2314 1898 appellationi
2352 1828 2678 1897 subjectum,
2722 1826 2899 1882 visum
2940 1834 3024 1879 est
3062 1832 3339 1892 opertere,
3401 1819 3548 1890 quod

1973 1923 2103 1978 mihi
2137 1922 2377 1988 videtur,
2402 1923 2470 1976 de
2501 1936 2565 1977 eo
2589 1920 2798 1983 dicere,
2826 1927 2881 1974 et
2907 1934 2971 1973 ea
2999 1931 3215 1988 quoque
3239 1930 3360 1986 quae
3395 1914 3460 1968 de
3486 1928 3548 1966 ea

1971 2030 2032 2070 re
2058 2015 2124 2070 ab
2149 2014 2271 2068 aliis
2317 2014 2596 2069 dicuntur.
2650 2012 2849 2066 Dicunt
2896 2009 3166 2071 nonnulli,
3200 2006 3347 2078 quod
3407 2020 3547 2074 quu-

1974 2111 2125 2167 niam
2159 2108 2480 2163 sententiam
2531 2106 2770 2176 praefecti
2808 2104 3086 2174 praetorio,
3119 2110 3173 2156 et
3217 2097 3546 2154 sententiam

1973 2202 2113 2272 ejus,
2146 2200 2237 2270 qui
2282 2200 2366 2254 bis
2422 2198 2521 2251 fuit
2575 2195 2867 2267 praefectus
2928 2194 3103 2259 urbis,
3164 2192 3307 2261 leges
3362 2195 3549 2256 aperte

1974 2300 2220 2350 statuunt
2265 2289 2617 2361 appellationi
2662 2303 2768 2342 non
2820 2286 3048 2355 subjici;
3121 2280 3543 2352 patriarchalem

1976 2396 2156 2442 autem
2188 2384 2512 2440 sententiam
2543 2396 2608 2435 eo
2650 2379 2939 2449 privilegio
2969 2377 3189 2447 dignam
3237 2390 3343 2428 non
3389 2373 3548 2443 judi-

1975 2491 2169 2534 cavere
2223 2492 2237 2529 :
2286 2471 2743 2543 quemadmodum
2789 2484 2818 2522 a
2877 2468 3062 2522 multis
3104 2475 3160 2522 et
3216 2465 3553 2535 quibuslibet

1971 2571 2269 2645 judicibus,
2301 2568 2372 2621 ita
2423 2566 2589 2620 etiam
2636 2564 2703 2618 ab
2746 2578 2812 2617 eo
2866 2559 3273 2631 provocabitur.
3328 2558 3405 2611 Ad
3459 2559 3544 2613 sui

1976 2672 2158 2718 autem
2196 2660 2326 2715 dicti
2358 2657 2829 2714 conﬁrmationem
2878 2661 3109 2708 utuntur
3150 2659 3206 2705 ct
3247 2650 3549 2705 Iustiniani

1975 2756 2196 2813 Novella
2222 2755 2277 2820 5,
2310 2753 2365 2807 in
2411 2751 2550 2805 libro
2575 2749 2608 2803 5
2655 2746 3036 2807 Basilicorum,
3075 2743 3160 2796 tit.
3198 2742 3233 2795 ‘2
3272 2742 3397 2806 sita,
3432 2757 3554 2811 qua:

1978 2844 2225 2901 decernit
2257 2840 2622 2912 patriarcham
2652 2834 2968 2905 imperatori
3005 2833 3274 2886 rationem
3300 2827 3552 2895 reddere,

1979 2936 2024 2993 si
2056 2935 2318 2992 clericum
2349 2932 2490 2987 ultra
2524 2942 2812 2984 numerum
2845 2925 3135 2980 ordinarit.
3176 2922 3279 2976 Alii
3315 2922 3554 2991 patriar-

1983 3025 2155 3081 chalis
2183 3020 2574 3093 magnitudinis
2623 3016 2978 3072 eminentiam
3018 3012 3185 3067 veluti
3230 3018 3557 3066 venerantes

307 3110 538 3180 κειμένη
585 3109 643 3162 ὲν
699 3108 866 3179 βίϐλῳ
912 3110 1082 3179 τρίτῳ
1125 3107 1236 3161 τῶν
1267 3108 1571 3161 Βασιλικῶν
1600 3107 1781 3161 τίτλου
1812 3106 1878 3178 β’,

1981 3119 2170 3175 dicunt
2200 3131 2299 3170 nec
2326 3114 2552 3169 omnino
2574 3126 2602 3165 a
2632 3107 2988 3181 patriarchali
3033 3105 3303 3163 sententia
3334 3104 3556 3174 penitus

306 3201 406 3254 καὶ
430 3200 776 3272 διοριζομένῃ
806 3201 1129 3255 εὐθύνεσθαι
1174 3202 1327 3273 παρὰ
1361 3201 1458 3256 τοῦ
1490 3201 1758 3271 βασιλέως
1786 3202 1879 3255 τὸν

306 3292 681 3360 πατριάρχην,
732 3291 895 3360 εἴπερ
939 3292 1294 3365 χειροτονήσῃ
1347 3292 1647 3361 ὑπέρθετον
1690 3292 1882 3362 κληρι-

307 3382 431 3435 κόν.
465 3381 670 3446 ΙἌλλοι,
714 3383 816 3452 τῆς
860 3385 1268 3455 πατριαρχικῆς
1313 3386 1741 3454 μεγαλειότητος
1784 3384 1884 3454 τὴν

308 3474 590 3544 ὑπεροχὴν
628 3472 872 3544 ὡσπερεὶ
917 3475 1291 3546 σεϐαζόμενοι,
1318 3477 1453 3544 φασὶ
1496 3479 1634 3548 μήτε
1664 3478 1885 3540 πάντως

306 3562 705 3616 ἁποκλειστέον
757 3564 903 3618 κατὰ
947 3564 1047 3634 τῆς
1110 3565 1513 3634 πατριαρχικῆς
1557 3566 1888 3635 ἀποφάσεως

305 3659 415 3727 τὴν
443 3656 730 3726 ἔκκλητον,
780 3657 920 3726 μήτε
965 3657 1143 3725 πάντη
1198 3655 1462 3711 ἐνδοτέον.
1499 3655 1641 3709 Ἀλλ’
1695 3657 1744 3709 εί
1789 3657 1888 3727 μὲν

307 3750 385 3804 τὰ
421 3749 564 3817 μέρη
607 3746 675 3801 τὰ
706 3746 1041 3817 δικαζόμενα
1091 3745 1193 3816 τῆς
1233 3746 1342 3799 τῶν
1377 3748 1695 3816 ἱερωμένων
1727 3749 1760 3820 ἢ
1791 3749 1887 3801 καὶ

314 3839 570 3913 μοναχῶν
628 3840 733 3892 είσι
785 3838 995 3908 τύχης,
1034 3839 1067 3907 ή
1113 3837 1253 3893 κατά
1301 3855 1448 3901 τινος
1500 3838 1707 3892 τούτων
1750 3840 1891 3897 ἐξεν-

310 3934 539 4003 ιχθεϊσα
571 3933 848 4003 ἀπόφασις
878 3935 976 3984 οὑκ
1005 3932 1434 4001 άντκριθήσεται
1453 3947 1469 3962 ο
1498 3934 1549 3984 εί
1581 3933 1639 3985 δὲ
1664 3934 1888 4003 θάτερον

312 4026 427 4080 τῶν
460 4023 702 4095 μερῶνῆ
739 4023 832 4077 καὶ
860 4022 1028 4092 ἄμφω
1055 4024 1113 4074 ὲν
1147 4023 1317 4094 μοίρᾳ.
1355 4026 1639 4076 τάττοιντο
1673 4024 1889 4089 λαῖκοῦ,

314 4118 543 4187 ἀμάχως
596 4114 1362 4186 ἐκκλητευθήσεταιοηὲτεροι
1419 4115 1521 4184 τῆς
1573 4116 1888 4180 ὑποθέσεως

315 4208 415 4276 τὴν
444 4207 704 4275 ποιότητα
738 4205 966 4272 λέγουσι
991 4205 1321 4275 γεννήτριαν
1349 4200 1489 4257 εἶναι
1516 4204 1617 4272 τῆς
1650 4205 1888 4277 Ἐκκλη-

318 4300 462 4361 σὶας.
506 4299 571 4351 Ἠ
602 4300 701 4367 μὲν
732 4299 842 4369 γὰρ
870 4296 1304 4367 ὲκκλησιαστικὴ
1340 4296 1571 4367 ζήτησις
1618 4298 1719 4351 οὐκ
1769 4297 1892 4351 ὠδί-

315 4408 419 4456 νιι,
451 4391 606 4461 φασὶ,
660 4390 875 4443 παιδίον
927 4388 1400 4459 ἐκκλητοπόθητον
1429 4403 1445 4419 ο
1483 4391 1516 4459 ὴ
1559 4388 1616 4442 δὲ
1666 4406 1889 4459 χρημα-

317 4484 445 4554 τικὴ
480 4485 694 4536 κυῖσκει
722 4481 822 4551 τὴν
865 4481 1154 4549 ἔκκλητον,
1205 4480 1280 4543 ὡς
1315 4481 1580 4551 ἐχιδναῖον
1609 4483 1885 4552 άμϐλωμα

316 4575 414 4644 τῆς
438 4574 699 4645 τεκούσης
746 4574 1076 4643 σπαράττων
1116 4571 1183 4625 τά
1228 4572 1459 4639 ἔγκατα.
1507 4574 1714 4637 ΙἈλλοι,
1758 4576 1888 4638 τοὺς

320 4665 492 4718 ταῦτα
537 4666 795 4731 λέγοντας
839 4661 1312 4731 ἐπιστομίζοντες,
1366 4663 1578 4728 ἀξιοῦσι
1628 4665 1749 4719 τότε
1798 4668 1893 4719 καὶ

303 4756 483 4823 μόνον
512 4754 833 4808 ὑποκεῖσθαι
864 4754 1116 4822 ἐκκλήτῳ
1153 4754 1251 4824 τὴν
1301 4757 1708 4828 πατριαρχικὴν
1757 4758 1895 4812 ἁπό-

324 4862 507 4913 φασιν,
538 4848 627 4900 ὅτε
658 4848 803 4901 κατὰ
831 4846 1111 4917 βασιλικὸν
1144 4847 1371 4917 ὁρισμὸν
1417 4848 1764 4920 προκάθηται
1806 4850 1889 4903 δι·

322 4937 503 5002 κάζων
530 4939 557 4991 ὁ
593 4940 933 5011 πατριάρχης
967 4940 1104 5011 μετὰ
1134 4939 1525 5010 συνδικαστῶν,
1556 4941 1591 5012 ἢ
1619 4943 1714 4996 καὶ
1751 4942 1891 5013 μετὰ

320 5030 418 5098 τῆς
454 5032 660 5095 οἰκείας
706 5034 945 5087 συνόδου.
983 5034 1140 5104 Ἐμοὶ
1169 5033 1227 5086 δὲ
1256 5033 1407 5087 δοκεῖ
1431 5034 1525 5099 ὡς,
1560 5034 1688 5087 ἐπεὶ
1720 5038 1769 5089 οἱ
1804 5036 1893 5089 νόο

326 5138 419 5191 μοι
451 5125 556 5192 πρὸ
583 5122 676 5176 τοῦ
712 5123 1048 5194 καταστῆναι
1101 5125 1201 5192 τὴν
1234 5125 1699 5196 ἑκκλησιαστικὴν
1737 5126 1892 5191 τάξιν

326 5217 766 5286 συνετράφησαν,
800 5219 893 5271 καί
929 5218 979 5271 ot
1013 5216 1230 5281 πλείους
1261 5218 1468 5272 τούτων
1505 5220 1658 5289 παρὰ
1696 5218 1892 5291 Ἐλλή-

322 5323 452 5372 νων,
490 5308 671 5372 καλῶς
696 5310 797 5362 οὐκ
835 5309 1185 5379 ἐμνήσθησαν
1217 5310 1592 5380 πατριαρχῶν.
1632 5311 1696 5363 Et
1725 5310 1782 5363 δέ
1808 5329 1893 5375 τις

324 5402 443 5471 ἐρεῖ
470 5404 563 5456 καί⁹
583 5403 733 5473 παρὰ.
769 5402 1031 5473 βασιλέων
1074 5402 1367 5474 όρθοδόξων
1396 5403 1649 5471 γενέσθαι
1667 5405 1893 5473 Νεαρὰν

330 5498 466 5564 μετὰ
518 5496 580 5549 τὸ
635 5497 930 5567 τιμηθῆναι
976 5497 1102 5558 τοὺς
1152 5496 1587 5567 πατριαρχικοὺς
1645 5497 1891 5567 θρόνους,

328 5590 548 5643 ἀκούσει
592 5589 807 5660 πρῶτον
844 5590 942 5658 μὲν
988 5588 1062 5651 ὡς
1110 5589 1230 5642 οὖδὲ
1271 5590 1351 5652 εἰς
1393 5589 1692 5660 ἐνθύμησιν
1732 5587 1894 5663 ἦλθεν

328 5683 589 5753 όρθοδόξῳ
622 5683 827 5753 βασιλεῖ
853 5682 1092 5736 τοιοῦτόν
1115 5701 1168 5736 τι
1198 5681 1536 5753 τολμηθῆναί
1579 5700 1710 5736 ποτε
1744 5685 1895 5755 παρά

335 5790 494 5839 τινος,
537 5774 633 5827 καὶ
686 5775 860 5828 εἰπεῖν
907 5775 1003 5845 τὴν
1037 5774 1217 5846 κρίσιν
1257 5772 1351 5827 τοῦ
1385 5772 1621 5847 τοσαύτῃ
1660 5790 1886 5846 τετιμη-

1983 3202 2375 3261 excludendam
2433 3214 2555 3254 esse
2630 3196 3093 3267 appellationem,
3165 3208 3267 3247 nec
3334 3191 3559 3245 omnino

1986 3294 2410 3352 concedendam.
2442 3289 2546 3345 Sed
2579 3289 2624 3345 si
2655 3296 2837 3359 partes
2890 3287 3133 3358 quidem,
3168 3301 3291 3356 qua:
3320 3284 3372 3336 in
3402 3282 3558 3351 judi-

1986 3387 2072 3442 cio
2100 3383 2459 3447 contendunt,
2491 3389 2621 3437 sunt
2669 3381 2754 3435 vel
2793 3380 3118 3434 clericorum
3158 3376 3240 3431 vel
3265 3374 3562 3428 monacho-

1986 3494 2105 3534 rum
2136 3476 2366 3542 ordinis,
2401 3476 2613 3547 prolata
2651 3473 2915 3527 adversus
2947 3471 3181 3540 aliquem
3207 3483 3396 3522 eorum
3431 3482 3557 3520 seu.

1988 3570 2177 3633 tentia,
2205 3584 2313 3622 non
2358 3582 2552 3621 rursus
2599 3563 3058 3621 examinabitur:
3112 3562 3158 3615 si
3212 3575 3338 3613 vero
3385 3559 3561 3611 altera

1990 3677 2115 3732 pars
2160 3662 2242 3717 vel
2286 3668 2521 3728 utraque
2570 3655 2680 3712 sint
2728 3654 2851 3709 laici
2904 3652 3140 3712 ordinis,
3202 3650 3342 3704 citra
3391 3648 3557 3702 ullam

1988 3751 2412 3809 controversiam
2438 3747 2818 3819 appellabitur.
2841 3744 2945 3798 Alii
2972 3756 3097 3797 vero
3118 3741 3311 3794 dicunt
3336 3752 3558 3793 causam

1990 3860 2109 3899 esse
2134 3841 2516 3912 appellationis
2544 3840 2884 3909 genitricem.
2913 3836 3088 3891 Causa
3115 3835 3259 3889 enim
3303 3831 3563 3885 ecclesia-

1992 3939 2126 3995 stica
2163 3952 2269 3991 non
2314 3935 2476 4005 parit,
2525 3934 2799 4003 inquiunt,
2854 3927 3022 3983 fetum
3076 3925 3493 3995 appellatorium
3542 3938 3560 3975 :

1993 4028 2307 4100 pecuniaria
2370 4037 2551 4081 autem
2604 4024 2746 4094 parit
2786 4018 3231 4091 appellationem,
3295 4026 3555 4083 tanquam

1990 4122 2294 4191 viperinam
2325 4117 2617 4189 quamdam
2659 4114 3003 4169 abortionem
3056 4110 3295 4180 parentis
3348 4107 3563 4160 viscera

1994 4216 2341 4269 lacerantem.
2372 4211 2478 4265 Alii
2514 4209 2602 4273 iis,
2629 4210 2718 4274 qui
2749 4208 2862 4261 hare
2887 4206 3098 4269 dicunt,
3126 4216 3188 4255 os
3210 4201 3563 4254 occludentes

1993 4313 2220 4361 censent
2284 4302 2707 4374 patriarchalem
2782 4301 3109 4354 sententiam
3192 4304 3322 4348 tunc
3384 4294 3558 4347 solum

1996 4396 2341 4468 appellationi
2407 4392 2625 4468 subjici,
2673 4389 2891 4461 quando
2950 4387 3205 4441 mandato
3282 4381 3555 4450 imperiali

1998 4488 2250 4561 praesidet
2303 4486 2613 4557 patriarcha
2661 4498 2785 4537 cum
2832 4480 2956 4535 aliis
3010 4476 3423 4547 conjudicibus,
3476 4473 3562 4527 vel

1994 4595 2116 4635 cum
2137 4593 2234 4633 sua
2259 4576 2487 4648 synodo.
2510 4573 2640 4628 Mihi
2658 4582 2841 4627 autem
2867 4571 3101 4633 videtur,
3128 4568 3270 4636 quod
3294 4565 3556 4634 quoniam

1995 4669 2159 4739 leges,
2182 4677 2471 4737 antequam
2489 4664 2894 4721 ecclesiasticus
2909 4662 3086 4717 status
3108 4660 3561 4719 constitueretur,

1993 4759 2318 4827 conscriptae
2339 4766 2490 4823 sunt,
2517 4767 2571 4813 et
2601 4756 2914 4825 complures
2946 4769 3132 4808 earum
3161 4766 3189 4805 a
3224 4750 3451 4808 Graecis.
3481 4763 3566 4800 re-

1994 4862 2080 4909 cte
2136 4852 2339 4906 nullam
2386 4850 2819 4921 patriarcharum
2884 4847 3218 4901 mentionem
3266 4842 3461 4896 fecere.
3507 4838 3571 4891 Si

1995 4945 2119 5015 quis
2163 4951 2342 4998 autem
2385 4943 2532 4997 dicat
2562 4943 2722 4996 etiam
2747 4941 2815 4995 ab
2849 4937 3174 4995 orthodoxis
3216 4931 3567 5003 nuperatori-

1993 5040 2097 5094 bus
2115 5037 2312 5092 factam
2336 5034 2505 5090 fuisse
2525 5033 2825 5096 Novellam,
2842 5041 3129 5101 postquam
3152 5027 3309 5082 sedes
3330 5024 3576 5095 patriar-e

1993 5130 2176 5186 chales
2204 5130 2409 5183 honore
2438 5126 2644 5181 aﬂ‘ectac
2661 5125 2769 5179 sint
2790 5164 2805 5189 ,
2840 5124 3074 5192 primum
3099 5117 3319 5188 quidem
3354 5113 3562 5175 audiet,

1992 5222 2135 5292 quod
2195 5218 2500 5274 orthodoxe
2546 5214 2859 5284 imperatori
2896 5225 3174 5279 nunquam
3220 5208 3272 5261 in
3324 5215 3569 5259 mentem

1994 5312 2158 5375 venit,
2177 5309 2415 5363 futurum
2441 5316 2500 5361 nt
2523 5307 2648 5375 quis
2682 5306 2783 5358 hoc
2811 5302 3054 5361 auderet.
3080 5309 3134 5353 et
3163 5298 3389 5359 diceret,
3418 5297 3569 5364 quod

1995 5420 2024 5459 a
2066 5412 2218 5457 tanta
2258 5402 2584 5455 auctoritate
2631 5396 2852 5467 praedito
2885 5403 3105 5461 tamque
3144 5393 3417 5445 honorato
3467 5389 3564 5458 ju-

1994 5497 2233 5552 dicatum
2269 5496 2338 5550 sit
2362 5510 2483 5549 esse
2520 5507 2708 5547 rursus
2743 5494 2797 5543 in
2843 5487 3106 5555 judicium
3161 5484 3430 5540 rcvmand
3458 5499 3557 5539 tm.

1999 5589 2202 5643 Deinde
2231 5597 2282 5642 et
2312 5584 2606 5642 Justiuiani
2633 5582 2931 5643 Novellatu,
2964 5579 3018 5632 in
3070 5577 3351 5647 praesentis
3393 5590 3562 5629 cano-

1997 5681 2085 5736 nis
2122 5677 2571 5746 interpretatione
2614 5677 2871 5745 positam,
2919 5686 3029 5724 "ua
3065 5677 3289 5726 cavetur
3334 5684 3399 5721 uc
3433 5668 3562 5735 quis

2014 5768 2365 5842 patriarchali
2406 5765 2691 5824 sententiae
2723 5760 3083 5831 contradicat,
3122 5758 3370 5817 suilicere
3399 5755 3463 5809 ad
3493 5768 3571 5808 οι
