3958 6242
427 319 558 379 1311
1685 313 1961 375 THEOD.
2008 313 2096 371 BA
2108 314 2405 373 [ΒΑΜοΝ
3555 306 3707 374 1312

422 432 504 485 eis
532 431 747 499 penitus
779 427 1174 484 occludcndum
1201 445 1216 482 :
1253 428 1322 483 ab
1349 441 1415 483 eo
1438 436 1621 482 autem
1654 426 1722 481 de
1750 428 1839 489 iis,
1872 440 1991 495 qua
2022 429 2048 486 Α

2135 429 2258 481 ένου
2297 427 2678 498 μεγαλειότητι
2727 424 3139 496 ἀνακρίνεσθαι.
3171 416 3305 478 Εἶτα
3329 406 3388 478 et
3426 427 3535 480 καὶ
3593 425 3704 496 τὴν

425 522 494 578 ab
534 524 626 578 illo
660 524 814 578 facta:
847 529 976 577 sunt
1003 522 1502 592 superuumerariis
1534 520 1995 585 ordinationibus,

2138 515 2576 588 αταστρωθεῖσαν
2601 515 2822 585 Νεαρὰν
2867 514 2961 568 τοῦ
3008 514 3389 569 Ἱουστινιανοῦ
3446 518 3539 579 εἰς
3598 516 3704 585 τὴν

428 615 698 671 rationem
737 614 903 683 exigi,
928 627 1037 667 non
1080 614 1378 670 introducit
1412 615 1535 685 ejus
1561 613 1900 682 judiciorum
1930 612 2001 667 de

2135 604 2195 659 οὗ
2240 605 2509 677 παρόντος
2550 605 2777 668 κανόνος
2826 605 3151 676 ἑρμηνείαν,
3178 604 3274 658 καὶ
3295 604 3706 675 διοριζομένην

429 708 641 778 integro
667 706 1320 781 examinationem.lllud
1362 705 1510 761 enim
1538 713 1623 763 est
1651 704 1855 760 factum
1884 719 2006 774 pro-

2135 697 2311 769 ιηδένα
2358 696 2662 765 ἀντιλέγειν
2713 695 2853 750 κατά
2881 697 2981 766 τῆς
3019 696 3429 767 πατριαρχικῆς
3479 695 3704 763 ψήφου,

432 801 612 872 prium
642 816 655 852 :
682 800 788 853 hoc
826 812 979 863 vero,
1010 797 1160 853 sedis
1190 796 1563 867 privilegium.
1597 794 1869 863 Quoniam
1899 793 2003 863 igi-

433 902 525 948 tur
549 898 811 946 statutum
854 898 958 955 est,
988 888 1199 944 nullum
1228 904 1327 963 per
1346 888 1511 943 alium
1542 887 1743 958 injuria
1769 885 2009 942 adicien-

430 981 584 1049 dum,
659 980 775 1049 ipse
837 979 1057 1049 quidem
1110 978 1178 1033 ab
1231 978 1559 1047 imperatore
1602 976 1697 1047 qui
1751 973 2008 1031 Ecclesia

430 1073 597 1127 habet
645 1071 935 1140 potestatis
983 1069 1293 1133 scientiam,
1352 1066 1719 1138 judicabitur,
1769 1062 1912 1121 forte
1949 1071 2009 1118 ut

432 1161 733 1226 sacrilegus
774 1159 858 1213 vel
889 1155 1031 1213 male
1078 1158 1144 1213 de
1177 1146 1285 1213 ad!
1331 1158 1611 1222 sentiens,
1646 1155 1736 1211 vel
1769 1154 2008 1225 alicujus

433 1251 571 1305 alius
596 1251 841 1306 criminis
863 1265 1012 1306 reus.
1046 1248 1162 1305 Hoc
1180 1248 1325 1305 enim
1349 1247 1799 1319 nosjudicialiter
1825 1255 2007 1302 actum

433 1356 557 1396 esse
597 1342 837 1397 vidimus
864 1341 1097 1397 diversis
1125 1341 1489 1412 temporibus,
1515 1340 1638 1410 ejus
1660 1346 1841 1395 autem
1861 1337 2015 1409 judi-

436 1436 577 1487 cium
631 1434 684 1487 in
730 1434 1188 1503 disceptationem
1230 1450 1339 1490 non
1382 1433 1654 1501 revocari,
1688 1447 1790 1488 nec
1839 1432 1907 1488 de
1945 1447 2014 1489 eo

438 1526 579 1580 ratio
629 1527 893 1597 postulari
938 1527 1099 1582 debet
1128 1535 1350 1597 propter
1401 1528 1551 1584 sedis
1608 1527 2015 1583 excellentiam.

440 1616 576 1683 Quia
601 1633 730 1673 vero
758 1619 1020 1674 adversus
1053 1619 1197 1674 hanc
1222 1619 1506 1674 Novellam
1536 1620 1757 1690 quidam
1794 1634 2017 1690 perver-

447 1726 567 1765 sam
636 1709 880 1781 linguam
922 1710 1303 1780 immitemque
1351 1721 1649 1776 exacuunt,
1702 1718 1756 1766 et
1799 1711 2014 1774 dicunt,

2103 790 2295 861 ἀρκεῖν
2342 790 2424 854 εἰς
2473 787 2714 859 παντελῆ
2774 788 2978 843 τούτων
3025 789 3472 858 ὲπιστομισμόν·
3526 787 3598 840 τὸ
3646 785 3707 840 δὲ

2102 878 2566 952 λογοπραγείσθαι
2606 876 2797 933 τοῦτον
2828 878 2990 949 χάριν
3017 877 3129 931 τῶν
3174 878 3308 947 παρ’
3335 876 3512 929 αὐτοῦ
3548 892 3707 945 γινοο

2109 974 2288 1045 μένων
2330 970 2747 1044 ὐπεραριθμίων
2786 970 3135 1043 χειροτονιῶν
3184 971 3285 1023 οὐκ
3334 969 3568 1035 εἰσάγει
3610 971 3705 1021 καὶ

2106 1064 2216 1119 τῶν
2240 1063 2477 1135 κρίσεων
2505 1062 2697 1117 τούτου
2731 1061 3039 1132 ἀνάκρισιν.
3070 1061 3145 1113 Τὸ
3193 1061 3292 1131 μὲν
3321 1063 3434 1130 γὰρ
3485 1060 3707 1127 ipsime

2108 1154 2308 1209 οἰκεῖόν
2341 1156 2478 1221 ἐστι,
2526 1154 2587 1208 τὸ
2613 1154 2673 1208 δὲ
2716 1154 2814 1209 τοῦ
2842 1155 3036 1224 θρόνου
3070 1154 3392 1225 προνόμιον.
3429 1155 3572 1206 Ὀτι
3614 1149 3711 1205 οὖν

2109 1246 2422 1317 νενόμισται
2449 1246 2655 1317 μηδένα
2687 1245 2757 1299 δι’
2801 1245 2991 1316 ἑτέρου
3021 1245 3348 1310 ἀδικεῖσθαι,
3382 1246 3565 1308 αὐτὸς
3605 1248 3707 1315 μὲν

2112 1306 2264 1408 ⁸ιέαρά
2294 1337 2370 1409 τῷ
2398 1306 2850 1412 ἐπιστημονάρχῃ
2872 1306 2971 1409 τῆς
3009 1306 3345 1407 Ἐκκλησίας-
3364 1339 3448 1408 τῷ
3481 1306 3712 1407 βασιλεῖ

2114 1431 2457 1502 κριθήσεται,
2483 1431 2560 1495 ὡς
2605 1430 2884 1501 ἱερόσυλος
2924 1431 3085 1500 τυχὸν
3116 1431 3151 1502 ἢ
3186 1430 3531 1500 ἑτερόδοξος,
3562 1431 3600 1501 ἢ
3638 1433 3713 1493 ὡς

2114 1524 2303 1595 ¹ιὲτερόν
2325 1541 2379 1577 τι
2409 1521 2769 1594 ἡμαρτηκὼς.
2804 1522 3035 1591 Εῐδομεν
3079 1522 3189 1593 γὰρ
3237 1524 3395 1576 τοῦτο
3425 1526 3532 1577 καὶ
3566 1541 3709 1594 πρα-

2116 1614 2404 1685 γματικῶς
2451 1613 2675 1683 γεγονὸς
2718 1613 2859 1683 μετά
2908 1613 3202 1685 διαφόρους
3252 1614 3511 1685 καιρούς.
3541 1616 3623 1669 τὸ
3655 1616 3711 1668 δὲ

2118 1709 2467 1779 δικαστήριον
2489 1707 2656 1762 αὑτοῦ
2685 1707 3101 1777 ἀλογόπρακτον
3140 1707 3293 1761 ἔσται
3338 1708 3428 1761 διὰ
3469 1709 3581 1777 τὴν
3609 1707 3705 1760 τοῦ

443 1808 577 1854 tunc
624 1778 742 1854 non
795 1816 959 1870 posse
1020 1778 1344 1871 patriarchae
1406 1802 1619 1872 judicio
1678 1801 2012 1866 contradici,

2135 1801 2314 1871 ipovou
2358 1778 2661 1871 ύπεροχήν.
2716 1799 2872 1853 Ἐπεὶ
2926 1798 2988 1853 δέ
3038 1816 3189 1860 τινες
3243 1800 3338 1853 καὶ
3395 1802 3555 1854 κατὰ
3606 1801 3708 1868 τῆς

444 1890 665 1961 quando
690 1893 1001 1961 patriarcha
1031 1894 1182 1946 audit
1212 1909 1309 1963 per
1339 1894 1758 1964 appellationem
1783 1894 2004 1949 antisti-

450 1984 519 2037 tis
568 1984 922 2047 scntentiam,
958 1998 1023 2039 eo
1054 1985 1198 2054 quod
1242 1985 1379 2039 nolit
1430 1984 1651 2040 Novella
1695 2000 1917 2040 causam
1961 1985 2016 2040 in

449 2073 664 2128 duobus
692 2074 917 2144 judiciis
961 2076 1221 2146 agitatam
1264 2076 1328 2131 ad
1355 2077 1576 2131 tertium
1625 2077 1854 2144 deduci;
1910 2092 2020 2133 non

448 2174 628 2218 autem
675 2167 891 2236 quando
957 2168 1136 2236 primo
1191 2167 1311 2222 loco
1372 2166 1616 2237 judicat,
1671 2176 1731 2223 et
1790 2169 2023 2224 maxime

451 2256 621 2311 laicus
658 2273 671 2309 :
696 2257 842 2321 dico,
871 2273 956 2312 me
987 2274 1146 2327 posse
1164 2258 1383 2329 quidem
1406 2259 1572 2315 multa
1596 2262 1661 2315 ad
1686 2262 1799 2316 hmc
1818 2260 2023 2330 dicere,

451 2358 505 2401 et
544 2348 833 2403 ostendere
887 2349 1036 2418 ipsos
1087 2365 1196 2405 non
1233 2359 1381 2406 recte
1408 2351 1611 2407 dicere.
1646 2351 1787 2418 Quia
1841 2362 2023 2408 autem

454 2455 628 2494 «anon
660 2439 693 2493 4
748 2439 1094 2497 Sardicensis
1124 2443 1317 2514 synodi
1345 2442 1593 2498 decernit
1636 2444 1799 2499 licere
1824 2445 1897 2509 ei,
1930 2445 2023 2515 qui

452 2538 537 2584 est
563 2530 986 2594 condemnatus,
1021 2532 1106 2586 bis
1146 2533 1446 2602 appellare,
1480 2543 1544 2589 ut
1594 2534 1850 2589 ultimum
1876 2535 2028 2606 judi-

453 2623 597 2675 cium
634 2620 749 2676 iieri
780 2638 806 2675 a
834 2639 966 2693 papa
992 2622 1243 2679 Romano
1279 2642 1295 2681 :
1339 2640 1447 2680 non
1485 2628 1618 2682 sinit
1662 2626 1766 2682 hoc
1791 2628 1871 2683 eis
1905 2642 2028 2697 pro-

454 2710 670 2766 cedere.
703 2712 820 2767 Alia
846 2714 1065 2783 quidem
1101 2716 1490 2785 praetermitto;
1518 2718 1622 2772 hoc
1662 2726 1841 2772 autem
1880 2717 2024 2785 dico,

456 2803 601 2872 quod
634 2805 893 2872 quoniam
931 2806 1106 2859 sancti
1135 2805 1481 2863 Constantini
1520 2808 1797 2864 decretum
1836 2810 1902 2863 ad
1929 2824 2028 2878 pa-

456 2907 580 2961 pam
617 2891 944 2948 Silvestrum
995 2894 1221 2964 factum,
1262 2912 1290 2950 a
1335 2900 1493 2954 nobis
1524 2900 1577 2953 in
1607 2915 1727 2969 cap.
1780 2901 1833 2967 1,
1880 2902 1965 2955 tit.
1996 2899 2030 2953 8

458 2984 747 3054 praesentis
773 2985 957 3052 operis
990 2986 1448 3057 interpretatione
1486 2990 1651 3044 situm
1686 2990 1899 3050 statuit,
1929 3004 2030 3060 pa-

461 3090 584 3145 pam
605 3072 807 3129 habere
832 3076 1015 3130 omnia
1039 3077 1165 3146 jura
1220 3079 1521 3148 imperialia
1574 3079 1813 3133 secunda
1848 3088 2027 3133 autem

465 3166 790 3222 universalis
822 3168 1063 3237 synodus
1096 3181 1149 3223 ct
1179 3178 1372 3239 quarta
1407 3170 1674 3225 dederunt
1711 3172 2035 3242 ptariarchte

464 3259 1081 3329 Constantinopolitano
1112 3263 1396 3333 privilegia
1431 3276 1582 3334 papae
1622 3272 1675 3317 et
1704 3272 2034 3331 statuerunt,

466 3361 545 3433 ut,
578 3353 1042 3419 quemadmodum
1079 3364 1131 3408 et
1160 3356 1272 3419 ille,
1309 3356 1362 3408 in
1398 3356 1653 3411 omnibus
1694 3356 2036 3412 honoretur:

467 3445 783 3499 necessario
810 3446 865 3499 in
905 3446 1025 3516 ejus
1054 3449 1378 3503 sententiam
1410 3449 1702 3518 appellatio
1731 3466 1841 3504 non
1870 3452 2034 3517 cadit;

468 3536 928 3606 quemadmodum
979 3537 1142 3609 443
1192 3555 1288 3594 nec
1332 3539 1398 3595 de
1431 3540 1696 3610 imperiali
1774 3543 2041 3597 sententia

473 3628 758 3697 quaet-itur.
793 3627 1087 3700 Propterea
1133 3632 1299 3697 enim,
1326 3638 1385 3686 ut
1422 3641 1505 3686 est
1528 3641 2044 3697 consentaneum,et

472 3720 755 3790 synodalia
788 3721 964 3777 edicta
1002 3726 1176 3778 instar
1221 3723 1626 3796 privilegiorum
1655 3725 1915 3795 regalium
1932 3724 2045 3780 edi-

473 3822 689 3867 ctorum
719 3813 1064 3869 emittuntur.
1104 3815 1240 3872 Cum
1270 3816 1371 3871 hoc
1407 3825 1588 3872 autem
1618 3818 1690 3871 ita
1730 3832 1789 3872 se
1824 3817 2041 3885 habeat,

479 3905 701 3974 reliqua:
738 3921 957 3977 quoque
997 3920 1190 3962 eorum
1232 3917 1453 3965 cessant
1493 3908 1871 3979 allegationes.
1906 3909 2041 3965 Nam

2122 1890 2381 1962 τοιαύτης
2411 1891 2633 1962 Νεαρᾶς
2673 1890 2958 1956 όπλίξουσι
3024 1890 3272 1959 γλῶτταν
3326 1892 3564 1945 σκολιὰν
3619 1892 3709 1944 καὶ

2125 1985 2434 2051 άτίθασσον,
2471 1985 2564 2039 καὶ
2596 1983 2814 2052 λέγουσι
2856 1985 2977 2038 τότε
3011 1983 3086 2055 μὴ
3120 1984 3380 2038 δύνασθαι
3413 1986 3516 2037 τὸν
3554 1986 3704 2054 παρὰ

2125 2077 2441 2146 πατριάρχῃ
2468 2074 2833 2144 δικασάμενον
2855 2073 3181 2142 ἀντιλέγειν,
3210 2076 3298 2127 ὅτε
3338 2075 3468 2129 κατ’
3503 2074 3706 2145 ἔκκλη-

2125 2184 2218 2221 τον
2260 2165 2658 2235 όπατριάρχης
2707 2166 2976 2232 ἀκροᾶται
3015 2165 3115 2234 τῆς
3156 2165 3442 2234 ἱερατικῆς
3483 2166 3707 2235 ames-

2130 2276 2289 2323 σεως,
2318 2257 2407 2311 διὰ
2436 2256 2497 2310 τὸ
2548 2256 2622 2326 μὴ
2668 2254 2872 2311 ἐθέλειν
2927 2256 3027 2323 τὴν
3064 2256 3283 2325 Νεαρὰν
3335 2256 3434 2326 τὴν
3494 2257 3583 2318 εἰς
3625 2255 3713 2309 δύο

2127 2350 2460 2421 δικαστήρια
2515 2348 2847 2419 ζητηθεῖσαν
2902 2346 3196 2413 ὑπόθεσιν,
3250 2347 3345 2402 καὶ
3385 2349 3469 2410 είς
3530 2347 3711 2417 τρίτον

2129 2444 2475 2514 εἰσάγεσθαι,
2508 2442 2570 2497 οὐ
2618 2442 2724 2512 μὴν
2778 2442 2906 2495 ὅταν
2956 2443 3329 2512 πρωτοτύπως
3380 2440 3591 2513 δικάζῃ
3624 2439 3710 2492 καὶ

2134 2536 2370 2606 μάλιστα
2411 2532 2662 2597 λαϊκούςο
2715 2532 2859 2601 λέγω
2909 2534 2993 2587 ὅτι
3042 2529 3187 2603 εἶχον
3233 2533 3339 2601 μὲν
3371 2531 3516 2599 πρὸς
3556 2530 3710 2584 τοῦτο

2134 2626 2304 2683 πολλά
2354 2627 2547 2691 εἰπεῖν,
2584 2625 2680 2680 καὶ
2732 2626 3083 2696 παραστῆσαι
3139 2624 3339 2686 αὐτοὺς
3393 2623 3471 2693 μὴ
3533 2623 3711 2684 καλῶς

2132 2720 2347 2789 λέγειν*
2382 2722 2465 2775 ὅτι
2501 2721 2610 2774 δὲό
2649 2721 2692 2774 δ’
2730 2717 2913 2773 κανὼν
2956 2719 3056 2787 τῆς
3102 2716 3161 2769 ὲν
3194 2715 3428 2785 Σαρδικῇ
3488 2713 3709 2766 συνόδου

2133 2813 2427 2886 διορίζεται
2453 2814 2600 2885 ἔχειν
2646 2815 2736 2867 ἐπ’
2773 2812 2959 2874 ἀδείας
2988 2809 3081 2864 τὸν
3111 2806 3596 2863 καταδικασθέντα
3630 2806 3711 2867 δὶς

2135 2907 2505 2973 ἐκκαλεῖσθαι,
2549 2908 2645 2961 καὶ
2695 2905 2794 2976 τὴν
2850 2903 3168 2959 τελευταίαν
3223 2902 3406 2972 κρίσιν
3452 2898 3707 2966 γίνεσθαι

2136 3003 2290 3073 παρὰ
2316 3002 2411 3056 τοῦ
2454 3002 2657 3055 πάππα
2702 3000 2803 3069 τῆς
2845 2997 3088 3066 Ῥώμης,
3119 2996 3179 3049 ού
3230 2994 3560 3064 παραχωρεῖ
3586 2994 3711 3045 cati.

2058 3127 2102 3186 α
2136 3111 2251 3159 τοις
2283 3093 2509 3147 τοιαῦτα
2564 3091 2895 3162 προτιθέναι.
2948 3089 3030 3186 Τά
3092 3090 3190 3158 μὲν
3250 3087 3389 3141 ἀλλα
3445 3084 3713 3186 παρίημι,

2133 3188 2279 3257 λέγω
2315 3187 2372 3241 δὲ
2423 3186 2525 3252 ὅτι,
2553 3184 2675 3237 ἐπεὶ
2702 3182 2763 3235 τὸ
2805 3182 2905 3251 μὲν
2938 3178 3031 3235 τοῦ
3080 3180 3240 3248 ἁγίου
3292 3178 3711 3232 Κωνσταντίνον

2136 3278 2413 3347 θέσπισμα
2459 3276 2520 3329 τὸ
2574 3274 2713 3344 πρὸς
2760 3275 2851 3327 τὸν
2900 3274 3055 3342 ἆγιον
3104 3272 3427 3342 Σίλὸεστρον
3458 3270 3707 3337 γεγονὸς,

2139 3368 2534 3441 καταστρωθὲν
2586 3368 2717 3438 παρ’
2761 3366 2920 3436 ἡμῶν
2976 3366 3057 3427 εἰς
3108 3363 3207 3435 τὴν
3259 3362 3566 3433 ἑρμηνείαν
3619 3360 3713 3415 τοῦ

2139 3464 2357 3535 πρώτου
2388 3478 2515 3530 κεςρ.
2545 3460 2640 3513 τοῦ
2663 3468 2713 3531 η’
2744 3460 2925 3513 τίτλου
2952 3456 3047 3511 τοῦ
3082 3458 3347 3527 παρόντος
3389 3456 3707 3523 συντάγμα-

2139 3572 2253 3621 τος,
2283 3554 2575 3625 διορίζεται
2608 3552 2753 3623 ἐχειν
2776 3552 2866 3605 τὸν
2896 3552 3131 3605 πάππαν
3158 3549 3334 3603 πάντα
3357 3549 3425 3602 τά
3453 3548 3706 3617 βασιλικά

2142 3648 2363 3703 δίκαια·
2397 3646 2429 3716 ἡ
2458 3646 2517 3699 δὲ
2563 3645 2793 3716 δευτέρα
2848 3642 3202 3717 οἰκουμενικὴ
3258 3642 3477 3703 σύνοδος
3538 3640 3634 3694 καὶ
3681 3640 3711 3710 η

2143 3739 2375 3808 τετάρτη
2425 3735 2687 3790 δεδώκασι
2728 3734 2805 3805 τῷ
2851 3735 3165 3806 πατριάρχῃ
3198 3732 3715 3788 Κωνσταντινουπό-

2144 3827 2281 3891 λαως
2331 3826 2402 3879 τὰ
2447 3825 2719 3895 προνόμια
2767 3824 2864 3878 τοῦ
2922 3825 3144 3888 πάππα,
3192 3822 3284 3876 καὶ
3338 3822 3555 3891 ὥρισαν
3607 3818 3717 3873 κατ’

2147 3920 2357 3973 ἐκεῖνον
2406 3918 2498 3970 ἐπὶ
2544 3917 2713 3971 πᾶσιν
2759 3914 3056 3986 τιμᾶσθαι·
3099 3914 3159 3981 ὲξ
3191 3913 3445 3981 ἀνάγκης
3475 3911 3721 3981 ἐκκλήτῳ

478 3996 593 4050 sive
622 3998 857 4052 clericos
894 3999 1008 4053 sive
1034 4000 1202 4056 laicos
1226 3999 1555 4070 iudicaverit
1584 4001 1913 4070 patriarcha,
1936 4002 2048 4058 sive

2149 4012 2245 4081 οὐχ
2264 4010 2516 4081 ὑποπέσῃ
2558 4010 2590 4080 ἡ
2642 4006 2834 4062 τούτου
2875 4006 3171 4075 ἀπόφασις,
3202 4005 3392 4074 ὥσπερ
3417 4004 3543 4057 οὐδὲ
3570 4005 3603 4074 ἡ
3634 4002 3724 4073 βα·

482 4088 675 4141 laicum
710 4105 832 4144 cum
864 4091 1090 4155 clerico,
1131 4093 1247 4147 sive
1289 4093 1445 4163 jussu
1504 4093 1882 4161 imperatorio,
1933 4093 2048 4148 sive

2154 4100 2339 4171 σιλικὴ
2386 4100 2663 4168 ἀπόφασις
2711 4096 3086 4167 ἀνακρίνεται.
3132 4096 3229 4148 Διά
3272 4095 3382 4164 γὰρ
3432 4092 3617 4157 τοῦτο,
3657 4092 3724 4155 ὡς

476 4180 602 4248 jure
638 4185 879 4252 proprio,
926 4185 1039 4240 sive
1073 4201 1196 4241 cum
1231 4185 1545 4256 conjudice,
1578 4186 1691 4242 sive
1740 4188 1916 4251 solus,
1946 4187 2048 4241 erit

2155 4193 2322 4256 ἔοικε,
2350 4191 2533 4246 καὶτὰ
2584 4190 2837 4243 συνοδικά
2884 4188 3251 4260 σημειώματα
3286 4188 3430 4241 κατά
3486 4188 3562 4239 τὰ
3601 4202 3727 4256 προσ

484 4291 811 4345 quacunque
842 4278 1253 4333 examinatione
1278 4288 1332 4332 et
1369 4278 1711 4347 judicatione
1745 4278 1996 4347 superior
2031 4296 2048 4346 ;

2156 4285 2319 4355 νόμια
2382 4283 2490 4337 τῶν
2544 4281 2838 4353 βασιλικῶν
2901 4281 3309 4351 σημειωμάτων
3371 4278 3722 4331 ἀπολύονται.

482 4375 536 4420 et
565 4368 655 4435 qui
688 4382 856 4424 ausus
874 4367 1037 4425 fuerit
1067 4369 1134 4424 ad
1170 4372 1557 4440 imperatorem
1584 4371 1880 4441 appellare,
1908 4380 1967 4427 ut
1991 4372 2048 4427 de

2158 4376 2362 4430 Τούτου
2396 4374 2453 4430 δὲ
2488 4373 2663 4436 οὕτως
2716 4374 2953 4443 ἔχοντος,
2990 4373 3206 4435 πάντως
3254 4370 3609 4440 ἀπρακτοῦσι
3642 4368 3725 4421 καὶ

492 4461 820 4528 patriarchae
843 4463 1113 4517 sententia
1137 4478 1327 4519 rursus
1346 4461 1637 4531 iudicetur,
1665 4464 1767 4517 erit
1797 4464 2048 4532 prmsenti

2160 4468 2229 4521 τά
2257 4466 2421 4522 λοιπά
2456 4464 2943 4534 δικαιολογήματα.
2989 4464 3108 4517 Κᾶν
3154 4463 3263 4531 γάρ
3309 4460 3623 4531 ἰερατικούς
3658 4477 3705 4512 τι

491 4553 688 4609 canoni
716 4553 1010 4608 obnoxius.
1052 4555 1107 4608 Si
1137 4554 1279 4609 enim
1314 4571 1421 4609 non
1455 4556 1794 4625 permittitur
1824 4557 2058 4625 impera-

494 4654 664 4699 torem
713 4648 960 4701 molestia
1001 4646 1239 4713 afﬁcere,
1289 4663 1388 4717 pro
1417 4664 1613 4704 rursus
1649 4649 1955 4704 revocanda
2001 4650 2056 4703 in

2163 4577 2259 4622 νας
2287 4560 2484 4630 δικάσῃ
2509 4560 2535 4610 ό
2576 4560 2943 4629 πατριάρχης,
2977 4556 3080 4610 κᾶν
3130 4553 3375 4616 λαῖκοὺς,
3402 4554 3505 4606 κάν
3555 4552 3731 4606 λαῖιιδν

2170 4652 2306 4724 μετά
2361 4652 2684 4721 ἱερωμένου,
2736 4651 2838 4705 κᾶν
2880 4650 2967 4704 διά
3023 4648 3313 4720 βασιλικῆς
3365 4646 3731 4715 προστάξεως,

489 4738 756 4807 judicium
809 4739 1038 4808 alicujus
1079 4726 1488 4810 metropolitani
1531 4741 1796 4797 sententia
1826 4782 1841 4806 ,
1887 4742 2048 4796 multo

2168 4745 2270 4798 κᾶν
2296 4743 2483 4813 οἰκείῳ
2514 4742 2729 4811 δικαίῳ,
2766 4740 2871 4795 κᾶν
2895 4742 3037 4811 μετὰ
3074 4735 3459 4801 συνδικαστοῦ,
3501 4738 3615 4789 κᾶν
3651 4738 3729 4803 μό.

500 4831 674 4902 magis
727 4845 834 4886 non
862 4832 1208 4902 pcrmittetur
1273 4832 1691 4903 patriarchalem
1732 4833 2048 4889 sententian

2170 4852 2280 4901 vo;,
2306 4834 2490 4903 πάσης
2518 4832 2861 4904 ἀνακρίσεως
2894 4830 3047 4884 ἔσται
3077 4830 3341 4884 ἐπέκεινα
3364 4844 3379 4857 ο
3422 4827 3522 4881 καὶ
3578 4838 3601 4873 υτ
3631 4827 3729 4877 to}-

494 4923 563 4977 atl
618 4922 1001 4994 imperatorem
1026 4924 1316 4980 introduci.

2177 4927 2357 4997 μήσας
2386 4924 2789 4980 ἐκκαλέσασθαι
2820 4926 2901 4987 εἰς
2928 4922 3159 4991 βασιλέα
3198 4920 3359 4992 χάριν
3386 4920 3486 4971 τοῦ
3519 4921 3731 4988 ἀνακριο

493 5019 650 5089 θῆναι
706 5018 805 5087 τὴν
867 5018 1144 5088 ἀπόφασιν
1197 5020 1295 5089 τὴν
1356 5017 1788 5089 πατριαρχικὴν,
1875 5017 2131 5081 ὑπόδικος
2169 5017 2323 5073 ἔσται
2350 5017 2428 5088 τῷ
2461 5017 2694 5089 παρόντι
2724 5015 2934 5071 κανόνι.
2961 5016 3024 5068 Εἰ
3074 5015 3185 5086 γάρ
3207 5013 3308 5067 οὐκ
3339 5011 3561 5081 ἐφεῖται
3597 5009 3728 5079 βασι·

493 5113 575 5165 λεί
611 5113 789 5183 ὀχλείν
828 5115 990 5185 χάριν
1040 5113 1133 5167 τοῦ
1188 5112 1553 5184 ἀνακριθῆναι
1602 5110 1701 5181 τὴν
1749 5108 1844 5165 τοῦ
1892 5111 2063 5173 δεῖνος
2106 5111 2517 5181 μητροπολίτου
2545 5110 2857 5178 ἀπόφασιν·
2900 5108 3086 5179 πολλῷ
3148 5106 3308 5161 πλέον
3345 5106 3451 5159 οὐκ
3506 5105 3730 5173 ὲκχωρη·

496 5207 719 5275 θήσεται
786 5206 1196 5278 πατριαρχικὴν

1274 5204 1570 5273 διάγνωσιν
1638 5203 1790 5274 παρά
1844 5202 2058 5273 βασιλεί
2097 5203 2350 5272 γενέσθαι
2382 5201 2771 5272 εἰσαγώγιμον.

570 5300 822 5357 ZONAR.
863 5302 1155 5370 Episcopo,
1189 5314 1350 5370 quem
1384 5298 1645 5369 synodus,
1704 5297 1791 5352 vel
1846 5297 2067 5360 clerico.

500 5408 657 5460 quem
692 5393 979 5462 episcopus
1008 5392 1340 5460 deposuerit,
1367 5405 1474 5459 quo
1508 5398 1666 5460 pacto
1690 5390 1756 5443 de
1802 5386 2071 5444 sententia

501 5499 610 5537 suae
653 5482 1039 5547 damnationis,
1071 5484 1114 5537 si
1153 5482 1404 5552 injustam
1448 5494 1566 5537 esse
1605 5486 1832 5543 asserat,
1862 5477 2072 5534 exami-

2251 5297 2495 5352 ZﬂNAP.
2546 5298 2776 5367 Εἴρηται
2806 5296 3068 5364 ἀνωτέρω
3095 5294 3215 5357 πῶς
3247 5294 3281 5362 ἢ
3312 5294 3617 5356 ἐπίσκοπος
3644 5287 3721 5343 ὑπὸ

2188 5388 2411 5441 συνόδου
2465 5385 2835 5457 καθαιρεθεὶς,
2887 5384 2919 5453 ἦ
2976 5382 3238 5453 κληρικδς
3298 5382 3405 5433 ὑπὸ
3456 5382 3555 5434 τοῦ
3616 5376 3717 5430 ista!

2181 5479 2507 5543 ἐπισκόπου,
2532 5477 2754 5532 δύναται
2785 5476 2972 5543 ζητεῖν
3006 5471 3417 5543 δοκιμασθῆναι
3442 5473 3547 5535 τὴν
3570 5469 3711 5539 ψῆξα

506 5574 681 5626 nanda
731 5587 891 5641 agere
942 5574 1120 5640 liceat,
1148 5574 1261 5643 jatn
1311 5582 1469 5627 antea
1508 5572 1936 5640 explicavimus:
1974 5571 2048 5625 Ιιοι

2183 5570 2283 5635 τὴν
2337 5570 2459 5621 κατ’
2488 5568 2708 5631 αὐτοὺς,
2746 5568 2794 5619 εἰ
2837 5565 2985 5618 δοκεῖ
3031 5562 3337 5616 ἀδικεῖσθαι
3362 5577 3375 5591 ·
3432 5550 3712 5614 ὲνταῦθαέὶ

510 5682 638 5720 vero
681 5670 795 5721 loco
823 5682 937 5730 eos,
970 5667 1061 5739 qui
1120 5667 1456 5735 depositione
1489 5664 1698 5719 multati
1743 5671 1871 5718 sunt
1902 5662 2076 5733 impe-

518 5769 755 5815 ratorem
811 5759 981 5825 adire,
1045 5759 1199 5827 eique
1256 5759 1513 5816 molestos
1558 5772 1696 5825 esse,
1759 5771 1821 5812 ac
1854 5759 1918 5812 ad
1953 5771 2073 5812 cum

2185 5655 2521 5726 ἀπαγορεύει
2560 5658 2670 5718 τοῖς
2715 5654 3170 5726 καθαιρουμένοις
3199 5654 3227 5705 ό
3256 5650 3439 5704 κανὼν
3474 5646 3711 5719 spectem

2188 5749 2420 5819 βασιλεῖ,
2475 5749 2568 5803 καὶ
2609 5748 2847 5818 ἐνοχλεῖν
2902 5747 3071 5819 αὐτῷ,
3124 5746 3219 5800 καὶ
3256 5744 3442 5817 ζητεῖν
3487 5744 3583 5812 τὴν
3627 5731 3717 5789 κεῖτ’
