3958 6242
324 194 457 263 m3
1339 197 1417 257 IN
1450 154 1617 259 CAN.
1660 200 1809 261 xm
1849 201 2060 268 coxvc.
2096 205 2159 267 It
2188 206 2547 273 ANTIOCII.
3113 273 3115 276 γ
3450 217 3589 284 1314

318 312 483 367 αύτοῦ
513 312 869 384 ἐξετασθῆναι
898 312 1196 382 ἀπόφασιν,
1252 314 1349 368 καὶ
1379 314 1455 385 τῷ
1504 316 1666 369 τοῦτο
1719 318 1881 389 ποιήο

2023 322 2369 381 Iamnationis
2400 343 2510 382 sum
2537 325 2903 396 cognitionem
2930 329 3162 396 deferre,
3199 348 3375 390 canon
3400 346 3539 393 vetat
3564 358 3579 405 ;

319 423 471 459 σαντι
505 407 642 476 μήτε
666 404 852 475 χώραν
881 407 1178 475 ἀπολογίας
1209 406 1454 463 δίδοσθαι
1482 408 1720 475 κελεύει,
1748 414 1882 482 μήτε

2023 418 2203 486 tuique
2247 417 2299 472 id
2333 418 2541 485 fecerit,
2571 436 2670 475 nec
2704 422 2882 477 audiri
2930 427 3158 493 amplius
3191 426 3243 481 in
3266 428 3500 497 judicio,
3528 404 3584 487 et

316 499 580 564 ἐλπίζειν,
610 499 687 563 ὠς
732 500 1270 570 ἀποκαταστήσεται.

2023 513 2147 565 »ιιιηί
2187 512 2242 565 in
2275 523 2554 581 posterum
2589 516 2952 573 restitutionis
2984 534 3078 588 spe
3102 536 3289 577 carere
3312 522 3485 590 jubet.

319 590 544 644 ΑΡΙΣΤ.
608 608 626 641 t
681 591 741 644 '0
772 591 1177 664 καθῃρημένος,
1231 594 1280 646 εί
1333 593 1574 665 ἐνοχλοίη
1605 592 1686 665 τῷ
1745 593 1882 665 βασι⁴

2023 602 2240 658 lRIST.
2289 622 2308 656 ι
2344 604 2649 675 Depositus,
2674 610 2718 664 si
2754 610 3069 679 imperatori
3103 614 3403 669 molestiam
3433 618 3588 672 exhi-

389 701 410 735 ε
456 682 557 748 λεῖ,
584 682 807 736 αἰτείτω
865 683 1085 736 σύνοδον
1147 684 1396 755 μείζονα,
1447 686 1542 738 καὶ
1592 689 1652 740 τὸ
1683 688 1882 741 ἐκεῖθει

2085 716 2107 749 r
2141 696 2341 765 buerit,
2366 701 2624 769 majorem
2651 712 2795 772 petat
2819 706 3105 774 synodum,
3128 707 3350 775 ejusque
3369 711 3585 765 decreto

390 792 409 825 ι
448 771 606 837 δόξαν
636 772 913 843 στεργέτω
942 788 955 803 ·
1006 774 1056 825 εί
1089 773 1147 825 δὲ
1202 775 1297 826 καὶ
1357 773 1515 836 αὖθις
1576 774 1882 828 ἀποδυσπε·

2081 807 2103 844 ι
2145 793 2475 861 acquiescat.
2511 793 2567 849 Si
2593 812 2725 851 vero
2758 813 2974 852 rursum
3005 814 3147 869 aagre
3174 802 3381 866 tulerit,
3421 805 3579 859 restio

392 881 411 915 t
450 863 594 933 τοίη,
626 865 701 933 μὴ
731 865 906 934 ἐχέτω
935 866 1403 920 ἀποκατάστασιν.
1442 884 1462 918 ι

2081 899 2104 935 ι
2141 884 2405 939 lutiouem
2437 902 2506 940 ne
2533 882 2878 956 assequatur.
2916 906 2937 939 ι
3053 899 3061 914 “
3164 887 3169 893 ’

384 951 489 1007 Τὸν
514 953 915 1027 καθαιρεθέντα
946 954 1052 1007 ὑπὸ
1083 953 1330 1017 συνόδου,
1366 956 1462 1009 καὶ
1487 956 1736 1026 οίόμενον
1771 957 1882 1011 ἀδι-

2070 974 2205 1029 Eum
2241 976 2334 1045 qui
2384 991 2413 1029 a
2473 951 2691 1047 synodo.
2728 978 3037 1047 deponitur,
3102 980 3313 1049 sibique
3375 981 3587 1038 videtur

312 1044 553 1110 κεῖσθαι,
587 1049 615 1100 ό
647 1045 831 1100 κανὼν
866 1048 927 1100 ού
959 1048 1159 1101 κωλύει
1192 1048 1420 1117 μείζονα
1448 1047 1668 1101 σύνοδον
1701 1052 1882 1102 ἐπικαι

2023 1065 2202 1133 njuria
2239 1066 2486 1132 allectus,
2523 1083 2694 1121 canon
2749 1068 2836 1123 hic
2873 1069 3135 1137 majorem
3177 1087 3475 1140 provocare
3495 1088 3586 1143 sy-

311 1137 549 1202 λεῖσθαι,
580 1138 678 1192 καὶ
708 1139 841 1209 παρ’
871 1140 1011 1210 αύτῇ
1042 1141 1345 1211 γυμνάζειν
1372 1141 1407 1194 ἂ
1440 1141 1652 1212 νομίζει
1701 1142 1882 1196 δίκαια

2023 1156 2199 1210 nodum
2250 1171 2355 1210 non
2419 1156 2688 1226 prohibet,
2746 1166 2799 1212 ct
2853 1160 2994 1227 apud
3029 1175 3147 1213 eam
3178 1137 3440 1229 proferre
3466 1137 3587 1232 qua:

312 1230 481 1301 ἔχειν,
514 1232 596 1295 εἰς
631 1234 949 1304 ἀνατροπὴν
976 1233 1075 1303 τῆς
1107 1235 1226 1287 κατ’
1270 1234 1436 1288 αὑτοῦ
1506 1236 1882 1306 ἐξενεχθείσης

2023 1259 2139 1301 usta
2175 1262 2293 1304 esse
2329 1250 2649 1313 arbitratur,
2685 1251 2748 1303 ad
2814 1252 3097 1305 sententia:
3140 1263 3327 1308 contra
3373 1270 3431 1309 se
3466 1257 3586 1308 Ιιιιιυ

309 1322 520 1394 ψήφου.
563 1323 726 1379 Ἀλλά
761 1324 962 1395 μᾶλλον
1004 1326 1101 1379 καὶ
1167 1327 1456 1397 ἐπιτρέπει
1514 1327 1664 1395 αύτῷ
1723 1330 1882 1381 ποιεῖι

2023 1341 2363 1395 :versionem.
2418 1340 2533 1395 lmo
2585 1342 2763 1411 potius
2807 1343 2855 1396 ei
2913 1345 3012 1398 hoc
3062 1347 3323 1414 permittit
3379 1346 3577 1402 facere.

309 1416 467 1470 αύτό.
531 1416 636 1470 Τδν
676 1418 731 1470 δέ
787 1416 864 1487 μὴ
896 1416 1119 1469 θέλοντα
1177 1417 1499 1487 προσελθεῖν
1536 1419 1761 1489 συνόδῳ,
1795 1419 1882 1471 καὶ

2023 1431 2131 1486 ium
2166 1441 2344 1487 autem
2374 1434 2467 1501 qui
2503 1449 2607 1489 non
2664 1434 2779 1488 vult
2835 1437 3101 1504 synodum
3160 1439 3331 1500 adire,
3364 1448 3418 1493 et
3445 1442 3583 1508 apud

311 1510 443 1580 παρ’
478 1510 617 1581 αύτῇ
654 1510 722 1562 τά
746 1510 924 1563 οίκεῖα
957 1508 1239 1580 προθεῖναι
1264 1508 1474 1572 δίκαια,
1501 1510 1641 1565 ἀλλά
1668 1514 1766 1573 τὰς
1800 1510 1882 1578 βα-

2023 1538 2115 1576 ειιιη
2150 1523 2274 1592 jura
2328 1538 2429 1579 sua
2458 1539 2785 1594 proponere,
2827 1529 2922 1582 sed
2983 1528 3364 1597 imperatorias
3398 1532 3583 1587 obtur-

310 1603 525 1666 σιλικάς
555 1604 725 1665 ἀκοάς
776 1603 1133 1674 παρενοχλεῖν
1166 1603 1513 1673 πειρώμενον
1557 1604 1636 1665 είς
1668 1601 1882 1672 ἐκδίκη-

2023 1631 2127 1672 lare
2162 1618 2390 1672 auresin
2416 1617 2680 1673 ultionem
2714 1620 2953 1686 molitur,
2979 1622 3125 1676 nulla
3159 1623 3409 1694 dignatur
3432 1627 3583 1679 venia

310 1711 417 1759 σιν,
443 1694 776 1766 συγγνώμης
832 1667 1110 1757 τινὸς-οὑκ
1159 1667 1321 1761 ἀξιοῖ,
1352 1667 1473 1747 οὐδὲ
1522 1693 1709 1763 χώραν
1754 1667 1882 1747 ἀπο-

2103 1667 2123 1672 ,
2164 1667 2389 1672 μην--
2979 1667 3125 1676 --_.-..
3161 1667 3399 1694 “0..-.-.

2023 1723 2101 1762 tec
2142 1710 2407 1780 apologize
2438 1709 2615 1764 locum
2651 1711 2699 1763 ei
2755 1712 3031 1776 concedit,
3061 1729 3159 1768 nec
3200 1715 3393 1770 futurae
3422 1716 3583 1771 resti-

306 1787 499 1855 λογίας
529 1787 684 1851 αὐτῷ
718 1787 927 1849 δίδωσι,
956 1786 1053 1840 καὶ
1083 1785 1275 1838 ἐλπίδα
1309 1786 1621 1857 προσδοκᾷν
1654 1785 1887 1857 μελλού-

305 1893 407 1947 σης
437 1875 960 1938 ἀποκαταστάσεως.

898 1969 1141 2023 ΚΑΝΩΝ
1186 1969 1286 2025 η’.

310 2081 331 2116 ε
370 2062 595 2135 Μηδένα
631 2063 935 2118 ἐπίσκοπον
985 2063 1192 2135 τολμᾷν
1246 2063 1343 2132 ἀφ’
1381 2064 1580 2134 ἐτέρας
1614 2064 1888 2135 ἐπαρχίας

382 2174 402 2209 ι
444 2157 527 2219 είς
556 2156 751 2226 ἑτέραν
780 2155 1155 2225 μεταϐαίνειν,
1194 2156 1286 2209 καὶ
1330 2159 1661 2226 χειροτονεῖν
1692 2158 1748 2210 ἐν
1791 2159 1912 2212 ὲκ-”

380 2264 399 2299 t
444 2248 700 2318 κλησίαις
772 2246 925 2312 τινὰς
984 2248 1065 2312 είς
1116 2249 1456 2319 προαγωγὴν
1512 2248 1881 2316 λειτουργίας,

382 2357 401 2390 ε
452 2340 585 2411 μηδὲ
616 2342 666 2394 εί
695 2340 1056 2409 συνεπάγοιτο
1083 2340 1263 2410 ἐαυτῷ
1300 2340 1542 2412 ἐτέρους,
1574 2342 1621 2393 ei
1672 2341 1747 2410 μὴ
1781 2357 1886 2394 παι·

382 2451 400 2485 ι
448 2433 743 2503 ρακληθεὶς
775 2433 1030 2502 ἀφίκοιτο
1053 2432 1142 2487 διὰ
1170 2433 1516 2503 γραμμάτων
1542 2432 1638 2486 τοῦ
1671 2450 1730 2487 τε
1781 2450 1886 2501 μη-

374 2542 394 2576 ι
442 2525 767 2595 τροπολίτου
815 2524 913 2578 καὶ
957 2525 1067 2577 τῶν
1102 2525 1198 2579 σὺν
1238 2524 1387 2594 αὐτῷ
1434 2525 1775 2591 ἐπισκόπων,
1807 2518 1884 2578 ὧν

381 2634 403 2669 ε
445 2618 525 2679 είς
566 2617 669 2686 τὴν
698 2620 888 2686 χώραν
919 2615 1281 2685 παρέρχεται.
1317 2617 1378 2669 Et
1419 2615 1477 2667 δὲ
1512 2615 1741 2685 μηδενὸς
1786 2633 1887 2668 atat-

383 2725 405 2761 ε
446 2706 665 2770 λοῦντος
692 2706 919 2761 ἀπέλθοι
947 2707 1202 2769 ἀτάκτως
1232 2707 1327 2760 ἐπὶ
1352 2706 1667 2779 χειροθεσίᾳ
1693 2708 1881 2772 τινῶν,

382 2816 403 2851 t
449 2799 919 2859 καίηκαταστάσει
944 2800 1052 2852 τῶν
1092 2799 1574 2869 ἐκκλησιαστικῶν
1621 2800 1883 2870 πραγμά-

380 2905 401 2941 ε
442 2904 551 2940 των
581 2887 657 2958 μὴ
706 2888 1100 2959 προσηκόντων
1135 2889 1307 2958 αὐτῷ,
1355 2887 1541 2959 ἄκυρα
1570 2888 1669 2959 μὲν
1698 2890 1766 2941 τὰ
1784 2889 1882 2943 ὑπ’

376 2997 400 3035 e
442 2980 609 3033 αὑτοῦ
666 2980 1046 3051 πεπραγμένα
1093 2980 1423 3050 τυγχάνειν·
1480 2984 1574 3034 καὶ
1609 2979 1774 3035 αὐτὸν
1823 2980 1880 3033 δὲ

381 3092 401 3126 ε
443 3073 665 3142 ὑπέχειν
696 3071 795 3141 τῆς
821 3072 1051 3137 ἀταξίας
1083 3072 1251 3126 αὐτοῦ
1286 3073 1382 3126 καὶ
1431 3071 1530 3143 τῆς
1566 3071 1879 3141 παραλόγου

390 3186 408 3218 ι
455 3167 854 3239 ἐπιχειρήσεως
884 3169 983 3237 τὴν
1011 3168 1396 3239 προσήκουσιν
1424 3166 1600 3235 δίκην,
1634 3164 1886 3236 καθῃρη-

379 3278 401 3313 e
444 3264 605 3331 μένον
657 3258 907 3313 ἐντεῦθεν
953 3260 1055 3330 ήδη
1088 3259 1193 3311 ὑπὸ
1240 3258 1336 3329 τῆς
1385 3258 1547 3327 ἀγίας
1580 3256 1826 3309 συνόὸου.
1857 3272 1876 3306 ι

376 3354 575 3407 ΒΔΛΣ.
595 3353 730 3421 Περὶ
752 3352 861 3404 τῶν
886 3353 941 3403 ὲν
967 3350 1047 3421 τῷ
1078 3352 1305 3421 παρόντι
1337 3351 1523 3403 κανόνι
1566 3348 1887 3419 διειλημμέ-

296 3463 409 3499 νων
439 3445 641 3505 ίκανῶς
671 3442 995 3513 διελάϐομεν
1020 3445 1077 3495 ἐν
1109 3441 1188 3511 τῷ
1215 3439 1288 3493 λε’
1314 3440 1662 3508 ἀποστολικῷ
1692 3439 1885 3492 κανόνι

299 3541 403 3595 καὶ
432 3541 492 3592 ἐν
522 3539 753 3607 ἑτέροις.
792 3537 901 3589 Καὶ
932 3534 1213 3604 ἀνάγνωθι
1261 3535 1331 3587 τά
1379 3535 1437 3586 ἐν
1481 3532 1715 3595 ἐκείνοις
1748 3549 1887 3602 γρα-

301 3630 497 3701 φέντα.
528 3630 692 3701 Ζήτει
723 3631 818 3683 καὶ
860 3629 962 3697 τῆς
1010 3626 1299 3696 παρούσης
1358 3624 1582 3689 συνόδου
1616 3641 1741 3677 καν.
1775 3621 1882 3693 κβ’.

373 3723 621 3780 ΖΩΝΑΡ.
653 3722 975 3775 Σκανδάλων
1021 3723 1118 3774 καὶ
1145 3716 1401 3788 ταραχῶν
1428 3718 1605 3769 αἰτιον
1633 3714 1695 3767 τὸ
1729 3714 1887 3767 ἀπιέ-

297 3831 389 3871 ναι
422 3815 726 3868 ἐπίσκοπον
755 3814 835 3877 είς
869 3813 1142 3883 ἐπαρχίαν
1172 3812 1391 3882 ἑτέραν,
1420 3811 1512 3863 καὶ
1544 3809 1886 3885 χειροτονίας

297 3908 479 3961 ποιεῖν
526 3907 656 3961 ἀνευ
705 3905 933 3975 γνώμης
984 3904 1079 3958 τοῦ
1113 3902 1422 3985 ἐπισκόπου
1476 3900 1577 3970 τῆς
1611 3901 1884 3972 ἐπαρχίας

300 3999 538 4071 ἐκείνης.
574 3998 665 4050 Διδ
707 3998 804 4050 καὶ
854 3996 1056 4050 κωλύει
1103 3996 1264 4048 τοῦτο
1311 3994 1341 4046 ό
1384 3989 1591 4057 κανὼν,
1644 3993 1742 4045 καὶ
1794 3994 1885 4045 τὸν

297 4090 462 4143 τοῦτο
502 4089 810 4160 ποιήσαντα
839 4086 1161 4157 καθαιρέσει
1189 4083 1563 4147 καταδικάζει.
1593 4082 1636 4135 Τ
1639 4081 1779 4136 αὕτα
1822 4082 1880 4135 δὲ

301 4180 688 4235 κεκανόνισται
749 4180 848 4234 καὶ
878 4183 993 4242 τοῖς
1027 4179 1207 4248 ἁγίοις
1245 4176 1569 4239 ἀποστόλοις
1594 4175 1653 4228 ἐν
1687 4171 1760 4226 λε’
1785 4190 1886 4228 κα-

298 4274 414 4326 νόνι
437 4288 451 4304 ’
488 4272 561 4325 τὰ
590 4271 734 4326 αύτά
764 4272 821 4325 δὲ
849 4271 1023 4343 ὁρίζει
1061 4273 1157 4325 καὶ
1188 4270 1217 4323 ό
1252 4266 1339 4339 κβ¹
1370 4265 1553 4321 κανὼν
1607 4266 1710 4337 τῆς
1753 4282 1879 4321 συν-

296 4365 420 4417 όδου
442 4367 673 4435 ταύτης.

297 4460 523 4515 ΔΡΙΣΤ.
585 4477 606 4513 ι
668 4461 732 4513 Ei
811 4458 1035 4531 μηδενὸς
1091 4458 1374 4527 ἀξιοῦντος
1440 4461 1742 4529 ἐπίσκοπος
1802 4465 1882 4527 είς

377 4572 395 4606 ι
439 4554 610 4623 ἀλλην
663 4552 938 4624 ἐπαρχίαν
991 4552 1167 4620 ἀπίοι,
1222 4553 1317 4607 καὶ
1365 4554 1728 4625 χειροτονοίη,
1785 4557 1882 4609 καὶ

370 4666 389 4699 ι
435 4647 664 4717 διοικοίη
696 4647 1022 4717 πράγματα,
1050 4648 1194 4702 αὐτά
1224 4663 1285 4700 τε
1311 4646 1497 4718 ἄκυρα
1530 4649 1765 4719 μενέτω,
1782 4648 1882 4702 κά-

372 4758 390 4791 ι
431 4742 611 4802 κεῖνος
640 4737 1029 4811 καθαιρείσθω.
1073 4757 1093 4791 ι

369 4827 604 4890 Πολλοὺς
655 4827 890 4892 κανόνας
946 4828 1208 4900 εὑρήσεις
1235 4830 1397 4885 τοῦτο
1443 4832 1785 4899 κωλύοντας,
1816 4832 1879 4887 τὸ

250 4976 253 4979 λ
300 4919 662 4992 μεταϐαίνειν
692 4920 993 4975 ἐπίσκοπον
1018 4923 1128 4975 ἀπὸ
1157 4926 1258 4990 τῆς
1312 4923 1450 4987 ίδίας
1490 4925 1766 4996 ἐπαρχίας
1798 4928 1880 4990 εἰς

297 5013 610 5084 ἀλλοτρίαν,
668 5014 764 5068 καὶ
812 5016 1149 5086 χειροτονεῖν
1200 5018 1260 5070 ἐν
1310 5018 1472 5089 αὐτῇ,
1519 5018 1779 5090 ἢέτερόν
1825 5037 1878 5073 τι

295 5107 660 5161 ἐπισκοπικὸν
688 5108 969 5178 ἐνεργεῖνο
1020 5109 1071 5162 εί
1120 5110 1195 5179 μή
1241 5126 1344 5163 που
1395 5112 1717 5184 προσκληθῇ
1765 5128 1873 5183 τις,

298 5204 393 5255 καὶ
431 5201 642 5272 ἀξιωθῇ
672 5203 826 5271 παρά
851 5201 943 5253 τοῦ
971 5202 1115 5256 κατά
1146 5202 1333 5274 χώραν
1365 5205 1669 5259 ἐπισκόπου
1696 5205 1873 5258 τοιοῦ-

295 5294 391 5347 τόν
422 5309 476 5345 τι
503 5292 756 5362 ποιῆσαι.
790 5292 893 5345 Τὸν
922 5291 967 5346 δ’
1014 5293 1229 5349 οἴκοθεν
1257 5296 1339 5358 είς
1371 5295 1649 5366 ἐπαρχίαν
1677 5296 1877 5366 ἑτέραν

297 5385 771 5456 παραγενόμενον,
817 5384 914 5437 καὶ
955 5385 988 5455 ἢ
1041 5386 1391 5457 χειροθεσίας
1441 5386 1790 5458 ποιούμενον,
1841 5388 1874 5460 ἢ

296 5477 662 5540 καταστάσεις
697 5476 1173 5547 ἐκκλησωστικῶν
1199 5480 1567 5550 πραγμάτων,
1609 5480 1684 5553 μὴ
1712 5497 1881 5551 προσ-

288 5570 541 5640 ηκόντων
573 5568 745 5639 αὐτῷ,
796 5570 896 5623 σὺν
940 5569 1019 5640 τῷ
1048 5570 1230 5642 ἄκυρα
1270 5572 1456 5641 μένειν
1483 5573 1552 5626 τά
1586 5573 1677 5626 ὑπ’
1707 5575 1876 5630 αὐτοῦ

276 5662 669 5734 πραττόμενα,
700 5663 796 5717 καὶ
824 5660 1213 5732 καθαιρεῖσθαι
1246 5664 1668 5732 προστάττουσι.

1910 4400 1957 4455 D

1998 1801 2224 1856 tutionis
2242 1817 2396 1871 spem
2421 1811 2764 1873 exspectare.

2585 1986 2816 2042 CANON
2854 1987 2994 2042 Xlll.

2002 2097 2022 2131 ι
2061 2077 2253 2133 Nullus
2302 2078 2591 2149 episcopus
2634 2081 2830 2133 audeat
2887 2081 2955 2135 ab
3014 2095 3115 2133 una
3175 2080 3456 2148 provincia
3526 2081 3581 2135 in

2079 2189 2096 2223 ι
2131 2172 2290 2226 aliam
2333 2173 2588 2237 transire,
2623 2180 2676 2226 et
2712 2176 2777 2227 ad
2834 2173 3124 2228 ministerii
3181 2176 3577 2244 promotioneni
3613 2193 3615 2196 ⁴

2084 2281 2103 2314 ι
2145 2264 2356 2332 aliquos
2394 2265 2673 2320 “ccclesiis
2722 2265 3001 2329 ordinare,
3048 2279 3149 2320 nec
3204 2266 3248 2321 si
3308 2266 3445 2321 alios
3478 2283 3578 2321 una

2074 2371 2093 2404 ι
2134 2368 2314 2407 secum
2362 2352 2601 2419 inducat,
2639 2354 2742 2408 nisi
2792 2355 2999 2408 venerit
3036 2354 3245 2409 litteris
3279 2357 3582 2411 accersitus

2069 2463 2088 2497 ι
2124 2447 2549 2515 metropolitani,
2583 2457 2637 2501 et
2664 2448 3043 2516 episcoporum
3077 2448 3167 2516 qui
3204 2457 3478 2502 suntcum
3508 2448 3585 2517 ip-

2065 2555 2085 2589 ι
2120 2552 2200 2601 so,
2223 2537 2277 2591 in
2311 2552 2537 2607 quorum
2565 2537 2835 2606 regionem
2867 2538 3100 2593 accedit.
3135 2538 3190 2592 Si
3224 2548 3405 2593 autem
3432 2534 3582 2593 nullo

2070 2646 2089 2681 ι
2129 2639 2383 2694 vocante,
2417 2631 2483 2684 ad
2514 2630 2817 2698 aliquorqu
2874 2632 3269 2686 ordinationem
3323 2643 3373 2686 et
3409 2633 3583 2686 eccle-

2074 2738 2096 2773 ι
2134 2722 2479 2775 slast'tcarum
2512 2737 2690 2777 rerum
2721 2724 2786 2777 ad
2812 2739 2871 2778 se
2904 2738 3005 2777 non
3034 2726 3417 2792 pertinentium
3449 2740 3582 2779 cou-

2067 2831 2088 2865 ι
2123 2812 2487 2879 stitutionem,
2530 2814 2837 2870 inordinate
2866 2817 3269 2885 insolenterque
3302 2832 3582 2884 processe-

2074 2921 2095 2956 ι
2131 2903 2223 2967 rit,
2266 2904 2375 2959 sint
2434 2906 2648 2975 quidem
2686 2906 2842 2960 irrita
2875 2921 2995 2976 quae
3026 2908 3092 2960 ab
3130 2908 3245 2975 ipso
3271 2917 3573 2977 geruntur:

2076 3015 2095 3047 ι
2137 2996 2252 3065 ipse
2282 3005 2461 3050 autem
2490 3012 2601 3051 suae
2647 2998 2947 3053 insolentiae
2992 3007 3047 3052 et
3076 3010 3272 3068 praeter
3312 2999 3571 3054 rationem

2074 3105 2093 3139 ι
2128 3087 2289 3142 factae
2316 3090 2687 3160 aggressionis
2719 3091 2931 3144 debitas
2955 3092 3045 3145 det
3077 3107 3290 3161 pmnas,
3330 3107 3360 3145 a
3388 3100 3575 3146 sancta

2062 3197 2081 3231 ι
2121 3181 2331 3236 scilicet
2351 3182 2556 3253 synodo
2582 3183 2780 3237 exinde
2807 3185 3108 3254 depositus.
3142 3203 3161 3235 ›

2058 3357 2261 3415 BALS.
2303 3357 2377 3413 De
2428 3358 2515 3424 iis,
2552 3374 2672 3427 quae
2723 3358 2776 3412 in
2822 3358 3076 3424 praesenti
3105 3371 3312 3411 canone
3339 3365 3570 3411 tractata

1987 3459 2134 3513 sunt,
2167 3452 2218 3504 in
2266 3464 2472 3505 canone
2519 3449 2817 3520 apostolico
2872 3450 2944 3503 55
2992 3449 3127 3504 satis
3191 3450 3565 3512 tractavimus.

1983 3552 2039 3597 et
2062 3541 2211 3596 alibi.
2250 3541 2317 3595 Et
2361 3541 2478 3611 lege
2522 3556 2611 3605 ea,
2657 3556 2776 3610 qua:
2810 3540 2916 3594 illic
2948 3540 3153 3645 ωεξηελ
3184 3551 3330 3595 sunt.
3371 3542 3565 3609 Quare

1985 3643 2040 3690 et
2088 3634 2371 3703 prmsentis
2394 3634 2583 3704 synodi
2616 3647 2877 3687 canouem
2913 3632 3008 3687 22.

2052 3725 2306 3782 ZONAR.
2341 3726 2399 3780 Si
2454 3727 2583 3797 quis
2616 3727 2909 3796 episcopus
2962 3725 3187 3782 alterius
3232 3729 3560 3799 provinciam

1986 3819 2341 3890 ingrediatur,
2372 3818 2562 3888 ibique
2589 3834 2656 3873 eo
2691 3820 3000 3875 inconsulto
3046 3823 3268 3876 ordines
3297 3824 3563 3887 conferat,

1985 3909 2314 3965 olfensiones
2349 3924 2414 3965 ac
2470 3910 2738 3966 tumultus
2765 3926 2831 3966 ex
2866 3928 2927 3967 ea
2967 3927 3025 3967 re
3075 3923 3341 3967 exsistere
3404 3913 3565 3968 facile

1984 4012 2087 4058 est.
2121 4002 2434 4072 Quarqtnm
2469 4003 2518 4057 id
2544 4002 2659 4057 lieri
2682 4018 2855 4059 canon
2878 4012 3054 4069 vetat,
3093 4016 3203 4058 tum
3233 4004 3321 4072 qui
3347 4002 3561 4068 fecerit,

1983 4095 2326 4165 depositione
2360 4096 2675 4150 damnatqu
2710 4111 2837 4151 esse
2864 4096 3131 4151 decernit.
3176 4096 3377 4151 Eadem
3410 4112 3563 4161 vero,

1984 4196 2041 4242 et
2097 4187 2467 4257 apostolorum
2514 4191 2795 4244 tricesimo
2818 4189 3009 4260 quinto
3059 4199 3111 4245 et
3158 4189 3318 4259 hujus
3350 4204 3565 4261 quoque

1980 4280 2177 4349 synodi
2210 4280 2473 4335 vicesimo
2508 4286 2748 4337 secundo
2786 4296 3015 4350 canone,
3047 4283 3348 4339 constituta
3382 4293 3531 4338 sunt.

1985 4458 2214 4516 ARIST.
2251 4478 2271 4513 ι
2300 4459 2381 4526 Si,
2430 4460 2648 4515 nemine
2696 4470 2939 4531 rogante.
2995 4461 3281 4531 episcopus
3314 4461 3367 4516 in
3402 4460 3560 4515 aliam

2060 4574 2080 4606 ε
2116 4568 2177 4608 se
2204 4553 2499 4608 contulerit
2519 4555 2875 4623 provinciam,
2899 4564 2955 4609 et
2981 4555 3333 4620 ordinaverit,
3366 4569 3562 4623 resque

2056 4664 2075 4696 ι
2109 4646 2599 4710 administraverit,
2632 4655 2685 4700 et
2734 4647 2903 4701 irrita
2935 4655 3212 4712 maneant,
3246 4656 3301 4704 et
3343 4646 3447 4703 iste
3472 4648 3565 4701 de-

2051 4754 2071 4789 t
2103 4746 2355 4808 ponatur.
2394 4756 2412 4789 ι
2956 4807 2966 4813 _

2053 4829 2249 4885 Multos
2284 4844 2523 4884 canones
2558 4830 2799 4883 invenies
2854 4830 2956 4883 hoc
2998 4830 3365 4899 prohibentes,
3394 4831 3557 4882 nimi-

1982 4940 2101 4979 rum
2131 4924 2446 4994 episcOpttm
2480 4938 2510 4976 e
2556 4937 2651 4975 sua
2681 4923 2957 4990 prmincia
2992 4923 3055 4975 ad
3086 4922 3317 4976 alienant
3362 4923 3559 4976 transi-

1979 5016 2103 5082 lire,
2134 5026 2189 5073 et
2230 5017 2285 5071 in
2328 5032 2391 5070 ea
2428 5013 2708 5079 ordinare,
2749 5024 2844 5069 aut
2895 5016 3042 5069 aliud
3095 5014 3312 5083 aliquod
3362 5030 3559 5070 munus

1982 5111 2288 5182 episcopale
2324 5109 2498 5165 obire.
2535 5109 2651 5164 Nisi
2691 5109 2920 5165 forsitan
2952 5118 3172 5164 vocetur
3215 5108 3411 5179 aliquis
3440 5120 3494 5163 et
3528 5129 3556 5163 a

1982 5203 2220 5273 regionis
2253 5203 2509 5271 episcopo
2541 5203 2733 5271 dignus
2773 5201 3059 5264 habeatur,
3087 5202 3180 5270 qui
3217 5202 3323 5256 tale
3354 5201 3556 5272 aliquid

1981 5294 2167 5350 faeiat.
2190 5294 2261 5349 At
2280 5296 2371 5364 qui
2390 5308 2487 5350 sua
2510 5305 2701 5363 sponte
2727 5294 2779 5347 in
2796 5293 3017 5347 alteram
3038 5293 3205 5367 m
3226 5295 3557 5364 provinciam

1980 5387 2362 5460 proficiscitur,
2394 5398 2447 5442 et
2481 5386 2564 5441 vel
2599 5399 2853 5440 manuum
2883 5386 3258 5456 impositiones
3288 5388 3435 5450 facit,
3476 5386 3560 5438 Vel

1980 5480 2317 5551 negotiorum
2344 5478 2833 5534 ecclesiasticorum
2855 5481 3270 5537 constitutiones
3293 5486 3359 5535 ad
3379 5483 3555 5553 ipsum

1981 5588 2086 5628 non
2120 5572 2525 5641 pertinentium,
2559 5581 2612 5625 et
2639 5570 2797 5625 irrita
2827 5588 3047 5628 manere
3078 5590 3195 5645 qua:
3249 5575 3316 5631 ab
3343 5576 3445 5632 isto
3476 5574 3562 5628 fa-

1981 5672 2068 5721 cta
2095 5672 2242 5732 sunt,
2277 5672 2329 5717 et
2356 5661 2528 5733 ipsum
2562 5662 2756 5731 deponi
2785 5662 2997 5734 iubent.
