  <div class='ocr_page' id='page_1' title='image "/cluster/home/n/w/nwhite01/storage/ocr_20150623/137/hvd.32044073502536/709.png"; bbox 0 0 3958 6242; ppageno 0'>
   <div class='ocr_carea' id='block_1_1' title="bbox 420 244 559 310">
    <p class='ocr_par' dir='ltr' id='par_1_1' title="bbox 420 244 559 310">
     <span class='ocr_line' id='line_1_1' title="bbox 420 244 559 310; baseline 0 -1"><span class='ocrx_word' id='word_1_1' title='bbox 420 244 559 310; x_wconf 77' lang='lat'><strong>1319</strong></span> 
     </span>
    </p>
   </div>
   <div class='ocr_carea' id='block_1_2' title="bbox 1674 222 2385 289">
    <p class='ocr_par' dir='ltr' id='par_1_2' title="bbox 1674 222 2385 289">
     <span class='ocr_line' id='line_1_2' title="bbox 1674 222 2385 289; baseline -0.004 -1"><span class='ocrx_word' id='word_1_2' title='bbox 1674 229 1773 289; x_wconf 79' lang='grc' dir='ltr'><strong>ΤΗ</strong></span> <span class='ocrx_word' id='word_1_3' title='bbox 1787 227 1952 288; x_wconf 71' lang='grc' dir='ltr'><strong>ΕΟΙ).</strong></span> <span class='ocrx_word' id='word_1_4' title='bbox 1988 222 2385 285; x_wconf 71' lang='lat' dir='ltr'><strong>BALSAMON</strong></span> 
     </span>
    </p>
   </div>
   <div class='ocr_carea' id='block_1_3' title="bbox 3576 212 3736 276">
    <p class='ocr_par' dir='ltr' id='par_1_3' title="bbox 3576 212 3736 276">
     <span class='ocr_line' id='line_1_3' title="bbox 3576 212 3736 276; baseline 0.006 -1"><span class='ocrx_word' id='word_1_5' title='bbox 3576 212 3736 276; x_wconf 62' lang='lat'><strong>132‘)</strong></span> 
     </span>
    </p>
   </div>
   <div class='ocr_carea' id='block_1_4' title="bbox 419 334 2037 433">
    <p class='ocr_par' dir='ltr' id='par_1_4' title="bbox 419 345 2037 433">
     <span class='ocr_line' id='line_1_4' title="bbox 419 345 2037 433; baseline -0.015 -11"><span class='ocrx_word' id='word_1_6' title='bbox 419 375 603 422; x_wconf 89' lang='lat' dir='ltr'><strong>autem</strong></span> <span class='ocrx_word' id='word_1_7' title='bbox 631 358 1141 433; x_wconf 84' lang='lat' dir='ltr'><strong>reprehenderetur,</strong></span> <span class='ocrx_word' id='word_1_8' title='bbox 1164 360 1218 409; x_wconf 86' lang='lat' dir='ltr'><strong>et</strong></span> <span class='ocrx_word' id='word_1_9' title='bbox 1240 352 1700 420; x_wconf 84' lang='lat' dir='ltr'><strong>interrogaretur,</strong></span> <span class='ocrx_word' id='word_1_10' title='bbox 1725 345 2001 416; x_wconf 86' lang='lat' dir='ltr'><strong>quomodo</strong></span> <span class='ocrx_word' id='word_1_11' title='bbox 2027 390 2037 406; x_wconf 36' lang='grc' dir='ltr'><em>Α</em></span> 
     </span>
    </p>
   </div>
   <div class='ocr_carea' id='block_1_5' title="bbox 2143 334 3735 433">
    <p class='ocr_par' dir='ltr' id='par_1_5' title="bbox 2143 334 3735 410">
     <span class='ocr_line' id='line_1_5' title="bbox 2143 334 3735 410; baseline -0.006 -15"><span class='ocrx_word' id='word_1_12' title='bbox 2143 359 2250 405; x_wconf 80' lang='grc' dir='ltr'><strong>πως</strong></span> <span class='ocrx_word' id='word_1_13' title='bbox 2278 341 2437 394; x_wconf 78' lang='grc' dir='ltr'><strong>τοῦτο</strong></span> <span class='ocrx_word' id='word_1_14' title='bbox 2471 338 2829 410; x_wconf 74' lang='grc' dir='ltr'><strong>τετόλμηκεν,</strong></span> <span class='ocrx_word' id='word_1_15' title='bbox 2868 336 3315 405; x_wconf 68' lang='grc' dir='ltr'><strong>ἐδικαιολογεῖτο,</strong></span> <span class='ocrx_word' id='word_1_16' title='bbox 3353 336 3430 408; x_wconf 80' lang='grc' dir='ltr'><strong>μὴ</strong></span> <span class='ocrx_word' id='word_1_17' title='bbox 3458 334 3534 388; x_wconf 81' lang='grc' dir='ltr'><strong>δι’</strong></span> <span class='ocrx_word' id='word_1_18' title='bbox 3581 334 3735 387; x_wconf 72' lang='grc' dir='ltr'><strong>ἄλλο</strong></span> 
     </span>
    </p>
   </div>
   <div class='ocr_carea' id='block_1_6' title="bbox 421 436 1985 516">
    <p class='ocr_par' dir='ltr' id='par_1_6' title="bbox 421 436 1985 516">
     <span class='ocr_line' id='line_1_6' title="bbox 421 436 1985 516; baseline -0.016 0"><span class='ocrx_word' id='word_1_19' title='bbox 421 461 529 516; x_wconf 91' lang='lat' dir='ltr'><strong>hoc</strong></span> <span class='ocrx_word' id='word_1_20' title='bbox 579 465 731 515; x_wconf 87' lang='lat' dir='ltr'><strong>esset</strong></span> <span class='ocrx_word' id='word_1_21' title='bbox 785 466 973 515; x_wconf 90' lang='lat' dir='ltr'><strong>ausus,</strong></span> <span class='ocrx_word' id='word_1_22' title='bbox 1010 449 1113 503; x_wconf 90' lang='lat' dir='ltr'><strong>hoc</strong></span> <span class='ocrx_word' id='word_1_23' title='bbox 1153 461 1212 501; x_wconf 92' lang='lat' dir='ltr'><strong>se</strong></span> <span class='ocrx_word' id='word_1_24' title='bbox 1266 443 1429 499; x_wconf 92' lang='lat' dir='ltr'><strong>modo</strong></span> <span class='ocrx_word' id='word_1_25' title='bbox 1470 440 1823 497; x_wconf 76' lang='lat' dir='ltr'><strong>defendebat.</strong></span> <span class='ocrx_word' id='word_1_26' title='bbox 1865 436 1985 493; x_wconf 80' lang='lat' dir='ltr'><strong>Non</strong></span> 
     </span>
    </p>
   </div>
   <div class='ocr_carea' id='block_1_7' title="bbox 424 529 2002 623">
    <p class='ocr_par' dir='ltr' id='par_1_7' title="bbox 424 529 2002 623">
     <span class='ocr_line' id='line_1_7' title="bbox 424 529 2002 623; baseline -0.015 -17"><span class='ocrx_word' id='word_1_27' title='bbox 424 561 654 623; x_wconf 82' lang='lat' dir='ltr'><strong>propter</strong></span> <span class='ocrx_word' id='word_1_28' title='bbox 716 543 925 613; x_wconf 89' lang='lat' dir='ltr'><strong>aliquid</strong></span> <span class='ocrx_word' id='word_1_29' title='bbox 977 539 1128 595; x_wconf 85' lang='lat' dir='ltr'><strong>aliud</strong></span> <span class='ocrx_word' id='word_1_30' title='bbox 1181 537 1359 593; x_wconf 82' lang='lat' dir='ltr'><strong>fuisse</strong></span> <span class='ocrx_word' id='word_1_31' title='bbox 1418 534 1751 606; x_wconf 73' lang='lat' dir='ltr'><strong>prohibitam</strong></span> <span class='ocrx_word' id='word_1_32' title='bbox 1800 532 1855 586; x_wconf 93' lang='lat' dir='ltr'><strong>in</strong></span> <span class='ocrx_word' id='word_1_33' title='bbox 1900 529 2002 583; x_wconf 73' lang='lat' dir='ltr'><strong>alia</strong></span> 
     </span>
    </p>
   </div>
   <div class='ocr_carea' id='block_1_8' title="bbox 424 622 2002 714">
    <p class='ocr_par' dir='ltr' id='par_1_8' title="bbox 424 622 2002 714">
     <span class='ocr_line' id='line_1_8' title="bbox 424 622 2002 714; baseline -0.018 -14"><span class='ocrx_word' id='word_1_34' title='bbox 424 622 651 714; x_wconf 85' lang='lat' dir='ltr'><strong>regione</strong></span> <span class='ocrx_word' id='word_1_35' title='bbox 684 654 779 694; x_wconf 88' lang='lat' dir='ltr'><strong>seu</strong></span> <span class='ocrx_word' id='word_1_36' title='bbox 823 632 1053 691; x_wconf 73' lang='lat' dir='ltr'><strong>dimcesi</strong></span> <span class='ocrx_word' id='word_1_37' title='bbox 1095 628 1471 701; x_wconf 84' lang='lat' dir='ltr'><strong>Operationem</strong></span> <span class='ocrx_word' id='word_1_38' title='bbox 1522 641 1618 681; x_wconf 91' lang='lat' dir='ltr'><strong>seu</strong></span> <span class='ocrx_word' id='word_1_39' title='bbox 1654 622 2002 683; x_wconf 73' lang='lat' dir='ltr'><strong>exercitium,</strong></span> 
     </span>
    </p>
   </div>
   <div class='ocr_carea' id='block_1_9' title="bbox 425 712 2007 808">
    <p class='ocr_par' dir='ltr' id='par_1_9' title="bbox 425 712 2007 808">
     <span class='ocr_line' id='line_1_9' title="bbox 425 712 2007 808; baseline -0.016 -17"><span class='ocrx_word' id='word_1_40' title='bbox 425 712 589 808; x_wconf 78' lang='lat' dir='ltr'><strong>quam</strong></span> <span class='ocrx_word' id='word_1_41' title='bbox 623 748 687 785; x_wconf 89' lang='lat' dir='ltr'><strong>ne</strong></span> <span class='ocrx_word' id='word_1_42' title='bbox 720 726 921 798; x_wconf 83' lang='lat' dir='ltr'><strong>injuria</strong></span> <span class='ocrx_word' id='word_1_43' title='bbox 950 723 1263 778; x_wconf 71' lang='lat' dir='ltr'><strong>adiceretur</strong></span> <span class='ocrx_word' id='word_1_44' title='bbox 1294 730 1349 775; x_wconf 92' lang='lat' dir='ltr'><strong>et</strong></span> <span class='ocrx_word' id='word_1_45' title='bbox 1371 724 1817 773; x_wconf 89' lang='lat' dir='ltr'><strong>contemneretur</strong></span> <span class='ocrx_word' id='word_1_46' title='bbox 1845 712 2007 782; x_wconf 80' lang='lat' dir='ltr'><strong>hujus</strong></span> 
     </span>
    </p>
   </div>
   <div class='ocr_carea' id='block_1_10' title="bbox 427 806 2008 898">
    <p class='ocr_par' dir='ltr' id='par_1_10' title="bbox 427 806 2008 898">
     <span class='ocr_line' id='line_1_10' title="bbox 427 806 2008 898; baseline -0.017 -14"><span class='ocrx_word' id='word_1_47' title='bbox 427 806 675 898; x_wconf 73' lang='lat' dir='ltr'><strong>regionis</strong></span> <span class='ocrx_word' id='word_1_48' title='bbox 708 819 1038 875; x_wconf 74' lang='lat' dir='ltr'><strong>ditecesisve</strong></span> <span class='ocrx_word' id='word_1_49' title='bbox 1068 814 1315 886; x_wconf 68' lang='lat' dir='ltr'><strong>praesul:</strong></span> <span class='ocrx_word' id='word_1_50' title='bbox 1356 828 1479 867; x_wconf 89' lang='lat' dir='ltr'><strong>cum</strong></span> <span class='ocrx_word' id='word_1_51' title='bbox 1527 818 1711 864; x_wconf 90' lang='lat' dir='ltr'><strong>autem</strong></span> <span class='ocrx_word' id='word_1_52' title='bbox 1768 822 1876 861; x_wconf 91' lang='lat' dir='ltr'><strong>non</strong></span> <span class='ocrx_word' id='word_1_53' title='bbox 1937 806 2008 859; x_wconf 90' lang='lat' dir='ltr'><strong>sit</strong></span> 
     </span>
    </p>
   </div>
   <div class='ocr_carea' id='block_1_11' title="bbox 431 902 2010 971">
    <p class='ocr_par' dir='ltr' id='par_1_11' title="bbox 431 902 2010 971">
     <span class='ocr_line' id='line_1_11' title="bbox 431 902 2010 971; baseline -0.014 -1"><span class='ocrx_word' id='word_1_54' title='bbox 431 920 662 971; x_wconf 83' lang='lat' dir='ltr'><strong>antistes</strong></span> <span class='ocrx_word' id='word_1_55' title='bbox 692 914 746 967; x_wconf 91' lang='lat' dir='ltr'><strong>in</strong></span> <span class='ocrx_word' id='word_1_56' title='bbox 780 921 1007 965; x_wconf 87' lang='lat' dir='ltr'><strong>vacante</strong></span> <span class='ocrx_word' id='word_1_57' title='bbox 1035 905 1292 971; x_wconf 82' lang='lat' dir='ltr'><strong>ecclesia,</strong></span> <span class='ocrx_word' id='word_1_58' title='bbox 1327 914 1380 959; x_wconf 91' lang='lat' dir='ltr'><strong>et</strong></span> <span class='ocrx_word' id='word_1_59' title='bbox 1407 915 1534 956; x_wconf 87' lang='lat' dir='ltr'><strong>cum</strong></span> <span class='ocrx_word' id='word_1_60' title='bbox 1565 902 1681 969; x_wconf 91' lang='lat' dir='ltr'><strong>ipse</strong></span> <span class='ocrx_word' id='word_1_61' title='bbox 1706 913 1853 961; x_wconf 89' lang='lat' dir='ltr'><strong>eam,</strong></span> <span class='ocrx_word' id='word_1_62' title='bbox 1887 910 2010 966; x_wconf 71' lang='lat' dir='ltr'><strong>quae</strong></span> 
     </span>
    </p>
   </div>
   <div class='ocr_carea' id='block_1_12' title="bbox 430 987 2013 1074">
    <p class='ocr_par' dir='ltr' id='par_1_12' title="bbox 430 987 2013 1074">
     <span class='ocr_line' id='line_1_12' title="bbox 430 987 2013 1074; baseline -0.013 -13"><span class='ocrx_word' id='word_1_63' title='bbox 430 1008 506 1061; x_wconf 88' lang='lat' dir='ltr'><strong>illi</strong></span> <span class='ocrx_word' id='word_1_64' title='bbox 539 1005 837 1074; x_wconf 80' lang='lat' dir='ltr'><strong>obtigerat.</strong></span> <span class='ocrx_word' id='word_1_65' title='bbox 873 1014 981 1055; x_wconf 92' lang='lat' dir='ltr'><strong>non</strong></span> <span class='ocrx_word' id='word_1_66' title='bbox 1023 998 1209 1062; x_wconf 84' lang='lat' dir='ltr'><strong>habet,</strong></span> <span class='ocrx_word' id='word_1_67' title='bbox 1246 1004 1305 1047; x_wconf 82' lang='grc' dir='ltr'><strong>ιιι</strong></span> <span class='ocrx_word' id='word_1_68' title='bbox 1336 1006 1460 1063; x_wconf 67' lang='lat' dir='ltr'><strong>quae</strong></span> <span class='ocrx_word' id='word_1_69' title='bbox 1494 1006 1523 1044; x_wconf 94' lang='lat' dir='ltr'><strong>a</strong></span> <span class='ocrx_word' id='word_1_70' title='bbox 1572 988 1831 1059; x_wconf 81' lang='lat' dir='ltr'><strong>gentibus</strong></span> <span class='ocrx_word' id='word_1_71' title='bbox 1878 987 2013 1041; x_wconf 86' lang='lat' dir='ltr'><strong>deti-</strong></span> 
     </span>
    </p>
   </div>
   <div class='ocr_carea' id='block_1_13' title="bbox 428 1080 2008 1161">
    <p class='ocr_par' dir='ltr' id='par_1_13' title="bbox 428 1080 2008 1161">
     <span class='ocr_line' id='line_1_13' title="bbox 428 1080 2008 1161; baseline -0.014 -8"><span class='ocrx_word' id='word_1_72' title='bbox 428 1097 701 1160; x_wconf 89' lang='lat' dir='ltr'><strong>nebatur,</strong></span> <span class='ocrx_word' id='word_1_73' title='bbox 758 1108 862 1147; x_wconf 89' lang='lat' dir='ltr'><strong>nec</strong></span> <span class='ocrx_word' id='word_1_74' title='bbox 916 1106 1036 1161; x_wconf 70' lang='lat' dir='ltr'><strong>qua:</strong></span> <span class='ocrx_word' id='word_1_75' title='bbox 1094 1089 1163 1142; x_wconf 90' lang='lat' dir='ltr'><strong>de</strong></span> <span class='ocrx_word' id='word_1_76' title='bbox 1207 1086 1413 1156; x_wconf 83' lang='lat' dir='ltr'><strong>injuria</strong></span> <span class='ocrx_word' id='word_1_77' title='bbox 1466 1083 1615 1138; x_wconf 89' lang='lat' dir='ltr'><strong>dicta</strong></span> <span class='ocrx_word' id='word_1_78' title='bbox 1668 1088 1796 1136; x_wconf 89' lang='lat' dir='ltr'><strong>sunt</strong></span> <span class='ocrx_word' id='word_1_79' title='bbox 1828 1080 2008 1133; x_wconf 89' lang='lat' dir='ltr'><strong>locum</strong></span> 
     </span>
    </p>
   </div>
   <div class='ocr_carea' id='block_1_14' title="bbox 431 1170 2012 1250">
    <p class='ocr_par' dir='ltr' id='par_1_14' title="bbox 431 1170 2012 1250">
     <span class='ocr_line' id='line_1_14' title="bbox 431 1170 2012 1250; baseline -0.015 -6"><span class='ocrx_word' id='word_1_80' title='bbox 431 1188 737 1250; x_wconf 90' lang='lat' dir='ltr'><strong>habebunt,</strong></span> <span class='ocrx_word' id='word_1_81' title='bbox 796 1199 898 1238; x_wconf 84' lang='lat' dir='ltr'><strong>nec</strong></span> <span class='ocrx_word' id='word_1_82' title='bbox 951 1182 1126 1236; x_wconf 89' lang='lat' dir='ltr'><strong>ullum</strong></span> <span class='ocrx_word' id='word_1_83' title='bbox 1177 1178 1228 1233; x_wconf 89' lang='lat' dir='ltr'><strong>ei</strong></span> <span class='ocrx_word' id='word_1_84' title='bbox 1297 1174 1682 1247; x_wconf 72' lang='lat' dir='ltr'><strong>praejudicium</strong></span> <span class='ocrx_word' id='word_1_85' title='bbox 1731 1170 2012 1233; x_wconf 83' lang='lat' dir='ltr'><strong>atl&#39;eretur,</strong></span> 
     </span>
    </p>
   </div>
   <div class='ocr_carea' id='block_1_15' title="bbox 434 1262 2013 1350">
    <p class='ocr_par' dir='ltr' id='par_1_15' title="bbox 434 1262 2013 1350">
     <span class='ocr_line' id='line_1_15' title="bbox 434 1262 2013 1350; baseline -0.013 -15"><span class='ocrx_word' id='word_1_86' title='bbox 434 1292 695 1350; x_wconf 87' lang='lat' dir='ltr'><strong>tauquam</strong></span> <span class='ocrx_word' id='word_1_87' title='bbox 751 1276 869 1347; x_wconf 87' lang='lat' dir='ltr'><strong>qui,</strong></span> <span class='ocrx_word' id='word_1_88' title='bbox 935 1275 1079 1328; x_wconf 87' lang='lat' dir='ltr'><strong>ultra</strong></span> <span class='ocrx_word' id='word_1_89' title='bbox 1134 1286 1199 1326; x_wconf 88' lang='lat' dir='ltr'><strong>ea</strong></span> <span class='ocrx_word' id='word_1_90' title='bbox 1261 1284 1384 1339; x_wconf 67' lang='lat' dir='ltr'><strong>quae</strong></span> <span class='ocrx_word' id='word_1_91' title='bbox 1432 1268 1618 1329; x_wconf 83' lang='lat' dir='ltr'><strong>habet,</strong></span> <span class='ocrx_word' id='word_1_92' title='bbox 1667 1266 1845 1320; x_wconf 88' lang='lat' dir='ltr'><strong>aliena</strong></span> <span class='ocrx_word' id='word_1_93' title='bbox 1907 1262 2013 1317; x_wconf 91' lang='lat' dir='ltr'><strong>sibi</strong></span> 
     </span>
    </p>
   </div>
   <div class='ocr_carea' id='block_1_16' title="bbox 433 1360 2016 1445">
    <p class='ocr_par' dir='ltr' id='par_1_16' title="bbox 433 1360 2016 1445">
     <span class='ocr_line' id='line_1_16' title="bbox 433 1360 2016 1445; baseline -0.013 -15"><span class='ocrx_word' id='word_1_94' title='bbox 433 1382 688 1445; x_wconf 86' lang='lat' dir='ltr'><strong>usurpet.</strong></span> <span class='ocrx_word' id='word_1_95' title='bbox 736 1371 876 1425; x_wconf 91' lang='lat' dir='ltr'><strong>Dicit</strong></span> <span class='ocrx_word' id='word_1_96' title='bbox 901 1382 1033 1438; x_wconf 88' lang='lat' dir='ltr'><strong>ergo</strong></span> <span class='ocrx_word' id='word_1_97' title='bbox 1063 1380 1270 1429; x_wconf 87' lang='lat' dir='ltr'><strong>canon,</strong></span> <span class='ocrx_word' id='word_1_98' title='bbox 1309 1378 1458 1426; x_wconf 90' lang='lat' dir='ltr'><strong>cum,</strong></span> <span class='ocrx_word' id='word_1_99' title='bbox 1492 1360 1586 1430; x_wconf 92' lang='lat' dir='ltr'><strong>qui</strong></span> <span class='ocrx_word' id='word_1_100' title='bbox 1643 1366 1753 1412; x_wconf 89' lang='lat' dir='ltr'><strong>tam</strong></span> <span class='ocrx_word' id='word_1_101' title='bbox 1807 1365 2016 1411; x_wconf 87' lang='lat' dir='ltr'><strong>temere</strong></span> 
     </span>
    </p>
   </div>
   <div class='ocr_carea' id='block_1_17' title="bbox 434 1449 2016 1538">
    <p class='ocr_par' dir='ltr' id='par_1_17' title="bbox 434 1449 2016 1538">
     <span class='ocr_line' id='line_1_17' title="bbox 434 1449 2016 1538; baseline -0.016 -13"><span class='ocrx_word' id='word_1_102' title='bbox 434 1487 466 1525; x_wconf 86' lang='lat' dir='ltr'><strong>a</strong></span> <span class='ocrx_word' id='word_1_103' title='bbox 499 1469 742 1538; x_wconf 83' lang='lat' dir='ltr'><strong>Spiritus</strong></span> <span class='ocrx_word' id='word_1_104' title='bbox 777 1462 957 1518; x_wconf 85' lang='lat' dir='ltr'><strong>sancti</strong></span> <span class='ocrx_word' id='word_1_105' title='bbox 992 1460 1174 1531; x_wconf 84' lang='lat' dir='ltr'><strong>gratia</strong></span> <span class='ocrx_word' id='word_1_106' title='bbox 1225 1473 1336 1511; x_wconf 92' lang='lat' dir='ltr'><strong>non</strong></span> <span class='ocrx_word' id='word_1_107' title='bbox 1388 1454 1498 1509; x_wconf 88' lang='lat' dir='ltr'><strong>sibi</strong></span> <span class='ocrx_word' id='word_1_108' title='bbox 1532 1453 1717 1507; x_wconf 86' lang='lat' dir='ltr'><strong>datum</strong></span> <span class='ocrx_word' id='word_1_109' title='bbox 1758 1449 2016 1503; x_wconf 88' lang='lat' dir='ltr'><strong>thronum</strong></span> 
     </span>
    </p>
   </div>
   <div class='ocr_carea' id='block_1_18' title="bbox 438 1544 2019 1629">
    <p class='ocr_par' dir='ltr' id='par_1_18' title="bbox 438 1544 2019 1629">
     <span class='ocr_line' id='line_1_18' title="bbox 438 1544 2019 1629; baseline -0.014 -14"><span class='ocrx_word' id='word_1_110' title='bbox 438 1560 657 1629; x_wconf 87' lang='lat' dir='ltr'><strong>arripit,</strong></span> <span class='ocrx_word' id='word_1_111' title='bbox 701 1556 916 1611; x_wconf 89' lang='lat' dir='ltr'><strong>etiamsi</strong></span> <span class='ocrx_word' id='word_1_112' title='bbox 980 1561 1035 1607; x_wconf 88' lang='lat' dir='ltr'><strong>et</strong></span> <span class='ocrx_word' id='word_1_113' title='bbox 1091 1552 1210 1620; x_wconf 90' lang='lat' dir='ltr'><strong>ipse</strong></span> <span class='ocrx_word' id='word_1_114' title='bbox 1264 1555 1319 1602; x_wconf 90' lang='lat' dir='ltr'><strong>et</strong></span> <span class='ocrx_word' id='word_1_115' title='bbox 1380 1544 1611 1601; x_wconf 84' lang='lat' dir='ltr'><strong>ecclesia</strong></span> <span class='ocrx_word' id='word_1_116' title='bbox 1666 1551 1844 1605; x_wconf 82' lang='lat' dir='ltr'><strong>vacet,</strong></span> <span class='ocrx_word' id='word_1_117' title='bbox 1895 1553 2019 1594; x_wconf 85' lang='lat' dir='ltr'><strong>esse</strong></span> 
     </span>
    </p>
   </div>
   <div class='ocr_carea' id='block_1_19' title="bbox 439 1632 2015 1724">
    <p class='ocr_par' dir='ltr' id='par_1_19' title="bbox 439 1632 2015 1724">
     <span class='ocr_line' id='line_1_19' title="bbox 439 1632 2015 1724; baseline -0.018 -15"><span class='ocrx_word' id='word_1_118' title='bbox 439 1650 796 1724; x_wconf 81' lang='lat' dir='ltr'><strong>ejiciendum.</strong></span> <span class='ocrx_word' id='word_1_119' title='bbox 822 1645 1052 1701; x_wconf 82' lang='lat' dir='ltr'><strong>Perinde</strong></span> <span class='ocrx_word' id='word_1_120' title='bbox 1084 1652 1268 1696; x_wconf 91' lang='lat' dir='ltr'><strong>autem</strong></span> <span class='ocrx_word' id='word_1_121' title='bbox 1294 1654 1357 1694; x_wconf 88' lang='lat' dir='ltr'><strong>ac</strong></span> <span class='ocrx_word' id='word_1_122' title='bbox 1379 1638 1424 1692; x_wconf 90' lang='lat' dir='ltr'><strong>si</strong></span> <span class='ocrx_word' id='word_1_123' title='bbox 1457 1637 1687 1691; x_wconf 80' lang='lat' dir='ltr'><strong>dixisset</strong></span> <span class='ocrx_word' id='word_1_124' title='bbox 1721 1632 2015 1703; x_wconf 85' lang='lat' dir='ltr'><strong>quispiam,</strong></span> 
     </span>
    </p>
   </div>
   <div class='ocr_carea' id='block_1_20' title="bbox 440 1723 2022 1805">
    <p class='ocr_par' dir='ltr' id='par_1_20' title="bbox 440 1723 2022 1805">
     <span class='ocr_line' id='line_1_20' title="bbox 440 1723 2022 1805; baseline -0.015 -6"><span class='ocrx_word' id='word_1_125' title='bbox 440 1723 505 1799; x_wconf 85' lang='lat' dir='ltr'><strong>ea</strong></span> <span class='ocrx_word' id='word_1_126' title='bbox 539 1744 722 1798; x_wconf 90' lang='lat' dir='ltr'><strong>locum</strong></span> <span class='ocrx_word' id='word_1_127' title='bbox 759 1741 997 1801; x_wconf 81' lang='lat' dir='ltr'><strong>habere,</strong></span> <span class='ocrx_word' id='word_1_128' title='bbox 1020 1733 1243 1805; x_wconf 88' lang='lat' dir='ltr'><strong>quando</strong></span> <span class='ocrx_word' id='word_1_129' title='bbox 1274 1733 1341 1791; x_wconf 89' lang='lat' dir='ltr'><strong>is.</strong></span> <span class='ocrx_word' id='word_1_130' title='bbox 1374 1730 1465 1798; x_wconf 88' lang='lat' dir='ltr'><strong>qui</strong></span> <span class='ocrx_word' id='word_1_131' title='bbox 1516 1734 1697 1791; x_wconf 88' lang='lat' dir='ltr'><strong>vacat,</strong></span> <span class='ocrx_word' id='word_1_132' title='bbox 1746 1723 2022 1794; x_wconf 78' lang='lat' dir='ltr'><strong>pra-donis</strong></span> 
     </span>
    </p>
   </div>
   <div class='ocr_carea' id='block_1_21' title="bbox 443 1822 2021 1892">
    <p class='ocr_par' dir='ltr' id='par_1_21' title="bbox 443 1822 2021 1892">
     <span class='ocr_line' id='line_1_21' title="bbox 443 1822 2021 1892; baseline -0.015 -1"><span class='ocrx_word' id='word_1_133' title='bbox 443 1852 597 1892; x_wconf 85' lang='lat' dir='ltr'><strong>more</strong></span> <span class='ocrx_word' id='word_1_134' title='bbox 632 1843 917 1887; x_wconf 83' lang='lat' dir='ltr'><strong>vacantem</strong></span> <span class='ocrx_word' id='word_1_135' title='bbox 966 1826 1254 1883; x_wconf 88' lang='lat' dir='ltr'><strong>ecclesiam</strong></span> <span class='ocrx_word' id='word_1_136' title='bbox 1299 1822 1625 1883; x_wconf 83' lang='lat' dir='ltr'><strong>invasisset;</strong></span> <span class='ocrx_word' id='word_1_137' title='bbox 1672 1831 1777 1871; x_wconf 91' lang='lat' dir='ltr'><strong>non</strong></span> <span class='ocrx_word' id='word_1_138' title='bbox 1835 1825 2021 1869; x_wconf 87' lang='lat' dir='ltr'><strong>autem</strong></span> 
     </span>
    </p>
   </div>
   <div class='ocr_carea' id='block_1_22' title="bbox 442 1908 2019 1999">
    <p class='ocr_par' dir='ltr' id='par_1_22' title="bbox 442 1908 2019 1999">
     <span class='ocr_line' id='line_1_22' title="bbox 442 1908 2019 1999; baseline -0.013 -19"><span class='ocrx_word' id='word_1_139' title='bbox 442 1926 667 1999; x_wconf 84' lang='lat' dir='ltr'><strong>quando</strong></span> <span class='ocrx_word' id='word_1_140' title='bbox 702 1923 824 1993; x_wconf 87' lang='lat' dir='ltr'><strong>ejus</strong></span> <span class='ocrx_word' id='word_1_141' title='bbox 863 1921 1101 1991; x_wconf 91' lang='lat' dir='ltr'><strong>populus</strong></span> <span class='ocrx_word' id='word_1_142' title='bbox 1133 1933 1282 1981; x_wconf 89' lang='lat' dir='ltr'><strong>eum,</strong></span> <span class='ocrx_word' id='word_1_143' title='bbox 1322 1914 1417 1984; x_wconf 89' lang='lat' dir='ltr'><strong>qui</strong></span> <span class='ocrx_word' id='word_1_144' title='bbox 1449 1918 1628 1973; x_wconf 88' lang='lat' dir='ltr'><strong>vacat,</strong></span> <span class='ocrx_word' id='word_1_145' title='bbox 1663 1909 1747 1963; x_wconf 87' lang='lat' dir='ltr'><strong>vel</strong></span> <span class='ocrx_word' id='word_1_146' title='bbox 1787 1908 2019 1962; x_wconf 88' lang='lat' dir='ltr'><strong>invitum</strong></span> 
     </span>
    </p>
   </div>
   <div class='ocr_carea' id='block_1_23' title="bbox 448 2006 2020 2075">
    <p class='ocr_par' dir='ltr' id='par_1_23' title="bbox 448 2006 2020 2075">
     <span class='ocr_line' id='line_1_23' title="bbox 448 2006 2020 2075; baseline -0.013 -4"><span class='ocrx_word' id='word_1_147' title='bbox 448 2016 518 2071; x_wconf 89' lang='lat' dir='ltr'><strong>ad</strong></span> <span class='ocrx_word' id='word_1_148' title='bbox 547 2031 667 2069; x_wconf 83' lang='lat' dir='ltr'><strong>eam</strong></span> <span class='ocrx_word' id='word_1_149' title='bbox 736 2010 1090 2067; x_wconf 83' lang='lat' dir='ltr'><strong>transtulerit</strong></span> <span class='ocrx_word' id='word_1_150' title='bbox 1124 2027 1139 2062; x_wconf 88' lang='lat'><strong>:</strong></span> <span class='ocrx_word' id='word_1_151' title='bbox 1180 2006 1368 2075; x_wconf 86' lang='lat' dir='ltr'><strong>adjicit</strong></span> <span class='ocrx_word' id='word_1_152' title='bbox 1396 2018 1574 2059; x_wconf 75' lang='lat' dir='ltr'><strong>canon</strong></span> <span class='ocrx_word' id='word_1_153' title='bbox 1621 2015 1691 2055; x_wconf 86' lang='lat' dir='ltr'><strong>ne</strong></span> <span class='ocrx_word' id='word_1_154' title='bbox 1735 2007 2020 2070; x_wconf 82' lang='lat' dir='ltr'><strong>propterea</strong></span> 
     </span>
    </p>
   </div>
   <div class='ocr_carea' id='block_1_24' title="bbox 428 2088 2023 2177">
    <p class='ocr_par' dir='ltr' id='par_1_24' title="bbox 428 2088 2023 2177">
     <span class='ocr_line' id='line_1_24' title="bbox 428 2088 2023 2177; baseline -0.016 -16"><span class='ocrx_word' id='word_1_155' title='bbox 428 2088 670 2177; x_wconf 42' lang='lat' dir='ltr'><strong>.quidetn</strong></span> <span class='ocrx_word' id='word_1_156' title='bbox 707 2117 829 2157; x_wconf 87' lang='lat' dir='ltr'><strong>esse</strong></span> <span class='ocrx_word' id='word_1_157' title='bbox 884 2100 958 2153; x_wconf 90' lang='lat' dir='ltr'><strong>illi</strong></span> <span class='ocrx_word' id='word_1_158' title='bbox 1014 2093 1436 2167; x_wconf 79' lang='lat' dir='ltr'><strong>ignoscendum,</strong></span> <span class='ocrx_word' id='word_1_159' title='bbox 1485 2089 1581 2158; x_wconf 88' lang='lat' dir='ltr'><strong>qui</strong></span> <span class='ocrx_word' id='word_1_160' title='bbox 1633 2088 1686 2141; x_wconf 90' lang='lat' dir='ltr'><strong>in</strong></span> <span class='ocrx_word' id='word_1_161' title='bbox 1742 2093 2023 2139; x_wconf 88' lang='lat' dir='ltr'><strong>vacantem</strong></span> 
     </span>
    </p>
   </div>
   <div class='ocr_carea' id='block_1_25' title="bbox 446 2180 2026 2261">
    <p class='ocr_par' dir='ltr' id='par_1_25' title="bbox 446 2180 2026 2261">
     <span class='ocr_line' id='line_1_25' title="bbox 446 2180 2026 2261; baseline -0.015 -7"><span class='ocrx_word' id='word_1_162' title='bbox 446 2195 712 2254; x_wconf 67' lang='lat' dir='ltr'><strong>dimcesiu</strong></span> <span class='ocrx_word' id='word_1_163' title='bbox 763 2191 974 2261; x_wconf 86' lang='lat' dir='ltr'><strong>aliquid</strong></span> <span class='ocrx_word' id='word_1_164' title='bbox 1028 2187 1341 2257; x_wconf 80' lang='lat' dir='ltr'><strong>episcopale</strong></span> <span class='ocrx_word' id='word_1_165' title='bbox 1386 2181 1635 2238; x_wconf 80' lang='lat' dir='ltr'><strong>exercuit</strong></span> <span class='ocrx_word' id='word_1_166' title='bbox 1670 2180 1880 2249; x_wconf 87' lang='lat' dir='ltr'><strong>absque</strong></span> <span class='ocrx_word' id='word_1_167' title='bbox 1930 2193 2026 2248; x_wconf 83' lang='lat' dir='ltr'><strong>sy-</strong></span> 
     </span>
    </p>
   </div>
   <div class='ocr_carea' id='block_1_26' title="bbox 447 2270 2028 2360">
    <p class='ocr_par' dir='ltr' id='par_1_26' title="bbox 447 2270 2028 2360">
     <span class='ocr_line' id='line_1_26' title="bbox 447 2270 2028 2360; baseline -0.015 -14"><span class='ocrx_word' id='word_1_168' title='bbox 447 2290 577 2346; x_wconf 83' lang='lat' dir='ltr'><strong>nodi</strong></span> <span class='ocrx_word' id='word_1_169' title='bbox 614 2285 1000 2360; x_wconf 89' lang='lat' dir='ltr'><strong>permissione.</strong></span> <span class='ocrx_word' id='word_1_170' title='bbox 1046 2282 1182 2337; x_wconf 88' lang='lat' dir='ltr'><strong>Cum</strong></span> <span class='ocrx_word' id='word_1_171' title='bbox 1222 2288 1429 2343; x_wconf 90' lang='lat' dir='ltr'><strong>autem,</strong></span> <span class='ocrx_word' id='word_1_172' title='bbox 1467 2284 1526 2332; x_wconf 85' lang='lat' dir='ltr'><strong>ut</strong></span> <span class='ocrx_word' id='word_1_173' title='bbox 1588 2284 1675 2330; x_wconf 90' lang='lat' dir='ltr'><strong>est</strong></span> <span class='ocrx_word' id='word_1_174' title='bbox 1708 2270 2028 2336; x_wconf 84' lang='lat' dir='ltr'><strong>verisimile,</strong></span> 
     </span>
    </p>
   </div>
   <div class='ocr_carea' id='block_1_27' title="bbox 452 2359 2028 2450">
    <p class='ocr_par' dir='ltr' id='par_1_27' title="bbox 452 2359 2028 2450">
     <span class='ocr_line' id='line_1_27' title="bbox 452 2359 2028 2450; baseline -0.015 -15"><span class='ocrx_word' id='word_1_175' title='bbox 452 2396 485 2435; x_wconf 84' lang='lat' dir='ltr'><strong>a</strong></span> <span class='ocrx_word' id='word_1_176' title='bbox 516 2359 934 2450; x_wconf 81' lang='lat' dir='ltr'><strong>provincialium</strong></span> <span class='ocrx_word' id='word_1_177' title='bbox 961 2373 1348 2443; x_wconf 91' lang='lat' dir='ltr'><strong>episcoporum</strong></span> <span class='ocrx_word' id='word_1_178' title='bbox 1373 2363 1787 2437; x_wconf 81' lang='lat' dir='ltr'><strong>dispensatione</strong></span> <span class='ocrx_word' id='word_1_179' title='bbox 1815 2359 2028 2416; x_wconf 89' lang='lat' dir='ltr'><strong>vacanti</strong></span> 
     </span>
    </p>
   </div>
   <div class='ocr_carea' id='block_1_28' title="bbox 452 2452 2037 2540">
    <p class='ocr_par' dir='ltr' id='par_1_28' title="bbox 452 2452 2037 2540">
     <span class='ocr_line' id='line_1_28' title="bbox 452 2452 2037 2540; baseline -0.014 -11"><span class='ocrx_word' id='word_1_180' title='bbox 452 2474 695 2540; x_wconf 84' lang='lat' dir='ltr'><strong>cuipiam</strong></span> <span class='ocrx_word' id='word_1_181' title='bbox 726 2468 1054 2540; x_wconf 86' lang='lat' dir='ltr'><strong>permissum</strong></span> <span class='ocrx_word' id='word_1_182' title='bbox 1086 2474 1232 2519; x_wconf 89' lang='lat' dir='ltr'><strong>esset</strong></span> <span class='ocrx_word' id='word_1_183' title='bbox 1265 2463 1318 2516; x_wconf 89' lang='lat' dir='ltr'><strong>in</strong></span> <span class='ocrx_word' id='word_1_184' title='bbox 1353 2469 1585 2514; x_wconf 90' lang='lat' dir='ltr'><strong>vacante</strong></span> <span class='ocrx_word' id='word_1_185' title='bbox 1629 2454 1864 2512; x_wconf 83' lang='lat' dir='ltr'><strong>ecclesia</strong></span> <span class='ocrx_word' id='word_1_186' title='bbox 1891 2452 2037 2507; x_wconf 86' lang='lat' dir='ltr'><strong>cele-</strong></span> 
     </span>
    </p>
   </div>
   <div class='ocr_carea' id='block_1_29' title="bbox 452 2546 2030 2628">
    <p class='ocr_par' dir='ltr' id='par_1_29' title="bbox 452 2546 2030 2628">
     <span class='ocr_line' id='line_1_29' title="bbox 452 2546 2030 2628; baseline -0.013 -8"><span class='ocrx_word' id='word_1_187' title='bbox 452 2565 639 2628; x_wconf 84' lang='lat' dir='ltr'><strong>brare,</strong></span> <span class='ocrx_word' id='word_1_188' title='bbox 669 2570 724 2616; x_wconf 90' lang='lat' dir='ltr'><strong>et</strong></span> <span class='ocrx_word' id='word_1_189' title='bbox 749 2562 853 2615; x_wconf 89' lang='lat' dir='ltr'><strong>hoc</strong></span> <span class='ocrx_word' id='word_1_190' title='bbox 875 2560 1253 2621; x_wconf 88' lang='lat' dir='ltr'><strong>damnaretur,</strong></span> <span class='ocrx_word' id='word_1_191' title='bbox 1287 2568 1353 2608; x_wconf 89' lang='lat' dir='ltr'><strong>eo</strong></span> <span class='ocrx_word' id='word_1_192' title='bbox 1382 2551 1529 2623; x_wconf 90' lang='lat' dir='ltr'><strong>quod</strong></span> <span class='ocrx_word' id='word_1_193' title='bbox 1556 2564 1666 2606; x_wconf 90' lang='lat' dir='ltr'><strong>non</strong></span> <span class='ocrx_word' id='word_1_194' title='bbox 1698 2557 1845 2603; x_wconf 87' lang='lat' dir='ltr'><strong>esset</strong></span> <span class='ocrx_word' id='word_1_195' title='bbox 1865 2546 2030 2602; x_wconf 89' lang='lat' dir='ltr'><strong>etiam</strong></span> 
     </span>
    </p>
   </div>
   <div class='ocr_carea' id='block_1_30' title="bbox 453 2641 2035 2720">
    <p class='ocr_par' dir='ltr' id='par_1_30' title="bbox 453 2641 2035 2720">
     <span class='ocr_line' id='line_1_30' title="bbox 453 2641 2035 2720; baseline -0.011 -9"><span class='ocrx_word' id='word_1_196' title='bbox 453 2669 718 2711; x_wconf 85' lang='lat' dir='ltr'><strong>assensus</strong></span> <span class='ocrx_word' id='word_1_197' title='bbox 754 2650 1245 2720; x_wconf 85' lang='lat' dir='ltr'><strong>metropolitauus,</strong></span> <span class='ocrx_word' id='word_1_198' title='bbox 1296 2643 1555 2699; x_wconf 90' lang='lat' dir='ltr'><strong>dicebant</strong></span> <span class='ocrx_word' id='word_1_199' title='bbox 1607 2641 1855 2712; x_wconf 87' lang='lat' dir='ltr'><strong>quidam,</strong></span> <span class='ocrx_word' id='word_1_200' title='bbox 1909 2654 2035 2694; x_wconf 92' lang='lat' dir='ltr'><strong>esse</strong></span> 
     </span>
    </p>
   </div>
   <div class='ocr_carea' id='block_1_31' title="bbox 454 2731 2034 2814">
    <p class='ocr_par' dir='ltr' id='par_1_31' title="bbox 454 2731 2034 2814">
     <span class='ocr_line' id='line_1_31' title="bbox 454 2731 2034 2814; baseline -0.014 -10"><span class='ocrx_word' id='word_1_201' title='bbox 454 2758 508 2803; x_wconf 89' lang='lat' dir='ltr'><strong>et</strong></span> <span class='ocrx_word' id='word_1_202' title='bbox 556 2746 746 2802; x_wconf 82' lang='lat' dir='ltr'><strong>vocari</strong></span> <span class='ocrx_word' id='word_1_203' title='bbox 816 2742 1085 2814; x_wconf 86' lang='lat' dir='ltr'><strong>synodum</strong></span> <span class='ocrx_word' id='word_1_204' title='bbox 1152 2735 1580 2809; x_wconf 82' lang='lat' dir='ltr'><strong>provincialium</strong></span> <span class='ocrx_word' id='word_1_205' title='bbox 1644 2731 2034 2802; x_wconf 82' lang='lat' dir='ltr'><strong>episcoporum</strong></span> 
     </span>
    </p>
   </div>
   <div class='ocr_carea' id='block_1_32' title="bbox 457 2819 2037 2898">
    <p class='ocr_par' dir='ltr' id='par_1_32' title="bbox 457 2819 2037 2898">
     <span class='ocr_line' id='line_1_32' title="bbox 457 2819 2037 2898; baseline -0.013 -5"><span class='ocrx_word' id='word_1_206' title='bbox 457 2845 811 2898; x_wconf 85' lang='lat' dir='ltr'><strong>conventum,</strong></span> <span class='ocrx_word' id='word_1_207' title='bbox 840 2842 895 2887; x_wconf 93' lang='lat' dir='ltr'><strong>et</strong></span> <span class='ocrx_word' id='word_1_208' title='bbox 924 2832 1047 2887; x_wconf 89' lang='lat' dir='ltr'><strong>ideo</strong></span> <span class='ocrx_word' id='word_1_209' title='bbox 1079 2829 1296 2883; x_wconf 79' lang='lat' dir='ltr'><strong>ﬁrmum</strong></span> <span class='ocrx_word' id='word_1_210' title='bbox 1333 2840 1459 2882; x_wconf 88' lang='lat' dir='ltr'><strong>esse</strong></span> <span class='ocrx_word' id='word_1_211' title='bbox 1516 2821 1664 2894; x_wconf 88' lang='lat' dir='ltr'><strong>quod</strong></span> <span class='ocrx_word' id='word_1_212' title='bbox 1717 2822 1784 2876; x_wconf 89' lang='lat' dir='ltr'><strong>ab</strong></span> <span class='ocrx_word' id='word_1_213' title='bbox 1834 2823 1917 2876; x_wconf 88' lang='lat' dir='ltr'><strong>eis</strong></span> <span class='ocrx_word' id='word_1_214' title='bbox 1977 2819 2037 2873; x_wconf 76' lang='lat' dir='ltr'><strong>ﬁt</strong></span> 
     </span>
    </p>
   </div>
   <div class='ocr_carea' id='block_1_33' title="bbox 458 2918 2038 2996">
    <p class='ocr_par' dir='ltr' id='par_1_33' title="bbox 458 2918 2038 2996">
     <span class='ocr_line' id='line_1_33' title="bbox 458 2918 2038 2996; baseline -0.012 -12"><span class='ocrx_word' id='word_1_215' title='bbox 458 2930 577 2985; x_wconf 86' lang='lat' dir='ltr'><strong>siue</strong></span> <span class='ocrx_word' id='word_1_216' title='bbox 614 2926 1065 2996; x_wconf 84' lang='lat' dir='ltr'><strong>metrOpolitano,</strong></span> <span class='ocrx_word' id='word_1_217' title='bbox 1098 2921 1357 2991; x_wconf 90' lang='lat' dir='ltr'><strong>quoniam</strong></span> <span class='ocrx_word' id='word_1_218' title='bbox 1394 2918 1778 2988; x_wconf 88' lang='lat' dir='ltr'><strong>episcoporum</strong></span> <span class='ocrx_word' id='word_1_219' title='bbox 1814 2920 2038 2968; x_wconf 76' lang='lat' dir='ltr'><strong>senten-</strong></span> 
     </span>
    </p>
   </div>
   <div class='ocr_carea' id='block_1_34' title="bbox 461 3006 2037 3086">
    <p class='ocr_par' dir='ltr' id='par_1_34' title="bbox 461 3006 2037 3086">
     <span class='ocr_line' id='line_1_34' title="bbox 461 3006 2037 3086; baseline -0.012 -11"><span class='ocrx_word' id='word_1_220' title='bbox 461 3022 594 3086; x_wconf 88' lang='lat' dir='ltr'><strong>tiis,</strong></span> <span class='ocrx_word' id='word_1_221' title='bbox 652 3019 819 3073; x_wconf 89' lang='lat' dir='ltr'><strong>etiam</strong></span> <span class='ocrx_word' id='word_1_222' title='bbox 879 3017 999 3071; x_wconf 85' lang='lat' dir='ltr'><strong>sine</strong></span> <span class='ocrx_word' id='word_1_223' title='bbox 1056 3013 1521 3084; x_wconf 89' lang='lat' dir='ltr'><strong>metropolitano,</strong></span> <span class='ocrx_word' id='word_1_224' title='bbox 1578 3006 1885 3065; x_wconf 88' lang='lat' dir='ltr'><strong>contradici</strong></span> <span class='ocrx_word' id='word_1_225' title='bbox 1929 3019 2037 3059; x_wconf 90' lang='lat' dir='ltr'><strong>non</strong></span> 
     </span>
    </p>
   </div>
   <div class='ocr_carea' id='block_1_35' title="bbox 461 3100 2039 3178">
    <p class='ocr_par' dir='ltr' id='par_1_35' title="bbox 461 3100 2039 3178">
     <span class='ocr_line' id='line_1_35' title="bbox 461 3100 2039 3178; baseline -0.01 -16"><span class='ocrx_word' id='word_1_226' title='bbox 461 3115 641 3178; x_wconf 88' lang='lat' dir='ltr'><strong>potest</strong></span> <span class='ocrx_word' id='word_1_227' title='bbox 677 3106 981 3159; x_wconf 81' lang='lat' dir='ltr'><strong>:dixerunt</strong></span> <span class='ocrx_word' id='word_1_228' title='bbox 1010 3100 1226 3165; x_wconf 85' lang='lat' dir='ltr'><strong>Patres,</strong></span> <span class='ocrx_word' id='word_1_229' title='bbox 1254 3103 1311 3155; x_wconf 92' lang='lat' dir='ltr'><strong>in</strong></span> <span class='ocrx_word' id='word_1_230' title='bbox 1366 3101 1467 3155; x_wconf 89' lang='lat' dir='ltr'><strong>hac</strong></span> <span class='ocrx_word' id='word_1_231' title='bbox 1518 3114 1686 3155; x_wconf 91' lang='lat' dir='ltr'><strong>causa</strong></span> <span class='ocrx_word' id='word_1_232' title='bbox 1743 3111 1863 3152; x_wconf 86' lang='lat' dir='ltr'><strong>eam</strong></span> <span class='ocrx_word' id='word_1_233' title='bbox 1915 3108 2039 3149; x_wconf 91' lang='lat' dir='ltr'><strong>esse</strong></span> 
     </span>
    </p>
   </div>
   <div class='ocr_carea' id='block_1_36' title="bbox 470 3186 2047 3270">
    <p class='ocr_par' dir='ltr' id='par_1_36' title="bbox 470 3186 2047 3270">
     <span class='ocr_line' id='line_1_36' title="bbox 470 3186 2047 3270; baseline -0.01 -16"><span class='ocrx_word' id='word_1_234' title='bbox 470 3198 774 3270; x_wconf 79' lang='lat' dir='ltr'><strong>perfectam</strong></span> <span class='ocrx_word' id='word_1_235' title='bbox 811 3194 1105 3268; x_wconf 86' lang='lat' dir='ltr'><strong>synodum,</strong></span> <span class='ocrx_word' id='word_1_236' title='bbox 1144 3209 1267 3265; x_wconf 68' lang='lat' dir='ltr'><strong>qua:</strong></span> <span class='ocrx_word' id='word_1_237' title='bbox 1320 3192 1489 3247; x_wconf 89' lang='lat' dir='ltr'><strong>habet</strong></span> <span class='ocrx_word' id='word_1_238' title='bbox 1520 3193 1686 3246; x_wconf 91' lang='lat' dir='ltr'><strong>etiam</strong></span> <span class='ocrx_word' id='word_1_239' title='bbox 1728 3186 2047 3257; x_wconf 56' lang='lat' dir='ltr'><strong>metropoli.</strong></span> 
     </span>
    </p>
   </div>
   <div class='ocr_carea' id='block_1_37' title="bbox 464 3278 2044 3357">
    <p class='ocr_par' dir='ltr' id='par_1_37' title="bbox 464 3278 2044 3357">
     <span class='ocr_line' id='line_1_37' title="bbox 464 3278 2044 3357; baseline -0.008 -13"><span class='ocrx_word' id='word_1_240' title='bbox 464 3300 652 3345; x_wconf 90' lang='lat' dir='ltr'><strong>tanum</strong></span> <span class='ocrx_word' id='word_1_241' title='bbox 700 3295 1060 3357; x_wconf 65' lang='lat' dir='ltr'><strong>praesentem;</strong></span> <span class='ocrx_word' id='word_1_242' title='bbox 1099 3293 1181 3338; x_wconf 90' lang='lat' dir='ltr'><strong>est</strong></span> <span class='ocrx_word' id='word_1_243' title='bbox 1202 3291 1381 3337; x_wconf 91' lang='lat' dir='ltr'><strong>autem</strong></span> <span class='ocrx_word' id='word_1_244' title='bbox 1417 3282 1691 3337; x_wconf 87' lang='lat' dir='ltr'><strong>sententia</strong></span> <span class='ocrx_word' id='word_1_245' title='bbox 1716 3278 2044 3350; x_wconf 80' lang='lat' dir='ltr'><strong>singularis;</strong></span> 
     </span>
    </p>
   </div>
   <div class='ocr_carea' id='block_1_38' title="bbox 472 3372 2048 3451">
    <p class='ocr_par' dir='ltr' id='par_1_38' title="bbox 472 3372 2048 3451">
     <span class='ocr_line' id='line_1_38' title="bbox 472 3372 2048 3451; baseline -0.007 -13"><span class='ocrx_word' id='word_1_246' title='bbox 472 3391 527 3438; x_wconf 85' lang='lat' dir='ltr'><strong>et</strong></span> <span class='ocrx_word' id='word_1_247' title='bbox 550 3381 847 3451; x_wconf 79' lang='lat' dir='ltr'><strong>singularia</strong></span> <span class='ocrx_word' id='word_1_248' title='bbox 876 3395 983 3433; x_wconf 90' lang='lat' dir='ltr'><strong>non</strong></span> <span class='ocrx_word' id='word_1_249' title='bbox 1014 3378 1307 3432; x_wconf 87' lang='lat' dir='ltr'><strong>trahuntur</strong></span> <span class='ocrx_word' id='word_1_250' title='bbox 1325 3374 1391 3429; x_wconf 90' lang='lat' dir='ltr'><strong>ad</strong></span> <span class='ocrx_word' id='word_1_251' title='bbox 1406 3374 1735 3443; x_wconf 79' lang='lat' dir='ltr'><strong>exemplum.</strong></span> <span class='ocrx_word' id='word_1_252' title='bbox 1755 3372 1895 3428; x_wconf 87' lang='lat' dir='ltr'><strong>Nota</strong></span> <span class='ocrx_word' id='word_1_253' title='bbox 1920 3387 2048 3442; x_wconf 85' lang='lat' dir='ltr'><strong>ergo</strong></span> 
     </span>
    </p>
   </div>
   <div class='ocr_carea' id='block_1_39' title="bbox 468 3462 2051 3542">
    <p class='ocr_par' dir='ltr' id='par_1_39' title="bbox 468 3462 2051 3542">
     <span class='ocr_line' id='line_1_39' title="bbox 468 3462 2051 3542; baseline -0.006 -16"><span class='ocrx_word' id='word_1_254' title='bbox 468 3488 532 3527; x_wconf 78' lang='lat' dir='ltr'><strong>ex</strong></span> <span class='ocrx_word' id='word_1_255' title='bbox 554 3474 805 3542; x_wconf 80' lang='lat' dir='ltr'><strong>praesenti</strong></span> <span class='ocrx_word' id='word_1_256' title='bbox 826 3484 1056 3534; x_wconf 82' lang='lat' dir='ltr'><strong>canone,</strong></span> <span class='ocrx_word' id='word_1_257' title='bbox 1086 3464 1233 3537; x_wconf 92' lang='lat' dir='ltr'><strong>quod</strong></span> <span class='ocrx_word' id='word_1_258' title='bbox 1254 3479 1378 3519; x_wconf 89' lang='lat' dir='ltr'><strong>cum</strong></span> <span class='ocrx_word' id='word_1_259' title='bbox 1406 3462 1651 3535; x_wconf 83' lang='lat' dir='ltr'><strong>synodali</strong></span> <span class='ocrx_word' id='word_1_260' title='bbox 1679 3463 1898 3517; x_wconf 89' lang='lat' dir='ltr'><strong>decreto</strong></span> <span class='ocrx_word' id='word_1_261' title='bbox 1925 3478 2051 3532; x_wconf 88' lang='lat' dir='ltr'><strong>per-</strong></span> 
     </span>
    </p>
   </div>
   <div class='ocr_carea' id='block_1_40' title="bbox 473 3554 2050 3628">
    <p class='ocr_par' dir='ltr' id='par_1_40' title="bbox 473 3554 2050 3628">
     <span class='ocr_line' id='line_1_40' title="bbox 473 3554 2050 3628; baseline -0.005 -12"><span class='ocrx_word' id='word_1_262' title='bbox 473 3564 707 3617; x_wconf 88' lang='lat' dir='ltr'><strong>mittitur</strong></span> <span class='ocrx_word' id='word_1_263' title='bbox 746 3560 960 3614; x_wconf 86' lang='lat' dir='ltr'><strong>vacanti</strong></span> <span class='ocrx_word' id='word_1_264' title='bbox 1016 3561 1276 3628; x_wconf 88' lang='lat' dir='ltr'><strong>episcopo</strong></span> <span class='ocrx_word' id='word_1_265' title='bbox 1317 3558 1371 3611; x_wconf 89' lang='lat' dir='ltr'><strong>in</strong></span> <span class='ocrx_word' id='word_1_266' title='bbox 1396 3564 1623 3611; x_wconf 89' lang='lat' dir='ltr'><strong>vacante</strong></span> <span class='ocrx_word' id='word_1_267' title='bbox 1648 3554 1879 3609; x_wconf 90' lang='lat' dir='ltr'><strong>ecclesia</strong></span> <span class='ocrx_word' id='word_1_268' title='bbox 1904 3554 2050 3609; x_wconf 83' lang='lat' dir='ltr'><strong>cele-</strong></span> 
     </span>
    </p>
   </div>
   <div class='ocr_carea' id='block_1_41' title="bbox 473 3645 2048 3722">
    <p class='ocr_par' dir='ltr' id='par_1_41' title="bbox 473 3645 2048 3722">
     <span class='ocr_line' id='line_1_41' title="bbox 473 3645 2048 3722; baseline -0.006 -15"><span class='ocrx_word' id='word_1_269' title='bbox 473 3655 631 3708; x_wconf 88' lang='lat' dir='ltr'><strong>brare</strong></span> <span class='ocrx_word' id='word_1_270' title='bbox 652 3670 667 3718; x_wconf 87' lang='lat'><strong>;</strong></span> <span class='ocrx_word' id='word_1_271' title='bbox 690 3654 822 3722; x_wconf 91' lang='lat' dir='ltr'><strong>quin</strong></span> <span class='ocrx_word' id='word_1_272' title='bbox 844 3661 898 3705; x_wconf 89' lang='lat' dir='ltr'><strong>et</strong></span> <span class='ocrx_word' id='word_1_273' title='bbox 918 3653 971 3705; x_wconf 89' lang='lat' dir='ltr'><strong>in</strong></span> <span class='ocrx_word' id='word_1_274' title='bbox 995 3651 1115 3721; x_wconf 92' lang='lat' dir='ltr'><strong>ipso</strong></span> <span class='ocrx_word' id='word_1_275' title='bbox 1139 3650 1258 3719; x_wconf 79' lang='lat' dir='ltr'><strong>ejus</strong></span> <span class='ocrx_word' id='word_1_276' title='bbox 1275 3652 1471 3704; x_wconf 92' lang='lat' dir='ltr'><strong>throno</strong></span> <span class='ocrx_word' id='word_1_277' title='bbox 1497 3648 1708 3703; x_wconf 88' lang='lat' dir='ltr'><strong>sedere.</strong></span> <span class='ocrx_word' id='word_1_278' title='bbox 1732 3645 1887 3715; x_wconf 53' lang='lat' dir='ltr'><strong>Saepe</strong></span> <span class='ocrx_word' id='word_1_279' title='bbox 1905 3646 2048 3699; x_wconf 91' lang='lat' dir='ltr'><strong>enim</strong></span> 
     </span>
    </p>
   </div>
   <div class='ocr_carea' id='block_1_42' title="bbox 472 3735 2052 3812">
    <p class='ocr_par' dir='ltr' id='par_1_42' title="bbox 472 3735 2052 3812">
     <span class='ocr_line' id='line_1_42' title="bbox 472 3735 2052 3812; baseline -0.004 -14"><span class='ocrx_word' id='word_1_280' title='bbox 472 3743 681 3805; x_wconf 86' lang='lat' dir='ltr'><strong>audivi,</strong></span> <span class='ocrx_word' id='word_1_281' title='bbox 715 3743 861 3812; x_wconf 82' lang='lat' dir='ltr'><strong>quod</strong></span> <span class='ocrx_word' id='word_1_282' title='bbox 918 3742 1278 3812; x_wconf 90' lang='lat' dir='ltr'><strong>imperatorio</strong></span> <span class='ocrx_word' id='word_1_283' title='bbox 1315 3754 1536 3810; x_wconf 90' lang='lat' dir='ltr'><strong>quoque</strong></span> <span class='ocrx_word' id='word_1_284' title='bbox 1572 3737 1835 3792; x_wconf 87' lang='lat' dir='ltr'><strong>mandato</strong></span> <span class='ocrx_word' id='word_1_285' title='bbox 1883 3735 1951 3791; x_wconf 86' lang='lat' dir='ltr'><strong>ad</strong></span> <span class='ocrx_word' id='word_1_286' title='bbox 1997 3736 2052 3791; x_wconf 88' lang='lat' dir='ltr'><strong>id</strong></span> 
     </span>
    </p>
   </div>
   <div class='ocr_carea' id='block_1_43' title="bbox 474 3828 2054 3906">
    <p class='ocr_par' dir='ltr' id='par_1_43' title="bbox 474 3828 2054 3906">
     <span class='ocr_line' id='line_1_43' title="bbox 474 3828 2054 3906; baseline -0.003 -17"><span class='ocrx_word' id='word_1_287' title='bbox 474 3851 618 3906; x_wconf 80' lang='lat' dir='ltr'><strong>Opus</strong></span> <span class='ocrx_word' id='word_1_288' title='bbox 658 3845 763 3889; x_wconf 88' lang='lat' dir='ltr'><strong>est.</strong></span> <span class='ocrx_word' id='word_1_289' title='bbox 795 3833 1219 3904; x_wconf 82' lang='lat' dir='ltr'><strong>lnterrogavcrit</strong></span> <span class='ocrx_word' id='word_1_290' title='bbox 1250 3842 1429 3886; x_wconf 87' lang='lat' dir='ltr'><strong>autem</strong></span> <span class='ocrx_word' id='word_1_291' title='bbox 1455 3830 1748 3901; x_wconf 86' lang='lat' dir='ltr'><strong>quispiam,</strong></span> <span class='ocrx_word' id='word_1_292' title='bbox 1769 3828 2054 3894; x_wconf 87' lang='lat' dir='ltr'><strong>Quomodo</strong></span> 
     </span>
    </p>
   </div>
   <div class='ocr_carea' id='block_1_44' title="bbox 477 3919 2056 3994">
    <p class='ocr_par' dir='ltr' id='par_1_44' title="bbox 477 3919 2056 3994">
     <span class='ocr_line' id='line_1_44' title="bbox 477 3919 2056 3994; baseline -0.004 -14"><span class='ocrx_word' id='word_1_293' title='bbox 477 3924 708 3994; x_wconf 84' lang='lat' dir='ltr'><strong>intelligi</strong></span> <span class='ocrx_word' id='word_1_294' title='bbox 780 3922 941 3978; x_wconf 90' lang='lat' dir='ltr'><strong>debet</strong></span> <span class='ocrx_word' id='word_1_295' title='bbox 1008 3922 1182 3987; x_wconf 90' lang='lat' dir='ltr'><strong>illud,</strong></span> <span class='ocrx_word' id='word_1_296' title='bbox 1230 3936 1354 3976; x_wconf 90' lang='lat' dir='ltr'><strong>esse</strong></span> <span class='ocrx_word' id='word_1_297' title='bbox 1409 3920 1746 3991; x_wconf 85' lang='lat' dir='ltr'><strong>ejiciendum</strong></span> <span class='ocrx_word' id='word_1_298' title='bbox 1790 3936 1913 3975; x_wconf 92' lang='lat' dir='ltr'><strong>eum</strong></span> <span class='ocrx_word' id='word_1_299' title='bbox 1960 3919 2056 3988; x_wconf 87' lang='lat' dir='ltr'><strong>qui</strong></span> 
     </span>
    </p>
   </div>
   <div class='ocr_carea' id='block_1_45' title="bbox 480 4011 2055 4082">
    <p class='ocr_par' dir='ltr' id='par_1_45' title="bbox 480 4011 2055 4082">
     <span class='ocr_line' id='line_1_45' title="bbox 480 4011 2055 4082; baseline -0.002 -10"><span class='ocrx_word' id='word_1_300' title='bbox 480 4018 625 4072; x_wconf 89' lang='lat' dir='ltr'><strong>illam</strong></span> <span class='ocrx_word' id='word_1_301' title='bbox 680 4018 759 4071; x_wconf 89' lang='lat' dir='ltr'><strong>sic</strong></span> <span class='ocrx_word' id='word_1_302' title='bbox 796 4016 995 4071; x_wconf 85' lang='lat' dir='ltr'><strong>invasit</strong></span> <span class='ocrx_word' id='word_1_303' title='bbox 1038 4014 1368 4071; x_wconf 77' lang='lat' dir='ltr'><strong>ecclesiam?</strong></span> <span class='ocrx_word' id='word_1_304' title='bbox 1416 4022 1471 4068; x_wconf 89' lang='lat' dir='ltr'><strong>et</strong></span> <span class='ocrx_word' id='word_1_305' title='bbox 1523 4011 1781 4067; x_wconf 87' lang='lat' dir='ltr'><strong>dicebant</strong></span> <span class='ocrx_word' id='word_1_306' title='bbox 1833 4011 2055 4082; x_wconf 84' lang='lat' dir='ltr'><strong>quidem</strong></span> 
     </span>
    </p>
   </div>
   <div class='ocr_carea' id='block_1_46' title="bbox 478 4102 2058 4179">
    <p class='ocr_par' dir='ltr' id='par_1_46' title="bbox 478 4102 2058 4179">
     <span class='ocr_line' id='line_1_46' title="bbox 478 4102 2058 4179; baseline -0.001 -18"><span class='ocrx_word' id='word_1_307' title='bbox 478 4107 727 4162; x_wconf 89' lang='lat' dir='ltr'><strong>nonnulli</strong></span> <span class='ocrx_word' id='word_1_308' title='bbox 761 4106 864 4161; x_wconf 92' lang='lat' dir='ltr'><strong>hoc</strong></span> <span class='ocrx_word' id='word_1_309' title='bbox 904 4106 970 4161; x_wconf 91' lang='lat' dir='ltr'><strong>de</strong></span> <span class='ocrx_word' id='word_1_310' title='bbox 1007 4106 1386 4179; x_wconf 86' lang='lat' dir='ltr'><strong>segregatione</strong></span> <span class='ocrx_word' id='word_1_311' title='bbox 1438 4102 1637 4172; x_wconf 88' lang='lat' dir='ltr'><strong>accipi.</strong></span> <span class='ocrx_word' id='word_1_312' title='bbox 1692 4102 1825 4158; x_wconf 85' lang='lat' dir='ltr'><strong>Mihi</strong></span> <span class='ocrx_word' id='word_1_313' title='bbox 1875 4117 2058 4160; x_wconf 84' lang='lat' dir='ltr'><strong>autem</strong></span> 
     </span>
    </p>
   </div>
   <div class='ocr_carea' id='block_1_47' title="bbox 479 4184 2056 4270">
    <p class='ocr_par' dir='ltr' id='par_1_47' title="bbox 479 4184 2056 4270">
     <span class='ocr_line' id='line_1_47' title="bbox 479 4184 2056 4270; baseline 0 -18"><span class='ocrx_word' id='word_1_314' title='bbox 479 4200 696 4253; x_wconf 89' lang='lat' dir='ltr'><strong>videtur</strong></span> <span class='ocrx_word' id='word_1_315' title='bbox 714 4213 837 4254; x_wconf 88' lang='lat' dir='ltr'><strong>esse</strong></span> <span class='ocrx_word' id='word_1_316' title='bbox 863 4198 1243 4267; x_wconf 88' lang='lat' dir='ltr'><strong>accipiendum</strong></span> <span class='ocrx_word' id='word_1_317' title='bbox 1266 4198 1334 4253; x_wconf 89' lang='lat' dir='ltr'><strong>de</strong></span> <span class='ocrx_word' id='word_1_318' title='bbox 1355 4198 1723 4270; x_wconf 90' lang='lat' dir='ltr'><strong>depositione,</strong></span> <span class='ocrx_word' id='word_1_319' title='bbox 1750 4184 2056 4255; x_wconf 88' lang='lat' dir='ltr'><strong>secundum</strong></span> 
     </span>
    </p>
   </div>
   <div class='ocr_carea' id='block_1_48' title="bbox 482 4290 2059 4362">
    <p class='ocr_par' dir='ltr' id='par_1_48' title="bbox 482 4290 2059 4362">
     <span class='ocr_line' id='line_1_48' title="bbox 482 4290 2059 4362; baseline -0.001 -16"><span class='ocrx_word' id='word_1_320' title='bbox 482 4307 724 4347; x_wconf 88' lang='lat' dir='ltr'><strong>canones</strong></span> <span class='ocrx_word' id='word_1_321' title='bbox 749 4291 841 4362; x_wconf 90' lang='lat' dir='ltr'><strong>qui</strong></span> <span class='ocrx_word' id='word_1_322' title='bbox 874 4290 1067 4346; x_wconf 90' lang='lat' dir='ltr'><strong>dicunt</strong></span> <span class='ocrx_word' id='word_1_323' title='bbox 1089 4305 1184 4346; x_wconf 86' lang='lat' dir='ltr'><strong>eos</strong></span> <span class='ocrx_word' id='word_1_324' title='bbox 1221 4305 1344 4346; x_wconf 86' lang='lat' dir='ltr'><strong>esse</strong></span> <span class='ocrx_word' id='word_1_325' title='bbox 1377 4290 1733 4361; x_wconf 89' lang='lat' dir='ltr'><strong>deponendos</strong></span> <span class='ocrx_word' id='word_1_326' title='bbox 1780 4292 1875 4361; x_wconf 88' lang='lat' dir='ltr'><strong>qui</strong></span> <span class='ocrx_word' id='word_1_327' title='bbox 1909 4290 2059 4345; x_wconf 90' lang='lat' dir='ltr'><strong>ordi-</strong></span> 
     </span>
    </p>
   </div>
   <div class='ocr_carea' id='block_1_49' title="bbox 2103 425 3737 504">
    <p class='ocr_par' dir='ltr' id='par_1_49' title="bbox 2103 425 3737 504">
     <span class='ocr_line' id='line_1_49' title="bbox 2103 425 3737 504; baseline -0.007 -16"><span class='ocrx_word' id='word_1_328' title='bbox 2103 452 2157 488; x_wconf 87' lang='grc' dir='ltr'><strong>τι</strong></span> <span class='ocrx_word' id='word_1_329' title='bbox 2199 434 2517 504; x_wconf 84' lang='grc' dir='ltr'><strong>κωλυθῆναι</strong></span> <span class='ocrx_word' id='word_1_330' title='bbox 2562 434 2663 501; x_wconf 83' lang='grc' dir='ltr'><strong>τὴν</strong></span> <span class='ocrx_word' id='word_1_331' title='bbox 2696 432 2828 502; x_wconf 78' lang='grc' dir='ltr'><strong>παρ’</strong></span> <span class='ocrx_word' id='word_1_332' title='bbox 2876 431 3099 501; x_wconf 78' lang='grc' dir='ltr'><strong>ἑνορίαν</strong></span> <span class='ocrx_word' id='word_1_333' title='bbox 3144 429 3450 497; x_wconf 77' lang='grc' dir='ltr'><strong>ἐνέργειαν,</strong></span> <span class='ocrx_word' id='word_1_334' title='bbox 3504 426 3641 479; x_wconf 76' lang='grc' dir='ltr'><strong>ἀλλ’</strong></span> <span class='ocrx_word' id='word_1_335' title='bbox 3700 425 3737 496; x_wconf 73' lang='grc' dir='ltr'><strong>ἢ</strong></span> 
     </span>
    </p>
   </div>
   <div class='ocr_carea' id='block_1_50' title="bbox 2105 519 3746 596">
    <p class='ocr_par' dir='ltr' id='par_1_50' title="bbox 2105 519 3746 596">
     <span class='ocr_line' id='line_1_50' title="bbox 2105 519 3746 596; baseline -0.006 -16"><span class='ocrx_word' id='word_1_336' title='bbox 2105 527 2194 580; x_wconf 82' lang='grc' dir='ltr'><strong>διὰ</strong></span> <span class='ocrx_word' id='word_1_337' title='bbox 2217 527 2276 579; x_wconf 81' lang='grc' dir='ltr'><strong>τὸ</strong></span> <span class='ocrx_word' id='word_1_338' title='bbox 2310 526 2384 596; x_wconf 80' lang='grc' dir='ltr'><strong>μὴ</strong></span> <span class='ocrx_word' id='word_1_339' title='bbox 2417 524 2737 594; x_wconf 82' lang='grc' dir='ltr'><strong>ὑϐρίζεσθαι</strong></span> <span class='ocrx_word' id='word_1_340' title='bbox 2767 523 2799 593; x_wconf 74' lang='grc' dir='ltr'>ἢ</span> <span class='ocrx_word' id='word_1_341' title='bbox 2832 522 3292 593; x_wconf 82' lang='grc' dir='ltr'><strong>καταφρονεῖσθαι</strong></span> <span class='ocrx_word' id='word_1_342' title='bbox 3321 520 3411 572; x_wconf 73' lang='grc' dir='ltr'><strong>τὸν</strong></span> <span class='ocrx_word' id='word_1_343' title='bbox 3452 519 3572 589; x_wconf 72' lang='grc' dir='ltr'><strong>τῆς</strong></span> <span class='ocrx_word' id='word_1_344' title='bbox 3608 520 3746 572; x_wconf 73' lang='grc' dir='ltr'><strong>ἐνο-</strong></span> 
     </span>
    </p>
   </div>
   <div class='ocr_carea' id='block_1_51' title="bbox 2110 616 3744 695">
    <p class='ocr_par' dir='ltr' id='par_1_51' title="bbox 2110 616 3744 695">
     <span class='ocr_line' id='line_1_51' title="bbox 2110 616 3744 695; baseline -0.007 -19"><span class='ocrx_word' id='word_1_345' title='bbox 2110 623 2230 695; x_wconf 85' lang='grc' dir='ltr'><strong>ρίας</strong></span> <span class='ocrx_word' id='word_1_346' title='bbox 2260 622 2463 688; x_wconf 87' lang='grc' dir='ltr'><strong>ταύτης</strong></span> <span class='ocrx_word' id='word_1_347' title='bbox 2495 620 2761 691; x_wconf 75' lang='grc' dir='ltr'><strong>πρόεδρον</strong></span> <span class='ocrx_word' id='word_1_348' title='bbox 2788 636 2803 651; x_wconf 73' lang='grc'><strong><em>⁸</em></strong></span> <span class='ocrx_word' id='word_1_349' title='bbox 2849 616 3155 689; x_wconf 84' lang='grc' dir='ltr'><strong>ἀρχιερέως</strong></span> <span class='ocrx_word' id='word_1_350' title='bbox 3200 618 3257 670; x_wconf 78' lang='grc' dir='ltr'><strong>δὲ</strong></span> <span class='ocrx_word' id='word_1_351' title='bbox 3316 616 3391 686; x_wconf 78' lang='grc' dir='ltr'><strong>μὴ</strong></span> <span class='ocrx_word' id='word_1_352' title='bbox 3443 616 3629 677; x_wconf 73' lang='grc' dir='ltr'><strong>ὄντος</strong></span> <span class='ocrx_word' id='word_1_353' title='bbox 3680 616 3744 667; x_wconf 76' lang='grc' dir='ltr'><strong>ἐν</strong></span> 
     </span>
    </p>
   </div>
   <div class='ocr_carea' id='block_1_52' title="bbox 2108 704 3736 787">
    <p class='ocr_par' dir='ltr' id='par_1_52' title="bbox 2108 704 3736 787">
     <span class='ocr_line' id='line_1_52' title="bbox 2108 704 3736 787; baseline -0.007 -18"><span class='ocrx_word' id='word_1_354' title='bbox 2108 719 2175 786; x_wconf 80' lang='grc' dir='ltr'><strong>τῇ</strong></span> <span class='ocrx_word' id='word_1_355' title='bbox 2209 714 2545 787; x_wconf 80' lang='grc' dir='ltr'><strong>σχολαζούσῃ</strong></span> <span class='ocrx_word' id='word_1_356' title='bbox 2591 712 2882 783; x_wconf 74' lang='grc' dir='ltr'><strong>ἐκκλησία,</strong></span> <span class='ocrx_word' id='word_1_357' title='bbox 2912 711 3034 763; x_wconf 76' lang='grc' dir='ltr'><strong>ἐπεὶ</strong></span> <span class='ocrx_word' id='word_1_358' title='bbox 3060 710 3153 763; x_wconf 69' lang='grc' dir='ltr'><strong>καὶ</strong></span> <span class='ocrx_word' id='word_1_359' title='bbox 3179 710 3339 771; x_wconf 77' lang='grc' dir='ltr'><strong>αύτὸς</strong></span> <span class='ocrx_word' id='word_1_360' title='bbox 3369 707 3475 776; x_wconf 79' lang='grc' dir='ltr'><strong>τὴν</strong></span> <span class='ocrx_word' id='word_1_361' title='bbox 3505 704 3736 775; x_wconf 77' lang='grc' dir='ltr'><strong>λαχοῦ-</strong></span> 
     </span>
    </p>
   </div>
   <div class='ocr_carea' id='block_1_53' title="bbox 2111 801 3741 875">
    <p class='ocr_par' dir='ltr' id='par_1_53' title="bbox 2111 801 3741 875">
     <span class='ocr_line' id='line_1_53' title="bbox 2111 801 3741 875; baseline -0.009 -12"><span class='ocrx_word' id='word_1_362' title='bbox 2111 827 2211 865; x_wconf 90' lang='grc' dir='ltr'><strong>σαν</strong></span> <span class='ocrx_word' id='word_1_363' title='bbox 2241 808 2430 862; x_wconf 74' lang='grc' dir='ltr'><strong>τοῦτον</strong></span> <span class='ocrx_word' id='word_1_364' title='bbox 2460 807 2560 859; x_wconf 82' lang='grc' dir='ltr'><strong>οὐκ</strong></span> <span class='ocrx_word' id='word_1_365' title='bbox 2602 807 2738 875; x_wconf 79' lang='grc' dir='ltr'><strong>ἔχει,</strong></span> <span class='ocrx_word' id='word_1_366' title='bbox 2775 804 2877 856; x_wconf 72' lang='grc' dir='ltr'><strong>ὑπὸ</strong></span> <span class='ocrx_word' id='word_1_367' title='bbox 2921 803 3031 856; x_wconf 87' lang='grc' dir='ltr'><strong>τῶν</strong></span> <span class='ocrx_word' id='word_1_368' title='bbox 3077 802 3248 856; x_wconf 93' lang='grc' dir='ltr'><strong>ἐθνῶν</strong></span> <span class='ocrx_word' id='word_1_369' title='bbox 3295 801 3741 870; x_wconf 69' lang='grc' dir='ltr'><strong>κατεχομένην,</strong></span> 
     </span>
    </p>
   </div>
   <div class='ocr_carea' id='block_1_54' title="bbox 2112 892 3746 971">
    <p class='ocr_par' dir='ltr' id='par_1_54' title="bbox 2112 892 3746 971">
     <span class='ocr_line' id='line_1_54' title="bbox 2112 892 3746 971; baseline -0.007 -15"><span class='ocrx_word' id='word_1_370' title='bbox 2112 902 2236 957; x_wconf 71' lang='grc' dir='ltr'><strong>οὔτε</strong></span> <span class='ocrx_word' id='word_1_371' title='bbox 2266 901 2334 955; x_wconf 79' lang='grc' dir='ltr'><strong>τὰ</strong></span> <span class='ocrx_word' id='word_1_372' title='bbox 2357 901 2456 969; x_wconf 83' lang='grc' dir='ltr'><strong>τῆς</strong></span> <span class='ocrx_word' id='word_1_373' title='bbox 2488 898 2749 971; x_wconf 83' lang='grc' dir='ltr'><strong>ρηθείσης</strong></span> <span class='ocrx_word' id='word_1_374' title='bbox 2792 895 3004 965; x_wconf 77' lang='grc' dir='ltr'><strong>ὕϐρεως</strong></span> <span class='ocrx_word' id='word_1_375' title='bbox 3030 895 3215 965; x_wconf 79' lang='grc' dir='ltr'><strong>χώραν</strong></span> <span class='ocrx_word' id='word_1_376' title='bbox 3250 894 3389 964; x_wconf 78' lang='grc' dir='ltr'><strong>ἔχει,</strong></span> <span class='ocrx_word' id='word_1_377' title='bbox 3435 892 3583 946; x_wconf 73' lang='grc' dir='ltr'><strong>οὐδὲ</strong></span> <span class='ocrx_word' id='word_1_378' title='bbox 3632 894 3746 944; x_wconf 81' lang='grc' dir='ltr'><strong>αύ-</strong></span> 
     </span>
    </p>
   </div>
   <div class='ocr_carea' id='block_1_55' title="bbox 2113 981 3745 1063">
    <p class='ocr_par' dir='ltr' id='par_1_55' title="bbox 2113 981 3745 1063">
     <span class='ocr_line' id='line_1_55' title="bbox 2113 981 3745 1063; baseline -0.007 -16"><span class='ocrx_word' id='word_1_379' title='bbox 2113 996 2204 1057; x_wconf 78' lang='grc' dir='ltr'><strong>τδς</strong></span> <span class='ocrx_word' id='word_1_380' title='bbox 2236 990 2840 1063; x_wconf 84' lang='grc' dir='ltr'><strong>προκριματισθήσεται</strong></span> <span class='ocrx_word' id='word_1_381' title='bbox 2888 988 3141 1041; x_wconf 72' lang='grc' dir='ltr'><strong>ἐπέκεινα</strong></span> <span class='ocrx_word' id='word_1_382' title='bbox 3167 981 3241 1040; x_wconf 82' lang='grc' dir='ltr'><strong>ὧν</strong></span> <span class='ocrx_word' id='word_1_383' title='bbox 3261 986 3373 1057; x_wconf 76' lang='grc' dir='ltr'><strong>ἔχει</strong></span> <span class='ocrx_word' id='word_1_384' title='bbox 3404 985 3745 1054; x_wconf 65' lang='grc' dir='ltr'><strong>ἰδιούμενος</strong></span> 
     </span>
    </p>
   </div>
   <div class='ocr_carea' id='block_1_56' title="bbox 2115 1076 3748 1152">
    <p class='ocr_par' dir='ltr' id='par_1_56' title="bbox 2115 1076 3748 1152">
     <span class='ocr_line' id='line_1_56' title="bbox 2115 1076 3748 1152; baseline -0.008 -14"><span class='ocrx_word' id='word_1_385' title='bbox 2115 1085 2183 1138; x_wconf 71' lang='grc' dir='ltr'><strong>τὰ</strong></span> <span class='ocrx_word' id='word_1_386' title='bbox 2210 1083 2496 1152; x_wconf 81' lang='grc' dir='ltr'><strong>ἀλλότρια.</strong></span> <span class='ocrx_word' id='word_1_387' title='bbox 2521 1082 2658 1152; x_wconf 77' lang='grc' dir='ltr'><strong>Φησὶ</strong></span> <span class='ocrx_word' id='word_1_388' title='bbox 2681 1079 2862 1132; x_wconf 81' lang='grc' dir='ltr'><strong>τοίνυν</strong></span> <span class='ocrx_word' id='word_1_389' title='bbox 2884 1079 2911 1130; x_wconf 86' lang='grc' dir='ltr'>ὁ</span> <span class='ocrx_word' id='word_1_390' title='bbox 2938 1076 3120 1131; x_wconf 86' lang='grc' dir='ltr'><strong>κανὼν</strong></span> <span class='ocrx_word' id='word_1_391' title='bbox 3151 1078 3242 1129; x_wconf 73' lang='grc' dir='ltr'><strong>τὸν</strong></span> <span class='ocrx_word' id='word_1_392' title='bbox 3280 1077 3428 1130; x_wconf 71' lang='grc' dir='ltr'><strong>οὕτω</strong></span> <span class='ocrx_word' id='word_1_393' title='bbox 3459 1076 3748 1145; x_wconf 62' lang='grc' dir='ltr'><strong>ῥιψοκιν-</strong></span> 
     </span>
    </p>
   </div>
   <div class='ocr_carea' id='block_1_57' title="bbox 2115 1168 3750 1248">
    <p class='ocr_par' dir='ltr' id='par_1_57' title="bbox 2115 1168 3750 1248">
     <span class='ocr_line' id='line_1_57' title="bbox 2115 1168 3750 1248; baseline -0.007 -15"><span class='ocrx_word' id='word_1_394' title='bbox 2115 1179 2287 1241; x_wconf 88' lang='grc' dir='ltr'><strong>δύνως</strong></span> <span class='ocrx_word' id='word_1_395' title='bbox 2322 1175 2641 1248; x_wconf 72' lang='grc' dir='ltr'><strong>ἁρπάζοντα</strong></span> <span class='ocrx_word' id='word_1_396' title='bbox 2669 1174 2761 1226; x_wconf 84' lang='grc' dir='ltr'><strong>τὸν</strong></span> <span class='ocrx_word' id='word_1_397' title='bbox 2802 1172 2876 1241; x_wconf 82' lang='grc' dir='ltr'><strong>μὴ</strong></span> <span class='ocrx_word' id='word_1_398' title='bbox 2908 1172 3130 1225; x_wconf 83' lang='grc' dir='ltr'><strong>δοθέντα</strong></span> <span class='ocrx_word' id='word_1_399' title='bbox 3173 1171 3322 1240; x_wconf 75' lang='grc' dir='ltr'><strong>αὐτῷ</strong></span> <span class='ocrx_word' id='word_1_400' title='bbox 3350 1170 3573 1241; x_wconf 79' lang='grc' dir='ltr'><strong>θρόνον</strong></span> <span class='ocrx_word' id='word_1_401' title='bbox 3637 1168 3750 1222; x_wconf 80' lang='grc' dir='ltr'><strong>ύπδ</strong></span> 
     </span>
    </p>
   </div>
   <div class='ocr_carea' id='block_1_58' title="bbox 2116 1261 3745 1343">
    <p class='ocr_par' dir='ltr' id='par_1_58' title="bbox 2116 1261 3745 1343">
     <span class='ocr_line' id='line_1_58' title="bbox 2116 1261 3745 1343; baseline -0.009 -17"><span class='ocrx_word' id='word_1_402' title='bbox 2116 1273 2214 1342; x_wconf 81' lang='grc' dir='ltr'><strong>τῆς</strong></span> <span class='ocrx_word' id='word_1_403' title='bbox 2247 1271 2469 1343; x_wconf 84' lang='grc' dir='ltr'><strong>χάριτος</strong></span> <span class='ocrx_word' id='word_1_404' title='bbox 2491 1267 2585 1321; x_wconf 70' lang='grc' dir='ltr'><strong>τοῦ</strong></span> <span class='ocrx_word' id='word_1_405' title='bbox 2618 1267 2887 1335; x_wconf 85' lang='grc' dir='ltr'><strong>παναγίου</strong></span> <span class='ocrx_word' id='word_1_406' title='bbox 2919 1264 3261 1335; x_wconf 81' lang='grc' dir='ltr'><strong>Πνεύματος,</strong></span> <span class='ocrx_word' id='word_1_407' title='bbox 3292 1263 3396 1315; x_wconf 75' lang='grc' dir='ltr'><strong>κᾶν</strong></span> <span class='ocrx_word' id='word_1_408' title='bbox 3421 1261 3745 1331; x_wconf 78' lang='grc' dir='ltr'><strong>σχολάζων</strong></span> 
     </span>
    </p>
   </div>
   <div class='ocr_carea' id='block_1_59' title="bbox 2118 1351 3749 1432">
    <p class='ocr_par' dir='ltr' id='par_1_59' title="bbox 2118 1351 3749 1432">
     <span class='ocr_line' id='line_1_59' title="bbox 2118 1351 3749 1432; baseline -0.011 -15"><span class='ocrx_word' id='word_1_409' title='bbox 2118 1362 2256 1427; x_wconf 69' lang='grc' dir='ltr'><strong>ἐστὶ,</strong></span> <span class='ocrx_word' id='word_1_410' title='bbox 2286 1362 2380 1415; x_wconf 73' lang='grc' dir='ltr'><strong>καὶ</strong></span> <span class='ocrx_word' id='word_1_411' title='bbox 2407 1362 2441 1432; x_wconf 84' lang='grc' dir='ltr'><strong>ή</strong></span> <span class='ocrx_word' id='word_1_412' title='bbox 2484 1356 2709 1429; x_wconf 81' lang='grc' dir='ltr'><strong>τοιαύτη</strong></span> <span class='ocrx_word' id='word_1_413' title='bbox 2758 1357 3023 1427; x_wconf 73' lang='grc' dir='ltr'><strong>ἐκκλησία</strong></span> <span class='ocrx_word' id='word_1_414' title='bbox 3060 1355 3430 1423; x_wconf 84' lang='grc' dir='ltr'><strong>σχολάζουσα,</strong></span> <span class='ocrx_word' id='word_1_415' title='bbox 3465 1351 3749 1418; x_wconf 78' lang='grc' dir='ltr'><strong>ἀπόϐλη-</strong></span> 
     </span>
    </p>
   </div>
   <div class='ocr_carea' id='block_1_60' title="bbox 2118 1441 3754 1520">
    <p class='ocr_par' dir='ltr' id='par_1_60' title="bbox 2118 1441 3754 1520">
     <span class='ocr_line' id='line_1_60' title="bbox 2118 1441 3754 1520; baseline -0.009 -14"><span class='ocrx_word' id='word_1_416' title='bbox 2118 1471 2212 1506; x_wconf 89' lang='grc' dir='ltr'><strong>τον</strong></span> <span class='ocrx_word' id='word_1_417' title='bbox 2259 1450 2533 1520; x_wconf 85' lang='grc' dir='ltr'><strong>γίνεσθαι.</strong></span> <span class='ocrx_word' id='word_1_418' title='bbox 2590 1449 2679 1510; x_wconf 84' lang='grc' dir='ltr'><strong>Ὠς</strong></span> <span class='ocrx_word' id='word_1_419' title='bbox 2717 1448 2775 1500; x_wconf 82' lang='grc' dir='ltr'><strong>δέ</strong></span> <span class='ocrx_word' id='word_1_420' title='bbox 2817 1464 2965 1509; x_wconf 89' lang='grc' dir='ltr'><strong>τινος</strong></span> <span class='ocrx_word' id='word_1_421' title='bbox 3016 1446 3268 1506; x_wconf 84' lang='grc' dir='ltr'><strong>εἰπόντος</strong></span> <span class='ocrx_word' id='word_1_422' title='bbox 3316 1443 3509 1495; x_wconf 72' lang='grc' dir='ltr'><strong>ταῦτα</strong></span> <span class='ocrx_word' id='word_1_423' title='bbox 3546 1441 3754 1509; x_wconf 80' lang='grc' dir='ltr'><strong>χώραν</strong></span> 
     </span>
    </p>
   </div>
   <div class='ocr_carea' id='block_1_61' title="bbox 2121 1535 3751 1617">
    <p class='ocr_par' dir='ltr' id='par_1_61' title="bbox 2121 1535 3751 1617">
     <span class='ocr_line' id='line_1_61' title="bbox 2121 1535 3751 1617; baseline -0.009 -18"><span class='ocrx_word' id='word_1_424' title='bbox 2121 1547 2267 1617; x_wconf 76' lang='grc' dir='ltr'><strong>ἔχειν</strong></span> <span class='ocrx_word' id='word_1_425' title='bbox 2290 1543 2417 1597; x_wconf 78' lang='grc' dir='ltr'><strong>ἔνθα</strong></span> <span class='ocrx_word' id='word_1_426' title='bbox 2447 1541 2756 1616; x_wconf 79' lang='grc' dir='ltr'><strong>λῃστρικῶς</strong></span> <span class='ocrx_word' id='word_1_427' title='bbox 2800 1542 2829 1592; x_wconf 89' lang='grc' dir='ltr'><strong>ό</strong></span> <span class='ocrx_word' id='word_1_428' title='bbox 2864 1539 3143 1609; x_wconf 78' lang='grc' dir='ltr'><strong>σχολάζων</strong></span> <span class='ocrx_word' id='word_1_429' title='bbox 3177 1536 3603 1606; x_wconf 79' lang='grc' dir='ltr'><strong>ἐσφετερίσατο</strong></span> <span class='ocrx_word' id='word_1_430' title='bbox 3640 1535 3751 1603; x_wconf 79' lang='grc' dir='ltr'><strong>τὴν</strong></span> 
     </span>
    </p>
   </div>
   <div class='ocr_carea' id='block_1_62' title="bbox 2124 1626 3749 1708">
    <p class='ocr_par' dir='ltr' id='par_1_62' title="bbox 2124 1626 3749 1708">
     <span class='ocr_line' id='line_1_62' title="bbox 2124 1626 3749 1708; baseline -0.008 -18"><span class='ocrx_word' id='word_1_431' title='bbox 2124 1635 2517 1708; x_wconf 78' lang='grc' dir='ltr'><strong>σχολάζουσαν,</strong></span> <span class='ocrx_word' id='word_1_432' title='bbox 2547 1635 2607 1686; x_wconf 84' lang='grc' dir='ltr'><strong>ού</strong></span> <span class='ocrx_word' id='word_1_433' title='bbox 2646 1634 2753 1704; x_wconf 77' lang='grc' dir='ltr'><strong>μὴν</strong></span> <span class='ocrx_word' id='word_1_434' title='bbox 2778 1633 2867 1686; x_wconf 85' lang='grc' dir='ltr'><strong>ὅτε</strong></span> <span class='ocrx_word' id='word_1_435' title='bbox 2896 1632 2926 1684; x_wconf 84' lang='grc' dir='ltr'><strong>ό</strong></span> <span class='ocrx_word' id='word_1_436' title='bbox 2963 1629 3168 1699; x_wconf 79' lang='grc' dir='ltr'><strong>ταύτης</strong></span> <span class='ocrx_word' id='word_1_437' title='bbox 3197 1628 3321 1690; x_wconf 76' lang='grc' dir='ltr'><strong>λαὸς</strong></span> <span class='ocrx_word' id='word_1_438' title='bbox 3356 1626 3460 1679; x_wconf 81' lang='grc' dir='ltr'><strong>καὶ</strong></span> <span class='ocrx_word' id='word_1_439' title='bbox 3514 1626 3749 1678; x_wconf 76' lang='grc' dir='ltr'><strong>ἄκοντι</strong></span> 
     </span>
    </p>
   </div>
   <div class='ocr_carea' id='block_1_63' title="bbox 2127 1718 3750 1800">
    <p class='ocr_par' dir='ltr' id='par_1_63' title="bbox 2127 1718 3750 1800">
     <span class='ocr_line' id='line_1_63' title="bbox 2127 1718 3750 1800; baseline -0.009 -17"><span class='ocrx_word' id='word_1_440' title='bbox 2127 1730 2218 1783; x_wconf 75' lang='grc' dir='ltr'><strong>τὸν</strong></span> <span class='ocrx_word' id='word_1_441' title='bbox 2254 1728 2589 1800; x_wconf 81' lang='grc' dir='ltr'><strong>σχολάζοντα</strong></span> <span class='ocrx_word' id='word_1_442' title='bbox 2636 1727 2953 1796; x_wconf 83' lang='grc' dir='ltr'><strong>μετήγαγεν</strong></span> <span class='ocrx_word' id='word_1_443' title='bbox 2984 1724 3065 1786; x_wconf 84' lang='grc' dir='ltr'><strong>είς</strong></span> <span class='ocrx_word' id='word_1_444' title='bbox 3098 1721 3268 1791; x_wconf 75' lang='grc' dir='ltr'><strong>αὐτήν</strong></span> <span class='ocrx_word' id='word_1_445' title='bbox 3298 1734 3313 1749; x_wconf 91' lang='grc'><strong>·</strong></span> <span class='ocrx_word' id='word_1_446' title='bbox 3348 1718 3750 1789; x_wconf 80' lang='grc' dir='ltr'><strong>προστίθησιν</strong></span> 
     </span>
    </p>
   </div>
   <div class='ocr_carea' id='block_1_64' title="bbox 2128 1811 3746 1892">
    <p class='ocr_par' dir='ltr' id='par_1_64' title="bbox 2128 1811 3746 1892">
     <span class='ocr_line' id='line_1_64' title="bbox 2128 1811 3746 1892; baseline -0.009 -16"><span class='ocrx_word' id='word_1_447' title='bbox 2128 1824 2156 1876; x_wconf 90' lang='grc' dir='ltr'>ὁ</span> <span class='ocrx_word' id='word_1_448' title='bbox 2186 1822 2367 1876; x_wconf 85' lang='grc' dir='ltr'><strong>κανὼν</strong></span> <span class='ocrx_word' id='word_1_449' title='bbox 2399 1820 2537 1892; x_wconf 79' lang='grc' dir='ltr'><strong>μηδὲ</strong></span> <span class='ocrx_word' id='word_1_450' title='bbox 2575 1818 2683 1874; x_wconf 76' lang='grc' dir='ltr'><strong>ἀπὸ</strong></span> <span class='ocrx_word' id='word_1_451' title='bbox 2713 1818 2907 1871; x_wconf 88' lang='grc' dir='ltr'><strong>τούτου</strong></span> <span class='ocrx_word' id='word_1_452' title='bbox 2960 1811 3438 1882; x_wconf 85' lang='grc' dir='ltr'><strong>συγγινώσκεσθαι</strong></span> <span class='ocrx_word' id='word_1_453' title='bbox 3491 1811 3605 1863; x_wconf 77' lang='grc' dir='ltr'><strong>τὸν</strong></span> <span class='ocrx_word' id='word_1_454' title='bbox 3660 1814 3746 1873; x_wconf 75' lang='grc' dir='ltr'><strong>εἰς</strong></span> 
     </span>
    </p>
   </div>
   <div class='ocr_carea' id='block_1_65' title="bbox 2134 1901 3741 1985">
    <p class='ocr_par' dir='ltr' id='par_1_65' title="bbox 2134 1901 3741 1985">
     <span class='ocr_line' id='line_1_65' title="bbox 2134 1901 3741 1985; baseline -0.009 -17"><span class='ocrx_word' id='word_1_455' title='bbox 2134 1912 2505 1985; x_wconf 78' lang='grc' dir='ltr'><strong>σχολάζουσαν</strong></span> <span class='ocrx_word' id='word_1_456' title='bbox 2526 1912 2742 1980; x_wconf 78' lang='grc' dir='ltr'><strong>ὲνορίαν</strong></span> <span class='ocrx_word' id='word_1_457' title='bbox 2772 1906 3160 1979; x_wconf 86' lang='grc' dir='ltr'><strong>ἀρχιερατικόν</strong></span> <span class='ocrx_word' id='word_1_458' title='bbox 3188 1922 3240 1958; x_wconf 89' lang='grc' dir='ltr'><strong>τι</strong></span> <span class='ocrx_word' id='word_1_459' title='bbox 3273 1904 3577 1974; x_wconf 79' lang='grc' dir='ltr'><strong>πράξαντα</strong></span> <span class='ocrx_word' id='word_1_460' title='bbox 3611 1901 3741 1971; x_wconf 77' lang='grc' dir='ltr'><strong>δίχα</strong></span> 
     </span>
    </p>
   </div>
   <div class='ocr_carea' id='block_1_66' title="bbox 2135 1997 3740 2076">
    <p class='ocr_par' dir='ltr' id='par_1_66' title="bbox 2135 1997 3740 2076">
     <span class='ocr_line' id='line_1_66' title="bbox 2135 1997 3740 2076; baseline -0.009 -14"><span class='ocrx_word' id='word_1_461' title='bbox 2135 2006 2423 2076; x_wconf 82' lang='grc' dir='ltr'><strong>συνοδικῆς</strong></span> <span class='ocrx_word' id='word_1_462' title='bbox 2452 2003 2781 2075; x_wconf 78' lang='grc' dir='ltr'><strong>ἐπιτροπῆς.</strong></span> <span class='ocrx_word' id='word_1_463' title='bbox 2824 2002 2977 2055; x_wconf 79' lang='grc' dir='ltr'><strong>Ἐπεὶ</strong></span> <span class='ocrx_word' id='word_1_464' title='bbox 3020 2000 3099 2063; x_wconf 86' lang='grc' dir='ltr'><strong>δὲ,</strong></span> <span class='ocrx_word' id='word_1_465' title='bbox 3143 1999 3221 2062; x_wconf 84' lang='grc' dir='ltr'><strong>ὼς</strong></span> <span class='ocrx_word' id='word_1_466' title='bbox 3265 2000 3471 2064; x_wconf 77' lang='grc' dir='ltr'><strong>ἔοικεν,</strong></span> <span class='ocrx_word' id='word_1_467' title='bbox 3503 1997 3617 2051; x_wconf 71' lang='grc' dir='ltr'><strong>ἀπὸ</strong></span> <span class='ocrx_word' id='word_1_468' title='bbox 3658 1999 3740 2049; x_wconf 82' lang='grc' dir='ltr'><strong>οἰ·-</strong></span> 
     </span>
    </p>
   </div>
   <div class='ocr_carea' id='block_1_67' title="bbox 2134 2090 3737 2169">
    <p class='ocr_par' dir='ltr' id='par_1_67' title="bbox 2134 2090 3737 2169">
     <span class='ocr_line' id='line_1_67' title="bbox 2134 2090 3737 2169; baseline -0.009 -14"><span class='ocrx_word' id='word_1_469' title='bbox 2134 2102 2397 2169; x_wconf 86' lang='grc' dir='ltr'><strong>κονομίας</strong></span> <span class='ocrx_word' id='word_1_470' title='bbox 2448 2094 2813 2166; x_wconf 78' lang='grc' dir='ltr'><strong>ἐπαρχιωτῶν</strong></span> <span class='ocrx_word' id='word_1_471' title='bbox 2854 2093 3175 2146; x_wconf 84' lang='grc' dir='ltr'><strong>ἐπισκόπων</strong></span> <span class='ocrx_word' id='word_1_472' title='bbox 3224 2090 3624 2162; x_wconf 72' lang='grc' dir='ltr'><strong>παρεχωρήθη</strong></span> <span class='ocrx_word' id='word_1_473' title='bbox 3650 2106 3737 2151; x_wconf 83' lang='grc' dir='ltr'><strong>τις</strong></span> 
     </span>
    </p>
   </div>
   <div class='ocr_carea' id='block_1_68' title="bbox 2138 2182 3740 2265">
    <p class='ocr_par' dir='ltr' id='par_1_68' title="bbox 2138 2182 3740 2265">
     <span class='ocr_line' id='line_1_68' title="bbox 2138 2182 3740 2265; baseline -0.009 -17"><span class='ocrx_word' id='word_1_474' title='bbox 2138 2193 2413 2265; x_wconf 76' lang='grc' dir='ltr'><strong>σχολάζων</strong></span> <span class='ocrx_word' id='word_1_475' title='bbox 2434 2190 2741 2260; x_wconf 80' lang='grc' dir='ltr'><strong>ἱερουργεῖν</strong></span> <span class='ocrx_word' id='word_1_476' title='bbox 2776 2188 2857 2251; x_wconf 84' lang='grc' dir='ltr'><strong>εἰς</strong></span> <span class='ocrx_word' id='word_1_477' title='bbox 2881 2185 3273 2258; x_wconf 80' lang='grc' dir='ltr'><strong>σχολάζουσαν,</strong></span> <span class='ocrx_word' id='word_1_478' title='bbox 3300 2185 3400 2236; x_wconf 68' lang='grc' dir='ltr'><strong>καὶ</strong></span> <span class='ocrx_word' id='word_1_479' title='bbox 3437 2182 3539 2235; x_wconf 76' lang='grc' dir='ltr'><strong>τοῦ</strong></span> <span class='ocrx_word' id='word_1_480' title='bbox 3579 2199 3740 2251; x_wconf 80' lang='grc' dir='ltr'><strong>γεγο-</strong></span> 
     </span>
    </p>
   </div>
   <div class='ocr_carea' id='block_1_69' title="bbox 2136 2274 3738 2353">
    <p class='ocr_par' dir='ltr' id='par_1_69' title="bbox 2136 2274 3738 2353">
     <span class='ocr_line' id='line_1_69' title="bbox 2136 2274 3738 2353; baseline -0.009 -13"><span class='ocrx_word' id='word_1_481' title='bbox 2136 2287 2286 2348; x_wconf 83' lang='grc' dir='ltr'><strong>νότος</strong></span> <span class='ocrx_word' id='word_1_482' title='bbox 2323 2282 2825 2353; x_wconf 84' lang='grc' dir='ltr'><strong>κατακρινομένου,</strong></span> <span class='ocrx_word' id='word_1_483' title='bbox 2878 2279 2967 2331; x_wconf 86' lang='grc' dir='ltr'><strong>διά</strong></span> <span class='ocrx_word' id='word_1_484' title='bbox 3014 2278 3081 2330; x_wconf 81' lang='grc' dir='ltr'><strong>τὸ</strong></span> <span class='ocrx_word' id='word_1_485' title='bbox 3135 2275 3211 2347; x_wconf 82' lang='grc' dir='ltr'><strong>μὴ</strong></span> <span class='ocrx_word' id='word_1_486' title='bbox 3259 2274 3738 2344; x_wconf 63' lang='grc' dir='ltr'><strong>συμψηφίσασεθαι</strong></span> 
     </span>
    </p>
   </div>
   <div class='ocr_carea' id='block_1_70' title="bbox 2137 2362 3740 2446">
    <p class='ocr_par' dir='ltr' id='par_1_70' title="bbox 2137 2362 3740 2446">
     <span class='ocr_line' id='line_1_70' title="bbox 2137 2362 3740 2446; baseline -0.009 -14"><span class='ocrx_word' id='word_1_487' title='bbox 2137 2380 2233 2443; x_wconf 78' lang='grc' dir='ltr'><strong>καὶ</strong></span> <span class='ocrx_word' id='word_1_488' title='bbox 2276 2376 2367 2429; x_wconf 78' lang='grc' dir='ltr'><strong>τὸν</strong></span> <span class='ocrx_word' id='word_1_489' title='bbox 2422 2372 2854 2446; x_wconf 87' lang='grc' dir='ltr'><strong>μητροπολίτην,</strong></span> <span class='ocrx_word' id='word_1_490' title='bbox 2894 2370 3080 2438; x_wconf 84' lang='grc' dir='ltr'><strong>έλεγόν</strong></span> <span class='ocrx_word' id='word_1_491' title='bbox 3112 2385 3259 2429; x_wconf 84' lang='grc' dir='ltr'><strong>τινες</strong></span> <span class='ocrx_word' id='word_1_492' title='bbox 3313 2368 3547 2420; x_wconf 76' lang='grc' dir='ltr'><strong>σύνοδον</strong></span> <span class='ocrx_word' id='word_1_493' title='bbox 3602 2362 3740 2419; x_wconf 71' lang='grc' dir='ltr'><strong>εἶναι</strong></span> 
     </span>
    </p>
   </div>
   <div class='ocr_carea' id='block_1_71' title="bbox 2140 2459 3735 2537">
    <p class='ocr_par' dir='ltr' id='par_1_71' title="bbox 2140 2459 3735 2537">
     <span class='ocr_line' id='line_1_71' title="bbox 2140 2459 3735 2537; baseline -0.009 -13"><span class='ocrx_word' id='word_1_494' title='bbox 2140 2471 2235 2524; x_wconf 76' lang='grc' dir='ltr'><strong>καὶ</strong></span> <span class='ocrx_word' id='word_1_495' title='bbox 2260 2466 2630 2537; x_wconf 80' lang='grc' dir='ltr'><strong>ὀνομάζεσθαι</strong></span> <span class='ocrx_word' id='word_1_496' title='bbox 2676 2465 2775 2531; x_wconf 81' lang='grc' dir='ltr'><strong>τὴν</strong></span> <span class='ocrx_word' id='word_1_497' title='bbox 2810 2463 3126 2517; x_wconf 78' lang='grc' dir='ltr'><strong>συνέλευσιν</strong></span> <span class='ocrx_word' id='word_1_498' title='bbox 3170 2461 3279 2514; x_wconf 85' lang='grc' dir='ltr'><strong>τῶν</strong></span> <span class='ocrx_word' id='word_1_499' title='bbox 3330 2459 3735 2532; x_wconf 75' lang='grc' dir='ltr'><strong>ἐπαρχιωτῶν,</strong></span> 
     </span>
    </p>
   </div>
   <div class='ocr_carea' id='block_1_72' title="bbox 2141 2553 3740 2625">
    <p class='ocr_par' dir='ltr' id='par_1_72' title="bbox 2141 2553 3740 2625">
     <span class='ocr_line' id='line_1_72' title="bbox 2141 2553 3740 2625; baseline -0.006 -10"><span class='ocrx_word' id='word_1_500' title='bbox 2141 2559 2437 2615; x_wconf 81' lang='grc' dir='ltr'><strong>κάντεῦθεν</strong></span> <span class='ocrx_word' id='word_1_501' title='bbox 2470 2555 2613 2611; x_wconf 80' lang='grc' dir='ltr'><strong>εἶναι</strong></span> <span class='ocrx_word' id='word_1_502' title='bbox 2647 2555 2866 2625; x_wconf 80' lang='grc' dir='ltr'><strong>βέϐαιον</strong></span> <span class='ocrx_word' id='word_1_503' title='bbox 2911 2554 2973 2607; x_wconf 81' lang='grc' dir='ltr'><strong>τὸ</strong></span> <span class='ocrx_word' id='word_1_504' title='bbox 3019 2553 3173 2622; x_wconf 86' lang='grc' dir='ltr'><strong>παρά</strong></span> <span class='ocrx_word' id='word_1_505' title='bbox 3201 2553 3409 2606; x_wconf 86' lang='grc' dir='ltr'><strong>τούτων</strong></span> <span class='ocrx_word' id='word_1_506' title='bbox 3442 2555 3740 2623; x_wconf 74' lang='grc' dir='ltr'><strong>γινόμενον</strong></span> 
     </span>
    </p>
   </div>
   <div class='ocr_carea' id='block_1_73' title="bbox 2141 2644 3744 2723">
    <p class='ocr_par' dir='ltr' id='par_1_73' title="bbox 2141 2644 3744 2723">
     <span class='ocr_line' id='line_1_73' title="bbox 2141 2644 3744 2723; baseline -0.004 -17"><span class='ocrx_word' id='word_1_507' title='bbox 2141 2651 2265 2723; x_wconf 82' lang='grc' dir='ltr'><strong>δίχα</strong></span> <span class='ocrx_word' id='word_1_508' title='bbox 2287 2650 2382 2705; x_wconf 76' lang='grc' dir='ltr'><strong>τοῦ</strong></span> <span class='ocrx_word' id='word_1_509' title='bbox 2417 2648 2843 2720; x_wconf 87' lang='grc' dir='ltr'><strong>μητροπολίτου,</strong></span> <span class='ocrx_word' id='word_1_510' title='bbox 2875 2648 2958 2701; x_wconf 83' lang='grc' dir='ltr'><strong>ὅτι</strong></span> <span class='ocrx_word' id='word_1_511' title='bbox 2991 2648 3086 2700; x_wconf 85' lang='grc' dir='ltr'><strong>καὶ</strong></span> <span class='ocrx_word' id='word_1_512' title='bbox 3130 2648 3184 2699; x_wconf 80' lang='grc' dir='ltr'><strong>αι</strong></span> <span class='ocrx_word' id='word_1_513' title='bbox 3224 2644 3401 2715; x_wconf 80' lang='grc' dir='ltr'><strong>ψῆφοι</strong></span> <span class='ocrx_word' id='word_1_514' title='bbox 3451 2646 3570 2698; x_wconf 84' lang='grc' dir='ltr'><strong>τῶν</strong></span> <span class='ocrx_word' id='word_1_515' title='bbox 3619 2648 3744 2699; x_wconf 81' lang='grc' dir='ltr'><strong>ἐπι·</strong></span> 
     </span>
    </p>
   </div>
   <div class='ocr_carea' id='block_1_74' title="bbox 2145 2737 3747 2813">
    <p class='ocr_par' dir='ltr' id='par_1_74' title="bbox 2145 2737 3747 2813">
     <span class='ocr_line' id='line_1_74' title="bbox 2145 2737 3747 2813; baseline -0.004 -16"><span class='ocrx_word' id='word_1_516' title='bbox 2145 2745 2365 2798; x_wconf 84' lang='grc' dir='ltr'><strong>σκόπων</strong></span> <span class='ocrx_word' id='word_1_517' title='bbox 2394 2739 2783 2813; x_wconf 76' lang='grc' dir='ltr'><strong>ἀναντίρρητοί</strong></span> <span class='ocrx_word' id='word_1_518' title='bbox 2816 2742 2943 2803; x_wconf 74' lang='grc' dir='ltr'><strong>εἰσι,</strong></span> <span class='ocrx_word' id='word_1_519' title='bbox 2967 2739 3252 2807; x_wconf 79' lang='grc' dir='ltr'><strong>γινόμεναι</strong></span> <span class='ocrx_word' id='word_1_520' title='bbox 3280 2739 3375 2791; x_wconf 81' lang='grc' dir='ltr'><strong>καί</strong></span> <span class='ocrx_word' id='word_1_521' title='bbox 3405 2737 3594 2790; x_wconf 74' lang='grc' dir='ltr'><strong>ταῦτα</strong></span> <span class='ocrx_word' id='word_1_522' title='bbox 3624 2739 3747 2807; x_wconf 73' lang='grc' dir='ltr'><strong>δίχα</strong></span> 
     </span>
    </p>
   </div>
   <div class='ocr_carea' id='block_1_75' title="bbox 2143 2824 3748 2903">
    <p class='ocr_par' dir='ltr' id='par_1_75' title="bbox 2143 2824 3748 2903">
     <span class='ocr_line' id='line_1_75' title="bbox 2143 2824 3748 2903; baseline -0.004 -16"><span class='ocrx_word' id='word_1_523' title='bbox 2143 2834 2238 2889; x_wconf 81' lang='grc' dir='ltr'><strong>τοῦ</strong></span> <span class='ocrx_word' id='word_1_524' title='bbox 2275 2832 2683 2903; x_wconf 84' lang='grc' dir='ltr'><strong>μητροπολίτου</strong></span> <span class='ocrx_word' id='word_1_525' title='bbox 2710 2845 2723 2861; x_wconf 78' lang='grc'><strong><em>⁸</em></strong></span> <span class='ocrx_word' id='word_1_526' title='bbox 2758 2827 2914 2884; x_wconf 82' lang='grc' dir='ltr'><strong>εἷπον</strong></span> <span class='ocrx_word' id='word_1_527' title='bbox 2946 2831 2994 2882; x_wconf 80' lang='lat' dir='ltr'><strong>oi</strong></span> <span class='ocrx_word' id='word_1_528' title='bbox 3024 2824 3273 2899; x_wconf 81' lang='grc' dir='ltr'><strong>Πατέρες</strong></span> <span class='ocrx_word' id='word_1_529' title='bbox 3316 2828 3410 2881; x_wconf 74' lang='grc' dir='ltr'><strong>ἐπὶ</strong></span> <span class='ocrx_word' id='word_1_530' title='bbox 3438 2828 3625 2900; x_wconf 80' lang='grc' dir='ltr'><strong>ταύτῃ</strong></span> <span class='ocrx_word' id='word_1_531' title='bbox 3680 2832 3748 2899; x_wconf 78' lang='grc' dir='ltr'><strong>τῇ</strong></span> 
     </span>
    </p>
   </div>
   <div class='ocr_carea' id='block_1_76' title="bbox 2148 2918 3748 2992">
    <p class='ocr_par' dir='ltr' id='par_1_76' title="bbox 2148 2918 3748 2992">
     <span class='ocr_line' id='line_1_76' title="bbox 2148 2918 3748 2992; baseline -0.004 -13"><span class='ocrx_word' id='word_1_532' title='bbox 2148 2924 2402 2979; x_wconf 76' lang='grc' dir='ltr'><strong>ὑποθέσει</strong></span> <span class='ocrx_word' id='word_1_533' title='bbox 2431 2922 2651 2992; x_wconf 81' lang='grc' dir='ltr'><strong>ἐκείνην</strong></span> <span class='ocrx_word' id='word_1_534' title='bbox 2677 2918 2820 2975; x_wconf 76' lang='grc' dir='ltr'><strong>εῖναι</strong></span> <span class='ocrx_word' id='word_1_535' title='bbox 2842 2920 3056 2975; x_wconf 84' lang='grc' dir='ltr'><strong>τελείαν</strong></span> <span class='ocrx_word' id='word_1_536' title='bbox 3085 2920 3334 2985; x_wconf 76' lang='grc' dir='ltr'><strong>σύνοδον,</strong></span> <span class='ocrx_word' id='word_1_537' title='bbox 3362 2920 3460 2988; x_wconf 73' lang='grc' dir='ltr'><strong>τήν</strong></span> <span class='ocrx_word' id='word_1_538' title='bbox 3482 2918 3748 2988; x_wconf 76' lang='grc' dir='ltr'><strong>ἔχουσαν</strong></span> 
     </span>
    </p>
   </div>
   <div class='ocr_carea' id='block_1_77' title="bbox 2148 3010 3751 3083">
    <p class='ocr_par' dir='ltr' id='par_1_77' title="bbox 2148 3010 3751 3083">
     <span class='ocr_line' id='line_1_77' title="bbox 2148 3010 3751 3083; baseline -0.002 -15"><span class='ocrx_word' id='word_1_539' title='bbox 2148 3013 2587 3083; x_wconf 84' lang='grc' dir='ltr'><strong>παρουσιάζοντα</strong></span> <span class='ocrx_word' id='word_1_540' title='bbox 2638 3013 2733 3066; x_wconf 66' lang='grc' dir='ltr'><strong>καὶ⁸</strong></span> <span class='ocrx_word' id='word_1_541' title='bbox 2777 3011 2870 3065; x_wconf 77' lang='grc' dir='ltr'><strong>τὸν</strong></span> <span class='ocrx_word' id='word_1_542' title='bbox 2925 3010 3370 3081; x_wconf 83' lang='grc' dir='ltr'><strong>μητροπολίτην·</strong></span> <span class='ocrx_word' id='word_1_543' title='bbox 3414 3010 3477 3063; x_wconf 64' lang='grc' dir='ltr'><strong>τι</strong></span> <span class='ocrx_word' id='word_1_544' title='bbox 3520 3011 3587 3064; x_wconf 63' lang='grc' dir='ltr'><strong>δε</strong></span> <span class='ocrx_word' id='word_1_545' title='bbox 3643 3014 3751 3082; x_wconf 77' lang='grc' dir='ltr'><strong>τῆς</strong></span> 
     </span>
    </p>
   </div>
   <div class='ocr_carea' id='block_1_78' title="bbox 2145 3102 3752 3179">
    <p class='ocr_par' dir='ltr' id='par_1_78' title="bbox 2145 3102 3752 3179">
     <span class='ocr_line' id='line_1_78' title="bbox 2145 3102 3752 3179; baseline -0.004 -17"><span class='ocrx_word' id='word_1_546' title='bbox 2145 3107 2327 3179; x_wconf 76' lang='grc' dir='ltr'><strong>ψήφου</strong></span> <span class='ocrx_word' id='word_1_547' title='bbox 2375 3106 2541 3160; x_wconf 89' lang='grc' dir='ltr'><strong>ίδικόν</strong></span> <span class='ocrx_word' id='word_1_548' title='bbox 2591 3106 2733 3169; x_wconf 90' lang='grc' dir='ltr'><strong>ἐστι,</strong></span> <span class='ocrx_word' id='word_1_549' title='bbox 2770 3104 2867 3157; x_wconf 80' lang='grc' dir='ltr'><strong>καὶ</strong></span> <span class='ocrx_word' id='word_1_550' title='bbox 2920 3105 2989 3157; x_wconf 73' lang='grc' dir='ltr'><strong>τὰ</strong></span> <span class='ocrx_word' id='word_1_551' title='bbox 3035 3102 3181 3156; x_wconf 74' lang='grc' dir='ltr'><strong>ίδικὰ</strong></span> <span class='ocrx_word' id='word_1_552' title='bbox 3214 3102 3312 3172; x_wconf 80' lang='grc' dir='ltr'><strong>οὐχ</strong></span> <span class='ocrx_word' id='word_1_553' title='bbox 3353 3102 3625 3157; x_wconf 69' lang='grc' dir='ltr'><strong>ἕλκονται</strong></span> <span class='ocrx_word' id='word_1_554' title='bbox 3674 3108 3752 3167; x_wconf 83' lang='grc' dir='ltr'><strong>είς</strong></span> 
     </span>
    </p>
   </div>
   <div class='ocr_carea' id='block_1_79' title="bbox 2148 3194 3749 3267">
    <p class='ocr_par' dir='ltr' id='par_1_79' title="bbox 2148 3194 3749 3267">
     <span class='ocr_line' id='line_1_79' title="bbox 2148 3194 3749 3267; baseline -0.002 -15"><span class='ocrx_word' id='word_1_555' title='bbox 2148 3200 2477 3267; x_wconf 83' lang='grc' dir='ltr'><strong>ὑπόδειγμα.</strong></span> <span class='ocrx_word' id='word_1_556' title='bbox 2512 3196 2678 3248; x_wconf 81' lang='grc' dir='ltr'><strong>Ὥστε</strong></span> <span class='ocrx_word' id='word_1_557' title='bbox 2715 3195 3026 3265; x_wconf 85' lang='grc' dir='ltr'><strong>σημείωσαι</strong></span> <span class='ocrx_word' id='word_1_558' title='bbox 3062 3196 3171 3249; x_wconf 73' lang='grc' dir='ltr'><strong>ἀπὸ</strong></span> <span class='ocrx_word' id='word_1_559' title='bbox 3196 3194 3288 3248; x_wconf 80' lang='grc' dir='ltr'><strong>τοῦ</strong></span> <span class='ocrx_word' id='word_1_560' title='bbox 3321 3196 3604 3265; x_wconf 83' lang='grc' dir='ltr'><strong>παρόντος</strong></span> <span class='ocrx_word' id='word_1_561' title='bbox 3641 3213 3749 3249; x_wconf 76' lang='grc' dir='ltr'><strong>κα-</strong></span> 
     </span>
    </p>
   </div>
   <div class='ocr_carea' id='block_1_80' title="bbox 2147 3284 3750 3356">
    <p class='ocr_par' dir='ltr' id='par_1_80' title="bbox 2147 3284 3750 3356">
     <span class='ocr_line' id='line_1_80' title="bbox 2147 3284 3750 3356; baseline -0.004 -12"><span class='ocrx_word' id='word_1_562' title='bbox 2147 3290 2295 3353; x_wconf 85' lang='grc' dir='ltr'><strong>νόνος</strong></span> <span class='ocrx_word' id='word_1_563' title='bbox 2326 3289 2405 3341; x_wconf 85' lang='grc' dir='ltr'><strong>ὅτι</strong></span> <span class='ocrx_word' id='word_1_564' title='bbox 2433 3288 2647 3356; x_wconf 82' lang='grc' dir='ltr'><strong>ἐφεῖται</strong></span> <span class='ocrx_word' id='word_1_565' title='bbox 2699 3285 2838 3355; x_wconf 85' lang='grc' dir='ltr'><strong>μετά</strong></span> <span class='ocrx_word' id='word_1_566' title='bbox 2890 3284 3177 3355; x_wconf 80' lang='grc' dir='ltr'><strong>συνοδικῆς</strong></span> <span class='ocrx_word' id='word_1_567' title='bbox 3230 3284 3595 3354; x_wconf 80' lang='grc' dir='ltr'><strong>διαγνώσεως</strong></span> <span class='ocrx_word' id='word_1_568' title='bbox 3645 3306 3750 3341; x_wconf 76' lang='grc' dir='ltr'><strong>πα-</strong></span> 
     </span>
    </p>
   </div>
   <div class='ocr_carea' id='block_1_81' title="bbox 2153 3376 3751 3452">
    <p class='ocr_par' dir='ltr' id='par_1_81' title="bbox 2153 3376 3751 3452">
     <span class='ocr_line' id='line_1_81' title="bbox 2153 3376 3751 3452; baseline -0.002 -19"><span class='ocrx_word' id='word_1_569' title='bbox 2153 3380 2422 3452; x_wconf 88' lang='grc' dir='ltr'><strong>ραχωρεῖν</strong></span> <span class='ocrx_word' id='word_1_570' title='bbox 2469 3376 2545 3447; x_wconf 80' lang='grc' dir='ltr'><strong>τῷ</strong></span> <span class='ocrx_word' id='word_1_571' title='bbox 2601 3376 2925 3446; x_wconf 79' lang='grc' dir='ltr'><strong>σχολάζοντι</strong></span> <span class='ocrx_word' id='word_1_572' title='bbox 2976 3376 3261 3447; x_wconf 84' lang='grc' dir='ltr'><strong>ἐπισκόπῳ</strong></span> <span class='ocrx_word' id='word_1_573' title='bbox 3303 3377 3630 3447; x_wconf 80' lang='grc' dir='ltr'><strong>ἱερουργεῖν</strong></span> <span class='ocrx_word' id='word_1_574' title='bbox 3671 3383 3751 3442; x_wconf 85' lang='grc' dir='ltr'><strong>εἰς</strong></span> 
     </span>
    </p>
   </div>
   <div class='ocr_carea' id='block_1_82' title="bbox 2153 3470 3751 3543">
    <p class='ocr_par' dir='ltr' id='par_1_82' title="bbox 2153 3470 3751 3543">
     <span class='ocr_line' id='line_1_82' title="bbox 2153 3470 3751 3543; baseline -0.001 -16"><span class='ocrx_word' id='word_1_575' title='bbox 2153 3471 2526 3543; x_wconf 85' lang='grc' dir='ltr'><strong>σχολάζουσαν</strong></span> <span class='ocrx_word' id='word_1_576' title='bbox 2550 3471 2869 3541; x_wconf 79' lang='grc' dir='ltr'><strong>ἐκκλησίαν,</strong></span> <span class='ocrx_word' id='word_1_577' title='bbox 2905 3470 3185 3541; x_wconf 81' lang='grc' dir='ltr'><strong>καθῆσθαι</strong></span> <span class='ocrx_word' id='word_1_578' title='bbox 3212 3471 3269 3524; x_wconf 77' lang='grc' dir='ltr'><strong>δὲ</strong></span> <span class='ocrx_word' id='word_1_579' title='bbox 3303 3473 3399 3524; x_wconf 79' lang='grc' dir='ltr'><strong>καὶ</strong></span> <span class='ocrx_word' id='word_1_580' title='bbox 3455 3474 3541 3536; x_wconf 85' lang='grc' dir='ltr'><strong>εἰς</strong></span> <span class='ocrx_word' id='word_1_581' title='bbox 3588 3476 3751 3527; x_wconf 64' lang='grc' dir='ltr'><strong>αὑτὸν</strong></span> 
     </span>
    </p>
   </div>
   <div class='ocr_carea' id='block_1_83' title="bbox 2152 3560 3749 3636">
    <p class='ocr_par' dir='ltr' id='par_1_83' title="bbox 2152 3560 3749 3636">
     <span class='ocr_line' id='line_1_83' title="bbox 2152 3560 3749 3636; baseline -0.001 -19"><span class='ocrx_word' id='word_1_582' title='bbox 2152 3564 2242 3618; x_wconf 76' lang='grc' dir='ltr'><strong>τὸν</strong></span> <span class='ocrx_word' id='word_1_583' title='bbox 2271 3564 2461 3636; x_wconf 82' lang='grc' dir='ltr'><strong>θρόνον</strong></span> <span class='ocrx_word' id='word_1_584' title='bbox 2495 3562 2687 3633; x_wconf 82' lang='grc' dir='ltr'><strong>αὐτῆς.</strong></span> <span class='ocrx_word' id='word_1_585' title='bbox 2724 3562 2975 3615; x_wconf 81' lang='grc' dir='ltr'><strong>Ἤκουσα</strong></span> <span class='ocrx_word' id='word_1_586' title='bbox 3005 3563 3118 3631; x_wconf 88' lang='grc' dir='ltr'><strong>γάρ</strong></span> <span class='ocrx_word' id='word_1_587' title='bbox 3167 3560 3432 3624; x_wconf 78' lang='grc' dir='ltr'><strong>πολλάκις</strong></span> <span class='ocrx_word' id='word_1_588' title='bbox 3462 3563 3552 3616; x_wconf 85' lang='grc' dir='ltr'><strong>ὅτι</strong></span> <span class='ocrx_word' id='word_1_589' title='bbox 3585 3565 3749 3632; x_wconf 80' lang='grc' dir='ltr'><strong>χρεία</strong></span> 
     </span>
    </p>
   </div>
   <div class='ocr_carea' id='block_1_84' title="bbox 2154 3653 3745 3727">
    <p class='ocr_par' dir='ltr' id='par_1_84' title="bbox 2154 3653 3745 3727">
     <span class='ocr_line' id='line_1_84' title="bbox 2154 3653 3745 3727; baseline -0.001 -17"><span class='ocrx_word' id='word_1_590' title='bbox 2154 3656 2270 3710; x_wconf 71' lang='grc' dir='ltr'><strong>ἐστὶ</strong></span> <span class='ocrx_word' id='word_1_591' title='bbox 2292 3656 2429 3727; x_wconf 77' lang='grc' dir='ltr'><strong>πρὸς</strong></span> <span class='ocrx_word' id='word_1_592' title='bbox 2475 3656 2634 3709; x_wconf 77' lang='grc' dir='ltr'><strong>τοῦτο</strong></span> <span class='ocrx_word' id='word_1_593' title='bbox 2667 3655 2762 3707; x_wconf 76' lang='grc' dir='ltr'><strong>καὶ</strong></span> <span class='ocrx_word' id='word_1_594' title='bbox 2810 3653 3097 3725; x_wconf 80' lang='grc' dir='ltr'><strong>βασιλικῆς</strong></span> <span class='ocrx_word' id='word_1_595' title='bbox 3148 3654 3540 3724; x_wconf 77' lang='grc' dir='ltr'><strong>προστάξεως.</strong></span> <span class='ocrx_word' id='word_1_596' title='bbox 3576 3657 3745 3726; x_wconf 77' lang='grc' dir='ltr'><strong>Ἐρω-</strong></span> 
     </span>
    </p>
   </div>
   <div class='ocr_carea' id='block_1_85' title="bbox 2152 3742 3751 3820">
    <p class='ocr_par' dir='ltr' id='par_1_85' title="bbox 2152 3742 3751 3820">
     <span class='ocr_line' id='line_1_85' title="bbox 2152 3742 3751 3820; baseline -0.003 -18"><span class='ocrx_word' id='word_1_597' title='bbox 2152 3750 2307 3820; x_wconf 87' lang='grc' dir='ltr'><strong>τήσει</strong></span> <span class='ocrx_word' id='word_1_598' title='bbox 2340 3748 2394 3800; x_wconf 86' lang='grc' dir='ltr'><strong>δέ</strong></span> <span class='ocrx_word' id='word_1_599' title='bbox 2424 3764 2530 3813; x_wconf 87' lang='grc' dir='ltr'><strong>τις,</strong></span> <span class='ocrx_word' id='word_1_600' title='bbox 2556 3746 2672 3809; x_wconf 88' lang='grc' dir='ltr'><strong>πῶς</strong></span> <span class='ocrx_word' id='word_1_601' title='bbox 2694 3745 2902 3814; x_wconf 78' lang='grc' dir='ltr'><strong>ὀφείλει</strong></span> <span class='ocrx_word' id='word_1_602' title='bbox 2928 3746 3191 3816; x_wconf 78' lang='grc' dir='ltr'><strong>νοηθῆναι</strong></span> <span class='ocrx_word' id='word_1_603' title='bbox 3217 3745 3277 3798; x_wconf 77' lang='grc' dir='ltr'><strong>τὸ</strong></span> <span class='ocrx_word' id='word_1_604' title='bbox 3305 3742 3455 3798; x_wconf 77' lang='grc' dir='ltr'><strong>εἶναι</strong></span> <span class='ocrx_word' id='word_1_605' title='bbox 3495 3748 3751 3816; x_wconf 53' lang='lat' dir='ltr'><strong>eadem.</strong></span> 
     </span>
    </p>
   </div>
   <div class='ocr_carea' id='block_1_86' title="bbox 2154 3837 3747 3909">
    <p class='ocr_par' dir='ltr' id='par_1_86' title="bbox 2154 3837 3747 3909">
     <span class='ocr_line' id='line_1_86' title="bbox 2154 3837 3747 3909; baseline -0.003 -14"><span class='ocrx_word' id='word_1_606' title='bbox 2154 3858 2248 3895; x_wconf 84' lang='grc' dir='ltr'><strong>τον</strong></span> <span class='ocrx_word' id='word_1_607' title='bbox 2286 3840 2377 3894; x_wconf 77' lang='grc' dir='ltr'><strong>τὸν</strong></span> <span class='ocrx_word' id='word_1_608' title='bbox 2404 3837 2576 3901; x_wconf 78' lang='grc' dir='ltr'><strong>οὕτως</strong></span> <span class='ocrx_word' id='word_1_609' title='bbox 2603 3838 2936 3907; x_wconf 71' lang='grc' dir='ltr'><strong>ἁρπάσαντα</strong></span> <span class='ocrx_word' id='word_1_610' title='bbox 2957 3837 3284 3906; x_wconf 83' lang='grc' dir='ltr'><strong>ἐκκλησίαν;</strong></span> <span class='ocrx_word' id='word_1_611' title='bbox 3315 3837 3424 3890; x_wconf 74' lang='grc' dir='ltr'><strong>Καί</strong></span> <span class='ocrx_word' id='word_1_612' title='bbox 3456 3856 3612 3901; x_wconf 85' lang='grc' dir='ltr'><strong>τινες</strong></span> <span class='ocrx_word' id='word_1_613' title='bbox 3647 3840 3747 3909; x_wconf 69' lang='grc' dir='ltr'><strong>μὲν</strong></span> 
     </span>
    </p>
   </div>
   <div class='ocr_carea' id='block_1_87' title="bbox 2157 3927 3756 4000">
    <p class='ocr_par' dir='ltr' id='par_1_87' title="bbox 2157 3927 3756 4000">
     <span class='ocr_line' id='line_1_87' title="bbox 2157 3927 3756 4000; baseline -0.002 -12"><span class='ocrx_word' id='word_1_614' title='bbox 2157 3930 2311 3989; x_wconf 82' lang='grc' dir='ltr'><strong>εἷπον</strong></span> <span class='ocrx_word' id='word_1_615' title='bbox 2340 3929 2787 4000; x_wconf 85' lang='grc' dir='ltr'><strong>ἐκλαμϐάνεσθαι</strong></span> <span class='ocrx_word' id='word_1_616' title='bbox 2815 3927 2974 3985; x_wconf 81' lang='grc' dir='ltr'><strong>τοῦτο</strong></span> <span class='ocrx_word' id='word_1_617' title='bbox 3019 3929 3101 3992; x_wconf 84' lang='grc' dir='ltr'><strong>είς</strong></span> <span class='ocrx_word' id='word_1_618' title='bbox 3145 3930 3461 3999; x_wconf 78' lang='grc' dir='ltr'><strong>ἀφορισμόν</strong></span> <span class='ocrx_word' id='word_1_619' title='bbox 3490 3946 3507 3960; x_wconf 70' lang='grc'><strong><em>³</em></strong></span> <span class='ocrx_word' id='word_1_620' title='bbox 3542 3932 3675 4000; x_wconf 77' lang='grc' dir='ltr'><strong>ἐμοὶ</strong></span> <span class='ocrx_word' id='word_1_621' title='bbox 3702 3932 3756 3985; x_wconf 67' lang='grc' dir='ltr'><strong>δὲ</strong></span> 
     </span>
    </p>
   </div>
   <div class='ocr_carea' id='block_1_88' title="bbox 2157 4019 3752 4089">
    <p class='ocr_par' dir='ltr' id='par_1_88' title="bbox 2157 4019 3752 4089">
     <span class='ocr_line' id='line_1_88' title="bbox 2157 4019 3752 4089; baseline -0.002 -12"><span class='ocrx_word' id='word_1_622' title='bbox 2157 4023 2305 4077; x_wconf 83' lang='grc' dir='ltr'><strong>δοκεῖ</strong></span> <span class='ocrx_word' id='word_1_623' title='bbox 2353 4022 2432 4086; x_wconf 87' lang='grc' dir='ltr'><strong>είς</strong></span> <span class='ocrx_word' id='word_1_624' title='bbox 2481 4020 2824 4089; x_wconf 76' lang='grc' dir='ltr'><strong>καθαίρεσιν,</strong></span> <span class='ocrx_word' id='word_1_625' title='bbox 2854 4019 2999 4073; x_wconf 80' lang='grc' dir='ltr'><strong>κατά</strong></span> <span class='ocrx_word' id='word_1_626' title='bbox 3036 4021 3165 4081; x_wconf 82' lang='grc' dir='ltr'><strong>τοὺς</strong></span> <span class='ocrx_word' id='word_1_627' title='bbox 3218 4020 3457 4082; x_wconf 85' lang='grc' dir='ltr'><strong>κανόνας</strong></span> <span class='ocrx_word' id='word_1_628' title='bbox 3489 4022 3627 4083; x_wconf 70' lang='grc' dir='ltr'><strong>τοὺς</strong></span> <span class='ocrx_word' id='word_1_629' title='bbox 3662 4021 3752 4074; x_wconf 79' lang='grc' dir='ltr'><strong>λέ-</strong></span> 
     </span>
    </p>
   </div>
   <div class='ocr_carea' id='block_1_89' title="bbox 2159 4109 3757 4184">
    <p class='ocr_par' dir='ltr' id='par_1_89' title="bbox 2159 4109 3757 4184">
     <span class='ocr_line' id='line_1_89' title="bbox 2159 4109 3757 4184; baseline 0 -18"><span class='ocrx_word' id='word_1_630' title='bbox 2159 4130 2357 4183; x_wconf 90' lang='grc' dir='ltr'><strong>γοντας</strong></span> <span class='ocrx_word' id='word_1_631' title='bbox 2406 4109 2790 4180; x_wconf 86' lang='grc' dir='ltr'><strong>καθαιρεῖσθαι</strong></span> <span class='ocrx_word' id='word_1_632' title='bbox 2857 4111 2985 4173; x_wconf 77' lang='grc' dir='ltr'><strong>τοὺς</strong></span> <span class='ocrx_word' id='word_1_633' title='bbox 3048 4109 3182 4181; x_wconf 82' lang='grc' dir='ltr'><strong>παρ’</strong></span> <span class='ocrx_word' id='word_1_634' title='bbox 3232 4111 3450 4179; x_wconf 70' lang='grc' dir='ltr'><strong>ἐνορίαν</strong></span> <span class='ocrx_word' id='word_1_635' title='bbox 3502 4130 3757 4184; x_wconf 82' lang='grc' dir='ltr'><strong>χειροτο-</strong></span> 
     </span>
    </p>
   </div>
   <div class='ocr_carea' id='block_1_90' title="bbox 2162 4201 3757 4274">
    <p class='ocr_par' dir='ltr' id='par_1_90' title="bbox 2162 4201 3757 4274">
     <span class='ocr_line' id='line_1_90' title="bbox 2162 4201 3757 4274; baseline -0.001 -15"><span class='ocrx_word' id='word_1_636' title='bbox 2162 4205 2409 4269; x_wconf 75' lang='grc' dir='ltr'><strong>νοῦντας.</strong></span> <span class='ocrx_word' id='word_1_637' title='bbox 2464 4204 2529 4259; x_wconf 75' lang='lat' dir='ltr'><strong>Et</strong></span> <span class='ocrx_word' id='word_1_638' title='bbox 2581 4203 2689 4273; x_wconf 84' lang='grc' dir='ltr'><strong>γὰρ</strong></span> <span class='ocrx_word' id='word_1_639' title='bbox 2737 4204 2765 4257; x_wconf 87' lang='grc' dir='ltr'><strong>ό</strong></span> <span class='ocrx_word' id='word_1_640' title='bbox 2809 4202 2895 4272; x_wconf 82' lang='grc' dir='ltr'><strong>ἐφ’</strong></span> <span class='ocrx_word' id='word_1_641' title='bbox 2948 4201 3105 4274; x_wconf 74' lang='grc' dir='ltr'><strong>ὕϐρει</strong></span> <span class='ocrx_word' id='word_1_642' title='bbox 3163 4204 3258 4256; x_wconf 81' lang='grc' dir='ltr'><strong>τοῦ</strong></span> <span class='ocrx_word' id='word_1_643' title='bbox 3314 4204 3592 4273; x_wconf 75' lang='grc' dir='ltr'><strong>ἐγχωρίου</strong></span> <span class='ocrx_word' id='word_1_644' title='bbox 3638 4206 3757 4267; x_wconf 68' lang='grc' dir='ltr'><strong>ἐνὸς</strong></span> 
     </span>
    </p>
   </div>
   <div class='ocr_carea' id='block_1_91' title="bbox 2163 4294 3754 4368">
    <p class='ocr_par' dir='ltr' id='par_1_91' title="bbox 2163 4294 3754 4368">
     <span class='ocr_line' id='line_1_91' title="bbox 2163 4294 3754 4368; baseline -0.001 -19"><span class='ocrx_word' id='word_1_645' title='bbox 2163 4295 2464 4368; x_wconf 83' lang='grc' dir='ltr'><strong>ἀρχιερέως</strong></span> <span class='ocrx_word' id='word_1_646' title='bbox 2509 4294 2813 4364; x_wconf 78' lang='grc' dir='ltr'><strong>ἐνεργήσας</strong></span> <span class='ocrx_word' id='word_1_647' title='bbox 2853 4294 3243 4364; x_wconf 82' lang='grc' dir='ltr'><strong>ἀρχιερατικόν</strong></span> <span class='ocrx_word' id='word_1_648' title='bbox 3274 4310 3327 4345; x_wconf 89' lang='grc' dir='ltr'><strong>τι</strong></span> <span class='ocrx_word' id='word_1_649' title='bbox 3358 4294 3721 4364; x_wconf 82' lang='grc' dir='ltr'><strong>καθαιρεῑται</strong></span> <span class='ocrx_word' id='word_1_650' title='bbox 3741 4313 3754 4325; x_wconf 90' lang='grc'>·</span> 
     </span>
    </p>
   </div>
   <div class='ocr_carea' id='block_1_92' title="bbox 482 4380 2037 4459">
    <p class='ocr_par' dir='ltr' id='par_1_92' title="bbox 482 4381 2037 4453">
     <span class='ocr_line' id='line_1_92' title="bbox 482 4381 2037 4453; baseline 0.001 -16"><span class='ocrx_word' id='word_1_651' title='bbox 482 4390 618 4437; x_wconf 82' lang='lat' dir='ltr'><strong>nant</strong></span> <span class='ocrx_word' id='word_1_652' title='bbox 647 4382 789 4436; x_wconf 82' lang='lat' dir='ltr'><strong>ultra</strong></span> <span class='ocrx_word' id='word_1_653' title='bbox 820 4397 950 4437; x_wconf 86' lang='lat' dir='ltr'><strong>suas</strong></span> <span class='ocrx_word' id='word_1_654' title='bbox 975 4382 1266 4437; x_wconf 75' lang='lat' dir='ltr'><strong>dioeceses.</strong></span> <span class='ocrx_word' id='word_1_655' title='bbox 1299 4381 1357 4438; x_wconf 91' lang='lat' dir='ltr'><strong>Si</strong></span> <span class='ocrx_word' id='word_1_656' title='bbox 1383 4382 1551 4449; x_wconf 90' lang='lat' dir='ltr'><strong>enim,</strong></span> <span class='ocrx_word' id='word_1_657' title='bbox 1583 4384 1675 4453; x_wconf 91' lang='lat' dir='ltr'><strong>qui</strong></span> <span class='ocrx_word' id='word_1_658' title='bbox 1709 4383 1775 4439; x_wconf 86' lang='lat' dir='ltr'><strong>ad</strong></span> <span class='ocrx_word' id='word_1_659' title='bbox 1802 4384 2037 4451; x_wconf 88' lang='lat' dir='ltr'><strong>injurian</strong></span> 
     </span>
    </p>
   </div>
   <div class='ocr_carea' id='block_1_93' title="bbox 2143 4380 3759 4459">
    <p class='ocr_par' dir='ltr' id='par_1_93' title="bbox 2170 4382 3759 4459">
     <span class='ocr_line' id='line_1_93' title="bbox 2170 4382 3759 4459; baseline -0.003 -16"><span class='ocrx_word' id='word_1_660' title='bbox 2170 4386 2346 4459; x_wconf 88' lang='grc' dir='ltr'><strong>πολλῷ</strong></span> <span class='ocrx_word' id='word_1_661' title='bbox 2377 4386 2536 4441; x_wconf 85' lang='grc' dir='ltr'><strong>πλέον</strong></span> <span class='ocrx_word' id='word_1_662' title='bbox 2567 4384 2965 4456; x_wconf 81' lang='grc' dir='ltr'><strong>κολασθήσεται</strong></span> <span class='ocrx_word' id='word_1_663' title='bbox 2995 4385 3021 4437; x_wconf 86' lang='grc' dir='ltr'><strong>ό</strong></span> <span class='ocrx_word' id='word_1_664' title='bbox 3056 4383 3151 4436; x_wconf 73' lang='grc' dir='ltr'><strong>ἐπὶ</strong></span> <span class='ocrx_word' id='word_1_665' title='bbox 3199 4382 3352 4455; x_wconf 76' lang='grc' dir='ltr'><strong>ὕϐρει</strong></span> <span class='ocrx_word' id='word_1_666' title='bbox 3399 4384 3625 4449; x_wconf 77' lang='grc' dir='ltr'><strong>τελείας</strong></span> <span class='ocrx_word' id='word_1_667' title='bbox 3668 4403 3759 4439; x_wconf 81' lang='grc' dir='ltr'><strong>συ-</strong></span> 
     </span>
    </p>
   </div>
   <div class='ocr_carea' id='block_1_94' title="bbox 482 4473 2060 4547">
    <p class='ocr_par' dir='ltr' id='par_1_94' title="bbox 482 4473 2060 4547">
     <span class='ocr_line' id='line_1_94' title="bbox 482 4473 2060 4547; baseline 0.003 -18"><span class='ocrx_word' id='word_1_668' title='bbox 482 4475 648 4530; x_wconf 92' lang='lat' dir='ltr'><strong>unius</strong></span> <span class='ocrx_word' id='word_1_669' title='bbox 705 4474 993 4539; x_wconf 90' lang='lat' dir='ltr'><strong>antistitis,</strong></span> <span class='ocrx_word' id='word_1_670' title='bbox 1051 4473 1147 4544; x_wconf 90' lang='lat' dir='ltr'><strong>qui</strong></span> <span class='ocrx_word' id='word_1_671' title='bbox 1196 4482 1281 4530; x_wconf 89' lang='lat' dir='ltr'><strong>est</strong></span> <span class='ocrx_word' id='word_1_672' title='bbox 1332 4474 1389 4529; x_wconf 90' lang='lat' dir='ltr'><strong>in</strong></span> <span class='ocrx_word' id='word_1_673' title='bbox 1445 4476 1694 4547; x_wconf 85' lang='lat' dir='ltr'><strong>regione,</strong></span> <span class='ocrx_word' id='word_1_674' title='bbox 1746 4476 2060 4547; x_wconf 86' lang='lat' dir='ltr'><strong>episcopale</strong></span> 
     </span>
    </p>
   </div>
   <div class='ocr_carea' id='block_1_95' title="bbox 483 4566 2062 4636">
    <p class='ocr_par' dir='ltr' id='par_1_95' title="bbox 483 4566 2062 4636">
     <span class='ocr_line' id='line_1_95' title="bbox 483 4566 2062 4636; baseline -0.001 -16"><span class='ocrx_word' id='word_1_675' title='bbox 483 4567 766 4636; x_wconf 79' lang='lat' dir='ltr'><strong>quidpiam</strong></span> <span class='ocrx_word' id='word_1_676' title='bbox 798 4566 1066 4629; x_wconf 79' lang='lat' dir='ltr'><strong>exercuit,</strong></span> <span class='ocrx_word' id='word_1_677' title='bbox 1112 4566 1454 4636; x_wconf 87' lang='lat' dir='ltr'><strong>deponitur:</strong></span> <span class='ocrx_word' id='word_1_678' title='bbox 1510 4566 1687 4620; x_wconf 90' lang='lat' dir='ltr'><strong>multo</strong></span> <span class='ocrx_word' id='word_1_679' title='bbox 1742 4566 1921 4635; x_wconf 85' lang='lat' dir='ltr'><strong>magis</strong></span> <span class='ocrx_word' id='word_1_680' title='bbox 1963 4581 2062 4635; x_wconf 90' lang='lat' dir='ltr'><strong>pu-</strong></span> 
     </span>
    </p>
   </div>
   <div class='ocr_carea' id='block_1_96' title="bbox 485 4656 2057 4729">
    <p class='ocr_par' dir='ltr' id='par_1_96' title="bbox 485 4656 2057 4729">
     <span class='ocr_line' id='line_1_96' title="bbox 485 4656 2057 4729; baseline 0 -17"><span class='ocrx_word' id='word_1_681' title='bbox 485 4660 691 4721; x_wconf 88' lang='lat' dir='ltr'><strong>nietur,</strong></span> <span class='ocrx_word' id='word_1_682' title='bbox 723 4658 821 4727; x_wconf 90' lang='lat' dir='ltr'><strong>qui</strong></span> <span class='ocrx_word' id='word_1_683' title='bbox 860 4657 928 4711; x_wconf 88' lang='lat' dir='ltr'><strong>ad</strong></span> <span class='ocrx_word' id='word_1_684' title='bbox 970 4656 1227 4725; x_wconf 65' lang='lat' dir='ltr'><strong>perfecta;</strong></span> <span class='ocrx_word' id='word_1_685' title='bbox 1275 4656 1468 4728; x_wconf 86' lang='lat' dir='ltr'><strong>synodi</strong></span> <span class='ocrx_word' id='word_1_686' title='bbox 1508 4656 1763 4729; x_wconf 89' lang='lat' dir='ltr'><strong>injuriam</strong></span> <span class='ocrx_word' id='word_1_687' title='bbox 1793 4657 1900 4711; x_wconf 83' lang='lat' dir='ltr'><strong>tale</strong></span> <span class='ocrx_word' id='word_1_688' title='bbox 1928 4658 2057 4728; x_wconf 90' lang='lat' dir='ltr'><strong>quid</strong></span> 
     </span>
    </p>
   </div>
   <div class='ocr_carea' id='block_1_97' title="bbox 488 4750 2067 4826">
    <p class='ocr_par' dir='ltr' id='par_1_97' title="bbox 488 4750 2067 4826">
     <span class='ocr_line' id='line_1_97' title="bbox 488 4750 2067 4826; baseline 0.001 -20"><span class='ocrx_word' id='word_1_689' title='bbox 488 4753 636 4807; x_wconf 76' lang='lat' dir='ltr'><strong>fecit.</strong></span> <span class='ocrx_word' id='word_1_690' title='bbox 671 4750 838 4823; x_wconf 64' lang='lat' dir='ltr'><strong>M6</strong></span> <span class='ocrx_word' id='word_1_691' title='bbox 885 4750 1038 4821; x_wconf 77' lang='lat' dir='ltr'><strong>Saepe</strong></span> <span class='ocrx_word' id='word_1_692' title='bbox 1073 4753 1365 4821; x_wconf 67' lang='lat' dir='ltr'><strong>quaesitura</strong></span> <span class='ocrx_word' id='word_1_693' title='bbox 1398 4760 1506 4819; x_wconf 89' lang='lat' dir='ltr'><strong>est,</strong></span> <span class='ocrx_word' id='word_1_694' title='bbox 1537 4751 1672 4819; x_wconf 85' lang='lat' dir='ltr'><strong>Quis</strong></span> <span class='ocrx_word' id='word_1_695' title='bbox 1728 4762 1812 4809; x_wconf 90' lang='lat' dir='ltr'><strong>est</strong></span> <span class='ocrx_word' id='word_1_696' title='bbox 1871 4753 1919 4809; x_wconf 89' lang='lat' dir='ltr'><strong>is</strong></span> <span class='ocrx_word' id='word_1_697' title='bbox 1968 4753 2067 4826; x_wconf 90' lang='lat' dir='ltr'><strong>qui</strong></span> 
     </span>
    </p>
   </div>
   <div class='ocr_carea' id='block_1_98' title="bbox 486 4843 2067 4914">
    <p class='ocr_par' dir='ltr' id='par_1_98' title="bbox 486 4843 2067 4914">
     <span class='ocr_line' id='line_1_98' title="bbox 486 4843 2067 4914; baseline -0.001 -13"><span class='ocrx_word' id='word_1_698' title='bbox 486 4856 667 4911; x_wconf 81' lang='lat' dir='ltr'><strong>vacat,</strong></span> <span class='ocrx_word' id='word_1_699' title='bbox 702 4853 758 4900; x_wconf 87' lang='lat' dir='ltr'><strong>et</strong></span> <span class='ocrx_word' id='word_1_700' title='bbox 789 4858 1038 4914; x_wconf 79' lang='lat' dir='ltr'><strong>quamam</strong></span> <span class='ocrx_word' id='word_1_701' title='bbox 1071 4843 1286 4898; x_wconf 88' lang='lat' dir='ltr'><strong>dicatur</strong></span> <span class='ocrx_word' id='word_1_702' title='bbox 1317 4859 1509 4901; x_wconf 86' lang='lat' dir='ltr'><strong>vacare</strong></span> <span class='ocrx_word' id='word_1_703' title='bbox 1540 4843 1783 4899; x_wconf 87' lang='lat' dir='ltr'><strong>Ecclesia</strong></span> <span class='ocrx_word' id='word_1_704' title='bbox 1815 4844 1838 4897; x_wconf 71' lang='lat' dir='ltr'><strong>‘l’</strong></span> <span class='ocrx_word' id='word_1_705' title='bbox 1872 4845 1951 4899; x_wconf 80' lang='lat' dir='ltr'><strong>Ac</strong></span> <span class='ocrx_word' id='word_1_706' title='bbox 1998 4844 2067 4901; x_wconf 87' lang='lat' dir='ltr'><strong>de</strong></span> 
     </span>
    </p>
   </div>
   <div class='ocr_carea' id='block_1_99' title="bbox 486 4934 2066 5007">
    <p class='ocr_par' dir='ltr' id='par_1_99' title="bbox 486 4934 2066 5007">
     <span class='ocr_line' id='line_1_99' title="bbox 486 4934 2066 5007; baseline -0.002 -14"><span class='ocrx_word' id='word_1_707' title='bbox 486 4947 719 4993; x_wconf 80' lang='lat' dir='ltr'><strong>vacante</strong></span> <span class='ocrx_word' id='word_1_708' title='bbox 771 4937 995 5007; x_wconf 89' lang='lat' dir='ltr'><strong>quidem</strong></span> <span class='ocrx_word' id='word_1_709' title='bbox 1066 4936 1301 4991; x_wconf 88' lang='lat' dir='ltr'><strong>ecclesia</strong></span> <span class='ocrx_word' id='word_1_710' title='bbox 1356 4936 1511 4989; x_wconf 90' lang='lat' dir='ltr'><strong>nulla</strong></span> <span class='ocrx_word' id='word_1_711' title='bbox 1577 4934 1678 4989; x_wconf 80' lang='lat' dir='ltr'><strong>fuit</strong></span> <span class='ocrx_word' id='word_1_712' title='bbox 1732 4935 2002 4991; x_wconf 89' lang='lat' dir='ltr'><strong>dubitatio</strong></span> <span class='ocrx_word' id='word_1_713' title='bbox 2049 4949 2066 4990; x_wconf 89' lang='lat'><strong>:</strong></span> 
     </span>
    </p>
   </div>
   <div class='ocr_carea' id='block_1_100' title="bbox 490 5028 2071 5086">
    <p class='ocr_par' dir='ltr' id='par_1_100' title="bbox 490 5028 2071 5086">
     <span class='ocr_line' id='line_1_100' title="bbox 490 5028 2071 5086; baseline -0.001 -1"><span class='ocrx_word' id='word_1_714' title='bbox 490 5047 684 5086; x_wconf 85' lang='lat' dir='ltr'><strong>omnes</strong></span> <span class='ocrx_word' id='word_1_715' title='bbox 716 5030 861 5085; x_wconf 90' lang='lat' dir='ltr'><strong>enim</strong></span> <span class='ocrx_word' id='word_1_716' title='bbox 901 5028 1163 5083; x_wconf 80' lang='lat' dir='ltr'><strong>dixerunt</strong></span> <span class='ocrx_word' id='word_1_717' title='bbox 1200 5042 1319 5082; x_wconf 89' lang='lat' dir='ltr'><strong>eam</strong></span> <span class='ocrx_word' id='word_1_718' title='bbox 1364 5042 1486 5083; x_wconf 89' lang='lat' dir='ltr'><strong>esse</strong></span> <span class='ocrx_word' id='word_1_719' title='bbox 1546 5035 1832 5083; x_wconf 87' lang='lat' dir='ltr'><strong>vacantem</strong></span> <span class='ocrx_word' id='word_1_720' title='bbox 1892 5028 2071 5083; x_wconf 88' lang='lat' dir='ltr'><strong>eccle-</strong></span> 
     </span>
    </p>
   </div>
   <div class='ocr_carea' id='block_1_101' title="bbox 493 5119 2069 5193">
    <p class='ocr_par' dir='ltr' id='par_1_101' title="bbox 493 5119 2069 5193">
     <span class='ocr_line' id='line_1_101' title="bbox 493 5119 2069 5193; baseline 0 -16"><span class='ocrx_word' id='word_1_721' title='bbox 493 5123 657 5189; x_wconf 83' lang='lat' dir='ltr'><strong>siam,</strong></span> <span class='ocrx_word' id='word_1_722' title='bbox 690 5138 811 5193; x_wconf 74' lang='lat' dir='ltr'><strong>qua:</strong></span> <span class='ocrx_word' id='word_1_723' title='bbox 862 5121 1112 5177; x_wconf 89' lang='lat' dir='ltr'><strong>antistite</strong></span> <span class='ocrx_word' id='word_1_724' title='bbox 1164 5122 1355 5175; x_wconf 88' lang='lat' dir='ltr'><strong>orbata</strong></span> <span class='ocrx_word' id='word_1_725' title='bbox 1394 5129 1481 5174; x_wconf 91' lang='lat' dir='ltr'><strong>est</strong></span> <span class='ocrx_word' id='word_1_726' title='bbox 1516 5136 1534 5173; x_wconf 84' lang='lat'><strong>:</strong></span> <span class='ocrx_word' id='word_1_727' title='bbox 1580 5119 1674 5173; x_wconf 88' lang='lat' dir='ltr'><strong>sed</strong></span> <span class='ocrx_word' id='word_1_728' title='bbox 1725 5120 1791 5174; x_wconf 90' lang='lat' dir='ltr'><strong>de</strong></span> <span class='ocrx_word' id='word_1_729' title='bbox 1838 5128 2069 5177; x_wconf 83' lang='lat' dir='ltr'><strong>vacante</strong></span> 
     </span>
    </p>
   </div>
   <div class='ocr_carea' id='block_1_102' title="bbox 493 5209 2073 5283">
    <p class='ocr_par' dir='ltr' id='par_1_102' title="bbox 493 5209 2073 5283">
     <span class='ocr_line' id='line_1_102' title="bbox 493 5209 2073 5283; baseline -0.003 -15"><span class='ocrx_word' id='word_1_730' title='bbox 493 5215 742 5269; x_wconf 77' lang='lat' dir='ltr'><strong>antistite</strong></span> <span class='ocrx_word' id='word_1_731' title='bbox 765 5216 934 5269; x_wconf 89' lang='lat' dir='ltr'><strong>multa</strong></span> <span class='ocrx_word' id='word_1_732' title='bbox 961 5213 1065 5267; x_wconf 81' lang='lat' dir='ltr'><strong>fuit</strong></span> <span class='ocrx_word' id='word_1_733' title='bbox 1082 5212 1484 5283; x_wconf 86' lang='lat' dir='ltr'><strong>controversia,</strong></span> <span class='ocrx_word' id='word_1_734' title='bbox 1513 5218 1567 5263; x_wconf 90' lang='lat' dir='ltr'><strong>et</strong></span> <span class='ocrx_word' id='word_1_735' title='bbox 1589 5209 1795 5279; x_wconf 89' lang='lat' dir='ltr'><strong>placuit</strong></span> <span class='ocrx_word' id='word_1_736' title='bbox 1819 5210 2073 5264; x_wconf 83' lang='lat' dir='ltr'><strong>omnibus</strong></span> 
     </span>
    </p>
   </div>
   <div class='ocr_carea' id='block_1_103' title="bbox 2164 4476 3757 4547">
    <p class='ocr_par' dir='ltr' id='par_1_103' title="bbox 2164 4476 3757 4547">
     <span class='ocr_line' id='line_1_103' title="bbox 2164 4476 3757 4547; baseline -0.004 -11"><span class='ocrx_word' id='word_1_737' title='bbox 2164 4480 2318 4536; x_wconf 84' lang='grc' dir='ltr'><strong>νόδου</strong></span> <span class='ocrx_word' id='word_1_738' title='bbox 2396 4476 2639 4531; x_wconf 79' lang='grc' dir='ltr'><strong>τοιοῦτόν</strong></span> <span class='ocrx_word' id='word_1_739' title='bbox 2712 4494 2767 4529; x_wconf 87' lang='grc' dir='ltr'><strong>τι</strong></span> <span class='ocrx_word' id='word_1_740' title='bbox 2827 4477 3087 4547; x_wconf 85' lang='grc' dir='ltr'><strong>ποιήσας.</strong></span> <span class='ocrx_word' id='word_1_741' title='bbox 3170 4476 3440 4543; x_wconf 75' lang='grc' dir='ltr'><strong>Πολλάκις</strong></span> <span class='ocrx_word' id='word_1_742' title='bbox 3523 4478 3757 4546; x_wconf 72' lang='grc' dir='ltr'><strong>συνεζηο</strong></span> 
     </span>
    </p>
   </div>
   <div class='ocr_carea' id='block_1_104' title="bbox 2163 4568 3755 4639">
    <p class='ocr_par' dir='ltr' id='par_1_104' title="bbox 2163 4568 3755 4639">
     <span class='ocr_line' id='line_1_104' title="bbox 2163 4568 3755 4639; baseline 0 -17"><span class='ocrx_word' id='word_1_743' title='bbox 2163 4570 2303 4639; x_wconf 86' lang='grc' dir='ltr'><strong>τήθη</strong></span> <span class='ocrx_word' id='word_1_744' title='bbox 2339 4568 2478 4638; x_wconf 74' lang='lat'><strong>(50),</strong></span> <span class='ocrx_word' id='word_1_745' title='bbox 2525 4568 2609 4631; x_wconf 89' lang='grc' dir='ltr'><strong>τίς</strong></span> <span class='ocrx_word' id='word_1_746' title='bbox 2654 4568 2803 4621; x_wconf 73' lang='grc' dir='ltr'><strong>ἔστιν</strong></span> <span class='ocrx_word' id='word_1_747' title='bbox 2840 4570 2868 4622; x_wconf 85' lang='grc' dir='ltr'><em>ὁ</em></span> <span class='ocrx_word' id='word_1_748' title='bbox 2916 4568 3214 4639; x_wconf 82' lang='grc' dir='ltr'><strong>σχολάζων,</strong></span> <span class='ocrx_word' id='word_1_749' title='bbox 3243 4570 3337 4620; x_wconf 76' lang='grc' dir='ltr'><strong>καὶ</strong></span> <span class='ocrx_word' id='word_1_750' title='bbox 3374 4568 3514 4622; x_wconf 84' lang='grc' dir='ltr'><strong>ποία</strong></span> <span class='ocrx_word' id='word_1_751' title='bbox 3548 4570 3755 4639; x_wconf 69' lang='grc' dir='ltr'><strong>ἐστὶ·δὴ</strong></span> 
     </span>
    </p>
   </div>
   <div class='ocr_carea' id='block_1_105' title="bbox 2168 4658 3757 4733">
    <p class='ocr_par' dir='ltr' id='par_1_105' title="bbox 2168 4658 3757 4733">
     <span class='ocr_line' id='line_1_105' title="bbox 2168 4658 3757 4733; baseline -0.001 -17"><span class='ocrx_word' id='word_1_752' title='bbox 2168 4660 2528 4733; x_wconf 85' lang='grc' dir='ltr'><strong>σχολάζουσα.</strong></span> <span class='ocrx_word' id='word_1_753' title='bbox 2561 4661 2670 4714; x_wconf 76' lang='grc' dir='ltr'><strong>Καὶ</strong></span> <span class='ocrx_word' id='word_1_754' title='bbox 2700 4661 2826 4732; x_wconf 74' lang='grc' dir='ltr'><strong>περὶ</strong></span> <span class='ocrx_word' id='word_1_755' title='bbox 2861 4659 2960 4731; x_wconf 86' lang='grc' dir='ltr'><strong>μέν</strong></span> <span class='ocrx_word' id='word_1_756' title='bbox 2994 4661 3095 4731; x_wconf 80' lang='grc' dir='ltr'><strong>τῆς</strong></span> <span class='ocrx_word' id='word_1_757' title='bbox 3124 4658 3501 4731; x_wconf 83' lang='grc' dir='ltr'><strong>σχολαζούσης</strong></span> <span class='ocrx_word' id='word_1_758' title='bbox 3533 4664 3757 4730; x_wconf 68' lang='grc' dir='ltr'><strong>οὐδεμία</strong></span> 
     </span>
    </p>
   </div>
   <div class='ocr_carea' id='block_1_106' title="bbox 2173 4752 3755 4825">
    <p class='ocr_par' dir='ltr' id='par_1_106' title="bbox 2173 4752 3755 4825">
     <span class='ocr_line' id='line_1_106' title="bbox 2173 4752 3755 4825; baseline 0.001 -17"><span class='ocrx_word' id='word_1_759' title='bbox 2173 4755 2397 4823; x_wconf 79' lang='grc' dir='ltr'><strong>γέγονεν</strong></span> <span class='ocrx_word' id='word_1_760' title='bbox 2427 4752 2728 4823; x_wconf 84' lang='grc' dir='ltr'><strong>ἀμφιϐολία</strong></span> <span class='ocrx_word' id='word_1_761' title='bbox 2748 4770 2763 4787; x_wconf 90' lang='grc'><strong>·</strong></span> <span class='ocrx_word' id='word_1_762' title='bbox 2808 4754 3009 4817; x_wconf 80' lang='grc' dir='ltr'><strong>πάντες</strong></span> <span class='ocrx_word' id='word_1_763' title='bbox 3042 4753 3152 4824; x_wconf 80' lang='grc' dir='ltr'><strong>γὰρ</strong></span> <span class='ocrx_word' id='word_1_764' title='bbox 3184 4752 3416 4822; x_wconf 78' lang='grc' dir='ltr'><strong>διέγνων</strong></span> <span class='ocrx_word' id='word_1_765' title='bbox 3450 4756 3755 4825; x_wconf 75' lang='grc' dir='ltr'><strong>σχολάζου-</strong></span> 
     </span>
    </p>
   </div>
   <div class='ocr_carea' id='block_1_107' title="bbox 2177 4840 3755 4916">
    <p class='ocr_par' dir='ltr' id='par_1_107' title="bbox 2177 4840 3755 4916">
     <span class='ocr_line' id='line_1_107' title="bbox 2177 4840 3755 4916; baseline 0.001 -17"><span class='ocrx_word' id='word_1_766' title='bbox 2177 4862 2274 4899; x_wconf 83' lang='grc' dir='ltr'><strong>σαν</strong></span> <span class='ocrx_word' id='word_1_767' title='bbox 2302 4840 2444 4898; x_wconf 79' lang='grc' dir='ltr'><strong>εῖναι</strong></span> <span class='ocrx_word' id='word_1_768' title='bbox 2476 4844 2574 4916; x_wconf 77' lang='grc' dir='ltr'><strong>τὴν</strong></span> <span class='ocrx_word' id='word_1_769' title='bbox 2608 4844 2956 4915; x_wconf 84' lang='grc' dir='ltr'><strong>χηρεύουσαν</strong></span> <span class='ocrx_word' id='word_1_770' title='bbox 2996 4845 3299 4916; x_wconf 79' lang='grc' dir='ltr'><strong>ἀρχιερέως</strong></span> <span class='ocrx_word' id='word_1_771' title='bbox 3320 4862 3336 4876; x_wconf 79' lang='grc' dir='ltr'><strong>ο</strong></span> <span class='ocrx_word' id='word_1_772' title='bbox 3391 4848 3530 4916; x_wconf 72' lang='grc' dir='ltr'><strong>περὶ</strong></span> <span class='ocrx_word' id='word_1_773' title='bbox 3565 4848 3625 4900; x_wconf 71' lang='grc' dir='ltr'><strong>δὲ</strong></span> <span class='ocrx_word' id='word_1_774' title='bbox 3670 4845 3755 4900; x_wconf 72' lang='grc' dir='ltr'><strong>τοῦ</strong></span> 
     </span>
    </p>
   </div>
   <div class='ocr_carea' id='block_1_108' title="bbox 2179 4932 3756 5008">
    <p class='ocr_par' dir='ltr' id='par_1_108' title="bbox 2179 4932 3756 5008">
     <span class='ocr_line' id='line_1_108' title="bbox 2179 4932 3756 5008; baseline 0.001 -19"><span class='ocrx_word' id='word_1_775' title='bbox 2179 4937 2528 5008; x_wconf 83' lang='grc' dir='ltr'><strong>σχολάζοντος</strong></span> <span class='ocrx_word' id='word_1_776' title='bbox 2561 4936 2726 5007; x_wconf 83' lang='grc' dir='ltr'><strong>ήρεσε</strong></span> <span class='ocrx_word' id='word_1_777' title='bbox 2756 4936 2890 4989; x_wconf 78' lang='grc' dir='ltr'><strong>πᾶσι</strong></span> <span class='ocrx_word' id='word_1_778' title='bbox 2914 4935 3245 5006; x_wconf 85' lang='grc' dir='ltr'><strong>σχολάζοντα</strong></span> <span class='ocrx_word' id='word_1_779' title='bbox 3279 4932 3422 4990; x_wconf 74' lang='grc' dir='ltr'><strong>εἶναι</strong></span> <span class='ocrx_word' id='word_1_780' title='bbox 3475 4938 3563 5008; x_wconf 76' lang='grc' dir='ltr'><strong>μὴ</strong></span> <span class='ocrx_word' id='word_1_781' title='bbox 3611 4938 3756 4991; x_wconf 67' lang='lat' dir='ltr'><strong>6mi-</strong></span> 
     </span>
    </p>
   </div>
   <div class='ocr_carea' id='block_1_109' title="bbox 2182 5026 3754 5100">
    <p class='ocr_par' dir='ltr' id='par_1_109' title="bbox 2182 5026 3754 5100">
     <span class='ocr_line' id='line_1_109' title="bbox 2182 5026 3754 5100; baseline 0 -19"><span class='ocrx_word' id='word_1_782' title='bbox 2182 5045 2340 5100; x_wconf 87' lang='grc' dir='ltr'><strong>μενον</strong></span> <span class='ocrx_word' id='word_1_783' title='bbox 2372 5026 2630 5081; x_wconf 79' lang='grc' dir='ltr'><strong>ἀπελθεῖν</strong></span> <span class='ocrx_word' id='word_1_784' title='bbox 2677 5028 2758 5091; x_wconf 87' lang='grc' dir='ltr'><strong>είς</strong></span> <span class='ocrx_word' id='word_1_785' title='bbox 2804 5029 2871 5097; x_wconf 78' lang='grc' dir='ltr'><strong>ἦν</strong></span> <span class='ocrx_word' id='word_1_786' title='bbox 2924 5027 3283 5097; x_wconf 82' lang='grc' dir='ltr'><strong>ἐπεκηρύχθη</strong></span> <span class='ocrx_word' id='word_1_787' title='bbox 3315 5029 3655 5099; x_wconf 80' lang='grc' dir='ltr'><strong>ἐκκλησίαν,</strong></span> <span class='ocrx_word' id='word_1_788' title='bbox 3680 5030 3754 5081; x_wconf 66' lang='lat' dir='ltr'><strong>au</strong></span> 
     </span>
    </p>
   </div>
   <div class='ocr_carea' id='block_1_110' title="bbox 2177 5118 3751 5191">
    <p class='ocr_par' dir='ltr' id='par_1_110' title="bbox 2177 5118 3751 5191">
     <span class='ocr_line' id='line_1_110' title="bbox 2177 5118 3751 5191; baseline 0 -16"><span class='ocrx_word' id='word_1_789' title='bbox 2177 5121 2240 5175; x_wconf 82' lang='grc' dir='ltr'><strong>τὸ</strong></span> <span class='ocrx_word' id='word_1_790' title='bbox 2270 5120 2376 5173; x_wconf 83' lang='grc' dir='ltr'><strong>ὑπὸ</strong></span> <span class='ocrx_word' id='word_1_791' title='bbox 2406 5119 2576 5175; x_wconf 85' lang='grc' dir='ltr'><strong>ἐθνῶν</strong></span> <span class='ocrx_word' id='word_1_792' title='bbox 2607 5121 2641 5190; x_wconf 76' lang='grc' dir='ltr'>ἢ</span> <span class='ocrx_word' id='word_1_793' title='bbox 2679 5118 2977 5189; x_wconf 76' lang='grc' dir='ltr'><strong>αἱρετικῶν</strong></span> <span class='ocrx_word' id='word_1_794' title='bbox 3007 5121 3215 5191; x_wconf 85' lang='grc' dir='ltr'><strong>ταύτην</strong></span> <span class='ocrx_word' id='word_1_795' title='bbox 3248 5122 3613 5190; x_wconf 84' lang='grc' dir='ltr'><strong>κατέχεσθαι,</strong></span> <span class='ocrx_word' id='word_1_796' title='bbox 3638 5123 3751 5181; x_wconf 65' lang='grc' dir='ltr'><strong>[τις</strong></span> 
     </span>
    </p>
   </div>
   <div class='ocr_carea' id='block_1_111' title="bbox 2178 5211 3746 5287">
    <p class='ocr_par' dir='ltr' id='par_1_111' title="bbox 2178 5211 3746 5287">
     <span class='ocr_line' id='line_1_111' title="bbox 2178 5211 3746 5287; baseline 0 -20"><span class='ocrx_word' id='word_1_797' title='bbox 2178 5212 2236 5267; x_wconf 83' lang='grc' dir='ltr'><strong>δέ</strong></span> <span class='ocrx_word' id='word_1_798' title='bbox 2267 5211 2598 5283; x_wconf 77' lang='grc' dir='ltr'><strong>κοινωθῆναι</strong></span> <span class='ocrx_word' id='word_1_799' title='bbox 2628 5213 2722 5266; x_wconf 75' lang='grc' dir='ltr'><strong>καὶ</strong></span> <span class='ocrx_word' id='word_1_800' title='bbox 2750 5213 2829 5285; x_wconf 73' lang='grc' dir='ltr'><strong>μή</strong></span> <span class='ocrx_word' id='word_1_801' title='bbox 2866 5214 3315 5287; x_wconf 85' lang='grc' dir='ltr'><strong>παραχωρεῖσθαι</strong></span> <span class='ocrx_word' id='word_1_802' title='bbox 3348 5214 3445 5267; x_wconf 79' lang='grc' dir='ltr'><strong>τὸν</strong></span> <span class='ocrx_word' id='word_1_803' title='bbox 3500 5218 3746 5287; x_wconf 74' lang='grc' dir='ltr'><strong>ἁρχιερέι</strong></span> 
     </span>
    </p>
   </div>
   <div class='ocr_carea' id='block_1_112' title="bbox 1735 5324 2507 5409">
    <p class='ocr_par' dir='ltr' id='par_1_112' title="bbox 1735 5324 2507 5409">
     <span class='ocr_line' id='line_1_112' title="bbox 1735 5324 2507 5409; baseline 0.012 -22"><span class='ocrx_word' id='word_1_804' title='bbox 1735 5324 1925 5388; x_wconf 90' lang='lat' dir='ltr'><strong>Guill.</strong></span> <span class='ocrx_word' id='word_1_805' title='bbox 1962 5328 2285 5409; x_wconf 79' lang='lat' dir='ltr'><strong>Beveregii</strong></span> <span class='ocrx_word' id='word_1_806' title='bbox 2316 5340 2507 5396; x_wconf 53' lang='lat' dir='ltr'><strong>notas.</strong></span> 
     </span>
    </p>
   </div>
   <div class='ocr_carea' id='block_1_113' title="bbox 568 5427 2074 5511">
    <p class='ocr_par' dir='ltr' id='par_1_113' title="bbox 568 5427 2074 5511">
     <span class='ocr_line' id='line_1_113' title="bbox 568 5427 2074 5511; baseline -0.003 -25"><span class='ocrx_word' id='word_1_807' title='bbox 568 5430 1008 5511; x_wconf 59' lang='lat' dir='ltr'><strong>(50)_{Io.l.1dx¢g</strong></span> <span class='ocrx_word' id='word_1_808' title='bbox 1038 5429 1438 5511; x_wconf 61' lang='grc' dir='ltr'><strong>συνεζητήθη.</strong></span> <span class='ocrx_word' id='word_1_809' title='bbox 1474 5428 1599 5483; x_wconf 65' lang='lat' dir='ltr'><strong>Haec</strong></span> <span class='ocrx_word' id='word_1_810' title='bbox 1619 5442 1792 5511; x_wconf 78' lang='lat' dir='ltr'><strong>usque</strong></span> <span class='ocrx_word' id='word_1_811' title='bbox 1823 5427 2074 5511; x_wconf 80' lang='lat' dir='ltr'><strong>adﬁnem</strong></span> 
     </span>
    </p>
   </div>
   <div class='ocr_carea' id='block_1_114' title="bbox 498 5500 2063 5568">
    <p class='ocr_par' dir='ltr' id='par_1_114' title="bbox 498 5500 2063 5568">
     <span class='ocr_line' id='line_1_114' title="bbox 498 5500 2063 5568; baseline -0.003 -13"><span class='ocrx_word' id='word_1_812' title='bbox 498 5500 669 5568; x_wconf 81' lang='lat' dir='ltr'><strong>hujus</strong></span> <span class='ocrx_word' id='word_1_813' title='bbox 693 5501 1033 5556; x_wconf 84' lang='lat' dir='ltr'><strong>Balsamonis</strong></span> <span class='ocrx_word' id='word_1_814' title='bbox 1066 5503 1121 5554; x_wconf 88' lang='lat' dir='ltr'><strong>in</strong></span> <span class='ocrx_word' id='word_1_815' title='bbox 1170 5504 1313 5555; x_wconf 92' lang='lat' dir='ltr'><strong>hunc</strong></span> <span class='ocrx_word' id='word_1_816' title='bbox 1337 5514 1606 5554; x_wconf 87' lang='lat' dir='ltr'><strong>canouem</strong></span> <span class='ocrx_word' id='word_1_817' title='bbox 1650 5500 2063 5567; x_wconf 85' lang='lat' dir='ltr'><strong>interpretatio-</strong></span> 
     </span>
    </p>
   </div>
   <div class='ocr_carea' id='block_1_115' title="bbox 500 5570 2062 5649">
    <p class='ocr_par' dir='ltr' id='par_1_115' title="bbox 500 5570 2062 5649">
     <span class='ocr_line' id='line_1_115' title="bbox 500 5570 2062 5649; baseline -0.001 -26"><span class='ocrx_word' id='word_1_818' title='bbox 500 5571 588 5649; x_wconf 79' lang='lat' dir='ltr'><strong>nis</strong></span> <span class='ocrx_word' id='word_1_819' title='bbox 618 5587 719 5649; x_wconf 75' lang='lat' dir='ltr'><strong>ms.</strong></span> <span class='ocrx_word' id='word_1_820' title='bbox 748 5580 957 5649; x_wconf 31' lang='lat' dir='ltr'><strong>nostro.</strong></span> <span class='ocrx_word' id='word_1_821' title='bbox 982 5571 1280 5649; x_wconf 73' lang='lat' dir='ltr'><strong>Bodleiano</strong></span> <span class='ocrx_word' id='word_1_822' title='bbox 1312 5580 1538 5639; x_wconf 88' lang='lat' dir='ltr'><strong>accepta</strong></span> <span class='ocrx_word' id='word_1_823' title='bbox 1589 5570 1800 5649; x_wconf 74' lang='lat' dir='ltr'><strong>referas</strong></span> <span class='ocrx_word' id='word_1_824' title='bbox 1832 5586 1844 5621; x_wconf 90' lang='lat'><strong>:</strong></span> <span class='ocrx_word' id='word_1_825' title='bbox 1879 5582 2062 5649; x_wconf 74' lang='lat' dir='ltr'><strong>neque</strong></span> 
     </span>
    </p>
   </div>
   <div class='ocr_carea' id='block_1_116' title="bbox 500 5639 2053 5709">
    <p class='ocr_par' dir='ltr' id='par_1_116' title="bbox 500 5639 2053 5709">
     <span class='ocr_line' id='line_1_116' title="bbox 500 5639 2053 5709; baseline -0.001 -14"><span class='ocrx_word' id='word_1_826' title='bbox 500 5640 647 5695; x_wconf 87' lang='lat' dir='ltr'><strong>enim</strong></span> <span class='ocrx_word' id='word_1_827' title='bbox 678 5642 733 5697; x_wconf 92' lang='lat' dir='ltr'><strong>in</strong></span> <span class='ocrx_word' id='word_1_828' title='bbox 785 5642 1086 5699; x_wconf 71' lang='lat' dir='ltr'><strong>l‘arisiensi</strong></span> <span class='ocrx_word' id='word_1_829' title='bbox 1114 5643 1354 5701; x_wconf 86' lang='lat' dir='ltr'><strong>editione</strong></span> <span class='ocrx_word' id='word_1_830' title='bbox 1380 5648 1634 5709; x_wconf 78' lang='lat' dir='ltr'><strong>exstant;</strong></span> <span class='ocrx_word' id='word_1_831' title='bbox 1680 5639 1785 5694; x_wconf 89' lang='lat' dir='ltr'><strong>nisi</strong></span> <span class='ocrx_word' id='word_1_832' title='bbox 1820 5639 1965 5707; x_wconf 90' lang='lat' dir='ltr'><strong>quod</strong></span> <span class='ocrx_word' id='word_1_833' title='bbox 1995 5639 2053 5693; x_wconf 89' lang='lat' dir='ltr'><strong>in</strong></span> 
     </span>
    </p>
   </div>
   <div class='ocr_carea' id='block_1_117' title="bbox 2182 5434 3735 5505">
    <p class='ocr_par' dir='ltr' id='par_1_117' title="bbox 2182 5434 3735 5505">
     <span class='ocr_line' id='line_1_117' title="bbox 2182 5434 3735 5505; baseline 0.001 -17"><span class='ocrx_word' id='word_1_834' title='bbox 2182 5435 2565 5505; x_wconf 88' lang='lat' dir='ltr'><strong>supplemento</strong></span> <span class='ocrx_word' id='word_1_835' title='bbox 2599 5434 2790 5490; x_wconf 83' lang='lat' dir='ltr'><strong>Latina</strong></span> <span class='ocrx_word' id='word_1_836' title='bbox 2824 5449 3014 5491; x_wconf 89' lang='lat' dir='ltr'><strong>eorum</strong></span> <span class='ocrx_word' id='word_1_837' title='bbox 3046 5434 3226 5491; x_wconf 82' lang='lat' dir='ltr'><strong>versio</strong></span> <span class='ocrx_word' id='word_1_838' title='bbox 3253 5450 3283 5487; x_wconf 91' lang='lat' dir='ltr'><strong>a</strong></span> <span class='ocrx_word' id='word_1_839' title='bbox 3318 5435 3606 5493; x_wconf 74' lang='lat' dir='ltr'><strong>Gentiauo</strong></span> <span class='ocrx_word' id='word_1_840' title='bbox 3632 5437 3735 5492; x_wconf 71' lang='lat' dir='ltr'><strong>ﬂer-</strong></span> 
     </span>
    </p>
   </div>
   <div class='ocr_carea' id='block_1_118' title="bbox 2185 5506 3733 5566">
    <p class='ocr_par' dir='ltr' id='par_1_118' title="bbox 2185 5506 3733 5566">
     <span class='ocr_line' id='line_1_118' title="bbox 2185 5506 3733 5566; baseline 0.005 -10"><span class='ocrx_word' id='word_1_841' title='bbox 2185 5515 2308 5557; x_wconf 85' lang='lat' dir='ltr'><strong>veto</strong></span> <span class='ocrx_word' id='word_1_842' title='bbox 2367 5506 2647 5560; x_wconf 90' lang='lat' dir='ltr'><strong>elaborata</strong></span> <span class='ocrx_word' id='word_1_843' title='bbox 2715 5506 3004 5561; x_wconf 87' lang='lat' dir='ltr'><strong>habeatur.</strong></span> <span class='ocrx_word' id='word_1_844' title='bbox 3038 5506 3143 5561; x_wconf 85' lang='lat' dir='ltr'><strong>Sed</strong></span> <span class='ocrx_word' id='word_1_845' title='bbox 3204 5508 3258 5559; x_wconf 89' lang='lat' dir='ltr'><strong>in</strong></span> <span class='ocrx_word' id='word_1_846' title='bbox 3315 5509 3733 5566; x_wconf 66' lang='lat' dir='ltr'><strong>Amerbachiaﬂ</strong></span> 
     </span>
    </p>
   </div>
   <div class='ocr_carea' id='block_1_119' title="bbox 2179 5576 3577 5653">
    <p class='ocr_par' dir='ltr' id='par_1_119' title="bbox 2179 5576 3577 5653">
     <span class='ocr_line' id='line_1_119' title="bbox 2179 5576 3577 5653; baseline 0.006 -24"><span class='ocrx_word' id='word_1_847' title='bbox 2179 5576 2391 5644; x_wconf 85' lang='lat' dir='ltr'><strong>codice,</strong></span> <span class='ocrx_word' id='word_1_848' title='bbox 2423 5591 2727 5653; x_wconf 60' lang='lat' dir='ltr'><strong>nonsecus</strong></span> <span class='ocrx_word' id='word_1_849' title='bbox 2757 5587 2919 5649; x_wconf 86' lang='lat' dir='ltr'><strong>atque</strong></span> <span class='ocrx_word' id='word_1_850' title='bbox 2949 5576 3007 5633; x_wconf 85' lang='lat' dir='ltr'><strong>in</strong></span> <span class='ocrx_word' id='word_1_851' title='bbox 3046 5586 3257 5646; x_wconf 85' lang='lat' dir='ltr'><strong>nostro,</strong></span> <span class='ocrx_word' id='word_1_852' title='bbox 3284 5577 3577 5649; x_wconf 83' lang='lat' dir='ltr'><strong>leguntur.</strong></span> 
     </span>
    </p>
   </div>
  </div>
