3958 6242
258 264 396 333 1321

1313 265 1395 325 ΙΝ
1432 263 1599 325 CAN.
1630 262 1760 325 XVI
1792 260 1999 322 CONC.
2039 260 2099 321 Il
2141 261 2495 323 ANTIOCII.

3338 254 3482 323 332!

261 380 428 437 «66a;
460 373 642 446 βαλεῖν
701 374 760 429 ἐν
819 373 957 446 αὐτῇ
988 389 1002 404 ⁶
1063 370 1154 429 οἶά
1196 375 1327 428 ’ἐστι
1375 376 1618 445 σήμερον
1646 376 1679 445 ἡ
1710 376 1821 427 τῶν

1932 389 2044 427 eum
2082 373 2186 427 dici
2231 387 2446 437 vacare,
2462 371 2575 442 :qui
2603 379 2925 440 non:potest
2952 371 3234 441 proﬁcisci
3259 371 3327 427 ad
3357 388 3477 427 eam

270 467 683 539 Ἱεροσολύμων,
732 466 766 535 ή
817 465 918 536 τῆς
975 465 1323 537 Ἀντιοχείας,
1374 468 1409 537 ἡ
1464 466 1681 537 Ταρσοῦ
1731 467 1827 518 καὶ

263 563 449 631 ἕτεραι
477 576 494 591 ⁶
526 560 594 612 τὰ
621 560 721 629 μὲν
752 558 861 629 γάρ
919 559 1268 631 Ἱεροσόλυμα
1302 559 1640 631 ἐμιάνθησαν
1676 558 1827 627 παρὰ

264 652 438 707 άθέων
501 652 844 723 Ἀγαρηνῶν,
890 653 923 723 ἡ
981 642 1280 723 Ἀντιόχεια
1332 652 1626 723 κατέχεται
1671 653 1828 724 παρὰ

268 746 606 815 πατριάρχου
665 744 985 815 Λατίνου,ἡ
1040 746 1249 814 Ταρσὸς
1298 748 1444 815 παρὰ
1489 745 1823 816 Ἀρμενίων·

264 835 401 897 τινὲς
424 836 479 887 δὲ
522 836 630 889 τῶν
667 836 1171 905 Ἰεροσολυμιτικῶν
1197 835 1526 905 ἐκκλησιῶν,
1563 836 1663 906 τῆς
1708 836 1823 889 Ἀν-

263 929 499 996 τιοχείας
528 928 623 980 καὶ
653 928 749 997 τῆς
777 928 1395 991 Κωνσταντινουπόλεως
1426 928 1489 981 οὐ
1520 927 1825 995 λογίζονται

267 1022 629 1091 σχολάζουσαι
662 1022 749 1075 διὰ
792 1022 853 1073 τὸ
903 1024 1029 1085 τοὺς
1073 1023 1403 1091 ’Ᾱγαρηνοὺς
1435 1024 1529 1075 καὶ
1557 1023 1684 1085 τοὺς
1716 1023 1827 1076 Δα-

258 1113 448 1174 τίνους.
486 1117 838 1183 παραχωρεῖν
879 1117 989 1171 τοῖς
1035 1113 1383 1184 ἀρχιερεῦσιν
1419 1115 1823 1189 ἀρχιερατικῶς

259 1207 574 1276 οἰκονομεῖν
612 1208 709 1269 τὰς
751 1209 957 1271 οἰκείας
1009 1190 1324 1276 ἐκκλησίας,
1364 1208 1461 1260 καὶ
1478 1192 1591 1261 τῶν
1642 1212 1822 1263 ἐκεῖσε

260 1298 431 1351 ὄντων
452 1300 799 1368 Χριστιανῶν
840 1300 1211 1370 προνοεῖσθαι.
1244 1300 1403 1354 Ὅθεν
1453 1303 1547 1354 καὶ
1581 1318 1825 1370 μετακα⁹

262 1389 517 1460 λούμενοι
569 1393 617 1443 οἱ
678 1390 788 1443 τῶν
861 1389 1118 1443 τοιούτων
1177 1390 1484 1458 ἐκκλησιῶν
1546 1393 1824 1463 ἀρχιερεῖς

260 1466 570 1550 ὀφείλουσιν
595 1481 957 1553 ἀπέρχεσθαι.
996 1483 1069 1535 Τὸ
1102 1482 1157 1535 δέ
1182 1483 1421 1537 δίδοσθαι
1448 1500 1598 1537 τισιν
1630 1486 1822 1555 ἀρχιε-

261 1572 440 1644 ρεῦσι,
478 1574 552 1645 μὴ
580 1575 953 1645 σχολάζουσιν,
985 1576 1116 1629 ἀλλὰ
1152 1577 1495 1645 πενομένοις,
1520 1579 1822 1646 ἐκκλησίας
1848 1610 1851 1617 ν

1927 465 2214 520 ecclesiam
2272 466 2325 519 in
2366 479 2529 534 quam
2558 462 2837 517 sull‘ectus
2880 470 2985 528 est,
3038 480 3103 518 eo
3155 465 3299 534 quod
3328 466 3414 521 vel
3445 482 3480 525 ι

1916 556 2182 627 η-εεηιίὺυε
2244 557 2325 610 vel
2378 557 2544 611 etiam
2602 556 2670 610 ab
2732 555 3004 611 haereticis
3046 570 3386 627 occupetur,
3427 572 3483 614 et

1927 651 2161 705 fortasse
2191 650 2354 705 etiam
2388 649 2711 718 profanetur
2749 650 3163 720 communisque
3199 652 3481 717 reddatur,

1920 759 2029 798 nec
2088 743 2304 799 sinatur
2344 743 2572 797 antistes
2609 742 2798 811 pedem
2847 742 2899 797 in
2942 759 3061 799 eam
3104 746 3339 812 inferre,
3384 765 3484 804 co-

1923 836 2164 903 jusmodi
2205 844 2288 888 est
2318 835 2479 888 hodie
2528 834 3013 905 llicrosolymitana
3080 824 3342 903 Ecclesia,
3378 845 3485 894 An-

1927 930 2203 994 tiochena,
2235 926 2547 990 Tarsensis,
2584 938 2640 981 et
2668 928 2804 981 aliae.
2838 926 3212 998 Hierosolyma
3246 932 3390 986 enim
3415 935 3483 986 ah

1929 1023 2109 1093 impiis
2146 1022 2411 1090 Agarcnis
2446 1019 2650 1088 polluta
2674 1029 2823 1085 sunt,
2850 1021 3080 1075 thronus
3110 1022 3485 1078 Antiochenus

1925 1131 1956 1171 a
1994 1114 2305 1186 patriarcha
2338 1113 2532 1166 Latino
2573 1113 2872 1174 detinetur,
2909 1124 2963 1168 et
3015 1113 3221 1171 Tarsus
3260 1119 3328 1170 ab
3384 1120 3487 1171 Ar-

1928 1208 2143 1263 meniis.
2173 1206 2458 1261 Nonnullae
2494 1204 3257 1277 autem.Hierosol-ymorum,
3295 1212 3486 1266 Antio-

1928 1300 2091 1363 chiae,
2111 1306 2165 1352 et
2198 1296 2712 1367 Constantinopolis
2742 1298 2994 1351 ecclesia:
3024 1315 3128 1353 non
3159 1310 3488 1369 reputantur

1928 1405 2142 1452 vacare,
2187 1391 2314 1458 quia
2349 1387 2527 1442 Latini
2558 1400 2610 1442 et
2640 1387 2877 1457 Agareni
2908 1391 3229 1458 permittunt
3273 1394 3489 1448 antisti-

1926 1479 2070 1533 tibus
2104 1495 2233 1533 suas
2263 1477 2528 1533 ecclesias
2555 1478 2942 1547 episCOpaliter
2987 1478 3405 1542 administrare.
3431 1492 3487 1535 ct

1924 1574 2389 1633 Christianorum,
2426 1572 2517 1641 qui
2553 1571 2666 1626 illic
2700 1580 2851 1635 sunt,
2877 1587 3061 1626 curam
3086 1586 3296 1642 gerere.
3331 1570 3487 1628 Unde

260 1666 621 1734 χηρευούσας,
649 1667 962 1734 οἰκονομίας
997 1667 1154 1734 λόγος
1197 1668 1354 1719 ἐστί’
1387 1671 1479 1720 καὶ
1523 1671 1551 1722 6
1585 1669 1766 1721 κανὼν
1796 1671 1823 1720 ὁ

1932 1676 1980 1719 ει
2009 1665 2280 1734 ejusmodi
2324 1665 2686 1718 ecclesiarum
2720 1666 2932 1719 evocati
2970 1662 3248 1718 antistites
3289 1663 3489 1719 debent

260 1753 441 1822 λέγων
499 1759 599 1827 τὴν
656 1758 1023 1827 σχολάζουσαν
1074 1758 1152 1828 τῷ
1206 1759 1518 1828 σχολάζοντι
1582 1760 1822 1813 δίδοσθαι

259 1850 449 1920 χώραν
483 1850 582 1902 οὐκ
607 1849 740 1918 ἔχει.
776 1849 866 1902 Διὸ
899 1849 994 1903 καὶ
1025 1852 1073 1904 ul
1120 1852 1411 1915 συνοδικῶς
1444 1852 1816 1923 ἐγχωροῦντες

254 1942 535 2012 καθῆσθαι
563 1944 644 2007 εἰς
677 1942 739 1995 τὸ
768 1941 1061 2013 σύνθρονον
1106 1945 1203 2015 τῆς
1236 1944 1375 1998 κατὰ
1411 1944 1569 2012 λόγον
1618 1948 1826 2000 οἰκονο-

260 2037 391 2099 μίας
460 2035 747 2105 διδομένης
829 2037 937 2089 τινὶ
1001 2038 1301 2106 ἐκκλησίας
1364 2039 1716 2092 ἀκανόνιστόν
1772 2057 1824 2092 τι

250 2128 493 2197 πρᾶγμα
513 2129 725 2180 ποιοῦσι
757 2128 849 2181 καὶ
872 2129 1243 2197 ἀσύγγωστον.
1267 2131 1389 2193 Τοῖς
1413 2132 1518 2202 γάρ
1543 2134 1827 2203 σχολάζου-

257 2234 348 2269 σιν
379 2219 583 2285 ὀφείλει
611 2219 846 2272 δίδοσθαι
873 2220 1085 2289 θρόνος,
1119 2223 1179 2275 οὺ
1213 2223 1309 2292 μὲν
1338 2226 1450 2286 τοῖς
1485 2208 1671 2294 ἔχουσι
1701 2225 1823 2294 θρό-

256 2322 350 2359 νον
381 2309 783 2379 άρχιερατικόν.
812 2310 908 2376 Διὰ
935 2311 1042 2381 γὰρ
1066 2312 1223 2366 τοῦτο
1252 2316 1345 2368 καὶ
1392 2317 1423 2367 6
1467 2317 1566 2384 μὲν
1606 2316 1822 2386 λαμϐά-

258 2414 373 2451 νων
447 2400 821 2468 σχολάζουσαν
904 2404 1202 2471 ἐκκλησίαν
1275 2407 1567 2477 ἀρχιερεὺς
1638 2409 1875 2464 οὐκέτιι

254 2490 510 2545 καλεῖται
558 2492 879 2558 ἐπίσκοπος,
910 2496 991 2557 εἰς
1022 2495 1092 2564 ἣν
1123 2496 1499 2569 ἐπεκηρύχθη,
1530 2499 1825 2570 ἐκκλησίας

254 2580 501 2650 πρῶτον,
533 2581 670 2635 ἀλλὰ
702 2582 802 2648 τῆς
850 2584 1099 2654 δοθείσης
1125 2586 1273 2657 αὐτῷ
1304 2589 1673 2662 σχολαζούσης
1701 2609 1715 2623 ·
1749 2594 1824 2657 ὡς

252 2673 284 2725 ὁ
332 2675 511 2742 μέγας
555 2676 818 2744 Θεολόγος
888 2678 1187 2749 Γρηγόριος
1230 2681 1414 2734 οὐκέτι
1467 2684 1671 2754 ἐκλήθη
1718 2686 1827 2740 Να-

254 2764 504 2829 ζιανζοῦ,
542 2766 679 2820 ἀλλὰ
724 2769 1348 2835 Κωνσταντινουπόλεως
1374 2790 1390 2806 ⁸
1441 2776 1562 2829 οὐδὲ
1586 2778 1612 2828 6
1652 2795 1829 2847 χειρο-

251 2857 507 2923 τονηθεὶς
563 2858 852 2929 προσεχῶς
892 2861 982 2923 είς
1025 2862 1342 2932 Ἀμάσειαν,
1376 2867 1826 2936 καὶ”μετατεθεὶς

251 2949 344 3027 είς
372 2949 747 3018 Κερασοῦντα,
780 2950 869 3004 διά
911 2952 972 3005 τὸ
1002 2953 1451 3025 ἀποκαταστῆναι
1489 2959 1582 3012 τὸν
1615 2977 1823 3031 προκας

1924 1757 2219 1828 proficisci.
2258 1756 2410 1821 Quod
2442 1764 2621 1810 autem
2660 1756 2861 1827 dantur
2904 1755 3229 1825 quibusdam
3270 1757 3488 1809 antisti-

1925 1851 2073 1904 tibus
2103 1864 2210 1903 non
2250 1847 2594 1913 vacantibus,
2622 1847 2713 1901 sed
2743 1856 3068 1925 paupertate
3090 1847 3491 1909 laborantibus,

1925 1944 2129 1997 orbata:
2177 1955 2272 1995 seu
2312 1947 2567 1993 vacantes
2614 1938 2884 2004 ecclesiae,
2926 1948 3013 1995 est
3064 1939 3492 2010 dispensationis

1924 2036 2064 2089 ratio
2095 2052 2109 2085 :
2141 2045 2194 2089 et
2220 2047 2415 2098 canon,
2471 2032 2561 2101 qui
2591 2031 2729 2086 dicit
2759 2041 3045 2088 vacantem
3082 2033 3318 2088 dandam
3369 2049 3492 2089 esse
3520 2048 3527 2053 ·

1924 2128 2161 2190 vacanti,
2195 2127 2370 2180 locum
2398 2140 2505 2179 non
2539 2125 2722 2179 habet.
2749 2124 2811 2178 Et
2849 2126 2992 2189 ideo,
3019 2127 3114 2196 qui
3158 2126 3494 2200 synodaliter

1922 2222 2249 2291 permittunt
2280 2218 2540 2286 cuipiam,
2574 2225 2636 2270 ut
2675 2216 2853 2285 possit
2882 2215 3045 2272 etiam
3090 2217 3143 2271 in
3188 2217 3315 2272 sede
3346 2217 3492 2272 illius

1924 2311 2194 2369 ecclesiae.
2224 2324 2386 2377 quam
2440 2308 2864 2375 dispensationis
2912 2310 3123 2363 ratione
3153 2310 3256 2364 sibi
3310 2308 3491 2363 datam

1926 2402 2106 2467 hab’et,
2141 2403 2354 2465 sedere,
2391 2401 2602 2455 faciunt
2654 2410 2847 2455 contra
2898 2416 3160 2456 canonem
3219 2417 3352 2464 rem,
3405 2403 3492 2455 cui

1924 2495 2079 2551 venia
2115 2494 2289 2548 danda
2318 2509 2423 2545 non
2452 2502 2536 2546 est
2564 2509 2578 2545 :
2611 2492 2677 2546 iis
2706 2492 2875 2551 enim.
2920 2491 3013 2560 qui
3069 2500 3286 2557 vacant,
3336 2493 3495 2548 debet

1923 2586 2041 2640 dari
2076 2585 2339 2647 thronus;
2374 2598 2480 2635 non
2513 2572 2714 2636 autem
2771 2582 2862 2645 iis,
2912 2583 3004 2651 qui
3055 2583 3259 2638 habent
3308 2586 3491 2638 sedem

1921 2678 2307 2749 episcopalem.
2332 2674 2627 2744 Propterea
2664 2674 2807 2727 enim
2856 2683 2908 2728 et
2950 2674 3199 2738 antistes,
3253 2676 3346 2746 qui
3398 2691 3490 2730 va.

1923 2781 2139 2825 cantem
2199 2769 2398 2837 accipit
2450 2766 2761 2831 ecclesiam,
2824 2781 2931 2820 non
2971 2768 3206 2834 amplius
3266 2776 3496 2822 vocatur

1921 2864 2211 2932 episc0pns
2244 2860 2392 2915 illius
2425 2858 2690 2923 ecclesiae,
2725 2859 2776 2911 in
2809 2873 2973 2927 qttam
3019 2860 3255 2929 primum
3288 2875 3494 2915 renun-

1925 2956 2092 3009 tiatus
2122 2961 2227 3016 est,
2253 2954 2345 3007 sed
2373 2952 2514 3020 ejus,
2560 2966 2680 3019 qua:
2736 2951 2810 3003 illi
2865 2960 2923 3004 ut
2984 2965 3185 3007 vacans
3233 2952 3358 3005 data
3386 2964 3491 3013 est,

246 3040 579 3111 θαιρεθὲντα
642 3043 962 3113 Ἀμασείας,
1017 3048 1200 3101 οὐκέτι
1248 3050 1451 3122 ἐκλήθη
1499 3052 1820 3123 Ἀμασείας,

1932 3042 2386 3114 quemadmodum
2420 3057 2649 3111 magnus
2680 3040 2991 3111 Theologns
3044 3039 3337 3112 Gregorius
3385 3056 3494 3095 non

253 3132 395 3187 ἀλλά
432 3134 829 3205 Κερασοῦντος.
893 3137 953 3191 Ὀ
1002 3137 1059 3192 δὲ
1114 3140 1600 3208 Κλαυδιουπόλεως
1646 3145 1826 3200 λαϐὼν

254 3225 364 3293 τὴν
425 3225 564 3279 ἰδίαν
600 3227 948 3299 ἐπισκοπὴν,
986 3229 1087 3303 τὴν
1144 3233 1413 3307 Ποντικὴν
1463 3235 1825 3307 Ἡράκλειαν,

255 3316 337 3380 ὡς
366 3318 762 3387 σχολάζουσαν,
792 3323 890 3375 καὶ
932 3321 1269 3394 ἐγχωρηθείς
1315 3327 1585 3397 καθῆσθαι
1620 3332 1699 3394 εἰς
1730 3332 1822 3385 τὸν
1877 3378 1882 3383 .

256 3404 552 3476 σύνθρονον
602 3409 800 3479 αὐτῆς,
850 3410 998 3473 ὅπως
1061 3413 1310 3467 καλεῖται
1349 3415 1829 3484 Κλαυδιουπόλεως

258 3499 474 3573 ἀντορῶτ

1925 3138 2161 3208 amplius
2192 3136 2368 3192 dictus
2403 3151 2481 3190 est
2516 3133 2920 3199 Nazianzenus,
2964 3134 3061 3189 sed
3092 3133 3497 3190 Constantino-

1923 3231 2203 3302 politanus
2252 3229 2571 3298 episcopus,
2614 3241 2713 3281 nec
2762 3227 2855 3295 qui
2912 3226 3160 3295 proxime
3211 3227 3497 3281 ordinatus

1924 3335 2009 3380 est
2032 3323 2096 3378 ad
2137 3323 2450 3382 Amaseam,
2475 3329 2528 3373 et
2558 3319 2613 3372 in
2643 3319 3003 3373 Ceras-untem
3029 3320 3345 3383 translatus,
3372 3318 3496 3387 quia

1925 3416 2018 3486 qui
2037 3415 2186 3484 prius
2201 3412 2378 3467 fuerat
2397 3410 2700 3480 depositus,
2715 3411 3237 3475 estrestitutus,non
3255 3413 3499 3464 Amaseae

1926 3511 2224 3579 episcopus
2259 3514 2483 3559 vocatus
2512 3510 2621 3565 est,
2666 3502 2761 3557 sed
2804 3501 3143 3556 Cerasuntis.
3170 3501 3500 3570 Claudiopo-

263 3594 467 3649 litanus
505 3605 683 3650 autem
728 3599 1005 3667 proprium
1056 3600 1451 3670 episcOpatum.
1496 3602 1818 3661 Heracleam
1860 3606 2165 3665 Ponticam,
2211 3609 2268 3655 ut
2304 3608 2589 3653 vacantem
2618 3596 2865 3666 adeptus,
2935 3603 2990 3650 et
3044 3596 3099 3650 itt
3146 3595 3195 3651 ei
3281 3606 3501 3666 quoque

262 3689 557 3758 conjuncta
587 3692 712 3745 sede
741 3693 929 3746 sedere
963 3693 1290 3760 permissus,
1345 3698 1622 3763 quomodo
1667 3698 2177 3772 ClaudiOpolitanus
2209 3692 2522 3764 appellatur
2559 3690 2774 3746 nescio.
2822 3746 2827 3750 ,

336 3781 579 3834 ΖΩΝΑΡ.
614 3783 897 3851 Σχολάζων
943 3785 1093 3837 ἐστ-ἰν
1141 3785 1461 3851 ἐπίσκοπος,
1493 3790 1519 3842 ὁ
1570 3791 1645 3859 μὴ
1684 3791 1825 3860 ἔχων

266 3871 584 3941 ἐκκλησίαν,
616 3873 651 3943 ,ἣ
687 3874 790 3928 ὑπὸ
834 3874 1007 3926 ἐθνῶν
1058 3877 1463 3947 κρατουμένην,
1506 3879 1541 3948 ἢ
1589 3881 1691 3932 ὑπὸ
1726 3881 1822 3936 τοῦ

264 3962 393 4016 λαοῦ
420 3966 517 4034 τῆς
546 3964 750 4028 πόλεως
773 3958 885 4039 ὲνῇ
916 3967 1327 4036 ἐχειροτονήθη,
1363 3970 1436 4038 μὴ
1469 3970 1701 4039 δεχθεὶς,
1725 3974 1825 4026 οὐκ

263 4055 430 4108 αὑτοῦ
465 4055 645 4118 δόντος
688 4057 891 4123 αἰτίαν,
938 4059 1053 4110 ἀλλ’
1100 4060 1508 4131 ἁτακτήσαντος
1547 4063 1642 4115 τοῦ
1675 4064 1825 4120 λαοῦ.

261 4148 609 4217 Σχολάξουσα
644 4149 687 4201 δ’
720 4150 869 4202 ἔστιν
902 4151 1163 4219 ἐκκλησία
1212 4152 1245 4222 ἡ
1278 4152 1352 4220 μὴ
1380 4152 1578 4222 ἔχουσα
1606 4157 1829 4209 ἐπίσκο-

261 4256 383 4292 πον.
423 4240 485 4292 Εἰ
513 4239 640 4307 γοῦν
662 4240 933 4309 σχολάζων
948 4241 1245 4302 ἐπίσκοπος
1285 4242 1527 4295 ἐπελθὼν
1554 4244 1823 4316 ἐκκλησίᾳ

2002 3785 2255 3849 ΖΟΝΑΒ.
2291 3784 2507 3839 Vacans
2535 3783 2822 3853 episcopus
2853 3782 2942 3836 ille
2974 3791 3078 3847 est,
3105 3784 3197 3851 qui
3245 3784 3331 3839 vel
3375 3786 3499 3839 nul.

1930 3884 2060 3945 lius,
2094 3881 2173 3935 vel
2203 3886 2482 3946 occupatae
2513 3891 2542 3929 a
2590 3876 2843 3944 gentibns
2890 3862 3157 3941 ecclesias,
3208 3875 3500 3945 praefectus

1930 3985 2038 4040 cat,
2087 3972 2170 4025 vel
2212 3986 2239 4023 a
2271 3970 2468 4039 populo
2490 3967 2608 4037 ejus
2636 3967 2808 4031 urbis,
2865 3968 2949 4020 cui
2999 3966 3158 4021 datus
3207 3968 3499 4038 episcopus

1933 4067 2057 4128 fuit,
2090 4063 2239 4117 nullo
2271 4061 2440 4130 ipsius
2465 4060 2617 4125 vitio,
2654 4058 2748 4115 sed
2794 4058 2907 4113 sola
2958 4059 3141 4128 populi
3194 4059 3497 4127 pervicacia

1934 4149 2233 4221 exclusus:
2265 4168 2470 4206 vacans
2522 4166 2682 4222 porro
2722 4152 2949 4204 ecclesia
3004 4158 3107 4214 est,
3160 4165 3279 4218 quae
3310 4150 3501 4220 praefe-

1935 4258 2079 4303 ctum
2115 4247 2221 4301 sibi
2258 4246 2575 4315 episcopum
2646 4258 2756 4296 non
2794 4242 2976 4297 habet.
3033 4242 3087 4297 Si
3145 4257 3273 4312 ergo
3304 4257 3503 4298 vacans

264 4332 598 4405 σχολαζούσῃ
648 4336 885 4403 ἁρπάσει
933 4334 1024 4383 τὸν
1073 4334 1261 4402 θρόνον
1303 4335 1495 4403 αὐτῆς,
1538 4337 1643 4389 κᾶν
1671 4339 1700 4389 6
1728 4339 1828 4406 τῆς

1935 4342 2225 4410 episcopus
2253 4347 2536 4391 vacantem
2573 4335 2858 4391 ecclesiam
2904 4335 3195 4399 invadens,
3244 4336 3499 4389 thronum

261 4426 469 4484 πόλεως
494 4424 857 4492 ἐκείνηςολαὸς
902 4423 1106 4495 θελήσῃ
1152 4425 1338 4489 αὐτὸν,
1371 4427 1675 4497 ἀπόϐλητος
1711 4429 1831 4481 ἔσει

259 4533 372 4581 ται,
400 4519 451 4569 εἰ
498 4516 579 4587 μὴ
626 4516 847 4578 σύνοδος
891 4516 1072 4568 τελεία
1123 4516 1221 4588 τὴν
1264 4518 1632 4586 σχολάζουσαν
1683 4520 1831 4592 αὐτῷ

1941 4434 2089 4487 illius
2116 4432 2434 4499 occuparit;
2461 4428 2710 4497 quamvis
2741 4427 2891 4480 illum
2923 4428 3153 4495 populus
3185 4427 3318 4497 ejus.
3349 4430 3499 4483 urbis

1938 4525 2258 4591 episwpum
2298 4519 2498 4573 habere
2523 4518 2671 4577 velit.
2703 4515 2809 4570 nisi
2843 4524 3022 4569 tamen
3057 4516 3230 4569 eidem
3263 4515 3503 4585 perfecta

260 4608 560 4674 ἐκκλησίαν
613 4606 929 4675 ψηφίσεται.
969 4605 1184 4677 Ἑκείνη
1214 4606 1272 4659 δὲ
1321 4606 1504 4661 τελεία
1556 4607 1828 4677 λογίζεται

1932 4616 2179 4684 synodus
2230 4620 2512 4665 vacantem
2572 4608 2716 4661 illam
2766 4608 3053 4662 ecclesiam
3125 4609 3344 4661 decreto
3402 4598 3519 4661 suo

263 4699 498 4761 σύνοδος,
528 4694 562 4775 ᾗ
596 4701 687 4753 καί
712 4701 739 4751 6
786 4699 1187 4769 μητροπολίτης
1238 4699 1336 4770 τῆς
1387 4701 1653 4771 ἐπαρχίας
1692 4719 1831 4771 συμ‹

1938 4705 2289 4776 adjudicarit,
2322 4701 2389 4757 ab
2416 4700 2557 4755 illius
2586 4699 2830 4757 ecclesiae
2878 4698 3354 4754 administratione
3389 4715 3506 4752 om-

256 4794 525 4862 πάρεστιν
547 4812 562 4827 ο
595 4795 735 4848 ὥστε
780 4793 992 4855 τελείας
1034 4794 1254 4847 συνόδου
1284 4794 1670 4865 ψηφισαμένης
1699 4795 1828 4848 δίδο-

1935 4798 2063 4851 nino
2095 4794 2279 4864 repelli
2307 4794 2501 4861 placet.
2540 4788 2785 4847 Perfecta
2817 4803 2945 4842 vero
2978 4787 3224 4857 synodus
3265 4803 3326 4840 ea
3385 4788 3502 4842 cxi-

150 4944 155 4945 ,
257 4887 386 4940 σθαι
420 4886 497 4956 τῷ
520 4885 835 4956 σχολάζοντι
861 4885 958 4954 τὴν
988 4885 1355 4954 σχολάζουσαν
1384 4886 1633 4943 δυνατόν.

1936 4889 2215 4948 stimatur,
2251 4886 2339 4939 cui
2375 4882 2666 4953 provincia:
2694 4878 3503 4949 metropolitanusinterfuerit;

260 4989 324 5033 ut
358 4980 603 5049 proinde,
629 4978 673 5031 si
701 4978 752 5031 id
780 4979 1021 5049 synodus
1054 4976 1293 5047 perfecta
1322 4979 1647 5045 decreverit,
1688 4980 1820 5034 nihil
1862 4981 2039 5036 obStet
2069 4979 2365 5050 quominus
2411 4992 2609 5032 vacans
2654 4975 2888 5029 ecclesia
2968 4974 3225 5041 episcopo
3292 4964 3503 5026 vacantl

263 5074 535 5143 assignari
565 5083 747 5142 queat.

264 5168 487 5222 ΔΡΙΣΤ.
557 5187 575 5219 ι
632 5168 689 5220 '0
723 5170 848 5238 δίχα
896 5168 1113 5221 συνόδου
1170 5167 1381 5230 τελείας
1418 5166 1508 5219 καὶ
1532 5164 1697 5219 αὑτοῦ
1730 5164 1827 5218 τοῦ

339 5278 358 5311 t
408 5260 812 5329 μητροπολίτου
844 5261 935 5312 ἐπὶ
969 5260 1335 5329 σχολάζουσαν
1385 5257 1683 5326 ἐκκλησίαν
1709 5258 1830 5309 ἐπι-

340 5371 357 5402 ι
406 5352 611 5422 πηδῶν,
636 5354 738 5406 κᾶν
834 5352 1130 5423 σχολάζων,
1164 5351 1486 5420 ἀπόϐλητος.
1527 5370 1546 5403 ι

334 5446 438 5499 Τὸν
475 5446 576 5515 μὲν
611 5444 943 5515 σχολάζοντα
984 5445 1282 5498 ἐπίσκοπον
1333 5444 1412 5506 εἰς
1457 5441 1829 5512 σχολάζουσαν

1934 5161 2163 5218 ARIST.
2204 5180 2221 5212 ι
2262 5160 2363 5226 Qui
2390 5160 2507 5214 sine
2536 5157 2742 5228 synodo
2775 5154 3038 5226 perfecta,
3071 5163 3124 5205 et
3158 5155 3272 5221 ipso
3301 5162 3506 5206 metro-

2017 5275 2032 5305 ι
2084 5254 2323 5322 politano
2400 5250 2451 5303 in
2521 5260 2800 5329 vacantem
2870 5246 3161 5300 ecclesiam
3245 5245 3506 5309 transilit,

2012 5362 2031 5394 ι
2075 5341 2291 5397 etiamsi
2322 5340 2436 5409 ipse
2470 5341 2543 5394 sit
2570 5353 2796 5401 vacans,
2828 5335 3128 5405 ejiciendus
3159 5342 3263 5388 est.
3305 5352 3325 5386 ι

2012 5434 2305 5489 Vacantem
2340 5433 2557 5502 quidem
2590 5431 2904 5499 episcopum
2944 5430 2998 5481 in
3029 5430 3245 5481 vacanti
3275 5427 3507 5483 ecclesia

262 5536 562 5606 ἐκκλησίαν
606 5536 962 5589 καθίστασθαι
988 5536 1135 5604 παρὰ
1184 5528 1400 5586 συνόδου
1430 5532 1657 5596 τελείας,
1687 5549 1828 5602 παρ-

1934 5542 1965 5581 a
2000 5526 2245 5597 perfecta
2268 5522 2501 5596 synodo,
2524 5531 2787 5593 praesente
2811 5530 2864 5575 et
2893 5521 3207 5590 metropolis
3232 5521 3512 5590 episc0po,

268 5629 423 5691 όντος
454 5631 546 5681 καὶ
575 5627 668 5680 τοῦ
703 5628 801 5697 τῆς
836 5627 1226 5698 μητροπόλεως
1272 5624 1595 5685 ἐπισκόπου,
1632 5624 1659 5675 6
1689 5640 1828 5692 παρ-

1934 5614 2217 5680 constitui,
2256 5628 2497 5686 praesens
2546 5627 2723 5667 canon
2781 5613 3066 5677 permittit,
3103 5628 3209 5666 non
3252 5624 3430 5666 autent
3481 5627 3510 5665 a

276 5718 354 5774 ὼν
385 5720 567 5774 κανὼν
593 5720 960 5790 παραδέχεται
1009 5736 1022 5749 σ
1056 5719 1130 5786 μὴ
1179 5718 1363 5785 μέντοι
1402 5730 1464 5783 γε
1493 5714 1584 5783 ἀφ’
1617 5712 1832 5780 ἑαυτοῦ,

483 5817 758 5878 Parnm.
795 5816 915 5875 Gn.
948 5809 1305 5873 CXXXV”.

1939 5714 2145 5783 scipso,
2199 5708 2414 5766 etiamsi
2449 5722 2479 5762 a
2514 5717 2628 5763 tcto
2682 5707 2879 5780 populo
2939 5709 3195 5761 thronum
3247 5720 3510 5778 usurpare

3001 5798 3075 5857 42
