3958 6242
278 273 406 358 mea

348 431 364 463 ι
401 411 476 470 εἰς
505 406 572 478 ἣν
607 404 990 477 ἐχειροτονῇοη
1019 403 1336 466 ἐπίσκοπος,
1357 399 1417 453 οὐ
1458 398 1546 451 διὰ
1571 388 1671 466 τὴν
1703 396 1825 447 ἐαυ⁸
1856 399 1898 454 Α

346 521 364 553 ι
401 499 490 552 τοῦ
531 497 731 560 αἰτίαν,
755 495 873 548 ἀλλ’
915 494 1145 565 ἡτοιδιὰ
1187 493 1291 563 τὴν
1337 491 1433 543 τοῦ
1475 489 1604 542 λαοῦ
1637 485 1838 557 παραί-

346 610 364 642 ι
397 587 627 660 τησιν,ἢ
658 585 726 638 δι’
756 584 951 654 ἑτέραν
983 582 1167 636 αἰτίαν
1206 584 1306 634 οὐκ
1339 579 1398 644 ἐξ
1424 575 1588 630 αὑτοῦ
1614 574 1842 656 γενομέ-

346 699 364 730 ‹
401 696 496 746 νην
527 693 542 706 ⁸
562 677 746 730 τοῦτον
779 674 1025 743 μετέχειν
1045 672 1142 741 τῆς
1170 671 1336 738 τιμῆς
1356 669 1449 719 καὶ
1481 668 1578 735 τῆς
1604 663 1841 730 λειτουρ-
1883 682 1887 686 ·

345 787 363 820 ι
398 768 538 836 γίας,
585 769 745 836 μόνον
771 765 935 836 μηδὲν
959 760 1394 833 παρενοχλοῦντα
1415 760 1525 818 τοῖς
1550 755 1842 824 πράγμασι

341 877 359 910 ι
396 860 493 927 τῆς
525 859 842 929 ἐκκλησίας,
876 856 1002 908 ἔνθα
1032 855 1096 908 ἂν
1153 853 1456 919 συνάγοι-ιο.
1494 846 1841 918 Ἐκδέχεσθαι

340 969 358 1002 ι
390 951 446 1004 δὲ
472 951 681 1015 τοῦτον,
718 950 752 1002 δ»
779 949 844 1003 ἂν
875 951 907 1019 ἡ
933 950 1031 1018 τῆς
1063 947 1330 1018 ἐπαρχίας
1389 942 1572 999 τελεία
1623 939 1839 1002 σύνοδος

346 1062 363 1093 ι
400 1044 634 1112 κρίνασα
656 1043 718 1095 τὸ
749 1041 1154 1112 παριστάμενον
1185 1039 1400 1108 ὁρίσῃ.)

338 1137 537 1190 ΒΑΛΣ.
597 1137 679 1188 Ἐν
707 1135 804 1204 μὲν
833 1134 912 1204 τῷ
947 1135 1010 1198 ιζ’
1033 1132 1219 1185 κανόνι
1294 1128 1614 1192 κολάζουσιν
1646 1125 1695 1178 οἱ
1728 1125 1840 1176 Πα-

265 1227 422 1298 τὲρες
454 1232 546 1282 τὸν
590 1228 1040 1297 χειροτονηθέντα
1073 1228 1165 1278 καὶ
1195 1223 1267 1294 μὴ
1337 1221 1653 1290 πειθόμενον
1678 1217 1843 1270 ἁπελο

267 1320 382 1374 θεῖν
410 1325 490 1385 εἰς
517 1323 615 1391 τὴν
646 1321 920 1390 λαχοῦσαν
949 1320 1111 1372 αὐτόν
1144 1335 1156 1348 ·
1184 1320 1241 1369 ἐν
1272 1317 1328 1369 δὲ
1355 1315 1433 1383 τῷ
1461 1313 1685 1383 παρόντι
1710 1328 1838 1377 συγ-

265 1414 490 1485 γνώμης
553 1413 761 1478 ἀξιοῦσι
823 1413 915 1464 τὸν
979 1408 1424 1481 χειροτονηθέντα
1469 1406 1565 1458 καὶ
1622 1405 1842 1455 θέλοντα

271 1507 373 1576 μὲν
405 1507 667 1560 ἀπελθεῖν
690 1509 769 1567 εἰς
819 1506 887 1575 ἣν
947 1502 1330 1574 ἐχειροτονήθη
1383 1498 1699 1569 παροικίαν,
1767 1495 1840 1564 μὴ

269 1601 776 1671 παραχωρούμενον
810 1597 866 1650 δὲ
896 1597 929 1668 ἦ
965 1596 1052 1649 διὰ
1095 1597 1193 1666 τὴν
1224 1593 1320 1646 τοῦ
1379 1593 1436 1644 ἐν
1473 1593 1658 1662 ἐκείνῃ
1710 1587 1840 1640 λαοῦ

267 1691 683 1762 ἀναισχυντίαν,
712 1691 744 1762 ἢ
779 1690 866 1743 διὰ
896 1690 1196 1760 ἐπιδρομὴν
1244 1686 1447 1739 ἐθνῶν·
1484 1684 1564 1736 διὸ
1608 1685 1702 1736 καὶ
1723 1683 1842 1734 ἐπι-

269 1785 553 1855 τρέπουσι,
632 1782 766 1853 παρ’
823 1777 954 1855 ᾗᾶν
1015 1782 1340 1850 εὑρίσκηται
1412 1777 1615 1847 ἐνορίᾳ,
1673 1775 1840 1843 τιμῆς

263 1874 570 1939 ἀξιοῦσθαι,
601 1875 769 1944 ἤγουν
795 1873 1060 1943 καθέδρας
1117 1870 1209 1923 καὶ
1237 1870 1486 1938 κλήσεως
1545 1870 1638 1921 καὶ
1694 1868 1842 1936 ἐνερ-

265 1967 423 2034 ⁴τείας
463 1964 880 2036 ἀρχιερατικῆς,
920 1966 1055 2034 μετὰ
1102 1964 1359 2031 είδήσεως
1407 1961 1500 2014 καὶ
1538 1960 1842 2029 ἐπιτροπῆς

263 2052 363 2112 τοῦ
413 2061 687 2130 ἐγχωρίου
743 2058 1084 2111 ἐπισκόπουο
1116 2056 1259 2126 πλὴν
1314 2053 1498 2124 μέντοι
1557 2051 1632 2122 μὴ
1695 2051 1841 2120 ἔχειν

201 2197 210 2204 .
265 2151 406 2214 ὅλως
454 2152 744 2219 μετουσίαν
793 2151 850 2203 ἐν
876 2153 987 2211 τοῖς
1038 2149 1333 2218 πράγμασι
1389 2147 1490 2213 τῆς
1549 2142 1842 2214 ἐκκλησίας

267 2242 491 2311 ἐκείνης
525 2240 652 2295 ἔνθα
705 2245 970 2305 κατοικεῖ,
1035 2240 1205 2310 ἤγουν
1276 2241 1350 2310 μὴ
1395 2239 1688 2302 διδάσκειν,
1769 2235 1843 2305 μὴ

263 2337 622 2406 χειροτονεῖν,
657 2335 732 2405 μὴ
791 2333 979 2406 ἕτερόν
1031 2350 1085 2385 τι.
1151 2333 1398 2402 ἐνεργεῖν
1457 2327 1843 2398 άρχιερατικδν

265 2427 446 2499 χωρὶς
502 2426 808 2497 ἐπιτροπῆς
867 2425 961 2478 τοῦ
1020 2425 1288 2495 ἐγχωρίου
1342 2423 1669 2485 ἐπισκόπου,
1728 2418 1842 2473 ἀλλ’

264 2517 572 2588 ἡσυχάζειν
603 2519 799 2590 μέχρις
834 2517 901 2572 ἂν
931 2518 993 2571 τὸ
1033 2519 1283 2587 ποιητέον
1312 2514 1459 2586 μάθῃ
1492 2513 1601 2567 ἀπὸ
1639 2513 1844 2565 οἰκονο-

265 2612 405 2681 μίας
443 2607 539 2663 καὶ
565 2610 798 2679 κρίσεως
821 2609 1034 2670 τελείας
1061 2608 1303 2663 συνόδου.

339 2701 595 2756 ΖΩΝΑΡ.
637 2698 696 2754 ’0
729 2699 1122 2772 χειροτονηθεὶς
1154 2701 1235 2763 είς
1267 2696 1564 2770 ἐκκλησίαν
1616 2683 1845 2766 πόλεως,

263 2795 367 2847 καὶ
409 2793 484 2863 μὴ
516 2792 763 2861 δυνηθεὶς
781 2794 860 2856 είς
881 2793 1051 2863 αὐτὴν
1068 2791 1341 2857 ἀπελθεῖν,
1365 2792 1494 2855 ἴσως
1525 2791 1628 2844 ὑπὸ
1660 2791 1846 2854 ἔθνους

263 2884 696 2957 κυριευομένην,
735 2885 768 2956 ἢ
796 2884 980 2956 χώρας
998 2885 1064 2937 δι’
1093 2879 1160 2957 ἦς
1187 2883 1402 2938 ὁδεῦσαι
1438 2884 1599 2937 αὑτὸν
1631 2885 1844 2956 ἀνάγκη

263 2975 384 3032 ὑπὸ
423 2976 718 3050 βαρϐάρων
748 2979 1147 3048 κατεχομένης,
1197 2977 1230 3047 ἦ
1295 2977 1392 3030 τοῦ
1443 2977 1575 3029 λαοῦ
1610 2977 1709 3048 τῆς
1744 2975 1845 3029 πό-

259 3069 410 3134 λεως
434 3070 500 3123 δι’
518 3069 744 3134 ἀταξίαν
781 3068 990 3124 οἰκείαν
1044 3070 1117 3139 μὴ
1146 3068 1460 3140 δεχομένου’
1517 3067 1700 3133 αὐτὸν,
1745 3067 1844 3138 τὴν

265 3165 376 3233 μὲν
407 3163 572 3233 τιμὴν
601 3163 701 3233 τὴν
731 3163 1114 3233 προσήκουσαν
1147 3161 1435 3232 ἐπισκόπῳ
1461 3160 1571 3228 ἔξει
1606 3159 1704 3214 καὶ
1737 3161 1838 3229 τὴν

269 3254 663 3326 λειτουργίαν
699 3254 759 3307 οὐ
807 3255 916 3324 γάρ
978 3255 1151 3317 αἴτιος
1202 3254 1367 3316 αὑτός
1416 3255 1536 3307 ἐστι
1589 3252 1684 3306 τοῦ
1768 3251 1844 3324 μὴ

267 3347 532 3404 ἀπελθεῖν
566 3349 644 3412 είς
673 3346 772 3416 τὴν
797 3344 1072 3416 λαχοῦσαν
1105 3345 1266 3399 αὐτὸν
1325 3345 1622 3417 ἐκκλησίαν
1653 3361 1670 3377 ο
1702 3363 1845 3416 παρ-

269 3441 514 3511 ινοχλεῖν
538 3437 596 3492 δὲ
628 3439 740 3502 τοῖς
774 3429 1062 3508 πράγμασι
1091 3433 1214 3515 ¹τῆς
1247 3437 1566 3517 ἐκκλησίας,
1618 3437 1746 3491 ἔνθα
1778 3439 1845 3492 ἂν

276 3533 571 3600 συνάγοιτο
593 3532 654 3585 οὐ
679 3536 1112 3603 παραχωρεῖται.
1134 3533 1226 3596 Et;
1255 3533 1363 3601 γάρ
1387 3549 1508 3585 τινα
1540 3533 1693 3586 πόλιν
1715 3534 1847 3596 ἴσως

271 3621 662 3692 ἓσταιαύτῷή
697 3622 979 3689 κατοικία,
1002 3623 1096 3676 καὶ⁵
1136 3621 1285 3693 παρὰ
1336 3625 1402 3694 τῇ
1463 3623 1563 3693 τῆς
1641 3623 1848 3688 πόλεως

273 3712 494 3781 ἐκείνης
516 3711 779 3783 ἐκκλησίᾳ
842 3714 1124 3780 συνάγοιτο
1195 3711 1279 3766 ἄν.
1325 3703 1592 3784 Ἐνοχλεῖν
1614 3714 1706 3768 οὖν
1735 3718 1848 3779 τοῖς

280 3803 578 3874 πράγμασι
609 3802 710 3872 τῆς
752 3802 1046 3870 ἐκκλησίας
1071 3803 1288 3874 ἐκείνης
1311 3803 1412 3855 οὐκ
1442 3804 1657 3867 ἐξέσται
1677 3805 1844 3875 αὐτῷ·

271 3889 405 3945 οὔτε
452 3892 559 3961 γάρ
577 3891 844 3947 διδάσκειν
873 3892 1094 3946 δύναται
1123 3896 1258 3957 ἐκεῖ,
1313 3892 1438 3947 οὔτε
1499 3898 1844 3965 χειροτονεῖν,

270 3982 400 4038 οὔτε
428 3985 744 4057 ίερουργεῖν,
771 3987 820 4038 εί
853 3986 928 4056 μὴ
954 3987 1304 4057 ἐπιτραπείη,
1341 3985 1465 4051 οὔτε
1494 4004 1544 4041 τι
1577 3987 1686 4042 τῶν
1717 4006 1847 4059 προ-

275 4077 451 4130 σόδων
485 4076 896 4148 σφετερίζεσθαι
925 4077 1024 4144 τῆς
1050 4078 1345 4147 ἐκκλησίας
1377 4079 1615 4145 ἐκείνης.
1673 4079 1848 4152 Αναρ-

267 4168 445 4240 τῆσαι
502 4171 557 4225 δὲ
591 4170 652 4223 τὸ
682 4173 788 4224 πᾶν
825 4171 1035 4239 ὀφείλει
1058 4173 1136 4235 είς
1187 4171 1284 4242 τὴν
1316 4173 1497 4239 κρίσιν
1525 4173 1618 4225 καὶ
1639 4175 1847 4227 οἰκονο-

279 4267 416 4334 μίαν
446 4266 546 4336 τῆς
574 4265 786 4329 τελείας
819 4265 1058 4332 συνόδου,
1099 4263 1240 4318 ὥστε
1285 4266 1415 4334 παρ’
1464 4266 1676 4332 ἐκείνης
1699 4265 1847 4336 αὑτῷ

272 4357 535 4425 γενέσθαι
559 4357 837 4429 πρόνοιαν.

1237 287 1313 346 EN
1353 284 1511 344 CAN.
1547 281 1743 344 Χνιιι
1781 278 1986 340 ΟΟΝίῖ,
2031 281 2089 339 ll
2123 279 2476 340 ANTIOCH.

3370 273 3502 338 12‘26

1992 447 2003 458 ,
2042 412 2061 442 ι
2109 410 2267 464 quam
2290 406 2372 449 est
2394 393 2679 448 ordinatus
2705 393 3015 462 cpisc0pus,
3035 407 3140 446 non
3171 407 3265 446 sua
3288 392 3504 460 quidem

2019 505 2037 536 ι
2085 488 2266 556 culpa,
2299 485 2395 541 sed
2453 497 2677 556 propter:
2714 485 2897 553 populi
2948 485 3370 546 recusationem,
3417 485 3500 538 vel

2021 599 2039 630 ι
2085 579 2320 649 aliquam
2359 579 2521 632 aliam
2562 594 2806 639 tamam,
2838 594 2956 645 qua!
2982 595 3009 628 a
3059 593 3114 630 se
3145 593 3248 629 non
3281 579 3454 630 oritur
3487 594 3501 630 :

2021 700 2038 730 ι
2086 683 2130 733 is
2157 678 2228 732 sit
2256 685 2310 731 et
2339 676 2564 731 honoris
2624 686 2676 728 et
2713 673 2958 728 muneris
3003 674 3296 742 particeps,
3346 675 3502 727 dum-

2019 792 2053 822 ι.
2085 769 2245 824 modo
2281 769 2481 822 nullam
2535 767 2695 820 rebus
2747 767 3018 826 ecclesiae,
3055 766 3106 819 in
3159 782 3265 832 qua
3310 783 3506 821 conve—

2020 881 2037 912 ι
2089 861 2188 922 nit,
2225 859 2532 913 molestiam
2565 855 2774 910 afferat.
2814 857 2864 910 Is
2901 863 3080 909 autem
3137 855 3186 908 id
3223 856 3506 924 suscipiat,

2023 975 2041 1006 ι
2087 953 2232 1024 quod
2264 951 2502 1022 perfecta
2551 949 2840 1019 provinciae
2867 949 3124 1018 synodus,
3157 948 3301 1018 quod
3336 948 3400 1001 ad
3447 966 3507 1002 se

2020 1067 2037 1099 ι
2087 1047 2307 1100 allatum
2342 1054 2423 1100 est
2451 1043 2770 1113 jttdicando,
2805 1045 3078 1095 statuerit.
3126 1060 3144 1092 ι

2017 1137 2208 1192 BALS.
2251 1139 2308 1192 ln
2338 1113 2571 1207 scptirrio
2594 1136 2806 1190 decimo
2827 1123 3053 1205 quidem
3090 1150 3298 1189 canone
3323 1134 3511 1189 Patres

1945 1249 2067 1286 cum
2099 1233 2354 1302 puniunt,
2405 1231 2498 1300 qui
2557 1229 2847 1283 ordinatus
2883 1227 3068 1288 fuerit,
3121 1237 3174 1281 et
3229 1245 3336 1282 uou
3384 1244 3510 1299 per-

1946 1325 2205 1379 suadetur
2238 1321 2304 1377 ad
2344 1323 2629 1376 ecclesiam
2664 1319 2958 1391 proﬁcisci,
2988 1337 3107 1388 qur
3139 1320 3288 1373 illum
3319 1323 3510 1376 sortita

1944 1425 2046 1470 est.
2080 1414 2137 1468 ln
2167 1414 2420 1485 prmscnti
2451 1423 2630 1467 autem
2659 1429 2868 1467 canone
2901 1413 2947 1467 ei
2995 1414 3125 1465 dant
3159 1414 3392 1476 veniam,
3419 1415 3508 1482 qui

1945 1505 2229 1568 ordinatus
2259 1515 2361 1568 cst,
2399 1515 2452 1560 et
2481 1509 2591 1557 vult
2639 1505 2856 1574 quidem
2910 1507 2974 1557 ad
3033 1520 3177 1569 eam,
3228 1505 3295 1558 ad
3347 1520 3509 1574 quam

1943 1600 2235 1680 ordinatus
2279 1607 2383 1664 est,
2426 1598 2719 1668 pat'mciam
2776 1598 3084 1668 proficisci,
3141 1614 3250 1652 non
3310 1598 3512 1652 sinitur

1947 1701 2154 1755 autem,
2189 1691 2272 1745 vel
2309 1701 2530 1760 propter
2564 1691 2747 1760 populi
2797 1692 3209 1759 impudentiam,
3262 1695 3341 1745 vel
3385 1708 3512 1761 pro-

1946 1794 2063 1854 pter
2089 1775 2334 1854 gentium
2370 1784 2739 1836 incursionem
2776 1800 2789 1835 :
2829 1792 2882 1836 et
2915 1783 3035 1836 idco
3071 1784 3418 1852 permittunt,
3451 1795 3510 1838 ut

1943 1879 1996 1929 iu
2027 1891 2132 1946 qua
2163 1877 2440 1929 invenitur
2472 1875 2778 1943 provincia,
2812 1878 3017 1927 honore
3066 1874 3263 1944 dignus
3310 1877 3510 1931 habeo--

1944 1976 2068 2034 tur;
2107 1967 2367 2023 cathedra
2395 1967 2609 2020 Scilicet
2647 1975 2701 2020 ct
2749 1968 3036 2022 vocatione
3083 1981 3135 2022 et
3184 1970 3511 2039 episc0palis

1944 2061 2108 2116 oﬂicii
2144 2060 2428 2124 exercitio,
2455 2074 2574 2111 cum
2628 2058 2855 2113 Scieniia
2901 2070 2950 2112 et
3003 2061 3361 2129 pcrmissione
3395 2063 3512 2131 epi-

1944 2151 2095 2222 scopi
2135 2152 2280 2206 illius
2314 2151 2586 2221 regionis;
2622 2165 2719 2204 nec
2756 2161 2935 2204 tamen
2971 2166 3029 2206 se
3050 2153 3276 2206 omnino
3302 2152 3514 2222 ingerat

1947 2243 2176 2312 negotiis
2208 2243 2354 2297 illius
2407 2241 2674 2305 ecclesiae,
2715 2243 2766 2296 in
2804 2257 2910 2311 qua
2948 2242 3174 2309 habitat,
3203 2243 3416 2297 scilicet
3443 2258 3510 2296 ne

1945 2337 2158 2402 doceat,
2194 2353 2260 2390 ne
2292 2335 2528 2398 ordinet,
2560 2351 2736 2405 neque
2786 2335 2988 2404 aliquid
3034 2335 3180 2390 aliud
3232 2337 3513 2406 epicopale

1946 2439 2222 2488 exerceat.
2251 2427 2367 2481 sine
2398 2425 2549 2481 illius
2575 2427 2812 2494 regionis
2841 2428 3082 2497 episcopi
3112 2429 3510 2497 permissionc;

1945 2521 2038 2574 sed
2080 2520 2353 2590 quiescat,
2385 2519 2558 2572 donec
2591 2518 2719 2586 quid
2774 2518 2845 2573 sit
2887 2520 3153 2587 agendum
3191 2520 3441 2583 didicerit
3480 2538 3508 2572 a

1947 2613 2200 2683 perfectae
2229 2613 2421 2683 synodi
2458 2614 2752 2669 sententia.

2020 2705 2272 2761 ZONAR.
2310 2706 2638 2775 Quicunque
2699 2707 2986 2761 ordinatus
3035 2719 3136 2772 est,
3171 2717 3229 2761 ut
3271 2710 3516 2764 ecclesia:

1951 2801 2102 2855 urbis
2133 2797 2366 2867 alicujus
2404 2801 2607 2867 praesit,
2661 2806 2715 2852 et
2762 2797 2828 2852 ad
2885 2813 3004 2852 eam
3045 2801 3125 2852 vel
3186 2800 3313 2870 quia
3379 2801 3516 2855 forte

1948 2893 2292 2947 ethnicorum
2336 2890 2532 2944 ditioni
2584 2888 2826 2958 subjecta
2870 2891 2961 2951 sit,
2987 2883 3076 2944 vel
3121 2892 3265 2958 quod
3321 2892 3515 2946 itinera

1951 2999 1976 3037 a
2012 2983 2265 3038 Barbaris
2294 2982 2672 3047 obsideantur,
2733 2984 2813 3037 vel
2871 2984 3015 3052 quod
3076 3001 3103 3038 a
3145 2987 3347 3054 populo
3399 2986 3516 3056 ejus

1949 3075 2104 3129 urbis
2134 3074 2459 3128 insolentius
2497 3073 2765 3142 pervicaci
2790 3089 2897 3126 non
2920 3073 3262 3137 admittatur,
3295 3078 3515 3130 minime

1949 3167 2220 3238 proﬁcisci
2250 3167 2507 3237 potuerit,
2553 3165 2868 3234 dignitatem
2890 3166 2978 3219 ille
2997 3166 3212 3233 quidem
3247 3167 3513 3238 episcopi.

1948 3257 2290 3327 liturgichue
2320 3256 2636 3311 exercendae
2687 3254 3025 3318 facultatem,
3070 3256 3336 3310 obtinebit
3390 3258 3512 3327 (nec

1948 3348 2093 3402 enim
2147 3363 2238 3417 per
2297 3347 2474 3417 ipsum
2519 3346 2722 3400 factum
2777 3356 2882 3410 est,
2918 3358 2975 3399 ut
3027 3348 3096 3401 ab
3122 3349 3389 3413 ecclesiae,
3424 3355 3510 3404 cui

1948 3440 2254 3496 destinatus
2270 3451 2354 3496 est
2380 3441 2614 3494 statione
2634 3440 2838 3494 diutius
2863 3438 3123 3509 abeSset),
3140 3439 3305 3512 448
3327 3458 3511 3494 vermn
3593 3458 3595 3462 ·

1949 3549 2016 3589 ne
2044 3550 2103 3589 se
2133 3533 2280 3588 illius
2309 3532 2584 3595 Ecclesiae,
2613 3533 2665 3586 in
2697 3548 2802 3602 qua
2852 3532 3018 3600 degit.
3056 3534 3286 3600 negotiis
3328 3533 3510 3587 immi-

1949 3637 2117 3690 sceat,
2169 3625 2541 3680 interdietum.
2601 3622 2696 3676 Est
2742 3623 2886 3676 enim
2944 3622 3018 3675 illi
3081 3621 3219 3676 forte
3274 3623 3324 3676 in
3376 3624 3510 3676 urbe

1949 3719 2127 3788 aliqua
2162 3714 2523 3782 domicilium,
2552 3729 2789 3782 suosque
2819 3714 2872 3767 in
2909 3715 3053 3767 illius
3096 3714 3245 3767 urbis
3277 3715 3508 3768 ecclesia

1949 3819 2252 3865 conventus
2297 3810 2428 3879 agit.
2476 3807 2606 3875 Ejus
2665 3807 2824 3876 igitur
2876 3806 3120 3859 ecclesite
3166 3805 3506 3873 negotiorum

1947 3910 2155 3972 partem
2221 3900 2458 3970 aliquant
2509 3899 2777 3968 attingere
2833 3897 3035 3950 homini
3088 3897 3226 3949 hami
3304 3896 3507 3949 licebit.

1946 3993 2134 4063 Neque
2186 3993 2331 4046 enim
2383 3990 2438 4044 in
2494 4005 2556 4045 ea
2611 3991 2864 4055 docendi,
2905 4004 3080 4058 neque
3119 3990 3328 4042 ordinis
3376 4005 3510 4041 con—

1950 4083 2179 4147 ferendi,
2211 4081 2388 4152 neque
2430 4096 2585 4137 sacra
2637 4081 2897 4144 faciendi,
2942 4082 3044 4133 nisi
3083 4081 3204 4150 ejus
3250 4082 3325 4133 rei
3375 4095 3511 4134 con-

1948 4191 2103 4232 cessa
2146 4176 2429 4241 facultate,
2465 4191 2639 4244 neque
2667 4190 2796 4230 vero
2831 4175 3031 4243 aliquid
3066 4190 3128 4227 ex
3157 4175 3302 4228 illius
3335 4176 3512 4228 eccle-

1948 4268 2043 4324 sia:
2075 4263 2342 4322 reditibus
2392 4267 2448 4321 in
2482 4282 2614 4322 suos
2666 4283 2799 4322 usus
2852 4266 3212 4319 transferendi
3267 4278 3510 4336 potestas

1949 4361 2075 4415 erit.
2118 4357 2386 4414 Universa
2416 4373 2580 4428 porro
2609 4357 2676 4410 ab
2710 4357 2802 4409 illo
2838 4355 3089 4427 perfectae
3133 4358 3320 4426 synodi
3362 4357 3511 4424 judi-

272 4449 368 4505 cio
419 4448 761 4520 consilioque
810 4449 1047 4520 permitti
1110 4449 1288 4514 decet,
1357 4457 1416 4505 ut
1464 4450 1608 4522 quod
1667 4450 1840 4522 ipsius
1881 4452 2190 4507 rationibus
2245 4451 2480 4505 maxime
2547 4458 2915 4519 Opportunum
3012 4449 3127 4504 fore
3218 4451 3508 4504 videbitur.

272 4549 502 4598 statuat.

273 4638 504 4694 ΔΡῐΣΤ.
532 4657 550 4690 ι
584 4639 874 4709 Μετεχέτω
900 4641 998 4708 τῆς
1021 4640 1186 4708 τιμῆς
1203 4639 1495 4702 ἐπίσκοπος
1543 4641 1574 4691 ὁ
1609 4657 1844 4709 χειροτο-

1960 4636 2183 4693 ARIST.
2223 4657 2241 4688 ι
2285 4635 2592 4706 Episcopus
2634 4636 2919 4688 ordinatus
2963 4649 3018 4690 ct
3063 4653 3092 4690 a
3134 4639 3354 4693 civitate
3405 4658 3510 4694 non

357 4749 376 4782 ι
412 4728 618 4799 νηθεὶς,
650 4731 740 4783 καὶ
797 4731 1061 4801 μηδαμῶς
1089 4733 1372 4800 δεχόμενος
1400 4730 1548 4799 παρά
1597 4732 1695 4800 τῆς
1751 4730 1845 4783 πό-

357 4841 377 4875 (
409 4822 548 4885 λεως
588 4824 703 4875 ’καὶ
749 4822 1133 4892 λειτουργείτω
1165 4823 1345 4891 μόνον,
1381 4821 1666 4892 ἀναμένων
1724 4823 1752 4874 ὃ
1791 4839 1843 4874 τι

359 4934 378 4967 ι
419 4915 485 4968 ἂν
516 4917 550 4984 ὴ
579 4917 680 4982 τῆς
712 4916 980 4986 ἐπαρχίας
1011 4916 1367 4984 ἀποφαίνοιτο
1396 4915 1661 4978 σύνοδος.»

367 5008 426 5063 Ὀ
458 5008 532 5079 μὴ
560 5007 689 5079 παρ’
719 4993 897 5061 αἰτίαν
924 5009 1057 5060 ἰδίαν
1093 5008 1245 5078 παρά
1274 5008 1373 5076 τῆς
1418 5007 1621 5069 πόλεως
1675 5021 1844 5076 προσ-

279 5101 488 5172 δεχθεὶς
535 5102 592 5154 ἐν
682 5100 1080 5170 ἐχειροτονήθη,
1117 5099 1252 5152 ἀλλὰ
1286 5099 1435 5168 παρὰ
1475 5099 1571 5168 τὴν
1598 5096 1690 5150 τοῦ
1714 5095 1842 5148 λαοῦ

288 5191 593 5264 μοχθηρίαν
623 5205 638 5221 ·
676 5191 769 5243 καὶ
797 5191 893 5260 τῆς
918 5189 1086 5259 τιμῆς
1119 5189 1358 5260 μετέχει,
1390 5190 1484 5242 καὶ
1511 5189 1843 5256 λειτουργεῖν

281 5283 345 5335 οὐ
376 5281 701 5336 κεκώλυται.
767 5281 999 5350 Ὀφείλει
1031 5281 1086 5333 δὲ
1122 5282 1571 5351 προσκαρτερεῖν,
1627 5281 1720 5331 καὶ
1765 5279 1840 5348 μή

279 5391 386 5428 τινι
420 5375 784 5445 στρατιωτικῇ
813 5373 1042 5444 βοηθείᾳ
1082 5373 1413 5444 χρήσασθαι,
1463 5371 1496 5426 ἢ
1557 5371 1843 5440 δυναστεία

2026 4748 2044 4780 ι
2095 4738 2356 4797 acceptus
2397 4727 2607 4782 honore
2659 4725 2889 4789 fruatur,
2943 4735 2996 4780 ct
3055 4743 3252 4783 munus
3303 4726 3510 4783 tantum

2027 4809 2045 4870 ι
2093 4820 2288 4883 obeat,
2347 4827 2672 4886 exspectans
2725 4819 2854 4888 quid
2927 4819 3221 4886 provinciae
3271 4825 3511 4889 synodus

2027 4929 2044 4960 ι
2094 4909 2552 4979 pronuntiavcrit.
2593 4928 2611 4958 ι

1996 5001 2126 5067 Qui
2159 5017 2266 5055 non
2296 5014 2449 5054 suam
2486 5000 2555 5053 ob
2587 5014 2807 5053 causam
2855 5016 2883 5052 a
2935 5001 3155 5054 civitate
3205 5001 3510 5054 admittitur

1950 5097 2004 5149 in
2042 5108 2204 5163 quam
2239 5093 2524 5146 ordinatus
2552 5090 2675 5153 fuit,
2710 5091 2802 5145 sed
2837 5101 3057 5160 propter
3089 5093 3269 5160 p0pnli
3300 5075 3508 5159 impro-

1953 5189 2174 5240 bitatem
2203 5201 2216 5237 :
2245 5194 2296 5239 et
2321 5183 2547 5264 honoris
2583 5185 2853 5252 particeps
2883 5194 2985 5247 est,
3031 5192 3084 5237 et
3135 5198 3289 5237 sacra
3327 5183 3507 5237 facere

1951 5294 2056 5334 non
2086 5276 2427 5346 prohibetur.
2465 5273 2631 5330 Debet
2661 5285 2841 5329 autem
2874 5264 3150 5344 patienter
3179 5291 3420 5337 manere,
3453 5286 3507 5329 et

1951 5385 2060 5425 non
2096 5368 2315 5423 militari
2340 5367 2524 5438 aliquo
2555 5370 2631 5421 uti
2682 5367 2885 5421 auxilio
2929 5375 3024 5421 aut
3057 5367 3160 5419 alia
3213 5375 3504 5437 potestate,

1507 5539 1694 5604 Guill.
1731 5540 2055 5618 Beveregii
2092 5545 2279 5601 notua.

283 5691 496 5762 Magna
547 5693 797 5748 Ecclesia:
852 5690 1578 5762 Consumlinopolitanorum,
1609 5690 1670 5762 πί)
1719 5689 1836 5742 uui—

286 5760 436 5818 versa
469 5763 705 5820 Ecclesia
740 5767 1016 5830 qua’silus,
1062 5773 1110 5820 et
1166 5762 1230 5816 ab
1269 5760 1586 5830 tmpcratm‘e
1627 5760 1838 5813 domino

1943 5687 2152 5741 Joanne
2180 5684 2442 5742 Comneno
2474 5687 2668 5742 electus
2717 5700 2887 5740 mense
2919 5685 3082 5752 Maia,
3110 5684 3390 5740 indictione
3422 5685 3505 5748 49.,

1949 5775 2038 5812 an.
2069 5758 2135 5811 66
2149 5759 2230 5812 i2.
