3958 6242
223 242 382 309 1345

1428 238 1504 298 ΙΝ
1530 238 1698 299 CAN.
1739 237 1833 297 ΙΙΙ
1868 237 2080 302 CONC.
2110 239 2331 301 LAOD.

3310 237 3451 300 i346

216 358 413 427 νεαρὰ
442 355 668 427 κειμένη
701 356 777 416 εἱς
810 353 1012 424 βιϐλίον
1042 351 1149 405 τῶν
1180 348 1488 404 Βασιλικῶν
1517 348 1787 420 κη’,τίτλοη

1914 364 2135 411 venere,
2164 350 2305 403 nulla
2335 350 2486 417 prius
2514 350 2828 418 conjunctio
2878 350 3018 406 inter
3071 351 3217 420 ipsos
3271 350 3468 403 furtiva

217 447 315 511 ιδ’,
338 450 517 503 πολλὰ
546 449 673 518 περὶ
701 446 1243 516 δευτερογαμούντων
1268 446 1363 501 καὶ
1384 442 1593 513 ἀνδρῶν
1610 442 1704 495 καὶ
1727 457 1825 509 γυο

214 544 441 594 ναικων
468 542 826 596 διατάττεται.

1926 441 2315 493 intercesserit.
2339 439 2572 506 Quodsi,
2594 457 2715 496 cum
2739 443 2947 496 occulte
2973 452 3130 497 antea
3154 442 3472 508 coivissent,

1911 532 1978 585 ad
2025 533 2293 602 legitimas
2318 535 2547 607 "deinde
2602 534 2818 603 nuptias
2871 538 3110 589 animum
3162 536 3458 606 adiecere,

218 646 610 689 scortatorum
649 646 905 712 prpterea
940 634 1115 700 paruis
1148 630 1327 700 puniri
1380 630 1597 683 debent.
1640 625 1801 679 Multa
1840 624 1909 679 de
1937 628 2188 681 secundis
2211 628 2447 681 virorum
2484 643 2547 682 ac
2606 626 2927 683 feminarmn
3004 629 3208 700 nuptiis
3288 627 3465 683 Justi-

219 731 385 781 niani
413 744 625 797 quoque
675 726 878 781 novella
914 728 1001 791 22,
1047 725 1140 779 lib.
1184 738 1374 785 xxvnt,
1433 724 1516 775 tit.
1553 720 1617 773 Η
1646 718 1996 773 Basilicarum
2023 720 2125 773 sita
2153 721 2558 790 prazcipiuutur.

216 823 460 877 ΛΡῐΣΤ.
534 844 552 875 ι
597 824 659 875 ὐ
702 823 776 893 μὴ
824 821 1301 891 λαθραιογαμήσας
1342 818 1589 887 δίγαμος,
1636 816 1813 882 ὀλίγον

299 938 321 968 ‹
362 910 483 979 ’τοίς
518 917 815 985 ἐπιτιμίοις
851 915 1116 985 σχολάσας
1140 954 1154 979 ,
1205 912 1389 965 λοιπὸν
1427 910 1734 972 ἀνεύθυνος.
1784 927 1804 960 ι
1835 922 1850 959 ι

308 1100 446 1152 Ἐπὶ
473 1100 718 1151 ἐνιαυτὸν
748 1099 775 1149 ό
808 1097 1036 1165 δίγαμος
1058 1094 1409 1164 ἀφορίζεται,
1437 1096 1503 1165 τῇ
1530 1093 1802 1162 προσευχῇ

219 1196 331 1244 καὶ
362 1197 433 1262 τῇ
474 1192 697 1261 νηστείᾳ
747 1189 1022 1261 σχολάζων
1042 1206 1055 1219 ·
1098 1187 1191 1240 καὶ
1219 1189 1359 1240 οὕτω
1392 1189 1490 1254 τῆς
1520 1186 1803 1248 κοινωνίας

220 1286 612 1349 καταξιοὺται.
661 1285 721 1336 Εί
752 1285 806 1336 δὲ
860 1284 933 1352 μὴ
964 1280 1284 1350 ἐλευθερίως
1324 1281 1415 1333 καὶ
1450 1279 1693 1348 νομίμως
1726 1276 1802 1345 τῷ

214 1380 473 1449 δευτέρῳ
504 1377 748 1449 συνήφθη
782 1376 964 1446 γάμῳ,
1006 1374 1139 1428 ἀλλὰ
1172 1374 1434 1443 πρότερον
1469 1372 1800 1442 λαθραιογα-

222 1471 424 1540 μήσας
448 1511 462 1533 ,
500 1471 635 1539 μετὰ
669 1468 837 1520 ταῦτα
870 1468 964 1520 καὶ
994 1469 1073 1529 είς
1108 1467 1391 1518 κοινωνίαν
1418 1461 1546 1536 ἦλθε
1578 1463 1756 1535 γάμου
1780 1504 1796 1529 ,

212 1566 307 1632 τῷ
337 1563 437 1632 τῆς
465 1561 719 1630 πορνείας
745 1560 1006 1627 ἐπιτιμίῳ
1030 1544 1342 1613 θπόκειται.

845 1652 1079 1704 ΚΑΝΩΝ
1114 1650 1189 1703 B'.

1915 814 2140 869 ARIST.
2174 834 2193 867 ¢
2243 815 2494 905 Bigamns
2518 820 2606 889 qui
2666 834 2770 874 non
2804 820 3015 873 occulte
3069 821 3465 891 n‘iatrimoniutn

1988 925 2005 957 ι
2037 908 2194 961 iuivit
2225 949 2241 974 ,
2289 911 2379 963 ubi
2429 910 2701 978 paululum
2757 927 2945 980 poenas
3001 914 3230 977 dederit,
3281 913 3468 969 insons

1990 1016 2011 1048 ι
2047 1010 2232 1065 pbstea
2260 1002 2546 1056 habeatur.
2579 1021 2598 1054 ι

1974 1087 2225 1158 Bigamns
2250 1093 2300 1145 in
2329 1109 2527 1147 annum
2564 1106 2880 1167 scgregatur
2907 1098 3143 1152 orationi
3176 1108 3230 1153 et
3254 1098 3467 1168 jejunio

1904 1197 2128 1248 vacans,
2171 1194 2225 1237 et
2277 1186 2357 1240 sic
2411 1189 2811 1243 communionis
2860 1191 3054 1259 dignus
3111 1192 3355 1247 habetur.
3398 1193 3459 1250 Si

1901 1283 2079 1327 autem
2107 1291 2211 1328 non
2245 1276 2413 1331 libere
2437 1288 2488 1331 et
2525 1278 2760 1349 legitime
2786 1281 3038 1336 secundis
3079 1283 3279 1351 nuptiis
3326 1298 3460 1338 con-

1892 1366 2113 1431 junctus
2139 1368 2319 1431 fuerit,
2353 1372 2447 1423 sed
2479 1387 2598 1423 cum
2625 1372 2797 1436 primo
2825 1372 2961 1424 clam
2995 1387 3215 1427 uxorem
3267 1374 3444 1429 duxis-

1899 1467 2001 1523 set,
2034 1471 2220 1527 postea
2278 1460 2341 1512 ad
2402 1463 2728 1514 matrimonii
2792 1463 3229 1517 communionem
3290 1464 3505 1535 venitp

1899 1547 2278 1605 fornicationis
2310 1568 2479 1621 prauae
2517 1554 2825 1622 subjicitur.

2408 1645 2572 1716 454
2617 1645 2843 1701 (:ANON
2906 1646 2972 1701 ιι.

218 1764 241 1798 ι
292 1748 432 1817 Περὶ
465 1747 559 1799 τοῦ
616 1748 737 1807 τοὺς
772 1745 1181 1821 ἁμαρτάνοντας
1225 1742 1281 1793 ὲν
1317 1741 1593 1812 διαφόροις
1633 1741 1787 1792 πταί-

1899 1751 1926 1779 ει
1964 1729 2118 1797 Quod
2152 1734 2251 1793 eis.
2285 1736 2375 1803 qui
2438 1736 2669 1789 diversis
2744 1736 2957 1803 delictis
3003 1746 3247 1805 peccant,
3303 1745 3355 1791 et
3408 1737 3461 1789 in

299 1859 320 1890 ι
366 1857 557 1908 σμασι,
584 1842 676 1890 καὶ
716 1833 1252 1907 προσκαρτεροῦντας
1282 1836 1345 1903 τῇ
1390 1835 1661 1903 προσευχῇ
1692 1832 1791 1901 τῆς

300 1952 321 1985 ι
360 1933 795 2002 ὲξομολογήσεως
824 1921 1259 1996 καῖ”μετανίίας,
1284 1926 1377 1995 καὶ
1402 1926 1502 1995 τὴν
1524 1926 1791 1993 ἀποστρο-

304 2045 324 2075 ι
368 2026 472 2094 φὴν
510 2023 616 2077 τῶν
650 2024 835 2075 κακῶν
866 2021 1077 2083 τελείαν
1114 2021 1488 2087 ποιουμένους,
1523 2017 1666 2071 κατά
1693 2016 1790 2086 τὴν

304 2136 325 2167 ι
366 2116 652 2184 ἀναλογίαν
683 2115 775 2167 τοῦ
808 2111 1363 2182 πταίσματος,καιροῦ
1394 2111 1678 2183 μετανοίας
1704 2110 1791 2163 δο-

304 2230 323 2258 .
366 2208 547 2269 θέντος
587 2208 804 2268 αὐτοῖς,
843 2206 967 2266 τοὺς
1003 2204 1275 2265 τοιούτους
1307 2202 1393 2271 διά
1426 2204 1551 2265 τοὺς
1584 2204 1790 2273 οἰκτιρο

306 2319 326 2351 ι
369 2280 628 2369 μοῦς’καὶ
657 2300 753 2367 τὴν
784 2298 1093 2365 ἀγαθότητα
1122 2295 1215 2349 τοῦ
1249 2294 1384 2349 Θεοῦ
1418 2295 1789 2364 προσάγεσθαι

308 2411 328 2443 t
371 2395 433 2462 τῇ
467 2392 742 2460 κοινωνίᾳ.
780 2409 799 2440 ›
1466 2404 1467 2409 ‘

304 2485 505 2539 ΒΑΛΣ.
556 2482 864 2552 Ἐμάθομεν
905 2483 1172 2553 μηδεμίαν
1208 2483 1478 2554 ἁμαρτίαν
1508 2482 1661 2553 νικᾷν
1690 2481 1789 2551 τὴν

223 2575 644 2646 φιλανθρωπίαν
670 2575 762 2627 τοῦ
796 2576 949 2629 Θεοῦ.
984 2576 1093 2629 Καὶ
1126 2577 1153 2627 ὁ
1183 2575 1370 2645 παρὼν
1396 2575 1451 2627 δὲ
1479 2577 1652 2627 κανὼν
1683 2575 1789 2628 διο-

222 2672 441 2740 ρίζεται
480 2670 604 2732 τοὺς
636 2670 1040 2739 ἀφισταμένους
1069 2668 1286 2731 τελείως
1318 2669 1413 2721 τοῦ
1448 2668 1615 2721 κακοῦ
1652 2668 1788 2738 μετά

223 2762 673 2839 ὲξομολογήσεως
721 2761 963 2828 καθαρᾶς
1021 2762 1112 2812 καὶ
1162 2760 1448 2829 μετανοίας
1503 2761 1656 2827 ἀξίας
1710 2759 1787 2830 τῷ

218 2856 532 2924 πταίσματι
564 2852 845 2927 ἀξιοῦσθαι
876 2854 974 2922 τῆς
1003 2853 1150 2915 θείας
1183 2852 1538 2923 μεταλήψεως
1564 2852 1668 2905 ’,οὐ
1700 2851 1785 2903 διὰ

217 2950 321 3007 τὴν
364 2946 597 3018 σπουδὴν
630 2947 854 3013 τούτων,
890 2945 1025 2999 ἀλλά
1068 2946 1158 2998 διά
1186 2947 1311 3008 τοὺς
1332 2945 1646 3019 οίκτιρμοὺς
1693 2942 1786 2996 τοῦ

210 3024 361 3107 ίΘεοῦ
411 3025 499 3093 καί
534 3041 633 3108 τὴν
667 3024 871 3112 ἄφατον
902 3037 1226 3106 ἀγαθότητα.
1265 3036 1448 3089 Ταῦτα
1483 3036 1539 3089 δὲ
1572 3037 1786 3097 πάντως

216 3135 585 3207 διιευκρινήσει
624 3133 656 3203 ἡ
699 3129 1026 3202 ὲπισκοπικὴ
1059 3131 1367 3200 δοκιμασία.

293 3228 537 3299 ZQNAD.
564 3226 681 3277 Κᾶν
706 3226 760 3277 ὲν
782 3223 1058 3295 διαφόροις
1080 3224 1411 3303 πταίσμασιν
1436 3223 1653 3293 ἧμαρτέ
1677 3241 1782 3284 τις,

220 3319 620 3388 ἐξομολογῆται
651 3316 708 3369 δὲ
736 3317 927 3379 ταῦτα,
956 3318 1047 3369 καὶ
1070 3316 1479 3385 ἀποστρέφηται
1504 3316 1718 3378 τελείως
1750 3314 1786 3368 ὃ.

219 3412 360 3479 ἔφθη
389 3411 613 3478 ποιῆσαι
640 3409 807 3472 κακὰ,
839 3408 1073 3461 δίδοσθαι
1101 3408 1251 3475 αὐτῷ
1278 3408 1467 3477 καιρὸν
1496 3410 1788 3475 μετανοίας

220 3502 518 3571 διορίζεται
552 3505 578 3553 ὁ
615 3499 825 3563 κανὼν,
863 3499 1136 3565 ἀναλόγως
1170 3501 1282 3561 τοίς
1315 3498 1670 3568 πταίσμασιν,
1704 3494 1787 3562 οἷς

224 3594 471 3660 ἐποίησε,
506 3593 599 3645 καὶ
625 3590 793 3654 οὕτως
821 3589 986 3644 αὐτοῦ
1025 3589 1434 3657 ἐνδεικνυμένου
1471 3591 1782 3659 μετάνοιαν,

222 3683 473 3753 δέχεσθαι
498 3685 655 3739 αὑτὸν
685 3684 777 3737 καὶ
808 3681 1172 3759 προσάγεσθαι
1198 3685 1262 3752 τῇ
1290 3682 1561 3751 κοινωνίᾳ,
1591 3683 1688 3751 οὺχ
1709 3682 1785 3744 ὡς

229 3776 392 3829 αὐτοῦ
433 3777 519 3829 διὰ
552 3777 646 3843 τῆς
678 3777 884 3837 οἰκείας
924 3775 1156 3844 σπουδῆς
1196 3775 1517 3842 ἀξιουμένου
1546 3774 1643 3843 τῆς
1677 3774 1786 3826 τῶν

226 3871 385 3923 θείων
409 3869 725 3940 μυστηρίων
751 3868 1124 3939 μεταλήψεως,
1155 3868 1291 3920 ἀλλὰ
1316 3868 1405 3920 διὰ
1429 3869 1554 3929 τοὺς
1582 3869 1786 3937 οἰκτιρ-

227 3961 361 4028 μοὺς
389 3960 483 4012 τοῦ
519 3961 650 4013 Θεοῦ
684 3963 775 4013 καὶ
806 3961 904 4031 τὴν
935 3960 1138 4030 ἄφατον
1165 3958 1501 4027 ἀγαθότητα.

221 4135 438 4190 ΑΡΙΣΤ.
479 4155 497 4187 ι
536 4136 596 4189 ΟΞ
642 4135 914 4204 διαφόροις
959 4135 1294 4202 ἀγνοήμασιν
1366 4132 1683 4195 ὲαλωκότες,
1733 4131 1783 4183 εί

298 4251 315 4282 ι
356 4232 670 4299 ἐπιγνόντες
704 4229 1138 4298 ὲξομολογφῖντο,
1173 4228 1267 4279 καὶ
1301 4225 1578 4291 ἀναλόγως
1612 4242 1781 4293 μετα-

299 4343 317 4375 ι
354 4327 545 4386 νοοῖεν,
571 4322 977 4392 εὐπρόσδεκτοι.

228 4418 235 4423 ’
288 4411 494 4478 Πάντες
530 4400 589 4467 οἱ
633 4416 1072 4486 ἀμαρτήσαντες,
1121 4412 1281 4464 ὁποία
1325 4411 1389 4463 ἄν
1418 4426 1503 4472 τις
1533 4409 1674 4462 είποι
1714 4410 1780 4460 τὰ

1990 1842 2007 1873 ι
2043 1826 2287 1879 oratione
2317 1826 2677 1880 confessionis
2717 1836 2773 1889 et,
2824 1829 3157 1896 paenitentiae
3204 1843 3461 1897 perseve-

1978 1932 1997 1966 ι
2034 1927 2175 1981 rant,
2203 1927 2256 1969 et
2288 1932 2344 1969 se
2382 1930 2415 1969 ‘a
2475 1918 2633 1971 malis
2688 1918 2928 1986 perfecte
2962 1929 3319 1985 c0nvertunt,
3362 1935 3461 1988 pro

1978 2026 1995 2058 ι
2024 2009 2292 2076 qualitate
2318 2010 2499 2064 delicti
2537 2021 2775 2079 tempore
2821 2011 3155 2079 pwnitentia:
3204 2012 3285 2066 eis
3337 2012 3462 2064 dato

1975 2115 1993 2148 ι
2030 2109 2252 2168 propter
2290 2100 2672 2153 miserationes
2706 2109 2759 2156 et
2795 2101 2888 2156 Dei
2946 2102 3267 2168 bonitatem,
3309 2116 3461 2156 com—

1979 2206 2001 2241 ι
2044 2191 2230 2245 ιιιιιιιίο
2268 2192 2614 2247 concedenda
2638 2203 2740 2248 est.
2776 2211 2793 2244 ι

1966 2456 2161 2511 BALS.
2190 2457 2503 2513 Decidimus
2531 2458 2735 2512 nultum
2786 2471 3066 2528 peccatum
3112 2461 3332 2517 vincere
3367 2462 3458 2518 Dei

1895 2549 2343 2602 misericordiam.
2374 2549 2544 2605 Porro
2597 2566 2836 2619 praesens
2860 2567 3074 2623 quoque
3114 2568 3301 2609 canon
3352 2567 3462 2608 sta-

1898 2641 2017 2704 tuit,
2053 2649 2111 2694 ut
2153 2642 2242 2710 qui
2279 2655 2311 2694 a
2356 2644 2499 2695 malo
2545 2641 2747 2712 perfete
2793 2645 3077 2709 desistunt,
3131 2659 3253 2699 cum
3323 2660 3457 2715 pura

1894 2731 2239 2788 confessione
2299 2745 2353 2788 et
2405 2736 2562 2805 digna
2632 2747 2978 2806 peccatorum
3026 2742 3367 2809 ptBnitentia,
3410 2742 3445 2795 ii

1894 2824 2042 2893 digni
2075 2837 2259 2880 sancta
2286 2829 2700 2897 participatione
2724 2831 3025 2884 habeantur
3052 2849 3067 2897 ;
3099 2848 3202 2885 non
3222 2836 3441 2901 propter

1893 2928 2078 2973 eorum
2104 2920 2318 2971 virtutis
2347 2920 2604 2986 studium,
2662 2922 2755 2976 sed
2801 2930 3020 2990 propter
3064 2923 3153 2976 Dei
3223 2927 3451 2983 misera-

1898 3005 2071 3059 tiones
2124 3016 2177 3059 et
2230 3008 2652 3062 inenarrabilem
2723 3012 3039 3065 bonitatem.
3099 3011 3222 3067 Haec
3271 3010 3449 3069 autem

1893 3100 2113 3151 omnino
2137 3100 2404 3153 discernet
2433 3101 2762 3170 episcopalis
2781 3104 3134 3159 examinatio.

1959 3189 2208 3244 ZONAR.
2237 3189 2292 3245 Si
2327 3192 2468 3260 quis,
2499 3193 2681 3246 multis
2732 3193 2857 3247 licet
2888 3195 3221 3251 facinoribus
3260 3197 3445 3257 irreti-

1890 3292 1993 3346 tus,
2026 3294 2206 3336 tamen
2254 3299 2345 3348 ea,
2406 3268 2723 3351 pmnitentia
2755 3288 2972 3349 ductus,
2996 3288 3243 3341 contiteri
3301 3290 3449 3355 velit,

1886 3378 2227 3443 admissaquc
2257 3375 2455 3444 ﬂagitia
2483 3378 2698 3444 penitus
2757 3389 3078 3445 aversetur;
3116 3396 3213 3449 pro
3259 3381 3451 3447 crimi-

1886 3484 2010 3520 num
2044 3472 2272 3528 ratmue.
2344 3469 2541 3543 quibus
2597 3469 2899 3525 obstrictus
2944 3482 3049 3535 est,
3115 3472 3449 3543 poenitentiae.

1889 3567 2095 3624 tempus
2124 3558 2321 3610 homini
2347 3541 2809 3624 prze'scribendunt
2837 3577 2850 3612 :
2908 3561 3087 3630 itaque
3117 3541 3126 3543 ί
3153 3562 3254 3616 sibi
3307 3578 3449 3633 aegre

1808 3660 1809 3667 ‘
1884 3663 1997 3700 esse
2017 3663 2133 3716 quae
2158 3651 2386 3718 patravit
2412 3650 2755 3716 indicantem,
2781 3653 2985 3707 admitti
3001 3670 3119 3707 eum
3148 3664 3200 3708 et
3219 3655 3270 3708 in
3296 3672 3446 3709 com-

1886 3757 2190 3794 mumonem
2230 3744 2393 3811 recipi
2434 3747 2609 3796 canon"
2668 3744 2943 3799 decernit:
2995 3762 3169 3815 neque
3226 3763 3353 3802 vero
3389 3757 3446 3802 ut

1884 3835 2184 3886 divinorum
2212 3835 2589 3902 mysteriorum
2648 3838 2993 3905 perceptione
3046 3840 3237 3907 dignus
3272 3840 3441 3893 babe-

1885 3934 2054 3996 retur,
2111 3928 2277 3995 ipsius
2334 3928 2661 3995 diligentia},
2713 3930 2807 3984 sed
2870 3929 2962 3982 Dei
3001 3931 3334 3985 miserationi
3381 3945 3444 3985 ac

1883 4018 2037 4085 longe
2056 4019 2300 4071 maxima).
2332 4020 2557 4073 bonitati
2588 4021 2781 4075 ascribi
2806 4032 3055 4089 oportere
3087 4024 3439 4076 demonstrat.

1880 4108 2107 4163 AltlST.
2140 4129 2157 4160 ι
2192 4111 2290 4176 Qui
2326 4112 2490 4166 variis
2531 4113 2742 4167 delictis
2781 4112 3025 4168 obstricti
3082 4125 3231 4177 sunt,
3278 4094 3324 4168 si
3376 4116 3442 4168 iis

1959 4218 1976 4251 ι
2022 4204 2253 4270 cognitis
2314 4203 2699 4268 conﬁteantur,
2737 4214 2789 4259 et
2849 4221 2946 4274 pro
3001 4220 3188 4261 eorum
3232 4206 3442 4262 ratione

1955 4314 1973 4347 ι
2006 4297 2375 4361 paenitentiam
2409 4306 2590 4366 agant,
2631 4297 2783 4350 facile
2829 4297 3177 4365 recipiantur.
3206 4317 3224 4349 ι

1946 4388 2146 4443 Omnes
2169 4389 2257 4457 qui
2288 4401 2605 4458 peccarunt,
2628 4390 3034 4459 qualiacunque
3064 4392 3208 4444 dicat
3240 4391 3438 4459 aliquis

222 4511 619 4580 ἁμαρτήματα,
654 4481 702 4559 εί
734 4481 1120 4575 μετανοήσουσι
1162 4503 1253 4555 καὶ
1291 4501 1776 4570 ὲξομολογήσονται

1899 4497 2065 4534 torum
2093 4491 2333 4549 peccata,
2374 4482 2419 4536 si
2453 4483 2819 4551 pmnitentiam
2852 4484 3079 4556 egerint,
3115 4496 3166 4537 et
3210 4500 3275 4566 ea
3311 4500 3449 4563 con:

219 4601 409 4666 ταῦτα,
432 4600 527 4653 καὶ
554 4599 650 4670 τὴν
679 4597 1026 4667 ἀποστροφὴν
1050 4595 1156 4648 τῶν
1184 4595 1366 4646 κακῶν

168 4742 171 4747 ,
222 4709 425 4752 σονται.
461 4690 553 4744 καὶ
578 4691 718 4742 κατὰ
747 4691 845 4757 τὴν
874 4688 1163 4754 ἀναλογίαν
1194 4687 1286 4737 τοῦ
1315 4685 1653 4752 πταίσματος
1683 4684 1773 4735 τὸν

216 4783 444 4837 δοθέντα
473 4784 656 4844 αὐτοῖς
690 4782 880 4852 καιρὸν
924 4782 1002 4843 είς
1032 4780 1321 4846 μετάνοιαν
1346 4781 1402 4830 ἐν
1446 4779 1774 4851 προσευχαῖς

219 4878 311 4929 καὶ
360 4877 620 4945 δάκρυσιν
674 4856 1086 4927 ὲκτελέσουσινο
1138 4870 1642 4940 παραδεχθὴσονται
1691 4870 1771 4931 εἰς

216 4968 500 5019 κοινωνίαν
532 4965 621 5019 διά
662 4966 786 5027 τοὺς
828 4963 1143 5032 οἰκτιρμοὺς
1187 4961 1281 5014 καὶ
1322 4960 1420 5029 τὴν
1463 4957 1771 5028 ἀγαθότητα

213 5056 304 5109 τοῦ
329 5056 489 5109 Θεοῦ.
563 5075 569 5089 ι

217 5236 237 5272 t
271 5220 405 5290 Περὶ
431 5218 522 5275 τοῦ
558 5218 630 5289 μὴ
658 5218 766 5273 δεῖν
794 5146 1227 5285 τὲἑτῇῗῗφάτως
1252 5214 1586 5284 φωτισθέντα
1603 5231 1768 5282 προσ·

495 5330 513 5362 ι
559 5312 785 5380 άγεσθαι
821 5313 878 5362 ἐν
901 5310 1138 5377 τάγματι
1171 5308 1478 5378 ἱερατικῷ.»

278 5401 471 5456 ΒΔΛΣ.
529 5401 821 5468 Ἀνάγνωθι
857 5399 964 5453 τῶν
1009 5399 1177 5466 ἁγίων
1214 5398 1525 5451 ἀποστόλων
1564 5398 1762 5457 κανόνα

208 5498 282 5554 π’,
327 5493 544 5545 συνόδου
578 5494 813 5555 Νικαίας
844 5492 1040 5545 κανόνα
1070 5488 1137 5560 β’,
1169 5490 1235 5543 τά
1267 5490 1403 5544 αὑτά
1434 5489 1510 5559 τῷ
1540 5493 1763 5561 παρόντι

207 5601 329 5637 καν.
365 5584 719 5649 θεσπίζοντας
748 5584 908 5655 χάριν
936 5582 1045 5636 τῶν
1078 5582 1404 5656 προσφάτως
1434 5582 1759 5652 βαπτισθέν-

206 5691 333 5741 των,
387 5677 481 5731 atati
526 5676 832 5748 ζητούντων
879 5678 1188 5750 ίερωθῆναι.
1245 5679 1301 5732 '0
1350 5679 1533 5751 μέντοι
1586 5682 1757 5754 μέγας

1387 4592 1594 4646 τελείαν
1621 4594 1775 4661 ποιή-

1899 4571 2250 4634 issifuerint,
2304 4582 2409 4626 eta
2470 4572 2624 4631 malis
2660 4575 2895 4642 perfecte
2946 4590 3003 4628 se
3052 4578 3435 4641 converterint,

1861 4648 1931 4717 iet
1962 4664 2253 4732 tempusad
2286 4663 2651 4731 ptenitentiam
2711 4666 2971 4732 agendum
3026 4669 3317 4719 secundum
3342 4667 3439 4719 dc-

1880 4758 1985 4809 itCli
2013 4757 2406 4823 proportionem
2431 4757 2498 4809 iis
2528 4772 2845 4810 concessum
2883 4758 3132 4826 precibus
3158 4768 3214 4813 et
3258 4758 3437 4829 lacry-

1880 4849 1979 4899 mis
2006 4848 2599 4921 absolyerinkpropter
2638 4847 2733 4902 Dei
2764 4850 3138 4906 miserationes
3187 4861 3240 4905 et
3273 4850 3429 4915 boui-

1880 4948 2039 4992 tatem
2065 4939 2115 4991 in
2150 4939 2581 5015 communionem
2614 4941 2967 5011 recipientur.
3195 4924 3204 4933 ’

2469 5146 2699 5201 CANON
2740 5149 2829 5203 Ill.

1884 5250 1901 5282 ι
1920 5230 2074 5297 Quod
2102 5250 2205 5288 non
2232 5248 2442 5307 oportet
2465 5254 2610 5303 eum,
2633 5242 2723 5309 qui
2758 5256 2947 5297 recens
2973 5244 3278 5312 baptizatus
3320 5258 3425 5315 est,

1942 5346 1959 5377 ι
2002 5326 2052 5378 in
2079 5327 2320 5382 ordinem
2354 5332 2735 5386 sacerdotalem
2762 5336 3085 5401 promoveri.
3122 5354 3143 5389 ι

1936 5417 2129 5471 BALS.
2160 5419 2297 5490 Lege
2321 5434 2633 5477 sanctorum
2653 5426 3015 5492 apostolorum
3041 5444 3302 5485 canonem
3328 5432 3419 5498 80,

1863 5509 2052 5580 synodi
2080 5508 2309 5567 Niczente
2338 5529 2601 5568 canonem
2634 5514 2691 5578 2,
2724 5516 2814 5584 qui
2875 5519 3063 5572 eadem
3113 5535 3235 5575 cum
3280 5538 3419 5593 prte~

1863 5602 2004 5656 senti
2042 5617 2247 5659 canone
2287 5605 2604 5672 decernunt,
2630 5607 2698 5660 de
2733 5609 2796 5664 iis
2838 5610 2931 5680 qui
2988 5625 3110 5669 sunt
3178 5630 3423 5671 recemer

1862 5694 2146 5785 baptizati,
2170 5708 2224 5757 et
2251 5712 2436 5770 petunt
2467 5705 2530 5759 ad
2567 5719 2751 5760 sacros
2802 5708 3019 5779 ordines
3046 5710 3274 5768 admitti.
3308 5712 3416 5793 tta-
