3958 6242
237 344 380 409 1353

1384 341 1469 398 ιν
1503 338 1672 398 CAN.
1718 338 1801 396 ιχ
1850 298 2057 398 CONc.
2129 339 2342 399 LAOD.

3338 333 3471 400 135i

238 463 373 530 γοῦν
415 460 691 521 τοιούτους
737 457 1187 527 ἐπιστρέφοντας.
1248 454 1341 505 καὶ
1390 456 1455 522 τῇ
1511 450 1797 520 Ἐκκλησία

1910 461 2135 506 eateros
2166 453 2610 517 existimationis,
2657 469 2720 507 ac
2782 453 2945 507 veluti
2985 456 3263 508 doctorum
3296 456 3472 510 locum

236 554 723 626 προσερχομένους,
772 550 828 613 ἐξ
885 546 1065 599 αὐτῶν
1095 546 1291 606 οἵτινες
1329 544 1393 597 ἂν
1438 539 1573 606 εἶεν,
1634 545 1662 595 ό
1707 560 1804 593 κα-

235 645 341 699 νὼν
370 642 720 711 κατηχείσθαι
751 640 845 692 καὶ
870 637 1227 708 βαπτίζεσθαι
1253 634 1522 703 βούλεται,

1912 544 2243 607 obtinentes,
2273 544 2363 613 qui
2402 547 2469 597 ab
2510 545 2614 597 illis
2640 544 2802 597 etiam
2847 544 3198 598 Maximorum
3233 548 3476 616 appella-

1917 634 2065 707 tipne
2104 635 2548 701 designabantur.
2589 634 2662 687 Ex
2697 650 2885 689 eorum
2936 636 3102 705 igitur
3136 654 3355 691 numero
3379 652 3469 706 qui

234 745 439 793 mutata
472 734 746 788 voluntate
791 732 857 785 ad
898 729 1193 782 Ecclesium
1225 725 1420 779 reverti
1455 723 1795 785 statuerint,
1836 724 2156 793 quicunque
2206 727 2424 779 demum
2480 726 2553 779 illi
2604 728 2736 790 sint,
2787 741 2881 780 eos
2957 744 3153 793 canon,
3201 738 3255 783 et
3325 741 3477 783 cata-

235 826 384 880 chcsi
416 824 636 888 instrui,
667 833 719 876 et
749 821 973 874 salutari
1006 819 1257 887 baptismi
1296 819 1512 870 lavacro
1542 814 1793 882 perfundi
1831 815 2007 884 jubet.

226 919 456 973 πΑΡΙΣΤ.
520 935 539 969 t
571 914 784 985 Φρύγες
843 913 1272 984 μεταμελόμενοι
1329 908 1810 973 ἀναϐαπτιζέσθω-

308 1028 328 1061 ι
366 1025 485 1073 σαν,
516 1008 564 1059 εί
589 1007 682 1060 καὶ
707 1006 834 1074 παρ’
859 1005 1087 1064 ἐκείνοις
1110 1002 1501 1071 κεκλήρωνται.
1540 1020 1558 1051 ι

304 1106 415 1157 Καὶ
436 1102 584 1154 οὗτοι
612 1098 1114 1170 μεταμεληθέντες.
1141 1098 1235 1149 καὶ
1256 1096 1362 1148 ἀπὸ
1396 1096 1493 1164 τῆς
1545 1094 1811 1164 αἱρέσεως

224 1196 411 1249 αὐτῶν
467 1194 927 1262 ἐπιστρέφοντες,
994 1189 1088 1241 καὶ
1141 1190 1208 1259 τῇ
1268 1188 1559 1256 ἀμωμήτῳ
1629 1187 1808 1236 πίστει

225 1285 685 1354 προσερχόμενοι,
733 1283 827 1335 καὶ
879 1281 977 1342 τάς
1017 1280 1259 1348 αἱρέσεις
1306 1279 1509 1340 πάσας,
1569 1277 1662 1329 καὶ
1710 1275 1808 1343 τὴν

231 1378 410 1431 αὐτῶν
428 1373 925 1443 νάναθεματίζοντες
950 1371 1367 1441 προσδέχονται,
1404 1371 1499 1420 καὶ
1523 1368 1660 1438 μετά
1710 1367 1814 1418 πά-

220 1486 334 1538 ησης
379 1469 699 1538 ἐπιμελείας
753 1466 1121 1536 κατηχοῦνταί
1191 1483 1249 1517 τε
1292 1466 1387 1517 καὶ
1428 1462 1809 1533 βαπτίζονται,

221 1567 336 1618 «ἂν
365 1567 423 1617 ὲν
453 1565 636 1633 κλήρῳ
674 1552 1022 1632 νομιζομένῳ
1058 1550 1190 1629 παρ’
1226 1561 1416 1622 αὐτοῖς
1462 1563 1575 1622 τοῖς
1613 1560 1813 1628 Φρυξὶν

230 1651 552 1720 ἐτύγχανον.
612 1645 772 1702 Οὗτοι
800 1650 855 1701 δὲ
901 1651 949 1701 οἱ
970 1649 1177 1719 Φρύγες
1219 1650 1327 1702 ἀπὸ
1364 1650 1670 1702 ’Μοντανοῦ
1716 1649 1813 1704 καὶ

238 1741 568 1811 Πρισκίλλης
603 1741 762 1809 ἔσχον
790 1742 887 1810 τὴν
911 1741 1145 1810 αἵρεσιν.
1188 1742 1248 1793 Ὀ
1290 1740 1346 1794 δὲ
1385 1740 1653 1803 Μοντανὸς
1712 1735 1807 1793 οὗ·

226 1849 320 1894 τος
351 1834 700 1902 παράκλητον
727 1833 917 1885 ἑαυτὸν
965 1833 1378 1902 προσηγόρευσε
1418 1849 1431 1861 ·
1482 1832 1575 1884 δύο
1619 1835 1805 1899 γυναῖ-

227 1942 330 1987 κας
355 1925 628 1991 πορνικῶς
655 1925 799 1994 ἔσχε,
833 1925 1165 1992 Πρίσκιλλαν
1188 1928 1280 1978 καὶ
1325 1925 1669 1995 Μαξίμιλλαν
1689 1940 1704 1955 ⁸
1738 1924 1805 1988 ἃς

220 2021 320 2069 καὶ
348 2019 681 2086 προφήτιδας
709 2018 933 2071 ἐκάλεσε
970 2037 981 2047 ο
1021 2018 1291 2086 πολίχνιόν
1313 2036 1366 2070 τι
1409 2020 1508 2085 τῆς
1530 2020 1805 2087 Φρυγίας,

223 2116 350 2182 τὴν.
376 2114 649 2177 [ιέζουσαν
689 2114 1047 2185 Ἰερουσαλὴμ
1091 2116 1345 2185 ὠνόμασε
1387 2132 1401 2145 ⁸
1442 2118 1653 2185 γάμους
1709 2119 1807 2167 ἐπ-

220 2206 421 2275 έτρεψε
464 2205 705 2270 λύεσθαι,
770 2210 863 2259 καὶ
896 2207 1197 2277 βρωμάτων
1244 2207 1544 2276 ἀπέχεσθαι
1574 2224 1588 2239 ·
1616 2209 1675 2260 τὸ
1700 2207 1808 2259 Πά-

225 2312 336 2364 σχα
366 2295 649 2366 διέστρεψε
670 2312 685 2326 ·
712 2298 803 2348 κινῶ⁴
830 2298 927 2358 τὰς
948 2300 1108 2364 τρεῖς
1137 2297 1464 2357 ὑποστάσεις
1491 2297 1592 2364 τῆς
1616 2300 1805 2366 όμοου-

229 2386 350 2439 σίου
398 2386 665 2455 Θεότητος
718 2390 795 2449 εἰς
867 2387 923 2439 ἓν
980 2387 1180 2457 συνῆψε
1242 2389 1534 2456 πρόσωπον
1583 2390 1804 2457 συγχεό⁹

230 2496 417 2548 μενον.
449 2474 600 2548 Αἷμα
625 2480 978 2547 ἀναμιγνύειν
1004 2479 1239 2549 ἀλεύρῳ,
1262 2482 1357 2533 καὶ.
1384 2485 1463 2541 εἰς
1507 2481 1803 2550 μετάληψιν

230 2569 393 2622 τοῦτο
416 2570 619 2622 διδόναι
645 2570 850 2634 ἐδίδαξε
886 2586 899 2598 '
933 2570 1031 2641 τὴν
1083 2571 1139 2623 δὲ
1175 2571 1390 2636 μέθεξιν
1439 2571 1631 2623 τούτου
1680 2574 1803 2636 τοὺς

229 2657 748 2727 μεταλαμϐάνοντας
776 2659 844 2711 δι’
862 2660 1121 2730 αἰσχύνην
1152 2661 1451 2731 ἀρνεῖσθαι.

846 2751 1084 2804 ΚΑΝΩΝ
1111 2752 1187 2805 Θ’.

229 2863 256 2898 ι
298 2846 429 2915 Περὶ
452 2844 546 2897 τοῦ
579 2844 652 2914 μὴ
688 2847 990 2914 συγχωρεῖν
1024 2846 1190 2907 εἰςτά
1241 2847 1577 2917 κοιμητήρια
1764 2848 1796 2916 ἢ

308 2954 326 2987 ι
373 2938 452 2998 εἰς
482 2935 550 2988 τὰ
576 2936 846 3017 λεγόμενα
872 2937 1150 3005 μαρτύρια
1184 2938 1402 2990 πάντων
1430 2940 1541 2990 τῶν
1598 2941 1800 3007 αἱρετι-

302 3047 327 3078 ‹
375 3027 487 3080 κῶν
518 3030 739 3082 ἀπιέναι
766 3029 891 3089 τοὺς
926 3028 1025 3097 τῆς
1077 3029 1423 3097 Ἑκκλησίας,
1450 3033 1615 3100 εὐχῆς
1658 3032 1689 3101 ἢ
1717 3031 1802 3082 θε-

306 3140 325 3171 ι
377 3121 607 3189 ραπείας
636 3121 798 3173 ἕνεκα
822 3137 837 3152 ο
868 3120 1001 3171 ἀλλά
1035 3121 1159 3182 τοὺς
1214 3122 1510 3184 τοιούτους,
1558 3124 1652 3173 ὲάν
1697 3116 1795 3175 ὦσι
1823 3140 1866 3196 α

304 3230 325 3263 ι
371 3212 575 3273 πιστοὶ,
638 3215 1039 3281 ἀκοινωνήτους
1094 3212 1338 3279 γίνεσθαι
1412 3214 1572 3282 μέχρι
1628 3216 1794 3278 τινός·

308 3323 327 3356 ι
377 3304 769 3373 μετανοοῦντας
808 3305 863 3355 δὲ
906 3307 1000 3356 καὶ
1039 3304 1562 3374 ἐξομολογουμένους
1605 3309 1799 3375 ἐσφάλ-

307 3416 327 3448 ι
375 3397 487 3459 θαι,
517 3395 942 3465 παραδέχεσθαι.
979 3415 996 3447 ι

299 3490 493 3542 ΒΑΛΣ.
552 3490 762 3557 Ὠσπερ
802 3488 857 3538 ὲν
907 3488 985 3556 τῷ
1014 3488 1068 3551 ς’
1122 3490 1305 3541 κανόνι
1346 3490 1697 3558 ἐκωλύθησαν
1748 3493 1796 3543 ei

224 3581 494 3649 αἱρετικοὶ
525 3578 755 3629 εἰσιέναι
784 3579 862 3637 εἰς
885 3578 975 3629 τὸν
999 3574 1147 3629 οἷκον
1170 3581 1263 3632 τού
1293 3578 1429 3632 Θεοῦ
1458 3621 1472 3642 ,
1514 3582 1654 3634 οὕτω
1705 3584 1797 3634 καὶ

230 3668 462 3720 ἐνταῦθα
515 3667 817 3719 κωλύονται
866 3668 916 3719 οἱ
963 3669 1146 3721 πιστοὶ
1198 3671 1426 3722 ἀπιέναι
1470 3672 1550 3733 εἰς
1590 3673 1659 3724 τά
1685 3672 1795 3724 τῶν

228 3760 523 3829 αἰρετικῶν
576 3761 927 3829 κοιμητήρια,
978 3759 1010 3830 ἢ
1069 3762 1149 3823 εἰς
1195 3761 1263 3813 τὰ
1313 3764 1583 3831 λεγόμενα
1644 3766 1796 3833 παρὰ

230 3855 434 3905 τούτων
511 3852 809 3923 μαρτύρια.
877 3853 963 3915 Ὡς
1013 3853 1068 3905 δέ
1110 3870 1252 3916 τινος
1297 3855 1562 3917 εἰπόντος,
1623 3857 1684 3908 El
1739 3857 1794 3909 δὲ

230 3945 455 3997 ἀπέλθοι
519 3944 709 4006 πιστὸς
755 3948 835 4008 εἰς
898 3945 1117 4009 σύναξιν
1170 3947 1465 4015 αἱρετικὼν
1509 3948 1672 4016 χάριν
1699 3948 1792 4000 τοῦ

228 4035 575 4088 καταπτῦσαι
618 4036 813 4103 αὐτῆς,
848 4036 933 4088 ἵνα
976 4037 1030 4087 τί
1073 4036 1503 4106 κολασθήσεται;
1551 4040 1714 4091 Φασὶν
1744 4040 1791 4090 οἱ

230 4128 478 4199 Πατέρες
508 4128 751 4189 ἐκείνους
779 4129 1175 4198 ἀχοινωνήτους
1206 4127 1349 4182 εἶναι
1398 4131 1531 4198 πρὸς
1578 4133 1789 4200 καιρὸν,

228 4222 399 4293 ἡγουν
426 4221 865 4290 ἀφωρισμένως,
894 4220 1023 4283 τοὺς
1051 4224 1212 4289 χάριν
1237 4221 1400 4289 εὐχῆς
1435 4223 1466 4291 ἢ
1493 4221 1791 4290 θεραπείας

172 4376 183 4387 ‘
225 4314 489 4375 ἀπιόντας
529 4316 608 4376 είς
642 4314 707 4367 τὰ
759 4313 870 4366 τῶν
903 4313 1198 4379 αἱρετικῶν
1224 4313 1522 4382 μαρτύρια,
1556 4312 1648 4375 οὓς
1697 4317 1791 4367 καὶ

232 4404 629 4473 μετανοοῦντας
668 4404 759 4456 καὶ
804 4402 1268 4472 ἐπιγινώσκοντας
1315 4407 1377 4454 τὸ
1428 4403 1555 4472 παρ’
1607 4404 1786 4457 αὐτῶν

1910 908 2136 965 ARIST.
2176 930 2197 962 ‹
2236 911 2475 981 Phryges
2499 911 2884 981 resipiscentes
2904 911 3082 966 denuo
3106 912 3474 980 baptizantur,

2018 1022 2037 1052 ι
2078 1004 2295 1057 etiamsi
2338 1004 2406 1056 ab
2436 1003 2543 1056 illis
2576 1002 2628 1055 in
2663 1004 2870 1056 clerum
2907 1007 3141 1072 enoptati
3164 1016 3309 1059 Sunt.
3344 1026 3362 1058 υ

1979 1093 2047 1145 Et
2079 1093 2130 1144 hi
2158 1094 2525 1162 paenitentiam
2555 1103 2778 1161 agentes
2809 1102 2858 1147 et
2884 1095 2949 1147 ab
2982 1095 3172 1148 haeresi
3215 1112 3311 1149 sua
3348 1114 3477 1151 cun-

1909 1185 2073 1245 versi,
2100 1196 2151 1237 et
2183 1186 2247 1238 ad
2283 1185 2613 1253 inculpatum
2640 1185 2798 1238 (idem
2830 1186 3174 1249 accedentes,
3198 1196 3251 1241 et
3283 1204 3475 1241 omnes

1910 1277 2163 1341 lia-roses,
2226 1278 2389 1330 etiam
2453 1294 2629 1337 suam,
2681 1278 3231 1344 anathematizantes,
3279 1280 3478 1333 admit-

1909 1378 2120 1433 tuntur,
2172 1380 2227 1424 et
2268 1371 2727 1440 omnidiligentia
2778 1371 3155 1433 instruuntur,
3194 1380 3247 1425 et
3294 1372 3474 1440 bapti-

1907 1470 2121 1525 zantur,
2169 1463 2419 1530 quamvis
2471 1464 2522 1515 in
2556 1464 2726 1525 clero,
2778 1472 2834 1515 ut
2860 1464 3003 1531 apud
3061 1464 3183 1518 illos
3237 1464 3473 1535 Phryges

1915 1556 2288 1622 existimatur,
2317 1555 2538 1609 fuerim.
2564 1553 2623 1607 lli
2658 1567 2835 1609 autem
2869 1554 3110 1626 Phryges
3158 1572 3185 1608 a
3218 1556 3472 1611 Montano

1907 1656 1963 1700 et
2006 1645 2247 1702 Priscilla
2303 1650 2551 1703 hrcresim
2589 1649 2913 1702 habuerunt.
2965 1649 3255 1705 Montanus
3286 1651 3385 1706 iste
3413 1638 3473 1703 sle

1907 1743 2240 1810 paracletum
2274 1745 2507 1798 vocavit.
2563 1742 2707 1797 Duas
2759 1744 3016 1798 mulieres
3068 1754 3126 1796 tit
3154 1745 3472 1799 meretrices

1908 1833 2095 1887 habuit
2111 1834 2408 1888 Priscillam
2422 1844 2478 1888 et
2496 1834 2865 1897 Maximillam,
2880 1832 3015 1902 quas
3032 1842 3085 1886 ct
3100 1836 3472 1902 prophetissas

1911 1929 2141 1981 vocavit.
2207 1926 2469 2001 Pansam
2510 1928 2828 2006 oppidulum
2886 1925 3159 1992 quoddam
3229 1927 3474 1996 Phrygia:

1907 2020 2067 2091 457
2100 2020 2530 2087 HierOsolymam
2582 2021 2905 2074 nominavit.
2953 2020 3181 2087 Nuptias
3224 2022 3471 2087 permisit

1907 2117 2066 2178 $0i\l,
2118 2123 2172 2166 et
2211 2129 2241 2165 a
2265 2113 2402 2165 cibis
2434 2113 2721 2166 abstinere.
2758 2111 2963 2165 Pascha
2998 2115 3209 2177 evertit,
3242 2124 3295 2167 et
3354 2123 3467 2167 tres

1906 2205 2361 2259 consubtantialis
2409 2205 2632 2257 Deitatis
2671 2204 3003 2259 substantias
3032 2207 3086 2259 in
3152 2221 3312 2259 unam
3338 2224 3470 2260 con-

1908 2297 2080 2350 fusam
2112 2312 2393 2365 personam
2428 2297 2720 2351 contraxit.
2755 2296 3086 2366 Sanguinem
3117 2296 3297 2378 farina
3313 2314 3469 2352 com-

1907 2391 2166 2451 miscete,
2204 2405 2436 2459 eumque
2484 2390 2549 2443 ad
2578 2391 3052 2460 participationem
3100 2392 3229 2445 dare
3249 2393 3468 2457 docuit;

1904 2482 2062 2536 istius
2093 2491 2270 2532 autem
2314 2482 2784 2548 participationem
2823 2481 3290 2536 communicantes
3330 2496 3428 2552 pro
3454 2512 3470 2522 -

1904 2582 2022 2642 pter
2070 2573 2343 2627 infamiam
2368 2575 2652 2642 denegare.
2736 2590 2748 2604 ο

2496 2750 2726 2806 CANON
2780 2752 2877 2807 1X.

1904 2858 1923 2888 ι
1964 2842 2081 2894 Non
2131 2842 2541 2897 concedendum
2587 2859 2708 2899 esse
2743 2857 2800 2899 ut
2838 2847 2891 2899 in
2951 2856 3265 2902 coemeterta
3300 2848 3382 2902 vel
3412 2847 3465 2901 iu

1980 2950 1997 2981 ι
2041 2947 2101 2986 ea
2135 2947 2255 2999 qum
2301 2934 2558 2988 dicuntur
2612 2936 2868 3005 martyria
2915 2939 3235 3006 quarumvis
3295 2939 3467 2992 liaare-

1980 3039 2000 3071 ‹
2046 3022 2297 3085 ticorum,
2333 3024 2529 3076 abeant
2563 3024 2599 3075 ii
2642 3024 2735 3091 qui
2775 3032 2901 3077 sunt
2950 3024 3227 3087 Ecclesiae,
3258 3027 3466 3078 oratio-

1983 3132 2001 3163 ι
2038 3116 2124 3167 uis
2170 3115 2250 3167 vel
2295 3115 2595 3168 curationis
2644 3116 2837 3183 gratia.
2908 3115 3013 3169 Sed
3050 3115 3221 3178 tales,
3254 3116 3299 3169 si
3356 3116 3467 3170 sint

1989 3225 2007 3255 ι
2049 3206 2252 3268 lideles,
2298 3222 2419 3261 esse
2471 3208 2871 3277 aliquantisper
2908 3208 3461 3264 exeommuuieatos:

1985 3320 2002 3348 ι
2041 3299 2123 3352 sin
2184 3308 2365 3350 autem
2416 3300 2734 3366 pmnitentia
2780 3298 3068 3363 ducantur,
3120 3310 3173 3354 et
3222 3317 3281 3356 se
3329 3302 3464 3356 deli-

1983 3409 2000 3440 ‹
2040 3391 2225 3457 quisse
2257 3392 2643 3456 conliteantur,
2671 3392 2899 3461 suscipi.
2932 3411 2950 3442 ι

1979 3482 2174 3538 BALS.
2225 3481 2692 3548 Quemadmodum
2750 3485 2802 3537 in
2847 3500 3057 3541 canone
3120 3485 3152 3540 6
3202 3486 3461 3556 prohibiti

1896 3586 2026 3630 sunt
2055 3578 2291 3631 haeretici
2335 3579 2389 3631 in
2421 3577 2640 3631 domum
2672 3578 2999 3657 Dei‘ingredi
3025 3621 3041 3641 ,
3094 3580 3164 3635 ita
3195 3583 3280 3635 hic
3319 3597 3453 3651 quo-

1897 3684 2002 3736 que
2044 3670 2402 3737 prohibentur
2447 3669 2633 3723 ﬁdeles
2710 3670 3090 3733 haereticorum
3151 3674 3459 3727 cmiiieteria

1900 3758 1981 3811 vel
2034 3774 2158 3828 qua:
2220 3762 2360 3828 apud
2415 3775 2510 3814 eos
2565 3759 2818 3815 dicuntur
2868 3765 3169 3832 martyria,
3228 3764 3457 3834 ingredi.

1896 3850 2175 3922 Tanquam
2235 3861 2416 3908 autem
2453 3853 2679 3908 dixisset
2712 3856 2984 3924 quispiam
3030 3873 3044 3909 :
3082 3857 3186 3911 Sed
3246 3860 3289 3911 si
3327 3874 3459 3926 pro-

1896 3946 2073 3999 lectus
2125 3945 2198 4000 sit
2243 3946 2416 4000 ﬁdelis
2452 3946 2724 4013 quispiam
2773 3947 2839 4000 ad
2899 3947 3279 4002 haereticorum
3322 3964 3459 4002 cou-

1892 4038 2291 4108 gregationem,
2345 4053 2453 4105 pro.
2494 4040 2573 4092 eis
2602 4039 2954 4093 exsecrandis
3008 4055 3071 4092 ac
3103 4040 3454 4107 despuendis,

1896 4147 1995 4182 cur
2030 4129 2322 4199 punietur?
2370 4114 2567 4183 Dicunt
2610 4129 2816 4192 Patres,
2847 4130 2967 4182 illos
2999 4146 3119 4184 esse
3148 4133 3212 4185 ad
3246 4142 3458 4202 tempus

1896 4230 2230 4290 segregatos,
2260 4220 2350 4289 qui
2398 4236 2495 4288 pro
2526 4222 2775 4275 oratione
2812 4221 2893 4273 vel
2942 4224 3222 4276 curatione
3251 4224 3315 4276 ad
3350 4224 3458 4277 ha:-

1894 4314 2187 4366 reticorum
2219 4313 2474 4381 martyria
2506 4312 2918 4381 proiicisCuntur
2951 4331 2965 4367 :
3002 4329 3142 4382 quos
3183 4324 3237 4368 et
3281 4317 3451 4383 pleni-

1892 4405 2116 4457 tentiam
2170 4411 2408 4473 agentes,
2461 4412 2513 4456 et
2565 4418 2722 4456 suum
2764 4405 3018 4457 delictum
3074 4417 3452 4476 agnoscentes.

229 4494 570 4563 ἐσφαλμένον
632 4493 1027 4563 προσδέχεσθαι
1083 4493 1430 4562 διορίζονται.
1488 4493 1787 4562 Ἀνάγνωθι

1906 4497 2634 4566 suscipiendosdecernunt.
2679 4494 2819 4566 Lege
2877 4506 3185 4551 sanctorum
3237 4510 3455 4567 aposto-

226 4588 336 4637 τῶν
368 4587 536 4651 ἁγίων
568 4586 876 4637 ἀποστόλων
910 4602 1032 4636 καν.
1063 4583 1134 4648 ξδ’
1183 4585 1275 4636 καὶ
1301 4589 1362 4649 ο’,
1386 4584 1485 4653 τῆς
1512 4574 1788 4653 παρούσης

231 4678 447 4728 συνόδου
481 4695 598 4730 καν.
636 4674 738 4739 κθ’,
766 4676 866 4745 λβκ
910 4677 1005 4736 λό’,
1038 4671 1138 4735 λζ’,
1168 4673 1249 4743 λη’
1298 4674 1393 4725 καὶ
1437 4673 1536 4736 λον,
1580 4676 1680 4743 τῆς
1726 4677 1785 4727 ἑν

231 4769 564 4839 Καρθαγένῃ
610 4768 822 4821 συνόδου
873 4768 1074 4820 κανόνα
1105 4765 1168 4829 ξ’,
1202 4766 1419 4834 καὶτῆς
1448 4772 1500 4829 ς’
1530 4783 1652 4820 καν.
1688 4776 1779 4821 ια’.

1897 4591 2070 4642 lorum
2103 4603 2341 4643 canones
2376 4587 2445 4641 61
2488 4600 2539 4640 et
2579 4589 2643 4639 70
2674 4592 2952 4657 praesentis
2989 4592 3180 4660 synodi
3213 4607 3451 4648 canones

1892 4679 2399 4744 29,52,34,57,58et
2417 4679 2956 4749 59,0arthagiuensis
2970 4683 3158 4751 synodi
3191 4700 3454 4739 canonem

1892 4772 1959 4827 60
1976 4784 2030 4827 et
2050 4783 2213 4827 sexta:
2245 4773 2432 4843 synodi
2463 4788 2725 4825 canonem
2769 4774 2856 4831 Η,
2894 4775 3143 4850 Martyria
3168 4790 3343 4833 autem
3374 4779 3456 4832 di-

1443 4928 1630 4991 Guill.
1657 4933 1977 5012 Beveregii
2015 4944 2197 4995 noue.

243 5054 263 5134 '_
304 5055 417 5124 (57)
443 5054 641 5134 Εἰς
672 5055 1044 5122 κοιμητήρια.
1063 5055 1273 5134 ἈΞάεξ,
1300 5062 1497 5134 quibus
1525 5066 1790 5134 peregrini

232 5126 467 5202 dormire
494 5126 819 5202 soliti-sunt,
847 5126 1181 5202 κοιμητήρια
1209 5126 1351 5181 dicta
1372 5126 1621 5195 fuerunt,
1652 5126 1790 5202 apud

238 5197 581 5255 Athenaeum,
610 5197 703 5248 lib.
743 5211 815 5259 iv,
846 5211 964 5264 cap.
1014 5198 1067 5259 5,
1120 5202 1578 5266 quemadmodum
1636 5197 1789 5259 locus

230 5266 490 5344 cmnobii,
519 5268 604 5344 ubi
642 5266 892 5344 lno-naehi
916 5268 1211 5344 dormiunt,
1272 5270 1640 5326 dormitorium
1689 5292 1786 5344 ap-

234 5338 484 5400 pellatur.
526 5335 661 5388 thc
696 5338 1011 5396 Christiani,
1042 5338 1184 5389 docti
1229 5353 1457 5393 mortem
1488 5345 1616 5396 nihil
1640 5335 1784 5399 aliud

228 5418 369 5481 csse,
394 5421 555 5473 quam
578 5408 951 5459 munitionem
969 5412 1256 5474 quamdam
1280 5426 1451 5479 usque
1478 5414 1541 5464 ad
1561 5430 1786 5481 genera-

229 5474 331 5526 lem
366 5480 840 5549 resurrectiouetn,
881 5494 984 5544 qua
1023 5493 1211 5531 omnes
1245 5474 1630 5549 expergeﬂetit,
1661 5488 1775 5539 loca

230 5547 458 5624 mortuis
511 5548 625 5624 suis
680 5546 1005 5624 sepeliendis
1095 5546 1359 5601 destinata
1415 5546 1774 5624 ᾂοιμητήριαο

225 5622 379 5680 qtiasi
400 5618 552 5668 dicas
581 5617 918 5679 dormitorio,
956 5631 1360 5684 nuncuparunt.
1398 5620 1479 5673 Ad
1509 5617 1622 5677 huic
1643 5617 1775 5678 "ita;

222 5700 332 5752 que
362 5688 474 5741 loca
509 5685 802 5739 Christiani
829 5688 958 5740 olim
1002 5690 1290 5741 convenire
1321 5694 1566 5745 consueti
1624 5706 1771 5750 sunt.

226 5755 379 5813 Unde
419 5755 751 5810 :Emilianus
771 5753 986 5826 ngypti
1029 5758 1316 5824 praefectus
1353 5761 1460 5815 illis
1490 5763 1592 5817 hoc
1646 5781 1776 5833 pro-

498 5853 769 5912 Pn‘uet.
804 5853 917 5910 tiu.
960 5853 1061 5912 CX
1077 5850 1313 5912 XXVII.

1893 5069 2085 5131 hibuit,
2119 5067 2374 5135 οὐδαμῶς
2409 5067 2465 5119 δὲ
2488 5068 2723 5132 ἐξέσται,
2755 5071 2946 5134 inq‘tit,
2998 5069 3119 5120 οὐτε
3176 5071 3304 5137 ὑμῖν
3324 5070 3446 5124 οὔτε

1888 5138 2070 5200 ἄλλοις
2090 5140 2257 5201 τισὶν,
2287 5138 2318 5207 ἢ
2358 5137 2608 5198 συνόδους
2636 5139 2927 5203 ποιεῖσθαι,
2957 5140 2987 5206 ἢ
3021 5143 3101 5202 είς
3148 5143 3215 5191 τὰ
3244 5142 3444 5195 καλού-

1891 5225 2025 5278 μενα
2056 5210 2386 5278 κοιμητήρια
2416 5210 2664 5261 εἰσιέναι.
2709 5212 2904 5263 Euseb.
2938 5208 3078 5262 Hist.
3106 5210 3254 5264 Eccl.
3280 5213 3315 5264 l.
3351 5228 3445 5275 vn,

1888 5294 2010 5347 cap.
2039 5280 2090 5331 9.
2138 5277 2246 5331 Nec
2276 5277 2478 5331 tantum
2512 5280 2583 5331 ibi
2626 5282 2933 5340 convenire,
2956 5282 3047 5333 sed
3076 5293 3129 5335 et
3161 5298 3312 5336 sacra
3344 5284 3445 5337 ibi—

1888 5346 2006 5401 dein
2036 5349 2329 5410 Celebrarc,
2359 5357 2413 5400 et
2464 5364 2648 5416 preces
2684 5346 2795 5402 Deo
2856 5349 3079 5404 fundere
3122 5355 3263 5405 soliti
3299 5369 3443 5406 sunt.

1883 5419 2259 5479 Cassiodorus,
2287 5418 2507 5486 populus
2528 5422 2779 5489 jejunum;
2805 5434 2877 5472 est
2905 5437 3139 5489 egressus
3168 5423 3234 5474 ad
3264 5439 3448 5476 creme-

1885 5490 2075 5559 terium
2106 5490 2362 5541 orationis
2410 5506 2590 5542 causa.
2658 5488 2799 5542 Hist.
2863 5488 3076 5559 triparl.
3127 5494 3164 5546 l.
3200 5510 3249 5555 ν,
3296 5510 3345 5549 c.
3386 5497 3438 5550 5.

1885 5558 2019 5612 lliuc
2056 5561 2249 5626 templa
2281 5560 2332 5612 in
2361 5561 2477 5613 istis
2522 5561 2649 5614 locis
2680 5573 2860 5627 postea
2882 5558 3156 5617 esstructa
3197 5575 3342 5619 sunt.
3385 5567 3445 5618 Si

1884 5628 1935 5680 in
1963 5630 2269 5703 istiusmodi
2304 5633 2481 5697 itaque
2509 5631 2642 5684 locis
2687 5631 2928 5686 haeretici
2967 5636 3162 5703 sepulti
3200 5637 3328 5699 sint,
3355 5641 3439 5689 viti

1882 5712 1945 5749 ea
1978 5700 2041 5750 ad
2072 5700 2356 5754 haereticos
2383 5703 2711 5769 pertineant,
2738 5718 2953 5756 cautum
2978 5700 3059 5756 est
3102 5706 3202 5759 hoc
3232 5721 3440 5761 canone

1882 5785 1948 5821 ne
1977 5772 2098 5839 quis
2130 5773 2393 5826 orationis
2428 5787 2593 5828 causa
2632 5772 2757 5828 illuc
2788 5792 2845 5830 se
2878 5776 3141 5831 conferat.

3058 5868 3128 5926 43
