  <div class='ocr_page' id='page_1' title='image "/cluster/home/n/w/nwhite01/storage/ocr_20150623/137/hvd.32044073502536/728.png"; bbox 0 0 3958 6242; ppageno 0'>
   <div class='ocr_carea' id='block_1_1' title="bbox 288 339 425 404">
    <p class='ocr_par' dir='ltr' id='par_1_1' title="bbox 288 339 425 404">
     <span class='ocr_line' id='line_1_1' title="bbox 288 339 425 404; baseline 0.007 -1"><span class='ocrx_word' id='word_1_1' title='bbox 288 339 425 404; x_wconf 68' lang='grc' dir='ltr'><strong>Ῑ3ὸἸ</strong></span> 
     </span>
    </p>
   </div>
   <div class='ocr_carea' id='block_1_2' title="bbox 1488 349 2408 419">
    <p class='ocr_par' dir='ltr' id='par_1_2' title="bbox 1488 349 2408 419">
     <span class='ocr_line' id='line_1_2' title="bbox 1488 349 2408 419; baseline 0.013 -12"><span class='ocrx_word' id='word_1_2' title='bbox 1488 349 1570 409; x_wconf 83' lang='grc' dir='ltr'>ΙΝ</span> <span class='ocrx_word' id='word_1_3' title='bbox 1602 349 1765 411; x_wconf 74' lang='lat' dir='ltr'><strong>CAN.</strong></span> <span class='ocrx_word' id='word_1_4' title='bbox 1807 351 1919 411; x_wconf 84' lang='lat' dir='ltr'><strong>XII</strong></span> <span class='ocrx_word' id='word_1_5' title='bbox 1960 353 2167 417; x_wconf 85' lang='lat' dir='ltr'><strong>CONC.</strong></span> <span class='ocrx_word' id='word_1_6' title='bbox 2196 358 2408 419; x_wconf 85' lang='lat' dir='ltr'><strong>LAOD.</strong></span> 
     </span>
    </p>
   </div>
   <div class='ocr_carea' id='block_1_3' title="bbox 3353 369 3485 437">
    <p class='ocr_par' dir='ltr' id='par_1_3' title="bbox 3353 369 3485 437">
     <span class='ocr_line' id='line_1_3' title="bbox 3353 369 3485 437; baseline 0.045 -6"><span class='ocrx_word' id='word_1_7' title='bbox 3353 369 3485 437; x_wconf 73' lang='lat'><strong>1358</strong></span> 
     </span>
    </p>
   </div>
   <div class='ocr_carea' id='block_1_4' title="bbox 283 456 1821 551">
    <p class='ocr_par' dir='ltr' id='par_1_4' title="bbox 283 456 1798 533">
     <span class='ocr_line' id='line_1_4' title="bbox 283 456 1798 533; baseline 0.005 -23"><span class='ocrx_word' id='word_1_8' title='bbox 283 456 444 527; x_wconf 80' lang='grc' dir='ltr'>γυνὴ,</span> <span class='ocrx_word' id='word_1_9' title='bbox 496 458 533 528; x_wconf 82' lang='grc' dir='ltr'><strong>ἡ</strong></span> <span class='ocrx_word' id='word_1_10' title='bbox 586 456 869 530; x_wconf 66' lang='grc' dir='ltr'>ἡγουμὲνη</span> <span class='ocrx_word' id='word_1_11' title='bbox 924 459 1124 532; x_wconf 74' lang='grc' dir='ltr'>δηλαδὴ</span> <span class='ocrx_word' id='word_1_12' title='bbox 1150 503 1165 528; x_wconf 93' lang='grc'><strong>,</strong></span> <span class='ocrx_word' id='word_1_13' title='bbox 1229 462 1420 515; x_wconf 81' lang='grc' dir='ltr'>πασῶν</span> <span class='ocrx_word' id='word_1_14' title='bbox 1474 465 1798 533; x_wconf 73' lang='grc' dir='ltr'><strong>προΐσταται</strong></span> 
     </span>
    </p>
   </div>
   <div class='ocr_carea' id='block_1_5' title="bbox 1927 456 3488 551">
    <p class='ocr_par' dir='ltr' id='par_1_5' title="bbox 1942 466 3488 551">
     <span class='ocr_line' id='line_1_5' title="bbox 1942 466 3488 551; baseline 0.013 -32"><span class='ocrx_word' id='word_1_15' title='bbox 1942 466 2001 520; x_wconf 87' lang='lat' dir='ltr'><strong>ﬁt</strong></span> <span class='ocrx_word' id='word_1_16' title='bbox 2033 471 2085 523; x_wconf 92' lang='lat' dir='ltr'><strong>in</strong></span> <span class='ocrx_word' id='word_1_17' title='bbox 2118 470 2439 525; x_wconf 83' lang='lat' dir='ltr'><strong>feminarum</strong></span> <span class='ocrx_word' id='word_1_18' title='bbox 2487 474 2852 539; x_wconf 65' lang='lat' dir='ltr'><strong>monasteriis,</strong></span> <span class='ocrx_word' id='word_1_19' title='bbox 2894 484 2947 529; x_wconf 68' lang='lat' dir='ltr'><strong>et</strong></span> <span class='ocrx_word' id='word_1_20' title='bbox 2978 493 3082 530; x_wconf 88' lang='lat' dir='ltr'><strong>una</strong></span> <span class='ocrx_word' id='word_1_21' title='bbox 3124 480 3336 543; x_wconf 92' lang='lat' dir='ltr'><strong>mulier,</strong></span> <span class='ocrx_word' id='word_1_22' title='bbox 3368 500 3488 551; x_wconf 81' lang='lat' dir='ltr'><strong>qme</strong></span> 
     </span>
    </p>
   </div>
   <div class='ocr_carea' id='block_1_6' title="bbox 298 550 1841 628">
    <p class='ocr_par' dir='ltr' id='par_1_6' title="bbox 298 550 1841 628">
     <span class='ocr_line' id='line_1_6' title="bbox 298 550 1841 628; baseline 0.006 -26"><span class='ocrx_word' id='word_1_23' title='bbox 298 550 576 613; x_wconf 82' lang='grc' dir='ltr'>Ἀκούσεις</span> <span class='ocrx_word' id='word_1_24' title='bbox 627 554 735 623; x_wconf 84' lang='grc' dir='ltr'>γὰρ</span> <span class='ocrx_word' id='word_1_25' title='bbox 794 554 875 607; x_wconf 84' lang='grc' dir='ltr'>ὅτι</span> <span class='ocrx_word' id='word_1_26' title='bbox 920 556 952 624; x_wconf 79' lang='grc' dir='ltr'>ἡ</span> <span class='ocrx_word' id='word_1_27' title='bbox 1009 557 1152 609; x_wconf 80' lang='grc' dir='ltr'><strong>κατά</strong></span> <span class='ocrx_word' id='word_1_28' title='bbox 1219 556 1351 608; x_wconf 80' lang='grc' dir='ltr'>Θεὸν</span> <span class='ocrx_word' id='word_1_29' title='bbox 1422 558 1670 628; x_wconf 81' lang='grc' dir='ltr'>ἀποταγὴ</span> <span class='ocrx_word' id='word_1_30' title='bbox 1748 560 1841 611; x_wconf 75' lang='grc' dir='ltr'>καὶ</span> 
     </span>
    </p>
   </div>
   <div class='ocr_carea' id='block_1_7' title="bbox 286 643 1840 718">
    <p class='ocr_par' dir='ltr' id='par_1_7' title="bbox 286 643 1840 718">
     <span class='ocr_line' id='line_1_7' title="bbox 286 643 1840 718; baseline 0.005 -23"><span class='ocrx_word' id='word_1_31' title='bbox 286 643 592 713; x_wconf 84' lang='grc' dir='ltr'>ἀπόκαρσις</span> <span class='ocrx_word' id='word_1_32' title='bbox 659 646 759 709; x_wconf 80' lang='grc' dir='ltr'>τὰς</span> <span class='ocrx_word' id='word_1_33' title='bbox 834 648 1030 710; x_wconf 76' lang='grc' dir='ltr'>πολλὰς</span> <span class='ocrx_word' id='word_1_34' title='bbox 1097 648 1155 701; x_wconf 82' lang='grc' dir='ltr'><strong>ἐν</strong></span> <span class='ocrx_word' id='word_1_35' title='bbox 1213 648 1372 717; x_wconf 83' lang='grc' dir='ltr'>σῶμα.</span> <span class='ocrx_word' id='word_1_36' title='bbox 1436 653 1581 703; x_wconf 87' lang='grc' dir='ltr'>ποιεῖ</span> <span class='ocrx_word' id='word_1_37' title='bbox 1635 652 1840 718; x_wconf 81' lang='grc' dir='ltr'>λόγίζε-</span> 
     </span>
    </p>
   </div>
   <div class='ocr_carea' id='block_1_8' title="bbox 288 735 1839 814">
    <p class='ocr_par' dir='ltr' id='par_1_8' title="bbox 288 735 1839 814">
     <span class='ocr_line' id='line_1_8' title="bbox 288 735 1839 814; baseline 0.007 -28"><span class='ocrx_word' id='word_1_38' title='bbox 288 735 431 797; x_wconf 85' lang='grc' dir='ltr'><strong>σθαι,</strong></span> <span class='ocrx_word' id='word_1_39' title='bbox 475 735 571 788; x_wconf 83' lang='grc' dir='ltr'><strong>καὶ</strong></span> <span class='ocrx_word' id='word_1_40' title='bbox 618 738 795 791; x_wconf 84' lang='grc' dir='ltr'>πάντα</span> <span class='ocrx_word' id='word_1_41' title='bbox 847 739 916 791; x_wconf 73' lang='grc' dir='ltr'>τὰ</span> <span class='ocrx_word' id='word_1_42' title='bbox 964 740 1141 793; x_wconf 71' lang='grc' dir='ltr'>αὐτῶν</span> <span class='ocrx_word' id='word_1_43' title='bbox 1190 742 1329 811; x_wconf 77' lang='grc' dir='ltr'>πρὸς</span> <span class='ocrx_word' id='word_1_44' title='bbox 1382 743 1549 811; x_wconf 86' lang='grc' dir='ltr'>μόνην</span> <span class='ocrx_word' id='word_1_45' title='bbox 1603 744 1839 814; x_wconf 75' lang='grc' dir='ltr'>ψυχικὴν</span> 
     </span>
    </p>
   </div>
   <div class='ocr_carea' id='block_1_9' title="bbox 288 826 1837 899">
    <p class='ocr_par' dir='ltr' id='par_1_9' title="bbox 288 826 1837 899">
     <span class='ocr_line' id='line_1_9' title="bbox 288 826 1837 899; baseline 0.008 -26"><span class='ocrx_word' id='word_1_46' title='bbox 288 826 561 892; x_wconf 81' lang='grc' dir='ltr'><strong>σωτηρίαν</strong></span> <span class='ocrx_word' id='word_1_47' title='bbox 622 826 892 897; x_wconf 81' lang='grc' dir='ltr'>ἀφορῶσι.</span> <span class='ocrx_word' id='word_1_48' title='bbox 925 827 997 879; x_wconf 84' lang='grc' dir='ltr'><strong>Τὸ</strong></span> <span class='ocrx_word' id='word_1_49' title='bbox 1046 828 1102 880; x_wconf 76' lang='grc' dir='ltr'>δὲ</span> <span class='ocrx_word' id='word_1_50' title='bbox 1150 829 1423 882; x_wconf 82' lang='grc' dir='ltr'><strong>διδάσκειν</strong></span> <span class='ocrx_word' id='word_1_51' title='bbox 1474 833 1707 899; x_wconf 64' lang='grc' dir='ltr'>γυναῖκα</span> <span class='ocrx_word' id='word_1_52' title='bbox 1756 836 1837 897; x_wconf 88' lang='grc' dir='ltr'><strong>είς</strong></span> 
     </span>
    </p>
   </div>
   <div class='ocr_carea' id='block_1_10' title="bbox 280 914 1839 996">
    <p class='ocr_par' dir='ltr' id='par_1_10' title="bbox 280 914 1839 996">
     <span class='ocr_line' id='line_1_10' title="bbox 280 914 1839 996; baseline 0.008 -30"><span class='ocrx_word' id='word_1_53' title='bbox 280 914 577 985; x_wconf 77' lang='grc' dir='ltr'>ἐκκλησίαν</span> <span class='ocrx_word' id='word_1_54' title='bbox 602 917 916 988; x_wconf 79' lang='grc' dir='ltr'><strong>καθολικὴν,</strong></span> <span class='ocrx_word' id='word_1_55' title='bbox 937 919 1064 971; x_wconf 75' lang='grc' dir='ltr'>ἔνθα</span> <span class='ocrx_word' id='word_1_56' title='bbox 1083 919 1286 988; x_wconf 83' lang='grc' dir='ltr'>πλῆθος</span> <span class='ocrx_word' id='word_1_57' title='bbox 1311 921 1518 988; x_wconf 85' lang='grc' dir='ltr'>ἀνδρῶν</span> <span class='ocrx_word' id='word_1_58' title='bbox 1556 926 1839 996; x_wconf 80' lang='grc' dir='ltr'>συναθροί-</span> 
     </span>
    </p>
   </div>
   <div class='ocr_carea' id='block_1_11' title="bbox 283 1002 1839 1083">
    <p class='ocr_par' dir='ltr' id='par_1_11' title="bbox 283 1002 1839 1083">
     <span class='ocr_line' id='line_1_11' title="bbox 283 1002 1839 1083; baseline 0.009 -28"><span class='ocrx_word' id='word_1_59' title='bbox 283 1002 456 1068; x_wconf 75' lang='grc' dir='ltr'>ζεται,</span> <span class='ocrx_word' id='word_1_60' title='bbox 488 1006 582 1058; x_wconf 71' lang='grc' dir='ltr'>καὶ</span> <span class='ocrx_word' id='word_1_61' title='bbox 614 1008 889 1076; x_wconf 83' lang='grc' dir='ltr'>διαφόρων</span> <span class='ocrx_word' id='word_1_62' title='bbox 918 1010 1154 1079; x_wconf 77' lang='grc' dir='ltr'>γνωμῶν</span> <span class='ocrx_word' id='word_1_63' title='bbox 1185 1009 1839 1083; x_wconf 84' lang='grc' dir='ltr'>γύναια,ἀπρεπέστατόν</span> 
     </span>
    </p>
   </div>
   <div class='ocr_carea' id='block_1_12' title="bbox 281 1096 814 1152">
    <p class='ocr_par' dir='ltr' id='par_1_12' title="bbox 281 1096 814 1152">
     <span class='ocr_line' id='line_1_12' title="bbox 281 1096 814 1152; baseline 0.009 -6"><span class='ocrx_word' id='word_1_64' title='bbox 281 1097 397 1147; x_wconf 84' lang='grc' dir='ltr'>ἐστι</span> <span class='ocrx_word' id='word_1_65' title='bbox 428 1096 522 1149; x_wconf 81' lang='grc' dir='ltr'>καὶ</span> <span class='ocrx_word' id='word_1_66' title='bbox 547 1097 814 1152; x_wconf 74' lang='grc' dir='ltr'>ὀλέθριον.</span> 
     </span>
    </p>
   </div>
   <div class='ocr_carea' id='block_1_13' title="bbox 340 1266 1835 1350">
    <p class='ocr_par' dir='ltr' id='par_1_13' title="bbox 340 1266 1835 1350">
     <span class='ocr_line' id='line_1_13' title="bbox 340 1266 1835 1350; baseline 0.012 -32"><span class='ocrx_word' id='word_1_67' title='bbox 340 1269 597 1326; x_wconf 83' lang='grc' dir='ltr'><strong>ΖΩΝΑΡ.</strong></span> <span class='ocrx_word' id='word_1_68' title='bbox 624 1266 804 1324; x_wconf 67' lang='grc' dir='ltr'>Ἦσαν</span> <span class='ocrx_word' id='word_1_69' title='bbox 850 1290 969 1326; x_wconf 83' lang='grc' dir='ltr'>τινα</span> <span class='ocrx_word' id='word_1_70' title='bbox 1000 1275 1149 1343; x_wconf 76' lang='grc' dir='ltr'>παρὰ</span> <span class='ocrx_word' id='word_1_71' title='bbox 1195 1278 1307 1339; x_wconf 86' lang='grc' dir='ltr'>τοῖς</span> <span class='ocrx_word' id='word_1_72' title='bbox 1355 1278 1598 1343; x_wconf 73' lang='grc' dir='ltr'>παλαιοῖς</span> <span class='ocrx_word' id='word_1_73' title='bbox 1624 1280 1745 1350; x_wconf 81' lang='grc' dir='ltr'>ἔθη,</span> <span class='ocrx_word' id='word_1_74' title='bbox 1777 1285 1835 1336; x_wconf 88' lang='grc' dir='ltr'><strong>ἐν</strong></span> 
     </span>
    </p>
   </div>
   <div class='ocr_carea' id='block_1_14' title="bbox 281 1362 1835 1446">
    <p class='ocr_par' dir='ltr' id='par_1_14' title="bbox 281 1362 1835 1446">
     <span class='ocr_line' id='line_1_14' title="bbox 281 1362 1835 1446; baseline 0.014 -37"><span class='ocrx_word' id='word_1_75' title='bbox 281 1362 400 1421; x_wconf 86' lang='grc' dir='ltr'>ταῖς</span> <span class='ocrx_word' id='word_1_76' title='bbox 455 1362 769 1432; x_wconf 70' lang='grc' dir='ltr'>ἐκκλησίαις</span> <span class='ocrx_word' id='word_1_77' title='bbox 822 1367 1102 1436; x_wconf 84' lang='grc' dir='ltr'>γινόμενα,</span> <span class='ocrx_word' id='word_1_78' title='bbox 1152 1362 1226 1421; x_wconf 81' lang='grc' dir='ltr'>ὧν</span> <span class='ocrx_word' id='word_1_79' title='bbox 1280 1371 1349 1423; x_wconf 73' lang='grc' dir='ltr'><strong>τὰ</strong></span> <span class='ocrx_word' id='word_1_80' title='bbox 1402 1372 1503 1441; x_wconf 86' lang='grc' dir='ltr'>μὲν</span> <span class='ocrx_word' id='word_1_81' title='bbox 1556 1377 1585 1426; x_wconf 82' lang='grc' dir='ltr'><strong>ὀ</strong></span> <span class='ocrx_word' id='word_1_82' title='bbox 1632 1378 1835 1446; x_wconf 77' lang='grc' dir='ltr'>χρόνος</span> 
     </span>
    </p>
   </div>
   <div class='ocr_carea' id='block_1_15' title="bbox 279 1451 1833 1526">
    <p class='ocr_par' dir='ltr' id='par_1_15' title="bbox 279 1451 1833 1526">
     <span class='ocr_line' id='line_1_15' title="bbox 279 1451 1833 1526; baseline 0.011 -22"><span class='ocrx_word' id='word_1_83' title='bbox 279 1451 558 1520; x_wconf 83' lang='grc' dir='ltr'>ὴλλοίωσε,</span> <span class='ocrx_word' id='word_1_84' title='bbox 589 1456 657 1509; x_wconf 71' lang='grc' dir='ltr'>τὰ</span> <span class='ocrx_word' id='word_1_85' title='bbox 686 1457 742 1509; x_wconf 84' lang='grc' dir='ltr'>δὲ</span> <span class='ocrx_word' id='word_1_86' title='bbox 774 1462 868 1511; x_wconf 74' lang='grc' dir='ltr'>καὶ</span> <span class='ocrx_word' id='word_1_87' title='bbox 895 1459 1077 1511; x_wconf 84' lang='grc' dir='ltr'>τέλεον</span> <span class='ocrx_word' id='word_1_88' title='bbox 1103 1459 1327 1526; x_wconf 78' lang='grc' dir='ltr'>ἔπαυσε,</span> <span class='ocrx_word' id='word_1_89' title='bbox 1352 1463 1421 1515; x_wconf 83' lang='grc' dir='ltr'><strong>τὰ</strong></span> <span class='ocrx_word' id='word_1_90' title='bbox 1460 1464 1517 1516; x_wconf 85' lang='grc' dir='ltr'>δὲ</span> <span class='ocrx_word' id='word_1_91' title='bbox 1550 1468 1641 1519; x_wconf 77' lang='grc' dir='ltr'>καὶ</span> <span class='ocrx_word' id='word_1_92' title='bbox 1672 1470 1833 1521; x_wconf 82' lang='grc' dir='ltr'>κανό-</span> 
     </span>
    </p>
   </div>
   <div class='ocr_carea' id='block_1_16' title="bbox 274 1544 1833 1627">
    <p class='ocr_par' dir='ltr' id='par_1_16' title="bbox 274 1544 1833 1627">
     <span class='ocr_line' id='line_1_16' title="bbox 274 1544 1833 1627; baseline 0.011 -32"><span class='ocrx_word' id='word_1_93' title='bbox 274 1560 369 1605; x_wconf 83' lang='grc' dir='ltr'><strong>νες</strong></span> <span class='ocrx_word' id='word_1_94' title='bbox 423 1546 833 1616; x_wconf 79' lang='grc' dir='ltr'><strong>ἀπηγόρευσαν,</strong></span> <span class='ocrx_word' id='word_1_95' title='bbox 886 1544 960 1602; x_wconf 79' lang='grc' dir='ltr'>ὧν</span> <span class='ocrx_word' id='word_1_96' title='bbox 990 1549 1047 1604; x_wconf 84' lang='grc' dir='ltr'>ἓν</span> <span class='ocrx_word' id='word_1_97' title='bbox 1088 1548 1157 1622; x_wconf 85' lang='grc' dir='ltr'>ἦν</span> <span class='ocrx_word' id='word_1_98' title='bbox 1216 1555 1310 1607; x_wconf 78' lang='grc' dir='ltr'><strong>καὶ</strong></span> <span class='ocrx_word' id='word_1_99' title='bbox 1357 1555 1418 1607; x_wconf 86' lang='grc' dir='ltr'><strong>τὸ</strong></span> <span class='ocrx_word' id='word_1_100' title='bbox 1464 1558 1833 1627; x_wconf 79' lang='grc' dir='ltr'>πρεσῦύτιδάς</span> 
     </span>
    </p>
   </div>
   <div class='ocr_carea' id='block_1_17' title="bbox 278 1638 1835 1715">
    <p class='ocr_par' dir='ltr' id='par_1_17' title="bbox 278 1638 1835 1715">
     <span class='ocr_line' id='line_1_17' title="bbox 278 1638 1835 1715; baseline 0.012 -30"><span class='ocrx_word' id='word_1_101' title='bbox 278 1652 429 1697; x_wconf 90' lang='grc' dir='ltr'>τινας</span> <span class='ocrx_word' id='word_1_102' title='bbox 460 1638 697 1707; x_wconf 78' lang='grc' dir='ltr'>γηραιὰς</span> <span class='ocrx_word' id='word_1_103' title='bbox 726 1642 996 1707; x_wconf 76' lang='grc' dir='ltr'>γυναῖκας</span> <span class='ocrx_word' id='word_1_104' title='bbox 1032 1645 1089 1695; x_wconf 90' lang='grc' dir='ltr'><strong>ἐν</strong></span> <span class='ocrx_word' id='word_1_105' title='bbox 1122 1648 1241 1706; x_wconf 88' lang='grc' dir='ltr'>ταῖς</span> <span class='ocrx_word' id='word_1_106' title='bbox 1285 1646 1604 1715; x_wconf 78' lang='grc' dir='ltr'>ἐκκλησίαις</span> <span class='ocrx_word' id='word_1_107' title='bbox 1645 1650 1835 1703; x_wconf 81' lang='grc' dir='ltr'>τάττε-</span> 
     </span>
    </p>
   </div>
   <div class='ocr_carea' id='block_1_18' title="bbox 272 1723 1830 1810">
    <p class='ocr_par' dir='ltr' id='par_1_18' title="bbox 272 1723 1830 1810">
     <span class='ocr_line' id='line_1_18' title="bbox 272 1723 1830 1810; baseline 0.013 -34"><span class='ocrx_word' id='word_1_108' title='bbox 272 1723 425 1810; x_wconf 56' lang='grc' dir='ltr'>σθαι,</span> <span class='ocrx_word' id='word_1_109' title='bbox 454 1729 548 1781; x_wconf 75' lang='grc' dir='ltr'><strong>καὶ</strong></span> <span class='ocrx_word' id='word_1_110' title='bbox 587 1731 1010 1800; x_wconf 81' lang='grc' dir='ltr'>προκαθημένας</span> <span class='ocrx_word' id='word_1_111' title='bbox 1056 1736 1334 1803; x_wconf 82' lang='grc' dir='ltr'>λέγεσθαι,</span> <span class='ocrx_word' id='word_1_112' title='bbox 1360 1738 1695 1809; x_wconf 80' lang='grc' dir='ltr'>ἐξαρχούσας</span> <span class='ocrx_word' id='word_1_113' title='bbox 1722 1744 1830 1799; x_wconf 81' lang='grc' dir='ltr'>τῶν</span> 
     </span>
    </p>
   </div>
   <div class='ocr_carea' id='block_1_19' title="bbox 1944 559 3486 636">
    <p class='ocr_par' dir='ltr' id='par_1_19' title="bbox 1944 559 3486 636">
     <span class='ocr_line' id='line_1_19' title="bbox 1944 559 3486 636; baseline 0.013 -28"><span class='ocrx_word' id='word_1_114' title='bbox 1944 559 2155 613; x_wconf 76' lang='lat' dir='ltr'><strong>scilicet</strong></span> <span class='ocrx_word' id='word_1_115' title='bbox 2199 574 2414 629; x_wconf 73' lang='lat' dir='ltr'><strong>praeest,</strong></span> <span class='ocrx_word' id='word_1_116' title='bbox 2456 566 2709 621; x_wconf 88' lang='lat' dir='ltr'><strong>omnibus</strong></span> <span class='ocrx_word' id='word_1_117' title='bbox 2753 569 3044 635; x_wconf 67' lang='lat' dir='ltr'><strong>praesidet?</strong></span> <span class='ocrx_word' id='word_1_118' title='bbox 3071 570 3271 627; x_wconf 83' lang='lat' dir='ltr'><strong>Audies</strong></span> <span class='ocrx_word' id='word_1_119' title='bbox 3317 578 3486 636; x_wconf 85' lang='lat' dir='ltr'><strong>enim,</strong></span> 
     </span>
    </p>
   </div>
   <div class='ocr_carea' id='block_1_20' title="bbox 1942 651 3490 730">
    <p class='ocr_par' dir='ltr' id='par_1_20' title="bbox 1942 651 3490 730">
     <span class='ocr_line' id='line_1_20' title="bbox 1942 651 3490 730; baseline 0.012 -28"><span class='ocrx_word' id='word_1_120' title='bbox 1942 651 2087 716; x_wconf 91' lang='lat' dir='ltr'><strong>quod</strong></span> <span class='ocrx_word' id='word_1_121' title='bbox 2116 667 2237 721; x_wconf 75' lang='lat' dir='ltr'><strong>quze</strong></span> <span class='ocrx_word' id='word_1_122' title='bbox 2269 670 2335 709; x_wconf 85' lang='lat' dir='ltr'><strong>ex</strong></span> <span class='ocrx_word' id='word_1_123' title='bbox 2369 654 2476 711; x_wconf 89' lang='lat' dir='ltr'><strong>Deo</strong></span> <span class='ocrx_word' id='word_1_124' title='bbox 2516 657 2572 711; x_wconf 86' lang='lat' dir='ltr'><strong>ﬁt</strong></span> <span class='ocrx_word' id='word_1_125' title='bbox 2606 663 2961 724; x_wconf 85' lang='lat' dir='ltr'><strong>renuntiatio,</strong></span> <span class='ocrx_word' id='word_1_126' title='bbox 2995 672 3049 717; x_wconf 92' lang='lat' dir='ltr'><strong>et</strong></span> <span class='ocrx_word' id='word_1_127' title='bbox 3088 673 3331 730; x_wconf 86' lang='lat' dir='ltr'><strong>tonsura,</strong></span> <span class='ocrx_word' id='word_1_128' title='bbox 3362 668 3490 721; x_wconf 80' lang='lat' dir='ltr'><strong>facit</strong></span> 
     </span>
    </p>
   </div>
   <div class='ocr_carea' id='block_1_21' title="bbox 1944 742 3488 817">
    <p class='ocr_par' dir='ltr' id='par_1_21' title="bbox 1944 742 3488 817">
     <span class='ocr_line' id='line_1_21' title="bbox 1944 742 3488 817; baseline 0.013 -28"><span class='ocrx_word' id='word_1_129' title='bbox 1944 746 2000 790; x_wconf 92' lang='lat' dir='ltr'><strong>ut</strong></span> <span class='ocrx_word' id='word_1_130' title='bbox 2042 742 2225 794; x_wconf 69' lang='lat' dir='ltr'><strong>multae</strong></span> <span class='ocrx_word' id='word_1_131' title='bbox 2259 759 2426 799; x_wconf 90' lang='lat' dir='ltr'><strong>unum</strong></span> <span class='ocrx_word' id='word_1_132' title='bbox 2478 762 2680 817; x_wconf 88' lang='lat' dir='ltr'><strong>corpus</strong></span> <span class='ocrx_word' id='word_1_133' title='bbox 2720 752 3109 807; x_wconf 79' lang='lat' dir='ltr'><strong>existimentur</strong></span> <span class='ocrx_word' id='word_1_134' title='bbox 3153 770 3168 807; x_wconf 90' lang='lat'>:</span> <span class='ocrx_word' id='word_1_135' title='bbox 3213 762 3266 808; x_wconf 92' lang='lat' dir='ltr'><strong>et</strong></span> <span class='ocrx_word' id='word_1_136' title='bbox 3307 758 3488 809; x_wconf 86' lang='lat' dir='ltr'><strong>omnia</strong></span> 
     </span>
    </p>
   </div>
   <div class='ocr_carea' id='block_1_22' title="bbox 1940 832 3488 913">
    <p class='ocr_par' dir='ltr' id='par_1_22' title="bbox 1940 832 3488 913">
     <span class='ocr_line' id='line_1_22' title="bbox 1940 832 3488 913; baseline 0.014 -35"><span class='ocrx_word' id='word_1_137' title='bbox 1940 840 2059 892; x_wconf 72' lang='lat' dir='ltr'><strong>qua:</strong></span> <span class='ocrx_word' id='word_1_138' title='bbox 2084 844 2210 882; x_wconf 88' lang='lat' dir='ltr'><strong>sunt</strong></span> <span class='ocrx_word' id='word_1_139' title='bbox 2235 832 2499 901; x_wconf 87' lang='lat' dir='ltr'><strong>ipsarum,</strong></span> <span class='ocrx_word' id='word_1_140' title='bbox 2530 838 2596 891; x_wconf 89' lang='lat' dir='ltr'><strong>ad</strong></span> <span class='ocrx_word' id='word_1_141' title='bbox 2621 840 2791 894; x_wconf 89' lang='lat' dir='ltr'><strong>solius</strong></span> <span class='ocrx_word' id='word_1_142' title='bbox 2833 841 3029 893; x_wconf 68' lang='lat' dir='ltr'><strong>anima:</strong></span> <span class='ocrx_word' id='word_1_143' title='bbox 3054 844 3280 896; x_wconf 81' lang='lat' dir='ltr'><strong>salutem</strong></span> <span class='ocrx_word' id='word_1_144' title='bbox 3314 847 3488 913; x_wconf 85' lang='lat' dir='ltr'><strong>respi-</strong></span> 
     </span>
    </p>
   </div>
   <div class='ocr_carea' id='block_1_23' title="bbox 1936 919 3492 990">
    <p class='ocr_par' dir='ltr' id='par_1_23' title="bbox 1936 919 3492 990">
     <span class='ocr_line' id='line_1_23' title="bbox 1936 919 3492 990; baseline 0.013 -21"><span class='ocrx_word' id='word_1_145' title='bbox 1936 919 2111 973; x_wconf 90' lang='lat' dir='ltr'><strong>ciunt.</strong></span> <span class='ocrx_word' id='word_1_146' title='bbox 2145 920 2352 978; x_wconf 90' lang='lat' dir='ltr'><strong>Docere</strong></span> <span class='ocrx_word' id='word_1_147' title='bbox 2399 939 2577 983; x_wconf 87' lang='lat' dir='ltr'><strong>autem</strong></span> <span class='ocrx_word' id='word_1_148' title='bbox 2627 932 2905 986; x_wconf 82' lang='lat' dir='ltr'><strong>mulierem</strong></span> <span class='ocrx_word' id='word_1_149' title='bbox 2948 934 3001 986; x_wconf 93' lang='lat' dir='ltr'><strong>in</strong></span> <span class='ocrx_word' id='word_1_150' title='bbox 3034 936 3263 989; x_wconf 72' lang='lat' dir='ltr'><strong>ecclesia</strong></span> <span class='ocrx_word' id='word_1_151' title='bbox 3303 940 3492 990; x_wconf 79' lang='lat' dir='ltr'><strong>catho-</strong></span> 
     </span>
    </p>
   </div>
   <div class='ocr_carea' id='block_1_24' title="bbox 1939 1006 3491 1095">
    <p class='ocr_par' dir='ltr' id='par_1_24' title="bbox 1939 1006 3491 1095">
     <span class='ocr_line' id='line_1_24' title="bbox 1939 1006 3491 1095; baseline 0.013 -37"><span class='ocrx_word' id='word_1_152' title='bbox 1939 1006 2064 1067; x_wconf 85' lang='lat' dir='ltr'><strong>lica.</strong></span> <span class='ocrx_word' id='word_1_153' title='bbox 2102 1008 2193 1062; x_wconf 90' lang='lat' dir='ltr'><strong>ubi</strong></span> <span class='ocrx_word' id='word_1_154' title='bbox 2222 1011 2461 1066; x_wconf 88' lang='lat' dir='ltr'><strong>virorum</strong></span> <span class='ocrx_word' id='word_1_155' title='bbox 2495 1019 2783 1071; x_wconf 83' lang='lat' dir='ltr'><strong>multitudo</strong></span> <span class='ocrx_word' id='word_1_156' title='bbox 2816 1032 3280 1095; x_wconf 55' lang='lat' dir='ltr'><strong>congregatumet</strong></span> <span class='ocrx_word' id='word_1_157' title='bbox 3310 1024 3491 1078; x_wconf 79' lang='lat' dir='ltr'><strong>diver-</strong></span> 
     </span>
    </p>
   </div>
   <div class='ocr_carea' id='block_1_25' title="bbox 1936 1104 3489 1173">
    <p class='ocr_par' dir='ltr' id='par_1_25' title="bbox 1936 1104 3489 1173">
     <span class='ocr_line' id='line_1_25' title="bbox 1936 1104 3489 1173; baseline 0.01 -21"><span class='ocrx_word' id='word_1_158' title='bbox 1936 1113 2120 1152; x_wconf 86' lang='lat' dir='ltr'><strong>sarum</strong></span> <span class='ocrx_word' id='word_1_159' title='bbox 2141 1104 2533 1159; x_wconf 83' lang='lat' dir='ltr'><strong>sententiarum</strong></span> <span class='ocrx_word' id='word_1_160' title='bbox 2558 1107 2791 1173; x_wconf 66' lang='lat' dir='ltr'><strong>feminae,</strong></span> <span class='ocrx_word' id='word_1_161' title='bbox 2813 1121 2899 1166; x_wconf 87' lang='lat' dir='ltr'><strong>est</strong></span> <span class='ocrx_word' id='word_1_162' title='bbox 2920 1115 3151 1167; x_wconf 80' lang='lat' dir='ltr'><strong>maxime</strong></span> <span class='ocrx_word' id='word_1_163' title='bbox 3175 1114 3489 1169; x_wconf 84' lang='lat' dir='ltr'><strong>indecorum</strong></span> 
     </span>
    </p>
   </div>
   <div class='ocr_carea' id='block_1_26' title="bbox 1846 1194 2405 1259">
    <p class='ocr_par' dir='ltr' id='par_1_26' title="bbox 1846 1194 2405 1259">
     <span class='ocr_line' id='line_1_26' title="bbox 1846 1194 2405 1259; baseline 0.016 -18"><span class='ocrx_word' id='word_1_164' title='bbox 1846 1240 1849 1241; x_wconf 30' lang='grc' dir='ltr'><strong>ν</strong></span> <span class='ocrx_word' id='word_1_165' title='bbox 1934 1199 1991 1245; x_wconf 90' lang='lat' dir='ltr'><strong>et</strong></span> <span class='ocrx_word' id='word_1_166' title='bbox 2018 1194 2405 1259; x_wconf 89' lang='lat' dir='ltr'><strong>perniciosum.</strong></span> 
     </span>
    </p>
   </div>
   <div class='ocr_carea' id='block_1_27' title="bbox 2006 1282 3492 1370">
    <p class='ocr_par' dir='ltr' id='par_1_27' title="bbox 2006 1282 3492 1370">
     <span class='ocr_line' id='line_1_27' title="bbox 2006 1282 3492 1370; baseline 0.02 -35"><span class='ocrx_word' id='word_1_167' title='bbox 2006 1282 2256 1341; x_wconf 79' lang='lat' dir='ltr'><strong>ZONAR.</strong></span> <span class='ocrx_word' id='word_1_168' title='bbox 2296 1287 2546 1355; x_wconf 62' lang='lat' dir='ltr'><strong>Quaedam</strong></span> <span class='ocrx_word' id='word_1_169' title='bbox 2580 1295 2818 1364; x_wconf 86' lang='lat' dir='ltr'><strong>antiquis</strong></span> <span class='ocrx_word' id='word_1_170' title='bbox 2846 1303 3186 1370; x_wconf 85' lang='lat' dir='ltr'><strong>temporibus</strong></span> <span class='ocrx_word' id='word_1_171' title='bbox 3220 1308 3271 1360; x_wconf 89' lang='lat' dir='ltr'><strong>in</strong></span> <span class='ocrx_word' id='word_1_172' title='bbox 3307 1308 3492 1365; x_wconf 87' lang='lat' dir='ltr'><strong>Eccle—</strong></span> 
     </span>
    </p>
   </div>
   <div class='ocr_carea' id='block_1_28' title="bbox 1935 1374 3491 1460">
    <p class='ocr_par' dir='ltr' id='par_1_28' title="bbox 1935 1374 3491 1460">
     <span class='ocr_line' id='line_1_28' title="bbox 1935 1374 3491 1460; baseline 0.019 -35"><span class='ocrx_word' id='word_1_173' title='bbox 1935 1374 2015 1427; x_wconf 90' lang='lat' dir='ltr'><strong>sia</strong></span> <span class='ocrx_word' id='word_1_174' title='bbox 2044 1383 2467 1436; x_wconf 85' lang='lat' dir='ltr'><strong>consuetudines</strong></span> <span class='ocrx_word' id='word_1_175' title='bbox 2496 1384 2645 1437; x_wconf 75' lang='lat' dir='ltr'><strong>fuere.</strong></span> <span class='ocrx_word' id='word_1_176' title='bbox 2672 1403 2685 1449; x_wconf 92' lang='lat'><strong>;</strong></span> <span class='ocrx_word' id='word_1_177' title='bbox 2718 1402 2854 1455; x_wconf 87' lang='lat' dir='ltr'><strong>quas</strong></span> <span class='ocrx_word' id='word_1_178' title='bbox 2876 1395 3137 1460; x_wconf 86' lang='lat' dir='ltr'><strong>temporis</strong></span> <span class='ocrx_word' id='word_1_179' title='bbox 3160 1398 3491 1454; x_wconf 82' lang='lat' dir='ltr'><strong>diuturnitas</strong></span> 
     </span>
    </p>
   </div>
   <div class='ocr_carea' id='block_1_29' title="bbox 1935 1470 3491 1561">
    <p class='ocr_par' dir='ltr' id='par_1_29' title="bbox 1935 1470 3491 1561">
     <span class='ocr_line' id='line_1_29' title="bbox 1935 1470 3491 1561; baseline 0.019 -42"><span class='ocrx_word' id='word_1_180' title='bbox 1935 1470 2127 1535; x_wconf 80' lang='lat' dir='ltr'><strong>partim</strong></span> <span class='ocrx_word' id='word_1_181' title='bbox 2168 1470 2494 1537; x_wconf 78' lang='lat' dir='ltr'><strong>immutavit,</strong></span> <span class='ocrx_word' id='word_1_182' title='bbox 2531 1480 2728 1545; x_wconf 87' lang='lat' dir='ltr'><strong>partim</strong></span> <span class='ocrx_word' id='word_1_183' title='bbox 2763 1485 2988 1537; x_wconf 86' lang='lat' dir='ltr'><strong>omnino</strong></span> <span class='ocrx_word' id='word_1_184' title='bbox 3014 1490 3262 1553; x_wconf 87' lang='lat' dir='ltr'><strong>sustulit,</strong></span> <span class='ocrx_word' id='word_1_185' title='bbox 3296 1494 3491 1561; x_wconf 70' lang='lat' dir='ltr'><strong>aliqua:</strong></span> 
     </span>
    </p>
   </div>
   <div class='ocr_carea' id='block_1_30' title="bbox 1931 1562 3491 1647">
    <p class='ocr_par' dir='ltr' id='par_1_30' title="bbox 1931 1562 3491 1647">
     <span class='ocr_line' id='line_1_30' title="bbox 1931 1562 3491 1647; baseline 0.018 -32"><span class='ocrx_word' id='word_1_186' title='bbox 1931 1562 2093 1615; x_wconf 82' lang='lat' dir='ltr'><strong>etiam</strong></span> <span class='ocrx_word' id='word_1_187' title='bbox 2117 1578 2181 1617; x_wconf 78' lang='lat' dir='ltr'><strong>ex</strong></span> <span class='ocrx_word' id='word_1_188' title='bbox 2209 1566 2276 1619; x_wconf 88' lang='lat' dir='ltr'><strong>iis</strong></span> <span class='ocrx_word' id='word_1_189' title='bbox 2305 1570 2588 1625; x_wconf 85' lang='lat' dir='ltr'><strong>canonicis</strong></span> <span class='ocrx_word' id='word_1_190' title='bbox 2610 1572 2845 1629; x_wconf 87' lang='lat' dir='ltr'><strong>decretis</strong></span> <span class='ocrx_word' id='word_1_191' title='bbox 2874 1578 3145 1647; x_wconf 72' lang='lat' dir='ltr'><strong>abrogata:</strong></span> <span class='ocrx_word' id='word_1_192' title='bbox 3170 1595 3315 1640; x_wconf 90' lang='lat' dir='ltr'><strong>sunt.</strong></span> <span class='ocrx_word' id='word_1_193' title='bbox 3341 1586 3491 1643; x_wconf 85' lang='lat' dir='ltr'><strong>Talis</strong></span> 
     </span>
    </p>
   </div>
   <div class='ocr_carea' id='block_1_31' title="bbox 1935 1651 3488 1741">
    <p class='ocr_par' dir='ltr' id='par_1_31' title="bbox 1935 1651 3488 1741">
     <span class='ocr_line' id='line_1_31' title="bbox 1935 1651 3488 1741; baseline 0.019 -40"><span class='ocrx_word' id='word_1_194' title='bbox 1935 1651 2025 1703; x_wconf 92' lang='lat' dir='ltr'><strong>illa</strong></span> <span class='ocrx_word' id='word_1_195' title='bbox 2055 1668 2274 1722; x_wconf 85' lang='lat' dir='ltr'><strong>quoque</strong></span> <span class='ocrx_word' id='word_1_196' title='bbox 2324 1656 2447 1720; x_wconf 80' lang='lat' dir='ltr'><strong>fuit,</strong></span> <span class='ocrx_word' id='word_1_197' title='bbox 2495 1667 2553 1711; x_wconf 90' lang='lat' dir='ltr'><strong>ut</strong></span> <span class='ocrx_word' id='word_1_198' title='bbox 2598 1662 2951 1733; x_wconf 58' lang='lat' dir='ltr'><strong>presbyterii},</strong></span> <span class='ocrx_word' id='word_1_199' title='bbox 2990 1670 3182 1724; x_wconf 72' lang='lat' dir='ltr'><strong>vetula:</strong></span> <span class='ocrx_word' id='word_1_200' title='bbox 3216 1674 3488 1741; x_wconf 84' lang='lat' dir='ltr'><strong>mulieres,</strong></span> 
     </span>
    </p>
   </div>
   <div class='ocr_carea' id='block_1_32' title="bbox 1932 1741 3490 1829">
    <p class='ocr_par' dir='ltr' id='par_1_32' title="bbox 1932 1741 3490 1829">
     <span class='ocr_line' id='line_1_32' title="bbox 1932 1741 3490 1829; baseline 0.018 -36"><span class='ocrx_word' id='word_1_201' title='bbox 1932 1741 1989 1794; x_wconf 86' lang='lat' dir='ltr'><strong>in</strong></span> <span class='ocrx_word' id='word_1_202' title='bbox 2012 1744 2256 1799; x_wconf 87' lang='lat' dir='ltr'><strong>ecclesiis</strong></span> <span class='ocrx_word' id='word_1_203' title='bbox 2281 1751 2770 1817; x_wconf 89' lang='lat' dir='ltr'><strong>constituerentur,</strong></span> <span class='ocrx_word' id='word_1_204' title='bbox 2789 1772 2926 1825; x_wconf 79' lang='lat' dir='ltr'><strong>quas</strong></span> <span class='ocrx_word' id='word_1_205' title='bbox 2946 1759 3109 1814; x_wconf 86' lang='lat' dir='ltr'><strong>etiam</strong></span> <span class='ocrx_word' id='word_1_206' title='bbox 3137 1764 3490 1829; x_wconf 66' lang='lat' dir='ltr'><strong>praesidentes</strong></span> 
     </span>
    </p>
   </div>
   <div class='ocr_carea' id='block_1_33' title="bbox 275 1810 1821 1914">
    <p class='ocr_par' dir='ltr' id='par_1_33' title="bbox 275 1813 1821 1904">
     <span class='ocr_line' id='line_1_33' title="bbox 275 1813 1821 1904; baseline 0.015 -40"><span class='ocrx_word' id='word_1_207' title='bbox 275 1813 671 1885; x_wconf 71' lang='grc' dir='ltr'>εἰσερχομένων</span> <span class='ocrx_word' id='word_1_208' title='bbox 706 1822 792 1882; x_wconf 85' lang='grc' dir='ltr'><strong>είς</strong></span> <span class='ocrx_word' id='word_1_209' title='bbox 842 1821 943 1892; x_wconf 73' lang='grc' dir='ltr'>τὴν</span> <span class='ocrx_word' id='word_1_210' title='bbox 984 1825 1282 1895; x_wconf 78' lang='grc' dir='ltr'>ἐκκλησίαν</span> <span class='ocrx_word' id='word_1_211' title='bbox 1312 1830 1612 1896; x_wconf 84' lang='grc' dir='ltr'>γυναικῶν,</span> <span class='ocrx_word' id='word_1_212' title='bbox 1638 1831 1821 1904; x_wconf 79' lang='grc' dir='ltr'>ὥσπερ</span> 
     </span>
    </p>
   </div>
   <div class='ocr_carea' id='block_1_34' title="bbox 1927 1810 3488 1914">
    <p class='ocr_par' dir='ltr' id='par_1_34' title="bbox 1936 1810 3488 1914">
     <span class='ocr_line' id='line_1_34' title="bbox 1936 1810 3488 1914; baseline 0.021 -36"><span class='ocrx_word' id='word_1_213' title='bbox 1936 1831 2238 1898; x_wconf 84' lang='lat' dir='ltr'><strong>vocabant;</strong></span> <span class='ocrx_word' id='word_1_214' title='bbox 2262 1851 2383 1904; x_wconf 66' lang='lat' dir='ltr'><strong>quae</strong></span> <span class='ocrx_word' id='word_1_215' title='bbox 2402 1838 2644 1906; x_wconf 87' lang='lat' dir='ltr'><strong>quidem,</strong></span> <span class='ocrx_word' id='word_1_216' title='bbox 2671 1843 3101 1914; x_wconf 75' lang='lat' dir='ltr'><strong>ingredientibus</strong></span> <span class='ocrx_word' id='word_1_217' title='bbox 3125 1810 3178 1905; x_wconf 59' lang='lat' dir='ltr'><strong>irn</strong></span> <span class='ocrx_word' id='word_1_218' title='bbox 3201 1855 3488 1911; x_wconf 78' lang='lat' dir='ltr'><strong>ecclesiam</strong></span> 
     </span>
    </p>
   </div>
   <div class='ocr_carea' id='block_1_35' title="bbox 270 1904 1829 1988">
    <p class='ocr_par' dir='ltr' id='par_1_35' title="bbox 270 1904 1829 1988">
     <span class='ocr_line' id='line_1_35' title="bbox 270 1904 1829 1988; baseline 0.012 -30"><span class='ocrx_word' id='word_1_219' title='bbox 270 1904 627 1971; x_wconf 78' lang='grc' dir='ltr'>διδασκάλους</span> <span class='ocrx_word' id='word_1_220' title='bbox 680 1910 771 1962; x_wconf 80' lang='grc' dir='ltr'>καὶ</span> <span class='ocrx_word' id='word_1_221' title='bbox 798 1911 1143 1977; x_wconf 80' lang='grc' dir='ltr'>καθιστώσας</span> <span class='ocrx_word' id='word_1_222' title='bbox 1193 1916 1361 1979; x_wconf 79' lang='grc' dir='ltr'>αὑτὰς</span> <span class='ocrx_word' id='word_1_223' title='bbox 1391 1919 1527 1988; x_wconf 87' lang='grc' dir='ltr'>πρὸς</span> <span class='ocrx_word' id='word_1_224' title='bbox 1553 1921 1829 1988; x_wconf 80' lang='grc' dir='ltr'>εὐταξίαν,</span> 
     </span>
    </p>
   </div>
   <div class='ocr_carea' id='block_1_36' title="bbox 272 1996 1832 2077">
    <p class='ocr_par' dir='ltr' id='par_1_36' title="bbox 272 1996 1832 2077">
     <span class='ocr_line' id='line_1_36' title="bbox 272 1996 1832 2077; baseline 0.012 -30"><span class='ocrx_word' id='word_1_225' title='bbox 272 1996 367 2047; x_wconf 73' lang='grc' dir='ltr'><strong>καὶ</strong></span> <span class='ocrx_word' id='word_1_226' title='bbox 389 1997 537 2059; x_wconf 84' lang='grc' dir='ltr'>ὅπως</span> <span class='ocrx_word' id='word_1_227' title='bbox 576 2000 670 2052; x_wconf 81' lang='grc' dir='ltr'>καὶ</span> <span class='ocrx_word' id='word_1_228' title='bbox 692 2001 823 2053; x_wconf 85' lang='grc' dir='ltr'>ὄπου</span> <span class='ocrx_word' id='word_1_229' title='bbox 852 2002 957 2074; x_wconf 77' lang='grc' dir='ltr'><strong>χρὴ</strong></span> <span class='ocrx_word' id='word_1_230' title='bbox 993 2004 1195 2068; x_wconf 83' lang='grc' dir='ltr'>ταύτας</span> <span class='ocrx_word' id='word_1_231' title='bbox 1214 2008 1441 2062; x_wconf 81' lang='grc' dir='ltr'>ἑστάναι</span> <span class='ocrx_word' id='word_1_232' title='bbox 1468 2012 1832 2077; x_wconf 86' lang='grc' dir='ltr'>παιδευούσας</span> 
     </span>
    </p>
   </div>
   <div class='ocr_carea' id='block_1_37' title="bbox 1933 1920 3491 2012">
    <p class='ocr_par' dir='ltr' id='par_1_37' title="bbox 1933 1920 3491 2012">
     <span class='ocr_line' id='line_1_37' title="bbox 1933 1920 3491 2012; baseline 0.019 -41"><span class='ocrx_word' id='word_1_233' title='bbox 1933 1920 2174 1986; x_wconf 80' lang='lat' dir='ltr'><strong>fetiiinis,</strong></span> <span class='ocrx_word' id='word_1_234' title='bbox 2208 1926 2371 1979; x_wconf 86' lang='lat' dir='ltr'><strong>veluti</strong></span> <span class='ocrx_word' id='word_1_235' title='bbox 2405 1933 2719 1999; x_wconf 86' lang='lat' dir='ltr'><strong>magisterio</strong></span> <span class='ocrx_word' id='word_1_236' title='bbox 2744 1935 2980 2003; x_wconf 90' lang='lat' dir='ltr'><strong>quodam</strong></span> <span class='ocrx_word' id='word_1_237' title='bbox 3010 1938 3319 2009; x_wconf 77' lang='lat' dir='ltr'><strong>fungentes,</strong></span> <span class='ocrx_word' id='word_1_238' title='bbox 3353 1960 3491 2012; x_wconf 71' lang='lat' dir='ltr'><strong>pra:-</strong></span> 
     </span>
    </p>
   </div>
   <div class='ocr_carea' id='block_1_38' title="bbox 1931 2022 3488 2093">
    <p class='ocr_par' dir='ltr' id='par_1_38' title="bbox 1931 2022 3488 2093">
     <span class='ocr_line' id='line_1_38' title="bbox 1931 2022 3488 2093; baseline 0.019 -30"><span class='ocrx_word' id='word_1_239' title='bbox 1931 2022 2137 2078; x_wconf 87' lang='lat' dir='ltr'><strong>esscnt,</strong></span> <span class='ocrx_word' id='word_1_240' title='bbox 2194 2030 2259 2070; x_wconf 83' lang='lat' dir='ltr'><strong>ac</strong></span> <span class='ocrx_word' id='word_1_241' title='bbox 2313 2033 2416 2073; x_wconf 86' lang='lat' dir='ltr'><strong>suo</strong></span> <span class='ocrx_word' id='word_1_242' title='bbox 2459 2037 2732 2090; x_wconf 79' lang='lat' dir='ltr'><strong>quamque</strong></span> <span class='ocrx_word' id='word_1_243' title='bbox 2778 2028 2970 2082; x_wconf 89' lang='lat' dir='ltr'><strong>ordine</strong></span> <span class='ocrx_word' id='word_1_244' title='bbox 3024 2031 3126 2087; x_wconf 82' lang='lat' dir='ltr'><strong>rite</strong></span> <span class='ocrx_word' id='word_1_245' title='bbox 3184 2039 3488 2093; x_wconf 83' lang='lat' dir='ltr'><strong>consistere</strong></span> 
     </span>
    </p>
   </div>
   <div class='ocr_carea' id='block_1_39' title="bbox 266 2086 1821 2189">
    <p class='ocr_par' dir='ltr' id='par_1_39' title="bbox 266 2086 1821 2177">
     <span class='ocr_line' id='line_1_39' title="bbox 266 2086 1821 2177; baseline 0.014 -39"><span class='ocrx_word' id='word_1_246' title='bbox 266 2086 463 2150; x_wconf 71' lang='grc' dir='ltr'>αὐτάς.</span> <span class='ocrx_word' id='word_1_247' title='bbox 494 2089 711 2156; x_wconf 82' lang='grc' dir='ltr'>Ταύτας</span> <span class='ocrx_word' id='word_1_248' title='bbox 742 2091 833 2145; x_wconf 80' lang='grc' dir='ltr'><strong>οὖν</strong></span> <span class='ocrx_word' id='word_1_249' title='bbox 860 2094 935 2165; x_wconf 83' lang='grc' dir='ltr'>μὴ</span> <span class='ocrx_word' id='word_1_250' title='bbox 958 2096 1069 2150; x_wconf 87' lang='grc' dir='ltr'>δεῖν</span> <span class='ocrx_word' id='word_1_251' title='bbox 1098 2099 1348 2165; x_wconf 88' lang='grc' dir='ltr'>γίνεσθαι</span> <span class='ocrx_word' id='word_1_252' title='bbox 1379 2102 1408 2153; x_wconf 86' lang='grc' dir='ltr'><strong>ό</strong></span> <span class='ocrx_word' id='word_1_253' title='bbox 1439 2104 1618 2158; x_wconf 80' lang='grc' dir='ltr'>κανὼν</span> <span class='ocrx_word' id='word_1_254' title='bbox 1661 2105 1821 2177; x_wconf 82' lang='grc' dir='ltr'>διορί·</span> 
     </span>
    </p>
   </div>
   <div class='ocr_carea' id='block_1_40' title="bbox 1927 2086 3485 2189">
    <p class='ocr_par' dir='ltr' id='par_1_40' title="bbox 1927 2086 3485 2189">
     <span class='ocr_line' id='line_1_40' title="bbox 1927 2086 3485 2189; baseline 0.016 -33"><span class='ocrx_word' id='word_1_255' title='bbox 1927 2102 2199 2171; x_wconf 83' lang='lat' dir='ltr'><strong>juberent,</strong></span> <span class='ocrx_word' id='word_1_256' title='bbox 2232 2118 2286 2163; x_wconf 87' lang='lat' dir='ltr'><strong>et</strong></span> <span class='ocrx_word' id='word_1_257' title='bbox 2330 2125 2440 2180; x_wconf 88' lang='lat' dir='ltr'><strong>quo</strong></span> <span class='ocrx_word' id='word_1_258' title='bbox 2468 2086 2744 2185; x_wconf 72' lang='lat' dir='ltr'><strong>quamque</strong></span> <span class='ocrx_word' id='word_1_259' title='bbox 2779 2117 2918 2183; x_wconf 88' lang='lat' dir='ltr'><strong>loco,</strong></span> <span class='ocrx_word' id='word_1_260' title='bbox 2951 2127 3128 2189; x_wconf 84' lang='lat' dir='ltr'><strong>qudve</strong></span> <span class='ocrx_word' id='word_1_261' title='bbox 3157 2123 3322 2179; x_wconf 90' lang='lat' dir='ltr'><strong>modo</strong></span> <span class='ocrx_word' id='word_1_262' title='bbox 3359 2128 3485 2180; x_wconf 90' lang='lat' dir='ltr'><strong>uni-</strong></span> 
     </span>
    </p>
   </div>
   <div class='ocr_carea' id='block_1_41' title="bbox 272 2181 1035 2252">
    <p class='ocr_par' dir='ltr' id='par_1_41' title="bbox 272 2181 1035 2252">
     <span class='ocr_line' id='line_1_41' title="bbox 272 2181 1035 2252; baseline 0.014 -22"><span class='ocrx_word' id='word_1_263' title='bbox 272 2182 462 2246; x_wconf 71' lang='grc' dir='ltr'>ζεται,</span> <span class='ocrx_word' id='word_1_264' title='bbox 491 2181 525 2252; x_wconf 80' lang='grc' dir='ltr'>ἢ</span> <span class='ocrx_word' id='word_1_265' title='bbox 553 2182 696 2236; x_wconf 79' lang='grc' dir='ltr'>οὕτω</span> <span class='ocrx_word' id='word_1_266' title='bbox 728 2185 1035 2243; x_wconf 82' lang='grc' dir='ltr'>καλεῖσθαι.</span> 
     </span>
    </p>
   </div>
   <div class='ocr_carea' id='block_1_42' title="bbox 271 2454 1824 2545">
    <p class='ocr_par' dir='ltr' id='par_1_42' title="bbox 271 2454 1824 2545">
     <span class='ocr_line' id='line_1_42' title="bbox 271 2454 1824 2545; baseline 0.012 -37"><span class='ocrx_word' id='word_1_267' title='bbox 271 2454 497 2508; x_wconf 74' lang='grc' dir='ltr'><strong>ΔΡΙΣΤ.</strong></span> <span class='ocrx_word' id='word_1_268' title='bbox 566 2474 584 2506; x_wconf 77' lang='grc' dir='ltr'><strong>ι</strong></span> <span class='ocrx_word' id='word_1_269' title='bbox 622 2457 686 2509; x_wconf 73' lang='lat' dir='ltr'><strong>At</strong></span> <span class='ocrx_word' id='word_1_270' title='bbox 740 2458 1029 2529; x_wconf 71' lang='grc' dir='ltr'>λεγόμεναι</span> <span class='ocrx_word' id='word_1_271' title='bbox 1086 2466 1501 2536; x_wconf 82' lang='grc' dir='ltr'>προκαθήμεναι</span> <span class='ocrx_word' id='word_1_272' title='bbox 1540 2470 1597 2523; x_wconf 87' lang='grc' dir='ltr'><strong>ἐν</strong></span> <span class='ocrx_word' id='word_1_273' title='bbox 1624 2472 1824 2545; x_wconf 69' lang='grc' dir='ltr'>ἐκκλης-</span> 
     </span>
    </p>
   </div>
   <div class='ocr_carea' id='block_1_43' title="bbox 612 2550 1481 2624">
    <p class='ocr_par' dir='ltr' id='par_1_43' title="bbox 612 2550 1481 2624">
     <span class='ocr_line' id='line_1_43' title="bbox 612 2550 1481 2624; baseline 0.012 -23"><span class='ocrx_word' id='word_1_274' title='bbox 612 2568 631 2601; x_wconf 79' lang='lat' dir='ltr'><strong>r</strong></span> <span class='ocrx_word' id='word_1_275' title='bbox 671 2550 811 2614; x_wconf 88' lang='grc' dir='ltr'>σίαις</span> <span class='ocrx_word' id='word_1_276' title='bbox 845 2552 918 2624; x_wconf 81' lang='grc' dir='ltr'>μὴ</span> <span class='ocrx_word' id='word_1_277' title='bbox 946 2553 1419 2613; x_wconf 82' lang='grc' dir='ltr'>καθιστάσθωσαν.</span> <span class='ocrx_word' id='word_1_278' title='bbox 1461 2577 1481 2611; x_wconf 74' lang='grc' dir='ltr'><strong>ι</strong></span> 
     </span>
    </p>
   </div>
   <div class='ocr_carea' id='block_1_44' title="bbox 345 2638 1826 2724">
    <p class='ocr_par' dir='ltr' id='par_1_44' title="bbox 345 2638 1826 2724">
     <span class='ocr_line' id='line_1_44' title="bbox 345 2638 1826 2724; baseline 0.011 -31"><span class='ocrx_word' id='word_1_279' title='bbox 345 2638 410 2693; x_wconf 80' lang='grc' dir='ltr'><strong>Εἰ</strong></span> <span class='ocrx_word' id='word_1_280' title='bbox 468 2641 576 2712; x_wconf 82' lang='grc' dir='ltr'>γὰρ</span> <span class='ocrx_word' id='word_1_281' title='bbox 628 2642 879 2697; x_wconf 69' lang='grc' dir='ltr'>πολιτικὰ</span> <span class='ocrx_word' id='word_1_282' title='bbox 935 2646 1169 2713; x_wconf 69' lang='grc' dir='ltr'>ὀφφίκια</span> <span class='ocrx_word' id='word_1_283' title='bbox 1208 2649 1512 2704; x_wconf 77' lang='grc' dir='ltr'>κωλύονται</span> <span class='ocrx_word' id='word_1_284' title='bbox 1560 2654 1826 2724; x_wconf 88' lang='grc' dir='ltr'>ἐνεργεῖν,</span> 
     </span>
    </p>
   </div>
   <div class='ocr_carea' id='block_1_45' title="bbox 275 2733 1826 2813">
    <p class='ocr_par' dir='ltr' id='par_1_45' title="bbox 275 2733 1826 2813">
     <span class='ocr_line' id='line_1_45' title="bbox 275 2733 1826 2813; baseline 0.012 -30"><span class='ocrx_word' id='word_1_285' title='bbox 275 2733 392 2793; x_wconf 84' lang='grc' dir='ltr'>πῶς</span> <span class='ocrx_word' id='word_1_286' title='bbox 422 2749 550 2784; x_wconf 83' lang='grc' dir='ltr'>ποτε</span> <span class='ocrx_word' id='word_1_287' title='bbox 577 2737 635 2785; x_wconf 85' lang='grc' dir='ltr'><strong>ἐν</strong></span> <span class='ocrx_word' id='word_1_288' title='bbox 661 2735 926 2807; x_wconf 69' lang='grc' dir='ltr'>ἐκκλησίᾳ</span> <span class='ocrx_word' id='word_1_289' title='bbox 952 2738 1048 2790; x_wconf 81' lang='grc' dir='ltr'><strong>τοῦ</strong></span> <span class='ocrx_word' id='word_1_290' title='bbox 1093 2740 1300 2810; x_wconf 83' lang='grc' dir='ltr'>κλήρου</span> <span class='ocrx_word' id='word_1_291' title='bbox 1332 2744 1702 2813; x_wconf 81' lang='grc' dir='ltr'>πρωτεύουσι,</span> <span class='ocrx_word' id='word_1_292' title='bbox 1733 2751 1826 2801; x_wconf 76' lang='grc' dir='ltr'>καὶ</span> 
     </span>
    </p>
   </div>
   <div class='ocr_carea' id='block_1_46' title="bbox 192 2823 1237 2901">
    <p class='ocr_par' dir='ltr' id='par_1_46' title="bbox 192 2823 1237 2901">
     <span class='ocr_line' id='line_1_46' title="bbox 192 2823 1237 2901; baseline 0.011 -28"><span class='ocrx_word' id='word_1_293' title='bbox 192 2882 197 2885; x_wconf 17' lang='grc' dir='ltr'><strong>ν</strong></span> <span class='ocrx_word' id='word_1_294' title='bbox 264 2823 347 2886; x_wconf 79' lang='grc' dir='ltr'><strong>ὡς</strong></span> <span class='ocrx_word' id='word_1_295' title='bbox 373 2825 612 2892; x_wconf 69' lang='grc' dir='ltr'>κεφαλάς</span> <span class='ocrx_word' id='word_1_296' title='bbox 633 2842 784 2890; x_wconf 90' lang='grc' dir='ltr'>τινας</span> <span class='ocrx_word' id='word_1_297' title='bbox 814 2828 984 2882; x_wconf 78' lang='grc' dir='ltr'>ταῦτα</span> <span class='ocrx_word' id='word_1_298' title='bbox 1010 2830 1193 2897; x_wconf 77' lang='grc' dir='ltr'>ἕξουσι</span> <span class='ocrx_word' id='word_1_299' title='bbox 1221 2851 1237 2901; x_wconf 88' lang='lat'><strong>;</strong></span> 
     </span>
    </p>
   </div>
   <div class='ocr_carea' id='block_1_47' title="bbox 867 2928 1291 3023">
    <p class='ocr_par' dir='ltr' id='par_1_47' title="bbox 867 2928 1291 3023">
     <span class='ocr_line' id='line_1_47' title="bbox 867 2928 1291 3023; baseline 0.014 -7"><span class='ocrx_word' id='word_1_300' title='bbox 867 2964 1107 3018; x_wconf 82' lang='grc' dir='ltr'><strong>ΚΑΝΩΝ</strong></span> <span class='ocrx_word' id='word_1_301' title='bbox 1136 2966 1239 3023; x_wconf 64' lang='lat' dir='ltr'><strong>nr.</strong></span> <span class='ocrx_word' id='word_1_302' title='bbox 1286 2928 1291 2933; x_wconf 58' lang='grc'><strong>’</strong></span> 
     </span>
    </p>
   </div>
   <div class='ocr_carea' id='block_1_48' title="bbox 1924 2197 3487 2289">
    <p class='ocr_par' dir='ltr' id='par_1_48' title="bbox 1924 2197 3487 2289">
     <span class='ocr_line' id='line_1_48' title="bbox 1924 2197 3487 2289; baseline 0.017 -41"><span class='ocrx_word' id='word_1_303' title='bbox 1924 2197 2130 2267; x_wconf 88' lang='lat' dir='ltr'><strong>cuique</strong></span> <span class='ocrx_word' id='word_1_304' title='bbox 2181 2203 2434 2256; x_wconf 88' lang='lat' dir='ltr'><strong>standum</strong></span> <span class='ocrx_word' id='word_1_305' title='bbox 2481 2218 2649 2271; x_wconf 89' lang='lat' dir='ltr'><strong>esset,</strong></span> <span class='ocrx_word' id='word_1_306' title='bbox 2702 2208 2982 2267; x_wconf 89' lang='lat' dir='ltr'><strong>docerent.</strong></span> <span class='ocrx_word' id='word_1_307' title='bbox 3035 2213 3112 2269; x_wconf 86' lang='lat' dir='ltr'><strong>Ne</strong></span> <span class='ocrx_word' id='word_1_308' title='bbox 3157 2231 3277 2287; x_wconf 77' lang='lat' dir='ltr'><strong>qua:</strong></span> <span class='ocrx_word' id='word_1_309' title='bbox 3323 2218 3487 2289; x_wconf 83' lang='lat' dir='ltr'><strong>igitur</strong></span> 
     </span>
    </p>
   </div>
   <div class='ocr_carea' id='block_1_49' title="bbox 1930 2286 3484 2367">
    <p class='ocr_par' dir='ltr' id='par_1_49' title="bbox 1930 2286 3484 2367">
     <span class='ocr_line' id='line_1_49' title="bbox 1930 2286 3484 2367; baseline 0.015 -27"><span class='ocrx_word' id='word_1_310' title='bbox 1930 2286 2243 2356; x_wconf 85' lang='lat' dir='ltr'><strong>bujusmodi</strong></span> <span class='ocrx_word' id='word_1_311' title='bbox 2274 2293 2532 2350; x_wconf 87' lang='lat' dir='ltr'><strong>mulieres</strong></span> <span class='ocrx_word' id='word_1_312' title='bbox 2571 2299 2868 2367; x_wconf 81' lang='lat' dir='ltr'><strong>eligantur,</strong></span> <span class='ocrx_word' id='word_1_313' title='bbox 2902 2318 3037 2358; x_wconf 88' lang='lat' dir='ltr'><strong>neve</strong></span> <span class='ocrx_word' id='word_1_314' title='bbox 3071 2304 3139 2361; x_wconf 89' lang='lat' dir='ltr'><strong>iis</strong></span> <span class='ocrx_word' id='word_1_315' title='bbox 3167 2286 3484 2363; x_wconf 74' lang='lat' dir='ltr'><strong>inominibus</strong></span> 
     </span>
    </p>
   </div>
   <div class='ocr_carea' id='block_1_50' title="bbox 1929 2390 2839 2451">
    <p class='ocr_par' dir='ltr' id='par_1_50' title="bbox 1929 2390 2839 2451">
     <span class='ocr_line' id='line_1_50' title="bbox 1929 2390 2839 2451; baseline 0.014 -17"><span class='ocrx_word' id='word_1_316' title='bbox 1929 2395 2337 2451; x_wconf 89' lang='lat' dir='ltr'><strong>nuncupentur,</strong></span> <span class='ocrx_word' id='word_1_317' title='bbox 2361 2402 2536 2442; x_wconf 88' lang='lat' dir='ltr'><strong>canon</strong></span> <span class='ocrx_word' id='word_1_318' title='bbox 2570 2390 2839 2447; x_wconf 85' lang='lat' dir='ltr'><strong>decernit.</strong></span> 
     </span>
    </p>
   </div>
   <div class='ocr_carea' id='block_1_51' title="bbox 1926 2472 3486 2549">
    <p class='ocr_par' dir='ltr' id='par_1_51' title="bbox 1926 2472 3486 2549">
     <span class='ocr_line' id='line_1_51' title="bbox 1926 2472 3486 2549; baseline 0.014 -23"><span class='ocrx_word' id='word_1_319' title='bbox 1926 2472 2161 2529; x_wconf 78' lang='lat' dir='ltr'><strong>ARIST.</strong></span> <span class='ocrx_word' id='word_1_320' title='bbox 2198 2493 2217 2526; x_wconf 78' lang='grc' dir='ltr'><strong>ι</strong></span> <span class='ocrx_word' id='word_1_321' title='bbox 2256 2474 2444 2532; x_wconf 71' lang='lat' dir='ltr'><strong>Viduas</strong></span> <span class='ocrx_word' id='word_1_322' title='bbox 2471 2482 2826 2549; x_wconf 67' lang='lat' dir='ltr'><strong>praesidentes</strong></span> <span class='ocrx_word' id='word_1_323' title='bbox 2856 2486 3013 2542; x_wconf 71' lang='lat' dir='ltr'><strong>dicta:</strong></span> <span class='ocrx_word' id='word_1_324' title='bbox 3044 2489 3100 2543; x_wconf 90' lang='lat' dir='ltr'><strong>in</strong></span> <span class='ocrx_word' id='word_1_325' title='bbox 3129 2490 3381 2548; x_wconf 88' lang='lat' dir='ltr'><strong>ecclesiis</strong></span> <span class='ocrx_word' id='word_1_326' title='bbox 3415 2508 3486 2548; x_wconf 84' lang='lat' dir='ltr'><strong>ne</strong></span> 
     </span>
    </p>
   </div>
   <div class='ocr_carea' id='block_1_52' title="bbox 2410 2578 3367 2635">
    <p class='ocr_par' dir='ltr' id='par_1_52' title="bbox 2410 2578 3367 2635">
     <span class='ocr_line' id='line_1_52' title="bbox 2410 2578 3367 2635; baseline 0.009 -11"><span class='ocrx_word' id='word_1_327' title='bbox 2410 2591 2451 2624; x_wconf 50' lang='grc' dir='ltr'><strong>ηι</strong></span> <span class='ocrx_word' id='word_1_328' title='bbox 2488 2578 2920 2635; x_wconf 84' lang='lat' dir='ltr'><strong>constituantur.</strong></span> <span class='ocrx_word' id='word_1_329' title='bbox 2962 2599 2982 2633; x_wconf 74' lang='grc' dir='ltr'><strong>ι</strong></span> <span class='ocrx_word' id='word_1_330' title='bbox 3356 2628 3367 2633; x_wconf 72' lang='grc'><strong>-</strong></span> 
     </span>
    </p>
   </div>
   <div class='ocr_carea' id='block_1_53' title="bbox 2004 2655 3486 2743">
    <p class='ocr_par' dir='ltr' id='par_1_53' title="bbox 2004 2655 3486 2743">
     <span class='ocr_line' id='line_1_53' title="bbox 2004 2655 3486 2743; baseline 0.013 -36"><span class='ocrx_word' id='word_1_331' title='bbox 2004 2655 2059 2709; x_wconf 88' lang='lat' dir='ltr'><strong>Si</strong></span> <span class='ocrx_word' id='word_1_332' title='bbox 2103 2658 2246 2712; x_wconf 89' lang='lat' dir='ltr'><strong>enim</strong></span> <span class='ocrx_word' id='word_1_333' title='bbox 2281 2661 2499 2728; x_wconf 89' lang='lat' dir='ltr'><strong>politica</strong></span> <span class='ocrx_word' id='word_1_334' title='bbox 2540 2665 2715 2720; x_wconf 84' lang='lat' dir='ltr'><strong>ollicia</strong></span> <span class='ocrx_word' id='word_1_335' title='bbox 2758 2668 2907 2723; x_wconf 89' lang='lat' dir='ltr'><strong>obire</strong></span> <span class='ocrx_word' id='word_1_336' title='bbox 2938 2669 3317 2738; x_wconf 87' lang='lat' dir='ltr'><strong>prohibentur,</strong></span> <span class='ocrx_word' id='word_1_337' title='bbox 3350 2687 3486 2743; x_wconf 90' lang='lat' dir='ltr'><strong>quo-</strong></span> 
     </span>
    </p>
   </div>
   <div class='ocr_carea' id='block_1_54' title="bbox 1930 2752 3484 2832">
    <p class='ocr_par' dir='ltr' id='par_1_54' title="bbox 1930 2752 3484 2832">
     <span class='ocr_line' id='line_1_54' title="bbox 1930 2752 3484 2832; baseline 0.012 -30"><span class='ocrx_word' id='word_1_338' title='bbox 1930 2752 2092 2803; x_wconf 89' lang='lat' dir='ltr'><strong>modo</strong></span> <span class='ocrx_word' id='word_1_339' title='bbox 2128 2768 2364 2822; x_wconf 84' lang='lat' dir='ltr'><strong>unquam</strong></span> <span class='ocrx_word' id='word_1_340' title='bbox 2405 2756 2458 2809; x_wconf 93' lang='lat' dir='ltr'><strong>in</strong></span> <span class='ocrx_word' id='word_1_341' title='bbox 2503 2761 2735 2812; x_wconf 85' lang='lat' dir='ltr'><strong>ecclesia</strong></span> <span class='ocrx_word' id='word_1_342' title='bbox 2784 2761 2934 2815; x_wconf 87' lang='lat' dir='ltr'><strong>clero</strong></span> <span class='ocrx_word' id='word_1_343' title='bbox 2983 2764 3206 2832; x_wconf 66' lang='lat' dir='ltr'><strong>praesint</strong></span> <span class='ocrx_word' id='word_1_344' title='bbox 3232 2804 3248 2831; x_wconf 91' lang='lat'><strong>,</strong></span> <span class='ocrx_word' id='word_1_345' title='bbox 3296 2776 3351 2819; x_wconf 87' lang='lat' dir='ltr'><strong>et</strong></span> <span class='ocrx_word' id='word_1_346' title='bbox 3391 2781 3484 2820; x_wconf 77' lang='lat' dir='ltr'><strong>eas</strong></span> 
     </span>
    </p>
   </div>
   <div class='ocr_carea' id='block_1_55' title="bbox 1930 2850 2971 2918">
    <p class='ocr_par' dir='ltr' id='par_1_55' title="bbox 1930 2850 2971 2918">
     <span class='ocr_line' id='line_1_55' title="bbox 1930 2850 2971 2918; baseline 0.012 -24"><span class='ocrx_word' id='word_1_347' title='bbox 1930 2851 2190 2912; x_wconf 86' lang='lat' dir='ltr'><strong>tanquam</strong></span> <span class='ocrx_word' id='word_1_348' title='bbox 2229 2851 2411 2917; x_wconf 87' lang='lat' dir='ltr'><strong>capita</strong></span> <span class='ocrx_word' id='word_1_349' title='bbox 2437 2850 2686 2918; x_wconf 70' lang='lat' dir='ltr'><strong>quaedam</strong></span> <span class='ocrx_word' id='word_1_350' title='bbox 2712 2852 2971 2908; x_wconf 76' lang='lat' dir='ltr'><strong>habeant?</strong></span> 
     </span>
    </p>
   </div>
   <div class='ocr_carea' id='block_1_56' title="bbox 2514 2982 2899 3041">
    <p class='ocr_par' dir='ltr' id='par_1_56' title="bbox 2514 2982 2899 3041">
     <span class='ocr_line' id='line_1_56' title="bbox 2514 2982 2899 3041; baseline 0.01 -4"><span class='ocrx_word' id='word_1_351' title='bbox 2514 2982 2743 3038; x_wconf 81' lang='lat' dir='ltr'><strong>CANON</strong></span> <span class='ocrx_word' id='word_1_352' title='bbox 2784 2986 2899 3041; x_wconf 74' lang='lat' dir='ltr'><strong>XII.</strong></span> 
     </span>
    </p>
   </div>
   <div class='ocr_carea' id='block_1_57' title="bbox 275 3096 1821 3208">
    <p class='ocr_par' dir='ltr' id='par_1_57' title="bbox 275 3096 1821 3175">
     <span class='ocr_line' id='line_1_57' title="bbox 275 3096 1821 3175; baseline 0.007 -28"><span class='ocrx_word' id='word_1_353' title='bbox 275 3114 297 3146; x_wconf 68' lang='grc' dir='ltr'><strong>ι</strong></span> <span class='ocrx_word' id='word_1_354' title='bbox 337 3098 473 3167; x_wconf 58' lang='grc' dir='ltr'><strong>Περὶ⁵</strong></span> <span class='ocrx_word' id='word_1_355' title='bbox 504 3096 598 3150; x_wconf 81' lang='grc' dir='ltr'>τοῦ</span> <span class='ocrx_word' id='word_1_356' title='bbox 648 3098 771 3162; x_wconf 75' lang='grc' dir='ltr'>τοὺς</span> <span class='ocrx_word' id='word_1_357' title='bbox 804 3101 1144 3164; x_wconf 79' lang='grc' dir='ltr'>ἐπισκόπους</span> <span class='ocrx_word' id='word_1_358' title='bbox 1182 3102 1361 3174; x_wconf 90' lang='grc' dir='ltr'>κρίσει</span> <span class='ocrx_word' id='word_1_359' title='bbox 1408 3105 1517 3156; x_wconf 85' lang='grc' dir='ltr'><strong>τῶν</strong></span> <span class='ocrx_word' id='word_1_360' title='bbox 1550 3123 1821 3175; x_wconf 85' lang='grc' dir='ltr'>μητροπο-</span> 
     </span>
    </p>
   </div>
   <div class='ocr_carea' id='block_1_58' title="bbox 1927 3096 3479 3208">
    <p class='ocr_par' dir='ltr' id='par_1_58' title="bbox 1936 3113 3479 3188">
     <span class='ocr_line' id='line_1_58' title="bbox 1936 3113 3479 3188; baseline 0.012 -22"><span class='ocrx_word' id='word_1_361' title='bbox 1936 3132 1955 3165; x_wconf 82' lang='grc' dir='ltr'><strong>ι</strong></span> <span class='ocrx_word' id='word_1_362' title='bbox 1990 3113 2145 3179; x_wconf 83' lang='lat' dir='ltr'><strong>Quod</strong></span> <span class='ocrx_word' id='word_1_363' title='bbox 2184 3118 2430 3187; x_wconf 87' lang='lat' dir='ltr'><strong>episcopi</strong></span> <span class='ocrx_word' id='word_1_364' title='bbox 2460 3128 3003 3188; x_wconf 87' lang='lat' dir='ltr'><strong>metropontanorum</strong></span> <span class='ocrx_word' id='word_1_365' title='bbox 3040 3133 3094 3179; x_wconf 88' lang='lat' dir='ltr'><strong>et</strong></span> <span class='ocrx_word' id='word_1_366' title='bbox 3126 3127 3479 3185; x_wconf 72' lang='lat' dir='ltr'><strong>ﬁnitimorum</strong></span> 
     </span>
    </p>
   </div>
   <div class='ocr_carea' id='block_1_59' title="bbox 345 3191 1825 3263">
    <p class='ocr_par' dir='ltr' id='par_1_59' title="bbox 345 3191 1825 3263">
     <span class='ocr_line' id='line_1_59' title="bbox 345 3191 1825 3263; baseline 0.007 -22"><span class='ocrx_word' id='word_1_367' title='bbox 345 3209 363 3241; x_wconf 83' lang='grc' dir='ltr'><strong>ι</strong></span> <span class='ocrx_word' id='word_1_368' title='bbox 409 3191 572 3244; x_wconf 82' lang='grc' dir='ltr'>λιτῶν</span> <span class='ocrx_word' id='word_1_369' title='bbox 613 3191 707 3244; x_wconf 79' lang='grc' dir='ltr'>καὶ</span> <span class='ocrx_word' id='word_1_370' title='bbox 750 3193 857 3247; x_wconf 85' lang='grc' dir='ltr'>τῶν</span> <span class='ocrx_word' id='word_1_371' title='bbox 892 3195 1051 3263; x_wconf 81' lang='grc' dir='ltr'>πέριξ</span> <span class='ocrx_word' id='word_1_372' title='bbox 1096 3196 1413 3250; x_wconf 85' lang='grc' dir='ltr'>ἐπισκόπων</span> <span class='ocrx_word' id='word_1_373' title='bbox 1463 3196 1825 3252; x_wconf 76' lang='grc' dir='ltr'>καθίστασθαι</span> 
     </span>
    </p>
   </div>
   <div class='ocr_carea' id='block_1_60' title="bbox 343 3283 1823 3358">
    <p class='ocr_par' dir='ltr' id='par_1_60' title="bbox 343 3283 1823 3358">
     <span class='ocr_line' id='line_1_60' title="bbox 343 3283 1823 3358; baseline 0.007 -23"><span class='ocrx_word' id='word_1_374' title='bbox 343 3302 362 3334; x_wconf 77' lang='grc' dir='ltr'><strong>ι</strong></span> <span class='ocrx_word' id='word_1_375' title='bbox 408 3286 486 3346; x_wconf 86' lang='grc' dir='ltr'><strong>είς</strong></span> <span class='ocrx_word' id='word_1_376' title='bbox 519 3283 617 3354; x_wconf 79' lang='grc' dir='ltr'><strong>τὴν</strong></span> <span class='ocrx_word' id='word_1_377' title='bbox 662 3286 1127 3358; x_wconf 75' lang='grc' dir='ltr'>ἐκκλησιαστικὴν</span> <span class='ocrx_word' id='word_1_378' title='bbox 1165 3289 1360 3358; x_wconf 84' lang='grc' dir='ltr'>ἀρχὴν,</span> <span class='ocrx_word' id='word_1_379' title='bbox 1408 3290 1565 3353; x_wconf 78' lang='grc' dir='ltr'>ὄντας</span> <span class='ocrx_word' id='word_1_380' title='bbox 1604 3293 1667 3343; x_wconf 90' lang='grc' dir='ltr'><strong>ἐκ</strong></span> <span class='ocrx_word' id='word_1_381' title='bbox 1695 3292 1823 3344; x_wconf 89' lang='grc' dir='ltr'>πολ-</span> 
     </span>
    </p>
   </div>
   <div class='ocr_carea' id='block_1_61' title="bbox 343 3364 1826 3450">
    <p class='ocr_par' dir='ltr' id='par_1_61' title="bbox 343 3364 1826 3450">
     <span class='ocr_line' id='line_1_61' title="bbox 343 3364 1826 3450; baseline 0.005 -24"><span class='ocrx_word' id='word_1_382' title='bbox 343 3395 361 3426; x_wconf 79' lang='grc'><strong>(</strong></span> <span class='ocrx_word' id='word_1_383' title='bbox 406 3373 500 3426; x_wconf 84' lang='grc' dir='ltr'>λοῦ</span> <span class='ocrx_word' id='word_1_384' title='bbox 528 3364 1021 3444; x_wconf 74' lang='grc' dir='ltr'>δεδοκιμασμένους</span> <span class='ocrx_word' id='word_1_385' title='bbox 1066 3393 1126 3429; x_wconf 83' lang='grc' dir='ltr'><strong>τε</strong></span> <span class='ocrx_word' id='word_1_386' title='bbox 1166 3377 1243 3446; x_wconf 83' lang='grc' dir='ltr'><strong>τῷ</strong></span> <span class='ocrx_word' id='word_1_387' title='bbox 1267 3378 1411 3447; x_wconf 85' lang='grc' dir='ltr'>λόγῳ</span> <span class='ocrx_word' id='word_1_388' title='bbox 1443 3380 1540 3450; x_wconf 80' lang='grc' dir='ltr'>τῆς</span> <span class='ocrx_word' id='word_1_389' title='bbox 1589 3382 1826 3444; x_wconf 80' lang='grc' dir='ltr'>πίστεως</span> 
     </span>
    </p>
   </div>
   <div class='ocr_carea' id='block_1_62' title="bbox 343 3468 1457 3542">
    <p class='ocr_par' dir='ltr' id='par_1_62' title="bbox 343 3468 1457 3542">
     <span class='ocr_line' id='line_1_62' title="bbox 343 3468 1457 3542; baseline 0.004 -23"><span class='ocrx_word' id='word_1_390' title='bbox 343 3486 361 3519; x_wconf 73' lang='grc' dir='ltr'><strong>ι</strong></span> <span class='ocrx_word' id='word_1_391' title='bbox 406 3471 501 3537; x_wconf 57' lang='grc' dir='ltr'>καὶ</span> <span class='ocrx_word' id='word_1_392' title='bbox 529 3472 596 3539; x_wconf 74' lang='grc' dir='ltr'>τῇ</span> <span class='ocrx_word' id='word_1_393' title='bbox 619 3469 712 3521; x_wconf 80' lang='grc' dir='ltr'><strong>τοῦ</strong></span> <span class='ocrx_word' id='word_1_394' title='bbox 737 3468 917 3532; x_wconf 78' lang='grc' dir='ltr'>εὐθέος</span> <span class='ocrx_word' id='word_1_395' title='bbox 950 3470 1107 3537; x_wconf 88' lang='grc' dir='ltr'>λόγου</span> <span class='ocrx_word' id='word_1_396' title='bbox 1141 3472 1402 3542; x_wconf 70' lang='grc' dir='ltr'>πολιτείᾳ.</span> <span class='ocrx_word' id='word_1_397' title='bbox 1440 3492 1457 3523; x_wconf 78' lang='grc' dir='ltr'><strong>ι</strong></span> 
     </span>
    </p>
   </div>
   <div class='ocr_carea' id='block_1_63' title="bbox 340 3558 1825 3636">
    <p class='ocr_par' dir='ltr' id='par_1_63' title="bbox 340 3558 1825 3636">
     <span class='ocr_line' id='line_1_63' title="bbox 340 3558 1825 3636; baseline 0.006 -25"><span class='ocrx_word' id='word_1_398' title='bbox 340 3560 535 3612; x_wconf 81' lang='grc' dir='ltr'><strong>ΒΑΛΣ.</strong></span> <span class='ocrx_word' id='word_1_399' title='bbox 564 3560 667 3612; x_wconf 77' lang='grc' dir='ltr'>Καὶ</span> <span class='ocrx_word' id='word_1_400' title='bbox 695 3560 723 3611; x_wconf 85' lang='grc' dir='ltr'>ὁ</span> <span class='ocrx_word' id='word_1_401' title='bbox 753 3558 942 3630; x_wconf 83' lang='grc' dir='ltr'>παρὼν</span> <span class='ocrx_word' id='word_1_402' title='bbox 971 3560 1149 3613; x_wconf 81' lang='grc' dir='ltr'>κανὼν</span> <span class='ocrx_word' id='word_1_403' title='bbox 1172 3563 1368 3616; x_wconf 81' lang='grc' dir='ltr'>κωλύει</span> <span class='ocrx_word' id='word_1_404' title='bbox 1404 3564 1507 3617; x_wconf 76' lang='grc' dir='ltr'><strong>ὑπὸ</strong></span> <span class='ocrx_word' id='word_1_405' title='bbox 1547 3566 1641 3618; x_wconf 76' lang='grc' dir='ltr'><strong>τοῦ</strong></span> <span class='ocrx_word' id='word_1_406' title='bbox 1670 3566 1825 3636; x_wconf 79' lang='grc' dir='ltr'>ὄχλου</span> 
     </span>
    </p>
   </div>
   <div class='ocr_carea' id='block_1_64' title="bbox 270 3651 1821 3728">
    <p class='ocr_par' dir='ltr' id='par_1_64' title="bbox 270 3651 1821 3728">
     <span class='ocr_line' id='line_1_64' title="bbox 270 3651 1821 3728; baseline 0.006 -25"><span class='ocrx_word' id='word_1_407' title='bbox 270 3651 397 3713; x_wconf 81' lang='grc' dir='ltr'>τοὺς</span> <span class='ocrx_word' id='word_1_408' title='bbox 434 3651 765 3713; x_wconf 79' lang='grc' dir='ltr'>ἐπισκόπους</span> <span class='ocrx_word' id='word_1_409' title='bbox 793 3651 1162 3721; x_wconf 77' lang='grc' dir='ltr'>ψηφίζεσθαι·</span> <span class='ocrx_word' id='word_1_410' title='bbox 1202 3655 1296 3707; x_wconf 76' lang='grc' dir='ltr'><strong>καὶ</strong></span> <span class='ocrx_word' id='word_1_411' title='bbox 1341 3654 1637 3723; x_wconf 76' lang='grc' dir='ltr'>διορίζεται</span> <span class='ocrx_word' id='word_1_412' title='bbox 1670 3660 1821 3728; x_wconf 77' lang='grc' dir='ltr'>παρὰ</span> 
     </span>
    </p>
   </div>
   <div class='ocr_carea' id='block_1_65' title="bbox 276 3744 1820 3813">
    <p class='ocr_par' dir='ltr' id='par_1_65' title="bbox 276 3744 1820 3813">
     <span class='ocr_line' id='line_1_65' title="bbox 276 3744 1820 3813; baseline 0.006 -19"><span class='ocrx_word' id='word_1_413' title='bbox 276 3744 683 3813; x_wconf 83' lang='grc' dir='ltr'>μητροπολιτῶν</span> <span class='ocrx_word' id='word_1_414' title='bbox 711 3744 806 3798; x_wconf 65' lang='grc' dir='ltr'><strong>καλ⁸</strong></span> <span class='ocrx_word' id='word_1_415' title='bbox 847 3745 1163 3797; x_wconf 87' lang='grc' dir='ltr'>ἐπισκόπων</span> <span class='ocrx_word' id='word_1_416' title='bbox 1191 3745 1414 3810; x_wconf 86' lang='grc' dir='ltr'>τούτους</span> <span class='ocrx_word' id='word_1_417' title='bbox 1441 3750 1820 3804; x_wconf 85' lang='grc' dir='ltr'>καθίστασθαι.</span> 
     </span>
    </p>
   </div>
   <div class='ocr_carea' id='block_1_66' title="bbox 269 3833 1823 3907">
    <p class='ocr_par' dir='ltr' id='par_1_66' title="bbox 269 3833 1823 3907">
     <span class='ocr_line' id='line_1_66' title="bbox 269 3833 1823 3907; baseline 0.004 -20"><span class='ocrx_word' id='word_1_418' title='bbox 269 3836 711 3906; x_wconf 79' lang='grc' dir='ltr'>Παρακελεύεται</span> <span class='ocrx_word' id='word_1_419' title='bbox 740 3838 797 3890; x_wconf 85' lang='grc' dir='ltr'>δὲ</span> <span class='ocrx_word' id='word_1_420' title='bbox 826 3838 1086 3907; x_wconf 84' lang='grc' dir='ltr'>δοκίμους</span> <span class='ocrx_word' id='word_1_421' title='bbox 1118 3833 1259 3891; x_wconf 77' lang='grc' dir='ltr'>εἶναι</span> <span class='ocrx_word' id='word_1_422' title='bbox 1284 3839 1479 3902; x_wconf 76' lang='grc' dir='ltr'>αὐτοὺς</span> <span class='ocrx_word' id='word_1_423' title='bbox 1504 3842 1647 3893; x_wconf 79' lang='grc' dir='ltr'>κατά</span> <span class='ocrx_word' id='word_1_424' title='bbox 1673 3858 1731 3892; x_wconf 89' lang='grc' dir='ltr'><strong>τε</strong></span> <span class='ocrx_word' id='word_1_425' title='bbox 1761 3844 1823 3894; x_wconf 89' lang='grc' dir='ltr'>τὸ</span> 
     </span>
    </p>
   </div>
   <div class='ocr_carea' id='block_1_67' title="bbox 263 3930 839 4001">
    <p class='ocr_par' dir='ltr' id='par_1_67' title="bbox 263 3930 839 4001">
     <span class='ocr_line' id='line_1_67' title="bbox 263 3930 839 4001; baseline 0.005 -19"><span class='ocrx_word' id='word_1_426' title='bbox 263 3931 445 3999; x_wconf 69' lang='grc' dir='ltr'>δόγμα</span> <span class='ocrx_word' id='word_1_427' title='bbox 468 3930 562 3982; x_wconf 73' lang='grc' dir='ltr'><strong>καὶ</strong></span> <span class='ocrx_word' id='word_1_428' title='bbox 591 3931 681 3983; x_wconf 81' lang='grc' dir='ltr'><strong>τὸν</strong></span> <span class='ocrx_word' id='word_1_429' title='bbox 707 3932 839 4001; x_wconf 85' lang='grc' dir='ltr'>βίον.</span> 
     </span>
    </p>
   </div>
   <div class='ocr_carea' id='block_1_68' title="bbox 336 4022 1824 4095">
    <p class='ocr_par' dir='ltr' id='par_1_68' title="bbox 336 4022 1824 4095">
     <span class='ocr_line' id='line_1_68' title="bbox 336 4022 1824 4095; baseline 0.001 -19"><span class='ocrx_word' id='word_1_430' title='bbox 336 4022 581 4077; x_wconf 80' lang='grc' dir='ltr'><strong>ΖΩΝΑΡ.</strong></span> <span class='ocrx_word' id='word_1_431' title='bbox 605 4023 676 4075; x_wconf 82' lang='grc' dir='ltr'>Τὸ</span> <span class='ocrx_word' id='word_1_432' title='bbox 699 4023 927 4075; x_wconf 77' lang='grc' dir='ltr'>παλαιὸν</span> <span class='ocrx_word' id='word_1_433' title='bbox 948 4024 997 4076; x_wconf 76' lang='lat' dir='ltr'><strong>ot</strong></span> <span class='ocrx_word' id='word_1_434' title='bbox 1026 4023 1186 4091; x_wconf 87' lang='grc' dir='ltr'>δῆμοι</span> <span class='ocrx_word' id='word_1_435' title='bbox 1214 4022 1323 4075; x_wconf 86' lang='grc' dir='ltr'>τῶν</span> <span class='ocrx_word' id='word_1_436' title='bbox 1354 4022 1563 4076; x_wconf 90' lang='grc' dir='ltr'>πόλεων</span> <span class='ocrx_word' id='word_1_437' title='bbox 1595 4023 1824 4095; x_wconf 79' lang='grc' dir='ltr'>ᾑροῦντο</span> 
     </span>
    </p>
   </div>
   <div class='ocr_carea' id='block_1_69' title="bbox 266 4113 1815 4187">
    <p class='ocr_par' dir='ltr' id='par_1_69' title="bbox 266 4113 1815 4187">
     <span class='ocr_line' id='line_1_69' title="bbox 266 4113 1815 4187; baseline -0.002 -18"><span class='ocrx_word' id='word_1_438' title='bbox 266 4116 392 4179; x_wconf 77' lang='grc' dir='ltr'>τοὺς</span> <span class='ocrx_word' id='word_1_439' title='bbox 420 4116 752 4177; x_wconf 79' lang='grc' dir='ltr'>ἐπισκόπους</span> <span class='ocrx_word' id='word_1_440' title='bbox 780 4131 795 4145; x_wconf 87' lang='grc'><strong>·</strong></span> <span class='ocrx_word' id='word_1_441' title='bbox 828 4116 910 4167; x_wconf 78' lang='grc' dir='ltr'><strong>ὅτι</strong></span> <span class='ocrx_word' id='word_1_442' title='bbox 947 4114 1003 4167; x_wconf 80' lang='grc' dir='ltr'><strong>δὲ</strong></span> <span class='ocrx_word' id='word_1_443' title='bbox 1026 4115 1247 4175; x_wconf 80' lang='grc' dir='ltr'>στάσεις</span> <span class='ocrx_word' id='word_1_444' title='bbox 1278 4113 1531 4166; x_wconf 80' lang='grc' dir='ltr'>ἐντεῦθεν</span> <span class='ocrx_word' id='word_1_445' title='bbox 1563 4115 1815 4187; x_wconf 80' lang='grc' dir='ltr'>ἠγείρον-</span> 
     </span>
    </p>
   </div>
   <div class='ocr_carea' id='block_1_70' title="bbox 266 4206 1820 4278">
    <p class='ocr_par' dir='ltr' id='par_1_70' title="bbox 266 4206 1820 4278">
     <span class='ocr_line' id='line_1_70' title="bbox 266 4206 1820 4278; baseline -0.001 -16"><span class='ocrx_word' id='word_1_446' title='bbox 266 4227 347 4274; x_wconf 88' lang='grc' dir='ltr'><strong>το,</strong></span> <span class='ocrx_word' id='word_1_447' title='bbox 376 4209 462 4262; x_wconf 81' lang='grc' dir='ltr'>διὰ</span> <span class='ocrx_word' id='word_1_448' title='bbox 497 4209 655 4262; x_wconf 84' lang='grc' dir='ltr'>τοῦτο</span> <span class='ocrx_word' id='word_1_449' title='bbox 681 4211 792 4270; x_wconf 88' lang='grc' dir='ltr'>τοῖς</span> <span class='ocrx_word' id='word_1_450' title='bbox 823 4206 1145 4268; x_wconf 79' lang='grc' dir='ltr'>ἐπισκόποις</span> <span class='ocrx_word' id='word_1_451' title='bbox 1179 4207 1417 4275; x_wconf 77' lang='grc' dir='ltr'>ἑκάστης</span> <span class='ocrx_word' id='word_1_452' title='bbox 1460 4209 1727 4278; x_wconf 80' lang='grc' dir='ltr'>ἐπαρχίας</span> <span class='ocrx_word' id='word_1_453' title='bbox 1753 4209 1820 4261; x_wconf 76' lang='grc' dir='ltr'>τὰ</span> 
     </span>
    </p>
   </div>
   <div class='ocr_carea' id='block_1_71' title="bbox 268 4299 1815 4371">
    <p class='ocr_par' dir='ltr' id='par_1_71' title="bbox 268 4299 1815 4371">
     <span class='ocr_line' id='line_1_71' title="bbox 268 4299 1815 4371; baseline -0.005 -17"><span class='ocrx_word' id='word_1_454' title='bbox 268 4302 392 4371; x_wconf 68' lang='grc' dir='ltr'>περὶ</span> <span class='ocrx_word' id='word_1_455' title='bbox 414 4301 514 4370; x_wconf 82' lang='grc' dir='ltr'>τῆς</span> <span class='ocrx_word' id='word_1_456' title='bbox 587 4299 696 4353; x_wconf 83' lang='grc' dir='ltr'><strong>τῶν</strong></span> <span class='ocrx_word' id='word_1_457' title='bbox 762 4299 1075 4352; x_wconf 88' lang='grc' dir='ltr'>ἐπισκόπων</span> <span class='ocrx_word' id='word_1_458' title='bbox 1136 4299 1528 4360; x_wconf 83' lang='grc' dir='ltr'>καταστάσεως</span> <span class='ocrx_word' id='word_1_459' title='bbox 1590 4300 1815 4367; x_wconf 73' lang='grc' dir='ltr'>ἀνετέθη</span> 
     </span>
    </p>
   </div>
   <div class='ocr_carea' id='block_1_72' title="bbox 263 4385 1816 4463">
    <p class='ocr_par' dir='ltr' id='par_1_72' title="bbox 263 4385 1816 4463">
     <span class='ocr_line' id='line_1_72' title="bbox 263 4385 1816 4463; baseline -0.001 -19"><span class='ocrx_word' id='word_1_460' title='bbox 263 4394 608 4463; x_wconf 75' lang='grc' dir='ltr'>ψηφίσματα.</span> <span class='ocrx_word' id='word_1_461' title='bbox 636 4392 862 4459; x_wconf 79' lang='grc' dir='ltr'>Ἐπάγει</span> <span class='ocrx_word' id='word_1_462' title='bbox 899 4390 955 4442; x_wconf 78' lang='grc' dir='ltr'>δὲ</span> <span class='ocrx_word' id='word_1_463' title='bbox 981 4394 1007 4441; x_wconf 89' lang='grc' dir='ltr'><strong>ό</strong></span> <span class='ocrx_word' id='word_1_464' title='bbox 1036 4389 1214 4442; x_wconf 83' lang='grc' dir='ltr'>κανὼν</span> <span class='ocrx_word' id='word_1_465' title='bbox 1249 4392 1337 4442; x_wconf 75' lang='grc' dir='ltr'><strong>καὶ</strong></span> <span class='ocrx_word' id='word_1_466' title='bbox 1368 4390 1512 4451; x_wconf 77' lang='grc' dir='ltr'>οἵους</span> <span class='ocrx_word' id='word_1_467' title='bbox 1555 4390 1636 4442; x_wconf 87' lang='grc' dir='ltr'><strong>δεῖ</strong></span> <span class='ocrx_word' id='word_1_468' title='bbox 1663 4385 1816 4459; x_wconf 73' lang='grc' dir='ltr'><strong>⁸εἷνιιιι</strong></span> 
     </span>
    </p>
   </div>
   <div class='ocr_carea' id='block_1_73' title="bbox 2002 3208 3482 3291">
    <p class='ocr_par' dir='ltr' id='par_1_73' title="bbox 2002 3208 3482 3291">
     <span class='ocr_line' id='line_1_73' title="bbox 2002 3208 3482 3291; baseline 0.013 -33"><span class='ocrx_word' id='word_1_469' title='bbox 2002 3225 2029 3263; x_wconf 72' lang='grc' dir='ltr'><strong>ι</strong></span> <span class='ocrx_word' id='word_1_470' title='bbox 2059 3208 2435 3277; x_wconf 86' lang='lat' dir='ltr'><strong>episcoporum</strong></span> <span class='ocrx_word' id='word_1_471' title='bbox 2451 3211 2676 3280; x_wconf 89' lang='lat' dir='ltr'><strong>judicio,</strong></span> <span class='ocrx_word' id='word_1_472' title='bbox 2696 3214 2748 3267; x_wconf 92' lang='lat' dir='ltr'><strong>in</strong></span> <span class='ocrx_word' id='word_1_473' title='bbox 2769 3215 3140 3273; x_wconf 82' lang='lat' dir='ltr'><strong>ecclesiastico</strong></span> <span class='ocrx_word' id='word_1_474' title='bbox 3161 3224 3482 3291; x_wconf 79' lang='lat' dir='ltr'><strong>magistratu</strong></span> 
     </span>
    </p>
   </div>
   <div class='ocr_carea' id='block_1_74' title="bbox 2000 3300 3482 3376">
    <p class='ocr_par' dir='ltr' id='par_1_74' title="bbox 2000 3300 3482 3376">
     <span class='ocr_line' id='line_1_74' title="bbox 2000 3300 3482 3376; baseline 0.014 -29"><span class='ocrx_word' id='word_1_475' title='bbox 2000 3314 2021 3347; x_wconf 82' lang='lat'><strong>(</strong></span> <span class='ocrx_word' id='word_1_476' title='bbox 2057 3300 2426 3355; x_wconf 87' lang='lat' dir='ltr'><strong>constituendi</strong></span> <span class='ocrx_word' id='word_1_477' title='bbox 2475 3314 2625 3369; x_wconf 89' lang='lat' dir='ltr'><strong>sunt,</strong></span> <span class='ocrx_word' id='word_1_478' title='bbox 2674 3302 2764 3359; x_wconf 85' lang='lat' dir='ltr'><strong>diu</strong></span> <span class='ocrx_word' id='word_1_479' title='bbox 2813 3309 3024 3376; x_wconf 88' lang='lat' dir='ltr'><strong>probati</strong></span> <span class='ocrx_word' id='word_1_480' title='bbox 3070 3319 3123 3363; x_wconf 90' lang='lat' dir='ltr'><strong>et</strong></span> <span class='ocrx_word' id='word_1_481' title='bbox 3171 3312 3227 3365; x_wconf 92' lang='lat' dir='ltr'><strong>in</strong></span> <span class='ocrx_word' id='word_1_482' title='bbox 3270 3317 3482 3369; x_wconf 76' lang='lat' dir='ltr'><strong>ratione</strong></span> 
     </span>
    </p>
   </div>
   <div class='ocr_carea' id='block_1_75' title="bbox 2007 3391 3221 3459">
    <p class='ocr_par' dir='ltr' id='par_1_75' title="bbox 2007 3391 3221 3459">
     <span class='ocr_line' id='line_1_75' title="bbox 2007 3391 3221 3459; baseline 0.012 -18"><span class='ocrx_word' id='word_1_483' title='bbox 2007 3408 2026 3441; x_wconf 77' lang='grc' dir='ltr'><strong>ι</strong></span> <span class='ocrx_word' id='word_1_484' title='bbox 2063 3391 2187 3447; x_wconf 87' lang='lat' dir='ltr'><strong>ﬁdei</strong></span> <span class='ocrx_word' id='word_1_485' title='bbox 2217 3402 2271 3448; x_wconf 87' lang='lat' dir='ltr'><strong>et</strong></span> <span class='ocrx_word' id='word_1_486' title='bbox 2303 3394 2357 3448; x_wconf 93' lang='lat' dir='ltr'><strong>in</strong></span> <span class='ocrx_word' id='word_1_487' title='bbox 2392 3397 2528 3450; x_wconf 90' lang='lat' dir='ltr'><strong>recti</strong></span> <span class='ocrx_word' id='word_1_488' title='bbox 2554 3399 2703 3453; x_wconf 80' lang='lat' dir='ltr'><strong>verbi</strong></span> <span class='ocrx_word' id='word_1_489' title='bbox 2732 3400 3158 3459; x_wconf 83' lang='lat' dir='ltr'><strong>disocnsatione.</strong></span> <span class='ocrx_word' id='word_1_490' title='bbox 3202 3424 3221 3455; x_wconf 76' lang='grc' dir='ltr'><strong>ι</strong></span> 
     </span>
    </p>
   </div>
   <div class='ocr_carea' id='block_1_76' title="bbox 1996 3564 3481 3654">
    <p class='ocr_par' dir='ltr' id='par_1_76' title="bbox 1996 3564 3481 3654">
     <span class='ocr_line' id='line_1_76' title="bbox 1996 3564 3481 3654; baseline 0.01 -29"><span class='ocrx_word' id='word_1_491' title='bbox 1996 3571 2190 3626; x_wconf 80' lang='lat' dir='ltr'><strong>BALS.</strong></span> <span class='ocrx_word' id='word_1_492' title='bbox 2233 3572 2481 3630; x_wconf 62' lang='lat' dir='ltr'><strong>Praesens</strong></span> <span class='ocrx_word' id='word_1_493' title='bbox 2531 3593 2748 3647; x_wconf 87' lang='lat' dir='ltr'><strong>quoque</strong></span> <span class='ocrx_word' id='word_1_494' title='bbox 2782 3595 2959 3635; x_wconf 88' lang='lat' dir='ltr'><strong>canon</strong></span> <span class='ocrx_word' id='word_1_495' title='bbox 2993 3584 3242 3651; x_wconf 85' lang='lat' dir='ltr'><strong>prohibet</strong></span> <span class='ocrx_word' id='word_1_496' title='bbox 3271 3564 3481 3654; x_wconf 66' lang='grc' dir='ltr'><strong>«τρίδυο-</strong></span> 
     </span>
    </p>
   </div>
   <div class='ocr_carea' id='block_1_77' title="bbox 1928 3664 3481 3744">
    <p class='ocr_par' dir='ltr' id='par_1_77' title="bbox 1928 3664 3481 3744">
     <span class='ocr_line' id='line_1_77' title="bbox 1928 3664 3481 3744; baseline 0.011 -29"><span class='ocrx_word' id='word_1_497' title='bbox 1928 3676 2026 3730; x_wconf 87' lang='lat' dir='ltr'><strong>pos</strong></span> <span class='ocrx_word' id='word_1_498' title='bbox 2055 3678 2085 3715; x_wconf 89' lang='lat' dir='ltr'><strong>a</strong></span> <span class='ocrx_word' id='word_1_499' title='bbox 2119 3664 2463 3722; x_wconf 87' lang='lat' dir='ltr'><strong>multitudine</strong></span> <span class='ocrx_word' id='word_1_500' title='bbox 2492 3670 2615 3739; x_wconf 81' lang='lat' dir='ltr'><strong>eligi</strong></span> <span class='ocrx_word' id='word_1_501' title='bbox 2641 3688 2655 3735; x_wconf 91' lang='lat'><strong>;</strong></span> <span class='ocrx_word' id='word_1_502' title='bbox 2684 3678 2738 3723; x_wconf 90' lang='lat' dir='ltr'><strong>et</strong></span> <span class='ocrx_word' id='word_1_503' title='bbox 2769 3687 2865 3726; x_wconf 90' lang='lat' dir='ltr'><strong>eos</strong></span> <span class='ocrx_word' id='word_1_504' title='bbox 2899 3690 2927 3724; x_wconf 89' lang='lat' dir='ltr'><strong>a</strong></span> <span class='ocrx_word' id='word_1_505' title='bbox 2965 3677 3397 3744; x_wconf 84' lang='lat' dir='ltr'><strong>mctrOpolitanis</strong></span> <span class='ocrx_word' id='word_1_506' title='bbox 3427 3688 3481 3732; x_wconf 91' lang='lat' dir='ltr'><strong>et</strong></span> 
     </span>
    </p>
   </div>
   <div class='ocr_carea' id='block_1_78' title="bbox 1923 3756 3480 3829">
    <p class='ocr_par' dir='ltr' id='par_1_78' title="bbox 1923 3756 3480 3829">
     <span class='ocr_line' id='line_1_78' title="bbox 1923 3756 3480 3829; baseline 0.012 -23"><span class='ocrx_word' id='word_1_507' title='bbox 1923 3756 2200 3823; x_wconf 75' lang='lat' dir='ltr'><strong>epis00pis</strong></span> <span class='ocrx_word' id='word_1_508' title='bbox 2228 3759 2489 3812; x_wconf 89' lang='lat' dir='ltr'><strong>constitui</strong></span> <span class='ocrx_word' id='word_1_509' title='bbox 2531 3774 2785 3829; x_wconf 82' lang='lat' dir='ltr'><strong>Oportere</strong></span> <span class='ocrx_word' id='word_1_510' title='bbox 2821 3764 3090 3820; x_wconf 88' lang='lat' dir='ltr'><strong>decernit.</strong></span> <span class='ocrx_word' id='word_1_511' title='bbox 3127 3766 3351 3823; x_wconf 79' lang='lat' dir='ltr'><strong>Probari</strong></span> <span class='ocrx_word' id='word_1_512' title='bbox 3378 3787 3480 3825; x_wconf 83' lang='lat' dir='ltr'><strong>au-</strong></span> 
     </span>
    </p>
   </div>
   <div class='ocr_carea' id='block_1_79' title="bbox 1926 3847 3125 3913">
    <p class='ocr_par' dir='ltr' id='par_1_79' title="bbox 1926 3847 3125 3913">
     <span class='ocr_line' id='line_1_79' title="bbox 1926 3847 3125 3913; baseline 0.015 -18"><span class='ocrx_word' id='word_1_513' title='bbox 1926 3854 2033 3897; x_wconf 87' lang='lat' dir='ltr'><strong>tem</strong></span> <span class='ocrx_word' id='word_1_514' title='bbox 2066 3861 2162 3900; x_wconf 88' lang='lat' dir='ltr'><strong>eos</strong></span> <span class='ocrx_word' id='word_1_515' title='bbox 2188 3847 2336 3909; x_wconf 83' lang='lat' dir='ltr'><strong>iubet</strong></span> <span class='ocrx_word' id='word_1_516' title='bbox 2360 3863 2413 3904; x_wconf 86' lang='lat' dir='ltr'><strong>et</strong></span> <span class='ocrx_word' id='word_1_517' title='bbox 2447 3853 2499 3904; x_wconf 92' lang='lat' dir='ltr'><strong>in</strong></span> <span class='ocrx_word' id='word_1_518' title='bbox 2530 3856 2801 3908; x_wconf 85' lang='lat' dir='ltr'><strong>sententia</strong></span> <span class='ocrx_word' id='word_1_519' title='bbox 2833 3867 2888 3910; x_wconf 87' lang='lat' dir='ltr'><strong>et</strong></span> <span class='ocrx_word' id='word_1_520' title='bbox 2914 3859 2967 3910; x_wconf 90' lang='lat' dir='ltr'><strong>in</strong></span> <span class='ocrx_word' id='word_1_521' title='bbox 2998 3858 3125 3913; x_wconf 84' lang='lat' dir='ltr'><strong>vita.</strong></span> 
     </span>
    </p>
   </div>
   <div class='ocr_carea' id='block_1_80' title="bbox 1996 4018 3478 4107">
    <p class='ocr_par' dir='ltr' id='par_1_80' title="bbox 1996 4018 3478 4107">
     <span class='ocr_line' id='line_1_80' title="bbox 1996 4018 3478 4107; baseline 0.013 -35"><span class='ocrx_word' id='word_1_522' title='bbox 1996 4018 2245 4076; x_wconf 80' lang='lat' dir='ltr'><strong>ZONAR.</strong></span> <span class='ocrx_word' id='word_1_523' title='bbox 2290 4024 2481 4095; x_wconf 85' lang='lat' dir='ltr'><strong>Populi</strong></span> <span class='ocrx_word' id='word_1_524' title='bbox 2524 4028 2804 4099; x_wconf 70' lang='lat' dir='ltr'><strong>sulfragiis</strong></span> <span class='ocrx_word' id='word_1_525' title='bbox 2854 4032 2982 4085; x_wconf 90' lang='lat' dir='ltr'><strong>olim</strong></span> <span class='ocrx_word' id='word_1_526' title='bbox 3026 4035 3269 4104; x_wconf 84' lang='lat' dir='ltr'><strong>episcopi</strong></span> <span class='ocrx_word' id='word_1_527' title='bbox 3314 4037 3478 4107; x_wconf 83' lang='lat' dir='ltr'><strong>elige-</strong></span> 
     </span>
    </p>
   </div>
   <div class='ocr_carea' id='block_1_81' title="bbox 1922 4112 3475 4195">
    <p class='ocr_par' dir='ltr' id='par_1_81' title="bbox 1922 4112 3475 4195">
     <span class='ocr_line' id='line_1_81' title="bbox 1922 4112 3475 4195; baseline 0.011 -29"><span class='ocrx_word' id='word_1_528' title='bbox 1922 4112 2125 4168; x_wconf 91' lang='lat' dir='ltr'><strong>bantur</strong></span> <span class='ocrx_word' id='word_1_529' title='bbox 2144 4131 2157 4171; x_wconf 86' lang='lat'><strong>:</strong></span> <span class='ocrx_word' id='word_1_530' title='bbox 2176 4116 2270 4169; x_wconf 90' lang='lat' dir='ltr'><strong>sed</strong></span> <span class='ocrx_word' id='word_1_531' title='bbox 2290 4132 2413 4171; x_wconf 88' lang='lat' dir='ltr'><strong>cum</strong></span> <span class='ocrx_word' id='word_1_532' title='bbox 2442 4120 2623 4173; x_wconf 65' lang='lat' dir='ltr'><strong>multa:</strong></span> <span class='ocrx_word' id='word_1_533' title='bbox 2652 4122 2778 4175; x_wconf 87' lang='lat' dir='ltr'><strong>inde</strong></span> <span class='ocrx_word' id='word_1_534' title='bbox 2808 4123 3104 4179; x_wconf 82' lang='lat' dir='ltr'><strong>seditiones</strong></span> <span class='ocrx_word' id='word_1_535' title='bbox 3126 4136 3475 4195; x_wconf 76' lang='lat' dir='ltr'><strong>exsisterent,</strong></span> 
     </span>
    </p>
   </div>
   <div class='ocr_carea' id='block_1_82' title="bbox 1925 4206 3477 4292">
    <p class='ocr_par' dir='ltr' id='par_1_82' title="bbox 1925 4206 3477 4292">
     <span class='ocr_line' id='line_1_82' title="bbox 1925 4206 3477 4292; baseline 0.015 -36"><span class='ocrx_word' id='word_1_536' title='bbox 1925 4207 2050 4260; x_wconf 84' lang='lat' dir='ltr'><strong>liinc</strong></span> <span class='ocrx_word' id='word_1_537' title='bbox 2098 4206 2297 4262; x_wconf 82' lang='lat' dir='ltr'><strong>factum</strong></span> <span class='ocrx_word' id='word_1_538' title='bbox 2344 4221 2449 4273; x_wconf 90' lang='lat' dir='ltr'><strong>est,</strong></span> <span class='ocrx_word' id='word_1_539' title='bbox 2505 4223 2560 4263; x_wconf 92' lang='grc' dir='ltr'><strong>ιιι</strong></span> <span class='ocrx_word' id='word_1_540' title='bbox 2606 4214 2987 4284; x_wconf 81' lang='lat' dir='ltr'><strong>episcOporum</strong></span> <span class='ocrx_word' id='word_1_541' title='bbox 3041 4219 3477 4292; x_wconf 79' lang='lat' dir='ltr'><strong>uniuscujusque</strong></span> 
     </span>
    </p>
   </div>
   <div class='ocr_carea' id='block_1_83' title="bbox 1920 4298 3478 4381">
    <p class='ocr_par' dir='ltr' id='par_1_83' title="bbox 1920 4298 3478 4381">
     <span class='ocr_line' id='line_1_83' title="bbox 1920 4298 3478 4381; baseline 0.013 -32"><span class='ocrx_word' id='word_1_542' title='bbox 1920 4298 2214 4365; x_wconf 71' lang='lat' dir='ltr'><strong>provincia:</strong></span> <span class='ocrx_word' id='word_1_543' title='bbox 2270 4303 2598 4357; x_wconf 79' lang='lat' dir='ltr'><strong>auctoritate</strong></span> <span class='ocrx_word' id='word_1_544' title='bbox 2654 4307 2779 4374; x_wconf 82' lang='lat' dir='ltr'><strong>eligi</strong></span> <span class='ocrx_word' id='word_1_545' title='bbox 2831 4324 3150 4377; x_wconf 73' lang='lat' dir='ltr'><strong>episcopum</strong></span> <span class='ocrx_word' id='word_1_546' title='bbox 3210 4328 3478 4381; x_wconf 80' lang='lat' dir='ltr'><strong>quemque</strong></span> 
     </span>
    </p>
   </div>
   <div class='ocr_carea' id='block_1_84' title="bbox 1920 4393 3474 4475">
    <p class='ocr_par' dir='ltr' id='par_1_84' title="bbox 1920 4393 3474 4475">
     <span class='ocr_line' id='line_1_84' title="bbox 1920 4393 3474 4475; baseline 0.012 -33"><span class='ocrx_word' id='word_1_547' title='bbox 1920 4402 2171 4458; x_wconf 85' lang='lat' dir='ltr'><strong>Oportere</strong></span> <span class='ocrx_word' id='word_1_548' title='bbox 2194 4393 2558 4447; x_wconf 82' lang='lat' dir='ltr'><strong>decreverint.</strong></span> <span class='ocrx_word' id='word_1_549' title='bbox 2604 4398 2806 4452; x_wconf 71' lang='lat' dir='ltr'><strong>licinde</strong></span> <span class='ocrx_word' id='word_1_550' title='bbox 2847 4415 2972 4452; x_wconf 78' lang='lat' dir='ltr'><strong>Vero</strong></span> <span class='ocrx_word' id='word_1_551' title='bbox 3010 4406 3200 4469; x_wconf 85' lang='lat' dir='ltr'><strong>quales</strong></span> <span class='ocrx_word' id='word_1_552' title='bbox 3238 4419 3353 4466; x_wconf 87' lang='lat' dir='ltr'><strong>eos,</strong></span> <span class='ocrx_word' id='word_1_553' title='bbox 3384 4409 3474 4475; x_wconf 84' lang='lat' dir='ltr'><strong>qui</strong></span> 
     </span>
    </p>
   </div>
   <div class='ocr_carea' id='block_1_85' title="bbox 262 4483 1821 4563">
    <p class='ocr_par' dir='ltr' id='par_1_85' title="bbox 262 4483 1814 4553">
     <span class='ocr_line' id='line_1_85' title="bbox 262 4483 1814 4553; baseline -0.005 -13"><span class='ocrx_word' id='word_1_554' title='bbox 262 4490 388 4549; x_wconf 75' lang='grc' dir='ltr'>τοὺς</span> <span class='ocrx_word' id='word_1_555' title='bbox 417 4487 497 4548; x_wconf 89' lang='grc' dir='ltr'><strong>είς</strong></span> <span class='ocrx_word' id='word_1_556' title='bbox 550 4487 855 4550; x_wconf 74' lang='grc' dir='ltr'>ἐπισκοπὴν</span> <span class='ocrx_word' id='word_1_557' title='bbox 908 4483 1452 4552; x_wconf 74' lang='grc' dir='ltr'>προχειριζομένους,</span> <span class='ocrx_word' id='word_1_558' title='bbox 1486 4483 1656 4553; x_wconf 69' lang='grc' dir='ltr'>ἤγουν</span> <span class='ocrx_word' id='word_1_559' title='bbox 1709 4483 1814 4552; x_wconf 80' lang='grc' dir='ltr'><strong>πρὸ</strong></span> 
     </span>
    </p>
   </div>
   <div class='ocr_carea' id='block_1_86' title="bbox 1927 4483 3474 4563">
    <p class='ocr_par' dir='ltr' id='par_1_86' title="bbox 1927 4483 3474 4563">
     <span class='ocr_line' id='line_1_86' title="bbox 1927 4483 3474 4563; baseline 0.01 -28"><span class='ocrx_word' id='word_1_560' title='bbox 1927 4483 2158 4553; x_wconf 67' lang='lat' dir='ltr'><strong>episcopi</strong></span> <span class='ocrx_word' id='word_1_561' title='bbox 2187 4487 2406 4539; x_wconf 89' lang='lat' dir='ltr'><strong>creandi</strong></span> <span class='ocrx_word' id='word_1_562' title='bbox 2444 4499 2592 4553; x_wconf 86' lang='lat' dir='ltr'><strong>sunt,</strong></span> <span class='ocrx_word' id='word_1_563' title='bbox 2640 4503 2759 4544; x_wconf 85' lang='lat' dir='ltr'><strong>esse</strong></span> <span class='ocrx_word' id='word_1_564' title='bbox 2790 4489 3003 4556; x_wconf 88' lang='lat' dir='ltr'><strong>deceat,</strong></span> <span class='ocrx_word' id='word_1_565' title='bbox 3036 4508 3212 4547; x_wconf 85' lang='lat' dir='ltr'><strong>canon</strong></span> <span class='ocrx_word' id='word_1_566' title='bbox 3246 4497 3474 4563; x_wconf 76' lang='lat' dir='ltr'><strong>subiun-</strong></span> 
     </span>
    </p>
   </div>
   <div class='ocr_carea' id='block_1_87' title="bbox 260 4574 1813 4646">
    <p class='ocr_par' dir='ltr' id='par_1_87' title="bbox 260 4574 1813 4646">
     <span class='ocr_line' id='line_1_87' title="bbox 260 4574 1813 4646; baseline -0.004 -15"><span class='ocrx_word' id='word_1_567' title='bbox 260 4578 457 4631; x_wconf 83' lang='grc' dir='ltr'>πολλοῦ</span> <span class='ocrx_word' id='word_1_568' title='bbox 486 4578 974 4646; x_wconf 77' lang='grc' dir='ltr'>δεδοκιμασμένους</span> <span class='ocrx_word' id='word_1_569' title='bbox 997 4576 1052 4627; x_wconf 77' lang='grc' dir='ltr'><strong>ἐν</strong></span> <span class='ocrx_word' id='word_1_570' title='bbox 1075 4592 1133 4626; x_wconf 86' lang='grc' dir='ltr'><strong>τε</strong></span> <span class='ocrx_word' id='word_1_571' title='bbox 1162 4575 1238 4643; x_wconf 82' lang='grc' dir='ltr'><strong>τῷ</strong></span> <span class='ocrx_word' id='word_1_572' title='bbox 1264 4574 1404 4644; x_wconf 83' lang='grc' dir='ltr'>λόγῳ</span> <span class='ocrx_word' id='word_1_573' title='bbox 1426 4575 1521 4643; x_wconf 80' lang='grc' dir='ltr'>τῆς</span> <span class='ocrx_word' id='word_1_574' title='bbox 1556 4576 1813 4635; x_wconf 84' lang='grc' dir='ltr'>πίστεως,</span> 
     </span>
    </p>
   </div>
   <div class='ocr_carea' id='block_1_88' title="bbox 262 4666 1811 4739">
    <p class='ocr_par' dir='ltr' id='par_1_88' title="bbox 262 4666 1811 4739">
     <span class='ocr_line' id='line_1_88' title="bbox 262 4666 1811 4739; baseline -0.003 -16"><span class='ocrx_word' id='word_1_575' title='bbox 262 4672 539 4723; x_wconf 78' lang='grc' dir='ltr'>τουτέστιν</span> <span class='ocrx_word' id='word_1_576' title='bbox 560 4669 733 4739; x_wconf 76' lang='grc' dir='ltr'>ὀρθῶς</span> <span class='ocrx_word' id='word_1_577' title='bbox 758 4671 852 4721; x_wconf 75' lang='grc' dir='ltr'>καὶ</span> <span class='ocrx_word' id='word_1_578' title='bbox 882 4667 1051 4735; x_wconf 83' lang='grc' dir='ltr'>ὑγιῶς</span> <span class='ocrx_word' id='word_1_579' title='bbox 1080 4666 1301 4737; x_wconf 78' lang='grc' dir='ltr'>ἔχοντας</span> <span class='ocrx_word' id='word_1_580' title='bbox 1327 4670 1455 4737; x_wconf 78' lang='grc' dir='ltr'>περὶ</span> <span class='ocrx_word' id='word_1_581' title='bbox 1478 4668 1575 4737; x_wconf 82' lang='grc' dir='ltr'>τὴν</span> <span class='ocrx_word' id='word_1_582' title='bbox 1608 4669 1811 4732; x_wconf 85' lang='grc' dir='ltr'>πίστιν,</span> 
     </span>
    </p>
   </div>
   <div class='ocr_carea' id='block_1_89' title="bbox 258 4760 1813 4833">
    <p class='ocr_par' dir='ltr' id='par_1_89' title="bbox 258 4760 1813 4833">
     <span class='ocr_line' id='line_1_89' title="bbox 258 4760 1813 4833; baseline -0.002 -18"><span class='ocrx_word' id='word_1_583' title='bbox 258 4763 294 4833; x_wconf 75' lang='grc' dir='ltr'>ἢ</span> <span class='ocrx_word' id='word_1_584' title='bbox 322 4764 413 4815; x_wconf 70' lang='grc' dir='ltr'><strong>καὶ</strong></span> <span class='ocrx_word' id='word_1_585' title='bbox 445 4761 642 4825; x_wconf 78' lang='grc' dir='ltr'>ἄλλως,</span> <span class='ocrx_word' id='word_1_586' title='bbox 670 4762 788 4831; x_wconf 74' lang='grc' dir='ltr'>ἦτοι</span> <span class='ocrx_word' id='word_1_587' title='bbox 838 4762 965 4829; x_wconf 74' lang='grc' dir='ltr'>περὶ</span> <span class='ocrx_word' id='word_1_588' title='bbox 1014 4761 1104 4812; x_wconf 80' lang='grc' dir='ltr'><strong>τὸν</strong></span> <span class='ocrx_word' id='word_1_589' title='bbox 1140 4760 1295 4827; x_wconf 84' lang='grc' dir='ltr'>λόγον</span> <span class='ocrx_word' id='word_1_590' title='bbox 1329 4764 1424 4830; x_wconf 78' lang='grc' dir='ltr'>τῆς</span> <span class='ocrx_word' id='word_1_591' title='bbox 1456 4761 1693 4821; x_wconf 87' lang='grc' dir='ltr'>πίστεως</span> <span class='ocrx_word' id='word_1_592' title='bbox 1720 4778 1813 4829; x_wconf 81' lang='grc' dir='ltr'>γε·</span> 
     </span>
    </p>
   </div>
   <div class='ocr_carea' id='block_1_90' title="bbox 259 4849 1815 4921">
    <p class='ocr_par' dir='ltr' id='par_1_90' title="bbox 259 4849 1815 4921">
     <span class='ocr_line' id='line_1_90' title="bbox 259 4849 1815 4921; baseline -0.002 -17"><span class='ocrx_word' id='word_1_593' title='bbox 259 4854 673 4921; x_wconf 81' lang='grc' dir='ltr'>γυμνασμένους</span> <span class='ocrx_word' id='word_1_594' title='bbox 701 4851 795 4903; x_wconf 75' lang='grc' dir='ltr'>καὶ</span> <span class='ocrx_word' id='word_1_595' title='bbox 827 4850 1103 4919; x_wconf 81' lang='grc' dir='ltr'>δοκίμους.</span> <span class='ocrx_word' id='word_1_596' title='bbox 1142 4849 1230 4917; x_wconf 78' lang='grc' dir='ltr'>Τῷ</span> <span class='ocrx_word' id='word_1_597' title='bbox 1274 4851 1373 4917; x_wconf 79' lang='grc' dir='ltr'><strong>μὲν</strong></span> <span class='ocrx_word' id='word_1_598' title='bbox 1418 4850 1525 4919; x_wconf 76' lang='grc' dir='ltr'><strong>γὰρ</strong></span> <span class='ocrx_word' id='word_1_599' title='bbox 1566 4850 1815 4919; x_wconf 79' lang='grc' dir='ltr'>Τιμοθέῳ</span> 
     </span>
    </p>
   </div>
   <div class='ocr_carea' id='block_1_91' title="bbox 260 4940 1811 5014">
    <p class='ocr_par' dir='ltr' id='par_1_91' title="bbox 260 4940 1811 5014">
     <span class='ocr_line' id='line_1_91' title="bbox 260 4940 1811 5014; baseline -0.003 -16"><span class='ocrx_word' id='word_1_600' title='bbox 260 4947 485 5013; x_wconf 76' lang='grc' dir='ltr'>γράφων</span> <span class='ocrx_word' id='word_1_601' title='bbox 508 4947 535 4996; x_wconf 83' lang='grc' dir='ltr'><strong>ό</strong></span> <span class='ocrx_word' id='word_1_602' title='bbox 567 4946 741 5014; x_wconf 76' lang='grc' dir='ltr'>μέγας</span> <span class='ocrx_word' id='word_1_603' title='bbox 777 4943 1331 5007; x_wconf 82' lang='grc' dir='ltr'>Παῦλος,διδακτικὸν</span> <span class='ocrx_word' id='word_1_604' title='bbox 1355 4940 1493 4995; x_wconf 86' lang='grc' dir='ltr'>εἶναι</span> <span class='ocrx_word' id='word_1_605' title='bbox 1524 4942 1636 4994; x_wconf 84' lang='grc' dir='ltr'>δεῖν</span> <span class='ocrx_word' id='word_1_606' title='bbox 1666 4943 1811 5010; x_wconf 80' lang='grc' dir='ltr'>λέγει</span> 
     </span>
    </p>
   </div>
   <div class='ocr_carea' id='block_1_92' title="bbox 256 5035 1807 5108">
    <p class='ocr_par' dir='ltr' id='par_1_92' title="bbox 256 5035 1807 5108">
     <span class='ocr_line' id='line_1_92' title="bbox 256 5035 1807 5108; baseline -0.005 -16"><span class='ocrx_word' id='word_1_607' title='bbox 256 5041 348 5092; x_wconf 77' lang='grc' dir='ltr'><strong>τὸν</strong></span> <span class='ocrx_word' id='word_1_608' title='bbox 378 5040 683 5108; x_wconf 79' lang='grc' dir='ltr'>ἐπισκοπῆς</span> <span class='ocrx_word' id='word_1_609' title='bbox 713 5039 1063 5107; x_wconf 83' lang='grc' dir='ltr'>ὀρεγόμενον·</span> <span class='ocrx_word' id='word_1_610' title='bbox 1093 5036 1171 5105; x_wconf 81' lang='grc' dir='ltr'><strong>τῷ</strong></span> <span class='ocrx_word' id='word_1_611' title='bbox 1200 5036 1345 5105; x_wconf 81' lang='grc' dir='ltr'>Τίτῳ</span> <span class='ocrx_word' id='word_1_612' title='bbox 1375 5035 1420 5087; x_wconf 84' lang='grc' dir='ltr'>δ’</span> <span class='ocrx_word' id='word_1_613' title='bbox 1456 5035 1807 5099; x_wconf 79' lang='grc' dir='ltr'>ἐπιστέλλων,</span> 
     </span>
    </p>
   </div>
   <div class='ocr_carea' id='block_1_93' title="bbox 256 5127 1811 5201">
    <p class='ocr_par' dir='ltr' id='par_1_93' title="bbox 256 5127 1811 5201">
     <span class='ocr_line' id='line_1_93' title="bbox 256 5127 1811 5201; baseline -0.003 -17"><span class='ocrx_word' id='word_1_614' title='bbox 256 5133 613 5201; x_wconf 79' lang='grc' dir='ltr'>ἀντεχόμενον</span> <span class='ocrx_word' id='word_1_615' title='bbox 658 5131 753 5183; x_wconf 79' lang='grc' dir='ltr'>τοῦ</span> <span class='ocrx_word' id='word_1_616' title='bbox 798 5130 938 5182; x_wconf 74' lang='grc' dir='ltr'>κατὰ</span> <span class='ocrx_word' id='word_1_617' title='bbox 994 5128 1217 5198; x_wconf 70' lang='grc' dir='ltr'>διδαχὴν</span> <span class='ocrx_word' id='word_1_618' title='bbox 1270 5127 1464 5180; x_wconf 82' lang='grc' dir='ltr'>πιστοῦ</span> <span class='ocrx_word' id='word_1_619' title='bbox 1514 5129 1694 5195; x_wconf 82' lang='grc' dir='ltr'>λόγου,</span> <span class='ocrx_word' id='word_1_620' title='bbox 1726 5129 1811 5179; x_wconf 78' lang='grc' dir='ltr'><strong>ἵνα</strong></span> 
     </span>
    </p>
   </div>
   <div class='ocr_carea' id='block_1_94' title="bbox 252 5220 1807 5294">
    <p class='ocr_par' dir='ltr' id='par_1_94' title="bbox 252 5220 1807 5294">
     <span class='ocr_line' id='line_1_94' title="bbox 252 5220 1807 5294; baseline -0.003 -18"><span class='ocrx_word' id='word_1_621' title='bbox 252 5226 472 5286; x_wconf 79' lang='grc' dir='ltr'>δυνατὸς</span> <span class='ocrx_word' id='word_1_622' title='bbox 608 5225 702 5274; x_wconf 72' lang='grc' dir='ltr'>καὶ</span> <span class='ocrx_word' id='word_1_623' title='bbox 775 5223 1111 5292; x_wconf 70' lang='grc' dir='ltr'>παρακαλεῖν</span> <span class='ocrx_word' id='word_1_624' title='bbox 1155 5222 1211 5270; x_wconf 88' lang='grc' dir='ltr'><strong>ἐν</strong></span> <span class='ocrx_word' id='word_1_625' title='bbox 1254 5223 1319 5289; x_wconf 79' lang='grc' dir='ltr'>τῇ</span> <span class='ocrx_word' id='word_1_626' title='bbox 1373 5220 1689 5288; x_wconf 68' lang='grc' dir='ltr'>διδασκαλίᾳ</span> <span class='ocrx_word' id='word_1_627' title='bbox 1743 5223 1807 5289; x_wconf 86' lang='grc' dir='ltr'>τῇ</span> 
     </span>
    </p>
   </div>
   <div class='ocr_carea' id='block_1_95' title="bbox 255 5311 1809 5387">
    <p class='ocr_par' dir='ltr' id='par_1_95' title="bbox 255 5311 1809 5387">
     <span class='ocr_line' id='line_1_95' title="bbox 255 5311 1809 5387; baseline -0.003 -19"><span class='ocrx_word' id='word_1_628' title='bbox 255 5316 593 5387; x_wconf 78' lang='grc' dir='ltr'>ὑγιαινούσῃ,</span> <span class='ocrx_word' id='word_1_629' title='bbox 647 5316 740 5366; x_wconf 67' lang='grc' dir='ltr'><strong>καὶ</strong></span> <span class='ocrx_word' id='word_1_630' title='bbox 767 5316 893 5375; x_wconf 79' lang='grc' dir='ltr'>τοὺς</span> <span class='ocrx_word' id='word_1_631' title='bbox 932 5313 1309 5379; x_wconf 82' lang='grc' dir='ltr'>ἀντιλέγοντας</span> <span class='ocrx_word' id='word_1_632' title='bbox 1362 5311 1636 5379; x_wconf 78' lang='grc' dir='ltr'>ἐλέγχειν’</span> <span class='ocrx_word' id='word_1_633' title='bbox 1668 5311 1809 5363; x_wconf 72' lang='grc' dir='ltr'>οὕτω</span> 
     </span>
    </p>
   </div>
   <div class='ocr_carea' id='block_1_96' title="bbox 253 5403 1805 5477">
    <p class='ocr_par' dir='ltr' id='par_1_96' title="bbox 253 5403 1805 5477">
     <span class='ocr_line' id='line_1_96' title="bbox 253 5403 1805 5477; baseline -0.004 -17"><span class='ocrx_word' id='word_1_634' title='bbox 253 5410 352 5477; x_wconf 78' lang='grc' dir='ltr'><strong>μὲν</strong></span> <span class='ocrx_word' id='word_1_635' title='bbox 387 5405 479 5461; x_wconf 78' lang='grc' dir='ltr'><strong>οὖν</strong></span> <span class='ocrx_word' id='word_1_636' title='bbox 501 5409 645 5476; x_wconf 81' lang='grc' dir='ltr'>ἐχειν</span> <span class='ocrx_word' id='word_1_637' title='bbox 675 5408 766 5459; x_wconf 74' lang='grc' dir='ltr'><strong>τὸν</strong></span> <span class='ocrx_word' id='word_1_638' title='bbox 815 5405 1118 5473; x_wconf 76' lang='grc' dir='ltr'>ἐπισκοπῆς</span> <span class='ocrx_word' id='word_1_639' title='bbox 1167 5403 1609 5472; x_wconf 79' lang='grc' dir='ltr'>προστησόμενον</span> <span class='ocrx_word' id='word_1_640' title='bbox 1644 5405 1701 5454; x_wconf 87' lang='grc' dir='ltr'><strong>ἐν</strong></span> <span class='ocrx_word' id='word_1_641' title='bbox 1727 5403 1805 5471; x_wconf 79' lang='grc' dir='ltr'>τῷ</span> 
     </span>
    </p>
   </div>
   <div class='ocr_carea' id='block_1_97' title="bbox 248 5497 1803 5572">
    <p class='ocr_par' dir='ltr' id='par_1_97' title="bbox 248 5497 1803 5572">
     <span class='ocr_line' id='line_1_97' title="bbox 248 5497 1803 5572; baseline -0.006 -17"><span class='ocrx_word' id='word_1_642' title='bbox 248 5503 390 5572; x_wconf 80' lang='grc' dir='ltr'>λόγῳ</span> <span class='ocrx_word' id='word_1_643' title='bbox 417 5504 515 5571; x_wconf 82' lang='grc' dir='ltr'>τῆς</span> <span class='ocrx_word' id='word_1_644' title='bbox 558 5503 796 5561; x_wconf 84' lang='grc' dir='ltr'>πίστεως</span> <span class='ocrx_word' id='word_1_645' title='bbox 847 5502 874 5551; x_wconf 80' lang='grc' dir='ltr'><strong>ό</strong></span> <span class='ocrx_word' id='word_1_646' title='bbox 918 5497 1101 5550; x_wconf 79' lang='grc' dir='ltr'>κανὼν</span> <span class='ocrx_word' id='word_1_647' title='bbox 1151 5497 1497 5549; x_wconf 80' lang='grc' dir='ltr'>διατάττεται</span> <span class='ocrx_word' id='word_1_648' title='bbox 1520 5511 1533 5525; x_wconf 84' lang='grc'><em>’</em></span> <span class='ocrx_word' id='word_1_649' title='bbox 1564 5498 1620 5548; x_wconf 89' lang='grc' dir='ltr'><strong>ἐν</strong></span> <span class='ocrx_word' id='word_1_650' title='bbox 1651 5497 1709 5547; x_wconf 73' lang='grc' dir='ltr'>δὲ</span> <span class='ocrx_word' id='word_1_651' title='bbox 1738 5499 1803 5564; x_wconf 79' lang='grc' dir='ltr'>τῇ</span> 
     </span>
    </p>
   </div>
   <div class='ocr_carea' id='block_1_98' title="bbox 250 5589 1804 5663">
    <p class='ocr_par' dir='ltr' id='par_1_98' title="bbox 250 5589 1804 5663">
     <span class='ocr_line' id='line_1_98' title="bbox 250 5589 1804 5663; baseline -0.005 -16"><span class='ocrx_word' id='word_1_652' title='bbox 250 5596 517 5663; x_wconf 72' lang='grc' dir='ltr'>πολιτείᾳ,</span> <span class='ocrx_word' id='word_1_653' title='bbox 560 5595 725 5663; x_wconf 80' lang='grc' dir='ltr'>ἡγουν</span> <span class='ocrx_word' id='word_1_654' title='bbox 770 5594 833 5662; x_wconf 78' lang='grc' dir='ltr'>τῇ</span> <span class='ocrx_word' id='word_1_655' title='bbox 888 5590 982 5642; x_wconf 76' lang='grc' dir='ltr'><strong>τοῦ</strong></span> <span class='ocrx_word' id='word_1_656' title='bbox 1032 5589 1147 5659; x_wconf 88' lang='grc' dir='ltr'>βίου</span> <span class='ocrx_word' id='word_1_657' title='bbox 1194 5590 1461 5657; x_wconf 79' lang='grc' dir='ltr'>διαγωγῇ,</span> <span class='ocrx_word' id='word_1_658' title='bbox 1509 5589 1804 5642; x_wconf 81' lang='grc' dir='ltr'>εὐθύτατον</span> 
     </span>
    </p>
   </div>
   <div class='ocr_carea' id='block_1_99' title="bbox 246 5682 1803 5759">
    <p class='ocr_par' dir='ltr' id='par_1_99' title="bbox 246 5682 1803 5759">
     <span class='ocr_line' id='line_1_99' title="bbox 246 5682 1803 5759; baseline -0.006 -15"><span class='ocrx_word' id='word_1_659' title='bbox 246 5686 408 5753; x_wconf 73' lang='grc' dir='ltr'>εἶναι,</span> <span class='ocrx_word' id='word_1_660' title='bbox 471 5690 545 5759; x_wconf 79' lang='grc' dir='ltr'>μὴ</span> <span class='ocrx_word' id='word_1_661' title='bbox 603 5687 836 5747; x_wconf 79' lang='grc' dir='ltr'>σκολιὸν,</span> <span class='ocrx_word' id='word_1_662' title='bbox 902 5684 976 5755; x_wconf 81' lang='grc' dir='ltr'>μὴ</span> <span class='ocrx_word' id='word_1_663' title='bbox 1036 5682 1304 5751; x_wconf 79' lang='grc' dir='ltr'>πονηρίας</span> <span class='ocrx_word' id='word_1_664' title='bbox 1363 5682 1621 5750; x_wconf 77' lang='grc' dir='ltr'>μεστὸν,</span> <span class='ocrx_word' id='word_1_665' title='bbox 1667 5683 1803 5734; x_wconf 77' lang='grc' dir='ltr'>ἀλλὰ</span> 
     </span>
    </p>
   </div>
   <div class='ocr_carea' id='block_1_100' title="bbox 248 5773 1803 5851">
    <p class='ocr_par' dir='ltr' id='par_1_100' title="bbox 248 5773 1803 5851">
     <span class='ocr_line' id='line_1_100' title="bbox 248 5773 1803 5851; baseline -0.007 -14"><span class='ocrx_word' id='word_1_666' title='bbox 248 5786 409 5837; x_wconf 60' lang='grc' dir='ltr'>κάκεῖ</span> <span class='ocrx_word' id='word_1_667' title='bbox 472 5784 932 5851; x_wconf 69' lang='grc' dir='ltr'>δῖίοκιμασμένον</span> <span class='ocrx_word' id='word_1_668' title='bbox 1005 5776 1094 5829; x_wconf 71' lang='grc' dir='ltr'><strong>καὶ</strong></span> <span class='ocrx_word' id='word_1_669' title='bbox 1139 5773 1453 5844; x_wconf 82' lang='grc' dir='ltr'>γνώριμον,</span> <span class='ocrx_word' id='word_1_670' title='bbox 1508 5774 1588 5826; x_wconf 74' lang='grc' dir='ltr'>ὅτι</span> <span class='ocrx_word' id='word_1_671' title='bbox 1642 5774 1803 5835; x_wconf 74' lang='grc' dir='ltr'>εὐθὺς</span> 
     </span>
    </p>
   </div>
   <div class='ocr_carea' id='block_1_101' title="bbox 1917 4573 3471 4654">
    <p class='ocr_par' dir='ltr' id='par_1_101' title="bbox 1917 4573 3471 4654">
     <span class='ocr_line' id='line_1_101' title="bbox 1917 4573 3471 4654; baseline 0.013 -29"><span class='ocrx_word' id='word_1_672' title='bbox 1917 4574 2017 4641; x_wconf 88' lang='lat' dir='ltr'><strong>git,</strong></span> <span class='ocrx_word' id='word_1_673' title='bbox 2045 4573 2203 4644; x_wconf 81' lang='lat' dir='ltr'><strong>longo</strong></span> <span class='ocrx_word' id='word_1_674' title='bbox 2236 4592 2337 4629; x_wconf 88' lang='lat' dir='ltr'><strong>usu</strong></span> <span class='ocrx_word' id='word_1_675' title='bbox 2386 4579 2639 4633; x_wconf 79' lang='lat' dir='ltr'><strong>videlicet</strong></span> <span class='ocrx_word' id='word_1_676' title='bbox 2684 4581 2737 4632; x_wconf 92' lang='lat' dir='ltr'><strong>in</strong></span> <span class='ocrx_word' id='word_1_677' title='bbox 2772 4583 2984 4636; x_wconf 82' lang='lat' dir='ltr'><strong>ratione</strong></span> <span class='ocrx_word' id='word_1_678' title='bbox 3018 4584 3141 4639; x_wconf 87' lang='lat' dir='ltr'><strong>ﬁdei</strong></span> <span class='ocrx_word' id='word_1_679' title='bbox 3194 4590 3471 4654; x_wconf 86' lang='lat' dir='ltr'><strong>probatos,</strong></span> 
     </span>
    </p>
   </div>
   <div class='ocr_carea' id='block_1_102' title="bbox 1914 4666 3473 4746">
    <p class='ocr_par' dir='ltr' id='par_1_102' title="bbox 1914 4666 3473 4746">
     <span class='ocr_line' id='line_1_102' title="bbox 1914 4666 3473 4746; baseline 0.01 -27"><span class='ocrx_word' id='word_1_680' title='bbox 1914 4666 2019 4720; x_wconf 87' lang='lat' dir='ltr'><strong>hoc</strong></span> <span class='ocrx_word' id='word_1_681' title='bbox 2040 4678 2143 4732; x_wconf 92' lang='lat' dir='ltr'><strong>est,</strong></span> <span class='ocrx_word' id='word_1_682' title='bbox 2168 4668 2223 4720; x_wconf 90' lang='lat' dir='ltr'><strong>in</strong></span> <span class='ocrx_word' id='word_1_683' title='bbox 2254 4669 2356 4723; x_wconf 83' lang='lat' dir='ltr'><strong>lide</strong></span> <span class='ocrx_word' id='word_1_684' title='bbox 2382 4686 2513 4723; x_wconf 81' lang='lat' dir='ltr'><strong>sana</strong></span> <span class='ocrx_word' id='word_1_685' title='bbox 2537 4682 2791 4743; x_wconf 85' lang='lat' dir='ltr'><strong>rectaque</strong></span> <span class='ocrx_word' id='word_1_686' title='bbox 2823 4686 3157 4743; x_wconf 82' lang='lat' dir='ltr'><strong>constantes,</strong></span> <span class='ocrx_word' id='word_1_687' title='bbox 3184 4682 3267 4736; x_wconf 87' lang='lat' dir='ltr'><strong>vel</strong></span> <span class='ocrx_word' id='word_1_688' title='bbox 3295 4684 3473 4746; x_wconf 86' lang='lat' dir='ltr'><strong>aliter,</strong></span> 
     </span>
    </p>
   </div>
   <div class='ocr_carea' id='block_1_103' title="bbox 1914 4760 3474 4838">
    <p class='ocr_par' dir='ltr' id='par_1_103' title="bbox 1914 4760 3474 4838">
     <span class='ocr_line' id='line_1_103' title="bbox 1914 4760 3474 4838; baseline 0.013 -27"><span class='ocrx_word' id='word_1_689' title='bbox 1914 4761 1968 4812; x_wconf 92' lang='lat' dir='ltr'><strong>in</strong></span> <span class='ocrx_word' id='word_1_690' title='bbox 2000 4760 2065 4815; x_wconf 89' lang='lat' dir='ltr'><strong>iis</strong></span> <span class='ocrx_word' id='word_1_691' title='bbox 2113 4778 2234 4830; x_wconf 74' lang='lat' dir='ltr'><strong>quae</strong></span> <span class='ocrx_word' id='word_1_692' title='bbox 2278 4765 2343 4816; x_wconf 92' lang='lat' dir='ltr'><strong>ad</strong></span> <span class='ocrx_word' id='word_1_693' title='bbox 2381 4764 2502 4817; x_wconf 88' lang='lat' dir='ltr'><strong>lidei</strong></span> <span class='ocrx_word' id='word_1_694' title='bbox 2545 4767 2808 4820; x_wconf 87' lang='lat' dir='ltr'><strong>rationem</strong></span> <span class='ocrx_word' id='word_1_695' title='bbox 2854 4768 3101 4838; x_wconf 87' lang='lat' dir='ltr'><strong>spectant.</strong></span> <span class='ocrx_word' id='word_1_696' title='bbox 3148 4780 3474 4835; x_wconf 78' lang='lat' dir='ltr'><strong>exercitatos</strong></span> 
     </span>
    </p>
   </div>
   <div class='ocr_carea' id='block_1_104' title="bbox 1911 4854 3471 4928">
    <p class='ocr_par' dir='ltr' id='par_1_104' title="bbox 1911 4854 3471 4928">
     <span class='ocr_line' id='line_1_104' title="bbox 1911 4854 3471 4928; baseline 0.01 -23"><span class='ocrx_word' id='word_1_697' title='bbox 1911 4863 1968 4905; x_wconf 92' lang='lat' dir='ltr'><strong>et</strong></span> <span class='ocrx_word' id='word_1_698' title='bbox 2017 4855 2297 4921; x_wconf 86' lang='lat' dir='ltr'><strong>probatos.</strong></span> <span class='ocrx_word' id='word_1_699' title='bbox 2351 4854 2582 4924; x_wconf 84' lang='lat' dir='ltr'><strong>Magnus</strong></span> <span class='ocrx_word' id='word_1_700' title='bbox 2621 4875 2857 4928; x_wconf 85' lang='lat' dir='ltr'><strong>namque</strong></span> <span class='ocrx_word' id='word_1_701' title='bbox 2912 4860 3114 4917; x_wconf 82' lang='lat' dir='ltr'><strong>Paulus</strong></span> <span class='ocrx_word' id='word_1_702' title='bbox 3164 4866 3232 4918; x_wconf 85' lang='lat' dir='ltr'><strong>ad</strong></span> <span class='ocrx_word' id='word_1_703' title='bbox 3285 4866 3471 4920; x_wconf 85' lang='lat' dir='ltr'><strong>Timo-</strong></span> 
     </span>
    </p>
   </div>
   <div class='ocr_carea' id='block_1_105' title="bbox 1914 4944 3468 5026">
    <p class='ocr_par' dir='ltr' id='par_1_105' title="bbox 1914 4944 3468 5026">
     <span class='ocr_line' id='line_1_105' title="bbox 1914 4944 3468 5026; baseline 0.01 -31"><span class='ocrx_word' id='word_1_704' title='bbox 1914 4944 2097 4996; x_wconf 78' lang='lat' dir='ltr'><strong>theum</strong></span> <span class='ocrx_word' id='word_1_705' title='bbox 2127 4947 2392 5009; x_wconf 87' lang='lat' dir='ltr'><strong>scribens,</strong></span> <span class='ocrx_word' id='word_1_706' title='bbox 2425 4949 2517 5015; x_wconf 93' lang='lat' dir='ltr'><strong>qui</strong></span> <span class='ocrx_word' id='word_1_707' title='bbox 2546 4950 2915 5020; x_wconf 87' lang='lat' dir='ltr'><strong>episcopatum</strong></span> <span class='ocrx_word' id='word_1_708' title='bbox 2952 4955 3251 5020; x_wconf 84' lang='lat' dir='ltr'><strong>desiderat,</strong></span> <span class='ocrx_word' id='word_1_709' title='bbox 3282 4968 3468 5026; x_wconf 85' lang='lat' dir='ltr'><strong>aptum</strong></span> 
     </span>
    </p>
   </div>
   <div class='ocr_carea' id='block_1_106' title="bbox 1912 5037 3463 5114">
    <p class='ocr_par' dir='ltr' id='par_1_106' title="bbox 1912 5037 3463 5114">
     <span class='ocr_line' id='line_1_106' title="bbox 1912 5037 3463 5114; baseline 0.01 -26"><span class='ocrx_word' id='word_1_710' title='bbox 1912 5037 2129 5090; x_wconf 69' lang='lat' dir='ltr'><strong>caeteris</strong></span> <span class='ocrx_word' id='word_1_711' title='bbox 2151 5037 2469 5093; x_wconf 83' lang='lat' dir='ltr'><strong>erudiendis</strong></span> <span class='ocrx_word' id='word_1_712' title='bbox 2497 5056 2619 5104; x_wconf 85' lang='lat' dir='ltr'><strong>esse</strong></span> <span class='ocrx_word' id='word_1_713' title='bbox 2649 5054 2904 5112; x_wconf 12' lang='lat' dir='ltr'><strong>cpnr‘tere</strong></span> <span class='ocrx_word' id='word_1_714' title='bbox 2936 5052 3272 5114; x_wconf 86' lang='lat' dir='ltr'><strong>pronuntiat.</strong></span> <span class='ocrx_word' id='word_1_715' title='bbox 3305 5051 3369 5103; x_wconf 81' lang='lat' dir='ltr'><strong>Et</strong></span> <span class='ocrx_word' id='word_1_716' title='bbox 3396 5054 3463 5104; x_wconf 89' lang='lat' dir='ltr'><strong>ad</strong></span> 
     </span>
    </p>
   </div>
   <div class='ocr_carea' id='block_1_107' title="bbox 1913 5127 3469 5207">
    <p class='ocr_par' dir='ltr' id='par_1_107' title="bbox 1913 5127 3469 5207">
     <span class='ocr_line' id='line_1_107' title="bbox 1913 5127 3469 5207; baseline 0.01 -27"><span class='ocrx_word' id='word_1_717' title='bbox 1913 5127 2094 5181; x_wconf 90' lang='lat' dir='ltr'><strong>Titum</strong></span> <span class='ocrx_word' id='word_1_718' title='bbox 2134 5131 2407 5193; x_wconf 86' lang='lat' dir='ltr'><strong>scribens,</strong></span> <span class='ocrx_word' id='word_1_719' title='bbox 2435 5134 2851 5201; x_wconf 80' lang='lat' dir='ltr'><strong>anipleetentetn</strong></span> <span class='ocrx_word' id='word_1_720' title='bbox 2880 5152 3004 5191; x_wconf 91' lang='lat' dir='ltr'><strong>eum</strong></span> <span class='ocrx_word' id='word_1_721' title='bbox 3041 5142 3132 5207; x_wconf 90' lang='lat' dir='ltr'><strong>qui</strong></span> <span class='ocrx_word' id='word_1_722' title='bbox 3170 5142 3469 5196; x_wconf 82' lang='lat' dir='ltr'><strong>secundum</strong></span> 
     </span>
    </p>
   </div>
   <div class='ocr_carea' id='block_1_108' title="bbox 1909 5220 3472 5301">
    <p class='ocr_par' dir='ltr' id='par_1_108' title="bbox 1909 5220 3472 5301">
     <span class='ocr_line' id='line_1_108' title="bbox 1909 5220 3472 5301; baseline 0.012 -29"><span class='ocrx_word' id='word_1_723' title='bbox 1909 5220 2213 5287; x_wconf 83' lang='lat' dir='ltr'><strong>doctrinam</strong></span> <span class='ocrx_word' id='word_1_724' title='bbox 2258 5234 2340 5276; x_wconf 90' lang='lat' dir='ltr'><strong>est</strong></span> <span class='ocrx_word' id='word_1_725' title='bbox 2394 5225 2604 5276; x_wconf 80' lang='lat' dir='ltr'><strong>ﬁdelem</strong></span> <span class='ocrx_word' id='word_1_726' title='bbox 2657 5243 2986 5291; x_wconf 82' lang='lat' dir='ltr'><strong>sermonem,</strong></span> <span class='ocrx_word' id='word_1_727' title='bbox 3044 5242 3101 5282; x_wconf 91' lang='lat' dir='ltr'><strong>ut</strong></span> <span class='ocrx_word' id='word_1_728' title='bbox 3164 5243 3358 5301; x_wconf 88' lang='lat' dir='ltr'><strong>potens</strong></span> <span class='ocrx_word' id='word_1_729' title='bbox 3401 5237 3472 5290; x_wconf 88' lang='lat' dir='ltr'><strong>sit</strong></span> 
     </span>
    </p>
   </div>
   <div class='ocr_carea' id='block_1_109' title="bbox 1908 5313 3469 5388">
    <p class='ocr_par' dir='ltr' id='par_1_109' title="bbox 1908 5313 3469 5388">
     <span class='ocr_line' id='line_1_109' title="bbox 1908 5313 3469 5388; baseline 0.009 -22"><span class='ocrx_word' id='word_1_730' title='bbox 1908 5313 2183 5366; x_wconf 80' lang='lat' dir='ltr'><strong>exhortari</strong></span> <span class='ocrx_word' id='word_1_731' title='bbox 2221 5315 2273 5365; x_wconf 92' lang='lat' dir='ltr'><strong>in</strong></span> <span class='ocrx_word' id='word_1_732' title='bbox 2306 5329 2432 5366; x_wconf 79' lang='lat' dir='ltr'><strong>sana</strong></span> <span class='ocrx_word' id='word_1_733' title='bbox 2458 5314 2729 5381; x_wconf 87' lang='lat' dir='ltr'><strong>doctrina,</strong></span> <span class='ocrx_word' id='word_1_734' title='bbox 2764 5329 2819 5372; x_wconf 90' lang='lat' dir='ltr'><strong>et</strong></span> <span class='ocrx_word' id='word_1_735' title='bbox 2848 5334 2943 5373; x_wconf 89' lang='lat' dir='ltr'><strong>eos</strong></span> <span class='ocrx_word' id='word_1_736' title='bbox 2965 5323 3056 5388; x_wconf 90' lang='lat' dir='ltr'><strong>qui</strong></span> <span class='ocrx_word' id='word_1_737' title='bbox 3084 5324 3469 5379; x_wconf 81' lang='lat' dir='ltr'><strong>contradicunt</strong></span> 
     </span>
    </p>
   </div>
   <div class='ocr_carea' id='block_1_110' title="bbox 1909 5406 3469 5489">
    <p class='ocr_par' dir='ltr' id='par_1_110' title="bbox 1909 5406 3469 5489">
     <span class='ocr_line' id='line_1_110' title="bbox 1909 5406 3469 5489; baseline 0.01 -31"><span class='ocrx_word' id='word_1_738' title='bbox 1909 5421 2161 5475; x_wconf 84' lang='lat' dir='ltr'><strong>arguere.</strong></span> <span class='ocrx_word' id='word_1_739' title='bbox 2188 5406 2264 5459; x_wconf 82' lang='lat' dir='ltr'><strong>Ac</strong></span> <span class='ocrx_word' id='word_1_740' title='bbox 2290 5407 2449 5461; x_wconf 88' lang='lat' dir='ltr'><strong>talem</strong></span> <span class='ocrx_word' id='word_1_741' title='bbox 2479 5412 2698 5478; x_wconf 88' lang='lat' dir='ltr'><strong>quidem</strong></span> <span class='ocrx_word' id='word_1_742' title='bbox 2730 5427 2851 5465; x_wconf 88' lang='lat' dir='ltr'><strong>esse</strong></span> <span class='ocrx_word' id='word_1_743' title='bbox 2886 5428 3033 5479; x_wconf 83' lang='lat' dir='ltr'><strong>eum,</strong></span> <span class='ocrx_word' id='word_1_744' title='bbox 3064 5416 3157 5483; x_wconf 89' lang='lat' dir='ltr'><strong>qui</strong></span> <span class='ocrx_word' id='word_1_745' title='bbox 3179 5420 3469 5489; x_wconf 88' lang='lat' dir='ltr'><strong>episcopus</strong></span> 
     </span>
    </p>
   </div>
   <div class='ocr_carea' id='block_1_111' title="bbox 1907 5496 3467 5574">
    <p class='ocr_par' dir='ltr' id='par_1_111' title="bbox 1907 5496 3467 5574">
     <span class='ocr_line' id='line_1_111' title="bbox 1907 5496 3467 5574; baseline 0.01 -24"><span class='ocrx_word' id='word_1_746' title='bbox 1907 5496 2176 5550; x_wconf 71' lang='lat' dir='ltr'><strong>creandus</strong></span> <span class='ocrx_word' id='word_1_747' title='bbox 2224 5506 2327 5555; x_wconf 89' lang='lat' dir='ltr'><strong>est.</strong></span> <span class='ocrx_word' id='word_1_748' title='bbox 2379 5499 2431 5551; x_wconf 92' lang='lat' dir='ltr'><strong>in</strong></span> <span class='ocrx_word' id='word_1_749' title='bbox 2472 5501 2682 5554; x_wconf 79' lang='lat' dir='ltr'><strong>ratione</strong></span> <span class='ocrx_word' id='word_1_750' title='bbox 2732 5503 2893 5563; x_wconf 88' lang='lat' dir='ltr'><strong>ﬁdei,</strong></span> <span class='ocrx_word' id='word_1_751' title='bbox 2944 5520 3119 5560; x_wconf 85' lang='lat' dir='ltr'><strong>canon</strong></span> <span class='ocrx_word' id='word_1_752' title='bbox 3152 5508 3307 5574; x_wconf 89' lang='lat' dir='ltr'><strong>jubet</strong></span> <span class='ocrx_word' id='word_1_753' title='bbox 3350 5526 3365 5562; x_wconf 88' lang='lat'><strong>:</strong></span> <span class='ocrx_word' id='word_1_754' title='bbox 3408 5512 3467 5567; x_wconf 89' lang='lat' dir='ltr'><strong>in</strong></span> 
     </span>
    </p>
   </div>
   <div class='ocr_carea' id='block_1_112' title="bbox 1909 5589 3493 5662">
    <p class='ocr_par' dir='ltr' id='par_1_112' title="bbox 1909 5589 3493 5662">
     <span class='ocr_line' id='line_1_112' title="bbox 1909 5589 3493 5662; baseline 0.013 -25"><span class='ocrx_word' id='word_1_755' title='bbox 1909 5589 2088 5655; x_wconf 87' lang='lat' dir='ltr'><strong>politia</strong></span> <span class='ocrx_word' id='word_1_756' title='bbox 2120 5604 2270 5650; x_wconf 86' lang='lat' dir='ltr'><strong>vero,</strong></span> <span class='ocrx_word' id='word_1_757' title='bbox 2295 5590 2398 5643; x_wconf 83' lang='lat' dir='ltr'><strong>hoc</strong></span> <span class='ocrx_word' id='word_1_758' title='bbox 2418 5601 2523 5654; x_wconf 86' lang='lat' dir='ltr'><strong>est,</strong></span> <span class='ocrx_word' id='word_1_759' title='bbox 2547 5594 2754 5647; x_wconf 84' lang='lat' dir='ltr'><strong>ratione</strong></span> <span class='ocrx_word' id='word_1_760' title='bbox 2773 5608 2825 5648; x_wconf 89' lang='lat' dir='ltr'><strong>et</strong></span> <span class='ocrx_word' id='word_1_761' title='bbox 2847 5597 3096 5651; x_wconf 85' lang='lat' dir='ltr'><strong>instituto</strong></span> <span class='ocrx_word' id='word_1_762' title='bbox 3121 5600 3257 5662; x_wconf 63' lang='lat' dir='ltr'><strong>vita),</strong></span> <span class='ocrx_word' id='word_1_763' title='bbox 3284 5604 3493 5657; x_wconf 75' lang='lat' dir='ltr'><strong>rectis-‘</strong></span> 
     </span>
    </p>
   </div>
   <div class='ocr_carea' id='block_1_113' title="bbox 1908 5679 3464 5763">
    <p class='ocr_par' dir='ltr' id='par_1_113' title="bbox 1908 5679 3464 5763">
     <span class='ocr_line' id='line_1_113' title="bbox 1908 5679 3464 5763; baseline 0.012 -35"><span class='ocrx_word' id='word_1_764' title='bbox 1908 5679 2060 5731; x_wconf 89' lang='lat' dir='ltr'><strong>simis</strong></span> <span class='ocrx_word' id='word_1_765' title='bbox 2086 5680 2341 5735; x_wconf 87' lang='lat' dir='ltr'><strong>sensibus</strong></span> <span class='ocrx_word' id='word_1_766' title='bbox 2361 5693 2607 5747; x_wconf 87' lang='lat' dir='ltr'><strong>euntem,</strong></span> <span class='ocrx_word' id='word_1_767' title='bbox 2645 5700 2750 5739; x_wconf 87' lang='lat' dir='ltr'><strong>non</strong></span> <span class='ocrx_word' id='word_1_768' title='bbox 2778 5704 3027 5755; x_wconf 84' lang='lat' dir='ltr'><strong>pravum,</strong></span> <span class='ocrx_word' id='word_1_769' title='bbox 3062 5708 3233 5761; x_wconf 81' lang='lat' dir='ltr'><strong>neque</strong></span> <span class='ocrx_word' id='word_1_770' title='bbox 3256 5694 3464 5763; x_wconf 81' lang='lat' dir='ltr'><strong>impro-</strong></span> 
     </span>
    </p>
   </div>
   <div class='ocr_carea' id='block_1_114' title="bbox 1909 5773 3465 5853">
    <p class='ocr_par' dir='ltr' id='par_1_114' title="bbox 1909 5773 3465 5853">
     <span class='ocr_line' id='line_1_114' title="bbox 1909 5773 3465 5853; baseline 0.011 -29"><span class='ocrx_word' id='word_1_771' title='bbox 1909 5773 2033 5826; x_wconf 87' lang='lat' dir='ltr'><strong>bum</strong></span> <span class='ocrx_word' id='word_1_772' title='bbox 2060 5790 2076 5839; x_wconf 87' lang='lat'><strong>;</strong></span> <span class='ocrx_word' id='word_1_773' title='bbox 2111 5774 2201 5829; x_wconf 81' lang='lat' dir='ltr'><strong>sed</strong></span> <span class='ocrx_word' id='word_1_774' title='bbox 2234 5776 2320 5830; x_wconf 86' lang='lat' dir='ltr'><strong>hic</strong></span> <span class='ocrx_word' id='word_1_775' title='bbox 2347 5792 2565 5847; x_wconf 82' lang='lat' dir='ltr'><strong>quoque</strong></span> <span class='ocrx_word' id='word_1_776' title='bbox 2597 5781 2747 5834; x_wconf 68' lang='lat' dir='ltr'><strong>bona:</strong></span> <span class='ocrx_word' id='word_1_777' title='bbox 2784 5791 2922 5835; x_wconf 54' lang='lat' dir='ltr'><strong>notae</strong></span> <span class='ocrx_word' id='word_1_778' title='bbox 2948 5798 3009 5838; x_wconf 78' lang='lat' dir='ltr'><strong>ac</strong></span> <span class='ocrx_word' id='word_1_779' title='bbox 3050 5794 3301 5853; x_wconf 64' lang='lat' dir='ltr'><strong>spectatae</strong></span> <span class='ocrx_word' id='word_1_780' title='bbox 3337 5804 3465 5852; x_wconf 65' lang='lat' dir='ltr'><strong>pro»</strong></span> 
     </span>
    </p>
   </div>
  </div>
