3958 6242
239 235 378 303 I369

812 351 1049 408 ΚᾹΝΩΝ
1075 355 1206 410 KA'.

249 483 280 515 ι
306 467 438 520 "Ott
459 469 520 522 οὑ
549 470 629 523 δεῖ
655 470 940 540 ὑπηρέτας
968 472 1113 542 ἔχειν
1161 471 1344 543 χώραν
1378 474 1436 525 ἐν
1498 474 1574 542 τῷ
1622 474 1806 526 διακο-

394 577 414 609 ι
442 558 595 628 νικῷ,
639 561 731 614 καὶ
757 561 1023 616 ἅπτεσθαι
1045 563 1154 617 τῶν
1182 565 1342 633 ἱερῶν
1376 566 1604 618 σκευῶν.
1641 583 1662 614 ι

321 674 513 726 ΒΑΛΣ.
555 673 864 745 ’Υπηρὲται
891 676 1142 743 λέγονται
1179 680 1226 731 οἱ
1256 677 1630 731 ὑποδιάκονοι.
1671 677 1806 731 Τού-

247 755 372 826 τους
402 765 494 818 οὖν
525 766 722 819 κωλύει
758 769 784 820 ό
841 768 1020 821 κανὼν
1071 770 1136 822 τὰ
1174 770 1282 822 τῶν
1328 769 1589 823 διακόνων
1641 788 1807 838 μετα-

247 855 605 925 γειρίζεσθαι,
641 861 809 929 ἦγουν
859 860 1129 914 ἅπτεσθαι
1184 862 1292 914 τῶν
1346 863 1509 933 ίερῶν
1573 862 1805 928 σκευῶν,

244 948 492 1010 τουτέστι
543 949 636 1001 τοῦ
690 951 942 1017 σώματος
972 953 1064 1004 καὶ
1119 955 1348 1020 αἵματος
1404 953 1498 1006 τοῦ
1546 955 1804 1023 Χριστοῦ.

246 1039 399 1105 Μηδὲ
423 1040 532 1108 γάρ
556 1043 714 1112 εἴπῃς
745 1041 818 1110 μὴ
846 1043 1084 1110 ὀφείλειν
1126 1044 1348 1106 τούτους
1380 1045 1647 1119 ἅπτεσθαι
1701 1047 1807 1099 τῶν

249 1131 414 1198 ἱερῶν
446 1133 679 1199 σκευῶν,
727 1135 846 1204 ἦτοι
899 1136 993 1188 τοῦ
1049 1137 1205 1204 ἁγίου
1253 1139 1514 1209 ποτηρίου
1559 1146 1654 1193 καὶ
1709 1140 1805 1194 τοῦ

249 1228 410 1294 ἁγίου
452 1228 661 1287 δίσκου,
735 1229 908 1283 κενῶν
981 1211 1171 1284 ὄντων.
1233 1233 1425 1296 Αὑτοῖς
1463 1233 1570 1301 γάρ
1607 1235 1808 1302 μᾶλλον

249 1321 428 1374 οὲκεία
487 1322 634 1376 ἐστὶν
681 1325 712 1392 ἡ
752 1323 960 1376 τούτων
1035 1324 1308 1394 ὑπηρεσία
1348 1323 1381 1394 ἥ
1436 1324 1530 1376 καὶ
1576 1323 1808 1392 μετάθε-

253 1431 360 1476 σις.

327 1527 565 1583 ΖΩΝΑΡ.
605 1529 919 1598 ’Υπηρὲτας
996 1531 1124 1595 τοὺς
1205 1507 1590 1596 ὑποδιακόνους
1639 1534 1808 1600 λέγει,

253 1617 345 1682 οὒς
383 1619 443 1671 οὑ
487 1619 615 1688 χρὴ,
655 1620 818 1688 φησιν
866 1621 894 1673 ὁ
934 1621 1137 1686 κανὼν,
1201 1625 1385 1694 χώραν
1428 1625 1575 1694 ἔχειν
1626 1625 1684 1676 ἐν
1735 1624 1812 1693 τῷ

1413 242 1509 306 IN
1531 245 1696 306 CAN.
1736 245 1906 307 XXII
1935 246 2141 308 CONC.
2173 245 2388 305 LAOD.

1829 361 1882 416 A,

3323 241 3461 308 i370

2480 352 2708 411 CANON
2747 353 2889 410 XXI.

1913 488 1932 520 σ
1965 470 2114 536 Quod
2144 485 2245 523 non
2276 479 2482 537 oportet
2513 471 2786 523 ministros
2821 471 2992 522 locum
3032 469 3229 524 habere
3263 469 3314 523 in
3337 470 3464 526 diae

2164 581 2182 613 ι
2225 562 2433 627 eonieo,
2467 570 2519 615 et
2549 577 2701 617 sacra
2743 577 2869 616 vasa
2909 573 3143 630 tangere.
3181 581 3199 613 ι

1974 671 2165 726 BALS.
2198 663 2706 728 Ministri‘dicuu‘tur
2732 675 3079 728 subdiaconi.
3110 675 3290 728 (lamin
3328 691 3472 744 ergo

1907 780 1999 818 eos
2029 765 2275 834 prohibet
2326 781 2386 818 ea
2418 808 2432 831 ,
2464 781 2582 836 qure
2629 767 2692 819 ad
2725 767 2983 820 diacoiios
3025 769 3331 835 pertinent,
3370 784 3465 835 ag—

1907 857 2074 924 gredi,
2111 871 2204 910 seu
2231 871 2384 910 sacra
2417 873 2542 910 vasa
2581 868 2818 923 tangere,
2852 859 3062 912 scilicet
3109 859 3352 926 corporis
3411 869 3466 911 et

1909 951 2184 1020 sanguinis
2211 949 2436 1004 Christi.
2467 950 2652 1019 Neque
2676 952 2817 1004 enim
2863 951 3086 1016 dixeris,
3121 967 3227 1004 non
3276 951 3468 1003 debere

1906 1057 2001 1096 eos
2046 1058 2195 1097 sacra
2255 1057 2384 1097 vasa
2451 1052 2690 1112 tangere,
2755 1057 2849 1096 seu
2911 1057 3127 1095 sacrum
3161 1041 3382 1095 calicem
3415 1049 3472 1094 et

1909 1149 2115 1188 sacram
2150 1134 2408 1203 patinam,
2473 1149 2592 1189 cum
2650 1141 2777 1188 sunt
2820 1135 3031 1186 inanes.
3081 1133 3279 1186 Eorum
3327 1131 3482 1184 enirn-

1909 1226 2267 1280 ministerium
2300 1227 2414 1281 sive
2445 1226 2734 1279 translatio
2767 1223 2848 1281 eis
2876 1225 3048 1286 magis
3082 1223 3362 1278 convenit.

1981 1534 2234 1591 ZONA-R.
2269 1534 2542 1590 Ministros
2596 1535 2682 1588 hic
2728 1533 3129 1602 bypodiaeonos
3195 1535 3486 1599 nominat,.

1910 1644 2044 1698 quos
2099 1629 2312 1697 quidem
2375 1643 2549 1682 canon
2616 1627 2668 1680 iu
2735 1627 3216 1681 diaconicoiocnm
3281 1625 3477 1680 habere

253 1711 567 1781 διακονικῷ,
593 1713 714 1765 ἀντὶ
738 1714 855 1775 τοῦ,
901 1715 998 1768 οὑκ
1021 1715 1404 1786 ἐκκεχώρηται
1449 1715 1634 1778 αὑτοῖς
1654 1716 1808 1781 ἐνερο

1936 1729 2070 1789 tegat
2124 1729 2394 1786 oportere.
2466 1719 2618 1785 Quod
2675 1718 2747 1772 ita
2802 1705 3208 1786 intelligendum
3254 1727 3355 1780 est,
3419 1725 3479 1768 nt
3529 1704 3534 1710 ’

257 1806 370 1870 γεῖν
401 1804 469 1856 τά
509 1805 615 1857 τῶν
670 1805 952 1870 διακόνων,
1003 1809 1097 1861 καὶ
1144 1809 1413 1862 ἅπτεσθαι
1461 1804 1807 1874 τῶν’ίερῶν,

255 1895 401 1964 ἢτοῦ
439 1894 606 1965 ἄρτου
636 1896 731 1950 καὶ
759 1897 856 1950 τοῦ
891 1899 1060 1964 οῐνου,
1102 1899 1208 1952 τῶν
1238 1899 1318 1962 είς
1350 1899 1540 1951 Θυσίαν
1570 1913 1813 1968 προσφε-

255 1985 520 2055 ρομένων,
569 1985 744 2054 ῆτῶν
785 1987 1092 2058 δεχομένων
1136 1988 1277 2042 αὑτὰ
1332 1988 1567 2051 σκευῶν,
1612 1986 1706 2040 τοῦ
1739 1989 1815 2040 ίε-

255 2080 351 2149 ροῦ
384 2081 568 2136 δίσκου
602 2082 694 2134 καὶ
723 2082 817 2136 τοῦ
870 2084 1131 2154 ποτηρίου
1152 2099 1168 2114 ·
1219 2084 1280 2138 οὐ
1321 2076 1438 2153 γὰρ’
1486 2085 1701 2150 ἐφεῖται
1724 2081 1846 2134 aia--

257 2176 367 2237 τοῖς
404 2175 818 2245 προσκομίζειν.

396 2381 622 2434 ΛΡῐΣΤ.
663 2399 681 2431 ι
720 2381 937 2432 Σκευῶν
982 2378 1262 2449 ὑπηρέτης
1299 2377 1371 2448 μὴ
1398 2378 1678 2431 ἅπτοιτο.»

328 2474 403 2526 Οὑ
461 2472 851 2541 χειραπτοῦσιν
889 2473 937 2524 οί
1013 2472 1280 2539 ὑπηρέται
1335 2471 1435 2539 τῆς
1491 2467 1824 2537 Ἐκκλησάς

263 2565 371 2618 τῶν
400 2565 612 2618 σκευῶν
659 2565 768 2618 τῶν
818 2565 1184 2617 δεσποτικῶν·
1235 2563 1369 2616 ἀλλὰ
1403 2560 1554 2632 παρά
1611 2560 1820 2629 ἱερέων,

262 2657 296 2728 ἢ
332 2658 618 2723 διακόνων,
664 2660 732 2728 τῇ
776 2658 911 2728 ἱερᾷ
930 2657 1178 2728 τραπέζῃ
1220 2655 1391 2709 ταῦτα
1430 2653 1822 2725 προσάγονται.

827 2791 1066 2846 ΚΑΝΩΝ
1117 2791 1244 2845 KB’.

270 2954 289 2984 ι
333 2930 653 2987 Ὄτιοὺδεῖ
696 2931 976 3001 ὑπηρέτην
1024 2932 1261 3003 ὠράριον
1310 2935 1517 3002 φορεῖν,
1563 2932 1682 2986 οὑδέ
1730 2932 1829 2995 τάς

627 3043 646 3076 ι
689 3025 858 3094 θύρας
883 3026 1406 3094 ἐγκαταλιμπάνειν.
1449 3045 1467 3078 ι

335 3165 527 3220 ΠΑΛΣ.
558 3165 630 3217 Τὸ
672 3164 909 3234 ιῦράριον
939 3166 1126 3234 ινξορεῖν
1153 3164 1329 3232 μόνων
1355 3164 1472 3217 ἐστὶ
1507 3165 1618 3217 τῶν
1643 3165 1828 3220 διακόο

264 3276 389 3310 νων.
413 3251 569 3310 Οὗτοι
599 3253 707 3327 γάρ
734 3257 846 3315 τοῖς
877 3255 1218 3324 ίερουργοὺσι
1256 3256 1678 3324 παριστάμενοι.
1736 3257 1830 3310 καὶ

265 3347 653 3416 ἐπιτηροῦντες
684 3345 780 3408 τὰς
810 3345 918 3398 τῶν
943 3347 1113 3413 ἁγίων
1149 3347 1323 3416 εὑχῶν
1351 3346 1577 3407 τελετάς
1605 3348 1699 3401 καὶ
1731 3348 1831 3412 τὰς

265 3439 373 3490 τῶν
417 3437 804 3506 πρεσϐυτέρων
827 3439 1190 3507 ἐκφωνήσεις,
1229 3439 1466 3491 διδόασιν
1511 3440 1716 3509 εἴδησιν
1743 3441 1832 3494 διὰ

274 3527 368 3582 τοῦ
410 3528 650 3597 ὠραρξου
677 3528 790 3588 τοῖς
816 3529 872 3578 έν
904 3526 980 3596 τῷ
1016 3527 1227 3595 “iam”
1255 3527 1532 3590 διακόνοις
1568 3529 1832 3597 τῆςόῳει-

270 3610 471 3686 λούσης
493 3618 738 3686 γίνεσθαι
762 3618 1145 3688 ὲκφωνήσεως,
1179 3617 1346 3688 ἤγουν
1373 3616 1468 3671 τοῦ
1512 3620 1704 3688 καιροῦ
1734 3621 1830 3688 τῆς

273 3711 498 3780 ἒκτενῆς
521 3711 628 3763 τῶν
667 3711 938 3773 αἰτήσεων
967 3711 1077 3762 τῶν
1110 3728 1348 3780 κατηχου
1360 3711 1554 3775 μένων,
1580 3712 1677 3763 καὶ¹
1727 3712 1835 3764 τῶν

273 3802 494 3857 λοιπῶν.
521 3803 628 3855 Καὶ
657 3801 858 3871 ἐκλήθη
892 3801 1130 3870 ὡράριον
1164 3801 1270 3855 ἀπὸ
1291 3800 1382 3854 τοῦ
1421 3801 1554 3870 ὁρῶ,
1610 3803 1671 3855 τὸ
1737 3821 1836 3870 φυ-

276 3894 460 3948 λάσσω
495 3896 588 3947 καὶ
620 3893 887 3963 ἐπιτηρῶ,
911 3894 1124 3964 Ὥσπερ
1152 3892 1205 3944 δὲ
1239 3894 1348 3956 τοῖς
1387 3892 1654 3953 διακόνοις
1682 3892 1838 3945 τοῦτο

276 3987 617 4056 ἀπενεμήθη.
641 3987 883 4040 δέδοκται
912 3985 1005 4040 καὶ
1031 3986 1157 4049 τοὺς
1184 3983 1571 4045 ὑποδιακόνους
1610 3983 1714 4038 τὰς
1744 3982 1839 4036 θύ-

278 4097 380 4152 ρας
408 4081 516 4133 τῶν
543 4079 850 4150 ἐκκλησιῶν
875 4079 1143 4148 κατέχειν,
1199 4077 1296 4130 καὶ
1339 4073 1582 4144 εἰσάγειν
1624 4076 1716 4129 καὶ
1755 4075 1840 4141 ἐξ-

277 4172 430 4239 άγειν
460 4174 583 4237 τοὺς
606 4172 1042 4240 κατηχουμένους
1072 4169 1164 4222 καὶ
1187 4169 1314 4225 τοὺς
1337 4169 1393 4220 ἐν
1419 4167 1678 4238 μετανοίᾳ
1705 4184 1720 4199 ·
1749 4167 1838 4219 διά

276 4269 385 4333 γὰρ
418 4261 574 4315 τοῦτο
609 4263 702 4314 καὶ
737 4262 980 4330 σήμερον
1007 4259 1156 4330 παρὰ
1185 4258 1292 4312 τῶν
1331 4257 1696 4312 ὑποδιακόνων
1749 4255 1840 4308 λέ-

278 4373 436 4424 γεται
461 4356 541 4418 τὸ,
565 4355 722 4407 Ὅσοι
749 4352 949 4412 πιστοὶ,
971 4349 1213 4418 δηλονότι
1247 4350 1299 4401 οἱ
1324 4351 1398 4417 μὴ
1454 4350 1657 4410 πιστοὶ,
1701 4347 1838 4401 ἀλλά

275 4445 675 4517 κατηχούμενοι
699 4444 871 4506 ὄντες,
905 4442 1148 4507 ἐξέλθετε
1179 4441 1262 4508 ’ξοί
1287 4441 1341 4494 δὲ
1363 4441 1566 4506 πιστοὶ,
1597 4441 1839 4504 ἴστασθε,

276 4541 533 4610 ὀψόμενοι
573 4538 673 4602 τὴν
699 4537 805 4590 τῶν
839 4536 1008 4604 ἁγίων
1048 4534 1364 4605 μυστηρίων
1393 4534 1608 4587 θυσίαν.
1643 4534 1751 4588 Καὶ
1778 4533 1838 4586 οὑ

281 4631 440 4700 μόνον
469 4629 646 4682 ταῦτα
684 4630 750 4681 τά
779 4627 1051 4696 προνόμια
1088 4625 1300 4690 τούτοις
1360 4625 1655 4694 ἐδόθησαν·
1708 4625 1842 4678 ἀλλά

279 4723 512 4784 καὶτοῖς
557 4721 767 4783 λοιποῖς
813 4721 1078 4790 τάγμασι.
1141 4720 1266 4781 Τοῖς
1317 4718 1426 4788 γὰρ
1469 4718 1843 4785 ἁναγνώσταις

278 4814 526 4867 διακονία
560 4813 718 4884 ἐδόθη
753 4814 874 4883 οὖχὶ
903 4812 963 4865 τὸ
989 4811 1232 4882 ψάλλειν,
1269 4811 1404 4864 ἀλλὰ
1462 4813 1521 4863 τὸ
1575 4808 1842 4876 ἀναγινώ-

287 4921 438 4957 σκειν
465 4904 565 4966 τὰς
589 4904 736 4965 θείας
761 4903 982 4972 Γραφάς
1003 4903 1093 4953 ἐπὶ
1115 4905 1266 4972 κοινῇ
1291 4902 1573 4970 ἀκροάσει,
1611 4900 1707 4952 καὶ
1733 4901 1844 4961 τοῖς

279 4995 514 5063 ψάλταις
533 4993 850 5059 τὺψάλλειν.
916 4991 1135 5060 Ἐπειδὴ
1187 4990 1279 5043 οὖν
1325 4989 1645 5059 ἐπεχείρουν
1701 4989 1843 5048 τινες

281 5086 623 5140 ὑποδιάκονοι
647 5085 862 5154 ὼρᾶρια
889 5085 1072 5152 φορεῖν
1097 5081 1244 5151 παρὰ
1269 5071 1366 5152 τὴν
1387 5079 1845 5150 ὲκκλησιαστικὴν

284 5179 606 5247 παράδοσιν,
643 5177 928 5230 ἐκώλυσαν
950 5175 1109 5227 τοῦτο
1144 5176 1190 5225 oi
1234 5174 1497 5243 Πατέρες,
1521 5173 1617 5224 καὶ
1662 5173 1846 5240 διωρί-

282 5288 444 5324 σαντο
472 5271 544 5340 μὴ
569 5269 1068 5338 ἐγκαταλιμπάνειν
1103 5268 1303 5328 αὑτοὺς
1333 5265 1432 5336 τὴν
1465 5263 1711 5333 φυλακὴν
1737 5263 1844 5317 τῶν

283 5363 735 5431 ἀπονεμηθεισῶν
776 5361 957 5422 αὑτοῖς
991 5359 1168 5429 θυρῶν
1211 5358 1318 5411 τῶν
1379 5357 1705 5426 ἐκκλησιῶν,
1758 5357 1845 5409 ἵνα

289 5456 365 5524 μὴ
405 5454 599 5518 ἀταξία
628 5453 850 5521 γένηται
885 5451 992 5505 τῶν
1017 5451 1176 5520 ἱερῶν
1202 5449 1516 5518 ταγμάτων.

361 5592 605 5646 ΖΩΝΑΡ.
653 5591 898 5660 Ἐκάστῳ
959 5587 1088 5658 ἱερῷ
1155 5588 1394 5657 τάγματι
1446 5584 1848 5654 απονενέμηται

287 5685 384 5739 καί
439 5682 607 5753 στόλὴη
646 5683 819 5736 οἰκεία
874 5679 1042 5750 αὐτῷ,
1100 5680 1194 5732 καὶ
1250 5677 1694 5748 ὑπηρεσία.Τοίς
1718 5675 1848 5745 γοῦν

1913 1814 2265 1868 diaeonorum
2303 1826 2523 1865 munera
2555 1811 2706 1865 obire
2733 1853 2747 1876 ,
2777 1827 2840 1864 ac
2888 1826 2974 1864 res
3021 1826 3203 1863 sacras
3227 1850 3242 1874 ,
3285 1824 3490 1878 panem.

1914 1907 2122 1961 scilicet
2150 1919 2213 1960 ac
2243 1905 2447 1967 vinum,
2477 1919 2595 1972 qua:
2631 1903 2681 1956 in
2711 1902 2982 1957 sacriﬁcio
3011 1902 3312 1957 oﬂeruntur
3335 1942 3348 1964 ,
3388 1909 3482 1954 aut

1915 2013 2041 2054 vasa
2070 1997 2263 2066 quibus
2287 1996 2398 2050 haec
2427 1994 2774 2064 excipiuntur
2799 2033 2816 2057 ,
2860 1993 3110 2062 patellam
3164 2007 3353 2059 nempe
3394 2008 3488 2047 sa-

1916 2105 2060 2142 cram
2089 2100 2140 2144 et
2169 2089 2396 2144 calicem
2425 2087 2764 2155 contingere.
2816 2100 2936 2140 cum
2973 2101 3070 2139 nec
3114 2100 3338 2153 nsquam
3367 2085 3481 2139 haec

1918 2179 2112 2234 deferri
2145 2194 2239 2249 per
2266 2194 2361 2233 eos
2387 2179 2550 2232 liceat
2576 2217 2593 2242 ,
2632 2191 2968 2247 nequaquam
3002 2177 3131 2246 ipsis
3162 2191 3477 2232 concessum

1921 2287 2042 2326 esse
2070 2274 2424 2326 demonstret.

1921 2385 2148 2440 ARIST.
2182 2405 2201 2437 ‹
2235 2384 2372 2439 Vasa
2405 2385 2652 2437 minister
2685 2399 2752 2438 ne
2789 2392 2993 2450 tangat.
3037 2402 3056 2437 ι

1995 2475 2244 2530 Ecclesia!
2291 2474 2522 2527 ministri
2577 2488 2704 2526 vasa
2767 2473 3040 2527 Dominica
3095 2473 3338 2526 manibus
3377 2487 3496 2526 non-

1924 2571 2170 2631 tangunt,
2199 2562 2295 2615 sed
2317 2576 2343 2612 a
2372 2561 2747 2615 sacerdotibus
2772 2569 2865 2614 aut
2892 2561 3132 2616 diaconis
3155 2564 3218 2615 ad
3248 2577 3490 2616 mensam

1925 2673 1988 2712 ea
2019 2658 2374 2712 adducuntur.

2377 2796 2538 2868 [.63
2585 2795 2814 2852 canon
2854 2796 3002 2852 xxn

1937 2946 1957 2981 ι
1990 2927 2140 2996 Quod
2164 2943 2267 2984 non
2291 2937 2501 2996 oportet
2525 2928 2832 2981 ministrum
2862 2927 3006 2983 ferre
3031 2929 3290 2994 orarium,
3319 2944 3502 2999 neque

2287 3017 2294 3027 '
2394 3038 2412 3071 ι
2453 3019 2586 3074 ostia
2621 3019 2942 3088 relinquere.
2979 3037 3000 3071 ›

1997 3155 2189 3212 BALS.
2227 3154 2472 3210 Orat-ium
2523 3154 2663 3208 ferre
2715 3164 2796 3208 est
2851 3156 3086 3209 solorum
3119 3157 3496 3212 diaconorum.

1931 3251 1994 3306 lli
2020 3251 2164 3306 enim
2218 3250 2316 3312 eis.
2344 3248 2434 3317 qui
2479 3248 2774 3309 celebrant,
2829 3249 3167 3313 assistentes,
3200 3260 3251 3303 et
3286 3259 3509 3304 sancta-

1931 3357 2046 3394 rum
2082 3339 2385 3395 orationum
2426 3338 2711 3408 mysteria,
2753 3321 2805 3390 et
2833 3340 3274 3408 presbyterorum
3315 3341 3494 3408 prola-

1933 3432 2105 3486 tiones
2142 3433 2508 3491 observantes,
2545 3429 2624 3482 eis
2653 3432 2742 3496 qui
2781 3441 2906 3482 sunt
2947 3431 2998 3483 in
3031 3441 3281 3500 suggesm
3315 3432 3498 3486 diaco-

1932 3525 2018 3579 nis
2048 3538 2142 3592 per
2171 3522 2408 3575 orarium
2445 3520 2751 3588 signiﬁcant
2780 3520 2994 3588 quando
3019 3523 3203 3576 debeat
3230 3522 3341 3577 ﬁeri
3375 3539 3504 3593 pro-

1934 3615 2198 3670 nuntiatio
2227 3628 2321 3666 seu
2357 3611 2584 3682 prolatio
2615 3613 2934 3678 petitionum
2961 3613 3496 3680 catcchumenorum,

1934 3721 1987 3765 et
2019 3711 2368 3776 reliquorum.
2403 3708 2469 3761 Et
2520 3707 2842 3778 appellatum
2875 3719 2957 3762 est
2984 3710 3220 3764 orarium
3266 3712 3375 3764 ἀπὸ
3405 3711 3510 3764 τοῦ

1936 3803 2071 3874 ὁρῶ,
2104 3802 2246 3871 quod
2278 3812 2363 3856 est
2401 3802 2653 3854 observo.
2689 3800 3146 3866 Quemadmodum
3195 3813 3370 3857 autem
3404 3803 3504 3859 hoc

1938 3897 2177 3949 diacouis
2223 3904 2308 3949 est
2344 3893 2687 3957 attributum,
2744 3893 2915 3945 visum
2967 3902 3049 3946 cst
3106 3895 3505 3963 hypodiacunos

1939 4001 2153 4056 quoque
2185 3986 2534 4042 ecclesiarum
2583 3989 2725 4045 fores
2758 3998 2960 4048 tenere.
2996 3997 3048 4040 et
3080 3989 3499 4042 Catecltumenos

1940 4076 2285 4140 introdurere
2316 4089 2368 4131 et
2399 4079 2648 4144 educere,
2689 4095 2753 4134 ac
2781 4094 2874 4134 eos
2902 4078 3005 4146 'qui
3041 4089 3169 4131 sunt
3224 4079 3276 4132 iu
3329 4082 3505 4145 paeni-

1942 4172 2128 4225 tentia.
2163 4169 2456 4241 Pmpterea
2486 4172 2627 4225 enim
2662 4172 2826 4226 hodie
2855 4186 3071 4240 quoque
3108 4171 3270 4226 etiam
3311 4172 3377 4224 ab
3408 4171 3508 4242 Ity-

1941 4264 2253 4333 podiaconis
2289 4264 2485 4318 dicitur
2511 4263 2664 4329 illud,
2696 4263 2970 4332 Quotquot
2999 4264 3203 4327 ﬁdeles,
3236 4265 3324 4330 qui
3361 4263 3508 4340 scili-

1866 4373 1919 4433 D
1943 4367 2026 4410 cet
2051 4370 2154 4409 non
2185 4354 2320 4409 estis
2347 4353 2550 4418 ﬁdeles,
2575 4354 2667 4408 sed
2695 4352 3092 4415 catecliumeni.
3135 4353 3454 4422 egredimini
3479 4369 3496 4405 :

1945 4447 2128 4500 fideles
2153 4457 2331 4500 autem
2379 4454 2538 4509 state,
2567 4446 2734 4500 visuri
2769 4455 3077 4499 sanctorum
3127 4446 3505 4515 mySIeriorum

1945 4539 2292 4594 sacriﬁcium.
2327 4538 2395 4592 Et
2440 4553 2545 4591 non
2582 4537 2755 4592 solum
2788 4537 2867 4593 eis
2915 4537 3030 4591 haec
3064 4535 3339 4605 privilegia
3383 4536 3507 4590 data

1944 4641 2087 4696 sunt,
2120 4631 2211 4685 sed
2249 4629 2470 4699 reliquis
2497 4636 2660 4685 etiam
2685 4629 2990 4684 ordinibus.
3019 4627 3336 4682 Lectoribus
3364 4627 3506 4682 enim

1945 4723 2298 4776 ministerium
2336 4724 2520 4776 datum
2555 4731 2664 4788 est,
2704 4739 2806 4777 non
2837 4723 3125 4793 psallendi,
3161 4724 3255 4778 sed
3288 4723 3504 4793 legendi

1945 4815 2153 4869 divinas
2187 4814 2498 4882 Scripturas
2527 4815 2591 4868 in-
2614 4815 2886 4869 communi
2926 4815 3199 4868 auditione
3232 4831 3245 4866 :
3299 4825 3352 4867 et
3381 4829 3511 4866 can-

1948 4908 2179 4969 toribus,
2237 4907 2521 4976 psallendi.
2570 4907 2704 4973 Quia
2755 4923 2885 4977 ergo
2931 4908 3262 4962 conabantur
3294 4905 3508 4973 quidam

1944 4998 2251 5054 subdiaconi
2307 4997 2446 5052 ferre
2501 4999 2708 5062 oraria,
2754 5009 2938 5055 contra
2974 4997 3307 5051 traditionem
3337 4996 3509 5047 eccle—

1944 5091 2240 5154 siasticam,
2269 5088 2454 5144 Patres
2485 5091 2588 5143 hoc
2624 5091 3033 5160 prohibuerunt,
3086 5096 3139 5141 et
3181 5093 3511 5148 statuerunt,

1947 5193 2004 5234 ut
2051 5182 2083 5233 ii
2130 5194 2243 5234 non’
2288 5181 2656 5250 relinquerent
2709 5181 2810 5236 sibi
2864 5180 3172 5233 attributam
3216 5175 3510 5230 custodiam

1947 5282 2226 5344 portarunt
2279 5274 2562 5328 ecclesiae:
2627 5288 2692 5328 nc
2757 5273 2828 5328 sit
2894 5279 3204 5330 sanctorum
3265 5267 3512 5322 ordinum

1949 5364 2214 5420 confusio.

2019 5578 2264 5635 ZONAR.
2298 5579 2601 5647 Unicuique
2627 5591 2783 5632 sacro
2803 5576 3000 5641 ordini,
3029 5585 3084 5630 et
3117 5591 3246 5630 suus
3268 5575 3511 5639 habitus,

1953 5683 2005 5730 et
2035 5673 2245 5745 propria
2266 5673 2562 5728 ministeria
2587 5669 2840 5727 attributa
2866 5668 3037 5726 fuere.
3066 5667 3324 5725 Ministris
3350 5668 3514 5731 igitu:
