3958 6242
245 183 390 249 I373

1350 200 1437 262 IN
1473 200 1640 263 CAN.
1678 203 1895 264 XXVII
1926 205 2132 267 CONC.
2178 209 2396 272 LAOD.

3323 211 3472 276 1374--

318 301 454 355 Ἀπδ
473 305 854 377 πρεσϐυτέρων
887 309 1048 380 μέχρι
1074 311 1170 364 καὶ
1194 311 1288 366 τοῦ
1326 312 1553 382 ἐσχάτου
1585 313 1798 382 τάγμα-

1971 319 2015 370 Λ
2048 321 2376 390 presbyteris
2405 333 2572 386 usque
2618 317 2690 373 ad
2723 319 2965 374 ultimum
3003 329 3335 377 sacratorum
3367 339 3460 377 or-

242 409 339 448 στος
363 395 473 446 τῶν
510 397 798 465 ίερατικῶν
821 399 1020 464 πάντες
1043 402 1340 456 κωλύονται
1389 405 1469 466 είς
1524 403 1804 472 κατηλεῖον

245 481 612 552 εἰσέρχεσθαι.
906 493 910 501 ’

821 582 1059 635 ΚΑΝΩΝ
1107 584 1239 638 κε’.

259 684 282 718 τ
312 668 434 720 Ὀτι
461 669 521 722 οὐ
546 671 626 723 δεῖ
649 671 926 743 ὑπηρέτην
949 676 1112 746 ἄρτον
1148 678 1366 755 διδόναιε
1402 670 1518 733 οἱ)δέ
1550 682 1805 751 ποτήριον

831 784 849 817 ι
889 769 1150 836 εὐλογεῖν.
1198 793 1216 821 ι

322 851 514 907 ΒΑΛΣ.
550 853 804 924 ’Λρκοῦσι
836 861 916 920 εἰς
948 859 1135 912 τοῦτον
1165 861 1254 912 τὸν
1281 861 1476 914 κανόνα
1509 863 1576 915 τὰ
1609 865 1686 926 είς
1713 865 1805 918 τδν

248 948 333 994 γα¹
355 945 553 998 κανόνα
595 947 898 1015 γραφέντα.

315 1037 562 1093 ΖΩΝΑΡ.
612 1039 764 1093 Ἐπεὶ
794 1043 1062 1098 ἅπτεσθαι
1092 1049 1198 1102 τῶν
1241 1051 1403 1122 ἱερῶν
1451 1051 1661 1104 σκευῶν
1711 1053 1806 1104 αὖ·

245 1132 359 1220 τοῖς
388 1131 488 1184 οὐκ
519 1133 748 1201 ἐφεῖται.
781 1137 899 1189 οὐδὲ
944 1139 1003 1190 ἐν
1038 1141 1116 1210 τῷ
1157 1141 1446 1213 διακονικῷ
1497 1145 1807 1215 ἐμφιλοχωο

252 1225 386 1288 ρεῖν,
416 1225 508 1277 καί
545 1243 594 1278 τι
628 1229 870 1298 ἐνεργεῖν
917 1233 1054 1292 ἐκεῖ,
1095 1235 1275 1301 πολλῷ
1316 1237 1476 1291 πλέον
1521 1237 1700 1297 αὐτοῖς
1745 1235 1804 1288 οὐ

249 1313 782 1385 ’.ταραχωρηθὴσεται
807 1319 900 1371 τὸν
935 1322 1096 1392 ἄρτον
1124 1323 1346 1390 διδόναι,
1366 1327 1609 1379 τουτέστι
1637 1344 1804 1396 μετα·

247 1402 447 1456 διδόναι
471 1409 582 1469 τοῖς
605 1412 814 1475 πιστοῖς
840 1411 932 1465 τοῦ
976 1413 1228 1484 σώματος
1286 1417 1380 1470 τοῦ
1439 1419 1666 1485 Κυρίου,
1715 1421 1807 1474 καὶ

250 1496 490 1562 εὐλογεῖν
517 1500 576 1551 τὸ
601 1505 858 1572 ποτήριον
887 1505 979 1558 τοῦ
1008 1507 1239 1571 αἵματος
1281 1509 1376 1562 τοῦ
1409 1511 1663 1577 Κυρίου.σ

249 1586 467 1641 ΔΡΙΣΤ.
526 1607 544 1640 ι
589 1591 785 1662 Ἀρτον
835 1596 927 1646 καὶ
975 1598 1233 1667 ποτήριον
1290 1599 1571 1668 ὑπηρέτης
1619 1600 1679 1652 οὗ
1730 1599 1806 1654 δί-

901 1707 919 1738 ι
963 1687 1110 1742 δωσι.
1147 1707 1166 1740 ι

321 1771 394 1823 Τὸ
421 1773 526 1825 τῶν
554 1776 941 1847 πρεσϐυτέρων
967 1782 1059 1834 καὶ¹
1090 1782 1355 1834 διακόνιον
1385 1781 1547 1849 ἔργον
1597 1784 1650 1836 ul
1703 1785 1807 1836 ὑπ-

245 1864 440 1930 ηρέται
468 1865 565 1932 τῆς
601 1867 893 1934 ἐκκλησίας
941 1872 1000 1922 οὐ
1065 1876 1476 1944 συγκεχώρηται
1527 1876 1766 1929 ἐκτελεῖν
1791 1893 1807 1908 °

246 1956 335 2009 διὰ
361 1957 522 2010 τοῦτο
548 1959 668 2010 οὐδὲ
693 1960 856 2029 ἄρτον
885 1961 916 2031 ἢ
946 1964 1204 2032 ποτήριον
1225 1966 1430 2020 διδόασι
1457 1966 1534 2038 τῷ
1562 1968 1696 2038 λαῷ.

835 2054 1068 2109 KANoN
1096 2059 1204 2124 Kc,-
1233 2096 1248 2111 .

257 2143 414 2208 «τοτι
444 2145 504 2196 οὐ
533 2145 615 2198 δεῖ
642 2146 950 2216 ἐφορκίζειν
974 2148 1100 2211 τοὺς
1150 2151 1226 2218 μὴ
1274 2152 1648 2221 προαχθέντας
1704 2155 1811 2208 ὑπὸ

325 2253 343 2284 ι
392 2236 727 2303 ἐπισκόπων,
769 2239 904 2307 μήτε
939 2238 996 2289 ἐν
1045 2243 1161 2303 ταῖς
1181 2241 1522 2313 ἐκκλησίαις,
1563 2247 1696 2315 μήτε
1753 2249 1811 2299 ἐν

327 2346 347 2376 ι
391 2329 512 2390 ταῖς
544 2328 793 2391 οἰκίαις.»

322 2419 522 2473 ΒᾹΛΣ.
586 2422 741 2485 Τινὲς
791 2425 1105 2494 ἐπεχείρουν
1153 2425 1485 2495 ἐφορκίζειν,
1557 2429 1810 2484 τουτέστι

254 2515 514 2581 κατηχεῖν
540 2513 817 2578 ἀπίστους,
857 2517 930 2585 μὴ
956 2515 1210 2578 λαϐόντες
1233 2516 1389 2570 τοῦτο
1424 2519 1489 2572 δι’
1524 2522 1813 2573 ἐπισκοπι-

257 2605 359 2672 κῆς
391 2605 732 2674 χειροθεσίας
764 2626 777 2638 ’
841 2612 936 2660 καὶ
984 2610 1320 2680 αἰτιώμενοι,
1373 2613 1692 2667 διετείνοντο
1741 2613 1812 2684 μὴ

256 2696 480 2768 ποιῆσαι
502 2697 661 2750 τοῦτο
691 2700 770 2761 είς
802 2700 1114 2769 ἐκκλησίαν,
1150 2703 1286 2757 ἀλλὰ
1313 2705 1392 2766 εἰς
1436 2707 1611 2758 οἰκίαν
1657 2707 1810 2759 τινά·

255 2788 544 2843 κάντεῦθεν
569 2792 759 2862 ἤθελον
780 2793 1148 2865 διατηρεῖσθαι
1179 2799 1480 2854 ἀνεύθυνοι.
1515 2801 1679 2852 Φασὶν
1700 2795 1793 2851 οὖν

255 2880 303 2929 οἱ
336 2879 575 2950 Πατέρες
598 2881 679 2934 ὅτι
707 2884 800 2934 καὶ⁸
830 2885 888 2936 τὸ
908 2886 1218 2956 ἐφορκίζειν
1248 2888 1680 2959 ἐκκλησιαστικὴ
1696 2890 1811 2941 δια-

1905 411 2083 466 dinem
2124 428 2416 480 cauponam
2447 412 2649 481 ingredi
2684 427 2867 466 omnes
2891 413 3259 470 prohibentur.

2462 589 2688 644 CANON
2737 587 2904 644 XXV.

1911 702 1930 733 α
1971 681 2122 747 Quod
2178 697 2279 734 non
2311 692 2524 748 oportet
2577 683 2880 734 ministrum
2936 695 3127 750 panem
3180 681 3327 746 dare,
3377 678 3462 734 vel

2349 791 2369 822 ‹
2407 771 2560 826 calici
2597 773 2923 826 benedicere.
2969 789 2987 822 ι

1974 864 2164 918 BALS.
2196 865 2273 916 Ad
2313 865 2453 918 hunc
2502 880 2711 934 quoque
2761 879 3020 926 annonem
3054 859 3316 918 sulIiciunt
3345 876 3468 931 qua!

1905 959 1954 1012 in
1988 957 2236 1009 vicesimo
2273 958 2442 1021 primo
2479 957 2674 1020 scripta
2708 966 2851 1009 sunt.

1982 1047 2234 1101 ZONAR.
2271 1046 2400 1101 Cum
2436 1047 2815 1116 bypodiaconis
2865 1060 3020 1100 sacra
3057 1061 3183 1100 vasa
3237 1045 3448 1100 contin-

1907 1155 2053 1206 gere.
2087 1151 2179 1194 aut
2229 1141 2280 1193 iu
2330 1139 2610 1192 diaconico
2660 1140 2886 1199 versari,
2937 1153 3197 1191 munusve
3248 1137 3460 1206 aliquod

1907 1233 2098 1286 ibidem
2125 1248 2378 1287 exercere
2411 1234 2629 1286 vetitum
2660 1232 2764 1294 sit;
2802 1231 2968 1284 multo
3016 1233 3195 1286 minus
3247 1240 3339 1282 aut
3367 1246 3464 1298 pa-

1906 1340 2024 1378 nem
2053 1325 2201 1382 dare.
2235 1324 2332 1376 hoc
2371 1331 2474 1385 est,
2503 1320 2712 1375 Domini
2753 1335 2951 1392 corp/us
2987 1321 3230 1372 ﬁdelibus
3261 1319 3459 1386 imper-

1910 1416 2020 1480 tiri,
2054 1427 2144 1470 ant
2177 1416 2442 1470 Dominici
2489 1415 2767 1485 sanguinis
2801 1413 2955 1468 calici
2982 1412 3326 1476 benedicere,
3357 1410 3466 1464 eis-

1909 1507 2026 1558 dem
2061 1507 2262 1560 licebit.

1912 1597 2135 1652 AltlS'l‘.
2172 1616 2190 1648 ι
2226 1596 2423 1660 Panem
2457 1608 2507 1650 et
2536 1597 2751 1650 calicem
2782 1595 3025 1678 minister
3056 1607 3160 1647 non
3197 1592 3310 1646 dat.
3350 1607 3371 1642 ι

1977 1783 2418 1853 Presbyterorum
2450 1793 2539 1834 aut
2563 1781 2914 1833 diaeonorum
2947 1793 3084 1846 opus
3118 1776 3350 1830 ministri
3383 1790 3470 1830 ec-

1910 1876 2086 1929 clesiae
2140 1877 2394 1944 perﬁcere
2447 1889 2548 1925 non
2605 1872 3002 1940 permittuntur.
3039 1869 3307 1936 Quocirca
3363 1884 3462 1924 nec

1908 1984 2103 2038 panem
2133 1969 2216 2022 vel
2250 1967 2473 2022 calicem
2506 1965 2702 2034 popqu
2745 1965 2966 2015 tradunt

2465 2053 2688 2109 CANON
2718 2052 2908 2109 XXVI.

1915 2167 1936 2203 ι
1977 2149 2126 2217 Quod
2159 2163 2251 2204 eos
2278 2147 2587 2204 exorcizare
2623 2162 2723 2201 non
2756 2153 2986 2215 oportet,
3019 2144 3106 2213 qui
3147 2142 3213 2196 ab
3244 2143 3456 2210 episco-

1989 2261 2009 2294 ι
2046 2241 2125 2307 [vis
2152 2241 2379 2309 promoti
2411 2255 2513 2293 non
2541 2247 2686 2302 sunt,
2717 2253 2887 2294 neaue
2914 2239 2963 2290 in
2986 2236 3250 2302 ecclesiis,
3285 2250 3462 2291 neque

1987 2353 2005 2384 ι
2042 2333 2093 2386 in
2128 2333 2351 2386 tedibus.
2397 2350 2416 2382 ι

1982 2424 2174 2478 BALS.
2210 2424 2429 2486 Quidam
2488 2421 2932 2489 aggrediebantnr
2977 2419 3307 2478 exorcizare,
3368 2417 3472 2470 hoc

1912 2527 2013 2570 est.
2042 2515 2377 2567 catechizare
2408 2511 2675 2573 infideles,
2706 2509 2794 2578 qui
2833 2510 2932 2561 boc
2984 2525 3078 2574 per
3108 2508 3464 2576 episcopalem

1914 2621 2164 2660 manuum
2213 2603 2606 2674 impositionem
2661 2616 2761 2654 non
2806 2608 3129 2670 acceperant
3182 2613 3198 2652 :
3246 2609 3298 2652 et
3345 2611 3483 2652 cum.

1890 2704 2314 2756 'accusarentur,
2347 2691 2741 2747 contendebant
2772 2707 2828 2744 sc
2861 2691 2960 2743 hoc
2992 2691 3043 2744 in
3074 2689 3296 2743 ecclesia
3363 2703 3472 2742 non

1913 2785 2128 2850 fecisse,
2159 2786 2249 2839 sed
2277 2785 2327 2837 in
2359 2784 2585 2853 quadam
2616 2783 2793 2850 domo;
2826 2791 2876 2836 et
2904 2783 3025 2836 ideo
3054 2796 3110 2835 se
3137 2781 3262 2834 nulli
3297 2795 3479 2848 postm-

1915 2878 2176 2932 obnnxios
2249 2876 2556 2930 conservari
2623 2890 2832 2944 aequum
2895 2871 3209 2926 censebant.
3274 2869 3468 2924 Dicunt

255 2970 410 3022 κονία
436 2971 574 3035 ἐστὶ,
603 2974 698 3025 καὶ
727 2974 786 3026 οὒ
808 2977 912 3045 χρή
939 2994 1062 3031 τινα
1095 2977 1301 3032 τούτων
1338 2979 1810 3050 μεταχειρίζεσθαι

1924 2985 2039 3034 ergo
2071 2968 2279 3031 Patres,
2304 2968 2440 3034 quod
2469 2968 2629 3019 etiam
2660 2965 2909 3036 adjnrare
2935 2973 3014 3018 est
3042 2961 3467 3018 ecclesiasticum

256 3061 608 3132 ὁπουδήποτε,
639 3066 685 3116 εί
713 3065 783 3134 μὴ
813 3068 962 3137 παρὰ
990 3069 1290 3122 ἐπισκόπου
1337 3070 1634 3140 προϐληθῇ.
1686 3071 1816 3123 ’Υπ-

257 3153 408 3217 έξελέ
432 3172 522 3223 μοι
570 3155 661 3210 τὸν
709 3158 856 3226 παρά
890 3162 1307 3229 χωρεπισκόπου
1366 3162 1815 3232 προχειρισθέντα

255 3247 601 3317 ἐφορκιστήν.
635 3251 740 3302 Καὶ
782 3246 936 3313 οὗτος
973 3253 1082 3324 γὰρ
1128 3254 1306 3316 καλῶς
1351 3257 1677 3324 κα-τηχήσει.
1707 3256 1814 3308 κᾶν

260 3339 334 3407 μὴ
360 3340 714 3412 προχειρισθῇ
743 3344 892 3412 παρὰ
921 3346 1245 3398 ἐπισκόπου.
1281 3345 1520 3414 Ἐμαθες
1575 3347 1683 3416 γὰρ
1709 3346 1815 3398 ἀπὸ

254 3428 352 3479 τοῦ
393 3435 423 3480 ι’
453 3430 676 3493 κανόνος
707 3435 805 3499 τῆς
850 3437 910 3485 ἐν
947 3435 1248 3506 Ἀντιοχείᾳ
1285 3437 1503 3489 συνόδου
1553 3438 1814 3492 δύνασθαι

255 3518 347 3572 τὸν
379 3520 793 3589 χωρεπίσκοπον
823 3525 994 3576 ποιεῖν
1025 3525 1119 3577 καὶ
1145 3527 1491 3603 ἐφορκιστήν.

326 3700 568 3755 ΖΩΝΑΡ.
601 3705 711 3756 Καὶ
761 3705 868 3773 μὴν
916 3706 1054 3769 μετὰ
1103 3707 1212 3759 τῶν
1250 3707 1424 3760 ἄλλων
1465 3709 1559 3761 καὶ⁸
1599 3711 1818 3780 ἐφορκι-

262 3792 390 3854 στὰς
418 3799 590 3848 ποιεῖν
614 3797 817 3850 δέδοται
845 3801 953 3860 τοῖς
976 3801 1410 3868 χωρεπισκόποις
1471 3803 1608 3854 κατὰ
1667 3801 1756 3854 τὸν
1786 3801 1816 3854 ι’

259 3886 456 3939 κανόνα
483 3890 580 3956 τῆς
605 3890 662 3939 ἐν
699 3890 990 3961 Ἀντιοχείᾳ
1009 3892 1244 3943 συνόδου.
1275 3891 1393 3955 Πῶς
1421 3888 1514 3945 03v
1568 3892 1806 3945 ἐνταῦθα

257 3975 404 4043 λέγει
443 3977 516 4047 μὴ
559 3980 868 4048 ἐφορκίζειν
893 3981 1017 4045 τοὺς
1052 3982 1123 4051 μὴ
1159 3982 1263 4034 ὑπὸ
1310 3983 1625 4036 ἐπισκόπων
1675 4001 1813 4052 προ-

256 4067 555 4137 αχθένταςς
587 4072 752 4122 Φασὶν
780 4071 874 4124 οὖν
901 4072 980 4124 ὅτι
1014 4073 1107 4125 καὶ
1141 4074 1190 4125 οἱ
1210 4073 1620 4144 χωρεπίσκοποι
1652 4074 1808 4139 τάξιν

257 4163 571 4215 ἐπισκόπων
603 4163 786 4233 ἔχουσι
824 4181 839 4195 ·
863 4164 943 4217 διὸ
974 4166 1068 4218 καὶ
1101 4163 1159 4217 ιδ’
1197 4161 1375 4219 κανὼν
1422 4166 1523 4236 τῆς
1568 4168 1624 4221 ἐν
1680 4166 1814 4220 Νεο-

256 4254 549 4324 καισαρεία
574 4255 790 4308 συνόδου
821 4255 930 4309 τῶν
961 4256 1271 4309 ἀποστόλων
1297 4255 1463 4309 τύπον
1494 4258 1641 4326 λέγει
1675 4257 1813 4326 πλη-

1916 3060 2291 3122 minislerium,
2327 3074 2422 3113 nec
2464 3067 2674 3126 oportet
2703 3056 3008 3124 quempiam
3061 3057 3163 3110 bne
3208 3054 3423 3124 aggredi
3454 3095 3470 3117 ,

1916 3151 2018 3206 nisi
2051 3151 2118 3204 ab
2139 3151 2386 3218 episcopo
2405 3157 2678 3218 promotus
2707 3147 2890 3202 fuerit.
2921 3145 3122 3213 Excipe
3157 3145 3283 3199 mihi
3312 3159 3474 3199 exor-

1913 3245 2123 3304 cistam,
2161 3242 2250 3311 qui
2287 3257 2315 3294 a
2347 3241 2732 3308 chorepiscopo
2783 3246 3086 3306 promotus.
3109 3236 3284 3289 fuerit.
3331 3235 3486 3287 Nam.

1912 3336 1958 3390 is
1994 3349 2204 3403 quoque
2232 3334 2451 3401 pulchre
2481 3331 2836 3386 cateebizabit
2861 3371 2874 3394 ,
2914 3328 3123 3384 etiamsi
3158 3344 3258 3381 non
3306 3326 3472 3381 fuerit

1912 3427 1978 3477 ab
2006 3424 2255 3491 episcopo
2284 3433 2581 3490 promotus.
2615 3425 2660 3474 Α
2690 3422 2900 3475 decimo
2930 3421 3074 3474 enim
3109 3433 3320 3473 canone
3349 3418 3462 3469 An-

1914 3517 2171 3571 tiochena:
2203 3514 2389 3584 synodi
2435 3512 2666 3567 didicisti
2714 3525 2872 3580 posse
2913 3511 3074 3585 etiam
3124 3507 3470 3578 chorepisco-

1911 3623 2036 3677 pum
2072 3607 2250 3661 facere
2277 3609 2621 3659 exorcistam.

1982 3698 2232 3754 ZONAB.
2270 3692 2529 3764 Equidem
2566 3711 2687 3750 cum
2741 3695 2860 3749 aliis
2904 3693 3199 3748 exorcistas
3255 3706 3468 3759 quoque

1914 3806 2100 3847 creare
2135 3789 2481 3843 Antiocheam:
2509 3787 2694 3858 synodi
2729 3800 2934 3839 canone
2971 3784 3035 3837 10
3063 3774 3464 3852 eborepisc0pis

1914 3880 2233 3951 permissum
2284 3889 2386 3933 est.
2422 3879 2559 3943 Quid
2606 3877 2676 3932 ita
2722 3877 2904 3946 igitur,
2939 3874 3026 3943 qui
3085 3874 3153 3927 ab
3199 3872 3468 3941 episcopis

1915 3973 2081 4030 creati
2128 3988 2234 4026 non
2284 3979 2427 4034 sunt,
2465 3974 2532 4024 ab
2557 3967 2898 4024 exorcizandi
2947 3979 3166 4020 munere
3200 3963 3472 4017 abstinuere

1917 4065 2004 4119 hic
2035 4079 2204 4120 canon
2237 4063 2424 4130 jubet?
2469 4060 2810 4131 Respondent
2833 4075 2984 4128 ergo,
3012 4056 3063 4110 in
3095 4057 3466 4126 episcoporum

1915 4173 2137 4212 munero
2159 4158 2570 4226 chorepiscOpos
2595 4167 2809 4224 quoque
2839 4156 3044 4205 censeri
3072 4167 3086 4207 :
3120 4165 3183 4201 ex
3212 4163 3314 4216 quo
3333 4143 3474 4199 Neo-

1915 4252 2221 4306 caesarinnte
2279 4250 2468 4320 synodi
2505 4264 2674 4302 canon
2708 4247 2797 4307 M.
2827 4245 3163 4312 septuaginta
3207 4240 3472 4308 apostolo-

259 4343 406 4411 ροῦν,
438 4347 530 4399 καὶ
555 4348 583 4399 ὁ
612 4346 659 4415 η’
689 4348 788 4416 τῆς
822 4349 879 4399 ἐν
919 4347 1220 4419 Ἀντιοχείᾳ
1256 4349 1471 4404 συνόδου
1494 4350 1672 4402 κανὼν
1718 4351 1810 4404 καὶ¹

1924 4361 2039 4417 rum
2068 4355 2245 4414 typum
2277 4358 2370 4397 eos
2397 4343 2470 4395 ait
2499 4341 2723 4402 referre;
2761 4349 2814 4391 et
2839 4338 3091 4406 paciticas
3115 4348 3324 4403 quoque
3353 4332 3467 4402 epi-

257 4438 534 4506 εἰρηνικὰς
555 4439 842 4503 ἐπιστολὰς
863 4439 1059 4493 διδόναι
1084 4441 1300 4511 ἐφίησιν
1317 4442 1520 4506 αὐτοῖς,
1552 4443 1686 4514 ὅπερ
1709 4445 1815 4497 τῶν

257 4529 567 4583 ἐπισκόπων
601 4531 766 4584 ἐστίν.
1274 4545 1281 4552 ’

255 4618 474 4672 ΛΡΙΣΤ.
509 4637 526 4670 ι
575 4620 688 4672 Οὐκ
717 4620 991 4690 ἐφορκίξει
1018 4622 1044 4673 ό
1075 4624 1147 4689 μὴ
1176 4619 1305 4690 παρ’
1337 4619 1636 4674 ἐπισκόπου
1671 4637 1808 4690 προ-

822 4731 839 4761 ι
885 4713 1168 4780 αγόμενος.
1216 4730 1234 4763 ι

328 4801 438 4853 Καὶ
479 4803 527 4853 οἱ
563 4805 908 4870 ἐφορκισταὶ,
938 4804 1117 4864 καθὼς
1143 4805 1236 4855 καὶ
1265 4805 1313 4856 οἱ
1333 4802 1514 4856 λοιποὶ
1553 4805 1648 4856 τοῦ
1681 4804 1816 4872 τάγ-

260 4907 445 4954 ματος,
478 4894 626 4960 παρὰ
657 4893 749 4944 τοῦ
783 4893 1078 4945 ἐπισκόπου
1117 4895 1366 4962 δέχονται
1394 4894 1496 4963 τὴν
1528 4893 1811 4962 προχείρι-

260 4999 362 5036 σιν.
410 4984 471 5034 Ὀ
502 4985 632 5050 γοῦν
657 4985 730 5054 μὴ
762 4986 1050 5055 προαχθεὶς
1083 4988 1166 5048 εἰς,
1207 4987 1296 5038 τὸν
1325 4986 1561 5038 τοιοῦτον
1606 4985 1811 5054 βαθμὸν

217 5108 224 5114 -
259 5075 406 5143 παρὰ
439 5077 734 5128 ἐπισκόπου
769 5077 1073 5148 ἐξορκίζει-ν
1127 5079 1186 5130 οὐ
1239 5078 1488 5141 δύναται,
1521 5076 1644 5129 οὔτε
1692 5079 1810 5130 κατ’

257 5166 456 5232 οἴκους,
489 5167 608 5219 οὔτε
633 5170 689 5222 ἐν
706 5172 771 5240 τῇ
795 5170 1077 5240 ἐκκλησίᾳ.

839 5261 1086 5314 ΚΑΝΩΝ
1113 5265 1234 5315 ΚΖ⁹.

263 5367 290 5400 ι
310 5351 432 5403 Ὅτι
464 5352 525 5403 οὐ
545 5353 625 5404 δεῖ
649 5353 952 5422 ἱερατικοὺς
978 5355 1008 5424 ἢ
1043 5356 1336 5425 κληρικοὺς
1362 5355 1394 5425 ἢ
1419 5356 1672 5416 ’λαῖκοὺς,
1707 5372 1809 5407 κα-

331 5461 351 5494 (
395 5445 692 5513 λουμένου-ς
719 5449 799 5508 είς
826 5447 1066 5514 ἀγάπην,
1102 5453 1240 5516 μέρη
1276 5449 1470 5515 αἴρειν,
1497 5447 1580 5499 δικ
1624 5448 1683 5497 τὸ
1713 5453 1809 5514 τὴν

330 5555 350 5588 ι
395 5534 638 5606 ὖϐριντῇ
675 5537 824 5600 τάξει
873 5538 1296 5608 προστρίϐεσθαι
1343 5542 1408 5608 τῇ
1469 5540 1740 5610 ἱερατικῇ.
1785 5559 1803 5591 ι

326 5629 522 5682 ΒΛΛΣ.
578 5629 809 5692 Ἀγάπαι
841 5629 1129 5683 καλοῦνται
1157 5629 1220 5683 τὶι
1247 5630 1394 5694 παρὰ
1452 5629 1809 5696 σιλοχρίστωι

1916 4438 2078 4493 stolas
2107 4437 2254 4501 dare,
2282 4437 2424 4504 quod
2450 4434 2823 4503 episcoporum
2852 4431 3122 4500 proprium
3154 4435 3252 4486 est,
3276 4437 3481 4480 octavo-

1915 4530 2259 4583 Antiochenaz
2284 4528 2468 4597 synodi
2498 4540 2701 4580 canone
2730 4525 3132 4593 permittuntur.

1915 4619 2142 4677 ARIST.
2188 4637 2207 4671 ι
2245 4617 2362 4674 Non
2391 4621 2664 4672 exorcizat
2689 4656 2703 4680 ,
2737 4614 2836 4670 nisi
2867 4613 2932 4668 ab
2963 4611 3218 4682 episcopo
3258 4617 3474 4679 promo-

2581 4727 2600 4759 ι
2643 4718 2746 4762 tus.
2785 4726 2804 4756 ι

1985 4805 2051 4859 Et
2096 4803 2375 4859 exorcistze
2420 4799 2870 4870 quemadmodum
2937 4812 3000 4851 ac
3067 4797 3154 4850 alii
3187 4811 3251 4850 ex
3283 4791 3476 4847 ordine

1915 4895 2230 4951 sacerdotali
2262 4895 2328 4948 ab
2366 4895 2618 4963 episcopo
2663 4891 2986 4962 deliguntur.
3029 4887 3126 4953 Qui
3177 4885 3354 4951 itaque
3401 4882 3466 4932 ad

1917 4991 2075 5044 talem
2106 4988 2328 5055 gradum
2378 5002 2470 5055 per
2503 4989 2815 5055 episcopum
2861 4999 2964 5038 nou
3013 4988 3394 5051 promovetur,_
3413 4981 3468 5024 et

1915 5080 2242 5135 exoreistam
2278 5094 2435 5146 agere
2465 5095 2572 5134 non
2599 5087 2796 5149 potest,
2841 5090 2939 5130 nec
2981 5071 3249 5144 privatim,
3283 5080 3382 5121 nec
3410 5065 3479 5118 in.

1914 5171 2160 5225 ecclesia.

2328 5258 2487 5331 465
2542 5255 2768 5312 CANON
2819 5252 3029 5307 XXVII.

1920 5376 1936 5404 ι
1971 5353 2118 5418 Quod
2146 5367 2248 5406 non
2285 5335 2494 5418 oportet
2523 5357 2794 5412 sacratos,
2837 5345 2918 5398 vel
2950 5342 3196 5405 clericos,
3240 5340 3320 5394 vel
3362 5339 3463 5392 lai-

1993 5462 2011 5493 ‹
2053 5459 2168 5499 cos.
2198 5441 2259 5493 ad
2287 5456 2482 5508 agapas
2512 5447 2755 5494 vocatos.
2776 5445 2963 5503 partes
2993 5433 3199 5497 toliere,
3227 5447 3291 5486 eo
3319 5430 3462 5500 quod

1990 5555 2007 5586 ι
2054 5535 2341 5602 ignominia
2385 5533 2627 5586 inuratur
2655 5528 2836 5583 oroiui'
2863 5526 3198 5581 sacerdotali.
3243 5542 3262 5576 ι

1983 5625 2172 5682 BALS.
2206 5627 2397 5693 Agapm
2446 5623 2688 5679 dicuntur
2733 5636 2850 5686 quzc
2899 5619 3029 5675 ﬁunt
3077 5633 3105 5672 a
3149 5609 3483 5672 Christianis»
