  <div class='ocr_page' id='page_1' title='image "/cluster/home/n/w/nwhite01/storage/ocr_20150623/137/hvd.32044073502536/738.png"; bbox 0 0 3958 6242; ppageno 0'>
   <div class='ocr_carea' id='block_1_1' title="bbox 201 341 338 404">
    <p class='ocr_par' dir='ltr' id='par_1_1' title="bbox 201 341 338 404">
     <span class='ocr_line' id='line_1_1' title="bbox 201 341 338 404; baseline 0 -1"><span class='ocrx_word' id='word_1_1' title='bbox 201 341 338 404; x_wconf 69' lang='grc' dir='ltr'><strong>ιεπ</strong></span> 
     </span>
    </p>
   </div>
   <div class='ocr_carea' id='block_1_2' title="bbox 1295 338 2300 407">
    <p class='ocr_par' dir='ltr' id='par_1_2' title="bbox 1295 338 2300 407">
     <span class='ocr_line' id='line_1_2' title="bbox 1295 338 2300 407; baseline 0.006 -6"><span class='ocrx_word' id='word_1_2' title='bbox 1295 338 1385 401; x_wconf 79' lang='lat' dir='ltr'><strong>TN</strong></span> <span class='ocrx_word' id='word_1_3' title='bbox 1418 338 1584 401; x_wconf 83' lang='lat' dir='ltr'><strong>CAN.</strong></span> <span class='ocrx_word' id='word_1_4' title='bbox 1611 340 1770 400; x_wconf 82' lang='lat' dir='ltr'><strong>XXX</strong></span> <span class='ocrx_word' id='word_1_5' title='bbox 1796 341 2013 403; x_wconf 83' lang='lat' dir='ltr'><strong>&#39;CONC.</strong></span> <span class='ocrx_word' id='word_1_6' title='bbox 2081 345 2300 407; x_wconf 79' lang='lat' dir='ltr'><strong>LAOD.</strong></span> 
     </span>
    </p>
   </div>
   <div class='ocr_carea' id='block_1_3' title="bbox 3299 319 3447 409">
    <p class='ocr_par' dir='ltr' id='par_1_3' title="bbox 3299 319 3447 409">
     <span class='ocr_line' id='line_1_3' title="bbox 3299 319 3447 409; baseline 0.007 -1"><span class='ocrx_word' id='word_1_7' title='bbox 3299 319 3447 409; x_wconf 65' lang='lat' dir='ltr'><strong>1m</strong></span> 
     </span>
    </p>
   </div>
   <div class='ocr_carea' id='block_1_4' title="bbox 199 445 1768 532">
    <p class='ocr_par' dir='ltr' id='par_1_4' title="bbox 199 445 1768 523">
     <span class='ocr_line' id='line_1_4' title="bbox 199 445 1768 523; baseline -0.002 -18"><span class='ocrx_word' id='word_1_8' title='bbox 199 456 258 505; x_wconf 71' lang='grc' dir='ltr'>ἓν</span> <span class='ocrx_word' id='word_1_9' title='bbox 289 452 365 523; x_wconf 83' lang='grc' dir='ltr'>τῷ</span> <span class='ocrx_word' id='word_1_10' title='bbox 395 450 659 519; x_wconf 74' lang='grc' dir='ltr'>Σαϐϐάτῳ</span> <span class='ocrx_word' id='word_1_11' title='bbox 693 448 934 518; x_wconf 77' lang='grc' dir='ltr'><strong>παντελῆ</strong></span> <span class='ocrx_word' id='word_1_12' title='bbox 962 445 1239 520; x_wconf 75' lang='grc' dir='ltr'>ἀπραξίαν</span> <span class='ocrx_word' id='word_1_13' title='bbox 1259 449 1582 521; x_wconf 78' lang='grc' dir='ltr'>ιὲργοχείρου</span> <span class='ocrx_word' id='word_1_14' title='bbox 1635 466 1768 502; x_wconf 85' lang='grc' dir='ltr'>παν-</span> 
     </span>
    </p>
   </div>
   <div class='ocr_carea' id='block_1_5' title="bbox 1874 445 3432 532">
    <p class='ocr_par' dir='ltr' id='par_1_5' title="bbox 1875 455 3432 532">
     <span class='ocr_line' id='line_1_5' title="bbox 1875 455 3432 532; baseline 0.004 -27"><span class='ocrx_word' id='word_1_15' title='bbox 1875 455 2021 508; x_wconf 87' lang='lat' dir='ltr'><strong>omni</strong></span> <span class='ocrx_word' id='word_1_16' title='bbox 2050 457 2263 524; x_wconf 91' lang='lat' dir='ltr'><strong>penitus</strong></span> <span class='ocrx_word' id='word_1_17' title='bbox 2293 473 2475 529; x_wconf 82' lang='lat' dir='ltr'><strong>opere,</strong></span> <span class='ocrx_word' id='word_1_18' title='bbox 2510 473 2670 532; x_wconf 84' lang='lat' dir='ltr'><strong>atque</strong></span> <span class='ocrx_word' id='word_1_19' title='bbox 2700 462 2832 517; x_wconf 71' lang='lat' dir='ltr'><strong>adeo</strong></span> <span class='ocrx_word' id='word_1_20' title='bbox 2864 464 3023 516; x_wconf 87' lang='lat' dir='ltr'><strong>etiam</strong></span> <span class='ocrx_word' id='word_1_21' title='bbox 3073 462 3138 513; x_wconf 87' lang='lat' dir='ltr'><strong>ab</strong></span> <span class='ocrx_word' id='word_1_22' title='bbox 3187 459 3316 528; x_wconf 79' lang='lat' dir='ltr'><strong>ipsis</strong></span> <span class='ocrx_word' id='word_1_23' title='bbox 3347 461 3432 512; x_wconf 85' lang='lat' dir='ltr'><strong>di-</strong></span> 
     </span>
    </p>
   </div>
   <div class='ocr_carea' id='block_1_6' title="bbox 198 540 1770 615">
    <p class='ocr_par' dir='ltr' id='par_1_6' title="bbox 198 540 1770 615">
     <span class='ocr_line' id='line_1_6' title="bbox 198 540 1770 615; baseline -0.001 -20"><span class='ocrx_word' id='word_1_24' title='bbox 198 547 292 607; x_wconf 67' lang='grc' dir='ltr'><strong>ἰὸς</strong></span> <span class='ocrx_word' id='word_1_25' title='bbox 340 540 507 615; x_wconf 72' lang='grc' dir='ltr'>εἶχον,</span> <span class='ocrx_word' id='word_1_26' title='bbox 549 545 642 594; x_wconf 75' lang='grc' dir='ltr'>καὶ</span> <span class='ocrx_word' id='word_1_27' title='bbox 689 541 868 593; x_wconf 76' lang='grc' dir='ltr'>αὐτῶν</span> <span class='ocrx_word' id='word_1_28' title='bbox 928 540 1036 593; x_wconf 88' lang='grc' dir='ltr'><strong>τῶν</strong></span> <span class='ocrx_word' id='word_1_29' title='bbox 1084 540 1248 593; x_wconf 80' lang='grc' dir='ltr'>θείων</span> <span class='ocrx_word' id='word_1_30' title='bbox 1297 541 1770 610; x_wconf 65' lang='grc' dir='ltr'>ψαλτῳδημάτων,</span> 
     </span>
    </p>
   </div>
   <div class='ocr_carea' id='block_1_7' title="bbox 201 633 1773 708">
    <p class='ocr_par' dir='ltr' id='par_1_7' title="bbox 201 633 1773 708">
     <span class='ocr_line' id='line_1_7' title="bbox 201 633 1773 708; baseline -0.004 -18"><span class='ocrx_word' id='word_1_31' title='bbox 201 638 336 708; x_wconf 72' lang='grc' dir='ltr'>ἰπερ</span> <span class='ocrx_word' id='word_1_32' title='bbox 373 639 469 704; x_wconf 76' lang='grc' dir='ltr'>τῆς</span> <span class='ocrx_word' id='word_1_33' title='bbox 508 634 802 703; x_wconf 72' lang='grc' dir='ltr'><strong>Ἰουδαϊκῆς</strong></span> <span class='ocrx_word' id='word_1_34' title='bbox 851 633 1148 701; x_wconf 73' lang='grc' dir='ltr'><strong>θρησκείας</strong></span> <span class='ocrx_word' id='word_1_35' title='bbox 1194 635 1354 702; x_wconf 77' lang='grc' dir='ltr'>ἔργον</span> <span class='ocrx_word' id='word_1_36' title='bbox 1405 635 1570 695; x_wconf 70' lang='grc' dir='ltr'>ἐστὶν,</span> <span class='ocrx_word' id='word_1_37' title='bbox 1615 635 1672 683; x_wconf 82' lang='grc' dir='ltr'>ὲν</span> <span class='ocrx_word' id='word_1_38' title='bbox 1715 633 1773 684; x_wconf 79' lang='grc' dir='ltr'>δὲ</span> 
     </span>
    </p>
   </div>
   <div class='ocr_carea' id='block_1_8' title="bbox 201 722 1772 795">
    <p class='ocr_par' dir='ltr' id='par_1_8' title="bbox 201 722 1772 795">
     <span class='ocr_line' id='line_1_8' title="bbox 201 722 1772 795; baseline -0.003 -17"><span class='ocrx_word' id='word_1_39' title='bbox 201 729 280 795; x_wconf 80' lang='grc' dir='ltr'>τῷ</span> <span class='ocrx_word' id='word_1_40' title='bbox 307 728 486 780; x_wconf 82' lang='grc' dir='ltr'><strong>κανόνι</strong></span> <span class='ocrx_word' id='word_1_41' title='bbox 534 724 729 794; x_wconf 82' lang='grc' dir='ltr'>ἐκείνῳ</span> <span class='ocrx_word' id='word_1_42' title='bbox 780 726 909 794; x_wconf 86' lang='grc' dir='ltr'>περί</span> <span class='ocrx_word' id='word_1_43' title='bbox 962 725 1124 794; x_wconf 84' lang='grc' dir='ltr'>μόνου</span> <span class='ocrx_word' id='word_1_44' title='bbox 1160 723 1254 776; x_wconf 74' lang='grc' dir='ltr'><strong>τοῦ</strong></span> <span class='ocrx_word' id='word_1_45' title='bbox 1303 722 1772 790; x_wconf 80' lang='grc' dir='ltr'><strong>ἀναγινώσκεσθαι</strong></span> 
     </span>
    </p>
   </div>
   <div class='ocr_carea' id='block_1_9' title="bbox 200 814 1775 886">
    <p class='ocr_par' dir='ltr' id='par_1_9' title="bbox 200 814 1775 886">
     <span class='ocr_line' id='line_1_9' title="bbox 200 814 1775 886; baseline -0.002 -17"><span class='ocrx_word' id='word_1_46' title='bbox 200 821 260 871; x_wconf 72' lang='grc' dir='ltr'>τὸ</span> <span class='ocrx_word' id='word_1_47' title='bbox 282 819 436 886; x_wconf 80' lang='grc' dir='ltr'>ἆγιον</span> <span class='ocrx_word' id='word_1_48' title='bbox 469 816 801 885; x_wconf 81' lang='grc' dir='ltr'>Εὑαγγὲλιον</span> <span class='ocrx_word' id='word_1_49' title='bbox 824 816 917 868; x_wconf 74' lang='grc' dir='ltr'>καὶ</span> <span class='ocrx_word' id='word_1_50' title='bbox 949 816 1048 878; x_wconf 85' lang='grc' dir='ltr'>τὰς</span> <span class='ocrx_word' id='word_1_51' title='bbox 1104 815 1249 876; x_wconf 82' lang='grc' dir='ltr'>θείας</span> <span class='ocrx_word' id='word_1_52' title='bbox 1272 814 1488 884; x_wconf 76' lang='grc' dir='ltr'>Γραφὰς</span> <span class='ocrx_word' id='word_1_53' title='bbox 1519 815 1569 865; x_wconf 77' lang='grc' dir='ltr'>οἱ</span> <span class='ocrx_word' id='word_1_54' title='bbox 1605 815 1775 866; x_wconf 83' lang='grc' dir='ltr'>Πατέ-</span> 
     </span>
    </p>
   </div>
   <div class='ocr_carea' id='block_1_10' title="bbox 204 904 1774 980">
    <p class='ocr_par' dir='ltr' id='par_1_10' title="bbox 204 904 1774 980">
     <span class='ocr_line' id='line_1_10' title="bbox 204 904 1774 980; baseline -0.001 -21"><span class='ocrx_word' id='word_1_55' title='bbox 204 925 295 976; x_wconf 86' lang='grc' dir='ltr'><strong>ρες</strong></span> <span class='ocrx_word' id='word_1_56' title='bbox 356 907 682 980; x_wconf 84' lang='grc' dir='ltr'>διωρίσαντο</span> <span class='ocrx_word' id='word_1_57' title='bbox 724 920 738 936; x_wconf 86' lang='grc'><strong><em>⁸</em></strong></span> <span class='ocrx_word' id='word_1_58' title='bbox 781 907 906 978; x_wconf 81' lang='grc' dir='ltr'>ἄρτι</span> <span class='ocrx_word' id='word_1_59' title='bbox 959 905 1428 976; x_wconf 78' lang='grc' dir='ltr'>παρακελεύονται</span> <span class='ocrx_word' id='word_1_60' title='bbox 1472 904 1549 974; x_wconf 84' lang='grc' dir='ltr'>μὴ</span> <span class='ocrx_word' id='word_1_61' title='bbox 1581 904 1774 974; x_wconf 79' lang='grc' dir='ltr'>σχολάο</span> 
     </span>
    </p>
   </div>
   <div class='ocr_carea' id='block_1_11' title="bbox 200 996 1772 1064">
    <p class='ocr_par' dir='ltr' id='par_1_11' title="bbox 200 996 1772 1064">
     <span class='ocr_line' id='line_1_11' title="bbox 200 996 1772 1064; baseline -0.003 -13"><span class='ocrx_word' id='word_1_62' title='bbox 200 1001 314 1062; x_wconf 78' lang='grc' dir='ltr'>ζειν</span> <span class='ocrx_word' id='word_1_63' title='bbox 341 1002 468 1061; x_wconf 71' lang='grc' dir='ltr'>τοὺς</span> <span class='ocrx_word' id='word_1_64' title='bbox 497 1000 726 1059; x_wconf 74' lang='grc' dir='ltr'>πιστοὺς</span> <span class='ocrx_word' id='word_1_65' title='bbox 745 999 887 1052; x_wconf 88' lang='grc' dir='ltr'><strong>κατά</strong></span> <span class='ocrx_word' id='word_1_66' title='bbox 924 1000 1213 1059; x_wconf 74' lang='grc' dir='ltr'><strong>Ἰουδαίους</strong></span> <span class='ocrx_word' id='word_1_67' title='bbox 1248 999 1355 1049; x_wconf 80' lang='grc' dir='ltr'>ἀπὸ</span> <span class='ocrx_word' id='word_1_68' title='bbox 1387 996 1494 1047; x_wconf 79' lang='grc' dir='ltr'>τῶν</span> <span class='ocrx_word' id='word_1_69' title='bbox 1524 996 1772 1064; x_wconf 76' lang='grc' dir='ltr'>ἑργοχεί-</span> 
     </span>
    </p>
   </div>
   <div class='ocr_carea' id='block_1_12' title="bbox 204 1077 1772 1163">
    <p class='ocr_par' dir='ltr' id='par_1_12' title="bbox 204 1077 1772 1163">
     <span class='ocr_line' id='line_1_12' title="bbox 204 1077 1772 1163; baseline -0.002 -20"><span class='ocrx_word' id='word_1_70' title='bbox 204 1110 313 1163; x_wconf 85' lang='grc' dir='ltr'><strong>ρων</strong></span> <span class='ocrx_word' id='word_1_71' title='bbox 342 1092 545 1156; x_wconf 76' lang='grc' dir='ltr'>αὐτῶν,</span> <span class='ocrx_word' id='word_1_72' title='bbox 578 1091 695 1144; x_wconf 76' lang='grc' dir='ltr'>ἀλλ’</span> <span class='ocrx_word' id='word_1_73' title='bbox 719 1094 775 1143; x_wconf 72' lang='grc' dir='ltr'>ἐν</span> <span class='ocrx_word' id='word_1_74' title='bbox 805 1091 882 1160; x_wconf 83' lang='grc' dir='ltr'><strong>τῷ</strong></span> <span class='ocrx_word' id='word_1_75' title='bbox 928 1091 1192 1160; x_wconf 81' lang='grc' dir='ltr'>Σαϐϐάτῳ</span> <span class='ocrx_word' id='word_1_76' title='bbox 1221 1077 1584 1157; x_wconf 55' lang='lat' dir='ltr'><strong>memon:</strong></span> <span class='ocrx_word' id='word_1_77' title='bbox 1603 1089 1772 1158; x_wconf 81' lang='grc' dir='ltr'>τιμᾷν</span> 
     </span>
    </p>
   </div>
   <div class='ocr_carea' id='block_1_13' title="bbox 198 1182 1768 1257">
    <p class='ocr_par' dir='ltr' id='par_1_13' title="bbox 198 1182 1768 1257">
     <span class='ocr_line' id='line_1_13' title="bbox 198 1182 1768 1257; baseline -0.004 -19"><span class='ocrx_word' id='word_1_78' title='bbox 198 1186 255 1239; x_wconf 75' lang='grc' dir='ltr'>δὲ</span> <span class='ocrx_word' id='word_1_79' title='bbox 314 1185 418 1255; x_wconf 84' lang='grc' dir='ltr'>τὴν</span> <span class='ocrx_word' id='word_1_80' title='bbox 470 1186 756 1257; x_wconf 78' lang='grc' dir='ltr'>Κυριακὴν</span> <span class='ocrx_word' id='word_1_81' title='bbox 799 1185 885 1238; x_wconf 78' lang='grc' dir='ltr'><strong>διὰ</strong></span> <span class='ocrx_word' id='word_1_82' title='bbox 919 1185 1016 1256; x_wconf 80' lang='grc' dir='ltr'>τὴν</span> <span class='ocrx_word' id='word_1_83' title='bbox 1042 1183 1133 1237; x_wconf 76' lang='grc' dir='ltr'>τοῦ</span> <span class='ocrx_word' id='word_1_84' title='bbox 1198 1185 1402 1252; x_wconf 81' lang='grc' dir='ltr'><strong>Κυρίου</strong></span> <span class='ocrx_word' id='word_1_85' title='bbox 1442 1182 1768 1234; x_wconf 73' lang='grc' dir='ltr'><strong>ἀνάστασιν·</strong></span> 
     </span>
    </p>
   </div>
   <div class='ocr_carea' id='block_1_14' title="bbox 201 1271 1804 1347">
    <p class='ocr_par' dir='ltr' id='par_1_14' title="bbox 201 1271 1804 1347">
     <span class='ocr_line' id='line_1_14' title="bbox 201 1271 1804 1347; baseline -0.001 -20"><span class='ocrx_word' id='word_1_86' title='bbox 201 1275 296 1328; x_wconf 79' lang='grc' dir='ltr'>καὶ</span> <span class='ocrx_word' id='word_1_87' title='bbox 341 1277 448 1327; x_wconf 86' lang='grc' dir='ltr'>τῶν</span> <span class='ocrx_word' id='word_1_88' title='bbox 486 1278 818 1347; x_wconf 85' lang='grc' dir='ltr'>ἐργοχείρων</span> <span class='ocrx_word' id='word_1_89' title='bbox 869 1275 967 1346; x_wconf 77' lang='grc' dir='ltr'>μὲν</span> <span class='ocrx_word' id='word_1_90' title='bbox 1020 1276 1343 1344; x_wconf 84' lang='grc' dir='ltr'>ἀπέχεσθαι,</span> <span class='ocrx_word' id='word_1_91' title='bbox 1388 1271 1804 1344; x_wconf 52' lang='grc' dir='ltr'>προσεδρεύειν</span> 
     </span>
    </p>
   </div>
   <div class='ocr_carea' id='block_1_15' title="bbox 203 1369 242 1383">
    <p class='ocr_par' dir='ltr' id='par_1_15' title="bbox 203 1369 242 1383">
     <span class='ocr_line' id='line_1_15' title="bbox 203 1369 242 1383; baseline -0.026 0"><span class='ocrx_word' id='word_1_92' title='bbox 203 1369 242 1383; x_wconf 60' lang='grc' dir='ltr'><strong>κε</strong></span> 
     </span>
    </p>
   </div>
   <div class='ocr_carea' id='block_1_16' title="bbox 199 1365 1769 1439">
    <p class='ocr_par' dir='ltr' id='par_1_16' title="bbox 199 1365 1769 1439">
     <span class='ocr_line' id='line_1_16' title="bbox 199 1365 1769 1439; baseline -0.002 -19"><span class='ocrx_word' id='word_1_93' title='bbox 199 1369 255 1420; x_wconf 78' lang='grc' dir='ltr'>δὲ</span> <span class='ocrx_word' id='word_1_94' title='bbox 289 1372 406 1431; x_wconf 87' lang='grc' dir='ltr'>ταῖς</span> <span class='ocrx_word' id='word_1_95' title='bbox 445 1371 796 1438; x_wconf 73' lang='grc' dir='ltr'><strong>ἐκκλησίαις.</strong></span> <span class='ocrx_word' id='word_1_96' title='bbox 835 1369 979 1439; x_wconf 78' lang='grc' dir='ltr'>Πλὴν</span> <span class='ocrx_word' id='word_1_97' title='bbox 1012 1371 1106 1422; x_wconf 72' lang='grc' dir='ltr'>καὶ</span> <span class='ocrx_word' id='word_1_98' title='bbox 1141 1369 1320 1430; x_wconf 80' lang='grc' dir='ltr'>τοῦτο,</span> <span class='ocrx_word' id='word_1_99' title='bbox 1355 1367 1558 1436; x_wconf 70' lang='grc' dir='ltr'>δηλιδὴ</span> <span class='ocrx_word' id='word_1_100' title='bbox 1603 1367 1662 1418; x_wconf 83' lang='grc' dir='ltr'>τὸ</span> <span class='ocrx_word' id='word_1_101' title='bbox 1695 1365 1769 1435; x_wconf 80' lang='grc' dir='ltr'>μὴ</span> 
     </span>
    </p>
   </div>
   <div class='ocr_carea' id='block_1_17' title="bbox 200 1461 1770 1532">
    <p class='ocr_par' dir='ltr' id='par_1_17' title="bbox 200 1461 1770 1532">
     <span class='ocr_line' id='line_1_17' title="bbox 200 1461 1770 1532; baseline -0.001 -21"><span class='ocrx_word' id='word_1_102' title='bbox 200 1461 536 1531; x_wconf 76' lang='grc' dir='ltr'>ἐργάζεσθαι</span> <span class='ocrx_word' id='word_1_103' title='bbox 568 1464 702 1532; x_wconf 79' lang='grc' dir='ltr'>μετὰ</span> <span class='ocrx_word' id='word_1_104' title='bbox 735 1467 832 1530; x_wconf 79' lang='grc' dir='ltr'><strong>την</strong></span> <span class='ocrx_word' id='word_1_105' title='bbox 881 1465 1250 1531; x_wconf 79' lang='grc' dir='ltr'>κυριὼνυμον,</span> <span class='ocrx_word' id='word_1_106' title='bbox 1293 1461 1392 1512; x_wconf 85' lang='grc' dir='ltr'><strong>ούκ</strong></span> <span class='ocrx_word' id='word_1_107' title='bbox 1435 1463 1770 1527; x_wconf 86' lang='grc' dir='ltr'>ἀναγκαστι-</span> 
     </span>
    </p>
   </div>
   <div class='ocr_carea' id='block_1_18' title="bbox 202 1550 1770 1624">
    <p class='ocr_par' dir='ltr' id='par_1_18' title="bbox 202 1550 1770 1624">
     <span class='ocr_line' id='line_1_18' title="bbox 202 1550 1770 1624; baseline -0.004 -18"><span class='ocrx_word' id='word_1_108' title='bbox 202 1554 313 1617; x_wconf 69' lang='lat' dir='ltr'><strong>mli;</strong></span> <span class='ocrx_word' id='word_1_109' title='bbox 343 1555 676 1624; x_wconf 76' lang='grc' dir='ltr'><strong>ἐπέτρεψαν,</strong></span> <span class='ocrx_word' id='word_1_110' title='bbox 699 1554 837 1606; x_wconf 87' lang='grc' dir='ltr'><strong>ἀλλά</strong></span> <span class='ocrx_word' id='word_1_111' title='bbox 867 1553 1216 1624; x_wconf 77' lang='grc' dir='ltr'>προσέθεντο,</span> <span class='ocrx_word' id='word_1_112' title='bbox 1257 1554 1377 1619; x_wconf 72' lang='grc' dir='ltr'>εἴγε</span> <span class='ocrx_word' id='word_1_113' title='bbox 1417 1552 1664 1605; x_wconf 78' lang='grc' dir='ltr'>δύναιντο</span> <span class='ocrx_word' id='word_1_114' title='bbox 1719 1550 1770 1601; x_wconf 79' lang='grc' dir='ltr'>οἱ</span> 
     </span>
    </p>
   </div>
   <div class='ocr_carea' id='block_1_19' title="bbox 201 1646 1768 1720">
    <p class='ocr_par' dir='ltr' id='par_1_19' title="bbox 201 1646 1768 1720">
     <span class='ocr_line' id='line_1_19' title="bbox 201 1646 1768 1720; baseline -0.005 -18"><span class='ocrx_word' id='word_1_115' title='bbox 201 1650 403 1705; x_wconf 78' lang='grc' dir='ltr'>πιστοί.</span> <span class='ocrx_word' id='word_1_116' title='bbox 434 1651 492 1703; x_wconf 74' lang='grc' dir='ltr'><strong>Εἰ</strong></span> <span class='ocrx_word' id='word_1_117' title='bbox 521 1651 631 1718; x_wconf 70' lang='grc' dir='ltr'><strong>γάρ</strong></span> <span class='ocrx_word' id='word_1_118' title='bbox 665 1651 722 1716; x_wconf 75' lang='grc' dir='ltr'><strong>ἐξ</strong></span> <span class='ocrx_word' id='word_1_119' title='bbox 768 1649 1001 1720; x_wconf 80' lang='grc' dir='ltr'>ἀπορίας</span> <span class='ocrx_word' id='word_1_120' title='bbox 1038 1649 1068 1717; x_wconf 87' lang='grc' dir='ltr'><strong>ῆ</strong></span> <span class='ocrx_word' id='word_1_121' title='bbox 1113 1647 1275 1716; x_wconf 81' lang='grc' dir='ltr'>ἄλλης</span> <span class='ocrx_word' id='word_1_122' title='bbox 1330 1646 1474 1709; x_wconf 78' lang='grc' dir='ltr'>τινὸς</span> <span class='ocrx_word' id='word_1_123' title='bbox 1523 1646 1768 1713; x_wconf 76' lang='grc' dir='ltr'><strong>ἀνάγκης</strong></span> 
     </span>
    </p>
   </div>
   <div class='ocr_carea' id='block_1_20' title="bbox 200 1736 1767 1807">
    <p class='ocr_par' dir='ltr' id='par_1_20' title="bbox 200 1736 1767 1807">
     <span class='ocr_line' id='line_1_20' title="bbox 200 1736 1767 1807; baseline -0.001 -17"><span class='ocrx_word' id='word_1_124' title='bbox 200 1742 296 1790; x_wconf 81' lang='grc' dir='ltr'>καὶ</span> <span class='ocrx_word' id='word_1_125' title='bbox 339 1739 485 1790; x_wconf 84' lang='grc' dir='ltr'><strong>κατά</strong></span> <span class='ocrx_word' id='word_1_126' title='bbox 519 1740 615 1807; x_wconf 71' lang='grc' dir='ltr'>τὴν</span> <span class='ocrx_word' id='word_1_127' title='bbox 642 1737 984 1807; x_wconf 84' lang='grc' dir='ltr'>κυριὼνυμον</span> <span class='ocrx_word' id='word_1_128' title='bbox 1010 1736 1311 1806; x_wconf 84' lang='grc' dir='ltr'>ἐργάσεταί</span> <span class='ocrx_word' id='word_1_129' title='bbox 1365 1755 1468 1801; x_wconf 87' lang='grc' dir='ltr'>τις,</span> <span class='ocrx_word' id='word_1_130' title='bbox 1525 1738 1586 1789; x_wconf 91' lang='grc' dir='ltr'><strong>ού</strong></span> <span class='ocrx_word' id='word_1_131' title='bbox 1639 1752 1767 1806; x_wconf 84' lang='grc' dir='ltr'>προ·</span> 
     </span>
    </p>
   </div>
   <div class='ocr_carea' id='block_1_21' title="bbox 201 1826 1764 1898">
    <p class='ocr_par' dir='ltr' id='par_1_21' title="bbox 201 1826 1764 1898">
     <span class='ocr_line' id='line_1_21' title="bbox 201 1826 1764 1898; baseline -0.003 -16"><span class='ocrx_word' id='word_1_132' title='bbox 201 1829 718 1898; x_wconf 67' lang='grc' dir='ltr'>κριματισθήσεται.</span> <span class='ocrx_word' id='word_1_133' title='bbox 746 1832 855 1882; x_wconf 72' lang='grc' dir='ltr'>Καὶ</span> <span class='ocrx_word' id='word_1_134' title='bbox 887 1832 913 1882; x_wconf 99' lang='lat'><strong>6</strong></span> <span class='ocrx_word' id='word_1_135' title='bbox 945 1830 1045 1895; x_wconf 83' lang='grc' dir='ltr'>μὲν</span> <span class='ocrx_word' id='word_1_136' title='bbox 1100 1828 1292 1897; x_wconf 83' lang='grc' dir='ltr'>παρὼν</span> <span class='ocrx_word' id='word_1_137' title='bbox 1347 1827 1528 1880; x_wconf 84' lang='grc' dir='ltr'>κανὼν</span> <span class='ocrx_word' id='word_1_138' title='bbox 1575 1826 1764 1879; x_wconf 80' lang='grc' dir='ltr'>ταῦτα.</span> 
     </span>
    </p>
   </div>
   <div class='ocr_carea' id='block_1_22' title="bbox 211 1917 1769 1993">
    <p class='ocr_par' dir='ltr' id='par_1_22' title="bbox 211 1917 1769 1993">
     <span class='ocr_line' id='line_1_22' title="bbox 211 1917 1769 1993; baseline -0.004 -17"><span class='ocrx_word' id='word_1_139' title='bbox 211 1923 273 1976; x_wconf 84' lang='lat' dir='ltr'><strong>&#39;H</strong></span> <span class='ocrx_word' id='word_1_140' title='bbox 323 1924 378 1976; x_wconf 86' lang='grc' dir='ltr'>δὲ</span> <span class='ocrx_word' id='word_1_141' title='bbox 408 1923 477 1974; x_wconf 82' lang='grc' dir='ltr'>νδ⁹</span> <span class='ocrx_word' id='word_1_142' title='bbox 527 1923 716 1993; x_wconf 78' lang='grc' dir='ltr'>Νεαρὰ</span> <span class='ocrx_word' id='word_1_143' title='bbox 762 1922 856 1975; x_wconf 85' lang='grc' dir='ltr'>τοῦ</span> <span class='ocrx_word' id='word_1_144' title='bbox 898 1923 1159 1992; x_wconf 80' lang='grc' dir='ltr'>βασιλέως</span> <span class='ocrx_word' id='word_1_145' title='bbox 1199 1921 1366 1990; x_wconf 84' lang='grc' dir='ltr'>κυροῦ</span> <span class='ocrx_word' id='word_1_146' title='bbox 1415 1920 1639 1981; x_wconf 79' lang='grc' dir='ltr'>Λέοντος</span> <span class='ocrx_word' id='word_1_147' title='bbox 1676 1917 1769 1971; x_wconf 81' lang='grc' dir='ltr'>τοῦ</span> 
     </span>
    </p>
   </div>
   <div class='ocr_carea' id='block_1_23' title="bbox 200 2011 1767 2085">
    <p class='ocr_par' dir='ltr' id='par_1_23' title="bbox 200 2011 1767 2085">
     <span class='ocr_line' id='line_1_23' title="bbox 200 2011 1767 2085; baseline -0.003 -16"><span class='ocrx_word' id='word_1_148' title='bbox 200 2017 372 2085; x_wconf 57' lang='grc' dir='ltr'><strong>ὣφοῦ</strong></span> <span class='ocrx_word' id='word_1_149' title='bbox 405 2020 497 2069; x_wconf 80' lang='grc' dir='ltr'>καὶ</span> <span class='ocrx_word' id='word_1_150' title='bbox 531 2016 726 2076; x_wconf 71' lang='grc' dir='ltr'>αὐτοὺς</span> <span class='ocrx_word' id='word_1_151' title='bbox 758 2018 885 2076; x_wconf 74' lang='grc' dir='ltr'>τοὺς</span> <span class='ocrx_word' id='word_1_152' title='bbox 919 2015 1199 2084; x_wconf 80' lang='grc' dir='ltr'>γεωργοὺς</span> <span class='ocrx_word' id='word_1_153' title='bbox 1234 2012 1527 2081; x_wconf 77' lang='grc' dir='ltr'>διορίζεται</span> <span class='ocrx_word' id='word_1_154' title='bbox 1577 2011 1767 2080; x_wconf 82' lang='grc' dir='ltr'>σχολά-</span> 
     </span>
    </p>
   </div>
   <div class='ocr_carea' id='block_1_24' title="bbox 199 2101 1769 2178">
    <p class='ocr_par' dir='ltr' id='par_1_24' title="bbox 199 2101 1769 2178">
     <span class='ocr_line' id='line_1_24' title="bbox 199 2101 1769 2178; baseline -0.003 -18"><span class='ocrx_word' id='word_1_155' title='bbox 199 2109 313 2171; x_wconf 79' lang='grc' dir='ltr'>ζειν</span> <span class='ocrx_word' id='word_1_156' title='bbox 336 2109 476 2160; x_wconf 86' lang='grc' dir='ltr'><strong>κατά</strong></span> <span class='ocrx_word' id='word_1_157' title='bbox 503 2111 600 2178; x_wconf 81' lang='grc' dir='ltr'>τὴν</span> <span class='ocrx_word' id='word_1_158' title='bbox 630 2107 995 2177; x_wconf 80' lang='grc' dir='ltr'>κυριώνυμον.</span> <span class='ocrx_word' id='word_1_159' title='bbox 1057 2103 1358 2172; x_wconf 77' lang='grc' dir='ltr'>’Δνάγνωθι</span> <span class='ocrx_word' id='word_1_160' title='bbox 1416 2104 1510 2156; x_wconf 82' lang='grc' dir='ltr'>καὶ</span> <span class='ocrx_word' id='word_1_161' title='bbox 1563 2102 1663 2171; x_wconf 76' lang='grc' dir='ltr'>τῆς</span> <span class='ocrx_word' id='word_1_162' title='bbox 1715 2101 1769 2166; x_wconf 87' lang='grc' dir='ltr'>ς’</span> 
     </span>
    </p>
   </div>
   <div class='ocr_carea' id='block_1_25' title="bbox 203 2195 792 2260">
    <p class='ocr_par' dir='ltr' id='par_1_25' title="bbox 203 2195 792 2260">
     <span class='ocr_line' id='line_1_25' title="bbox 203 2195 792 2260; baseline 0.002 -12"><span class='ocrx_word' id='word_1_163' title='bbox 203 2197 422 2249; x_wconf 77' lang='grc' dir='ltr'>συνόδου</span> <span class='ocrx_word' id='word_1_164' title='bbox 448 2198 650 2249; x_wconf 83' lang='grc' dir='ltr'>κανόνα</span> <span class='ocrx_word' id='word_1_165' title='bbox 683 2195 792 2260; x_wconf 76' lang='grc' dir='ltr'>ξς’.</span> 
     </span>
    </p>
   </div>
   <div class='ocr_carea' id='block_1_26' title="bbox 269 2283 1767 2355">
    <p class='ocr_par' dir='ltr' id='par_1_26' title="bbox 269 2283 1767 2355">
     <span class='ocr_line' id='line_1_26' title="bbox 269 2283 1767 2355; baseline -0.003 -13"><span class='ocrx_word' id='word_1_166' title='bbox 269 2289 678 2342; x_wconf 74' lang='grc' dir='ltr'><strong>ΖΩΝΑΡ.Ἰ“οῖ;</strong></span> <span class='ocrx_word' id='word_1_167' title='bbox 744 2285 1018 2348; x_wconf 80' lang='grc' dir='ltr'>Ἰουδαίοις</span> <span class='ocrx_word' id='word_1_168' title='bbox 1067 2287 1293 2355; x_wconf 80' lang='grc' dir='ltr'>τιμᾶται</span> <span class='ocrx_word' id='word_1_169' title='bbox 1350 2285 1411 2338; x_wconf 79' lang='grc' dir='ltr'>τὸ</span> <span class='ocrx_word' id='word_1_170' title='bbox 1469 2283 1767 2346; x_wconf 81' lang='grc' dir='ltr'>Σάϐϐατον.</span> 
     </span>
    </p>
   </div>
   <div class='ocr_carea' id='block_1_27' title="bbox 200 2377 1766 2452">
    <p class='ocr_par' dir='ltr' id='par_1_27' title="bbox 200 2377 1766 2452">
     <span class='ocr_line' id='line_1_27' title="bbox 200 2377 1766 2452; baseline -0.004 -16"><span class='ocrx_word' id='word_1_171' title='bbox 200 2382 470 2452; x_wconf 71' lang='grc' dir='ltr'>ἀπραξίαν</span> <span class='ocrx_word' id='word_1_172' title='bbox 495 2380 714 2448; x_wconf 82' lang='grc' dir='ltr'>ἄγουσιν</span> <span class='ocrx_word' id='word_1_173' title='bbox 748 2383 809 2430; x_wconf 79' lang='grc' dir='ltr'>ὲκ</span> <span class='ocrx_word' id='word_1_174' title='bbox 845 2378 953 2430; x_wconf 81' lang='grc' dir='ltr'>τῶν</span> <span class='ocrx_word' id='word_1_175' title='bbox 1005 2379 1182 2448; x_wconf 75' lang='grc' dir='ltr'>ἔργων</span> <span class='ocrx_word' id='word_1_176' title='bbox 1241 2377 1443 2442; x_wconf 82' lang='grc' dir='ltr'>αὐτῶν,</span> <span class='ocrx_word' id='word_1_177' title='bbox 1507 2377 1602 2429; x_wconf 77' lang='grc' dir='ltr'>τοῦ</span> <span class='ocrx_word' id='word_1_178' title='bbox 1653 2395 1766 2430; x_wconf 85' lang='grc' dir='ltr'>πα-</span> 
     </span>
    </p>
   </div>
   <div class='ocr_carea' id='block_1_28' title="bbox 197 2469 1761 2542">
    <p class='ocr_par' dir='ltr' id='par_1_28' title="bbox 197 2469 1761 2542">
     <span class='ocr_line' id='line_1_28' title="bbox 197 2469 1761 2542; baseline -0.003 -16"><span class='ocrx_word' id='word_1_179' title='bbox 197 2474 352 2529; x_wconf 80' lang='grc' dir='ltr'>λαιοῦ</span> <span class='ocrx_word' id='word_1_180' title='bbox 382 2474 544 2542; x_wconf 86' lang='grc' dir='ltr'>νόμου</span> <span class='ocrx_word' id='word_1_181' title='bbox 576 2472 734 2524; x_wconf 82' lang='grc' dir='ltr'>τοῦτο</span> <span class='ocrx_word' id='word_1_182' title='bbox 761 2472 943 2529; x_wconf 78' lang='grc' dir='ltr'>αὐτοῖς</span> <span class='ocrx_word' id='word_1_183' title='bbox 971 2470 1359 2531; x_wconf 74' lang='grc' dir='ltr'>ἐπιτάσσοντος</span> <span class='ocrx_word' id='word_1_184' title='bbox 1388 2485 1400 2498; x_wconf 78' lang='grc'><strong>⁸</strong></span> <span class='ocrx_word' id='word_1_185' title='bbox 1428 2473 1539 2532; x_wconf 82' lang='grc' dir='ltr'>τοῖς</span> <span class='ocrx_word' id='word_1_186' title='bbox 1580 2469 1637 2521; x_wconf 84' lang='grc' dir='ltr'>δὲ</span> <span class='ocrx_word' id='word_1_187' title='bbox 1667 2470 1761 2522; x_wconf 70' lang='grc' dir='ltr'>τὸν</span> 
     </span>
    </p>
   </div>
   <div class='ocr_carea' id='block_1_29' title="bbox 199 2561 1768 2634">
    <p class='ocr_par' dir='ltr' id='par_1_29' title="bbox 199 2561 1768 2634">
     <span class='ocr_line' id='line_1_29' title="bbox 199 2561 1768 2634; baseline -0.004 -16"><span class='ocrx_word' id='word_1_188' title='bbox 199 2567 556 2634; x_wconf 71' lang='grc' dir='ltr'>εύαγγελικὸν</span> <span class='ocrx_word' id='word_1_189' title='bbox 613 2564 772 2632; x_wconf 82' lang='grc' dir='ltr'>νόμον</span> <span class='ocrx_word' id='word_1_190' title='bbox 800 2562 1115 2631; x_wconf 78' lang='grc' dir='ltr'>δεξαμένοις</span> <span class='ocrx_word' id='word_1_191' title='bbox 1156 2565 1246 2614; x_wconf 71' lang='grc' dir='ltr'><strong>τὸν</strong></span> <span class='ocrx_word' id='word_1_192' title='bbox 1292 2561 1621 2632; x_wconf 78' lang='grc' dir='ltr'>τελεώτερον</span> <span class='ocrx_word' id='word_1_193' title='bbox 1669 2569 1768 2629; x_wconf 72' lang='grc' dir='ltr'>’τη-ι</span> 
     </span>
    </p>
   </div>
   <div class='ocr_carea' id='block_1_30' title="bbox 203 2652 1769 2724">
    <p class='ocr_par' dir='ltr' id='par_1_30' title="bbox 203 2652 1769 2724">
     <span class='ocr_line' id='line_1_30' title="bbox 203 2652 1769 2724; baseline -0.003 -18"><span class='ocrx_word' id='word_1_194' title='bbox 203 2659 312 2724; x_wconf 87' lang='grc' dir='ltr'>ρεῖν</span> <span class='ocrx_word' id='word_1_195' title='bbox 340 2655 410 2706; x_wconf 85' lang='grc' dir='ltr'>τὰ</span> <span class='ocrx_word' id='word_1_196' title='bbox 439 2653 532 2706; x_wconf 81' lang='grc' dir='ltr'>τοῦ</span> <span class='ocrx_word' id='word_1_197' title='bbox 577 2653 802 2714; x_wconf 87' lang='grc' dir='ltr'>ἀτελους</span> <span class='ocrx_word' id='word_1_198' title='bbox 847 2653 1279 2720; x_wconf 80' lang='grc' dir='ltr'>ἀποτέτραπται.</span> <span class='ocrx_word' id='word_1_199' title='bbox 1333 2653 1424 2703; x_wconf 79' lang='grc' dir='ltr'><strong>Διὸ</strong></span> <span class='ocrx_word' id='word_1_200' title='bbox 1468 2657 1560 2704; x_wconf 79' lang='grc' dir='ltr'>καὶ</span> <span class='ocrx_word' id='word_1_201' title='bbox 1601 2652 1659 2704; x_wconf 76' lang='grc' dir='ltr'>τὸ</span> <span class='ocrx_word' id='word_1_202' title='bbox 1711 2655 1769 2703; x_wconf 83' lang='grc' dir='ltr'>ὲν</span> 
     </span>
    </p>
   </div>
   <div class='ocr_carea' id='block_1_31' title="bbox 200 2743 1765 2815">
    <p class='ocr_par' dir='ltr' id='par_1_31' title="bbox 200 2743 1765 2815">
     <span class='ocr_line' id='line_1_31' title="bbox 200 2743 1765 2815; baseline -0.002 -18"><span class='ocrx_word' id='word_1_203' title='bbox 200 2745 464 2815; x_wconf 85' lang='grc' dir='ltr'>Σαϐϐάτῳ</span> <span class='ocrx_word' id='word_1_204' title='bbox 490 2745 679 2814; x_wconf 86' lang='grc' dir='ltr'>ἀργεῖν</span> <span class='ocrx_word' id='word_1_205' title='bbox 725 2745 835 2805; x_wconf 89' lang='grc' dir='ltr'>τοῖς</span> <span class='ocrx_word' id='word_1_206' title='bbox 894 2745 1105 2805; x_wconf 82' lang='grc' dir='ltr'>πιστοῖς</span> <span class='ocrx_word' id='word_1_207' title='bbox 1136 2743 1209 2804; x_wconf 81' lang='grc' dir='ltr'><strong>ὡς</strong></span> <span class='ocrx_word' id='word_1_208' title='bbox 1235 2744 1524 2796; x_wconf 79' lang='grc' dir='ltr'>Ἰουδαϊκὸν</span> <span class='ocrx_word' id='word_1_209' title='bbox 1554 2743 1765 2812; x_wconf 83' lang='grc' dir='ltr'>ἀπηγό-</span> 
     </span>
    </p>
   </div>
   <div class='ocr_carea' id='block_1_32' title="bbox 201 2833 1766 2908">
    <p class='ocr_par' dir='ltr' id='par_1_32' title="bbox 201 2833 1766 2908">
     <span class='ocr_line' id='line_1_32' title="bbox 201 2833 1766 2908; baseline -0.002 -19"><span class='ocrx_word' id='word_1_210' title='bbox 201 2844 412 2908; x_wconf 78' lang='grc' dir='ltr'>ρευται,</span> <span class='ocrx_word' id='word_1_211' title='bbox 469 2838 564 2889; x_wconf 81' lang='grc' dir='ltr'>καὶ</span> <span class='ocrx_word' id='word_1_212' title='bbox 620 2839 731 2899; x_wconf 82' lang='grc' dir='ltr'>τοῖς</span> <span class='ocrx_word' id='word_1_213' title='bbox 787 2833 1169 2898; x_wconf 77' lang='grc' dir='ltr'>Ἰουδαῖζουσιν</span> <span class='ocrx_word' id='word_1_214' title='bbox 1209 2835 1461 2903; x_wconf 82' lang='grc' dir='ltr'>ἀνάθεμα</span> <span class='ocrx_word' id='word_1_215' title='bbox 1510 2836 1538 2887; x_wconf 90' lang='lat'><strong>6</strong></span> <span class='ocrx_word' id='word_1_216' title='bbox 1581 2834 1766 2888; x_wconf 62' lang='grc' dir='ltr'>κανὼν</span> 
     </span>
    </p>
   </div>
   <div class='ocr_carea' id='block_1_33' title="bbox 198 2926 1768 2998">
    <p class='ocr_par' dir='ltr' id='par_1_33' title="bbox 198 2926 1768 2998">
     <span class='ocr_line' id='line_1_33' title="bbox 198 2926 1768 2998; baseline -0.003 -16"><span class='ocrx_word' id='word_1_217' title='bbox 198 2929 588 2998; x_wconf 68' lang='grc' dir='ltr'>ἐπιψηφίζεται</span> <span class='ocrx_word' id='word_1_218' title='bbox 632 2931 688 2980; x_wconf 85' lang='grc' dir='ltr'>ὲν</span> <span class='ocrx_word' id='word_1_219' title='bbox 719 2926 962 2997; x_wconf 80' lang='grc' dir='ltr'>Χριστῷ,</span> <span class='ocrx_word' id='word_1_220' title='bbox 1017 2926 1265 2979; x_wconf 81' lang='grc' dir='ltr'>τουτέστι</span> <span class='ocrx_word' id='word_1_221' title='bbox 1324 2931 1768 2997; x_wconf 83' lang='grc' dir='ltr'>κεχωρισμένους</span> 
     </span>
    </p>
   </div>
   <div class='ocr_carea' id='block_1_34' title="bbox 197 3017 1766 3092">
    <p class='ocr_par' dir='ltr' id='par_1_34' title="bbox 197 3017 1766 3092">
     <span class='ocr_line' id='line_1_34' title="bbox 197 3017 1766 3092; baseline -0.002 -20"><span class='ocrx_word' id='word_1_222' title='bbox 197 3017 340 3072; x_wconf 83' lang='grc' dir='ltr'>εἷναι</span> <span class='ocrx_word' id='word_1_223' title='bbox 370 3021 464 3073; x_wconf 83' lang='grc' dir='ltr'>καὶ</span> <span class='ocrx_word' id='word_1_224' title='bbox 488 3022 962 3092; x_wconf 80' lang='grc' dir='ltr'>ἀποδιῃρημένους</span> <span class='ocrx_word' id='word_1_225' title='bbox 1012 3017 1106 3071; x_wconf 81' lang='grc' dir='ltr'>τοῦ</span> <span class='ocrx_word' id='word_1_226' title='bbox 1157 3017 1418 3088; x_wconf 76' lang='grc' dir='ltr'>Χριστοῦ,</span> <span class='ocrx_word' id='word_1_227' title='bbox 1483 3019 1672 3088; x_wconf 88' lang='grc' dir='ltr'>ἀργεῖν</span> <span class='ocrx_word' id='word_1_228' title='bbox 1721 3018 1766 3069; x_wconf 92' lang='grc' dir='ltr'>δ’</span> 
     </span>
    </p>
   </div>
   <div class='ocr_carea' id='block_1_35' title="bbox 1873 546 3434 622">
    <p class='ocr_par' dir='ltr' id='par_1_35' title="bbox 1873 546 3434 622">
     <span class='ocr_line' id='line_1_35' title="bbox 1873 546 3434 622; baseline 0.004 -25"><span class='ocrx_word' id='word_1_229' title='bbox 1873 546 2014 599; x_wconf 81' lang='lat' dir='ltr'>vinis</span> <span class='ocrx_word' id='word_1_230' title='bbox 2051 550 2299 613; x_wconf 89' lang='lat' dir='ltr'><strong>canticis,</strong></span> <span class='ocrx_word' id='word_1_231' title='bbox 2343 556 2564 608; x_wconf 84' lang='lat' dir='ltr'><strong>omnino</strong></span> <span class='ocrx_word' id='word_1_232' title='bbox 2593 559 2898 612; x_wconf 71' lang='lat' dir='ltr'><strong>cessabant.</strong></span> <span class='ocrx_word' id='word_1_233' title='bbox 2927 553 3071 622; x_wconf 87' lang='lat' dir='ltr'><strong>quod</strong></span> <span class='ocrx_word' id='word_1_234' title='bbox 3100 564 3172 606; x_wconf 89' lang='lat' dir='ltr'><strong>est</strong></span> <span class='ocrx_word' id='word_1_235' title='bbox 3199 551 3434 606; x_wconf 76' lang='lat' dir='ltr'><strong>.ludaica:</strong></span> 
     </span>
    </p>
   </div>
   <div class='ocr_carea' id='block_1_36' title="bbox 1874 642 3436 711">
    <p class='ocr_par' dir='ltr' id='par_1_36' title="bbox 1874 642 3436 711">
     <span class='ocr_line' id='line_1_36' title="bbox 1874 642 3436 711; baseline 0.004 -22"><span class='ocrx_word' id='word_1_236' title='bbox 1874 642 2274 705; x_wconf 73' lang='lat' dir='ltr'><strong>superstitionis</strong></span> <span class='ocrx_word' id='word_1_237' title='bbox 2310 661 2466 711; x_wconf 83' lang='lat' dir='ltr'><strong>opus,</strong></span> <span class='ocrx_word' id='word_1_238' title='bbox 2493 645 2546 699; x_wconf 92' lang='lat' dir='ltr'><strong>in</strong></span> <span class='ocrx_word' id='word_1_239' title='bbox 2578 645 2680 698; x_wconf 88' lang='lat' dir='ltr'><strong>illo</strong></span> <span class='ocrx_word' id='word_1_240' title='bbox 2701 655 2878 700; x_wconf 89' lang='lat' dir='ltr'><strong>autem</strong></span> <span class='ocrx_word' id='word_1_241' title='bbox 2923 660 3150 706; x_wconf 88' lang='lat' dir='ltr'><strong>canone,</strong></span> <span class='ocrx_word' id='word_1_242' title='bbox 3178 645 3348 698; x_wconf 91' lang='lat' dir='ltr'><strong>solum</strong></span> <span class='ocrx_word' id='word_1_243' title='bbox 3379 653 3436 695; x_wconf 90' lang='lat' dir='ltr'><strong>ut</strong></span> 
     </span>
    </p>
   </div>
   <div class='ocr_carea' id='block_1_37' title="bbox 1861 725 3433 804">
    <p class='ocr_par' dir='ltr' id='par_1_37' title="bbox 1861 725 3433 804">
     <span class='ocr_line' id='line_1_37' title="bbox 1861 725 3433 804; baseline 0.008 -27"><span class='ocrx_word' id='word_1_244' title='bbox 1861 725 2082 801; x_wconf 61' lang='lat' dir='ltr'><strong>.legatttr</strong></span> <span class='ocrx_word' id='word_1_245' title='bbox 2134 729 2477 800; x_wconf 75' lang='lat' dir='ltr'><strong>Evangeliutn</strong></span> <span class='ocrx_word' id='word_1_246' title='bbox 2529 745 2586 788; x_wconf 88' lang='lat' dir='ltr'><strong>et</strong></span> <span class='ocrx_word' id='word_1_247' title='bbox 2638 736 2833 788; x_wconf 79' lang='lat' dir='ltr'><strong>diviuze</strong></span> <span class='ocrx_word' id='word_1_248' title='bbox 2877 735 3212 804; x_wconf 71' lang='lat' dir='ltr'><strong>Scriptum,</strong></span> <span class='ocrx_word' id='word_1_249' title='bbox 3250 733 3433 789; x_wconf 80' lang='lat' dir='ltr'><strong>Patres</strong></span> 
     </span>
    </p>
   </div>
   <div class='ocr_carea' id='block_1_38' title="bbox 1872 820 3434 895">
    <p class='ocr_par' dir='ltr' id='par_1_38' title="bbox 1872 820 3434 895">
     <span class='ocr_line' id='line_1_38' title="bbox 1872 820 3434 895; baseline 0.005 -24"><span class='ocrx_word' id='word_1_250' title='bbox 1872 820 2266 874; x_wconf 85' lang='lat' dir='ltr'><strong>constituerunt</strong></span> <span class='ocrx_word' id='word_1_251' title='bbox 2290 842 2303 876; x_wconf 94' lang='lat'><strong>:</strong></span> <span class='ocrx_word' id='word_1_252' title='bbox 2337 840 2476 879; x_wconf 89' lang='lat' dir='ltr'><strong>nunc</strong></span> <span class='ocrx_word' id='word_1_253' title='bbox 2497 826 2707 895; x_wconf 86' lang='lat' dir='ltr'><strong>jubent,</strong></span> <span class='ocrx_word' id='word_1_254' title='bbox 2734 842 2800 880; x_wconf 85' lang='lat' dir='ltr'><strong>ne</strong></span> <span class='ocrx_word' id='word_1_255' title='bbox 2820 827 3058 880; x_wconf 89' lang='lat' dir='ltr'><strong>otientnr</strong></span> <span class='ocrx_word' id='word_1_256' title='bbox 3085 827 3264 879; x_wconf 81' lang='lat' dir='ltr'><strong>ﬁdeles</strong></span> <span class='ocrx_word' id='word_1_257' title='bbox 3288 841 3434 879; x_wconf 82' lang='lat' dir='ltr'><strong>more</strong></span> 
     </span>
    </p>
   </div>
   <div class='ocr_carea' id='block_1_39' title="bbox 1869 905 3429 992">
    <p class='ocr_par' dir='ltr' id='par_1_39' title="bbox 1869 905 3429 992">
     <span class='ocr_line' id='line_1_39' title="bbox 1869 905 3429 992; baseline 0.004 -33"><span class='ocrx_word' id='word_1_258' title='bbox 1869 905 2181 962; x_wconf 70' lang='lat' dir='ltr'><strong>.ludzeorum</strong></span> <span class='ocrx_word' id='word_1_259' title='bbox 2213 927 2239 962; x_wconf 86' lang='lat' dir='ltr'><strong>a</strong></span> <span class='ocrx_word' id='word_1_260' title='bbox 2271 914 2384 967; x_wconf 85' lang='lat' dir='ltr'><strong>suis</strong></span> <span class='ocrx_word' id='word_1_261' title='bbox 2420 916 2693 980; x_wconf 84' lang='lat' dir='ltr'><strong>operibus,</strong></span> <span class='ocrx_word' id='word_1_262' title='bbox 2727 916 2819 992; x_wconf 67' lang='lat' dir='ltr'><strong>sed</strong></span> <span class='ocrx_word' id='word_1_263' title='bbox 2855 918 2904 969; x_wconf 89' lang='lat' dir='ltr'><strong>in</strong></span> <span class='ocrx_word' id='word_1_264' title='bbox 2941 915 3181 970; x_wconf 86' lang='lat' dir='ltr'><strong>Sabbato</strong></span> <span class='ocrx_word' id='word_1_265' title='bbox 3215 917 3429 985; x_wconf 90' lang='lat' dir='ltr'><strong>quidem</strong></span> 
     </span>
    </p>
   </div>
   <div class='ocr_carea' id='block_1_40' title="bbox 1871 1000 3439 1073">
    <p class='ocr_par' dir='ltr' id='par_1_40' title="bbox 1871 1000 3439 1073">
     <span class='ocr_line' id='line_1_40' title="bbox 1871 1000 3439 1073; baseline 0.008 -28"><span class='ocrx_word' id='word_1_266' title='bbox 1871 1008 2183 1061; x_wconf 80' lang='lat' dir='ltr'><strong>operentur,</strong></span> <span class='ocrx_word' id='word_1_267' title='bbox 2239 1000 2574 1057; x_wconf 88' lang='lat' dir='ltr'><strong>Duminicum</strong></span> <span class='ocrx_word' id='word_1_268' title='bbox 2627 1014 2803 1057; x_wconf 90' lang='lat' dir='ltr'><strong>autem</strong></span> <span class='ocrx_word' id='word_1_269' title='bbox 2863 1004 3169 1067; x_wconf 86' lang='lat' dir='ltr'><strong>honorent,</strong></span> <span class='ocrx_word' id='word_1_270' title='bbox 3221 1013 3439 1073; x_wconf 85' lang='lat' dir='ltr'><strong>propter</strong></span> 
     </span>
    </p>
   </div>
   <div class='ocr_carea' id='block_1_41' title="bbox 1871 1087 3439 1164">
    <p class='ocr_par' dir='ltr' id='par_1_41' title="bbox 1871 1087 3439 1164">
     <span class='ocr_line' id='line_1_41' title="bbox 1871 1087 3439 1164; baseline 0.004 -23"><span class='ocrx_word' id='word_1_271' title='bbox 1871 1087 2035 1159; x_wconf 69' lang='lat'><strong>466</strong></span> <span class='ocrx_word' id='word_1_272' title='bbox 2065 1089 2274 1146; x_wconf 90' lang='lat' dir='ltr'><strong>Domini</strong></span> <span class='ocrx_word' id='word_1_273' title='bbox 2311 1097 2802 1160; x_wconf 84' lang='lat' dir='ltr'><strong>resurrectionem;</strong></span> <span class='ocrx_word' id='word_1_274' title='bbox 2841 1106 2894 1149; x_wconf 89' lang='lat' dir='ltr'><strong>et</strong></span> <span class='ocrx_word' id='word_1_275' title='bbox 2941 1111 2970 1149; x_wconf 88' lang='lat' dir='ltr'><strong>a</strong></span> <span class='ocrx_word' id='word_1_276' title='bbox 3020 1112 3273 1150; x_wconf 83' lang='lat' dir='ltr'><strong>manuum</strong></span> <span class='ocrx_word' id='word_1_277' title='bbox 3316 1094 3439 1164; x_wconf 53' lang='lat' dir='ltr'><strong>qna.</strong></span> 
     </span>
    </p>
   </div>
   <div class='ocr_carea' id='block_1_42' title="bbox 1871 1164 3436 1250">
    <p class='ocr_par' dir='ltr' id='par_1_42' title="bbox 1871 1164 3436 1250">
     <span class='ocr_line' id='line_1_42' title="bbox 1871 1164 3436 1250; baseline 0.008 -20"><span class='ocrx_word' id='word_1_278' title='bbox 1871 1184 1992 1232; x_wconf 87' lang='lat' dir='ltr'><strong>dem</strong></span> <span class='ocrx_word' id='word_1_279' title='bbox 2027 1183 2280 1248; x_wconf 77' lang='lat' dir='ltr'><strong>cperibus</strong></span> <span class='ocrx_word' id='word_1_280' title='bbox 2309 1164 2637 1250; x_wconf 58' lang='lat' dir='ltr'><strong>abstineant,</strong></span> <span class='ocrx_word' id='word_1_281' title='bbox 2667 1187 2910 1242; x_wconf 82' lang='lat' dir='ltr'><strong>ecclesiis</strong></span> <span class='ocrx_word' id='word_1_282' title='bbox 2941 1201 3117 1242; x_wconf 87' lang='lat' dir='ltr'><strong>autem</strong></span> <span class='ocrx_word' id='word_1_283' title='bbox 3141 1189 3436 1242; x_wconf 76' lang='lat' dir='ltr'><strong>assideant.</strong></span> 
     </span>
    </p>
   </div>
   <div class='ocr_carea' id='block_1_43' title="bbox 1873 1271 3434 1350">
    <p class='ocr_par' dir='ltr' id='par_1_43' title="bbox 1873 1271 3434 1350">
     <span class='ocr_line' id='line_1_43' title="bbox 1873 1271 3434 1350; baseline 0.005 -25"><span class='ocrx_word' id='word_1_284' title='bbox 1873 1271 1976 1326; x_wconf 87' lang='lat' dir='ltr'><strong>Sed</strong></span> <span class='ocrx_word' id='word_1_285' title='bbox 2012 1283 2061 1326; x_wconf 88' lang='lat' dir='ltr'><strong>et</strong></span> <span class='ocrx_word' id='word_1_286' title='bbox 2097 1274 2214 1339; x_wconf 82' lang='lat' dir='ltr'><strong>hoc,</strong></span> <span class='ocrx_word' id='word_1_287' title='bbox 2249 1277 2452 1332; x_wconf 89' lang='lat' dir='ltr'><strong>scilicet</strong></span> <span class='ocrx_word' id='word_1_288' title='bbox 2484 1279 2571 1331; x_wconf 88' lang='lat' dir='ltr'><strong>die</strong></span> <span class='ocrx_word' id='word_1_289' title='bbox 2613 1280 2914 1343; x_wconf 80' lang='lat' dir='ltr'><strong>Dominiro,</strong></span> <span class='ocrx_word' id='word_1_290' title='bbox 2942 1296 3044 1332; x_wconf 89' lang='lat' dir='ltr'><strong>non</strong></span> <span class='ocrx_word' id='word_1_291' title='bbox 3076 1281 3310 1350; x_wconf 87' lang='lat' dir='ltr'><strong>operari,</strong></span> <span class='ocrx_word' id='word_1_292' title='bbox 3332 1295 3434 1333; x_wconf 91' lang='lat' dir='ltr'><strong>non</strong></span> 
     </span>
    </p>
   </div>
   <div class='ocr_carea' id='block_1_44' title="bbox 1871 1367 3433 1441">
    <p class='ocr_par' dir='ltr' id='par_1_44' title="bbox 1871 1367 3433 1441">
     <span class='ocr_line' id='line_1_44' title="bbox 1871 1367 3433 1441; baseline 0.005 -25"><span class='ocrx_word' id='word_1_293' title='bbox 1871 1367 2174 1420; x_wconf 77' lang='lat' dir='ltr'><strong>necessario</strong></span> <span class='ocrx_word' id='word_1_294' title='bbox 2211 1370 2570 1434; x_wconf 86' lang='lat' dir='ltr'><strong>mandarunt;</strong></span> <span class='ocrx_word' id='word_1_295' title='bbox 2619 1372 2710 1424; x_wconf 88' lang='lat' dir='ltr'><strong>sed</strong></span> <span class='ocrx_word' id='word_1_296' title='bbox 2746 1372 3080 1441; x_wconf 85' lang='lat' dir='ltr'><strong>adjecerunt,</strong></span> <span class='ocrx_word' id='word_1_297' title='bbox 3114 1373 3158 1426; x_wconf 86' lang='lat' dir='ltr'><strong>si</strong></span> <span class='ocrx_word' id='word_1_298' title='bbox 3207 1374 3433 1441; x_wconf 85' lang='lat' dir='ltr'><strong>possint,</strong></span> 
     </span>
    </p>
   </div>
   <div class='ocr_carea' id='block_1_45' title="bbox 1874 1454 3434 1532">
    <p class='ocr_par' dir='ltr' id='par_1_45' title="bbox 1874 1454 3434 1532">
     <span class='ocr_line' id='line_1_45' title="bbox 1874 1454 3434 1532; baseline 0.006 -27"><span class='ocrx_word' id='word_1_299' title='bbox 1874 1454 2074 1510; x_wconf 82' lang='lat' dir='ltr'><strong>ﬁdeles.</strong></span> <span class='ocrx_word' id='word_1_300' title='bbox 2111 1457 2166 1511; x_wconf 89' lang='lat' dir='ltr'><strong>Si</strong></span> <span class='ocrx_word' id='word_1_301' title='bbox 2198 1459 2340 1512; x_wconf 89' lang='lat' dir='ltr'><strong>enim</strong></span> <span class='ocrx_word' id='word_1_302' title='bbox 2369 1473 2586 1530; x_wconf 89' lang='lat' dir='ltr'><strong>propter</strong></span> <span class='ocrx_word' id='word_1_303' title='bbox 2622 1463 2877 1530; x_wconf 84' lang='lat' dir='ltr'><strong>inopiam,</strong></span> <span class='ocrx_word' id='word_1_304' title='bbox 2913 1464 2990 1517; x_wconf 85' lang='lat' dir='ltr'><strong>vel</strong></span> <span class='ocrx_word' id='word_1_305' title='bbox 3015 1465 3245 1532; x_wconf 83' lang='lat' dir='ltr'><strong>aliquam</strong></span> <span class='ocrx_word' id='word_1_306' title='bbox 3276 1464 3434 1516; x_wconf 77' lang='lat' dir='ltr'><strong>aliam</strong></span> 
     </span>
    </p>
   </div>
   <div class='ocr_carea' id='block_1_46' title="bbox 1870 1548 3436 1623">
    <p class='ocr_par' dir='ltr' id='par_1_46' title="bbox 1870 1548 3436 1623">
     <span class='ocr_line' id='line_1_46' title="bbox 1870 1548 3436 1623; baseline 0.008 -25"><span class='ocrx_word' id='word_1_307' title='bbox 1870 1548 2274 1615; x_wconf 68' lang='lat' dir='ltr'><strong>necessitatem,</strong></span> <span class='ocrx_word' id='word_1_308' title='bbox 2305 1553 2464 1605; x_wconf 89' lang='lat' dir='ltr'><strong>etiam</strong></span> <span class='ocrx_word' id='word_1_309' title='bbox 2492 1553 2577 1608; x_wconf 88' lang='lat' dir='ltr'><strong>die</strong></span> <span class='ocrx_word' id='word_1_310' title='bbox 2600 1552 2880 1608; x_wconf 82' lang='lat' dir='ltr'><strong>Dominico</strong></span> <span class='ocrx_word' id='word_1_311' title='bbox 2904 1553 3065 1608; x_wconf 86' lang='lat' dir='ltr'><strong>fuerit</strong></span> <span class='ocrx_word' id='word_1_312' title='bbox 3090 1555 3282 1623; x_wconf 81' lang='lat' dir='ltr'><strong>aliquis</strong></span> <span class='ocrx_word' id='word_1_313' title='bbox 3307 1571 3436 1622; x_wconf 86' lang='lat' dir='ltr'><strong>upe-</strong></span> 
     </span>
    </p>
   </div>
   <div class='ocr_carea' id='block_1_47' title="bbox 1870 1642 3432 1715">
    <p class='ocr_par' dir='ltr' id='par_1_47' title="bbox 1870 1642 3432 1715">
     <span class='ocr_line' id='line_1_47' title="bbox 1870 1642 3432 1715; baseline 0.006 -25"><span class='ocrx_word' id='word_1_314' title='bbox 1870 1648 2038 1703; x_wconf 77' lang='lat' dir='ltr'><strong>ratus,</strong></span> <span class='ocrx_word' id='word_1_315' title='bbox 2075 1642 2438 1708; x_wconf 58' lang='lat' dir='ltr'><strong>prrjudiciuut</strong></span> <span class='ocrx_word' id='word_1_316' title='bbox 2471 1645 2518 1698; x_wconf 89' lang='lat' dir='ltr'><strong>ei</strong></span> <span class='ocrx_word' id='word_1_317' title='bbox 2549 1660 2653 1698; x_wconf 90' lang='lat' dir='ltr'><strong>non</strong></span> <span class='ocrx_word' id='word_1_318' title='bbox 2685 1644 2961 1700; x_wconf 87' lang='lat' dir='ltr'><strong>all&#39;eretur.</strong></span> <span class='ocrx_word' id='word_1_319' title='bbox 2985 1645 3050 1698; x_wconf 89' lang='lat' dir='ltr'><strong>Et</strong></span> <span class='ocrx_word' id='word_1_320' title='bbox 3079 1647 3188 1700; x_wconf 67' lang='lat' dir='ltr'><strong>haec</strong></span> <span class='ocrx_word' id='word_1_321' title='bbox 3218 1647 3432 1715; x_wconf 79' lang='lat' dir='ltr'><strong>quidem</strong></span> 
     </span>
    </p>
   </div>
   <div class='ocr_carea' id='block_1_48' title="bbox 1873 1735 3428 1808">
    <p class='ocr_par' dir='ltr' id='par_1_48' title="bbox 1873 1735 3428 1808">
     <span class='ocr_line' id='line_1_48' title="bbox 1873 1735 3428 1808; baseline 0.005 -22"><span class='ocrx_word' id='word_1_322' title='bbox 1873 1735 2160 1801; x_wconf 74' lang='lat' dir='ltr'><strong>praedictus</strong></span> <span class='ocrx_word' id='word_1_323' title='bbox 2224 1753 2421 1793; x_wconf 88' lang='lat' dir='ltr'><strong>canon.</strong></span> <span class='ocrx_word' id='word_1_324' title='bbox 2480 1739 2953 1808; x_wconf 71' lang='lat' dir='ltr'><strong>Quinquagesima:</strong></span> <span class='ocrx_word' id='word_1_325' title='bbox 3005 1753 3208 1808; x_wconf 76' lang='lat' dir='ltr'><strong>quarta:</strong></span> <span class='ocrx_word' id='word_1_326' title='bbox 3250 1749 3428 1794; x_wconf 89' lang='lat' dir='ltr'><strong>autem</strong></span> 
     </span>
    </p>
   </div>
   <div class='ocr_carea' id='block_1_49' title="bbox 1874 1824 3430 1898">
    <p class='ocr_par' dir='ltr' id='par_1_49' title="bbox 1874 1824 3430 1898">
     <span class='ocr_line' id='line_1_49' title="bbox 1874 1824 3430 1898; baseline 0.004 -20"><span class='ocrx_word' id='word_1_327' title='bbox 1874 1824 2215 1893; x_wconf 72' lang='lat' dir='ltr'><strong>imperatoris</strong></span> <span class='ocrx_word' id='word_1_328' title='bbox 2265 1830 2467 1883; x_wconf 88' lang='lat' dir='ltr'><strong>domini</strong></span> <span class='ocrx_word' id='word_1_329' title='bbox 2501 1832 2692 1884; x_wconf 89' lang='lat' dir='ltr'><strong>Leonis</strong></span> <span class='ocrx_word' id='word_1_330' title='bbox 2721 1833 2977 1898; x_wconf 87' lang='lat' dir='ltr'><strong>sapientis</strong></span> <span class='ocrx_word' id='word_1_331' title='bbox 3006 1830 3222 1885; x_wconf 78' lang='lat' dir='ltr'><strong>Novella</strong></span> <span class='ocrx_word' id='word_1_332' title='bbox 3251 1833 3430 1886; x_wconf 88' lang='lat' dir='ltr'><strong>decer-</strong></span> 
     </span>
    </p>
   </div>
   <div class='ocr_carea' id='block_1_50' title="bbox 1871 1915 3434 1998">
    <p class='ocr_par' dir='ltr' id='par_1_50' title="bbox 1871 1915 3434 1998">
     <span class='ocr_line' id='line_1_50' title="bbox 1871 1915 3434 1998; baseline 0.006 -33"><span class='ocrx_word' id='word_1_333' title='bbox 1871 1915 2151 1998; x_wconf 18' lang='lat' dir='ltr'><strong>nit,‘ipsns</strong></span> <span class='ocrx_word' id='word_1_334' title='bbox 2193 1919 2726 1998; x_wconf 31' lang='lat' dir='ltr'><strong>quoque‘agricolas</strong></span> <span class='ocrx_word' id='word_1_335' title='bbox 2775 1921 2861 1973; x_wconf 90' lang='lat' dir='ltr'><strong>die</strong></span> <span class='ocrx_word' id='word_1_336' title='bbox 2911 1920 3186 1974; x_wconf 85' lang='lat' dir='ltr'><strong>Duminicu</strong></span> <span class='ocrx_word' id='word_1_337' title='bbox 3238 1922 3434 1976; x_wconf 82' lang='lat' dir='ltr'><strong>debere</strong></span> 
     </span>
    </p>
   </div>
   <div class='ocr_carea' id='block_1_51' title="bbox 1871 2010 3132 2083">
    <p class='ocr_par' dir='ltr' id='par_1_51' title="bbox 1871 2010 3132 2083">
     <span class='ocr_line' id='line_1_51' title="bbox 1871 2010 3132 2083; baseline 0.002 -18"><span class='ocrx_word' id='word_1_338' title='bbox 1871 2013 2052 2065; x_wconf 88' lang='lat' dir='ltr'><strong>oliari.</strong></span> <span class='ocrx_word' id='word_1_339' title='bbox 2080 2010 2222 2080; x_wconf 80' lang='lat' dir='ltr'><strong>Lege</strong></span> <span class='ocrx_word' id='word_1_340' title='bbox 2251 2024 2306 2066; x_wconf 90' lang='lat' dir='ltr'><strong>et</strong></span> <span class='ocrx_word' id='word_1_341' title='bbox 2337 2023 2503 2067; x_wconf 74' lang='lat' dir='ltr'><strong>sexta:</strong></span> <span class='ocrx_word' id='word_1_342' title='bbox 2530 2013 2719 2083; x_wconf 86' lang='lat' dir='ltr'><strong>synodi</strong></span> <span class='ocrx_word' id='word_1_343' title='bbox 2753 2028 3012 2068; x_wconf 86' lang='lat' dir='ltr'><strong>canouetn</strong></span> <span class='ocrx_word' id='word_1_344' title='bbox 3044 2012 3132 2068; x_wconf 86' lang='grc'>66.</span> 
     </span>
    </p>
   </div>
   <div class='ocr_carea' id='block_1_52' title="bbox 1943 2284 3434 2360">
    <p class='ocr_par' dir='ltr' id='par_1_52' title="bbox 1943 2284 3434 2360">
     <span class='ocr_line' id='line_1_52' title="bbox 1943 2284 3434 2360; baseline 0.004 -22"><span class='ocrx_word' id='word_1_345' title='bbox 1943 2284 2191 2341; x_wconf 81' lang='lat' dir='ltr'><strong>ZONAR.</strong></span> <span class='ocrx_word' id='word_1_346' title='bbox 2226 2286 2445 2342; x_wconf 84' lang='lat' dir='ltr'><strong>Sabbati</strong></span> <span class='ocrx_word' id='word_1_347' title='bbox 2484 2287 2626 2341; x_wconf 84' lang='lat' dir='ltr'><strong>diem</strong></span> <span class='ocrx_word' id='word_1_348' title='bbox 2673 2286 2842 2342; x_wconf 72' lang='lat' dir='ltr'><strong>Judaei</strong></span> <span class='ocrx_word' id='word_1_349' title='bbox 2891 2287 3113 2350; x_wconf 89' lang='lat' dir='ltr'><strong>colunt,</strong></span> <span class='ocrx_word' id='word_1_350' title='bbox 3150 2302 3246 2343; x_wconf 89' lang='lat' dir='ltr'><strong>nec</strong></span> <span class='ocrx_word' id='word_1_351' title='bbox 3277 2288 3434 2360; x_wconf 83' lang='lat' dir='ltr'><strong>quid-</strong></span> 
     </span>
    </p>
   </div>
   <div class='ocr_carea' id='block_1_53' title="bbox 1869 2379 3432 2450">
    <p class='ocr_par' dir='ltr' id='par_1_53' title="bbox 1869 2379 3432 2450">
     <span class='ocr_line' id='line_1_53' title="bbox 1869 2379 3432 2450; baseline 0.004 -20"><span class='ocrx_word' id='word_1_352' title='bbox 1869 2393 2029 2446; x_wconf 93' lang='lat' dir='ltr'><strong>quam</strong></span> <span class='ocrx_word' id='word_1_353' title='bbox 2058 2381 2258 2449; x_wconf 91' lang='lat' dir='ltr'><strong>operis,</strong></span> <span class='ocrx_word' id='word_1_354' title='bbox 2290 2379 2363 2434; x_wconf 90' lang='lat' dir='ltr'><strong>ita</strong></span> <span class='ocrx_word' id='word_1_355' title='bbox 2398 2380 2632 2450; x_wconf 76' lang='lat' dir='ltr'><strong>antiqua:</strong></span> <span class='ocrx_word' id='word_1_356' title='bbox 2665 2379 2796 2450; x_wconf 78' lang='lat' dir='ltr'><strong>legis</strong></span> <span class='ocrx_word' id='word_1_357' title='bbox 2843 2382 3086 2436; x_wconf 85' lang='lat' dir='ltr'><strong>instituto</strong></span> <span class='ocrx_word' id='word_1_358' title='bbox 3127 2383 3301 2437; x_wconf 86' lang='lat' dir='ltr'><strong>edocti</strong></span> <span class='ocrx_word' id='word_1_359' title='bbox 3327 2423 3343 2447; x_wconf 95' lang='lat'><strong>,</strong></span> <span class='ocrx_word' id='word_1_360' title='bbox 3369 2398 3432 2437; x_wconf 87' lang='lat' dir='ltr'><strong>ea</strong></span> 
     </span>
    </p>
   </div>
   <div class='ocr_carea' id='block_1_54' title="bbox 1871 2470 3430 2543">
    <p class='ocr_par' dir='ltr' id='par_1_54' title="bbox 1871 2470 3430 2543">
     <span class='ocr_line' id='line_1_54' title="bbox 1871 2470 3430 2543; baseline 0.003 -18"><span class='ocrx_word' id='word_1_361' title='bbox 1871 2470 1991 2526; x_wconf 86' lang='lat' dir='ltr'><strong>luce</strong></span> <span class='ocrx_word' id='word_1_362' title='bbox 2018 2473 2288 2541; x_wconf 72' lang='lat' dir='ltr'><strong>attingunt</strong></span> <span class='ocrx_word' id='word_1_363' title='bbox 2320 2487 2336 2523; x_wconf 91' lang='lat'><strong>:</strong></span> <span class='ocrx_word' id='word_1_364' title='bbox 2373 2473 2460 2540; x_wconf 89' lang='lat' dir='ltr'><strong>qui</strong></span> <span class='ocrx_word' id='word_1_365' title='bbox 2499 2487 2624 2527; x_wconf 86' lang='lat' dir='ltr'><strong>vero</strong></span> <span class='ocrx_word' id='word_1_366' title='bbox 2658 2473 2826 2541; x_wconf 80' lang='lat' dir='ltr'><strong>legent</strong></span> <span class='ocrx_word' id='word_1_367' title='bbox 2857 2473 3218 2543; x_wconf 77' lang='lat' dir='ltr'><strong>evangelicum</strong></span> <span class='ocrx_word' id='word_1_368' title='bbox 3251 2475 3430 2543; x_wconf 71' lang='grc' dir='ltr'>ρει-[οι</span> 
     </span>
    </p>
   </div>
   <div class='ocr_carea' id='block_1_55' title="bbox 1869 2558 3433 2633">
    <p class='ocr_par' dir='ltr' id='par_1_55' title="bbox 1869 2558 3433 2633">
     <span class='ocr_line' id='line_1_55' title="bbox 1869 2558 3433 2633; baseline 0.005 -21"><span class='ocrx_word' id='word_1_369' title='bbox 1869 2558 2094 2612; x_wconf 85' lang='lat' dir='ltr'><strong>ctinrem</strong></span> <span class='ocrx_word' id='word_1_370' title='bbox 2136 2570 2262 2613; x_wconf 89' lang='lat' dir='ltr'><strong>sunt</strong></span> <span class='ocrx_word' id='word_1_371' title='bbox 2317 2561 2548 2626; x_wconf 77' lang='lat' dir='ltr'><strong>amplexi</strong></span> <span class='ocrx_word' id='word_1_372' title='bbox 2577 2601 2592 2621; x_wconf 86' lang='lat'><em>.</em></span> <span class='ocrx_word' id='word_1_373' title='bbox 2629 2562 2716 2624; x_wconf 90' lang='lat' dir='ltr'><strong>iis,</strong></span> <span class='ocrx_word' id='word_1_374' title='bbox 2767 2578 2833 2616; x_wconf 88' lang='lat' dir='ltr'><strong>ne</strong></span> <span class='ocrx_word' id='word_1_375' title='bbox 2874 2562 3292 2633; x_wconf 85' lang='lat' dir='ltr'><strong>imperfectioris</strong></span> <span class='ocrx_word' id='word_1_376' title='bbox 3341 2567 3433 2620; x_wconf 87' lang='lat' dir='ltr'><strong>de-</strong></span> 
     </span>
    </p>
   </div>
   <div class='ocr_carea' id='block_1_56' title="bbox 1869 2638 3434 2719">
    <p class='ocr_par' dir='ltr' id='par_1_56' title="bbox 1869 2638 3434 2719">
     <span class='ocr_line' id='line_1_56' title="bbox 1869 2638 3434 2719; baseline 0.003 -12"><span class='ocrx_word' id='word_1_377' title='bbox 1869 2638 2014 2707; x_wconf 87' lang='lat' dir='ltr'><strong>creta</strong></span> <span class='ocrx_word' id='word_1_378' title='bbox 2060 2662 2312 2719; x_wconf 80' lang='lat' dir='ltr'><strong>servent,</strong></span> <span class='ocrx_word' id='word_1_379' title='bbox 2369 2655 2710 2708; x_wconf 86' lang='lat' dir='ltr'><strong>interdictum</strong></span> <span class='ocrx_word' id='word_1_380' title='bbox 2767 2667 2867 2709; x_wconf 89' lang='lat' dir='ltr'><strong>est.</strong></span> <span class='ocrx_word' id='word_1_381' title='bbox 2920 2655 3151 2711; x_wconf 81' lang='lat' dir='ltr'><strong>Proinde</strong></span> <span class='ocrx_word' id='word_1_382' title='bbox 3195 2656 3434 2712; x_wconf 80' lang='lat' dir='ltr'><strong>Sabhato</strong></span> 
     </span>
    </p>
   </div>
   <div class='ocr_carea' id='block_1_57' title="bbox 1867 2734 3432 2814">
    <p class='ocr_par' dir='ltr' id='par_1_57' title="bbox 1867 2734 3432 2814">
     <span class='ocr_line' id='line_1_57' title="bbox 1867 2734 3432 2814; baseline 0.005 -20"><span class='ocrx_word' id='word_1_383' title='bbox 1867 2734 2051 2813; x_wconf 77' lang='lat' dir='ltr'><strong>otiari,</strong></span> <span class='ocrx_word' id='word_1_384' title='bbox 2086 2752 2340 2812; x_wconf 88' lang='lat' dir='ltr'><strong>tanquam</strong></span> <span class='ocrx_word' id='word_1_385' title='bbox 2399 2747 2621 2814; x_wconf 82' lang='lat' dir='ltr'><strong>repetito</strong></span> <span class='ocrx_word' id='word_1_386' title='bbox 2674 2763 2700 2796; x_wconf 75' lang='grc' dir='ltr'>ει</span> <span class='ocrx_word' id='word_1_387' title='bbox 2747 2745 2948 2800; x_wconf 68' lang='lat' dir='ltr'><strong>Judaeis</strong></span> <span class='ocrx_word' id='word_1_388' title='bbox 2985 2763 3150 2812; x_wconf 85' lang='lat' dir='ltr'><strong>more,</strong></span> <span class='ocrx_word' id='word_1_389' title='bbox 3190 2748 3432 2802; x_wconf 82' lang='lat' dir='ltr'><strong>fidelibus</strong></span> 
     </span>
    </p>
   </div>
   <div class='ocr_carea' id='block_1_58' title="bbox 1869 2835 3438 2905">
    <p class='ocr_par' dir='ltr' id='par_1_58' title="bbox 1869 2835 3438 2905">
     <span class='ocr_line' id='line_1_58' title="bbox 1869 2835 3438 2905; baseline 0.004 -17"><span class='ocrx_word' id='word_1_390' title='bbox 1869 2835 2007 2888; x_wconf 91' lang='lat' dir='ltr'><strong>baud</strong></span> <span class='ocrx_word' id='word_1_391' title='bbox 2044 2837 2364 2904; x_wconf 86' lang='lat' dir='ltr'><strong>permissuu.</strong></span> <span class='ocrx_word' id='word_1_392' title='bbox 2389 2878 2406 2902; x_wconf 88' lang='lat'><strong>,</strong></span> <span class='ocrx_word' id='word_1_393' title='bbox 2436 2838 2632 2905; x_wconf 82' lang='lat' dir='ltr'><strong>quique</strong></span> <span class='ocrx_word' id='word_1_394' title='bbox 2660 2835 2894 2892; x_wconf 76' lang='lat' dir='ltr'><strong>Judaicis</strong></span> <span class='ocrx_word' id='word_1_395' title='bbox 2963 2840 3153 2893; x_wconf 87' lang='lat' dir='ltr'><strong>ritibus</strong></span> <span class='ocrx_word' id='word_1_396' title='bbox 3199 2839 3438 2895; x_wconf 69' lang='lat' dir='ltr'><strong>adhmre-</strong></span> 
     </span>
    </p>
   </div>
   <div class='ocr_carea' id='block_1_59' title="bbox 1868 2926 3436 2996">
    <p class='ocr_par' dir='ltr' id='par_1_59' title="bbox 1868 2926 3436 2996">
     <span class='ocr_line' id='line_1_59' title="bbox 1868 2926 3436 2996; baseline 0.003 -16"><span class='ocrx_word' id='word_1_397' title='bbox 1868 2936 2041 2991; x_wconf 88' lang='lat' dir='ltr'><strong>scaut,</strong></span> <span class='ocrx_word' id='word_1_398' title='bbox 2076 2927 2140 2980; x_wconf 88' lang='lat' dir='ltr'><strong>iis</strong></span> <span class='ocrx_word' id='word_1_399' title='bbox 2177 2942 2350 2980; x_wconf 88' lang='lat' dir='ltr'><strong>canon</strong></span> <span class='ocrx_word' id='word_1_400' title='bbox 2380 2927 2663 2980; x_wconf 81' lang='lat' dir='ltr'><strong>anathema</strong></span> <span class='ocrx_word' id='word_1_401' title='bbox 2713 2926 2764 2980; x_wconf 90' lang='lat' dir='ltr'><strong>in</strong></span> <span class='ocrx_word' id='word_1_402' title='bbox 2811 2926 3028 2983; x_wconf 87' lang='lat' dir='ltr'><strong>Christo</strong></span> <span class='ocrx_word' id='word_1_403' title='bbox 3060 2929 3285 2996; x_wconf 92' lang='lat' dir='ltr'><strong>indicit,</strong></span> <span class='ocrx_word' id='word_1_404' title='bbox 3334 2930 3436 2984; x_wconf 87' lang='lat' dir='ltr'><strong>hoe</strong></span> 
     </span>
    </p>
   </div>
   <div class='ocr_carea' id='block_1_60' title="bbox 1869 3019 3432 3089">
    <p class='ocr_par' dir='ltr' id='par_1_60' title="bbox 1869 3019 3432 3089">
     <span class='ocr_line' id='line_1_60' title="bbox 1869 3019 3432 3089; baseline 0.001 -15"><span class='ocrx_word' id='word_1_405' title='bbox 1869 3031 1972 3084; x_wconf 75' lang='grc' dir='ltr'>εει,</span> <span class='ocrx_word' id='word_1_406' title='bbox 2023 3035 2052 3073; x_wconf 89' lang='lat' dir='ltr'><strong>a</strong></span> <span class='ocrx_word' id='word_1_407' title='bbox 2083 3019 2298 3075; x_wconf 82' lang='lat' dir='ltr'><strong>Christo</strong></span> <span class='ocrx_word' id='word_1_408' title='bbox 2340 3033 2647 3089; x_wconf 80' lang='lat' dir='ltr'><strong>segregatos</strong></span> <span class='ocrx_word' id='word_1_409' title='bbox 2677 3036 2739 3074; x_wconf 89' lang='lat' dir='ltr'><strong>ac</strong></span> <span class='ocrx_word' id='word_1_410' title='bbox 2777 3021 2975 3074; x_wconf 85' lang='lat' dir='ltr'><strong>divisos</strong></span> <span class='ocrx_word' id='word_1_411' title='bbox 3005 3036 3125 3076; x_wconf 85' lang='lat' dir='ltr'><strong>esse</strong></span> <span class='ocrx_word' id='word_1_412' title='bbox 3170 3020 3432 3076; x_wconf 85' lang='lat' dir='ltr'><strong>decernit.</strong></span> 
     </span>
    </p>
   </div>
   <div class='ocr_carea' id='block_1_61' title="bbox 197 3107 1768 3194">
    <p class='ocr_par' dir='ltr' id='par_1_61' title="bbox 197 3107 1764 3182">
     <span class='ocr_line' id='line_1_61' title="bbox 197 3107 1764 3182; baseline -0.003 -18"><span class='ocrx_word' id='word_1_413' title='bbox 197 3114 514 3182; x_wconf 82' lang='grc' dir='ltr'>ἐπιτρέπειν</span> <span class='ocrx_word' id='word_1_414' title='bbox 545 3112 686 3165; x_wconf 84' lang='grc' dir='ltr'><strong>κατά</strong></span> <span class='ocrx_word' id='word_1_415' title='bbox 715 3111 811 3181; x_wconf 78' lang='grc' dir='ltr'>τὴν</span> <span class='ocrx_word' id='word_1_416' title='bbox 841 3110 1131 3181; x_wconf 80' lang='grc' dir='ltr'>Κυριακὴν</span> <span class='ocrx_word' id='word_1_417' title='bbox 1161 3108 1249 3161; x_wconf 84' lang='grc' dir='ltr'>διὰ</span> <span class='ocrx_word' id='word_1_418' title='bbox 1277 3109 1377 3178; x_wconf 80' lang='grc' dir='ltr'>τὴν</span> <span class='ocrx_word' id='word_1_419' title='bbox 1412 3107 1504 3161; x_wconf 81' lang='grc' dir='ltr'>τοῦ</span> <span class='ocrx_word' id='word_1_420' title='bbox 1561 3109 1764 3177; x_wconf 82' lang='grc' dir='ltr'>Κυρίου</span> 
     </span>
    </p>
   </div>
   <div class='ocr_carea' id='block_1_62' title="bbox 1874 3107 3437 3194">
    <p class='ocr_par' dir='ltr' id='par_1_62' title="bbox 1874 3111 3437 3182">
     <span class='ocr_line' id='line_1_62' title="bbox 1874 3111 3437 3182; baseline 0.001 -16"><span class='ocrx_word' id='word_1_421' title='bbox 1874 3111 2218 3167; x_wconf 79' lang='lat' dir='ltr'><strong>Vacatiouein</strong></span> <span class='ocrx_word' id='word_1_422' title='bbox 2248 3127 2405 3180; x_wconf 87' lang='lat' dir='ltr'><strong>porro</strong></span> <span class='ocrx_word' id='word_1_423' title='bbox 2439 3111 2713 3166; x_wconf 84' lang='lat' dir='ltr'><strong>Uominica</strong></span> <span class='ocrx_word' id='word_1_424' title='bbox 2742 3113 2883 3177; x_wconf 88' lang='lat' dir='ltr'><strong>luce,</strong></span> <span class='ocrx_word' id='word_1_425' title='bbox 2922 3113 2971 3166; x_wconf 90' lang='lat' dir='ltr'><strong>id</strong></span> <span class='ocrx_word' id='word_1_426' title='bbox 2999 3113 3116 3182; x_wconf 84' lang='lat' dir='ltr'><strong>ejus</strong></span> <span class='ocrx_word' id='word_1_427' title='bbox 3143 3114 3245 3168; x_wconf 87' lang='lat' dir='ltr'><strong>diei</strong></span> <span class='ocrx_word' id='word_1_428' title='bbox 3277 3129 3437 3168; x_wconf 88' lang='lat' dir='ltr'><strong>vene-</strong></span> 
     </span>
    </p>
   </div>
   <div class='ocr_carea' id='block_1_63' title="bbox 199 3200 1768 3276">
    <p class='ocr_par' dir='ltr' id='par_1_63' title="bbox 199 3200 1768 3276">
     <span class='ocr_line' id='line_1_63' title="bbox 199 3200 1768 3276; baseline -0.004 -19"><span class='ocrx_word' id='word_1_429' title='bbox 199 3207 491 3260; x_wconf 85' lang='grc' dir='ltr'>ἀνάστασιν</span> <span class='ocrx_word' id='word_1_430' title='bbox 517 3206 612 3276; x_wconf 83' lang='grc' dir='ltr'>τὴν</span> <span class='ocrx_word' id='word_1_431' title='bbox 645 3207 855 3275; x_wconf 70' lang='grc' dir='ltr'>ἡμέραν</span> <span class='ocrx_word' id='word_1_432' title='bbox 888 3204 1186 3272; x_wconf 87' lang='grc' dir='ltr'>τιμῶντας.</span> <span class='ocrx_word' id='word_1_433' title='bbox 1207 3203 1348 3254; x_wconf 81' lang='grc' dir='ltr'>Ἀλλ’</span> <span class='ocrx_word' id='word_1_434' title='bbox 1378 3202 1406 3254; x_wconf 90' lang='lat'><strong>6</strong></span> <span class='ocrx_word' id='word_1_435' title='bbox 1441 3201 1538 3272; x_wconf 86' lang='grc' dir='ltr'>μὲν</span> <span class='ocrx_word' id='word_1_436' title='bbox 1566 3200 1768 3266; x_wconf 87' lang='grc' dir='ltr'>κανὼν,</span> 
     </span>
    </p>
   </div>
   <div class='ocr_carea' id='block_1_64' title="bbox 200 3294 1769 3368">
    <p class='ocr_par' dir='ltr' id='par_1_64' title="bbox 200 3294 1769 3368">
     <span class='ocr_line' id='line_1_64' title="bbox 200 3294 1769 3368; baseline -0.004 -16"><span class='ocrx_word' id='word_1_437' title='bbox 200 3301 250 3352; x_wconf 87' lang='grc' dir='ltr'><strong>εί</strong></span> <span class='ocrx_word' id='word_1_438' title='bbox 276 3299 546 3363; x_wconf 79' lang='grc' dir='ltr'>δύναιντο,</span> <span class='ocrx_word' id='word_1_439' title='bbox 590 3297 889 3368; x_wconf 80' lang='grc' dir='ltr'>προσέθετο</span> <span class='ocrx_word' id='word_1_440' title='bbox 919 3313 932 3327; x_wconf 84' lang='grc'><em>’</em></span> <span class='ocrx_word' id='word_1_441' title='bbox 985 3300 1012 3350; x_wconf 89' lang='lat'><strong>6</strong></span> <span class='ocrx_word' id='word_1_442' title='bbox 1075 3296 1131 3348; x_wconf 80' lang='grc' dir='ltr'>δὲ</span> <span class='ocrx_word' id='word_1_443' title='bbox 1165 3295 1265 3366; x_wconf 81' lang='grc' dir='ltr'>τῆς</span> <span class='ocrx_word' id='word_1_444' title='bbox 1299 3294 1577 3358; x_wconf 82' lang='grc' dir='ltr'>πολιτείας</span> <span class='ocrx_word' id='word_1_445' title='bbox 1607 3294 1769 3364; x_wconf 84' lang='grc' dir='ltr'>νόμος</span> 
     </span>
    </p>
   </div>
   <div class='ocr_carea' id='block_1_65' title="bbox 199 3387 1768 3461">
    <p class='ocr_par' dir='ltr' id='par_1_65' title="bbox 199 3387 1768 3461">
     <span class='ocr_line' id='line_1_65' title="bbox 199 3387 1768 3461; baseline -0.006 -15"><span class='ocrx_word' id='word_1_446' title='bbox 199 3393 577 3461; x_wconf 83' lang='grc' dir='ltr'>ἀπαραίτητον</span> <span class='ocrx_word' id='word_1_447' title='bbox 607 3393 705 3461; x_wconf 81' lang='grc' dir='ltr'>τὴν</span> <span class='ocrx_word' id='word_1_448' title='bbox 761 3392 960 3460; x_wconf 83' lang='grc' dir='ltr'>ἀργίαν</span> <span class='ocrx_word' id='word_1_449' title='bbox 1009 3391 1066 3441; x_wconf 82' lang='grc' dir='ltr'>ὲν</span> <span class='ocrx_word' id='word_1_450' title='bbox 1107 3391 1174 3459; x_wconf 79' lang='grc' dir='ltr'>τῇ</span> <span class='ocrx_word' id='word_1_451' title='bbox 1233 3389 1483 3458; x_wconf 82' lang='grc' dir='ltr'>Κυριακῇ</span> <span class='ocrx_word' id='word_1_452' title='bbox 1546 3387 1768 3439; x_wconf 83' lang='grc' dir='ltr'>ἀπαιτεῖ</span> 
     </span>
    </p>
   </div>
   <div class='ocr_carea' id='block_1_66' title="bbox 200 3480 1759 3551">
    <p class='ocr_par' dir='ltr' id='par_1_66' title="bbox 200 3480 1759 3551">
     <span class='ocr_line' id='line_1_66' title="bbox 200 3480 1759 3551; baseline -0.004 -14"><span class='ocrx_word' id='word_1_453' title='bbox 200 3487 332 3537; x_wconf 82' lang='grc' dir='ltr'>ἄνευ</span> <span class='ocrx_word' id='word_1_454' title='bbox 367 3486 476 3536; x_wconf 84' lang='grc' dir='ltr'>τῶν</span> <span class='ocrx_word' id='word_1_455' title='bbox 519 3483 804 3551; x_wconf 75' lang='grc' dir='ltr'>γεωργῶνζ</span> <span class='ocrx_word' id='word_1_456' title='bbox 845 3482 1110 3542; x_wconf 80' lang='grc' dir='ltr'>Ἐκείνοις</span> <span class='ocrx_word' id='word_1_457' title='bbox 1142 3480 1248 3547; x_wconf 66' lang='grc' dir='ltr'>γὰρ</span> <span class='ocrx_word' id='word_1_458' title='bbox 1277 3482 1372 3531; x_wconf 73' lang='grc' dir='ltr'>καὶ</span> <span class='ocrx_word' id='word_1_459' title='bbox 1409 3480 1465 3530; x_wconf 83' lang='grc' dir='ltr'>ἐν</span> <span class='ocrx_word' id='word_1_460' title='bbox 1509 3480 1759 3548; x_wconf 72' lang='grc' dir='ltr'>κυριακῇ</span> 
     </span>
    </p>
   </div>
   <div class='ocr_carea' id='block_1_67' title="bbox 203 3570 1759 3646">
    <p class='ocr_par' dir='ltr' id='par_1_67' title="bbox 203 3570 1759 3646">
     <span class='ocr_line' id='line_1_67' title="bbox 203 3570 1759 3646; baseline -0.006 -17"><span class='ocrx_word' id='word_1_461' title='bbox 203 3575 535 3646; x_wconf 77' lang='grc' dir='ltr'>ἐργάζεσθαι</span> <span class='ocrx_word' id='word_1_462' title='bbox 561 3575 802 3642; x_wconf 76' lang='grc' dir='ltr'>ἐφίησιν,</span> <span class='ocrx_word' id='word_1_463' title='bbox 840 3573 922 3624; x_wconf 79' lang='grc' dir='ltr'>ὅτι</span> <span class='ocrx_word' id='word_1_464' title='bbox 953 3573 1082 3634; x_wconf 77' lang='grc' dir='ltr'>ἴσως</span> <span class='ocrx_word' id='word_1_465' title='bbox 1113 3572 1222 3623; x_wconf 83' lang='grc' dir='ltr'>τῶν</span> <span class='ocrx_word' id='word_1_466' title='bbox 1268 3570 1446 3640; x_wconf 74' lang='grc' dir='ltr'>ἔργων</span> <span class='ocrx_word' id='word_1_467' title='bbox 1502 3587 1759 3622; x_wconf 73' lang='grc' dir='ltr'>κατεπειο</span> 
     </span>
    </p>
   </div>
   <div class='ocr_carea' id='block_1_68' title="bbox 204 3651 1769 3733">
    <p class='ocr_par' dir='ltr' id='par_1_68' title="bbox 204 3651 1769 3733">
     <span class='ocr_line' id='line_1_68' title="bbox 204 3651 1769 3733; baseline -0.003 -17"><span class='ocrx_word' id='word_1_468' title='bbox 204 3665 409 3732; x_wconf 87' lang='grc' dir='ltr'>γόντων</span> <span class='ocrx_word' id='word_1_469' title='bbox 431 3663 526 3732; x_wconf 82' lang='grc' dir='ltr'><strong>οὐχ</strong></span> <span class='ocrx_word' id='word_1_470' title='bbox 564 3665 888 3733; x_wconf 81' lang='grc' dir='ltr'>εὑρήσουσιν</span> <span class='ocrx_word' id='word_1_471' title='bbox 919 3661 1085 3732; x_wconf 87' lang='grc' dir='ltr'>ἀλλην</span> <span class='ocrx_word' id='word_1_472' title='bbox 1118 3663 1330 3732; x_wconf 77' lang='grc' dir='ltr'>ἡμέραν</span> <span class='ocrx_word' id='word_1_473' title='bbox 1365 3661 1538 3723; x_wconf 74' lang='grc' dir='ltr'>οὕτως</span> <span class='ocrx_word' id='word_1_474' title='bbox 1586 3651 1769 3722; x_wconf 79' lang='grc' dir='ltr'>αὐτοῖς</span> 
     </span>
    </p>
   </div>
   <div class='ocr_carea' id='block_1_69' title="bbox 206 3751 1768 3824">
    <p class='ocr_par' dir='ltr' id='par_1_69' title="bbox 206 3751 1768 3824">
     <span class='ocr_line' id='line_1_69' title="bbox 206 3751 1768 3824; baseline -0.004 -16"><span class='ocrx_word' id='word_1_475' title='bbox 206 3759 285 3819; x_wconf 88' lang='grc' dir='ltr'><strong>εἰς</strong></span> <span class='ocrx_word' id='word_1_476' title='bbox 316 3759 384 3808; x_wconf 72' lang='grc' dir='ltr'><strong>τά</strong></span> <span class='ocrx_word' id='word_1_477' title='bbox 418 3754 550 3823; x_wconf 80' lang='grc' dir='ltr'>ἔργα</span> <span class='ocrx_word' id='word_1_478' title='bbox 579 3755 758 3807; x_wconf 77' lang='grc' dir='ltr'>αὐτῶν</span> <span class='ocrx_word' id='word_1_479' title='bbox 792 3755 1258 3824; x_wconf 76' lang='grc' dir='ltr'>συμϐαλλομένην.</span> <span class='ocrx_word' id='word_1_480' title='bbox 1305 3755 1414 3806; x_wconf 81' lang='grc' dir='ltr'><strong>Καὶ</strong></span> <span class='ocrx_word' id='word_1_481' title='bbox 1455 3753 1482 3804; x_wconf 91' lang='lat'><strong>6</strong></span> <span class='ocrx_word' id='word_1_482' title='bbox 1505 3751 1547 3804; x_wconf 88' lang='lat' dir='ltr'><strong>o&#39;</strong></span> <span class='ocrx_word' id='word_1_483' title='bbox 1589 3751 1768 3804; x_wconf 85' lang='grc' dir='ltr'>κανὼν</span> 
     </span>
    </p>
   </div>
   <div class='ocr_carea' id='block_1_70' title="bbox 204 3843 1765 3913">
    <p class='ocr_par' dir='ltr' id='par_1_70' title="bbox 204 3843 1765 3913">
     <span class='ocr_line' id='line_1_70' title="bbox 204 3843 1765 3913; baseline -0.003 -15"><span class='ocrx_word' id='word_1_484' title='bbox 204 3848 314 3900; x_wconf 78' lang='grc' dir='ltr'>τῶν</span> <span class='ocrx_word' id='word_1_485' title='bbox 368 3847 684 3899; x_wconf 77' lang='grc' dir='ltr'>ἀποστόλων</span> <span class='ocrx_word' id='word_1_486' title='bbox 735 3845 858 3898; x_wconf 70' lang='grc' dir='ltr'>οὔτε</span> <span class='ocrx_word' id='word_1_487' title='bbox 929 3846 1210 3912; x_wconf 84' lang='grc' dir='ltr'>νηστεύειν</span> <span class='ocrx_word' id='word_1_488' title='bbox 1269 3843 1408 3913; x_wconf 84' lang='grc' dir='ltr'><strong>μετά</strong></span> <span class='ocrx_word' id='word_1_489' title='bbox 1475 3843 1765 3907; x_wconf 83' lang='grc' dir='ltr'>Ἰουδαίων,</span> 
     </span>
    </p>
   </div>
   <div class='ocr_carea' id='block_1_71' title="bbox 205 3933 1766 4008">
    <p class='ocr_par' dir='ltr' id='par_1_71' title="bbox 205 3933 1766 4008">
     <span class='ocr_line' id='line_1_71' title="bbox 205 3933 1766 4008; baseline -0.003 -18"><span class='ocrx_word' id='word_1_490' title='bbox 205 3937 325 3990; x_wconf 75' lang='grc' dir='ltr'>οὔτε</span> <span class='ocrx_word' id='word_1_491' title='bbox 351 3939 628 4008; x_wconf 76' lang='grc' dir='ltr'>ἑορτάζειν</span> <span class='ocrx_word' id='word_1_492' title='bbox 662 3940 983 4008; x_wconf 85' lang='grc' dir='ltr'>παραχωρεῖ</span> <span class='ocrx_word' id='word_1_493' title='bbox 1021 3940 1132 4000; x_wconf 83' lang='grc' dir='ltr'>τοῖς</span> <span class='ocrx_word' id='word_1_494' title='bbox 1159 3939 1372 3998; x_wconf 83' lang='grc' dir='ltr'>πιστοῖς</span> <span class='ocrx_word' id='word_1_495' title='bbox 1405 3953 1419 3966; x_wconf 78' lang='grc' dir='ltr'><strong>ο</strong></span> <span class='ocrx_word' id='word_1_496' title='bbox 1473 3935 1606 3988; x_wconf 82' lang='grc' dir='ltr'><strong>ἀλλά</strong></span> <span class='ocrx_word' id='word_1_497' title='bbox 1657 3933 1766 3986; x_wconf 84' lang='grc' dir='ltr'>τῶν</span> 
     </span>
    </p>
   </div>
   <div class='ocr_carea' id='block_1_72' title="bbox 210 4023 1768 4101">
    <p class='ocr_par' dir='ltr' id='par_1_72' title="bbox 210 4023 1768 4101">
     <span class='ocr_line' id='line_1_72' title="bbox 210 4023 1768 4101; baseline -0.003 -19"><span class='ocrx_word' id='word_1_498' title='bbox 210 4031 309 4098; x_wconf 82' lang='grc' dir='ltr'>μὲν</span> <span class='ocrx_word' id='word_1_499' title='bbox 354 4032 665 4101; x_wconf 82' lang='grc' dir='ltr'>ἱερωμένων</span> <span class='ocrx_word' id='word_1_500' title='bbox 699 4030 1019 4101; x_wconf 79' lang='grc' dir='ltr'>καθαίρεσιν</span> <span class='ocrx_word' id='word_1_501' title='bbox 1057 4029 1515 4098; x_wconf 73' lang='grc' dir='ltr'>καταψηφίζεται,</span> <span class='ocrx_word' id='word_1_502' title='bbox 1544 4026 1670 4088; x_wconf 79' lang='grc' dir='ltr'>τοὺς</span> <span class='ocrx_word' id='word_1_503' title='bbox 1711 4023 1768 4078; x_wconf 86' lang='grc' dir='ltr'>δὲ</span> 
     </span>
    </p>
   </div>
   <div class='ocr_carea' id='block_1_73' title="bbox 208 4121 731 4194">
    <p class='ocr_par' dir='ltr' id='par_1_73' title="bbox 208 4121 731 4194">
     <span class='ocr_line' id='line_1_73' title="bbox 208 4121 731 4194; baseline 0.01 -20"><span class='ocrx_word' id='word_1_504' title='bbox 208 4121 427 4187; x_wconf 74' lang='grc' dir='ltr'>λιῖκοὺς</span> <span class='ocrx_word' id='word_1_505' title='bbox 457 4126 731 4194; x_wconf 76' lang='grc' dir='ltr'>ἀφορίζει,</span> 
     </span>
    </p>
   </div>
   <div class='ocr_carea' id='block_1_74' title="bbox 1879 3203 3432 3273">
    <p class='ocr_par' dir='ltr' id='par_1_74' title="bbox 1879 3203 3432 3273">
     <span class='ocr_line' id='line_1_74' title="bbox 1879 3203 3432 3273; baseline 0.003 -16"><span class='ocrx_word' id='word_1_506' title='bbox 1879 3205 2094 3268; x_wconf 87' lang='lat' dir='ltr'><strong>rationi,</strong></span> <span class='ocrx_word' id='word_1_507' title='bbox 2138 3219 2240 3273; x_wconf 88' lang='lat' dir='ltr'><strong>qua</strong></span> <span class='ocrx_word' id='word_1_508' title='bbox 2287 3203 2536 3259; x_wconf 81' lang='lat' dir='ltr'><strong>Christus</strong></span> <span class='ocrx_word' id='word_1_509' title='bbox 2589 3221 2619 3258; x_wconf 86' lang='lat' dir='ltr'><strong>a</strong></span> <span class='ocrx_word' id='word_1_510' title='bbox 2676 3205 2898 3259; x_wconf 84' lang='lat' dir='ltr'><strong>mortuis</strong></span> <span class='ocrx_word' id='word_1_511' title='bbox 2927 3207 3191 3260; x_wconf 89' lang='lat' dir='ltr'><strong>redivivus</strong></span> <span class='ocrx_word' id='word_1_512' title='bbox 3223 3209 3432 3261; x_wconf 76' lang='lat' dir='ltr'><strong>exstitit</strong></span> 
     </span>
    </p>
   </div>
   <div class='ocr_carea' id='block_1_75' title="bbox 1877 3296 3430 3368">
    <p class='ocr_par' dir='ltr' id='par_1_75' title="bbox 1877 3296 3430 3368">
     <span class='ocr_line' id='line_1_75' title="bbox 1877 3296 3430 3368; baseline 0.001 -18"><span class='ocrx_word' id='word_1_513' title='bbox 1877 3296 2200 3361; x_wconf 71' lang='lat' dir='ltr'><strong>delet-entes,</strong></span> <span class='ocrx_word' id='word_1_514' title='bbox 2253 3298 2456 3366; x_wconf 79' lang='lat' dir='ltr'><strong>agitare</strong></span> <span class='ocrx_word' id='word_1_515' title='bbox 2502 3298 2841 3366; x_wconf 87' lang='lat' dir='ltr'><strong>permissum.</strong></span> <span class='ocrx_word' id='word_1_516' title='bbox 2896 3298 2962 3352; x_wconf 86' lang='lat' dir='ltr'><strong>Et</strong></span> <span class='ocrx_word' id='word_1_517' title='bbox 3011 3313 3181 3352; x_wconf 86' lang='lat' dir='ltr'><strong>canon</strong></span> <span class='ocrx_word' id='word_1_518' title='bbox 3218 3299 3430 3368; x_wconf 88' lang='lat' dir='ltr'><strong>quidem</strong></span> 
     </span>
    </p>
   </div>
   <div class='ocr_carea' id='block_1_76' title="bbox 1874 3389 3434 3457">
    <p class='ocr_par' dir='ltr' id='par_1_76' title="bbox 1874 3389 3434 3457">
     <span class='ocr_line' id='line_1_76' title="bbox 1874 3389 3434 3457; baseline 0.001 -15"><span class='ocrx_word' id='word_1_519' title='bbox 1874 3392 2041 3455; x_wconf 80' lang='lat' dir='ltr'><strong>addit,</strong></span> <span class='ocrx_word' id='word_1_520' title='bbox 2102 3391 2144 3443; x_wconf 90' lang='lat' dir='ltr'><strong>si</strong></span> <span class='ocrx_word' id='word_1_521' title='bbox 2198 3400 2468 3456; x_wconf 87' lang='lat' dir='ltr'><strong>possunt:</strong></span> <span class='ocrx_word' id='word_1_522' title='bbox 2508 3393 2587 3444; x_wconf 73' lang='lat' dir='ltr'><strong>lex</strong></span> <span class='ocrx_word' id='word_1_523' title='bbox 2639 3405 2768 3445; x_wconf 88' lang='lat' dir='ltr'><strong>vero</strong></span> <span class='ocrx_word' id='word_1_524' title='bbox 2822 3389 3013 3454; x_wconf 78' lang='lat' dir='ltr'><strong>civilis,</strong></span> <span class='ocrx_word' id='word_1_525' title='bbox 3052 3405 3080 3442; x_wconf 89' lang='lat' dir='ltr'><strong>a</strong></span> <span class='ocrx_word' id='word_1_526' title='bbox 3119 3391 3434 3457; x_wconf 70' lang='lat' dir='ltr'><strong>&quot;muneribus</strong></span> 
     </span>
    </p>
   </div>
   <div class='ocr_carea' id='block_1_77' title="bbox 1871 3478 3430 3549">
    <p class='ocr_par' dir='ltr' id='par_1_77' title="bbox 1871 3478 3430 3549">
     <span class='ocr_line' id='line_1_77' title="bbox 1871 3478 3430 3549; baseline 0.002 -19"><span class='ocrx_word' id='word_1_527' title='bbox 1871 3478 1959 3533; x_wconf 88' lang='lat' dir='ltr'><strong>die</strong></span> <span class='ocrx_word' id='word_1_528' title='bbox 1990 3480 2266 3534; x_wconf 87' lang='lat' dir='ltr'><strong>Dominico</strong></span> <span class='ocrx_word' id='word_1_529' title='bbox 2291 3481 2619 3534; x_wconf 84' lang='lat' dir='ltr'><strong>vacationem</strong></span> <span class='ocrx_word' id='word_1_530' title='bbox 2646 3495 2784 3546; x_wconf 82' lang='lat' dir='ltr'><strong>esse,</strong></span> <span class='ocrx_word' id='word_1_531' title='bbox 2814 3481 2857 3534; x_wconf 92' lang='lat' dir='ltr'><strong>si</strong></span> <span class='ocrx_word' id='word_1_532' title='bbox 2891 3480 3245 3549; x_wconf 84' lang='lat' dir='ltr'><strong>agricolarum</strong></span> <span class='ocrx_word' id='word_1_533' title='bbox 3267 3493 3430 3548; x_wconf 83' lang='lat' dir='ltr'><strong>Opera</strong></span> 
     </span>
    </p>
   </div>
   <div class='ocr_carea' id='block_1_78' title="bbox 1869 3572 3432 3643">
    <p class='ocr_par' dir='ltr' id='par_1_78' title="bbox 1869 3572 3432 3643">
     <span class='ocr_line' id='line_1_78' title="bbox 1869 3572 3432 3643; baseline 0 -17"><span class='ocrx_word' id='word_1_534' title='bbox 1869 3573 2126 3640; x_wconf 80' lang='lat' dir='ltr'><strong>excipias,</strong></span> <span class='ocrx_word' id='word_1_535' title='bbox 2157 3575 2379 3628; x_wconf 87' lang='lat' dir='ltr'><strong>omnino</strong></span> <span class='ocrx_word' id='word_1_536' title='bbox 2432 3573 2603 3643; x_wconf 80' lang='lat' dir='ltr'><strong>jubet.</strong></span> <span class='ocrx_word' id='word_1_537' title='bbox 2654 3573 2760 3628; x_wconf 90' lang='lat' dir='ltr'><strong>lllis</strong></span> <span class='ocrx_word' id='word_1_538' title='bbox 2809 3589 3071 3643; x_wconf 90' lang='lat' dir='ltr'><strong>namque,</strong></span> <span class='ocrx_word' id='word_1_539' title='bbox 3114 3572 3244 3641; x_wconf 85' lang='lat' dir='ltr'><strong>quia</strong></span> <span class='ocrx_word' id='word_1_540' title='bbox 3292 3573 3432 3626; x_wconf 81' lang='lat' dir='ltr'><strong>forte</strong></span> 
     </span>
    </p>
   </div>
   <div class='ocr_carea' id='block_1_79' title="bbox 1869 3663 3429 3734">
    <p class='ocr_par' dir='ltr' id='par_1_79' title="bbox 1869 3663 3429 3734">
     <span class='ocr_line' id='line_1_79' title="bbox 1869 3663 3429 3734; baseline -0.001 -17"><span class='ocrx_word' id='word_1_541' title='bbox 1869 3663 2121 3730; x_wconf 85' lang='lat' dir='ltr'><strong>operibus</strong></span> <span class='ocrx_word' id='word_1_542' title='bbox 2167 3665 2339 3731; x_wconf 87' lang='lat' dir='ltr'><strong>primo</strong></span> <span class='ocrx_word' id='word_1_543' title='bbox 2392 3679 2603 3732; x_wconf 86' lang='lat' dir='ltr'><strong>quoque</strong></span> <span class='ocrx_word' id='word_1_544' title='bbox 2665 3675 2904 3734; x_wconf 89' lang='lat' dir='ltr'><strong>tempore</strong></span> <span class='ocrx_word' id='word_1_545' title='bbox 2954 3665 3216 3720; x_wconf 89' lang='lat' dir='ltr'><strong>obeundis</strong></span> <span class='ocrx_word' id='word_1_546' title='bbox 3264 3665 3429 3717; x_wconf 90' lang='lat' dir='ltr'><strong>alium</strong></span> 
     </span>
    </p>
   </div>
   <div class='ocr_carea' id='block_1_80' title="bbox 1870 3755 3427 3824">
    <p class='ocr_par' dir='ltr' id='par_1_80' title="bbox 1870 3755 3427 3824">
     <span class='ocr_line' id='line_1_80' title="bbox 1870 3755 3427 3824; baseline 0.001 -16"><span class='ocrx_word' id='word_1_547' title='bbox 1870 3756 2007 3808; x_wconf 90' lang='lat' dir='ltr'><strong>diem</strong></span> <span class='ocrx_word' id='word_1_548' title='bbox 2037 3757 2237 3824; x_wconf 83' lang='lat' dir='ltr'><strong>pariter</strong></span> <span class='ocrx_word' id='word_1_549' title='bbox 2264 3759 2739 3810; x_wconf 86' lang='lat' dir='ltr'><strong>accommodatum</strong></span> <span class='ocrx_word' id='word_1_550' title='bbox 2761 3757 2999 3810; x_wconf 90' lang='lat' dir='ltr'><strong>nancisci</strong></span> <span class='ocrx_word' id='word_1_551' title='bbox 3033 3773 3136 3811; x_wconf 90' lang='lat' dir='ltr'><strong>non</strong></span> <span class='ocrx_word' id='word_1_552' title='bbox 3167 3757 3237 3810; x_wconf 87' lang='lat' dir='ltr'><strong>ita</strong></span> <span class='ocrx_word' id='word_1_553' title='bbox 3271 3755 3427 3810; x_wconf 82' lang='lat' dir='ltr'><strong>facile</strong></span> 
     </span>
    </p>
   </div>
   <div class='ocr_carea' id='block_1_81' title="bbox 1878 3844 3428 3917">
    <p class='ocr_par' dir='ltr' id='par_1_81' title="bbox 1878 3844 3428 3917">
     <span class='ocr_line' id='line_1_81' title="bbox 1878 3844 3428 3917; baseline 0.002 -21"><span class='ocrx_word' id='word_1_554' title='bbox 1878 3844 2072 3909; x_wconf 86' lang='lat' dir='ltr'><strong>fuerit,</strong></span> <span class='ocrx_word' id='word_1_555' title='bbox 2108 3847 2381 3900; x_wconf 78' lang='lat' dir='ltr'><strong>Detninico</strong></span> <span class='ocrx_word' id='word_1_556' title='bbox 2415 3863 2626 3916; x_wconf 85' lang='lat' dir='ltr'><strong>quoque</strong></span> <span class='ocrx_word' id='word_1_557' title='bbox 2674 3849 2758 3901; x_wconf 87' lang='lat' dir='ltr'><strong>die</strong></span> <span class='ocrx_word' id='word_1_558' title='bbox 2805 3864 3021 3917; x_wconf 79' lang='lat' dir='ltr'><strong>operam</strong></span> <span class='ocrx_word' id='word_1_559' title='bbox 3072 3849 3299 3902; x_wconf 82' lang='lat' dir='ltr'><strong>navandi</strong></span> <span class='ocrx_word' id='word_1_560' title='bbox 3345 3846 3428 3900; x_wconf 78' lang='lat' dir='ltr'><strong>fa-</strong></span> 
     </span>
    </p>
   </div>
   <div class='ocr_carea' id='block_1_82' title="bbox 1865 3936 3430 4008">
    <p class='ocr_par' dir='ltr' id='par_1_82' title="bbox 1865 3936 3430 4008">
     <span class='ocr_line' id='line_1_82' title="bbox 1865 3936 3430 4008; baseline 0.002 -19"><span class='ocrx_word' id='word_1_561' title='bbox 1865 3936 2038 3990; x_wconf 84' lang='lat' dir='ltr'><strong>cultas</strong></span> <span class='ocrx_word' id='word_1_562' title='bbox 2073 3951 2326 3991; x_wconf 74' lang='lat' dir='ltr'><strong>coiicessa</strong></span> <span class='ocrx_word' id='word_1_563' title='bbox 2354 3948 2455 3992; x_wconf 87' lang='lat' dir='ltr'><strong>est.</strong></span> <span class='ocrx_word' id='word_1_564' title='bbox 2492 3939 2557 3992; x_wconf 85' lang='lat' dir='ltr'><strong>Et</strong></span> <span class='ocrx_word' id='word_1_565' title='bbox 2589 3955 2712 3992; x_wconf 84' lang='lat' dir='ltr'><strong>vero</strong></span> <span class='ocrx_word' id='word_1_566' title='bbox 2743 3940 3168 4008; x_wconf 82' lang='lat' dir='ltr'><strong>septuagesitnus</strong></span> <span class='ocrx_word' id='word_1_567' title='bbox 3217 3953 3430 4008; x_wconf 88' lang='lat' dir='ltr'><strong>quoque</strong></span> 
     </span>
    </p>
   </div>
   <div class='ocr_carea' id='block_1_83' title="bbox 1875 4030 3426 4100">
    <p class='ocr_par' dir='ltr' id='par_1_83' title="bbox 1875 4030 3426 4100">
     <span class='ocr_line' id='line_1_83' title="bbox 1875 4030 3426 4100; baseline 0 -18"><span class='ocrx_word' id='word_1_568' title='bbox 1875 4040 2188 4083; x_wconf 84' lang='lat' dir='ltr'><strong>sanctorum</strong></span> <span class='ocrx_word' id='word_1_569' title='bbox 2217 4030 2577 4100; x_wconf 87' lang='lat' dir='ltr'><strong>apostolorum</strong></span> <span class='ocrx_word' id='word_1_570' title='bbox 2609 4047 2779 4084; x_wconf 91' lang='lat' dir='ltr'><strong>canon</strong></span> <span class='ocrx_word' id='word_1_571' title='bbox 2831 4047 3004 4100; x_wconf 90' lang='lat' dir='ltr'><strong>neque</strong></span> <span class='ocrx_word' id='word_1_572' title='bbox 3047 4030 3251 4100; x_wconf 87' lang='lat' dir='ltr'><strong>jejunia</strong></span> <span class='ocrx_word' id='word_1_573' title='bbox 3301 4045 3426 4084; x_wconf 88' lang='lat' dir='ltr'><strong>cum</strong></span> 
     </span>
    </p>
   </div>
   <div class='ocr_carea' id='block_1_84' title="bbox 1873 4117 3427 4198">
    <p class='ocr_par' dir='ltr' id='par_1_84' title="bbox 1873 4117 3427 4198">
     <span class='ocr_line' id='line_1_84' title="bbox 1873 4117 3427 4198; baseline 0 -24"><span class='ocrx_word' id='word_1_574' title='bbox 1873 4117 2072 4174; x_wconf 69' lang='lat' dir='ltr'><strong>Judaris</strong></span> <span class='ocrx_word' id='word_1_575' title='bbox 2103 4134 2379 4186; x_wconf 80' lang='lat' dir='ltr'><strong>exercere,</strong></span> <span class='ocrx_word' id='word_1_576' title='bbox 2408 4135 2506 4175; x_wconf 90' lang='lat' dir='ltr'><strong>uec</strong></span> <span class='ocrx_word' id='word_1_577' title='bbox 2536 4120 2699 4186; x_wconf 80' lang='lat' dir='ltr'><strong>festos</strong></span> <span class='ocrx_word' id='word_1_578' title='bbox 2732 4121 2848 4176; x_wconf 88' lang='lat' dir='ltr'><strong>dies</strong></span> <span class='ocrx_word' id='word_1_579' title='bbox 2872 4136 3051 4191; x_wconf 79' lang='lat' dir='ltr'><strong>agere,</strong></span> <span class='ocrx_word' id='word_1_580' title='bbox 3072 4121 3254 4175; x_wconf 77' lang='lat' dir='ltr'><strong>fideles</strong></span> <span class='ocrx_word' id='word_1_581' title='bbox 3279 4123 3427 4198; x_wconf 81' lang='lat' dir='ltr'><strong>sinit:</strong></span> 
     </span>
    </p>
   </div>
   <div class='ocr_carea' id='block_1_85' title="bbox 207 4212 3425 4290">
    <p class='ocr_par' dir='ltr' id='par_1_85' title="bbox 207 4212 3425 4290">
     <span class='ocr_line' id='line_1_85' title="bbox 207 4212 3425 4290; baseline -0.001 -20"><span class='ocrx_word' id='word_1_582' title='bbox 207 4235 389 4273; x_wconf 88' lang='lat' dir='ltr'><strong>verum</strong></span> <span class='ocrx_word' id='word_1_583' title='bbox 425 4223 513 4290; x_wconf 90' lang='lat' dir='ltr'><strong>qui</strong></span> <span class='ocrx_word' id='word_1_584' title='bbox 548 4222 597 4275; x_wconf 92' lang='lat' dir='ltr'><strong>id</strong></span> <span class='ocrx_word' id='word_1_585' title='bbox 627 4219 869 4288; x_wconf 88' lang='lat' dir='ltr'><strong>fecerint,</strong></span> <span class='ocrx_word' id='word_1_586' title='bbox 896 4219 1066 4275; x_wconf 86' lang='lat' dir='ltr'><strong>sacris</strong></span> <span class='ocrx_word' id='word_1_587' title='bbox 1098 4217 1314 4288; x_wconf 87' lang='lat' dir='ltr'><strong>quidem</strong></span> <span class='ocrx_word' id='word_1_588' title='bbox 1345 4214 1624 4272; x_wconf 91' lang='lat' dir='ltr'><strong>ordinibus</strong></span> <span class='ocrx_word' id='word_1_589' title='bbox 1678 4212 1916 4268; x_wconf 85' lang='lat' dir='ltr'><strong>initiatos</strong></span> <span class='ocrx_word' id='word_1_590' title='bbox 1973 4215 2323 4280; x_wconf 76' lang='lat' dir='ltr'><strong>depositione,</strong></span> <span class='ocrx_word' id='word_1_591' title='bbox 2383 4214 2550 4271; x_wconf 89' lang='lat' dir='ltr'><strong>laicos</strong></span> <span class='ocrx_word' id='word_1_592' title='bbox 2612 4230 2738 4270; x_wconf 88' lang='lat' dir='ltr'><strong>vero</strong></span> <span class='ocrx_word' id='word_1_593' title='bbox 2812 4214 3200 4286; x_wconf 75' lang='lat' dir='ltr'><strong>segregatione,</strong></span> <span class='ocrx_word' id='word_1_594' title='bbox 3261 4213 3425 4268; x_wconf 87' lang='lat' dir='ltr'><strong>teneri</strong></span> 
     </span>
    </p>
   </div>
   <div class='ocr_carea' id='block_1_86' title="bbox 208 4314 372 4367">
    <p class='ocr_par' dir='ltr' id='par_1_86' title="bbox 208 4314 372 4367">
     <span class='ocr_line' id='line_1_86' title="bbox 208 4314 372 4367; baseline 0.037 -7"><span class='ocrx_word' id='word_1_595' title='bbox 208 4314 372 4367; x_wconf 84' lang='lat' dir='ltr'><strong>iubet.</strong></span> 
     </span>
    </p>
   </div>
   <div class='ocr_carea' id='block_1_87' title="bbox 200 4329 1768 4475">
    <p class='ocr_par' dir='ltr' id='par_1_87' title="bbox 200 4329 1768 4475">
     <span class='ocr_line' id='line_1_87' title="bbox 230 4329 372 4366; baseline 0.028 -4"><span class='ocrx_word' id='word_1_596' title='bbox 230 4329 296 4365; x_wconf 90' lang='lat' dir='ltr'><strong>nn</strong></span> <span class='ocrx_word' id='word_1_597' title='bbox 334 4329 372 4366; x_wconf 88' lang='lat' dir='ltr'><strong>t.</strong></span> 
     </span>
     <span class='ocr_line' id='line_1_88' title="bbox 200 4329 1768 4475; baseline -0.006 -16"><span class='ocrx_word' id='word_1_598' title='bbox 200 4329 430 4461; x_wconf 45' lang='lat' dir='ltr'><strong>LPET.</strong></span> <span class='ocrx_word' id='word_1_599' title='bbox 464 4423 485 4458; x_wconf 77' lang='grc' dir='ltr'><strong>ι</strong></span> <span class='ocrx_word' id='word_1_600' title='bbox 528 4405 603 4460; x_wconf 83' lang='grc' dir='ltr'><strong>Οὐ</strong></span> <span class='ocrx_word' id='word_1_601' title='bbox 658 4404 935 4458; x_wconf 86' lang='grc' dir='ltr'>Σάϐϐατον</span> <span class='ocrx_word' id='word_1_602' title='bbox 980 4404 1211 4475; x_wconf 83' lang='grc' dir='ltr'>ἀργήσει</span> <span class='ocrx_word' id='word_1_603' title='bbox 1237 4400 1581 4472; x_wconf 84' lang='grc' dir='ltr'>Χριστιανὸς,</span> <span class='ocrx_word' id='word_1_604' title='bbox 1632 4397 1768 4451; x_wconf 82' lang='grc' dir='ltr'>ἀλλὰ</span> 
     </span>
    </p>
   </div>
   <div class='ocr_carea' id='block_1_88' title="bbox 750 4497 1173 4567">
    <p class='ocr_par' dir='ltr' id='par_1_88' title="bbox 750 4497 1173 4567">
     <span class='ocr_line' id='line_1_89' title="bbox 750 4497 1173 4567; baseline -0.005 -18"><span class='ocrx_word' id='word_1_605' title='bbox 750 4516 768 4549; x_wconf 79' lang='grc' dir='ltr'><strong>ι</strong></span> <span class='ocrx_word' id='word_1_606' title='bbox 813 4497 1120 4567; x_wconf 79' lang='grc' dir='ltr'>Κυριακήν.</span> <span class='ocrx_word' id='word_1_607' title='bbox 1154 4515 1173 4547; x_wconf 70' lang='grc' dir='ltr'><strong>ι</strong></span> 
     </span>
    </p>
   </div>
   <div class='ocr_carea' id='block_1_89' title="bbox 1874 4388 3426 4460">
    <p class='ocr_par' dir='ltr' id='par_1_89' title="bbox 1874 4388 3426 4460">
     <span class='ocr_line' id='line_1_90' title="bbox 1874 4388 3426 4460; baseline 0.004 -15"><span class='ocrx_word' id='word_1_608' title='bbox 1874 4388 2100 4446; x_wconf 81' lang='lat' dir='ltr'><strong>ARIST.</strong></span> <span class='ocrx_word' id='word_1_609' title='bbox 2143 4411 2162 4445; x_wconf 82' lang='grc' dir='ltr'><strong>ι</strong></span> <span class='ocrx_word' id='word_1_610' title='bbox 2202 4393 2539 4449; x_wconf 83' lang='lat' dir='ltr'><strong>Christianus</strong></span> <span class='ocrx_word' id='word_1_611' title='bbox 2564 4407 2666 4447; x_wconf 74' lang='grc' dir='ltr'>ηοω</span> <span class='ocrx_word' id='word_1_612' title='bbox 2699 4391 2970 4460; x_wconf 83' lang='lat' dir='ltr'><strong>Sabbato,</strong></span> <span class='ocrx_word' id='word_1_613' title='bbox 3007 4392 3100 4448; x_wconf 89' lang='lat' dir='ltr'><strong>sed</strong></span> <span class='ocrx_word' id='word_1_614' title='bbox 3129 4394 3216 4449; x_wconf 87' lang='lat' dir='ltr'><strong>die</strong></span> <span class='ocrx_word' id='word_1_615' title='bbox 3245 4393 3426 4451; x_wconf 82' lang='lat' dir='ltr'><strong>Domi-</strong></span> 
     </span>
    </p>
   </div>
   <div class='ocr_carea' id='block_1_90' title="bbox 2404 4485 2896 4540">
    <p class='ocr_par' dir='ltr' id='par_1_90' title="bbox 2404 4485 2896 4540">
     <span class='ocr_line' id='line_1_91' title="bbox 2404 4485 2896 4540; baseline 0 -3"><span class='ocrx_word' id='word_1_616' title='bbox 2404 4505 2423 4537; x_wconf 76' lang='lat' dir='ltr'><strong>I</strong></span> <span class='ocrx_word' id='word_1_617' title='bbox 2450 4488 2566 4540; x_wconf 85' lang='lat' dir='ltr'><strong>nica</strong></span> <span class='ocrx_word' id='word_1_618' title='bbox 2599 4485 2842 4539; x_wconf 79' lang='lat' dir='ltr'><strong>feriatur.</strong></span> <span class='ocrx_word' id='word_1_619' title='bbox 2879 4505 2896 4536; x_wconf 79' lang='grc' dir='ltr'><strong>ι</strong></span> 
     </span>
    </p>
   </div>
   <div class='ocr_carea' id='block_1_91' title="bbox 295 4566 1768 4661">
    <p class='ocr_par' dir='ltr' id='par_1_91' title="bbox 295 4566 1765 4661">
     <span class='ocr_line' id='line_1_92' title="bbox 295 4566 1765 4661; baseline -0.006 -17"><span class='ocrx_word' id='word_1_620' title='bbox 295 4582 572 4653; x_wconf 75' lang='grc' dir='ltr'>Ἰουδαΐζει</span> <span class='ocrx_word' id='word_1_621' title='bbox 607 4590 713 4661; x_wconf 78' lang='grc' dir='ltr'><strong>γὰρ</strong></span> <span class='ocrx_word' id='word_1_622' title='bbox 759 4592 815 4641; x_wconf 80' lang='grc' dir='ltr'>ἐν</span> <span class='ocrx_word' id='word_1_623' title='bbox 861 4566 938 4658; x_wconf 78' lang='grc' dir='ltr'>τῷ</span> <span class='ocrx_word' id='word_1_624' title='bbox 978 4566 1238 4659; x_wconf 79' lang='grc' dir='ltr'>Σαϐϐάτῳ</span> <span class='ocrx_word' id='word_1_625' title='bbox 1309 4586 1582 4658; x_wconf 77' lang='grc' dir='ltr'>σχολάζων</span> <span class='ocrx_word' id='word_1_626' title='bbox 1633 4585 1765 4654; x_wconf 85' lang='grc' dir='ltr'>Χρι-</span> 
     </span>
    </p>
   </div>
   <div class='ocr_carea' id='block_1_92' title="bbox 1874 4566 3422 4661">
    <p class='ocr_par' dir='ltr' id='par_1_92' title="bbox 1945 4566 3422 4661">
     <span class='ocr_line' id='line_1_93' title="bbox 1945 4566 3422 4661; baseline 0 -28"><span class='ocrx_word' id='word_1_627' title='bbox 1945 4576 2283 4661; x_wconf 80' lang='lat' dir='ltr'><strong>Christianus</strong></span> <span class='ocrx_word' id='word_1_628' title='bbox 2313 4579 2454 4630; x_wconf 89' lang='lat' dir='ltr'><strong>enim</strong></span> <span class='ocrx_word' id='word_1_629' title='bbox 2490 4577 2579 4646; x_wconf 88' lang='lat' dir='ltr'><strong>qui</strong></span> <span class='ocrx_word' id='word_1_630' title='bbox 2612 4578 2663 4631; x_wconf 90' lang='lat' dir='ltr'><strong>iu</strong></span> <span class='ocrx_word' id='word_1_631' title='bbox 2701 4577 2934 4631; x_wconf 84' lang='lat' dir='ltr'><strong>Sabbato</strong></span> <span class='ocrx_word' id='word_1_632' title='bbox 2963 4566 3138 4643; x_wconf 74' lang='lat' dir='ltr'><strong>vacat,</strong></span> <span class='ocrx_word' id='word_1_633' title='bbox 3167 4579 3422 4648; x_wconf 81' lang='lat' dir='ltr'><strong>judaizat.</strong></span> 
     </span>
    </p>
   </div>
   <div class='ocr_carea' id='block_1_93' title="bbox 211 4679 1766 4750">
    <p class='ocr_par' dir='ltr' id='par_1_93' title="bbox 211 4679 1766 4750">
     <span class='ocr_line' id='line_1_94' title="bbox 211 4679 1766 4750; baseline -0.003 -16"><span class='ocrx_word' id='word_1_634' title='bbox 211 4689 446 4745; x_wconf 84' lang='grc' dir='ltr'>στιανος.</span> <span class='ocrx_word' id='word_1_635' title='bbox 482 4684 583 4735; x_wconf 85' lang='grc' dir='ltr'>Διά</span> <span class='ocrx_word' id='word_1_636' title='bbox 611 4683 767 4735; x_wconf 76' lang='grc' dir='ltr'>τοῦτο</span> <span class='ocrx_word' id='word_1_637' title='bbox 793 4682 872 4734; x_wconf 88' lang='grc' dir='ltr'><strong>δεῖ</strong></span> <span class='ocrx_word' id='word_1_638' title='bbox 914 4681 1240 4749; x_wconf 77' lang='grc' dir='ltr'>ἐργάζεσθαι</span> <span class='ocrx_word' id='word_1_639' title='bbox 1298 4682 1356 4732; x_wconf 83' lang='grc' dir='ltr'>ὲν</span> <span class='ocrx_word' id='word_1_640' title='bbox 1379 4681 1516 4750; x_wconf 75' lang='grc' dir='ltr'>αὐτῇ</span> <span class='ocrx_word' id='word_1_641' title='bbox 1562 4679 1766 4747; x_wconf 71' lang='grc' dir='ltr'>ἡμέρᾳ,</span> 
     </span>
    </p>
   </div>
   <div class='ocr_carea' id='block_1_94' title="bbox 209 4776 1066 4847">
    <p class='ocr_par' dir='ltr' id='par_1_94' title="bbox 209 4776 1066 4847">
     <span class='ocr_line' id='line_1_95' title="bbox 209 4776 1066 4847; baseline 0.001 -20"><span class='ocrx_word' id='word_1_642' title='bbox 209 4776 494 4845; x_wconf 74' lang='grc' dir='ltr'>σχολάζειν</span> <span class='ocrx_word' id='word_1_643' title='bbox 517 4777 572 4829; x_wconf 84' lang='grc' dir='ltr'>δὲ</span> <span class='ocrx_word' id='word_1_644' title='bbox 604 4779 659 4829; x_wconf 78' lang='grc' dir='ltr'>ἐν</span> <span class='ocrx_word' id='word_1_645' title='bbox 686 4779 752 4847; x_wconf 78' lang='grc' dir='ltr'>τῇ</span> <span class='ocrx_word' id='word_1_646' title='bbox 789 4777 1066 4846; x_wconf 78' lang='grc' dir='ltr'>Κυριακῇ.</span> 
     </span>
    </p>
   </div>
   <div class='ocr_carea' id='block_1_95' title="bbox 805 4862 1155 4920">
    <p class='ocr_par' dir='ltr' id='par_1_95' title="bbox 805 4862 1155 4920">
     <span class='ocr_line' id='line_1_96' title="bbox 805 4862 1155 4920; baseline -0.003 0"><span class='ocrx_word' id='word_1_647' title='bbox 805 4867 1042 4920; x_wconf 78' lang='grc' dir='ltr'><strong>ΚΑΝΩΝ</strong></span> <span class='ocrx_word' id='word_1_648' title='bbox 1081 4862 1155 4919; x_wconf 85' lang='grc' dir='ltr'>Λ’.</span> 
     </span>
    </p>
   </div>
   <div class='ocr_carea' id='block_1_96' title="bbox 217 4953 1762 5032">
    <p class='ocr_par' dir='ltr' id='par_1_96' title="bbox 217 4953 1762 5032">
     <span class='ocr_line' id='line_1_97' title="bbox 217 4953 1762 5032; baseline -0.005 -20"><span class='ocrx_word' id='word_1_649' title='bbox 217 4959 236 5012; x_wconf 81' lang='grc' dir='ltr'><strong>ί</strong></span> <span class='ocrx_word' id='word_1_650' title='bbox 285 4961 408 5016; x_wconf 87' lang='grc' dir='ltr'>’Ὀτι</span> <span class='ocrx_word' id='word_1_651' title='bbox 466 4964 526 5014; x_wconf 88' lang='grc' dir='ltr'>οὑ</span> <span class='ocrx_word' id='word_1_652' title='bbox 586 4963 666 5016; x_wconf 84' lang='grc' dir='ltr'><strong>δεῖ</strong></span> <span class='ocrx_word' id='word_1_653' title='bbox 711 4963 988 5029; x_wconf 76' lang='grc' dir='ltr'>ἱερατικὸν</span> <span class='ocrx_word' id='word_1_654' title='bbox 1031 4961 1063 5032; x_wconf 82' lang='grc' dir='ltr'>ἢ</span> <span class='ocrx_word' id='word_1_655' title='bbox 1100 4955 1406 5030; x_wconf 73' lang='grc' dir='ltr'>κληρικδνῆ</span> <span class='ocrx_word' id='word_1_656' title='bbox 1437 4953 1678 5025; x_wconf 73' lang='grc' dir='ltr'>ἀσκητὴν</span> <span class='ocrx_word' id='word_1_657' title='bbox 1706 4953 1762 5004; x_wconf 80' lang='grc' dir='ltr'>ἐν</span> 
     </span>
    </p>
   </div>
   <div class='ocr_carea' id='block_1_97' title="bbox 291 5043 1769 5122">
    <p class='ocr_par' dir='ltr' id='par_1_97' title="bbox 291 5043 1769 5122">
     <span class='ocr_line' id='line_1_98' title="bbox 291 5043 1769 5122; baseline -0.009 -13"><span class='ocrx_word' id='word_1_658' title='bbox 291 5073 310 5104; x_wconf 74' lang='grc' dir='ltr'><strong>ι</strong></span> <span class='ocrx_word' id='word_1_659' title='bbox 360 5054 628 5122; x_wconf 76' lang='grc' dir='ltr'>βαλανείῳ</span> <span class='ocrx_word' id='word_1_660' title='bbox 682 5053 821 5122; x_wconf 79' lang='grc' dir='ltr'>μετά</span> <span class='ocrx_word' id='word_1_661' title='bbox 874 5051 1146 5120; x_wconf 82' lang='grc' dir='ltr'>γυναικῶν</span> <span class='ocrx_word' id='word_1_662' title='bbox 1199 5046 1580 5110; x_wconf 83' lang='grc' dir='ltr'>ἀπολούεσθαι,</span> <span class='ocrx_word' id='word_1_663' title='bbox 1636 5043 1769 5115; x_wconf 78' lang='grc' dir='ltr'>μηδὲ</span> 
     </span>
    </p>
   </div>
   <div class='ocr_carea' id='block_1_98' title="bbox 291 5139 1768 5214">
    <p class='ocr_par' dir='ltr' id='par_1_98' title="bbox 291 5139 1768 5214">
     <span class='ocr_line' id='line_1_99' title="bbox 291 5139 1768 5214; baseline -0.007 -16"><span class='ocrx_word' id='word_1_664' title='bbox 291 5165 309 5198; x_wconf 79' lang='grc' dir='ltr'><strong>ι</strong></span> <span class='ocrx_word' id='word_1_665' title='bbox 359 5150 537 5200; x_wconf 85' lang='grc' dir='ltr'>πάντα</span> <span class='ocrx_word' id='word_1_666' title='bbox 569 5145 916 5213; x_wconf 80' lang='grc' dir='ltr'>Χριστιανὸν,</span> <span class='ocrx_word' id='word_1_667' title='bbox 950 5144 984 5214; x_wconf 85' lang='grc' dir='ltr'>ἢ</span> <span class='ocrx_word' id='word_1_668' title='bbox 1013 5143 1199 5196; x_wconf 86' lang='grc' dir='ltr'>λαῖκόν</span> <span class='ocrx_word' id='word_1_669' title='bbox 1225 5158 1241 5176; x_wconf 77' lang='grc' dir='ltr'><strong>ο</strong></span> <span class='ocrx_word' id='word_1_670' title='bbox 1282 5139 1422 5210; x_wconf 73' lang='grc' dir='ltr'>αὕτη</span> <span class='ocrx_word' id='word_1_671' title='bbox 1442 5140 1548 5209; x_wconf 76' lang='grc' dir='ltr'>γὰρ</span> <span class='ocrx_word' id='word_1_672' title='bbox 1580 5139 1768 5208; x_wconf 63' lang='grc' dir='ltr'>πριίιτη</span> 
     </span>
    </p>
   </div>
   <div class='ocr_carea' id='block_1_99' title="bbox 290 5237 1166 5308">
    <p class='ocr_par' dir='ltr' id='par_1_99' title="bbox 290 5237 1166 5308">
     <span class='ocr_line' id='line_1_100' title="bbox 290 5237 1166 5308; baseline -0.003 -18"><span class='ocrx_word' id='word_1_673' title='bbox 290 5259 309 5290; x_wconf 81' lang='grc' dir='ltr'><strong>ι</strong></span> <span class='ocrx_word' id='word_1_674' title='bbox 361 5243 705 5308; x_wconf 85' lang='grc' dir='ltr'>κατάγνωσις</span> <span class='ocrx_word' id='word_1_675' title='bbox 736 5240 849 5300; x_wconf 82' lang='grc' dir='ltr'>τοῖς</span> <span class='ocrx_word' id='word_1_676' title='bbox 877 5237 1105 5288; x_wconf 75' lang='grc' dir='ltr'>ἔθνεσιν.</span> <span class='ocrx_word' id='word_1_677' title='bbox 1147 5254 1166 5287; x_wconf 70' lang='grc' dir='ltr'><strong>ι</strong></span> 
     </span>
    </p>
   </div>
   <div class='ocr_carea' id='block_1_100' title="bbox 194 5323 1769 5402">
    <p class='ocr_par' dir='ltr' id='par_1_100' title="bbox 194 5323 1769 5402">
     <span class='ocr_line' id='line_1_101' title="bbox 194 5323 1769 5402; baseline -0.009 -15"><span class='ocrx_word' id='word_1_678' title='bbox 194 5360 202 5369; x_wconf 89' lang='grc'><strong>·</strong></span> <span class='ocrx_word' id='word_1_679' title='bbox 285 5333 481 5386; x_wconf 80' lang='grc' dir='ltr'>ΒᾹΛΣ.</span> <span class='ocrx_word' id='word_1_680' title='bbox 524 5334 612 5386; x_wconf 85' lang='grc' dir='ltr'>Ἐν</span> <span class='ocrx_word' id='word_1_681' title='bbox 641 5332 716 5402; x_wconf 83' lang='grc' dir='ltr'>τῷ</span> <span class='ocrx_word' id='word_1_682' title='bbox 743 5329 821 5395; x_wconf 52' lang='lat' dir='ltr'><strong>oi’</strong></span> <span class='ocrx_word' id='word_1_683' title='bbox 853 5329 1036 5383; x_wconf 85' lang='grc' dir='ltr'>κανόνι</span> <span class='ocrx_word' id='word_1_684' title='bbox 1061 5328 1160 5396; x_wconf 80' lang='grc' dir='ltr'>τῆς</span> <span class='ocrx_word' id='word_1_685' title='bbox 1197 5331 1250 5391; x_wconf 86' lang='grc' dir='ltr'>ς’</span> <span class='ocrx_word' id='word_1_686' title='bbox 1279 5323 1517 5387; x_wconf 82' lang='grc' dir='ltr'>συνόδου,</span> <span class='ocrx_word' id='word_1_687' title='bbox 1558 5323 1626 5376; x_wconf 77' lang='grc' dir='ltr'>τὰ</span> <span class='ocrx_word' id='word_1_688' title='bbox 1667 5327 1769 5374; x_wconf 85' lang='grc' dir='ltr'>αύ-</span> 
     </span>
    </p>
   </div>
   <div class='ocr_carea' id='block_1_101' title="bbox 155 5405 1766 5496">
    <p class='ocr_par' dir='ltr' id='par_1_101' title="bbox 155 5405 1766 5496">
     <span class='ocr_line' id='line_1_102' title="bbox 155 5405 1766 5496; baseline -0.008 -15"><span class='ocrx_word' id='word_1_689' title='bbox 155 5405 160 5416; x_wconf 40' lang='lat' dir='ltr'><strong>I</strong></span> <span class='ocrx_word' id='word_1_690' title='bbox 210 5427 278 5480; x_wconf 78' lang='grc' dir='ltr'><strong>τά</strong></span> <span class='ocrx_word' id='word_1_691' title='bbox 301 5427 378 5496; x_wconf 83' lang='grc' dir='ltr'><strong>τῷ</strong></span> <span class='ocrx_word' id='word_1_692' title='bbox 410 5426 636 5496; x_wconf 82' lang='grc' dir='ltr'>παρόντι</span> <span class='ocrx_word' id='word_1_693' title='bbox 671 5427 856 5478; x_wconf 86' lang='grc' dir='ltr'>κανόνι</span> <span class='ocrx_word' id='word_1_694' title='bbox 907 5419 1260 5491; x_wconf 79' lang='grc' dir='ltr'>διοριζομένῳ</span> <span class='ocrx_word' id='word_1_695' title='bbox 1314 5416 1766 5487; x_wconf 81' lang='grc' dir='ltr'>ἀπαραλλάκτως,</span> 
     </span>
    </p>
   </div>
   <div class='ocr_carea' id='block_1_102' title="bbox 210 5518 903 5591">
    <p class='ocr_par' dir='ltr' id='par_1_102' title="bbox 210 5518 903 5591">
     <span class='ocr_line' id='line_1_103' title="bbox 210 5518 903 5591; baseline -0.003 -18"><span class='ocrx_word' id='word_1_696' title='bbox 210 5520 532 5591; x_wconf 74' lang='grc' dir='ltr'>ἐγράψαμεν</span> <span class='ocrx_word' id='word_1_697' title='bbox 565 5520 630 5570; x_wconf 76' lang='grc' dir='ltr'>τὰ</span> <span class='ocrx_word' id='word_1_698' title='bbox 654 5518 903 5584; x_wconf 77' lang='grc' dir='ltr'>δόξαντα.</span> 
     </span>
    </p>
   </div>
   <div class='ocr_carea' id='block_1_103' title="bbox 284 5602 1769 5675">
    <p class='ocr_par' dir='ltr' id='par_1_103' title="bbox 284 5602 1769 5675">
     <span class='ocr_line' id='line_1_104' title="bbox 284 5602 1769 5675; baseline -0.009 -8"><span class='ocrx_word' id='word_1_699' title='bbox 284 5612 529 5667; x_wconf 73' lang='grc' dir='ltr'><strong>ΖΩΝΑΡ.</strong></span> <span class='ocrx_word' id='word_1_700' title='bbox 575 5611 648 5662; x_wconf 86' lang='grc' dir='ltr'>Τὸ</span> <span class='ocrx_word' id='word_1_701' title='bbox 712 5605 1068 5661; x_wconf 88' lang='grc' dir='ltr'>συλλούεσθαι</span> <span class='ocrx_word' id='word_1_702' title='bbox 1132 5606 1379 5675; x_wconf 83' lang='grc' dir='ltr'>γυναιξὶν</span> <span class='ocrx_word' id='word_1_703' title='bbox 1431 5602 1631 5673; x_wconf 80' lang='grc' dir='ltr'>ἄνδρας</span> <span class='ocrx_word' id='word_1_704' title='bbox 1675 5603 1769 5657; x_wconf 80' lang='grc' dir='ltr'><strong>καὶ</strong></span> 
     </span>
    </p>
   </div>
   <div class='ocr_carea' id='block_1_104' title="bbox 211 5697 1769 5779">
    <p class='ocr_par' dir='ltr' id='par_1_104' title="bbox 211 5697 1769 5779">
     <span class='ocr_line' id='line_1_105' title="bbox 211 5697 1769 5779; baseline -0.006 -23"><span class='ocrx_word' id='word_1_705' title='bbox 211 5707 478 5779; x_wconf 75' lang='grc' dir='ltr'>βλαϐερόν</span> <span class='ocrx_word' id='word_1_706' title='bbox 509 5707 656 5757; x_wconf 78' lang='grc' dir='ltr'>ἐστιν</span> <span class='ocrx_word' id='word_1_707' title='bbox 691 5703 768 5765; x_wconf 84' lang='grc' dir='ltr'><strong>εἰς</strong></span> <span class='ocrx_word' id='word_1_708' title='bbox 793 5699 990 5771; x_wconf 82' lang='grc' dir='ltr'>ψυχὴν,</span> <span class='ocrx_word' id='word_1_709' title='bbox 1020 5699 1113 5752; x_wconf 60' lang='grc' dir='ltr'><strong>καί¹</strong></span> <span class='ocrx_word' id='word_1_710' title='bbox 1165 5698 1338 5759; x_wconf 79' lang='grc' dir='ltr'>ἄλλως</span> <span class='ocrx_word' id='word_1_711' title='bbox 1386 5697 1769 5768; x_wconf 81' lang='grc' dir='ltr'>ἀσχημοσύνης</span> 
     </span>
    </p>
   </div>
   <div class='ocr_carea' id='block_1_105' title="bbox 214 5790 1768 5865">
    <p class='ocr_par' dir='ltr' id='par_1_105' title="bbox 214 5790 1768 5865">
     <span class='ocr_line' id='line_1_106' title="bbox 214 5790 1768 5865; baseline -0.006 -10"><span class='ocrx_word' id='word_1_712' title='bbox 214 5800 431 5865; x_wconf 80' lang='grc' dir='ltr'>ἀπάσης</span> <span class='ocrx_word' id='word_1_713' title='bbox 458 5799 732 5854; x_wconf 78' lang='grc' dir='ltr'>ἐπέκεινα.</span> <span class='ocrx_word' id='word_1_714' title='bbox 758 5796 832 5849; x_wconf 82' lang='grc' dir='ltr'><strong>Τὸ</strong></span> <span class='ocrx_word' id='word_1_715' title='bbox 864 5793 973 5864; x_wconf 86' lang='grc' dir='ltr'><strong>γὰρ</strong></span> <span class='ocrx_word' id='word_1_716' title='bbox 1005 5793 1216 5864; x_wconf 86' lang='grc' dir='ltr'>γυμνὰς</span> <span class='ocrx_word' id='word_1_717' title='bbox 1243 5790 1471 5861; x_wconf 81' lang='grc' dir='ltr'>ὁρᾶσθαι</span> <span class='ocrx_word' id='word_1_718' title='bbox 1503 5791 1768 5859; x_wconf 77' lang='grc' dir='ltr'>γυναῖκας</span> 
     </span>
    </p>
   </div>
   <div class='ocr_carea' id='block_1_106' title="bbox 1874 4659 3428 4738">
    <p class='ocr_par' dir='ltr' id='par_1_106' title="bbox 1874 4659 3428 4738">
     <span class='ocr_line' id='line_1_107' title="bbox 1874 4659 3428 4738; baseline 0.003 -16"><span class='ocrx_word' id='word_1_719' title='bbox 1874 4659 2211 4738; x_wconf 78' lang='lat' dir='ltr'><strong>Quapropter</strong></span> <span class='ocrx_word' id='word_1_720' title='bbox 2251 4669 2354 4725; x_wconf 82' lang='lat' dir='ltr'><strong>ista</strong></span> <span class='ocrx_word' id='word_1_721' title='bbox 2403 4669 2490 4724; x_wconf 83' lang='lat' dir='ltr'><strong>die</strong></span> <span class='ocrx_word' id='word_1_722' title='bbox 2542 4670 2751 4738; x_wconf 87' lang='lat' dir='ltr'><strong>operari</strong></span> <span class='ocrx_word' id='word_1_723' title='bbox 2794 4680 3005 4738; x_wconf 86' lang='lat' dir='ltr'><strong>oportet</strong></span> <span class='ocrx_word' id='word_1_724' title='bbox 3059 4680 3114 4725; x_wconf 88' lang='lat' dir='ltr'><strong>et</strong></span> <span class='ocrx_word' id='word_1_725' title='bbox 3151 4670 3428 4728; x_wconf 70' lang='lat' dir='ltr'><strong>Dominica</strong></span> 
     </span>
    </p>
   </div>
   <div class='ocr_carea' id='block_1_107' title="bbox 1874 4777 2083 4818">
    <p class='ocr_par' dir='ltr' id='par_1_107' title="bbox 1874 4777 2083 4818">
     <span class='ocr_line' id='line_1_108' title="bbox 1874 4777 2083 4818; baseline 0.01 -2"><span class='ocrx_word' id='word_1_726' title='bbox 1874 4777 2083 4818; x_wconf 71' lang='lat' dir='ltr'><strong>VuCttt‘e.</strong></span> 
     </span>
    </p>
   </div>
   <div class='ocr_carea' id='block_1_108' title="bbox 2429 4854 2868 4925">
    <p class='ocr_par' dir='ltr' id='par_1_108' title="bbox 2429 4854 2868 4925">
     <span class='ocr_line' id='line_1_109' title="bbox 2429 4854 2868 4925; baseline 0 -15"><span class='ocrx_word' id='word_1_727' title='bbox 2429 4854 2654 4910; x_wconf 64' lang='lat' dir='ltr'><strong>canon</strong></span> <span class='ocrx_word' id='word_1_728' title='bbox 2700 4854 2868 4925; x_wconf 74' lang='lat' dir='ltr'><strong>xxx.</strong></span> 
     </span>
    </p>
   </div>
   <div class='ocr_carea' id='block_1_109' title="bbox 1875 4948 3425 5020">
    <p class='ocr_par' dir='ltr' id='par_1_109' title="bbox 1875 4948 3425 5020">
     <span class='ocr_line' id='line_1_110' title="bbox 1875 4948 3425 5020; baseline 0.001 -19"><span class='ocrx_word' id='word_1_729' title='bbox 1875 4967 1896 5002; x_wconf 75' lang='grc' dir='ltr'><strong>ι</strong></span> <span class='ocrx_word' id='word_1_730' title='bbox 1932 4951 2078 5017; x_wconf 88' lang='lat' dir='ltr'><strong>Quod</strong></span> <span class='ocrx_word' id='word_1_731' title='bbox 2115 4967 2219 5006; x_wconf 89' lang='lat' dir='ltr'><strong>non</strong></span> <span class='ocrx_word' id='word_1_732' title='bbox 2273 4963 2483 5020; x_wconf 83' lang='lat' dir='ltr'><strong>oportet</strong></span> <span class='ocrx_word' id='word_1_733' title='bbox 2535 4960 2826 5014; x_wconf 88' lang='lat' dir='ltr'><strong>sacratum,</strong></span> <span class='ocrx_word' id='word_1_734' title='bbox 2877 4949 2958 5004; x_wconf 87' lang='lat' dir='ltr'><strong>vel</strong></span> <span class='ocrx_word' id='word_1_735' title='bbox 3011 4948 3281 5012; x_wconf 89' lang='lat' dir='ltr'><strong>clericum,</strong></span> <span class='ocrx_word' id='word_1_736' title='bbox 3342 4949 3425 5002; x_wconf 84' lang='lat' dir='ltr'><strong>vel</strong></span> 
     </span>
    </p>
   </div>
   <div class='ocr_carea' id='block_1_110' title="bbox 1948 5040 3422 5108">
    <p class='ocr_par' dir='ltr' id='par_1_110' title="bbox 1948 5040 3422 5108">
     <span class='ocr_line' id='line_1_111' title="bbox 1948 5040 3422 5108; baseline -0.004 -9"><span class='ocrx_word' id='word_1_737' title='bbox 1948 5066 1966 5099; x_wconf 80' lang='grc' dir='ltr'><strong>ι</strong></span> <span class='ocrx_word' id='word_1_738' title='bbox 2010 5047 2358 5108; x_wconf 88' lang='lat' dir='ltr'><strong>monachum,</strong></span> <span class='ocrx_word' id='word_1_739' title='bbox 2407 5046 2461 5099; x_wconf 92' lang='lat' dir='ltr'><strong>in</strong></span> <span class='ocrx_word' id='word_1_740' title='bbox 2501 5045 2690 5099; x_wconf 89' lang='lat' dir='ltr'><strong>balneo</strong></span> <span class='ocrx_word' id='word_1_741' title='bbox 2719 5059 2839 5098; x_wconf 90' lang='lat' dir='ltr'><strong>cum</strong></span> <span class='ocrx_word' id='word_1_742' title='bbox 2877 5041 3189 5106; x_wconf 84' lang='lat' dir='ltr'><strong>mulieribus</strong></span> <span class='ocrx_word' id='word_1_743' title='bbox 3217 5040 3380 5095; x_wconf 85' lang='lat' dir='ltr'><strong>lavari</strong></span> <span class='ocrx_word' id='word_1_744' title='bbox 3404 5081 3422 5102; x_wconf 89' lang='lat'><strong>,</strong></span> 
     </span>
    </p>
   </div>
   <div class='ocr_carea' id='block_1_111' title="bbox 1945 5126 3418 5210">
    <p class='ocr_par' dir='ltr' id='par_1_111' title="bbox 1945 5126 3418 5210">
     <span class='ocr_line' id='line_1_112' title="bbox 1945 5126 3418 5210; baseline -0.005 -17"><span class='ocrx_word' id='word_1_745' title='bbox 1945 5160 1963 5193; x_wconf 84' lang='grc' dir='ltr'><strong>ι</strong></span> <span class='ocrx_word' id='word_1_746' title='bbox 2000 5155 2173 5210; x_wconf 90' lang='lat' dir='ltr'><strong>neque</strong></span> <span class='ocrx_word' id='word_1_747' title='bbox 2207 5153 2418 5193; x_wconf 87' lang='lat' dir='ltr'><strong>omnem</strong></span> <span class='ocrx_word' id='word_1_748' title='bbox 2452 5139 2664 5205; x_wconf 90' lang='lat' dir='ltr'><strong>penitus</strong></span> <span class='ocrx_word' id='word_1_749' title='bbox 2685 5135 3070 5198; x_wconf 88' lang='lat' dir='ltr'><strong>Christianum,</strong></span> <span class='ocrx_word' id='word_1_750' title='bbox 3095 5134 3176 5188; x_wconf 90' lang='lat' dir='ltr'><strong>vel</strong></span> <span class='ocrx_word' id='word_1_751' title='bbox 3203 5126 3418 5187; x_wconf 81' lang='lat' dir='ltr'><strong>laicum.</strong></span> 
     </span>
    </p>
   </div>
   <div class='ocr_carea' id='block_1_112' title="bbox 1942 5224 3416 5298">
    <p class='ocr_par' dir='ltr' id='par_1_112' title="bbox 1942 5224 3416 5298">
     <span class='ocr_line' id='line_1_113' title="bbox 1942 5224 3416 5298; baseline -0.005 -15"><span class='ocrx_word' id='word_1_752' title='bbox 1942 5250 1961 5283; x_wconf 78' lang='grc' dir='ltr'><strong>ι</strong></span> <span class='ocrx_word' id='word_1_753' title='bbox 1998 5230 2120 5285; x_wconf 77' lang='lat' dir='ltr'><strong>llaec</strong></span> <span class='ocrx_word' id='word_1_754' title='bbox 2165 5239 2247 5285; x_wconf 88' lang='lat' dir='ltr'><strong>est</strong></span> <span class='ocrx_word' id='word_1_755' title='bbox 2280 5229 2420 5283; x_wconf 88' lang='lat' dir='ltr'><strong>enim</strong></span> <span class='ocrx_word' id='word_1_756' title='bbox 2465 5228 2634 5298; x_wconf 86' lang='lat' dir='ltr'><strong>prima</strong></span> <span class='ocrx_word' id='word_1_757' title='bbox 2671 5226 2918 5296; x_wconf 78' lang='lat' dir='ltr'><strong>gentibus</strong></span> <span class='ocrx_word' id='word_1_758' title='bbox 2957 5224 3352 5280; x_wconf 88' lang='lat' dir='ltr'><strong>condemnatio.</strong></span> <span class='ocrx_word' id='word_1_759' title='bbox 3395 5243 3416 5276; x_wconf 73' lang='grc' dir='ltr'><strong>ι</strong></span> 
     </span>
    </p>
   </div>
   <div class='ocr_carea' id='block_1_113' title="bbox 1936 5316 3421 5388">
    <p class='ocr_par' dir='ltr' id='par_1_113' title="bbox 1936 5316 3421 5388">
     <span class='ocr_line' id='line_1_114' title="bbox 1936 5316 3421 5388; baseline -0.003 -11"><span class='ocrx_word' id='word_1_760' title='bbox 1936 5323 2129 5379; x_wconf 82' lang='lat' dir='ltr'><strong>BALS.</strong></span> <span class='ocrx_word' id='word_1_761' title='bbox 2162 5323 2220 5377; x_wconf 91' lang='lat' dir='ltr'><strong>In</strong></span> <span class='ocrx_word' id='word_1_762' title='bbox 2253 5337 2458 5376; x_wconf 87' lang='lat' dir='ltr'><strong>canone</strong></span> <span class='ocrx_word' id='word_1_763' title='bbox 2507 5320 2571 5372; x_wconf 83' lang='lat'><strong>77</strong></span> <span class='ocrx_word' id='word_1_764' title='bbox 2617 5317 3043 5388; x_wconf 69' lang='lat' dir='ltr'><strong>sextre,syuodi,</strong></span> <span class='ocrx_word' id='word_1_765' title='bbox 3095 5316 3185 5386; x_wconf 90' lang='lat' dir='ltr'><strong>qui</strong></span> <span class='ocrx_word' id='word_1_766' title='bbox 3234 5318 3421 5372; x_wconf 88' lang='lat' dir='ltr'><strong>eadem</strong></span> 
     </span>
    </p>
   </div>
   <div class='ocr_carea' id='block_1_114' title="bbox 1871 5407 3423 5484">
    <p class='ocr_par' dir='ltr' id='par_1_114' title="bbox 1871 5407 3423 5484">
     <span class='ocr_line' id='line_1_115' title="bbox 1871 5407 3423 5484; baseline -0.004 -12"><span class='ocrx_word' id='word_1_767' title='bbox 1871 5416 2095 5474; x_wconf 88' lang='lat' dir='ltr'><strong>omnino</strong></span> <span class='ocrx_word' id='word_1_768' title='bbox 2144 5430 2264 5469; x_wconf 88' lang='lat' dir='ltr'><strong>cum</strong></span> <span class='ocrx_word' id='word_1_769' title='bbox 2313 5413 2558 5484; x_wconf 70' lang='lat' dir='ltr'><strong>praesenti</strong></span> <span class='ocrx_word' id='word_1_770' title='bbox 2604 5423 2808 5466; x_wconf 86' lang='lat' dir='ltr'><strong>canone</strong></span> <span class='ocrx_word' id='word_1_771' title='bbox 2857 5408 3065 5469; x_wconf 88' lang='lat' dir='ltr'><strong>statuit.</strong></span> <span class='ocrx_word' id='word_1_772' title='bbox 3111 5407 3423 5477; x_wconf 89' lang='lat' dir='ltr'><strong>scripsimus</strong></span> 
     </span>
    </p>
   </div>
   <div class='ocr_carea' id='block_1_115' title="bbox 1873 5507 2395 5582">
    <p class='ocr_par' dir='ltr' id='par_1_115' title="bbox 1873 5507 2395 5582">
     <span class='ocr_line' id='line_1_116' title="bbox 1873 5507 2395 5582; baseline -0.006 -17"><span class='ocrx_word' id='word_1_773' title='bbox 1873 5525 1994 5582; x_wconf 68' lang='lat' dir='ltr'><strong>qua:</strong></span> <span class='ocrx_word' id='word_1_774' title='bbox 2022 5509 2133 5563; x_wconf 88' lang='lat' dir='ltr'><strong>visa</strong></span> <span class='ocrx_word' id='word_1_775' title='bbox 2163 5507 2395 5562; x_wconf 82' lang='lat' dir='ltr'><strong>luerunt.</strong></span> 
     </span>
    </p>
   </div>
   <div class='ocr_carea' id='block_1_116' title="bbox 1943 5593 3425 5677">
    <p class='ocr_par' dir='ltr' id='par_1_116' title="bbox 1943 5593 3425 5677">
     <span class='ocr_line' id='line_1_117' title="bbox 1943 5593 3425 5677; baseline -0.007 -20"><span class='ocrx_word' id='word_1_776' title='bbox 1943 5601 2192 5657; x_wconf 76' lang='lat' dir='ltr'><strong>ZONAR.</strong></span> <span class='ocrx_word' id='word_1_777' title='bbox 2215 5599 2370 5655; x_wconf 80' lang='lat' dir='ltr'><strong>Viros</strong></span> <span class='ocrx_word' id='word_1_778' title='bbox 2399 5613 2519 5677; x_wconf 88' lang='lat' dir='ltr'><strong>cum</strong></span> <span class='ocrx_word' id='word_1_779' title='bbox 2546 5595 2760 5651; x_wconf 86' lang='lat' dir='ltr'><strong>feminis</strong></span> <span class='ocrx_word' id='word_1_780' title='bbox 2786 5595 2974 5660; x_wconf 89' lang='lat' dir='ltr'><strong>lavari,</strong></span> <span class='ocrx_word' id='word_1_781' title='bbox 3003 5603 3115 5648; x_wconf 92' lang='lat' dir='ltr'><strong>tum</strong></span> <span class='ocrx_word' id='word_1_782' title='bbox 3139 5602 3221 5648; x_wconf 87' lang='lat' dir='ltr'><strong>est</strong></span> <span class='ocrx_word' id='word_1_783' title='bbox 3246 5593 3425 5648; x_wconf 87' lang='lat' dir='ltr'><strong>animo</strong></span> 
     </span>
    </p>
   </div>
   <div class='ocr_carea' id='block_1_117' title="bbox 1873 5686 3430 5768">
    <p class='ocr_par' dir='ltr' id='par_1_117' title="bbox 1873 5686 3430 5768">
     <span class='ocr_line' id='line_1_118' title="bbox 1873 5686 3430 5768; baseline -0.009 -16"><span class='ocrx_word' id='word_1_784' title='bbox 1873 5695 2254 5768; x_wconf 80' lang='lat' dir='ltr'><strong>perniciosum,</strong></span> <span class='ocrx_word' id='word_1_785' title='bbox 2282 5700 2391 5746; x_wconf 89' lang='lat' dir='ltr'><strong>tum</strong></span> <span class='ocrx_word' id='word_1_786' title='bbox 2423 5707 2453 5746; x_wconf 88' lang='lat' dir='ltr'><strong>a</strong></span> <span class='ocrx_word' id='word_1_787' title='bbox 2486 5692 2678 5747; x_wconf 86' lang='lat' dir='ltr'><strong>decore</strong></span> <span class='ocrx_word' id='word_1_788' title='bbox 2707 5697 2761 5744; x_wconf 88' lang='lat' dir='ltr'><strong>et</strong></span> <span class='ocrx_word' id='word_1_789' title='bbox 2794 5690 3073 5745; x_wconf 87' lang='lat' dir='ltr'><strong>honestate</strong></span> <span class='ocrx_word' id='word_1_790' title='bbox 3096 5686 3240 5743; x_wconf 89' lang='lat' dir='ltr'><strong>omni</strong></span> <span class='ocrx_word' id='word_1_791' title='bbox 3275 5699 3430 5756; x_wconf 85' lang='lat' dir='ltr'><strong>pror-</strong></span> 
     </span>
    </p>
   </div>
   <div class='ocr_carea' id='block_1_118' title="bbox 1873 5779 3419 5857">
    <p class='ocr_par' dir='ltr' id='par_1_118' title="bbox 1873 5779 3419 5857">
     <span class='ocr_line' id='line_1_119' title="bbox 1873 5779 3419 5857; baseline -0.01 -11"><span class='ocrx_word' id='word_1_792' title='bbox 1873 5804 1966 5847; x_wconf 85' lang='lat' dir='ltr'><strong>sus</strong></span> <span class='ocrx_word' id='word_1_793' title='bbox 2003 5787 2260 5846; x_wconf 79' lang='lat' dir='ltr'><strong>alienurn.</strong></span> <span class='ocrx_word' id='word_1_794' title='bbox 2293 5782 2502 5842; x_wconf 85' lang='lat' dir='ltr'><strong>Etenim</strong></span> <span class='ocrx_word' id='word_1_795' title='bbox 2532 5783 2662 5857; x_wconf 80' lang='lat' dir='ltr'><strong>sise</strong></span> <span class='ocrx_word' id='word_1_796' title='bbox 2688 5783 2914 5840; x_wconf 89' lang='lat' dir='ltr'><strong>invicem</strong></span> <span class='ocrx_word' id='word_1_797' title='bbox 2945 5781 3114 5839; x_wconf 89' lang='lat' dir='ltr'><strong>nudos</strong></span> <span class='ocrx_word' id='word_1_798' title='bbox 3151 5779 3252 5836; x_wconf 87' lang='lat' dir='ltr'><strong>viri</strong></span> <span class='ocrx_word' id='word_1_799' title='bbox 3299 5792 3419 5833; x_wconf 84' lang='lat' dir='ltr'><strong>tnu—</strong></span> 
     </span>
    </p>
   </div>
  </div>
