3958 6242
215 291 355 370 1417

1371 274 1452 335 IN
1491 271 1652 332 cu.
1685 270 1814 334 th
1835 268 2060 330 conc.
2090 269 2302 349 μου.

3299 268 3434 351 ιιιε

216 408 418 476 πλῆθος
447 399 767 474 ἀνθρώπων.
801 394 1040 466 γίνεσθαι
1084 389 1417 450 ἐπισκόπους
1444 385 1783 476 καταφρόνη-

1912 397 2065 452 teque
2099 381 2201 435 ulla
2228 377 2502 450 hominum
2520 379 2822 451 frequentia
2846 391 2952 448 est,
2976 382 3210 457 episcopi
3239 386 3440 440 consti-

215 518 308 555 τον
338 499 434 568 τὴν
461 491 869 566 ἀρχιερωσύνην
904 489 1061 541 ποιεῖ.
1102 484 1188 536 Διὸ
1219 482 1310 535 καὶ
1352 483 1378 533 ό
1410 478 1590 532 κανὼν
1619 471 1774 537 οὗτος

219 567 412 644 κωλύει
442 590 620 648 τοῦτο,
663 585 690 638 ὃ
719 585 808 637 καὶ
849 582 877 634 ό
907 581 1065 638 ἕκτος
1093 574 1274 628 κανὼν
1324 574 1424 641 τῆς
1456 570 1513 622 ἐν
1537 567 1772 637 Σαρδικῇ

223 683 440 736 συνόδου
471 677 778 740 διετάξατο·
829 670 1075 740 γίνεσθαι
1127 667 1183 721 δὲ
1210 660 1561 733 περιοδευτὰς
1591 660 1648 710 ἐν
1670 658 1778 709 κώ-

223 793 352 847 μαις
385 773 478 826 καὶ
522 771 728 840 χώραις
756 763 1145 820 διακελεύεται.
1197 753 1548 847 Περιοδευταὶ
1601 751 1656 804 δὲ

221 853 428 934 iro-nat,
461 863 548 915 διὰ
576 860 636 912 τὸ
691 855 1075 928 περιέρχεσθαι
1127 852 1219 904 καὶ
1268 845 1619 916 καταρτίζειν
1651 842 1778 904 τοὺς

221 955 463 1016 πιστοὺς,
500 951 571 1020 μὴ
600 949 812 1018 ἔχοντες
865 943 1132 1013 καθέδραν
1160 937 1386 993 οἰκείαν,
1433 935 1496 988 Εἰ
1526 934 1582 988 δέ
1613 949 1776 995 τινες,

221 1046 374 1115 φησι,
410 1043 518 1113 προ
549 1042 640 1094 τοῦ
675 1037 892 1099 κανόνος
943 1030 1350 1110 κατεστάθησαν
1377 1028 1432 1079 ἐν
1466 1027 1576 1086 τοῖς
1602 1021 1780 1115 τοιού-

220 1155 336 1196 τοις
393 1135 578 1195 τόποις
635 1131 946 1191 ἐπίσκοποι,
1005 1125 1168 1195 μηδὲν
1213 1117 1598 1190 πραττέτωσαν
1653 1114 1779 1190 ᾷνευ

225 1227 447 1298 γνώμης
477 1225 570 1277 τοῦ
602 1221 896 1276 ἐπισκόπου
926 1219 1023 1286 τῆς
1047 1216 1270 1278 πόλεως,
1313 1210 1379 1264 δι’
1408 1201 1469 1262 οὗ
1512 1209 1782 1276 ἐχειροτο-

226 1297 488 1389 νήθησαν.
523 1315 629 1366 Καὶ
676 1314 723 1364 oi
757 1308 1112 1380 πρεσϐύτεροι
1159 1305 1216 1358 δὲ
1254 1302 1407 1371 φησὶ,
1463 1297 1627 1370 μηδὲν
1653 1297 1780 1349 ἄνευ

228 1407 447 1478 γνώμης
470 1404 563 1459 τοῦ
594 1404 890 1457 ἐπισκόπου
923 1398 1330 1475 πραττέτωσαν.
1525 1393 1533 1403 ”

230 1666 450 1722 ΔΡΙΣΤ.
491 1682 516 1715 4
543 1665 636 1726 Εἰς
660 1659 905 1730 κώμηνῆ
939 1659 1017 1718 εἰς
1049 1653 1245 1726 χωρίον
1283 1651 1577 1712 ἐπίσκοπος
1604 1649 1664 1700 οὐ
1689 1663 1786 1699 κα-

307 1781 325 1811 ι
357 1761 624 1821 θίσταται,
657 1755 790 1808 ἀλλὰ
815 1751 1158 1822 περιοδευτής
1183 1765 1196 1780 ο
1226 1748 1273 1800 εί
1303 1745 1359 1798 δέ
1402 1763 1484 1808 τις
1525 1743 1783 1808 κατέστη,
1819 1772 1863 1829 Β

305 1875 324 1904 ι
367 1854 438 1921 μή
479 1868 531 1902 τι
581 1846 847 1900 διοικείτω
897 1843 991 1897 τοῦ
1042 1840 1340 1895 ἐπισκόπου
1377 1837 1501 1908 δίχα
1550 1835 1646 1903 τῆς
1694 1831 1789 1885 πό-

302 1961 321 1993 ι
357 1943 509 2001 λεως.
530 1958 551 1990 ι

312 2035 402 2087 Ἐν
443 2031 608 2108 κώμῃ
635 2030 737 2084 τινὶ
776 2030 810 2100 ἢ
841 2029 934 2082 καὶ
985 2025 1212 2099 βραχείᾳ
1239 2023 1412 2088 πόλει,
1445 2017 1559 2094 ἐνῇ
1587 2020 1680 2076 καὶ
1709 2015 1789 2080 εἷς

233 2125 603 2198 πρεσϐύτερος
667 2123 931 2191 ἐπαρκεῖ,
980 2119 1078 2172 οὐκ
1138 2117 1433 2184 ἀναγκαῖον
1491 2111 1791 2165 ἐπίσκοπον

235 2216 500 2286 γίνεσθαι,
534 2213 624 2267 ἵνα
669 2213 742 2282 μὴ
778 2211 836 2264 τὸ
865 2209 960 2264 τοῦ
1000 2207 1297 2280 ἐπισκόπου
1343 2202 1791 2270 κατευτελίζηται

237 2308 424 2376 δνομα,
445 2303 580 2358 ἀλλὰ
611 2300 976 2373 περιοδευτάς,
1018 2299 1110 2359 οὓς
1139 2299 1233 2350 καὶ
1257 2293 1519 2378 ἐξάρχους
1553 2299 1792 2376 σήμερον

235 2399 616 2468 ὀνομάζουσιν,
663 2397 744 2458 εἰς
793 2393 1075 2463 διόρθωσιν
1107 2390 1216 2444 τῶν
1241 2390 1488 2459 ψυχικῶν
1522 2385 1794 2470 ,σφαλμά-

240 2509 346 2546 των
372 2488 685 2542 στέλλεσθαι
741 2487 798 2539 ἐν
820 2485 1028 2546 αὐταῖς.
1068 2481 1127 2535 El
1160 2481 1214 2534 δέ
1247 2497 1389 2542 τινες
1421 2478 1791 2551 προεγένοντο,

239 2585 341 2654 τῆς
365 2583 528 2652 τιμῆς
572 2581 666 2650 μὲν
703 2575 1216 2648 μετακινείσθωσαν,
1268 2572 1430 2660 μηδὲν
1475 2569 1533 2623 δέ
1578 2585 1629 2621 τι
1677 2570 1798 2660 ἐπι-

243 2675 501 2730 σκοπικδν
531 2671 900 2726 διοικείτωσαν
929 2668 1049 2739 δίχα
1098 2659 1448 2737 γνέκμηςτοῦ
1496 2659 1794 2731 ἐπισκόπου

242 2769 340 2838 τῆς
376 2767 585 2829 πόλεως
675 2763 993 2816 ὑπόκεινται
1024 2753 1209 2814 αὗται.

819 2853 1055 2906 ΚΑΝΩΝ
1091 2852 1224 2904 ΝΗ’.

248 2969 270 3004 ι
309 2949 510 3004 Ὅτιοὺ
535 2948 616 3002 δεῖ
645 2948 700 2998 ἐν
728 2947 838 3008 τοῖς
859 2945 1024 3007 οἴκοις
1051 2939 1364 3015 προσφορὰν
1385 2939 1629 3009 γίνεσθαι
1650 2937 1800 3007 παρὰ

554 3055 573 3090 ι
604 3035 916 3088 ἐπισκόπων
948 3033 980 3103 ἢ
1017 3031 1424 3104 πρεσϐυτέρων.
1465 3049 1486 3083 ι

1882 481 2118 537 tuantur,
2149 488 2212 528 ex
2257 487 2322 527 co
2362 474 2556 534 summi
2610 475 2894 528 sacerdotii
2946 476 3258 545 dignitatem
3306 478 3439 530 vile-

1880 579 2030 619 scere
2063 579 2280 622 necesse
2303 564 2483 619 fuerit.
2507 563 2738 620 Proinde
2769 566 2819 618 id
2860 581 2924 620 ne
2957 566 3044 619 ﬁat
3073 605 3090 640 ,
3123 576 3233 639 tum
3281 567 3443 643 huius

1879 657 2104 712 canonis
2162 656 2420 733 decreto,
2488 666 2600 710 tum
2646 667 2800 728 sexto
2840 673 3052 727 quoque
3113 657 3447 733 Sardicensis

1881 749 2073 816 synodi
2103 762 2310 808 canone
2333 731 2682 814 constitutum
2731 759 2815 802 est
2849 765 2863 802 :
2899 749 3214 803 ci-rcnitores
3236 731 3367 816 vero
3389 751 3444 804 in

1883 839 2034 909 pagis
2077 850 2133 894 et
2185 837 2496 910 regionibus
2547 839 2811 908 designari
2859 839 3057 909 placet.
3117 839 3448 896 Circuitores

1883 942 2064 987 autem
2091 947 2154 987 ex
2182 947 2247 987 eo
2272 933 2398 986 dicti
2431 971 2447 997 ,
2478 933 2615 1000 quod
2648 914 2831 986 nullibi
2856 935 3120 1001 propriam
3150 935 3332 1001 sedem
3363 951 3452 989 ca-

1885 1023 2531 1094 thedramquehabentes.
2570 1022 2674 1076 Imc
2698 1023 2895 1077 etilluc
2924 1022 3168 1077 ﬁdelibus
3198 1025 3250 1077 in
3275 1024 3450 1079 uﬂicio

1883 1115 2220 1170 continendis
2250 1127 2526 1182 vagentur.
2557 1113 2709 1179 Quod
2747 1115 2791 1169 si
2824 1123 2948 1168 ante
2983 1115 3123 1168 hunc
3164 1130 3450 1189 canonetn,

1871 1205 2100 1274 inquit,
2159 1205 2210 1259 in
2257 1205 2521 1275 ejusmodi
2547 1206 2677 1261 locis
2705 1206 2939 1276 episcopi
2987 1205 3146 1275 aliqui
3173 1207 3451 1260 constituti

1885 1305 2046 1358 sunt,
2080 1295 2212 1349 nihil
2235 1296 2312 1349 eis
2336 1296 2580 1365 exsequi,
2612 1297 2819 1366 absque
2867 1298 2982 1366 ejus
3007 1336 3022 1360 ,
3055 1311 3085 1349 a
3142 1313 3248 1366 quo
3283 1299 3452 1351 creati

1885 1395 2031 1451 sunt,
2055 1386 2243 1440 urbani
2271 1389 2504 1456 episcopi
2535 1388 2791 1442 facultate
2829 1404 3146 1442 concessum
3183 1388 3273 1442 sit.
3298 1387 3454 1453 Quod

1888 1477 2027 1530 idem
2053 1517 2068 1542 ,
2112 1489 2169 1530 ut
2219 1493 2284 1532 ne
2333 1479 2461 1547 quid
2517 1478 2721 1532 scilicet
2752 1479 3052 1533 inconsulto
3084 1459 3338 1550 episeopo
3374 1479 3456 1532 I'a-

1887 1569 2054 1632 ciant,
2080 1585 2106 1621 a
2140 1571 2513 1642 sacerdotibus
2551 1585 2762 1640 quoque
2797 1571 3002 1625 servari
3034 1572 3230 1642 placet.

1889 1657 2112 1716 A-RIST.
2141 1679 2160 1714 ι
2199 1661 2252 1715 In
2286 1663 2407 1716 vico
2439 1663 2520 1715 vel
2557 1656 2689 1730 pago
2723 1663 3008 1732 cpiscopus
3036 1677 3142 1716 non
3175 1660 3457 1723 constitui-

1969 1771 1988 1802 ι
2029 1763 2115 1807 tur
2141 1795 2156 1819 ,
2183 1756 2275 1809 sed
2317 1755 2594 1808 circuitor.
2632 1754 2685 1807 Si
2717 1755 2836 1824 quis
2868 1766 3042 1807 autem
3068 1752 3456 1821 constituitur.

1970 1862 1989 1894 ι
2027 1845 2144 1898 sine
2174 1845 2424 1917 episcopo
2456 1847 2685 1937 civitatis
2718 1845 2850 1918 nihil
2895 1845 3254 1899 adutinistret.
3290 1862 3310 1896 ι

1972 2029 2032 2084 In
2067 2029 2183 2083 vico
2213 2038 2266 2081 et
2293 2029 2420 2081 urbe
2442 2029 2634 2095 exigua
2676 2029 2724 2081 in
2757 2043 2858 2106 qua
2909 2039 2962 2098 et
2995 2043 3133 2082 unus
3179 2026 3458 2098 presbyter

1898 2121 2145 2184 subiciat,
2177 2134 2282 2172 non
2311 2131 2530 2172 necesse
2549 2125 2632 2171 est
2671 2116 2975 2186 episc0pum
3024 2117 3136 2169 ﬁeri
3168 2155 3183 2180 ,
3228 2129 3294 2168 ne
3342 2112 3460 2182 epi-

1901 2213 2049 2283 scopi
2103 2225 2296 2266 nomen
2351 2209 2626 2272 elevetur,
2680 2209 2773 2262 sed
2814 2207 3151 2278 periodeutas
3197 2207 3310 2262 sive
3354 2205 3460 2259 cir-

1900 2307 2153 2367 cuitores,
2190 2316 2324 2371 quos
2345 2309 2399 2356 et
2428 2300 2692 2355 exarchos
2718 2291 2877 2354 hodie
2907 2299 3206 2362 nominant,
3239 2297 3302 2351 ad
3349 2296 3460 2366 spi-

1904 2393 2170 2449 ritualium
2203 2399 2547 2460 peccatorum
2578 2388 2967 2442 correctionem
2998 2388 3048 2442 in
3076 2403 3168 2442 eas
3195 2386 3356 2443 mitti.
3400 2385 3458 2440 Si

1901 2486 1990 2557 qui
2025 2495 2202 2538 autem
2232 2491 2388 2535 antea
2423 2479 2546 2538 facti
2577 2478 2808 2545 fuerant,
2838 2483 3040 2534 honore
3066 2478 3278 2547 quidem
3313 2492 3464 2534 amo-

1905 2587 2150 2641 veantur,
2183 2589 2279 2628 nec
2319 2572 2520 2640 aliquid
2564 2569 2870 2640 episcopale
2921 2571 3301 2625 administrent
3347 2569 3464 2625 siu‘e

1904 2669 2162 2739 episcopi,
2189 2666 2278 2736 qui
2311 2663 2512 2718 civitati
2540 2662 2626 2718 cui
2651 2662 2768 2717 istae
2794 2661 3076 2731 subiacent
3128 2672 3342 2732 praeest,
3374 2678 3464 2718 vo-

1907 2763 2130 2816 Itlttlate.

2451 2855 2678 2911 CANON
2730 2853 2912 2910 LVIII.

1914 2963 1934 3009 ι
1965 2944 2116 3012 Quod
2143 2961 2246 3000 non
2282 2957 2492 3016 oportet
2519 2949 2571 3001 in
2607 2949 2853 3002 domibus
2882 2947 2995 3012 ﬁeri
3043 2947 3367 3021 oblationem
3397 2944 3466 2997 ab

2260 3057 2280 3091 ι
2317 3040 2581 3109 episc0pis
2605 3040 2685 3096 vel
2712 3039 3056 3111 presbyteris.
3096 3059 3116 3091 ι

308 3131 502 3185 ΒΑΛΣ.
539 3129 710 3182 Τοῦτο
759 3124 1074 3196 ἐξεχωρήθη
1128 3124 1236 3176 ἀπὸ
1285 3121 1505 3193 Νεαρᾶς
1537 3121 1632 3175 τοῦ
1655 3121 1798 3193 βασι-

1978 3129 2173 3184 BALS.
2207 3129 2318 3186 Hoc
2348 3131 2672 3201 permissum
2706 3141 2790 3187 cst
2817 3147 2845 3185 a
2882 3147 2999 3188 nov.
3023 3132 3086 3184 lla
3129 3133 3469 3202 imperatoris

245 3225 382 3287 λέως
435 3219 602 3291 κυροῦ
633 3219 856 3280 Λέοντος
879 3216 974 3269 τοῦ
1003 3213 1196 3284 Σοφοῦ.
1240 3211 1538 3282 Ἀνάγνωθι
1561 3211 1656 3264 καὶ
1687 3228 1808 3265 συν-

247 3314 367 3367 όδου
396 3316 448 3374 ς’
471 3310 667 3364 κανόνα
683 3308 763 3360 λα’
794 3308 888 3360 καὶ
925 3305 1023 3360 νθ’.

320 3401 560 3459 ΖΩΝᾹΡ.
583 3399 850 3468 Εὕχεσθαι
885 3400 981 3468 μὲν
1010 3398 1286 3468 πανταχοῦ
1317 3399 1444 3462 τοὺς
1488 3399 1711 3463 πιστοὺς
1744 3400 1804 3451 οὐ

249 3493 576 3557 κεκώλυται,
627 3493 720 3544 καὶ
769 3491 826 3542 ἐν
875 3492 1062 3555 οἴκοις,
1109 3491 1203 3544 καὶ
1253 3492 1312 3542 ἐν
1363 3492 1575 3561 ἀγροῖς,
1625 3491 1720 3546 καὶ
1749 3492 1807 3543 ἐν

254 3584 418 3638 παντὶ
448 3581 596 3650 τόπῳ
651 3580 747 3649 τῆς
777 3579 1094 3642 δεσποτείας
1124 3578 1290 3632 αὐτοῦ
1309 3595 1323 3609 ο
1357 3579 1688 3649 προσφέρειν
1720 3581 1799 3645 δὲ,

249 3677 419 3748 ἥγουν
452 3671 817 3742 προσκομιδὴν
849 3674 1042 3739 ποιεῖν,
1070 3672 1120 3724 εί
1172 3673 1246 3743 μὴ
1270 3672 1326 3725 ὲν
1359 3671 1472 3740 ναῷ
1502 3672 1594 3725 καὶ
1625 3675 1810 3726 θυσια-

255 3764 462 3836 στηρίῳ
496 3764 567 3838 ,ού
595 3763 693 3816 δεῖ.
734 3760 870 3816 Οὖτε
899 3761 992 3815 οὖν
1041 3761 1363 3826 ἐπισκόποις
1405 3760 1532 3815 οὔτε
1564 3761 1809 3831 πρεσϐυ-

252 3859 433 3928 τέροις
467 3855 786 3925 παραχωρεῖ
816 3852 976 3906 τοῦτο
1003 3855 1200 3906 ποιεῖν.

250 4037 469 4107 ΑΡΙΣΤ.
515 4054 534 4088 ι
590 4034 912 4098 Ἐπίσκοπος
959 4034 992 4103 ἢ
1033 4033 1400 4105 πρεσϐύτερος
1426 4035 1506 4098 είς
1547 4039 1695 4103 οἶκον
1733 4033 1806 4104 μὴ

781 4145 798 4179 ι
841 4126 1216 4196 προσφερὲτω.
1253 4145 1272 4178 ι

324 4223 415 4284 Εἰς
450 4216 658 4292 οἶκονή
705 4220 1043 4289 ἀναίμακτος
1094 4219 1155 4270 οὐ
1202 4217 1438 4278 τελεῖται
1471 4218 1632 4271 θυσία
1685 4217 1807 4271 οὒτε

249 4316 378 4385 παρ’
407 4315 704 4367 ἐπισκόπου
739 4314 770 4383 ἢ
800 4311 1170 4382 πρεσϐυτέρου
1193 4326 1206 4338 ·
1237 4310 1352 4363 ἀλλ’
1377 4312 1434 4364 ἐν
1455 4313 1519 4381 τῇ
1548 4309 1806 4381 καθολικῇ

248 4405 511 4476 ἐκκλησίᾳ
565 4403 893 4472 προσφέρειν
927 4402 1027 4455 δεῖ.
1064 4401 1206 4472 Πλὴν
1236 4403 1262 4453 ό
1312 4400 1626 4470 τριακοστὸς
1660 4402 1809 4472 πρῶ-

249 4513 340 4558 τος
369 4495 550 4553 κανὼν
573 4494 671 4563 τῆς
720 4494 777 4543 ἐν
826 4489 902 4561 τῷ
924 4489 1179 4560 Τρούλλῳ
1230 4489 1394 4559 ἕκτης
1431 4489 1648 4541 συνόδου
1683 4505 1813 4556 συγ-

250 4585 416 4656 χωρεῖ
467 4583 606 4636 κατὰ
659 4579 884 4649 γνώμην
933 4579 1026 4632 τοῦ
1065 4579 1366 4632 ἐπισκόπου
1443 4578 1540 4632 καὶ
1587 4580 1646 4632 ἐν
1701 4581 1815 4641 τοῖς

249 4676 559 4747 εὐκτηρίοις
586 4676 756 4737 οἴκοις
783 4677 899 4745 τοῖς
929 4674 1078 4729 ἔνδον
1125 4675 1306 4738 οἰκίας
1355 4674 1684 4745 τυγχάνουσι
1708 4674 1818 4728 λει-

249 4769 502 4838 τουργίας
527 4765 798 4818 τελεῖσθαι
820 4777 836 4792 °
875 4763 1157 4836 βᾲπτισμα
1180 4764 1239 4818 δὲ
1271 4764 1397 4834 μηδ’
1419 4763 1554 4828 ὅλως
1576 4782 1590 4796 ·
1614 4764 1730 4817 ἀλλ’
1759 4765 1817 4826 ἐν

249 4861 366 4920 ταῖς
400 4859 712 4920 καθολικαῖς
734 4858 827 4910 καὶ⁸
857 4857 1044 4926 μόναις
1078 4855 1396 4927 ἐκκλησίαις
1426 4857 1522 4919 τοῦ
1547 4857 1816 4928 ἀχράντου

250 4944 636 5008 καταξιοῦσθαι
668 4946 1011 5016 φωτίσματος
1029 4945 1155 5008 τοὺς
1192 4945 1481 5016 μέλλοντας
1515 4945 1814 5016 βαπτισθῆ-

250 5053 369 5090 ναι·
402 5037 476 5100 ὠς
529 5039 557 5090 ὁ
589 5039 948 5108 πεντηκοστὸς
995 5038 1214 5102 ἕννατος
1265 5041 1445 5092 κανὼν
1494 5039 1590 5110 τῆς
1640 5038 1811 5118 αὐτῆς

253 5127 469 5191 συνόδου
494 5127 871 5198 διαλαμϐᾁνει.

820 5221 1058 5286 ΚΑΝΩΝ
1114 5220 1242 5277 ΝΘ’.

256 5330 274 5363 ι
313 5311 434 5376 Ὅτι
487 5312 546 5384 οὐ
579 5311 658 5364 δεῖ
697 5312 995 5382 ἰδιωτικοὺς
1041 5313 1286 5386 ψαλμοὺς
1322 5315 1437 5386 (74)
1468 5317 1718 5386 λέγεσθαι
1753 5322 1811 5372 ἐν

1910 3224 2109 3279 domini
2143 3223 2341 3280 Leonis
2370 3223 2662 3295 Sapientis.
2684 3223 2826 3294 Lege
2853 3233 2906 3280 et
2930 3224 3114 3296 synodi
3145 3216 3375 3292 canones
3401 3224 3462 3277 3|

1909 3324 1964 3370 et
1996 3316 2087 3372 59.

1981 3407 2233 3462 ZONAR.
2263 3408 2372 3462 Deo
2410 3406 2736 3477 supplicare,
2768 3393 3275 3483 precationibusquc
3297 3409 3471 3462 inten-

1913 3511 1996 3557 tos
2023 3517 2162 3567 esse,
2195 3499 2497 3567 ubicunque
2524 3507 2634 3554 tum
2754 3499 3000 3554 domibus
3024 3538 3038 3562 ,
3075 3509 3183 3552 tum
3221 3499 3274 3554 in
3307 3515 3434 3570 agro
3455 3539 3468 3561 ,

1912 3599 2021 3646 tum
2050 3590 2102 3656 in
2135 3590 2283 3645 omni
2313 3590 2432 3657 Ioco
2458 3588 2836 3663 dominationis
2878 3591 2993 3659 ejus
3020 3629 3035 3653 ,
3072 3590 3312 3644 lldelibus
3341 3605 3470 3644 cou-

1911 3697 2122 3737 cessum
2170 3692 2252 3736 est
2281 3697 2296 3739 :
2330 3680 2524 3737 olIerre
2553 3692 2732 3737 autem
2783 3681 2896 3736 sive
2936 3682 3302 3758 oblationem,
3341 3695 3476 3748 pra»-

1915 3783 2153 3842 tcrquam
2187 3776 2239 3827 in
2269 3773 2465 3842 templo
2491 3783 2544 3826 et
2581 3773 2734 3826 altari
2763 3811 2778 3835 ,
2816 3765 3078 3848 peragere
3135 3761 3471 3840 nequaquam

1911 3874 2144 3934 Oportet.
2178 3863 2410 3918 Proinde
2459 3879 2521 3936 ea
2577 3863 2831 3918 facultate
2880 3864 3084 3931 pariter
3127 3863 3390 3936 episcopis
3421 3873 3476 3916 et

1913 3955 2243 4026 presbyteris
2267 3955 2614 4009 interdictum
2649 3969 2770 4010 esse
2801 3971 2970 4010 canon
3001 3955 3260 4009 decernit.

1913 4047 2135 4102 ARIST.
2166 4069 2184 4098 ι
2225 4051 2520 4119 Episcopus
2544 4048 2622 4102 vel
2649 4051 2929 4124 presbyter
2956 4049 3006 4102 in
3027 4049 3248 4118 privatis
3269 4049 3472 4124 zedibus

2423 4131 2428 4136 ’
2494 4160 2513 4194 ι
2551 4157 2615 4195 ue
2643 4139 2854 4195 oII'etat.
2888 4161 2906 4194 ι

1987 4237 2047 4288 In
2081 4237 2238 4289 domo
2272 4235 2614 4309 incruentum
2641 4250 2746 4308 non
2780 4235 3056 4301 peragitur
3107 4233 3431 4307 sacriﬁcium
3459 4274 3475 4296 ,

1916 4341 2014 4382 nec
2045 4329 2113 4381 ab
2142 4329 2392 4395 episcopo
2424 4342 2520 4381 nec
2571 4328 2932 4403 presbytero,
2969 4328 3060 4380 sed
3114 4327 3166 4380 in
3216 4327 3477 4380 catholica

1914 4419 2131 4475 ecclesia
2165 4419 2360 4479 offerre
2389 4428 2620 4486 Oportet.
2650 4419 2754 4474 Sed
2780 4418 3081 4492 tricesimus
3111 4419 3316 4488 primus
3349 4436 3479 4472 sex-
3549 4467 3552 4470 .

1919 4521 1984 4564 ta:
2032 4510 2082 4561 in
2128 4507 2310 4571 Trullo
2339 4508 2528 4578 synodi
2559 4521 2731 4562 canon
2767 4508 3060 4578 permittit,
3102 4509 3355 4577 episcopo
3387 4523 3480 4562 vo-

1915 4603 2082 4666 lente,
2113 4609 2165 4652 ct
2192 4600 2246 4674 in
2275 4600 2482 4672 aedibus
2513 4601 2759 4656 oratoriis
2800 4615 2920 4668 qua:
2953 4610 3077 4656 sunt
3105 4602 3246 4656 intra
3270 4604 3480 4663 domos.

1914 4710 2068 4751 Sacra
2097 4691 2397 4755 ministeria
2429 4708 2712 4768 peragere,
2753 4694 3082 4762 baptismqu
3143 4709 3323 4750 autem
3378 4712 3480 4748 non

1913 4787 2169 4852 omnino;
2203 4786 2296 4850 sed
2324 4801 2418 4840 eos
2445 4786 2536 4854 qui
2566 4788 2870 4856 baptizandi
2921 4799 3084 4855 sunt,
3117 4791 3169 4842 in
3203 4789 3482 4844 catholicis

1914 4888 1969 4933 et
1999 4878 2128 4933 solis
2161 4877 2406 4932 ecclesiis
2439 4877 2712 4950 impolluta
2741 4880 3132 4934 illumiuatione
3171 4881 3360 4950 dignos
3391 4883 3480 4932 ha-

1913 4969 2069 5032 beri,
2123 4976 2177 5022 et
2226 4967 2707 5041 quinquagesimus
2778 4984 2950 5024 nouus
3000 4968 3237 5035 ejusdem
3289 4968 3480 5038 synodi

1914 5060 2122 5121 statuit.

2495 5237 2720 5297 CANON
2757 5238 2883 5291 LIX.

1925 5345 1944 5378 ι
1979 5327 2133 5394 Quod
2165 5343 2292 5409 inoo
2327 5339 2538 5400 oportet
2563 5330 2818 5398 privatos
2863 5329 3098 5398 psalmos
3145 5329 3198 5383 in
3245 5328 3482 5385 Ecclesia

1464 5454 1651 5526 Guill.
1684 5459 2010 5540 Beyeregii
2054 5469 2242 5529 notae.

254 5559 257 5561 ’
322 5550 432 5626 (ΞΑ)
463 5553 589 5605 Ὀτι
612 5555 683 5608 σὺ
712 5553 808 5615 δεῖ
831 5555 1155 5621 ἰδιωτικοὺς
1183 5557 1480 5626 ψαλμούς.
1517 5555 1799 5619 Balsamon

247 5619 582 5696 ,etJZonaras
619 5625 732 5696 haec
767 5626 924 5696 verba
949 5626 1030 5696 ide
1079 5619 1262 5681 néséio
1299 5619 1497 5696 quibus
1530 5627 1803 5684 Solomoui

248 5693 478 5762 aliisque
499 5695 750 5761 ascriptis
772 5694 991 5763 psalmis
1029 5693 1490 5764 interpretantur;
1529 5698 1620 5752 sed
1645 5716 1814 5769 quau-

572 5793 835 5850 i’nnon.
870 5793 985 5851 tia.
1019 5790 1375 5853 CXXXVII.

1907 5562 2192 5636 doquidcm
2223 5565 2484 5636 itStwttxol.
2519 5574 2796 5636 vocentur,
2821 5564 3011 5629 psalmi
3043 5565 3220 5633 potius
3245 5580 3275 5620 a
3303 5566 3484 5636 priva-

1912 5634 1984 5685 tis
2018 5634 2299 5701 pcrsonis,
2336 5637 2414 5689 vel
2455 5634 2630 5703 ipsius
2663 5635 2876 5687 concilii
2933 5645 3176 5703 tempore
3212 5634 3481 5691 velantes

1923 5705 2232 5771 compositi,
2285 5705 2614 5774 intelligendi
2660 5716 2804 5759 sunt.
2841 5704 3132 5760 Primitive
3187 5710 3330 5761 enim
3386 5708 3480 5760 lie--

2985 5797 3062 5859 45
