3958 6242
293 299 434 365 Yi'ﬂﬁ'

369 437 386 467 ι
423 435 528 479 ται,
561 416 617 478 ὂς
651 416 757 470 sine
798 417 1039 482 μείζονος
1073 417 1276 478 πόλεως
1309 421 1386 477 εἰς

364 526 381 556 ι
423 506 572 558 πόλιν
621 505 918 558 ἐσπούδασε
956 509 1290 574 μεταστῆναι
1314 523 1326 536 ·
1359 507 1480 560 ὅθεν
1518 509 1847 578 συνέστηκεν

363 614 380 645 ι
417 596 664 666 διαπύρῳ
711 599 1026 665 πλεονεξίας
1073 601 1224 669 τόπῳ
1283 600 1683 654 ὑπεκκαίεσθαι
1721 602 1847 664 τοὺς

369 704 387 738 ι
423 689 711 754 τοιούτους,
746 690 838 740 καὶ
891 689 1089 758 μᾶλλον
1119 694 1183 760 τῇ
1237 691 1523 762 ἀλαζονείᾳ
1553 691 1845 758 δουλεύειν,

370 798 388 830 ι
418 782 561 843 ὅπως
616 782 861 846 ἐξουσίαν
909 781 1114 836 δοκοῖεν
1167 785 1385 852 μείζονα
1427 784 1751 854 κεκτῆσθαι.
1784 785 1846 838 Εἰ

365 888 383 920 ι
427 873 559 923 πᾶσι
583 872 761 924 τοίνυν
789 873 946 926 τοῦτο
974 876 1220 943 ἀρέσκει.
1255 873 1396 926 ὥστε
1439 875 1538 944 τὴν
1589 875 1846 943 τοιαύτην

367 979 393 1012 ι·
424 963 717 1032 σκαιότητα
745 964 1140 1036 αὐστηρότερον
1193 966 1574 1036 ἐκδικηθῆναις
1606 967 1846 1036 ἡγοῦμαι

371 1072 389 1106 ι
420 1056 528 1125 γὰρ
563 1057 696 1126 μηδὲ
743 1057 946 1111 λαῖκῶν
978 1058 1120 1127 ἔχειν
1148 1058 1271 1120 τοὺς
1327 1058 1601 1123 τοιούτους
1650 1061 1846 1130 χρῆναι

363 1147 716 1201 ι-κοινωνίανι
780 1148 987 1212 Πάντες
1021 1149 1308 1203 ἐπίσκοποι
1363 1148 1549 1204 εἷπονθ
1596 1151 1845 1220 Ἀρέσκει

367 1257 387 1288 ι
423 1255 607 1292 πασιν.
636 1258 653 1290 ι

361 1330 559 1385 ΒΑΛΣ.
607 1331 738 1400 Περὶ
770 1331 878 1383 τῶν
912 1332 1340 1402 μεταϐαινόντων
1386 1334 1688 1404 ἀρχιερέων
1739 1334 1843 1387 ἀπὸ

291 1424 497 1486 πόλεως
519 1426 594 1476 si:
614 1425 702 1476 πό)
719 1441 766 1477 ιν
790 1424 1093 1493 ἀλλοτρίαν,
1125 1427 1293 1493 ἤγουν
1319 1427 1601 1497 διοίκησιν,
1627 1426 1844 1496 εἴρηται

291 1517 347 1566 ἓν
370 1517 446 1585 τῷ
473 1521 938 1587 πεντεκαιδεκάτῳ
971 1519 1068 1582 τῆς
1106 1519 1164 1570 ἐν
1211 1519 1414 1591 Νικαίᾳ
1453 1519 1696 1580 συνόδου,
1748 1519 1843 1572 καὶ

291 1607 348 1658 ἐκ)
372 1607 448 1677 τῷ
478 1606 535 1660 ιδ’
574 1609 759 1661 κανόνι
791 1609 900 1661 τῶν
943 1610 1114 1677 ἁγίων
1145 1611 1484 1674 ἀποστόλωθ,
1538 1612 1633 1665 καὶ
1680 1612 1739 1662 ἐν
1767 1610 1842 1681 τῷ

291 1699 375 1753 κα⁹
421 1702 510 1753 καὶ
541 1702 597 1752 ἐν
624 1701 698 1768 τῷ
724 1701 805 1770 κβ¹
837 1703 936 1770 τῆς
964 1705 1020 1755 ἐν
1049 1701 1370 1774 Ἀντιοχείᾳ,
1403 1704 1495 1756 καὶ
1524 1704 1582 1756 ἐν
1611 1703 1839 1772 ἑτέροις.

1437 312 1515 370 IN
1548 312 1715 372 CAN.
1759 314 1778 372 l
1820 315 2022 378 CONC.
2062 312 2354 376 SARDlC.

1435 420 1850 488 ἐλαχιστοτέραν
1882 437 1925 490 Α

3364 314 3381 370 ι
3403 316 3508 378 re

2025 441 2043 472 ι
2083 423 2302 476 civitate
2333 423 2382 472 in
2418 422 2675 474 minorem
2732 420 2958 473 transire
3011 420 3271 472 studuerit
3309 436 3324 474 :
3361 399 3502 473 unde

2029 531 2047 564 ι
2085 513 2328 567 constitit
2377 527 2469 566 eos
2513 510 2714 562 ardenti
2751 511 2898 576 plura
2952 510 3178 564 habendi
3212 509 3504 579 cupiditate

2026 623 2044 656 ι
2082 605 2333 660 succendi
2355 645 2369 667 ,
2400 611 2452 655 ct
2482 605 2650 670 magis
2682 600 3004 668 arrogantia:
3037 601 3238 654 servire
3268 641 3283 658 .
3323 609 3379 654 ut
3426 601 3505 652 vi-

2027 715 2046 747 ι
2083 697 2310 750 d'cantur
2339 694 2595 763 majorem
2645 693 2838 746 habere
2883 700 3222 759 potestatem.
3255 689 3505 745 Placetne

2026 804 2045 837 ι
2088 787 2187 840 hoc
2209 786 2480 846 omnibus,
2515 796 2571 838 nt
2599 784 2858 850 ejusmodi
2915 783 3226 852 improbitas
3259 785 3506 838 acerbius

2026 897 2044 930 ι
2080 877 2417 932 vindicetur?
2446 877 2691 930 cxisiimo
2711 876 2854 929 enim
2885 890 2977 927 eos
3009 889 3075 927 ne
3104 875 3356 927 laicornm
3381 874 3503 942 qni-

2025 992 2044 1024 ι
2082 974 2198 1026 dem
2235 973 2426 1025 dcbere
2455 971 2650 1024 habere
2684 969 3135 1024 communionem.
3162 965 3361 1021 Omnes
3394 965 3505 1033 cpi-

2023 1084 2042 1116 ι
2083 1064 2227 1132 scopi
2261 1065 2507 1118 dixerunt
2535 1078 2550 1114 :
2581 1059 2753 1114 Placet
2786 1059 3056 1113 omnibus.
3098 1076 3115 1110 ι

2014 1340 2208 1395 BALS.
2241 1340 2311 1392 De
2348 1339 2641 1406 episcopis,
2670 1338 2760 1406 qni
2806 1353 2838 1390 a
2875 1337 3095 1389 civitate
3139 1335 3190 1388 in
3230 1334 3500 1387 civitatem

1945 1446 2035 1485 seu
2059 1431 2336 1484 dimcesim
2369 1439 2654 1484 transeunt
2682 1468 2696 1492 ,
2728 1428 2928 1480 dictum
2954 1434 3036 1480 est
3081 1426 3134 1478 in
3179 1426 3364 1495 synodi
3416 1424 3505 1476 Ni-

1944 1537 2107 1577 cmna:
2125 1537 2328 1574 canone
2355 1520 2444 1584 15,
2472 1520 2588 1573 etin
2624 1532 2829 1570 canone
2862 1517 2926 1570 14
2956 1526 3260 1570 sanctorum
3285 1526 3502 1584 aposto.
3554 1557 3557 1561 .

1944 1615 2137 1676 lorum,
2165 1623 2218 1667 et
2245 1613 2294 1666 in
2323 1613 2382 1666 ιιι
2422 1622 2476 1667 et
2510 1613 2560 1666 in
2595 1611 2664 1664 29.
2715 1611 3064 1665 Antiocheam
3089 1648 3103 1670 ,
3154 1619 3204 1663 et
3259 1608 3310 1660 in
3363 1607 3501 1660 aliis.

1944 1707 2079 1760 Cum
2103 1718 2278 1760 antem
2306 1705 2566 1774 ncglectni
2597 1705 2923 1758 haberentur
2951 1718 3033 1761 ea.
3067 1717 3185 1769 qum
3223 1701 3352 1769 ipsis
3378 1684 3502 1753 con?

293 1793 832 1862 Καταφρονουμένων
859 1794 914 1846 δὲ
957 1795 1066 1847 τῶν
1095 1796 1152 1846 ἐν
1188 1795 1371 1856 αὐτοῖς
1412 1797 1840 1866 περιεχομένων,

1950 1800 2206 1861 tinemur,
2237 1798 2518 1865 episcopus
2549 1795 2932 1859 COrdubeusis,
2964 1793 3053 1862 qui
3085 1792 3245 1846 Osius
3269 1791 3490 1858 appelld'

287 1884 319 1935 δ’
339 1883 632 1945 ἐπίσκοπος
657 1886 860 1946 πόλεως
884 1885 1216 1956 Κορδούσης,
1244 1889 1270 1938 ὀ
1314 1890 1410 1939 καί
1438 1889 1620 1949 Ὀσιος
1655 1888 1848 1958 κεκλη-

291 1976 446 2044 μένος
476 1975 561 2028 διὰ
594 1974 690 2045 τὴν
721 1976 1029 2046 προσοῦσαν
1060 1976 1207 2046 αύτῷ
1241 1978 1460 2049 ἀρετὴν,
1488 1981 1850 2049 προοιμιασά-

289 2085 450 2136 μενος
479 2067 715 2136 ὀφείλειν
743 2070 919 2122 πᾶσαν
939 2069 1148 2138 φαύλην
1173 2072 1843 2143 ωνήθειανέκριξοῦσθαι,

290 2161 468 2228 πολλῷ
503 2161 557 2213 δὲ
594 2161 754 2214 πλέον
784 2161 879 2232 τὴν
909 2164 1202 2233 ἀφορῶσαν
1251 2166 1346 2218 καὶ
1395 2167 1476 2229 είς
1508 2167 1848 2236 πραγμάτων

290 2251 757 2334 ἐκκλησιαστικῶν
803 2253 1121 2322 διαφθορὰν,
1175 2255 1424 2324 ἐπήγαγε
1458 2256 1538 2326 μὴ
1581 2257 1726 2326 ἔχειν
1759 2257 1846 2308 ἐπ’

290 2344 472 2408 ἀδείας
507 2345 800 2398 ἐπίσκοπον
834 2347 1131 2415 οἱονδήτινα
1160 2347 1266 2400 ἀπὸ
1318 2347 1522 2400 πόλεως
1574 2349 1656 2408 είς
1691 2348 1847 2400 πόλιν

294 2435 674 2504 μεθίστασθαι.
718 2437 802 2497 Ὠς
842 2437 898 2489 δέ
929 2455 1075 2501 τινος
1103 2440 1346 2502 εἰπόντος
1380 2441 1751 2507 συγγνωστέον
1773 2439 1849 2495 εἴ·-

289 2529 483 2582 ναιτδν
500 2528 630 2592 ἴσως
653 2529 806 2581 τοῦτο
834 2532 1130 2599 ποιήσαντα
1172 2531 1262 2584 δια
1293 2533 1848 2601 τρόπον·ἀγαθὺν,κα“ι

288 2617 375 2672 διὰ
401 2619 464 2672 τδ
499 2619 706 2684 διδάξαι.
736 2621 829 2673 καὶ
857 2620 1104 2690 στηρίξαι
1129 2621 1256 2674 λαὸν
1285 2623 1524 2686 πλείονα,
1553 2625 1848 2694 προσέθετο

289 2711 441 2780 παρὰ
486 2711 594 2762 τῶν
627 2713 938 2764 ἐπισκόπων
970 2713 1125 2766 τοῦτο
1160 2713 1467 2784 τολμᾶσθαι
1493 2715 1567 2786 μὴ
1610 2717 1697 2770 διὰ
1726 2719 1850 2787 τρό-

288 2819 398 2855 πον·
420 2800 646 2867 ἀγαθὸν,
679 2801 812 2854 ἀλλὰ
839 2803 926 2855 διὰ
950 2803 1280 2868 πλεονεξίαν,
1321 2805 1353 2875 ἢ
1409 2805 1476 2858 δι’
1505 2799 1842 2870 ἀλαζονείαν,

287 2895 381 2946 καὶ
411 2893 552 2946 ὥστε
606 2894 751 2963 ἔχειν
802 2893 1050 2958 ἐξουσίαν
1112 2895 1336 2964 μείζονα
1389 2897 1482 2950 καὶ
1537 2898 1848 2965 κερδαίνειν

287 2987 526 3042 πλείονα.
559 2988 746 3051 Οὐδεὶς
771 2988 899 3058 γὰρ,
947 2990 1143 3072 φησιν.
1177 2991 1469 3053 ἐπίσκοπος
1501 2991 1696 3061 εὑρέθη
1737 2990 1846 3045 ἀπὸ

1949 1898 2034 1944 tus
2077 1899 2157 1942 est
2181 1898 2400 1958 prepter
2435 1888 2684 1940 virtutem
2715 1901 2832 1954 qua:
2880 1885 2953 1938 illi
2996 1885 3172 1938 inerat
3196 1924 3209 1944 ,
3245 1897 3506 1946 exorsus,

1947 1982 2144 2036 debere
2168 1997 2380 2035 onmem
2415 1980 2604 2032 malam
2639 1977 3082 2031 consuctttdinem
3130 1975 3384 2030 radicitus
3411 1991 3508 2028 ex-

1947 2073 2186 2142 stlrpari,
2213 2071 2379 2126 multo
2404 2080 2582 2124 autem
2634 2071 2804 2138 magis
2855 2083 2971 2124 eam
3023 2082 3144 2136 quae
3191 2076 3397 2134 spectat
3440 2067 3508 2120 ad

1949 2182 2128 2220 rerum
2180 2164 2662 2219 ecclesiasticarum
2709 2161 3104 2227 corruptelam;
3170 2159 3350 2213 intulit
3399 2171 3507 2214 non

1949 2257 2109 2312 licere
2123 2257 2370 2324 cuiquam
2388 2255 2713 2322 episcOpoex
2733 2253 3009 2306 civitatein
3033 2252 3306 2306 civitatem
3332 2260 3509 2304 trans-

1947 2349 2046 2403 ire.
2084 2347 2311 2402 Perinde
2352 2359 2528 2401 autem
2555 2361 2619 2399 ac
2647 2345 2690 2399 si
2724 2345 2944 2400 dixisset
2975 2343 3270 2414 quispiam,
3301 2343 3350 2396 ei
3393 2357 3510 2396 esse

1951 2442 2365 2510 ignoscendum,
2411 2443 2502 2512 qui
2552 2444 2776 2496 honesta
2830 2442 3057 2495 fortasse
3105 2442 3170 2494 de
3215 2454 3375 2494 causa
3409 2439 3510 2493 hoc

1952 2536 2192 2589 facturus
2221 2544 2324 2598 est,
2358 2543 2412 2588 et
2433 2544 2490 2587 ut
2517 2534 2772 2602 majorem
2810 2533 3062 2602 populum
3093 2532 3354 2586 doceatet
3383 2545 3508 2584 con.

1951 2627 2155 2687 ﬁrmet;
2187 2625 2402 2695 adjecit,
2437 2625 2539 2680 hoc
2585 2625 2782 2679 audere
2823 2625 3118 2692 episcopos,
3153 2637 3262 2677 non
3294 2633 3510 2690 propter

1951 2716 2227 2770 honestam
2257 2714 2489 2783 aliquam
2522 2728 2741 2768 causam
2772 2751 2787 2775 ,
2819 2715 2911 2765 sed
2946 2721 3163 2781 propter
3185 2713 3470 2764 avaritiam
3491 2747 3516 2773 ,.

1948 2807 2030 2860 vel
2071 2806 2399 2875 superbiam,
2427 2812 2483 2859 et
2515 2815 2568 2857 ιιι
2605 2804 2840 2858 habeant
2872 2812 3187 2870 potestatem
3207 2801 3465 2869 majorem
3494 2838 3510 2861 ,

1949 2911 2004 2955 et
2032 2900 2186 2970 plura
2212 2897 2568 2954 lu'crifaciant.
2600 2896 2788 2952 Nullus
2823 2897 2986 2958 enim,
3018 2895 3190 2965 inquit
3215 2932 3232 2956 ,
3261 2899 3516 2948 inventus

1949 3005 2030 3050 est
2057 2996 2357 3064 episcopus,
2383 2993 2472 3061 qui
2541 3007 2579 3046 at
2627 2991 2816 3057 majori
2869 2991 3086 3050 civitate
3139 2991 3192 3044 in
3249 2991 3508 3042 minorem

287 3082 489 3143 πόλεως
529 3083 772 3151 μείζονος
803 3083 1041 3150 μεταϐὰς
1094 3085 1172 3144 είς
1203 3083 1620 3153 ἐλαχιστοτέραν
1643 3124 1656 3145 ,
1703 3083 1844 3137 ὥστε

1951 3085 2252 3148 transierit,
2291 3092 2348 3136 ut
2377 3098 2442 3136 ex
2474 3098 2538 3134 eo
2582 3081 2820 3136 avaritia:
2872 3092 2928 3134 et
2974 3079 3281 3148 cupiditatis
3329 3079 3512 3148 glorim

286 3177 350 3226 ἐκ
379 3174 569 3226 τούτου
623 3175 1038 3245 περιαιρεθῆναι
1083 3177 1193 3244 τὴν
1221 3176 1459 3246 ὑποψίαν
1504 3178 1602 3246 τῆς
1628 3178 1847 3230 πλεονε-

288 3267 404 3333 ξίας
437 3270 530 3321 καὶ
573 3269 671 3338 τῆς
703 3268 1025 3337 φιλοδοξίας.
1079 3269 1273 3320 Τοίνυν
1315 3267 1412 3320 καὶ¹
1450 3265 1702 3339 ἠρώτησε
1745 3270 1846 3339 τὴν

288 3359 523 3421 σύνοδον,
559 3361 606 3412 εί
644 3361 808 3413 πᾶσιν
831 3360 1051 3427 ἀρέσκει
1078 3356 1845 3429 αὐστηρότερὼιένκδικηθῆναι

285 3453 384 3522 τὴν
407 3453 662 3520 τοιαύτην
694 3453 916 3521 τόλμαν,
968 3452 1211 3518 δηλονότι
1253 3454 1326 3520 μὴ
1360 3451 1519 3519 μόνον
1565 3453 1848 3522 καθαιρεῖ-

290 3542 418 3594 σθαι
445 3543 535 3592 τὺν
568 3541 806 3594 τοιοῦτόν
833 3558 885 3592 τι
929 3551 1254 3610 ποιήσαντα.
1291 3541 1403 3594 ἀλλ’
1436 3541 1727 3594 ἐκπίπτειν
1753 3543 1846 3594 καὶ

289 3631 386 3699 τῆς
412 3629 519 3682 τῶν
568 3630 772 3682 πιστῶν
818 3630 1178 3701 όμηγόρεως⁹
1236 3630 1330 3682 καὶ
1387 3631 1509 3699 μηδ’
1539 3631 1613 3692 ὡς
1660 3631 1846 3684 λαῖκδν

293 3721 565 3774 κοινωνεῖν
597 3719 713 3788 μετ’
744 3720 954 3782 αύτῶνς
1000 3723 1136 3790 πρ“ς
1181 3720 1209 3774 ὃ
1236 3719 1283 3773 σι
1329 3721 1428 3790 τῆς
1461 3721 1681 3774 συνόδου
1715 3725 1848 3773 ἁπε-

294 3809 545 3878 κρίναντο
574 3807 654 3861 ὅτι
678 3809 844 3860 πᾶσιν
865 3808 1107 3877 ἀρέσκει.
1137 3807 1355 3861 Τούτων
1381 3808 1554 3870 οὕτως
1592 3811 1843 3878 ἐχόντων,

293 3900 553 3968 ἐρωτήσει
581 3915 663 3956 τις
699 3898 770 3961 ὡς
804 3897 894 3950 τοῦ
931 3904 988 3950 ιε’
1016 3899 1237 3962 κανόνος
1276 3900 1371 3968 τῆς
1408 3900 1465 3951 ἐν
1495 3899 1698 3970 Νικαίᾳ
1721 3917 1846 3952 συν-

287 3988 406 4042 όδου
433 3988 796 4058 διοριζομένου
820 3988 911 4042 τδν
936 3989 1039 4042 ἀπὸ
1060 3989 1264 4053 πόλεως
1295 3992 1371 4053 είς
1403 3991 1556 4044 πόλιν
1587 3992 1848 4059 μεταϐάν-

288 4097 356 4134 τα
388 4082 682 4134 ἐπίσκοπον
715 4085 788 4151 μὴ
819 4083 1194 4150 καθαρείσθαι,
1254 4082 1369 4135 ἀλλ’
1411 4084 1846 4149 ἁποκαθίζεσθαι

289 4175 368 4236 είς
399 4173 500 4245 τὴν
529 4175 798 4245 προτέραν
819 4174 982 4228 αὑτοῦ
1013 4175 1324 4246 ἐκκλησίαν,
1376 4179 1470 4229 καὶ
1516 4177 1608 4229 τοῦ
1639 4176 1843 4247 παρόν-

288 4283 378 4329 τος
405 4265 628 4330 κανόντις
658 4267 890 4336 παντελῆ
943 4268 1332 4336 ἀκοινωνησίαν
1379 4267 1568 4321 τούτου
1601 4269 1847 4339 καταψη-

289 4357 603 4426 φιζομένου,
651 4358 756 4410 τίνι
787 4362 1074 4428 προσέχειν
1106 4359 1425 4427 ὀφείλομεν;
1493 4360 1702 4424 Λύσις.
1736 4361 1844 4413 Καὶ

1948 3177 2183 3244 ειιερίεἰο
2237 3176 2472 3230 tollatur.
2527 3174 2874 3242 Interrogavit
2928 3173 3110 3243 itaque
3186 3174 3444 3242 synodum
3493 3190 3516 3227 :.

1947 3284 2014 3322 an
2050 3268 2096 3320 ei
2138 3267 2372 3334 placeret
2413 3267 2662 3320 acerbius
2703 3266 2863 3320 talem
2899 3265 3179 3318 audaciam
3216 3265 3516 3330 vindicari;

1947 3356 2151 3412 scilicet
2187 3371 2290 3409 non
2327 3356 2496 3410 solum
2521 3357 2710 3423 deponi
2738 3370 2860 3408 eum
2888 3353 2979 3422 qui
3007 3352 3110 3405 tale
3137 3353 3262 3422 quid
3297 3350 3510 3413 iecerit,

1946 3448 2036 3502 sed
2067 3450 2226 3500 etiam
2255 3463 2282 3500 a
2315 3445 2545 3501 fidelium
2601 3447 2978 3500 communione
3010 3446 3288 3507 excidere,
3325 3457 3372 3495 et
3410 3459 3509 3500 uvc

1947 3548 2002 3591 ιιι
2031 3537 2222 3591 laieum
2252 3536 2464 3606 quidem
2521 3553 2640 3590 cunt
2677 3535 2805 3604 ipsis
2853 3537 3250 3591 communicare
3282 3537 3305 3590 ?
3347 3536 3512 3608 483

1945 3630 2026 3683 Ad
2054 3631 2194 3696 quod
2235 3629 2423 3700 synodi
2459 3628 2650 3683 Patres
2690 3631 3098 3698 responderunt,
3161 3630 3211 3682 id
3269 3631 3516 3685 omnibus

1947 3723 2176 3792 placere.
2213 3721 2306 3775 llis
2338 3723 2409 3776 ita
2442 3737 2500 3776 se
2537 3722 2859 3775 habentibus
2892 3761 2907 3784 ,
2936 3722 3347 3790 interrogaverit
3373 3723 3514 3791 quis-

1947 3813 2086 3880 piam
2119 3811 2281 3866 :Cum
2315 3827 2487 3866 canon
2516 3812 2584 3866 15
2611 3812 2798 3882 synodi
2825 3809 3052 3864 Nicmna:
3083 3812 3290 3875 statuit,
3321 3821 3378 3865 ut
3401 3813 3514 3879 cpi-

1947 3921 2167 3974 scopus,
2207 3904 2295 3972 qui
2325 3920 2353 3957 a
2393 3905 2610 3958 civitate
2638 3902 2690 3955 iu
2727 3902 3000 3955 civitatem
3033 3903 3272 3964 transiit,
3293 3917 3402 3956 non
3425 3903 3514 3957 de-

1947 4008 2196 4066 ponatur,
2225 3998 2317 4051 sed
2353 3996 2403 4050 in
2436 3996 2671 4065 priorem
2708 4010 2858 4048 suam
2900 3994 3182 4047 ecclesiam
3257 3995 3513 4048 restitua-

1947 4101 2062 4154 tnr,
2105 4105 2340 4157 prazscns
2372 4102 2547 4144 autem
2576 4105 2748 4143 canon
2777 4105 2895 4143 eum
2929 4089 3173 4142 absoluta
3197 4103 3517 4141 excommu-

1948 4185 2212 4239 uicatione
2237 4183 2586 4246 condemnet;
2621 4191 2797 4234 utrum
2825 4181 2893 4234 sit
2940 4179 3309 4247 sequendum?
3352 4177 3512 4232 Solu-

1945 4277 2040 4330 tio.
2071 4275 2394 4342 Utrumque.
2423 4271 2608 4343 Neque
2632 4275 2778 4328 enim
2825 4271 3024 4327 habent
3053 4272 3342 4341 quidquam
3376 4271 3514 4324 inter
3550 4339 3555 4343 '

1946 4385 2004 4424 se
2033 4383 2336 4424 commune.
2365 4366 2429 4420 Et
2465 4367 2578 4435 lcge
2598 4367 2799 4421 dictum
2844 4380 3101 4419 canonem
3131 4363 3218 4418 15.
3254 4353 3333 4416 Si
3393 4363 3522 4430 quis

289 4449 634 4518 ἀμφοτέροις.
686 4450 819 4502 Οὐδὲ
882 4450 990 4521 γὰρ
1046 4451 1490 4504 ἐπικοινωνοῦσιν
1568 4452 1840 4522 ἀλλήλοις.

1951 4471 2128 4516 autem
2161 4472 2345 4514 contra
2408 4458 2600 4513 afferat
2657 4458 2973 4514 vicesimum
3030 4471 3290 4511 canouem
3348 4465 3513 4510 sexta:

299 4543 601 4610 Ἀνάγνωθι
625 4543 712 4594 τὶν
745 4543 975 4614 ρηθέντα
1021 4551 1082 4596 ιε’
1110 4546 1328 4600 κανόνα.
1373 4547 1434 4598 Ei
1471 4547 1534 4617 es
1564 4564 1648 4609 τις
1680 4547 1843 4600 ἀνθυ-

289 4636 515 4704 ποφέρει
542 4635 633 4686 τὸν
674 4634 718 4687 κ’
752 4638 950 4688 κανόνα
983 4637 1082 4706 τῆς
1110 4634 1163 4701 ς’
1195 4637 1413 4690 συνόδου
1443 4638 1670 4705 λέγοντα
1699 4636 1842 4690 οὕτω

289 4727 503 4794 ῥητῶς·
558 4729 648 4797 Μὴ
703 4728 904 4793 ἐξέστω
951 4730 1232 4801 ἐπισκόπῳ
1275 4730 1355 4793 είς
1385 4730 1579 4800 ἑτέραν
1621 4729 1718 4799 τὴν
1759 4728 1847 4799 μὴ

287 4819 435 4888 αὐτῷ
458 4821 840 4890 προσήκουσαν
883 4821 1037 4873 πόλιν
1084 4820 1318 4892 δημοσίᾳ
1370 4821 1641 4874 διδάσκειν
1662 4838 1675 4850 ·
1708 4823 1755 4873 εἰ
1785 4821 1847 4874 δέ

287 4927 370 4971 τις
390 4909 668 4980 φωραθείη
702 4909 859 4962 τοῦτο
886 4912 1075 4975 ποιῶν,
1103 4915 1200 4982 τῆς
1229 4912 1534 4982 ἐπισκοπῆς
1560 4913 1838 4964 παυέσθω·

287 5004 354 5055 τὰ
403 5003 458 5056 δὲ
485 5002 580 5056 τοῦ
619 5005 990 5074 πρεσϐυτέρου
1029 5003 1351 5076 ἐνεργείτω·
1385 5005 1478 5058 καὶ
1513 5004 1661 5072 λέγει
1690 5004 1843 5070 ὀφεί-

286 5095 401 5147 λειν
433 5095 489 5148 τὸ
511 5096 696 5151 λοιπὸν
720 5087 788 5149 τὰ
823 5096 914 5149 τοῦ
951 5096 1191 5150 τοιούτου
1227 5096 1424 5167 μᾶλλον
1451 5097 1842 5167 κανόνοίκρα-

288 5114 401 5147 Λειν
433 5114 489 5148 το
512 5114 696 5151 Αοιπον
720 5114 788 5149 τα
823 5115 914 5149 του
951 5114 1191 5150 τοιουτου
1227 5114 1424 5167 μαλλον
1451 5114 1645 5149 κανονο
1704 5114 1842 5166 κρα-

284 5196 418 5260 τεῖν,
449 5193 525 5257 ὡς
555 5195 1017 5262 μεταγενεστέρου
1049 5196 1192 5248 κατὰ
1233 5195 1368 5248 πολὺ
1396 5195 1493 5247 καὶ
1521 5114 1844 5264 καθαέρεσιν

289 5285 445 5356 μόνον
467 5285 763 5353 ἐπάγοντος
786 5303 799 5319 ’
834 5285 1119 5339 ἀκουσάτω
1159 5286 1404 5356 μεγάλην
1429 5282 1570 5339 εἶναι
1599 5285 1694 5356 τὴν
1726 5285 1846 5338 δια-

287 5377 460 5446 φορὰν
506 5376 615 5428 τῶν
646 5376 905 5429 κανόνων.
955 5375 1218 5428 Ἐνταῦοα
1250 5377 1349 5445 μὲν
1401 5378 1510 5444 γὰρ
1562 5375 1845 5444 ἀλλοτρίου

287 5467 476 5536 θρόνου
508 5468 676 5537 ἐπέϐη
717 5470 744 5518 ὁ
785 5467 1106 5528 ἐπίσκοπος,
1147 5465 1241 5518 καὶ
1264 5467 1514 5535 κατεῖχεν
1559 5465 1719 5517 αὑτὸν
1749 5467 1848 5524 αὑο

293 5559 561 5623 θεντικὼς
584 5574 600 5589 ·
623 5560 703 5613 διδ
732 5559 828 5613 σὺν
859 5559 922 5629 τῇ
954 5559 1269 5627 καθαιρέσει
1297 5559 1388 5610 καὶ
1404 5557 1847 5629 ἀποκηρύσσεται

285 5652 360 5714 ὡς
391 5649 772 5712 ἀναιδέστατος
795 5669 810 5684 ο
843 5655 870 5704 ό
917 5651 972 5703 δὲ
1005 5653 1061 5702 ἐν
1087 5650 1170 5722 τῷ
1197 5651 1412 5722 ῥηθέντι
1458 5650 1641 5703 κανόνι
1669 5650 1768 5719 τῆς
1793 5649 1849 5714 ς’

288 5745 509 5798 συνόδου
536 5744 860 5817 δηλούμενος
886 5744 1180 5809 ἐπίσκοπος
1217 5743 1372 5798 οὐδέν
1397 5761 1448 5797 τι
1475 5743 1561 5796 ’έτε
1573 5761 1662 5814 ρον
1694 5743 1850 5812 ἐνήρ-

1947 4553 2157 4623 synodi,
2190 4551 2382 4620 quisic
2413 4550 2546 4604 dicit
2570 4564 2822 4618 expresse
2849 4567 2862 4603 :
2890 4549 2965 4603 Ne
2997 4549 3157 4603 lit-eat
3187 4548 3435 4616 episcopo
3459 4548 3512 4600 in

1943 4645 2070 4707 alia,
2097 4659 2216 4712 qua:
2247 4641 2312 4695 ad
2336 4656 2393 4694 se
2425 4657 2528 4695 non
2559 4641 2774 4701 attinet.
2801 4639 3020 4694 civitate
3045 4639 3258 4709 publice
3281 4639 3510 4704 docere;

1943 4736 1986 4789 si
2014 4733 2136 4802 quis
2167 4743 2344 4787 autem
2382 4736 2480 4786 hoc
2514 4731 2690 4786 facere
2723 4731 3094 4799 deprehensus
3125 4729 3312 4794 fuerit,
3337 4737 3510 4785 cesset

1943 4829 2011 4880 ab
2043 4826 2377 4896 episcopatu,
2409 4839 2528 4892 qua:
2559 4832 2684 4876 sunt
2709 4832 2890 4875 autem
2920 4821 3212 4892 presbyteri
3241 4828 3507 4881 exerceat;

1943 4931 1998 4974 et
2028 4919 2174 4973 dicat
2203 4919 2343 4972 hunc
2360 4932 2618 4971 canonem
2659 4916 2708 4969 in
2743 4925 3014 4984 posterum
3041 4913 3207 4984 magis
3230 4900 3520 4966 observ-ari

1944 5011 2161 5074 debere,
2200 5019 2258 5064 ut
2286 5009 2375 5079 qui
2403 5008 2474 5063 sit
2505 5010 2672 5061 multo
2698 5007 2984 5070 recentior,
3015 5015 3070 5058 et
3120 5002 3511 5071 depositionem

1946 5102 2118 5156 solum
2150 5101 2366 5154 inducat
2400 5116 2415 5153 :
2449 5100 2635 5153 audiat
2679 5113 2800 5152 esse
2829 5111 3076 5164 magnam
3107 5108 3374 5148 canonum
3406 5093 3507 5144 dif-

1948 5194 2248 5250 ferentiam.
2296 5193 2392 5247 llic
2437 5190 2601 5248 enim'
2636 5193 2925 5260 episc0pus
2976 5188 3209 5240 elicitum
3252 5186 3505 5240 thronum

1949 5287 2165 5349 inva~it,
2202 5295 2254 5339 et
2281 5300 2400 5344 eum
2460 5283 2926 5340 sua‘auctoritate
2969 5278 3223 5334 obtinuit.
3273 5277 3336 5331 Et
3388 5278 3506 5331 ideo

1950 5395 2052 5432 una
2081 5393 2202 5432 cum
2227 5377 2566 5447 depositione
2590 5376 2749 5428 etiam
2803 5373 3082 5425 abdicatur
3107 5409 3122 5430 .
3177 5379 3236 5424 ut
3292 5369 3383 5439 qui
3436 5369 3510 5422 sit

1949 5469 2468 5541 impudentissimas.
2495 5467 2594 5534 Qui
2618 5476 2795 5518 autem
2832 5465 2882 5516 iu
2934 5461 3184 5531 praedicto
3217 5473 3380 5515 sextae
3413 5475 3505 5530 sy-

1950 5562 2073 5618 nodi
2101 5576 2305 5617 canone
2329 5560 2634 5615 dcclaratnr
2661 5556 2966 5623 episcopus,
2993 5555 3044 5606 in
3090 5552 3191 5606 alia
3231 5550 3506 5622 provincia

1952 5654 2084 5707 nihil
2114 5653 2257 5706 aliud
2280 5651 2537 5712 exercuit,
2594 5648 2696 5702 nisi
2727 5650 2868 5715 quod
2921 5645 3096 5700 solum
3150 5646 3358 5712 publice
3411 5647 3498 5696 do:

1954 5747 2062 5801 coit
2097 5764 2109 5800 :
2141 5755 2198 5802 et
2231 5743 2348 5799 idco
2379 5741 2548 5810 solum
2581 5740 2885 5812 deponitur.
2924 5740 3076 5806 Quod
3117 5739 3275 5794 etiam
3324 5739 3508 5791 Λιιιιο-
