3958 6242
171 193 344 267 ΝΞῼ
414 219 418 223 ·

267 427 291 460 ι
351 413 757 485 ἀκοινώνητος.
805 435 823 468 ι

296 505 349 556 Ο
399 507 607 578 παρὼν
638 507 818 562 κανὼν
849 510 947 573 τὰς
989 513 1307 582 μεταθέσεις
1340 515 1449 567 τῶν
1483 518 1798 571 ἐπισκόπων

172 589 340 656 ὅλως
379 596 454 648 οὒ
497 598 767 666 συγχωρεῖ
798 599 1041 668 γίνεσθαι
1066 619 1080 636 ο
1121 603 1255 656 ἀλλὰ
1293 605 1386 656 καὶ
1418 606 1466 657 εἰ
1498 605 1798 674 γένωνται,

174 680 522 752 αὐστηρῶς
547 689 672 751 τοὺς
701 691 1158 757 μετατιθεμένους
1187 694 1424 757 κολάζει.
1456 697 1804 751 Καταλαϐὁνο

176 790 286 833 τες
325 778 457 844 γὰρ
490 780 540 831 οἱ
576 782 814 852 Πατὲρες
845 783 908 847 ἐξ.
930 784 1095 837 αὑτοῦ
1125 785 1218 838 τοῦ
1251 789 1575 856 πράγματος
1605 788 1678 851 ὡς
1712 789 1803 842 ού·-

173 864 310 926 δεῖς
344 869 478 920 τῶν
509 871 824 925 ἐπισκόπων
853 873 956 926 ἀπὸ
991 875 1198 939 πόλεως
1233 877 1478 946 μείζονος
1512 879 1590 941 είς
1621 869 1802 948 ἐλαχι-

180 957 500 1026 στοτέραν
546 960 700 1013 πόλιν
747 962 1107 1034 μετατεθῆναι
1149 966 1472 1032 σπουδάζει,
1515 966 1651 1020 ἀλλὰ
1695 969 1803 1021 ἀπὺ

184 1051 440 1117 μικρᾶς
482 1054 690 1114 πόλεως
723 1055 816 1106 ἐπὶ
857 1054 1195 1126 ὑψηλοτέραν
1234 1058 1385 1113 πόλιν
1422 1059 1596 1111 ἐθέλει
1635 1075 1803 1128 μετα-

184 1139 400 1211 πηδᾷν
453 1144 540 1196 διὰ
587 1146 904 1210 ἀλαζονείαν
948 1151 1040 1201 καὶ
1089 1150 1421 1219 πλεονεξίαν,
1467 1152 1672 1221 ὥρισαν
1715 1151 1804 1202 τὸν

183 1229 478 1287 τοιοῦτον
502 1227 644 1305 ’μηδὲ
679 1238 864 1291 λαῖκοῦ
898 1241 1187 1295 κοινωνίαν
1219 1243 1364 1312 ἔχειν
1385 1282 1401 1308 ,
1433 1242 1568 1296 ἀλλὰ
1601 1243 1699 1296 σὺν
1729 1243 1807 1313 τῷ

187 1324 624 1398 καθαιρεῖσθαι
645 1331 735 1382 καὶ
767 1330 1151 1400 ἀφωρισμένον
1180 1329 1340 1389 εἶναι.

848 1422 1084 1476 ΚᾹΝΩΝ
1119 1425 1192 1480 Β’.

200 1524 224 1558 τ
281 1505 360 1560 Et
402 1510 464 1563 δέ
496 1529 579 1574 τις
611 1513 847 1577 τοιοῦτος
882 1515 1190 1585 εὑρίσκοιτο
1227 1518 1498 1592 μανιώδης
1531 1519 1563 1589 ἢ
1600 1521 1803 1590 τολμη-

287 1619 310 1652 «
369 1604 490 1672 ρὸς,
536 1605 610 1668 ώς
652 1608 778 1674 περὶ
820 1607 926 1659 τῶν
967 1609 1225 1663 τοιούτων
1265 1610 1414 1675 δόξαι
1455 1613 1576 1667 τινὰ
1621 1615 1805 1682 φέρειν

289 1711 312 1744 ι
370 1697 741 1767 παραίτησιν,
780 1699 1260 1770 διαὸεϐαιούμενος
1298 1705 1405 1757 ἀπὸ
1438 1705 1530 1758 τοῦ
1570 1706 1806 1776 πλήθους
1837 1714 1882 1768 Β

297 1802 318 1833 ι
374 1786 517 1854 πρὸς
545 1787 735 1840 ἑαυτὸν
761 1781 1083 1859 κεκομίσθαι
1111 1794 1418 1863 γράμματα
1436 1814 1448 1826 ·
1477 1796 1636 1867 δῆλόν
1661 1799 1808 1851 ἐστιν

291 1890 317 1923 τ
371 1873 586 1942 ὀλίγους
623 1880 774 1941 τινὰς
813 1879 1152 1952 δεδυνῆσθαι,
1193 1885 1368 1954 μισθῷ
1408 1887 1503 1940 καὶ
1541 1889 1808 1958 τιμήματι

291 1983 314 2016 ι
369 1965 768 2038 διαφθαρέντας
814 1974 871 2024 ὲν
913 1976 978 2043 τῇ
1028 1975 1293 2048 ἐκκλησίᾳ
1342 1978 1690 2043 στασιάζειν,
1734 1980 1809 2043 ὡς

302 2074 324 2107 ι
379 2057 541 2125 δῆθεν
591 2061 874 2126 ἀξιοῦντας
922 2064 1013 2117 τὸν
1063 2067 1225 2121 αὐτὸν
1275 2067 1417 2138 ἔχειν
1467 2070 1763 2123 ἐπίσκοπον
1792 2087 1806 2102 ·

301 2165 324 2196 ε
381 2148 639 2214 καθάπαξ
669 2149 760 2204 οὗν
790 2156 888 2218 τὰς
926 2157 1275 2227 ῥᾳδιουργίας
1303 2161 1404 2221 τὰς
1435 2161 1686 2225 τοιαύτας
1718 2165 1812 2216 καὶ

304 2258 326 2289 ι
379 2241 571 2310 τέχνας
613 2244 909 2309 κολαστὲας
955 2244 1095 2302 εἶναι
1138 2251 1376 2320 νομίζω,
1424 2253 1563 2307 ὥστε
1610 2255 1811 2324 μηδένα

308 2351 328 2382 ι
387 2333 625 2387 τοιοῦτον
651 2336 785 2406 μηδὲ
811 2339 867 2390 ὲν
898 2338 968 2408 τῷ
994 2341 1134 2392 τέλει
1158 2342 1353 2412 λαῖκῆς
1379 2343 1509 2412 γοῦν
1532 2347 1812 2411 ἀξιοῦσθαι

315 2441 337 2473 ι
390 2427 691 2495 κοινωνίας.
715 2427 774 2480 El
792 2428 965 2482 τοίνυν
982 2433 1204 2502 ἀρέσκει
1227 2435 1259 2504 ἡ
1284 2435 1474 2505 γνώμη
1498 2436 1659 2505 αῦτη,
1679 2439 1812 2491 ἀπο-

308 2534 330 2566 (
384 2517 659 2585 κρίνασθε.
692 2521 1102 2593 ’Λπεκρίναντω
1130 2526 1212 2578 Τὰ
1239 2528 1494 2596 λεχθέντα
1521 2530 1738 2601 ἤρεσεν.
1787 2551 1805 2583 ι

302 2609 509 2665 ΒΛΛΣ.
555 2614 665 2666 Καὶ
710 2607 862 2677 οὗτος
907 2619 935 2670 ὁ
979 2616 1159 2672 κανὼν
1197 2621 1290 2673 τοῦ
1338 2619 1388 2673 α’
1410 2623 1674 2693 ἐξέχεται.
1716 2623 1813 2677 Τι-

220 2699 345 2753 νῶν
384 2702 494 2772 γαρ
536 2704 849 2758 ἐπισκόπων
882 2710 1220 2780 αἰτιωμένων
1252 2711 1339 2764 διὰ
1372 2712 1471 2782 τὴν
1505 2713 1568 2766 ἐκ
1609 2714 1814 2778 πόλεως

220 2795 313 2854 εἰς
344 2796 501 2847 πόλιν
527 2799 732 2851 τούτων
761 2802 1111 2870 μετάστασιν,
1129 2806 1221 2858 καὶ
1244 2807 1660 2877 ἐπιχειρούντων
1678 2824 1816 2878 παρ-

219 2887 530 2949 αιτεῖσθαι,
579 2888 746 2960 ἤγουν
796 2893 1192 2960 ἁποσκευάζειν
1221 2897 1281 2962 ἐξ
1309 2897 1488 2951 αὐτῶν
1517 2898 1612 2969 τὴν
1641 2900 1818 2953 αἰτίαι

222 2995 339 3042 σιν,
381 2981 444 3032 ὲκ
477 2980 571 3033 τοῦ
606 2982 786 3050 λέγειν
818 2985 906 3038 διὰ
943 2990 1286 3056 γραμμάτων
1317 2986 1411 3044 τοῦ
1447 2989 1680 3060 πλήθους
1714 2991 1813 3060 τῆς

221 3070 449 3134 πόλεως
485 3078 812 3141 μεταπεσεῖν
841 3078 904 3130 ἐκ
932 3074 1032 3149 τῆς
1062 3079 1332 3151 λαχούσης
1360 3083 1580 3149 αὐτοὺς,
1608 3083 1811 3150 ὥρισαν
1838 3058 1882 3115 c

221 3162 278 3214 οί
330 3165 577 3234 Πατέρες
623 3167 760 3238 μηδὲ
800 3168 957 3223 τοῦτο
1001 3172 1082 3236 εἰς
1130 3173 1428 3242 ἀπολογίαν
1467 3176 1688 3244 ἀρκεῖν·
1733 3177 1816 3229 ὅτι

222 3252 346 3303 τῶν
381 3256 607 3308 εἰκότων
637 3257 750 3320 ἐστὶ
785 3260 1245 3332 ῥᾳδιουργηθῆναι
1276 3264 1502 3318 τοιαῦτα
1535 3267 1625 3320 διά
1651 3284 1816 3320 τινων

223 3343 436 3410 ὀλίγων
464 3347 700 3400 ἐποίκων
723 3349 822 3419 τῆς
848 3351 1054 3417 πόλεως
1082 3355 1488 3424 διαφθαρέντων
1513 3359 1818 3427 νομίσμασι

225 3437 332 3489 καὶ
358 3433 467 3488 οἷον
495 3439 908 3505 μισθωθέντωνδ
933 3444 1055 3496 ὅθεν
1079 3447 1172 3498 καὶ
1197 3447 1477 3500 ἐκώλυσαν
1501 3451 1624 3512 τοὺς
1645 3451 1822 3506 ταῦτα.

227 3527 669 3595 τεχναζομένους
709 3531 1039 3596 ἐπισκόπους
1078 3535 1168 3588 διὰ
1207 3539 1502 3603 παντελοῦς
1542 3542 1821 3612 ἀποκηρύ-

235 3618 411 3681 ξεως,
456 3617 597 3672 ὥστε
645 3621 779 3690 μηδὲ
823 3624 1154 3692 θνήσκοντας
1199 3630 1430 3696 αὐτοὺς,
1477 3631 1552 3695 ώς
1598 3633 1818 3697 λαῖκοὺς

235 3709 526 3776 ἀξιοῦσθαι
561 3713 865 3776 κοινωνίας.
903 3717 1121 3770 Τούτων
1151 3719 1207 3772 δὲ
1244 3719 1416 3784 οὕτως
1451 3723 1704 3792 ἐχόντων,
1745 3726 1818 3796 μὴ

237 3803 404 3872 εἴπῃς
432 3803 561 3866 τοὺς
594 3804 732 3873 μετὰ
762 3804 1024 3874 ἀληθείας
1061 3810 1503 3881 μετακληθέντας
1536 3816 1685 3886 παρὰ
1715 3833 1816 3870 πο-

236 3892 405 3946 λιτῶν
437 3894 926 3962 συγγινώσκεσθαι,
961 3895 992 3966 ἧ
1031 3897 1104 3968 μὴ
1141 3891 1702 3973 συγγινωσκομένους,
1733 3924 1818 3959 τι-

243 3985 549 4053 μωρεῖσθαι
578 3987 718 4039 κατὰ
743 3987 868 4048 τοὺς
896 3990 1078 4058 ῥαδιου
1090 3993 1395 4060 ργήσαντας
1418 3997 1518 4065 τὴν
1547 3997 1819 4068 μετάκλη-

239 4092 360 4128 σιν’
385 4076 499 4129 ἀλλ’
519 4077 638 4129 εἰπὲ
664 4079 860 4142 αὐτοὺς
883 4080 1281 4149 καθαιρεῖσθαι,
1307 4083 1380 4148 ώς
1407 4085 1482 4155 μὴ
1505 4085 1818 4154 ὀφείλοντας

243 4169 544 4220 ὑπακούειν
576 4171 855 4239 ἀμετόχων
883 4171 1206 4240 ἀνθρώπιον.

319 4259 560 4316 ΖΩΝΔΡ,
600 4263 660 4314 Εἰ
697 4263 749 4314 δὲ
783 4245 1033 4317 τοσοῦτόν
1067 4268 1202 4328 ἐστι,
1241 4268 1393 4337 φησὶ,
1434 4271 1706 4342 μανιώδης
1737 4292 1819 4337 τις

551 257 560 285 ,
1392 217 1474 279 ΙΝ
1503 219 1664 283 CAN.
1702 220 1759 280 II
1798 221 2000 285 CONC.
2071 227 2361 289 sanum.

266 337 288 370 ι
347 323 462 373 καὶ
501 323 824 395 πλεονέκτης
852 323 1304 399 ὑποϐλεπόμενος,
1332 329 1419 385 διὰ
1449 332 1793 401 ptas-mm;
1824 345 1869 399 Α

3323 225 3456 288 1430

1976 359 1996 392 ι
2034 341 2150 408 ibit,
2205 351 2457 408 tanquam
2504 357 2766 412 arrogans
2815 353 2869 397 et
2917 357 3134 410 avarus,
3166 355 3264 410 per
3288 353 3456 398 totam

1977 450 1996 483 ι
2036 434 2196 486 vitam
2225 436 2794 490 excommunicabitur.
2837 453 2853 484 ι

1971 524 2215 580 Prteseus
2261 540 2430 580 canon
2479 527 2848 595 episcoporum
2902 526 3282 582 translationes
3333 527 3448 580 fieri

1902 632 2007 687 non
2041 617 2259 669 omnino
2300 617 2586 685 permittit,
2621 618 2773 671 antsi
2811 618 2960 684 fiant,
2997 634 3185 687 poenas
3217 636 3242 670 a
3275 627 3459 672 trans-

1903 708 2022 761 latis
2085 723 2272 763 severe
2311 710 2458 778 petit.
2489 709 2960 777 Dcpreheudeutes
2991 710 3132 762 enim
3165 709 3349 764 Patres
3393 725 3456 764 ex

1901 816 1965 855 eo
1995 800 2134 868 quod
2183 799 2362 854 nullus
2401 801 2771 870 episcoporum
2819 815 2846 852 a
2894 801 3108 853 civitate
3158 799 3340 866 majori
3395 801 3459 853 ad

1904 888 2473 953 minoremtransferri
2505 890 2772 942 civitatem
2811 889 3007 954 Studet,
3039 889 3127 941 sed
3169 904 3196 940 a
3248 889 3461 943 civitate

1904 997 2063 1048 parva
2099 982 2164 1034 ad
2193 982 2555 1036 sublimiorem
2588 983 2819 1050 migrare
2857 983 3004 1048 cupit
3043 981 3338 1038 civitatem,
3361 997 3457 1049 per

1903 1073 2260 1142 arrogantiam
2295 1079 2348 1126 et
2382 1073 2528 1142 plura
2562 1072 2788 1128 habendi
2835 1071 3177 1140 cupiditatem
3213 1072 3464 1125 videlicet

1907 1167 2042 1227 fieri,
2075 1168 2426 1221 decreverant
2473 1164 2632 1217 talem
2688 1180 2786 1217 nec
2834 1163 2953 1218 laici
2989 1164 3185 1217 habere
3214 1179 3464 1216 commu-

1907 1259 2140 1320 nionem,
2174 1257 2265 1312 scd
2296 1273 2417 1311 cum
2447 1256 2781 1327 depositione
2811 1255 2973 1308 etiam
3009 1255 3465 1308 excommunica-

1909 1361 1960 1402 lll
1971 1366 2017 1402 Ill
2050 1365 2191 1406 esse.

2496 1439 2724 1496 CANON
2771 1439 2836 1493 ll.

1913 1551 1934 1585 ι
1976 1533 2030 1588 Si
2065 1535 2185 1603 quis
2225 1547 2404 1588 autem
2442 1535 2577 1590 adeo
2628 1535 2849 1589 insanus
2879 1534 2964 1588 vel
3015 1534 3185 1586 audax
3225 1533 3469 1586 invenia-

1986 1644 2004 1676 ι
2051 1637 2156 1689 tur,
2189 1637 2243 1679 ut
2275 1626 2342 1681 de
2369 1627 2433 1681 iis
2467 1627 2711 1680 videatur
2746 1625 2977 1695 aliquam
3023 1622 3213 1676 allerre
3241 1638 3470 1677 excusa-

1984 1737 2003 1770 ι
2039 1719 2257 1782 tionem,
2300 1734 2571 1780 asserens,
2621 1718 2720 1771 sibi
2775 1732 2802 1768 a
2861 1717 3058 1784 pepqu
3120 1716 3310 1767 allatas
3352 1731 3471 1768 esse

1986 1827 2016 1861 ι·
2045 1811 2281 1864 litteras:
2315 1809 2516 1862 clarum
2569 1819 2668 1866 ρει,
2720 1807 2958 1873 potuisse
3007 1821 3206 1877 paucos
3260 1804 3472 1871 aliquos

1989 1921 2016 1954 ›-
2050 1902 2294 1956 mercede
2321 1912 2372 1956 et
2399 1900 2572 1970 pretio
2600 1906 2882 1963 corruptos
2921 1897 2973 1949 in
3006 1896 3232 1950 ecclesia
3260 1895 3475 1949 seditio-

1987 2013 2007 2046 ι
2045 2009 2163 2049 nem
2199 2008 2434 2054 movere,
2463 2003 2520 2045 ut
2563 1993 2808 2044 eumdem
2845 1990 3028 2057 utique
3075 1989 3236 2043 velint
3274 1987 3473 2040 habere

1989 2105 2018 2158 ι,
2050 2085 2380 2155 episcopum.
2427 2085 2658 2139 Omnino
2687 2098 2814 2149 ergo
2846 2084 2942 2136 bas
2975 2083 3194 2136 fraudes
3225 2089 3279 2134 et
3323 2092 3470 2132 artes

1993 2197 2011 2228 ι
2047 2175 2342 2248 puniendas
2369 2175 2772 2240 esseexistimo,
2800 2183 2856 2228 ut
2878 2190 3035 2228 nemo
3070 2175 3257 2242 possit,
3276 2173 3364 2241 qui
3393 2183 3475 2223 est

1989 2292 2008 2325 ι
2045 2271 2326 2341 ejusmodi,
2357 2285 2424 2324 ne
2458 2273 2510 2323 iu
2551 2270 2654 2323 fine
2696 2271 2908 2338 quidem
2943 2269 3073 2323 laica
3102 2268 3476 2324 communione

1989 2383 2008 2416 ‹
2047 2364 2240 2434 dignus
2272 2362 2484 2416 haberi.
2519 2362 2598 2415 Au
2630 2376 2758 2428 ergo
2810 2361 2923 2414 bzec
2972 2360 3142 2427 placet
3183 2360 3472 2422 sententia,

1989 2477 2007 2509 ι
2044 2457 2380 2524 respondete.
2413 2454 2823 2524 ReSponderuut
2865 2472 2878 2507 :
2915 2454 3126 2507 Placent
3179 2466 3294 2520 ιμιειε
3334 2437 3477 2507 dicta

1994 2569 2014 2601 ι
2058 2557 2202 2603 sunt.
2240 2568 2258 2599 ι

1984 2639 2181 2695 BAtS.
2214 2638 2310 2694 Hic
2341 2653 2550 2706 quoque
2579 2651 2748 2690 canon
2782 2651 2810 2690 a
2847 2635 3019 2703 primo
3044 2629 3322 2699 dependet.
3343 2632 3474 2686 Cum

1914 2735 2056 2790 enim
2091 2734 2305 2800 quidam
2335 2729 2569 2798 episcopi
2597 2738 2981 2783 accusareutur
3011 2735 3228 2796 propter
3265 2740 3416 2778 suam
3447 2740 3474 2777 a

1915 2828 2131 2883 civitate
2163 2826 2215 2879 in
2251 2825 2518 2879 civitatem
2553 2820 3103 2884 transmigrationem,
3128 2829 3179 2886 et
3213 2834 3478 2872 conaren-

1918 2930 2006 2984 tur
2043 2935 2099 2974 se
2127 2932 2406 2992 excusare,
2442 2930 2534 2970 seu
2565 2930 2628 2968 ex
2659 2929 2716 2968 se
2744 2911 3169 2966 criminationem
3225 2910 3433 2964 amoliri
3459 2948 3475 2972 ,

1913 3029 1978 3068 eo
2003 3012 2144 3081 quod
2171 3012 2408 3065 dicerent
2439 3023 2532 3076 per
2559 3005 2737 3076 populi
2769 3004 3002 3059 civitatis
3050 3003 3258 3057 litteras
3286 3016 3344 3057 se
3389 3017 3475 3054 re-

1917 3104 2150 3158 cessisse
2174 3101 2242 3155 ab
2269 3115 2330 3154 ea
2359 3100 2574 3154 civitate
2604 3113 2724 3167 quae
2770 3095 2887 3151 illos
2919 3096 3106 3150 sortita
3140 3105 3219 3149 est
3246 3109 3260 3159 ;
3289 3095 3482 3149 decre-

1917 3202 2112 3248 verunt
2139 3191 2344 3258 Patres,
2372 3206 2442 3245 ue
2474 3191 2572 3244 hoc
2596 3171 2822 3259 quidem.
2846 3188 2912 3242 ad
2937 3186 3301 3242 defensionem
3335 3184 3484 3240 sum-

1917 3298 2061 3344 cere.
2117 3283 2239 3352 quia
2297 3281 2588 3336 verisimile
2621 3289 2706 3335 est
2751 3280 2864 3334 ba'c
2899 3261 3090 3332 callide
3140 3276 3278 3332 facta
3315 3275 3482 3333 fuisse

1917 3391 2015 3445 per
2050 3390 2248 3440 paucos
2279 3373 2513 3426 civitatis
2544 3371 2874 3446 habitatores
2902 3368 3141 3437 pecuniis
3170 3377 3480 3437 corruptos,

1917 3476 1971 3522 et
2001 3453 2162 3519 veluti
2192 3465 2436 3518 mercede
2464 3463 2776 3516 conductos.
2815 3461 2964 3517 Unde
2990 3469 3042 3514 et
3062 3460 3363 3528 episcopos,
3389 3459 3490 3528 qui.

1916 3558 2030 3612 have
2057 3557 2455 3619 machiuautur,
2487 3570 2580 3622 per
2615 3554 2910 3620 perfectam
2942 3553 3334 3606 abdicationem
3379 3565 3480 3621 pu-

1916 3651 2152 3709 nierunt,
2185 3658 2238 3700 ut
2276 3663 2341 3703 ne
2385 3647 2674 3702 morientes
2706 3647 2920 3715 quidem
2979 3655 3037 3700 ut
3076 3645 3198 3698 laici
3237 3659 3476 3698 comnm-

1921 3737 2079 3787 uiune
2133 3734 2275 3804 digni
2331 3735 2648 3788 habeantur.
2691 3735 2784 3787 llis
2812 3739 3007 3787 autetu'
3032 3736 3100 3786 ita
3132 3749 3191 3787 sc
3230 3733 3481 3788 habenti-

1919 3829 2038 3893 bus,
2110 3843 2175 3881 ue
2257 3827 2460 3882 dixeris
2490 3827 2569 3881 eis
2602 3842 2721 3880 esse
2750 3829 3130 3896 ignocendum,
3163 3827 3252 3890 qui
3283 3842 3311 3878 a
3347 3825 3450 3880 civi
3479 3863 3484 3866 -

1918 3917 2018 3972 bus
2053 3934 2174 3972 vere
2202 3919 2406 3972 evocati
2441 3927 2603 3981 sunt;
2637 3917 2712 3969 vel
2743 3919 2787 3972 si
2840 3933 2944 3971 non
3001 3917 3330 3985 ignoscatur,
3364 3933 3483 3974 esse

1915 4010 2237 4079 puniendos.
2274 4019 2331 4063 Ill.
2380 4025 2471 4061 eos
2507 4011 2595 4077 qui
2644 4009 3010 4064 evocationem
3057 4008 3242 4062 fraude
3275 4010 3481 4064 machi-

1923 4111 2118 4152 nantur
2151 4116 2163 4152 :
2192 4102 2280 4152 scd
2331 4101 2414 4153 dic
2465 4116 2555 4154 eos
2584 4099 2925 4167 deponendos
2971 4114 3114 4162 esse,
3167 4089 3226 4153 ut
3255 4101 3343 4167 qui
3379 4116 3482 4154 non

1902 4192 2149 4244 'debeaut
2186 4193 2371 4244 audire
2409 4191 2654 4246 homines
2688 4192 2753 4244 ad
2786 4192 2928 4259 ipsus
2985 4207 3086 4244 non
3127 4192 3480 4260 pertinentes.

1988 4284 2241 4339 ZONAR.
2275 4283 2426 4349 Quod
2454 4283 2495 4336 si
2525 4283 2666 4350 quis,
2700 4283 2895 4348 inquit,
2931 4285 3064 4336 adeo
3095 4284 3320 4337 insanus
3359 4293 3476 4336 tau-

247 4351 279 4421 ἢ
323 4353 627 4423 τολμηρὸς,
674 4353 814 4407 ὥστε
861 4356 954 4407 καὶ
1000 4358 1138 4424 μετὰ
1178 4359 1272 4410 τδν
1314 4361 1511 4413 κανόνα
1553 4365 1816 4433 τολμῆσαι

1929 4387 2085 4445 taque
2104 4377 2425 4431 couﬁdrnt‘a
2449 4377 2702 4443 praeditus
2729 4376 3042 4442 reperiatur,
3063 4376 3154 4444 qui
3180 4375 3337 4429 etiam
3366 4387 3486 4444 post

253 4449 576 4510 μεταπεσεῖν
615 4449 677 4498 ἐκ
725 4448 930 4511 πόλεως
976 4451 1056 4510 εἰς
1103 4451 1276 4514 πόλιν,
1320 4453 1412 4505 καὶ
1461 4457 1584 4522 περὶ
1630 4457 1820 4512 τούτου

242 4535 419 4589 δοκεῖν
456 4537 640 4606 φέρειν
675 4539 1035 4609 παραίτησιν,
1072 4541 1238 4612 ἤγουν
1271 4545 1689 4614 ἀπολογεῖσθαι,
1727 4551 1823 4603 καὶ

250 4631 633 4698 παραιτεῖσθαι
661 4634 758 4701 τὴν
792 4633 1023 4702 μέμψιν,
1052 4636 1171 4688 ἀντὶ
1202 4636 1295 4688 τοῦ
1326 4639 1819 4707 ἀποσκευάζεσθαι,

247 4721 722 4792 διαϐεϐαιούμενος
759 4726 877 4795 ἦτοι
912 4728 1260 4796 ἐνιστάμενος
1297 4730 1623 4799 κεκομίσθαι
1661 4735 1823 4788 αὑτὸν

249 4816 551 4885 γράμματα
582 4819 688 4872 ἀπὸ
717 4819 813 4872 τοῦ
848 4821 1083 4891 πλήθους
1111 4821 1210 4890 τῆς
1240 4823 1446 4887 πόλεως
1481 4829 1821 4895 μετακαλού-

255 4923 392 4972 μενα
435 4910 599 4962 αὑτὸν
643 4913 722 4974 εἰς
766 4913 864 4980 τὴν
910 4915 1247 4983 ἐπισκοπὴν·
1286 4916 1444 4986 δῆλον
1486 4918 1566 4970 ὅτι
1611 4919 1822 4986 ὀλίγους

251 4998 401 5060 τινας
442 4998 680 5072 ἠδυνήθη
728 5004 910 5058 πεῖσαι
963 5004 1273 5070 στασιάζειν
1314 5009 1370 5060 ὲν
1432 5012 1498 5078 τῇ
1556 5012 1822 5082 ἐκκλησῑᾳ

251 5087 532 5154 ἀξιοῦντας
577 5092 722 5164 ἔχειν
765 5098 925 5150 αὐτὸν
970 5099 1288 5152 ἐπίσκοπον.
1336 5101 1446 5153 Καὶ
1490 5102 1728 5165 ἐκείνους
1767 5105 1823 5161 δὲ

256 5185 595 5252 ἐμισθώσατο
623 5190 718 5242 καὶ
744 5191 984 5260 ἠγόρασε
1009 5192 1068 5245 τὸ
1099 5193 1333 5263 ζητῆσαι
1364 5177 1701 5258 αύτδνξδοῦς
1730 5197 1823 5247 αὑ·

254 5281 363 5340 τοῖς
392 5280 672 5348 χρήματα,
705 5282 862 5335 ἅτινα
895 5284 988 5336 καὶ⁵
1017 5286 1209 5354 μισθὸν
1239 5287 1332 5339 καὶ
1363 5288 1582 5356 τίμημα
1610 5287 1826 5355 ὠνόμα-

257 5385 345 5422 σεν
374 5373 401 5422 ὁ
435 5369 634 5426 κανών.
668 5374 938 5437 Καθόλου,
973 5378 1128 5444 φησὶ,
1160 5379 1256 5441 τὰς
1285 5377 1539 5440 τοιαύτας
1575 5380 1824 5450 ῥᾳδιουρ-

255 5463 380 5530 γίας
421 5465 539 5535 ἦτοι
584 5464 898 5536 δολιότητας
944 5471 1038 5522 καὶ
1080 5469 1276 5538 τέχνας
1323 5471 1467 5539 παρὰ
1511 5471 1823 5525 ἐπισκόπων

179 5558 182 5562 ’
256 5557 501 5620 γίνεσθαι
530 5558 808 5622 κολάσεώς
835 5543 979 5612 ἐστιν
1007 5562 1176 5627 ἀξιον.
1207 5561 1270 5614 Ἠ
1299 5562 1356 5616 δὲ
1387 5561 1602 5624 κόλασις
1632 5564 1690 5615 τδ
1723 5580 1824 5631 μη-

257 5647 380 5702 δένα
411 5652 633 5706 τοιαῦτα
668 5651 922 5706 ποιοῦντα
946 5693 959 5718 ,
998 5653 1133 5722 μηδὲ
1168 5653 1467 5726 θνήσκοντα
1487 5693 1502 5721 ,
1535 5651 1609 5718 ὡς
1640 5653 1825 5709 λα’ίκον

1927 4471 2066 4523 hunc
2101 4486 2360 4522 canonem
2392 4469 2591 4530 editum
2623 4468 2890 4520 civitatem
2926 4477 3132 4522 mutare
3160 4483 3322 4521 ausus
3373 4465 3489 4521 fuco

1925 4563 2012 4623 rit,
2041 4576 2211 4627 eoque
2242 4576 2299 4613 se
2327 4574 2608 4624 excusare,
2633 4559 2737 4613 hoc
2767 4569 2878 4623 est,
2930 4560 3062 4613 tueri
3117 4558 3316 4612 factum
3373 4559 3487 4611 cri-

1925 4669 2156 4725 utenque
2188 4654 2432 4707 refellere
2474 4652 2608 4707 velle
2631 4652 2899 4712 videatur,
2931 4653 3069 4721 quod
3109 4653 3334 4716 litteras,
3365 4653 3486 4720 qui-

1925 4746 2023 4798 bus
2060 4745 2122 4797 ad
2171 4743 2524 4812 episcopalem
2583 4758 2765 4796 Curam
2808 4754 3164 4807 evocaretur,
3214 4757 3241 4795 a
3296 4741 3488 4809 populo

1925 4837 2131 4890 urbano
2175 4852 2233 4889 se
2270 4836 2476 4896 tulisse,
2516 4835 2566 4887 id
2619 4843 2735 4899 est,
2769 4837 3041 4900 accepisse
3071 4842 3275 4887 asserat
3309 4849 3372 4884 ac
3398 4833 3490 4885 de-

1927 4928 2140 4990 fendat;
2191 4927 2350 4981 facile
2393 4935 2636 4994 apparet,
2686 4927 2876 4996 paucis
2934 4926 3263 4988 hominibus,
3324 4933 3383 4976 ut
3435 4924 3485 4978 iu

1923 5019 2149 5074 ecclesia
2201 5018 2536 5071 seditionem-
2562 5019 2881 5082 excitarent,
2916 5018 3195 5083 ipsumque
3235 5015 3335 5067 sibi
3370 5015 3487 5081 epi-

1924 5126 2144 5178 seopnni
2175 5111 2546 5173 deposcerent,
2577 5109 2644 5182 ab
2669 5124 2732 5162 eo
2763 5107 3071 5177 persuaderi
3097 5106 3350 5174 potuisse.
3381 5104 3487 5159 Sed

1925 5215 2110 5253 eorum
2146 5201 2392 5269 suffragia
2443 5201 2544 5253 sibi
2594 5201 2683 5253 ille
2729 5198 2975 5252 videlicet
3029 5205 3332 5251 emercatus
3381 5204 3485 5270 est,

1926 5292 2228 5362 pecuniam,
2257 5306 2416 5360 quam
2448 5293 2748 5346 mercedem
2798 5305 2861 5343 ac
2912 5290 3141 5358 pretium
3176 5303 3348 5344 cauon
3387 5303 3485 5356 ap-

1926 5383 2111 5453 pel-lat,
2145 5384 2449 5437 hominibus
2473 5383 2777 5446 dilargitus.
2814 5381 3048 5436 Omnino
3081 5381 3262 5448 igitur,
3289 5381 3484 5448 inquit,

1926 5471 2258 5540 episcopum,
2291 5471 2355 5523 ad
2382 5471 2606 5526 callidas
2639 5471 2737 5523 bas
2760 5481 2904 5525 artes
2935 5471 3051 5523 sive
3077 5470 3312 5524 fallacias
3339 5470 3487 5524 frau-

1927 5562 2128 5632 desque
2182 5561 2602 5634 coufngicntcm,
2661 5563 2878 5630 impune
2923 5561 3074 5618 abire
3126 5563 3264 5617 haud
3311 5566 3488 5618 σειν-ι,

1925 5653 2046 5710 Erit
2076 5671 2202 5725 ergo
2237 5655 2350 5712 lucc
2380 5653 2795 5722 animadversio,
2823 5665 2880 5710 ut
2906 5656 2998 5727 qui
3029 5655 3230 5727 aliquid
3265 5656 3370 5712 tale
3395 5659 3490 5712 ad-
