3958 6242
130 211 306 276 HJ}?

1410 222 1496 296 IN
1531 237 1697 300 CAN.
1733 230 1809 302 tv
1844 235 2054 308 coNc.
2098 240 2391 314 saltum.

3339 253 3473 317 1438

125 331 423 438 ΑΡΙΣΞῘ.
471 359 496 393 σ
552 345 764 413 Μηδεὶς
803 349 1118 404 ἐπισκόπων
1140 352 1373 422 ἄκλητος
1397 356 1480 419 είς
1507 357 1662 410 πόλιν
1687 358 1793 413 δια·

1909 365 2138 420 ARIST.
2210 388 2228 419 ι
2264 367 2451 422 Nullus
2491 352 2892 438 episcoporum,
2955 371 3054 424 nisi
3117 382 3358 434 vocatus,
3414 378 3465 426 in

224 447 247 478 ι
300 430 623 492 ϐαινέτω.
657 441 766 493 Καὶ
785 443 812 493 ό
839 442 1207 514 ἐπαρχιὼτης,
1233 450 1280 500 εί
1312 449 1402 500 ἐπί
1430 466 1484 502 τι
1508 450 1805 515 δικάζοιτο,

227 538 251 571 τ
303 523 682 599 ἀλλοτρίους
715 534 1048 600 ἐπισκόπους
1079 539 1178 590 οὐκ
1211 541 1617 598 ἑπικάλέσεται.
1658 543 1717 596 El
1746 544 1804 596 δὲ

228 633 250 665 α
303 619 635 691 ἐπικρίνοι
659 625 687 676 ό
724 625 966 697 Ῥώμης,
999 630 1328 699 παρέσονται
1351 632 1444 686 καὶ
1465 633 1793 704 ἀλλότριοι.)

241 786 356 883 ΪΕν
400 793 719 866 διαφόροις
753 802 975 854 κανὸσιν
1009 805 1224 874 εἴρηται
1264 807 1324 860 τὸ
1362 808 1564 877 μηδένα
1597 811 1804 883 τολμᾷν

135 877 275 970 dia-sb
315 885 446 953 τῆς
489 886 698 941 ἑαυτοῦ
736 893 1025 960 παροικίας
1061 897 1141 959 εἰς
1165 887 1357 969 ἑτέραν
1392 901 1660 970 ἐπαρχίαν
1683 877 1804 956 tu}-

135 967 435 1030 ϐαίνειν.
482 979 545 1031 εἰ
588 978 662 1050 μὴ
700 983 848 1048 παρὰ
883 984 972 1035 τοῦ
1015 989 1410 1056 μητροπολίτου
1437 993 1665 1047 καὶτῶν
1704 995 1833 1048 σὺν

140 1060 330 1130 αὐτῷ
396 1068 747 1124 ἐπισκόπων
780 1074 972 1144 κληθῇ.
1017 1077 1187 1132 Τοῦτο
1234 1081 1340 1151 γὰρ
1383 1085 1536 1154 καὶὴ
1585 1085 1800 1151 σύνοδος

141 1161 321 1221 αῦτη
386 1161 764 1227 προστάττει.
822 1165 979 1219 Ἀλλά
1016 1168 1109 1220 καὶ
1147 1171 1200 1222 εί
1227 1189 1312 1234 τις
1345 1175 1452 1226 τῶν
1485 1167 1800 1231 ἐπισκόπων

148 1250 327 1313 μετὰ
355 1257 793 1308 συνεπισκόπου
813 1258 938 1325 περί
959 1277 989 1310 τ
1014 1264 1101 1322 νος
1129 1263 1448 1332 πράγματος
1472 1269 1799 1338 ἀμφιϐολίαν

146 1341 304 1392 τινὰ
368 1346 578 1414 σχοίη,
632 1349 725 1399 καὶ
776 1352 892 1417 μετ’
943 1353 1106 1405 αὐτοῦ
1155 1356 1235 1418 είς
1280 1341 1380 1426 τήν
1429 1360 1643 1413 σύνοδον
1700 1362 1802 1432 τῆς

150 1431 498 1503 ἐὲτὰρχῖας
538 1439 698 1492 αὑτοῦ
733 1441 1022 1507 δικάζοιτο,
1058 1447 1158 1501 οὐκ
1184 1448 1386 1517 ὀφείλει
1419 1455 1509 1508 καὶ
1543 1453 1649 1506 ἀπὸ
1679 1442 1800 1510 ἐτέ-

161 1521 283 1589 ρας
316 1526 448 1578 ὲπα
462 1529 626 1598 ρχίας
652 1531 1022 1606 διαγνώμονάς
1046 1556 1194 1602 τινας
1221 1541 1327 1594 τῶν
1352 1543 1660 1600 ἐπισκόπων
1682 1549 1801 1601 ἐπι·

154 1614 534 1711 καλεῖσθαι,
567 1622 701 1676 ἀλλὰ
739 1627 889 1698 παρὰ
921 1630 1103 1698 μόνοις
1141 1639 1251 1697 τοῖς
1282 1637 1648 1707 ἐπαρχιώταις
1676 1658 1800 1711 κρι-

164 1705 386 1800 θῆναι.
423 1714 550 1767 Καὶ
591 1719 638 1769 εί
670 1719 972 1789 ἀπαρέσκει
1014 1727 1161 1796 αύτῷ
1211 1729 1242 1799 ή
1275 1705 1475 1800 κρίσις,
1504 1733 1597 1784 καὶ
1631 1705 1800 1787 οἴεται

160 1799 582 1896 ἀδικηθῆναι,
632 1812 1015 1896 ἐκκαλεῖσθαι,
1086 1823 1178 1871 καὶ
1218 1799 1320 1890 τῷγ
1361 1822 1613 1892 Ῥώμης.
1666 1819 1710 1892 ᾧ
1762 1827 1795 1896 ὴ

163 1893 440 1981 τοιαύτη
471 1898 759 1955 ὑπόκειται
780 1890 1036 1975 ἐπαρχία.
1062 1890 1494 1981 προσέρχεσθαι·
1521 1890 1612 1967 καὶ
1636 1890 1797 1981 micae

166 1980 214 2052 ἦ
246 1982 328 2036 δι’
360 1985 579 2040 ἑαυτοῦ
609 1993 837 2062 τηρήσει
869 1997 968 2064 τὴν
1000 1998 1296 2068 ἀπόφασιν.
1326 2001 1358 2072 ἢ
1397 2005 1508 2066 τοῖς
1543 2005 1797 2070 γειτνιῶ-

174 2091 277 2129 σιν
305 2079 653 2147 ἐπισκόποις
684 2089 746 2157 τῇ
772 2088 1010 2161 ἐπαρχίᾳ
1030 2094 1091 2146 τὸ
1120 2093 1220 2164 τῆς
1251 2097 1512 2168 ἐκκλήτου
1540 2098 1798 2172 δικαστή-

173 2175 320 2236 ’ριον
353 2172 651 2245 ἀναθήσει.

846 2266 1086 2334 KANoN
1125 2283 1200 2337 ι’.

183 2369 215 2410 ἰ
271 2361 421 2415 Ἐάν
481 2383 564 2427 τις
619 2357 913 2434 ἐπίσκοπος
967 2373 1264 2448 καθαιρεθῇ
1327 2381 1392 2449 τῇ
1454 2381 1633 2452 κρίσει
1689 2383 1799 2440 τῶν

281 2473 303 2504 ‹
350 2457 679 2511 ἐπισκόπων
728 2462 837 2515 τῶν
896 2467 956 2518 ἐν
1007 2472 1213 2539 γειτνίᾳ
1258 2475 1653 2543 τυγχανόντων,
1701 2475 1797 2529 καὶ

282 2562 304 2594 ι
349 2547 546 2620 φάσκῃ
582 2552 743 2608 πάλιν
773 2544 950 2629 ἐαυτῷ
983 2562 1277 2630 ἀπολογίας
1309 2569 1537 2637 πρᾶγμα
1573 2568 1796 2624 ἐπιϐάλ-

279 2657 302 2689 ‹
346 2641 414 2694 λε
427 2658 496 2705 ιν,
524 2643 598 2712 μὴ
624 2649 884 2719 πρότερον
904 2655 984 2717 είς
1003 2655 1100 2719 τὴν
1131 2657 1400 2727 καθέδραν
1423 2663 1584 2715 αὐτοῦ
1611 2655 1798 2730 ἕτερον

281 2752 303 2784 ι
350 2732 824 2810 ὑποκαταστῆναι,
854 2745 950 2798 ἐὰν
977 2746 1051 2816 μὴ
1077 2749 1105 2801 ό
1135 2751 1232 2819 τῆς
1265 2738 1482 2822 Ῥώμης
1503 2752 1798 2818 ἐπίσκοπος

277 2844 300 2876 ‹
343 2827 614 2897 ἐπιγνοὺς
649 2833 778 2905 περὶ
813 2837 1003 2892 τούτου
1035 2841 1158 2910 ὅρον
1193 2827 1505 2916 ἐξενέγκῃ.)

271 2919 494 2976 ΒΑΛΣ.
533 2923 789 2989 Εἰπόντες
816 2930 862 2982 οἱ
898 2917 1145 3003 Πατέρες
1169 2933 1268 3002 τὴν
1292 2935 1400 2988 τῶν
1440 2937 1798 3008 ἐπαρχιωτῶν

1993 477 2011 510 ι
2048 458 2208 512 aliam
2240 461 2428 513 urbem
2470 469 2731 514 transeat.
2764 453 3076 526 Quinetiam
3119 465 3470 531 provincialis

1978 565 1998 602 ι
2023 552 2328 622 episcopus,
2361 554 2402 608 si
2434 553 2576 607 litem
2615 553 2847 621 aliquam
2908 553 3121 618 habent,
3159 556 3224 606 ad
3259 555 3464 608 alienos

1981 663 2002 695 ι
2029 644 2312 713 episcopos
2357 660 2459 697 non
2500 645 2833 710 provocabit.
2878 644 2934 696 Si
2982 653 3164 699 autem
3221 646 3468 698 Romano

1995 756 2012 788 ι
2043 737 2121 791 sic
2155 737 2300 791 visus
2336 729 2520 800 fuerit,
2549 737 2712 790 etiam
2744 735 2900 790 alieni
2926 735 3208 789 ﬂdt'l‘llﬂl.)

1988 826 2044 884 In
2068 830 2230 885 variis
2253 831 2553 885 canon-ibus
2603 831 2827 891 dicitur,
2871 829 3138 882 nemiuem
3196 828 3394 880 audere
3437 841 3466 880 e

1904 939 1998 975 sua
2022 925 2256 990 paruacia
2286 921 2337 975 in
2371 921 2528 974 aliam
2560 921 2793 988 migrare
2849 920 3219 987 provinciam,
3278 919 3380 971 nisi
3433 933 3462 970 a

1905 1014 2314 1080 metropolitano
2337 1024 2390 1067 et
2418 1014 2684 1084 episcopis
2706 1015 2796 1081 qui
2833 1029 2953 1067 cum
3005 1028 3070 1066 eo
3101 1022 3248 1068 sunt.
3306 1025 3470 1062 voce-

1906 1118 2009 1160 tur.
2040 1103 2310 1160 lloceuim
2358 1120 2414 1159 et
2469 1106 2583 1161 huic
2642 1103 2879 1175 synodus
2905 1102 3169 1172 praecipit.
3213 1097 3318 1155 Sed
3347 1098 3468 1153 etsi

1903 1202 2026 1268 ullis
2056 1202 2338 1268 cpiscopus
2360 1215 2483 1254 cum
2509 1199 2840 1266 coepiscopo
2881 1197 2934 1250 in
2965 1196 3147 1278 aliqua
3187 1208 3243 1248 re
3267 1192 3464 1246 habue-

1904 1295 1973 1345 rit
1997 1292 2451 1357 controversiam,
2487 1302 2542 1346 et
2570 1306 2691 1345 cum
2743 1300 2807 1344 e'o
2846 1291 2897 1344 in
2943 1287 3148 1358 synodo
3193 1285 3308 1353 ejus
3341 1300 3469 1352 pro-

1903 1383 2120 1438 vinciali
2149 1384 2300 1439 litem
2335 1391 2536 1448 movet,
2580 1398 2686 1437 non
2742 1383 2897 1436 debet
2934 1395 3002 1436 ex
3027 1379 3128 1433 alia
3187 1379 3465 1448 provincia

1904 1473 2288 1545 dijudicatores
2316 1477 2526 1545 aliquos
2551 1475 2834 1546 episcopos
2874 1475 3183 1536 advocare;
3221 1471 3315 1525 sed
3347 1478 3468 1523 tan-

1905 1572 2180 1624 tummodo
2213 1567 2902 1638 provincialiumjudicium
2933 1566 3136 1620 subire.
3162 1563 3226 1618 Et
3257 1565 3300 1617 si
3325 1561 3461 1630 judiv

1903 1663 2046 1716 cium
2085 1663 2181 1731 ipsi
2223 1678 2327 1716 non
2362 1662 2628 1722 arriserit,
2652 1675 2817 1729 seque
2844 1657 3039 1727 injuria
3070 1656 3320 1710 allectum
3370 1669 3468 1722 pna-

1905 1753 2120 1817 taverit,
2158 1753 2449 1820 appellare,
2480 1760 2537 1804 'et
2577 1751 2874 1804 Romanum
2912 1748 2996 1801 cui
3059 1747 3185 1800 talis
3244 1744 3467 1813 subjici-

1904 1856 1989 1897 tnr
2016 1844 2290 1912 provincia
2320 1843 2488 1907 adire,
2521 1849 2574 1897 et
2596 1841 2686 1895 ille
2715 1840 2802 1894 Vel
2838 1853 2935 1908 per
2977 1839 3212 1905 seipsum
3245 1845 3467 1890 senten-

1903 1931 2030 1984 tiam
2061 1931 2415 1989 examinabit.
2448 1928 2529 1984 vel
2586 1930 2860 1998 episcopis
2915 1927 3109 1982 vicinis
3169 1925 3465 1997 provinciae

1900 2022 2220 2092 appellantis
2247 2022 2511 2092 judicium
2551 2024 2878 2077 committet.
3161 2019 3168 2026 ’
3296 2019 3298 2022 ’

2490 2282 2722 2339 CA‘NON
2777 2283 2869 2340 ιν.

1902 2387 1922 2430 ι
1953 2376 2009 2434 Si
2043 2378 2164 2447 quis
2201 2378 2484 2447 episc0pns
2509 2379 2716 2446 judicio
2748 2377 3153 2450 episc0pornm,
3191 2377 3279 2446 qui
3341 2384 3465 2429 sunt

1985 2492 2005 2524 ι
2033 2473 2087 2526 iu
2112 2471 2329 2537 vicinia,
2364 2470 2646 2542 depositus
2681 2471 2868 2535 fuerit,
2907 2479 2960 2524 et
2985 2470 3127 2524 dicat
3160 2482 3345 2522 rursus
3363 2465 3463 2520 sibi

1985 2585 2004 2618 ι
2044 2564 2414 2636 responsionis
2463 2564 2731 2633 negetium
2787 2573 3122 2632 competere:
3177 2577 3278 2616 non
3313 2560 3466 2628 prius

1979 2679 1998 2711 ι
2032 2659 2084 2713 in
2112 2659 2427 2713 cathedram
2484 2658 2599 2724 ejus
2654 2655 2791 2710 alius
2834 2657 3197 2712 subetitnatur
3227 2695 3241 2718 ,
3303 2667 3464 2724 quam

1984 2773 2002 2806 ι
2046 2752 2323 2807 Romanus
2356 2751 2643 2820 episcopus
2676 2765 2839 2804 causa
2871 2749 3086 2818 cognita
3131 2747 3462 2802 sententiam

1981 2861 2000 2895 ι
2032 2845 2236 2898 tulerit.
2268 2862 2286 2895 ι
3243 2903 3252 2912 ,

1984 2934 2177 2993 BALS.
2207 2921 2836 2992 Cnm'dixissentPatres
2885 2932 3294 3005 provincialium
3341 2943 3464 2986 scn-

183 3009 498 3080 ’ἀπὸφασιν
518 3015 766 3088 ἐκκλήτῳ
784 3019 1123 3087 ὑποκεῖσθαι,
1147 3024 1239 3078 καὶ
1262 3026 1413 3098 παρὰ
1435 3027 1543 3080 τῶν
1560 3045 1793 3096 γειτνια-

199 3103 418 3127 71-.-----
467 3107 698 3127 l‘____li
917 3100 938 3127 ὀ
978 3114 992 3127 ι
1217 3117 1228 3127 ι
1346 3123 1355 3127 -
1382 3116 1410 3127 η
1514 3120 1525 3127 .

1902 3034 2122 3089 tentiam
2154 3032 2499 3104 appellationi
2552 3029 2769 3098 subjici,
2826 3040 2878 3084 et
2925 3045 2952 3082 ο
2987 3028 3305 3100 prepinqnis
3357 3027 3462 3093 epi-

195 3103 418 3166 ζόντων
465 3107 779 3162 ἐπισκόπων
817 3112 938 3166 κατ’
973 3114 1277 3187 ἐπιτροπὴν
1317 3116 1411 3172 τοῦ
1455 3120 1656 3174 πάππα
1695 3139 1793 3194 τη-

189 3196 461 3266 ρεῖσθαι,
483 3197 608 3267 ἄρτι
635 3202 768 3269 φασὶ
797 3203 848 3256 τί
873 3203 1078 3271 ὀφείλει
1107 3208 1386 3274 γενέσθαι,
1413 3210 1508 3264 ἐὰν
1531 3209 1626 3266 καὶ
1646 3211 1798 3282 παρὰ

197 3286 423 3375 τούτων
463 3288 491 3339 ὁ
519 3289 888 3359 ἐκκλητεύσας
920 3296 1316 3366 καταδικασθῇ,
1351 3299 1445 3352 καὶ
1476 3300 1636 3354 πάλιν
1663 3291 1797 3375 λέγῃ

192 3373 573 3449 ᾙαρύνεσθα-ι.
624 3383 957 3453 Διορίζονται
987 3384 1081 3441 οὖν
1114 3390 1296 3459 μένειν
1349 3393 1408 3444 ἐν
1445 3393 1688 3465 ἀκεραίῳ
1725 3373 1797 3448 τά

198 3471 547 3540 πράγματα,
579 3474 672 3524 καὶ
702 3474 776 3543 μὴ
809 3475 994 3546 ἕτερον
1025 3479 1360 3548 ψηφίζεσθαι
1394 3484 1689 3539 ἐπίσκοπον
1716 3488 1797 3552 είς

202 3563 312 3632 τὴν
343 3561 445 3616 τοῦ
478 3565 899 3650 κατακριθὲντος
928 3570 1246 3640 ἐκκλησίαν,
1281 3575 1332 3626 εί
1374 3575 1448 3646 μὴ
1485 3577 1579 3630 καὶ
1609 3580 1642 3648 ἡ
1672 3577 1793 3631 δευ-

201 3657 349 3724 τέρα
387 3655 654 3726 ἔκκλητος
689 3659 838 3743 παρὰ
863 3661 958 3715 τοῦ
988 3663 1189 3719 πάππα
1213 3667 1448 3739 τηρηθῇ.
1478 3657 1644 3723 Ὥστε
1696 3689 1796 3743 ση-

207 3748 457 3816 μείωσαι
493 3750 620 3820 περὶ¹
653 3739 759 3804 τῶν
802 3752 1312 3826 καταδικαζομένων
1349 3759 1663 3815 ἐπισκόπων
1702 3739 1798 3816 καὶ

204 3841 356 3910 μετὰ
390 3841 491 3912 τὴν
517 3831 836 3924 καθαίρεσιν
861 3844 1166 3915 ζητούντων
1196 3851 1394 3922 ἑτέραν
1421 3851 1602 3922 κρίσιν
1629 3854 1710 3907 ὅτι
1733 3855 1793 3908 οὐ

208 3937 609 4003 χειροτονεῖται
647 3936 855 4009 ἕτερος,
898 3940 946 3991 εί
992 3941 1073 4011 μὴ.
1097 3941 1307 4015 τηρηθῇ
1335 3945 1368 4016 ἡ
1399 3942 1663 4015 ἔκκλητος
1699 3945 1794 4000 τοῦ

211 4027 710 4092 καταδικασθέντος
730 4069 746 4093 ,
778 4031 838 4084 ού
883 4032 1041 4102 μόνον
1075 4035 1107 4103 ἡ
1137 4033 1327 4108 πρώτη
1346 4076 1363 4102 ,
1389 4037 1525 4092 ἀλλὰ
1551 4039 1646 4092 καὶ
1674 4038 1797 4092 δευ-

213 4121 392 4189 τέραο
427 4120 506 4183 δἰς
536 4121 645 4191 γὰρ
690 4125 1040 4179 ἐκκαλεῖσθαι
1071 4127 1449 4200 ἐκκεχὼρηται
1474 4146 1488 4162 ·
1527 4132 1610 4185 ὅτι
1653 4133 1681 4185 ό
1731 4139 1792 4185 ιε’

217 4213 402 4268 κανὼν
433 4214 533 4284 τῆς
571 4217 628 4268 ἐν
675 4216 974 4290 Ἀντιοχείᾳ
1009 4219 1229 4273 συνόδου
1259 4209 1520 4292 ἐσχόλασε
1540 4261 1556 4286 .
1587 4225 1679 4278 καὶ
1710 4225 1792 4279 ὅτι

219 4306 398 4368 οὐδεὶς
437 4305 944 4378 καταδικαζόμενος,
989 4310 1085 4364 καὶ
1115 4309 1290 4380 λέγων
1320 4307 1668 4383 βαρύνεσθαι,
1700 4316 1793 4368 ἐκ-

1898 3127 2079 3196 scopis
2101 3126 2256 3196 jussu
2281 3135 2438 3196 papae
2469 3123 2803 3190 examinari;
2862 3138 3008 3176 nunc
3061 3121 3271 3186 dicunt,
3328 3121 3460 3190 quid

1900 3219 2014 3274 ﬁeri
2047 3217 2263 3282 debeat,
2292 3218 2336 3274 si
2374 3217 2442 3272 ab
2475 3217 2542 3272 iis
2568 3218 2732 3272 etiam
2753 3215 2825 3282 is,
2862 3217 2953 3286 qui
2987 3215 3299 3285 appellavit,
3329 3229 3456 3267 con-

1896 3309 2186 3368 demnatus
2231 3305 2422 3377 Fuerit,
2449 3319 2578 3365 etse
2614 3323 2803 3364 rursus
2845 3308 3058 3379 gravari
3122 3306 3287 3362 dicat.
3339 3304 3463 3359 Sta-

1899 3415 2055 3460 tumtt
2083 3419 2234 3474 ergo,
2273 3413 2331 3458 ut
2363 3417 2450 3459 res
2477 3403 2528 3456 in
2573 3403 2786 3474 integro
2824 3409 3100 3461 maneant.
3125 3409 3178 3455 et
3231 3401 3283 3453 in
3316 3399 3461 3468 ejus.

1895 3498 1987 3569 qui
2019 3497 2414 3553 condemnatus
2442 3505 2548 3560 est,
2589 3494 2873 3551 ecclesiam
2909 3495 3046 3549 alius
3075 3509 3178 3547 non
3208 3492 3462 3562 eligatur,

1893 3591 1998 3647 nisi
2021 3592 2260 3647 secunda
2314 3587 2603 3661 appellatio
2655 3603 2849 3659 apapa
2905 3587 3217 3664 examinata
3281 3585 3462 3641 fuerit.

1891 3680 2076 3749 Quare
2127 3692 2253 3738 nota
2281 3683 2346 3738 de
2377 3682 2646 3751 episcOpis
2677 3680 3053 3736 condemnatis
3105 3689 3159 3732 et
3194 3687 3315 3749 post
3364 3675 3462 3731 de-

1895 3773 2226 3844 positionem
2253 3775 2400 3830 aliud
2432 3773 2802 3844 querentibus
2821 3773 3080 3840 judicium
3104 3788 3118 3836 ;
3157 3771 3297 3839 quod
3324 3768 3463 3823 alius

1896 3881 2009 3922 non
2038 3865 2348 3931 ordinatur,
2373 3864 2857 3922 nisilcondemnaii
2899 3861 3194 3934 appellatio
3251 3860 3462 3914 exami-

1895 3969 2075 4023 netur,
2103 3975 2208 4015 non
2235 3960 2406 4029 prima
2441 3967 2671 4023 tantum,
2702 3957 2794 4012 sed
2823 3968 2876 4012 et
2896 3955 3130 4018 secunda
3160 3973 3174 4018 ;
3212 3951 3294 4006 his
3315 3953 3461 4006 enim

1893 4049 2168 4119 appellare
2200 4049 2559 4118 conceditur;
2587 4047 2728 4118 quod
2761 4049 2983 4118 quintus
3019 4047 3261 4100 decimus
3287 4058 3458 4096 canon

1891 4141 2243 4197 Antiochenaa
2292 4142 2487 4213 synodi
2542 4135 2808 4206 eXOlevit;
2842 4149 2898 4194 et
2937 4137 3079 4210 quod
3133 4138 3310 4190 nullus
3367 4138 3458 4202 qui

1893 4235 2311 4301 condemnatur,
2345 4243 2398 4290 et
2427 4233 2559 4289 dicit
2603 4249 2662 4289 se
2696 4233 2909 4304 gravari
2944 4231 3265 4300 ejectionem
3298 4226 3462 4282 susti-

1894 4337 2003 4393 net,
2035 4327 2206 4382 donec
2229 4327 2296 4383 de
2316 4327 2677 4398 appellatione
2705 4325 2977 4397 cegnitum
3013 4324 3174 4378 fuerit
3197 4363 3210 4384 ,
3242 4331 3295 4375 οι
3318 4321 3460 4391 quod

221 4398 485 4466 6ι6ασμὺν
512 4399 824 4468 ὑφίσταται,
862 4402 1051 4473 μέχρις
1077 4402 1142 4457 ἂν
1171 4404 1266 4457 καὶ
1295 4403 1360 4457 τὰ
1393 4404 1492 4472 τῆς
1522 4404 1787 4475 ἐκκλήτου

1902 4420 2285 4476 condemnatus
2316 4421 2400 4475 bis
2433 4419 2707 4490 appellare
2729 4429 2926 4488 potest.
2966 4417 3097 4472 Vide
3157 4416 3223 4470 74
3286 4428 3458 4468 cano-

221 4490 496 4560 τηρηθῶσι
516 4509 530 4524 ·
563 4490 656 4544 καὶ
684 4493 765 4545 ὄτι
792 4493 873 4556 δις
910 4493 1259 4548 ἐκκαλεῖσθαι
1287 4494 1509 4548 δύναται
1551 4498 1581 4550 ό
1622 4513 1794 4552 κατα-

222 4584 558 4652 κρινόμενος.
610 4584 906 4651 Ἀνάγνωθι
939 4585 1030 4640 τὸν
1063 4586 1132 4640 οδ¹
1159 4585 1517 4641 άποστολικὸν
1547 4588 1748 4642 κανόνα
1772 4629 1790 4653 ,

224 4677 318 4741 τῆς
350 4676 406 4727 ἐν
431 4676 735 4746 Χαλκηδόνι
761 4675 825 4739 θ’.
859 4677 949 4730 καὶ
977 4678 1077 4747 τῆς
1101 4679 1160 4732 ὲν
1191 4678 1522 4751 Καρθαγένῃ
1564 4676 1646 4746 ts',
1679 4678 1787 4750 κη’.

225 4766 308 4835 ρκ’
329 4771 420 4823 καὶ
445 4777 583 4840 ρκα¹,
607 4774 700 4824 καὶ
723 4773 1059 4843 συμϐίϐασαι
1086 4776 1294 4839 πάντας
1316 4773 1450 4845 πρὸς
1469 4778 1536 4830 τά
1557 4775 1790 4831 ἐνταῦθα

217 4862 600 4932 γεγραμμένα.
624 4865 747 4918 Ὅτι
772 4867 996 4932 καὶτοῖς
1013 4867 1198 4938 νόμοις
1219 4869 1367 4923 δοκεῖ
1387 4873 1568 4926 πᾶσαν
1591 4870 1790 4925 ὑπόθε-

219 4969 310 5009 σιν
348 4961 515 5028 χωρ’νς
539 4957 649 5012 τῶν
681 4958 756 5031 μὴ
787 4960 1186 5031 ἐπιδεχομένων
1215 4962 1507 5033 ὑπέρθεσιν
1536 4965 1787 5034 ἐκκλήτῳ

215 5045 538 5105 ὑποκεῖσθαι
566 5053 664 5122 ούχ
691 5053 872 5118 ἅπαξ,
905 5053 1040 5107 ἀλλὰ
1063 5056 1156 5108 καὶ
1187 5054 1290 5118 δίς.
1328 5057 1473 5127 Πλὴν
1500 5057 1574 5126 μὴ
1605 5074 1789 5128 παρα·

215 5139 399 5215 δράμῃ
431 5161 488 5196 σε
510 5145 576 5198 τὰ
604 5145 697 5198 τοῦ
723 5155 771 5214 γ’
801 5147 1020 5209 κανόνος
1051 5147 1146 5198 καὶ
1177 5148 1245 5200 τὰ
1273 5147 1362 5200 τοῦ
1396 5148 1438 5200 ε’
1461 5149 1559 5219 τῆς
1581 5150 1788 5216 παρού-

223 5235 326 5303 "an;
352 5234 568 5288 συνόδου
593 5237 754 5307 χάριν
782 5233 876 5289 τοῦ
907 5235 1154 5304 δέχεσθαι
1189 5237 1220 5308 ῆ
1253 5236 1328 5307 μὴ
1355 5237 1604 5308 δέχεσθαι
1634 5239 1786 5311 παρά

228 5321 318 5375 τοῦ
350 5321 548 5378 πάππα
572 5324 671 5395 τὴν
709 5325 996 5391 ἔκκλητον.
1028 5325 1217 5378 ἰδικδν
1244 5325 1351 5394 γάρ
1372 5327 1485 5381 ἐστι
1522 5330 1680 5383 τοῦτο
1703 5333 1784 5394 εἰς

232 5414 321 5476 τὰς
354 5414 810 5482 ἐκκλησιαστικάς
857 5416 1139 5480 ὑποθέσεις
1165 5455 1182 5481 ,
1213 5418 1308 5471 καὶ
1340 5423 1560 5489 κρατεῖν
1583 5422 1782 5492 ὀφείλει

234 5503 348 5557 ἔνθα
386 5505 721 5576 ἐξεφωνήθη.

299 5593 534 5648 ΖΩΝΛΡ.
611 5589 738 5650 Ἐὰν
800 5599 1100 5668 αἰτιάματά
1160 5619 1280 5655 τινα
1345 5603 1581 5673 προτεθῇ
1640 5603 1783 5658 κατὰ

229 5685 558 5752 ὶπισκόπου,
608 5687 704 5741 καὶ
758 5689 970 5760 κριθεὶς
1025 5693 1054 5746 ὁ
1107 5692 1426 5764 αἰτιώμενος
1483 5695 1778 5759 ἐπίσκοπος

1899 4523 2020 4564 nem
2081 4511 2480 4580 apostolicum,
2538 4509 2994 4566 Chalcedonensis
3053 4507 3242 4577 synodi
3281 4506 3354 4568 9,
3408 4515 3462 4559 et

1893 4601 2342 4672 Cartliaginensis
2367 4602 2454 4664 15,
2482 4601 2703 4667 28,120
2748 4611 2809 4658 'et
2838 4601 2960 4665 121,
3023 4611 3076 4656 et
3131 4600 3322 4654 confer
3367 4613 3460 4653 eos

1891 4704 2081 4746 omnes
2118 4707 2240 4746 cum
2282 4693 2370 4759 iis,
2394 4708 2512 4762 quae
2545 4693 2631 4747 hic
2663 4693 2863 4762 scripta
2902 4699 3049 4745 sunt.
3084 4690 3217 4746 Nam
3251 4691 3460 4760 lo-gilins

1891 4798 2106 4852 quoque
2129 4784 2364 4849 videtur,
2388 4799 2606 4840 omnem
2643 4797 2883 4845 causam,
2922 4785 3166 4854 exceptis
3218 4785 3286 4837 iis
3338 4797 3460 4852 qua:

1891 4877 2203 4932 dilationem
2240 4893 2344 4932 non
2384 4878 2672 4948 recipiunt,
2704 4877 3046 4948 appellationi
3087 4876 3306 4946 sobjici,
3349 4889 3454 4928 non

1890 4970 2082 5032 semel,
2113 4970 2206 5024 sed
2231 4971 2394 5024 etiam
2428 4971 2529 5025 bis.
2565 4970 2672 5025 Sed
2724 4985 2790 5023 ne
2827 4971 3021 5024 tertius
3068 4983 3241 5022 canon
3292 4975 3342 5020 te
3377 4963 3460 5018 fu-

1889 5065 1999 5130 giat
2025 5075 2080 5117 et
2133 5066 2358 5135 quit-itus
2412 5065 2694 5136 praesentis
2750 5065 2959 5136 synodi,
2998 5063 3063 5116 de
3122 5057 3454 5114 admittenda

1887 5155 1970 5208 vel
2003 5171 2106 5208 sum
2141 5154 2474 5209 admittenda
2515 5171 2544 5208 a
2573 5170 2708 5224 papa
2771 5152 3152 5222 appellatione.
3213 5149 3326 5202 lloc
3372 5154 3456 5203 est

1887 5249 2030 5301 enim
2081 5248 2321 5318 speciale
2367 5251 2419 5304 in
2464 5221 3102 5312 causis‘ecclesiasticis,
3140 5253 3195 5298 et
3243 5240 3453 5297 servari

1884 5340 2049 5395 debet
2082 5341 2170 5395 ubi
2211 5341 2412 5396 editum
2443 5341 2563 5395 fuit.

1967 5598 2136 5678 488
2169 5604 2421 5662 ZONAR.
2455 5606 2510 5661 Si
2537 5607 2842 5675 aliquormn
2881 5609 3170 5664 criminum
3223 5623 3448 5665 accusa-

1878 5708 1970 5754 tus
1995 5698 2163 5754 fuerit
2191 5699 2500 5771 episcopus,
2521 5714 2586 5755 ac
2609 5714 2822 5768 eorum,
2862 5702 3035 5773 quiin
3081 5702 3279 5759 vicinia
3299 5713 3446 5763 sunt,
