3958 6242
165 329 310 394 44-ίί

1349 333 1429 394 ΙΝ
1469 333 1631 392 CAN.
1673 333 1719 388 ν
1759 329 1963 392 ΕΟΝΟ.
1996 333 2291 395 SARDlC.

3275 343 3411 406 H42

163 443 517 511 κιμασθῆναι
557 442 629 497 τά
679 433 1106 515 προκεκριμένα,
1155 447 1230 516 μὴ
1287 444 1683 514 ἀναγκαζέσθω
1726 447 1747 496 ό

1856 444 2006 508 suitt,
2039 461 2227 500 rursus
2267 447 2566 502 examinari
2595 466 2609 512 ;
2637 464 2701 502 ne
2725 461 2949 520 cogatur
2973 452 3039 512 is.
3070 452 3160 520 qui
3203 451 3411 520 jttdicio

165 535 551 599 καταδικάσας
577 540 656 600 είς
697 537 913 606 Ῥώμην
936 537 1209 603 ἀπελθεῖν,
1237 539 1351 592 ἀλλ’
1370 539 1754 592 ἀπελθέτωσαν

165 626 249 690 εἷς
273 628 376 698 τὴν
407 629 681 700 ἐπαρχίαν
718 629 856 682 κατά
891 629 1136 682 κέλευσεν
1174 629 1266 682 τοῦ
1296 631 1492 684 πάππα
1521 627 1756 698 πρεσϐύ-

169 733 319 787 τεροι
360 719 423 782 ἐξ
454 720 629 774 αὑτοῦ
668 719 905 791 πλευροῦ
936 721 1126 788 αὑτοῦ,
1157 723 1273 792 ἦτοι
1301 724 1364 774 ἐκ
1392 724 1490 792 τῆς
1531 721 1758 789 Ἐκκλη-

167 812 293 872 σίας
322 809 548 876 τούτου,
581 813 676 865 καὶ
717 813 1052 883 ᾡκειωμένοι
1075 812 1243 883 αὐτῷ,
1275 810 1578 887 ὀφείλοντες
1609 813 1756 881 ἔχειν

163 902 267 971 τὴν
295 902 599 957 αὑθεντίαν
623 904 806 969 αὑτοῦ,
829 906 948 991 ἦτοι
977 905 1072 974 τὴν
1094 905 1356 971 ἐξουσίαν,
1390 903 1472 971 ἐφ’
1501 899 1542 972 ᾧ
1574 909 1756 975 κρῖναι

160 993 265 1061 τὴν
315 993 594 1048 ὑπόθεσιν
637 996 773 1065 μετά
806 997 914 1048 τῶν
958 997 1235 1067 ἐγχωρίων
1279 996 1611 1058 ἐπισκόπων,
1663 998 1756 1050 καὶ

163 1081 546 1138 διευλυτῶσαι
569 1088 756 1155 αὐτήν.
789 1088 848 1139 Εἰ
873 1087 927 1140 δὲ
954 1089 982 1139 ό
1004 1088 1295 1150 ἐπίσκοπος
1321 1089 1418 1154 τῆς
1455 1086 1672 1157 Ῥώμης
1695 1088 1754 1140 οὐ

163 1173 365 1247 συνίδῃ
387 1175 602 1229 δίκαιον
618 1173 754 1229 εἶναι
771 1178 1071 1248 τηρηθῆναι
1085 1179 1151 1229 τὰ
1171 1179 1532 1246 προκριθέντα
1548 1181 1630 1245 (τῇ
1649 1179 1755 1247 γὰρ

160 1267 480 1340 δοκιμασίᾳ
505 1270 669 1323 αὑτοῦ
697 1271 724 1322 ό
748 1273 924 1324 κανὼν
944 1279 1004 1322 το
1029 1271 1136 1322 πᾶν
1154 1272 1512 1341 ἀνατίθησιν),
1541 1273 1756 1339 ποιήσει

162 1358 310 1428 ὅπερ
342 1359 414 1413 ἂν
439 1361 570 1432 δόξῃ
600 1361 745 1430 αὐτῷ
777 1362 982 1414 δίκαιον
1009 1355 1168 1416 εἶναι.
1196 1360 1381 1414 Ταῦτα
1413 1361 1504 1415 τοῦ
1534 1363 1756 1425 κανόνος

164 1449 580 1520 διοριζομένου,
617 1451 690 1522 μὴ
718 1453 1013 1523 ἐναντιωθῇ
1041 1470 1122 1505 σοι
1143 1453 1203 1505 τὸ
1230 1470 1355 1522 κεφ.
1385 1455 1476 1506 τοῦ
1503 1452 1550 1505 α’
1573 1455 1753 1506 τίτλου

164 1540 266 1592 τοῦ
315 1539 362 1593 θ’
393 1542 607 1611 βιϐλίου
653 1544 761 1606 τῶν
813 1543 1136 1607 Βασιλικῶν,
1185 1543 1341 1610 λέγον
1378 1547 1450 1612 μὴ
1497 1543 1754 1598 δύνασθαι

167 1631 266 1684 τὸν
292 1634 665 1703 ἐκκλητάριον
689 1626 1078 1703 παραπέμπειν
1096 1633 1232 1702 πρὸς
1255 1633 1437 1703 ἓτερον
1466 1634 1563 1704 τὴν
1589 1638 1756 1705 τήρη-

169 1741 260 1781 σιν
280 1725 384 1794 τῆς
408 1727 700 1797 ἐκκλήτου,
726 1726 859 1779 ἀλλά
879 1726 946 1778 δι’
970 1725 1164 1779 ἐαυτοῦ
1190 1728 1393 1795 ταύτης
1416 1728 1717 1796 ἀκροᾶσθαι
1734 1742 1749 1756 ⁶

167 1819 292 1873 ἀλλ’
328 1820 457 1872 εἰπὲ
497 1821 662 1872 ίδικὺν
696 1817 836 1877 εἶναι
866 1821 959 1872 τὸν
996 1821 1239 1889 παρόντα
1275 1823 1495 1883 κανόνα,
1535 1822 1627 1872 καὶ
1655 1821 1748 1874 οὖν

165 1926 279 1973 τως
309 1910 701 1981 ἐκφωνηθῆναι
726 1909 814 1963 διὰ
844 1910 904 1962 τδ
937 1909 1111 1980 μῆκος
1136 1913 1236 1980 τῆς
1264 1903 1406 1971 ὀδοῦ,
1441 1913 1533 1963 καί
1561 1911 1652 1963 ἵνα
1675 1910 1749 1982 μὴ

174 2003 530 2059 σκύλλωνται
569 2005 617 2055 oi
649 2003 936 2061 ἐπίσκοποι
966 2003 1059 2054 ἐπὶ
1092 2001 1330 2073 μακρὰν,
1359 2002 1501 2076 οὕτω
1535 2005 1625 2057 καὶ
1660 2005 1751 2056 ἀλ·-

168 2095 421 2165 λοδαπὴν
453 2097 642 2166 χώραν
681 2096 959 2166 γινόμενοι
986 2095 1242 2163 διᾲξιμοι.
1275 2096 1346 2147 Τὸ
1375 2096 1429 2156 δὲ
1474 2097 1610 2165 μετά
1642 2097 1750 2149 τῶν

173 2175 583 2257 πρεσϐυτέρων
613 2188 708 2240 τοῦ
740 2188 938 2244 πάππα
966 2188 1206 2250 δικάζειν
1239 2191 1335 2258 τὴν
1367 2189 1624 2259 δευτέραν
1657 2189 1749 2243 ht-

172 2277 383 2348 κλητον
430 2279 559 2330 τοὺς
608 2277 951 2346 ἐπαρχιώτας
992 2278 1331 2341 ’ἐπισκόπους
1365 2281 1490 2342 τοὺς
1534 2281 1752 2335 καταδι-

179 2371 476 2430 κάσαντας
502 2369 592 2422 τὸν
624 2369 939 2436 ἐπίσκοπον,
974 2369 1048 2438 μὴ
1078 2372 1238 2439 εἴπῃς
1269 2370 1641 2431 ἐναντιοῦσθαι
1673 2373 1752 2441 τῷ

174 2463 356 2533 νόμῳ,
391 2461 473 2532 τῷ
499 2461 731 2530 λέγοντιο
771 2462 827 2514 ὐ
865 2462 1122 2530 δικαστὴς
1151 2460 1298 2525 ἅπαξ
1334 2463 1750 2533 ἀποφηνάμενος

176 2555 490 2618 πέπαυται,
530 2556 623 2607 καὶ
655 2555 716 2606 οὐ
753 2553 971 2608 δύναται
1009 2557 1194 2624 τηρεῖν
1225 2550 1379 2618 αὖθις
1405 2555 1502 2625 τὴν
1544 2555 1750 2608 οἰκείαν

175 2646 498 2716 ἀπόφασιν·
529 2647 846 2720 ἐξεφωνήθη
877 2649 985 2715 γὰρ
1015 2649 1104 2706 καί
1135 2647 1290 2700 τοῦτο
1320 2647 1649 2717 ἰδικώτερον,
1677 2649 1749 2712 ὡς

175 2740 310 2808 ἐμοὶ
353 2740 525 2794 δοκεῖ.
570 2741 665 2793 Διά
693 2743 800 2810 γὰρ
835 2740 991 2792 τοῦτο
1034 2741 1124 2792 καὶ
1168 2741 1246 2802 είς
1284 2739 1610 2809 δοκιμασίαν
1658 2741 1750 2794 τοῦ

177 2833 385 2885 πάππα
435 2832 663 2903 ἀνετέθη
707 2833 766 2884 τὸ
817 2829 954 2894 εἶδος
998 2833 1094 2904 τῆς
1141 2833 1395 2902 κρίσεως.
1447 2833 1608 2886 Ὅσον
1646 2837 1751 2903 γὰρ

176 2925 290 2980 ἀπο
317 2925 416 2978 τοῦ
449 2925 615 2992 νόμου
647 2925 696 2979 οἱ
727 2923 873 2988 ἆπαξ
904 2925 1314 2992 ἀποφηνάμενοι
1347 2925 1445 2982 οὐκ
1487 2924 1752 2996 ἠδύναντο

175 3014 534 3078 συνδικάζειν
585 3015 725 3085 μετά
753 3015 859 3077 τῶν
895 3015 1276 3084 πρεσϐυτέρων
1305 3015 1398 3076 τοῦ
1434 3016 1650 3070 πάππα.
1689 3018 1749 3069 ΕΞ

1857 526 2067 603 vicerit,
2107 537 2328 591 Romam
2387 542 2602 604 venire;
2648 542 2818 594 sedin
2874 545 3206 611 provinciam
3253 545 3411 612 jussu

1857 642 2007 696 papze
2031 631 2245 683 veniant
2273 632 2570 702 presbyteri
2624 646 2690 686 ex
2759 632 2876 701 ejus
2935 633 3123 696 latere,
3182 635 3295 689 sive
3341 634 3410 688 ab

1856 719 1972 787 ejus
2016 722 2263 783 ecclesia,
2327 733 2380 776 ct
2437 723 2797 778 familiaritate
2851 724 2923 777 'lli
2978 725 3272 795 conjuncti,
3318 728 3413 796 qui

1857 814 2229 864 auctoritatem
2266 812 2376 865 sive
2408 822 2725 880 potestatem
2779 813 2894 882 ejus
2954 816 3152 868 habere
3188 816 3406 877 debent,

1859 913 1918 956 ut
1952 917 2070 956 cum
2108 903 2344 970 regionis
2390 904 2530 956 illius
2574 904 2840 972 episcopis
2871 905 2934 956 de
2970 906 3265 971 quatstioue
3320 905 3409 971 ju-

1856 995 2055 1058 dicent,
2085 995 2335 1062 illamque
2365 983 2638 1048 decidant.
2673 996 2728 1048 Si
2763 1008 2942 1049 autem
2973 995 3250 1050 liotttauus
3302 1000 3414 1066 epi-

1856 1101 2048 1154 scopus
2078 1102 2178 1138 non
2202 1103 2320 1140 esse
2343 1085 2543 1153 justum
2579 1090 2929 1154 perspexerit,
2970 1099 3025 1141 ut
3059 1105 3246 1143 rursus
3281 1105 3412 1144 exa-

1857 1175 2130 1228 minentur
2161 1192 2220 1229 ea
2251 1192 2366 1246 qua:
2403 1178 2550 1244 prius
2593 1178 2827 1243 judicztta
2871 1178 3064 1232 fuerint
3105 1182 3240 1247 (ejus
3271 1185 3410 1233 enim

1852 1267 2052 1336 judicio
2075 1283 2248 1320 canon
2278 1272 2458 1322 omnia
2497 1271 2805 1339 relinquit),
2843 1271 2998 1324 faciet
3026 1276 3165 1339 quod
3189 1275 3287 1325 sibi
3323 1275 3412 1342 ju-

1856 1365 1995 1408 stum
2032 1371 2154 1410 esse
2190 1357 2476 1412 videbitur.
2520 1359 2653 1413 Cum
2697 1362 2808 1414 inec
2840 1378 3012 1414 canon
3061 1365 3299 1427 deiiniat,
3348 1380 3414 1416 ne

1859 1447 1951 1499 tibi
1978 1450 2306 1502 contrarium
2356 1465 2475 1504 esse
2509 1451 2755 1505 videatur
2798 1465 2956 1520 caput
3002 1456 3158 1521 primi
3195 1458 3274 1508 tit.
3319 1457 3410 1508 liii.

1858 1551 1912 1589 ιχ
1944 1535 2295 1591 Basilicorunt
2330 1540 2534 1604 dicens,
2592 1530 2711 1594 non
2765 1557 2919 1610 posse
2979 1542 3214 1616 judit-em
3246 1543 3414 1616 489

1856 1628 2176 1697 appellatum
2203 1632 2268 1684 ad
2287 1631 2449 1685 alium
2494 1634 2863 1688 transmittere
2916 1615 3286 1705 cognitiora-nt
3313 1655 3412 1706 ap—

1858 1719 2180 1788 pellationis,
2206 1723 2299 1776 sed
2331 1739 2448 1776 eam
2481 1739 2573 1790 per
2601 1740 2657 1778 sc
2680 1727 2869 1779 audire
2899 1728 3092 1782 debere
3119 1746 3131 1782 :
3194 1731 3285 1784 sed
3324 1729 3413 1784 dic

1854 1822 2172 1879 prasentem
2208 1829 2470 1868 canoneut
2496 1831 2615 1870 esse
2661 1819 2972 1885 specialem,
3017 1831 3072 1875 et
3106 1821 3176 1874 ita
3208 1824 3410 1876 editum

1850 1917 1972 1957 esse
1999 1913 2213 1972 prOpler
2240 1906 2337 1958 via:
2358 1905 2778 1974 longitudinem,
2803 1920 2856 1964 et
2900 1926 2967 1964 ne
2997 1925 3256 1972 vexentur
3297 1917 3411 1982 epi-

1852 1994 2000 2057 sc0pi
2037 1997 2087 2048 in
2124 1996 2256 2048 adeo
2311 1997 2653 2070 longinquam
2711 2001 2940 2054 alienant
2974 2006 3247 2076 regionem
3301 2017 3412 2060 tra-

1854 2086 2032 2139 hendi.
2091 2085 2227 2140 Cum
2289 2089 2619 2158 presbyteris
2674 2103 2848 2145 autem
2912 2110 3058 2162 papae
3114 2097 3406 2151 Secundam

1850 2178 2534 2249 appellationemjudicare
2566 2185 2921 2252 provinciales
2977 2188 3280 2258 episcopos,
3318 2193 3408 2257 qui

1852 2270 2276 2324 c0ndentnarnnt
2312 2275 2646 2342 episcopum,
2685 2291 2749 2329 ne
2807 2285 2956 2332 dicas
3017 2294 3135 2332 esse
3188 2291 3410 2334 contra-

1853 2362 1990 2414 t‘iutn
2021 2362 2143 2429 legi,
2177 2380 2294 2430 qua:
2319 2365 2470 2427 dicit,
2504 2369 2698 2431 .ludex,
2745 2371 2837 2437 qtti
2890 2375 3053 2424 semel
3095 2375 3409 2439 pronuntia—

1853 2454 1947 2516 vit,
1978 2455 2152 2508 ofﬁcio
2192 2453 2407 2510 functus
2439 2472 2540 2524 est,
2579 2470 2633 2512 et
2665 2477 2770 2514 non
2832 2471 3008 2529 potest
3049 2480 3235 2520 rursus
3285 2483 3410 2535 pro-

1851 2548 2023 2614 priaut
2051 2551 2374 2602 sententiam
2421 2555 2766 2607 examinare:
2829 2572 2950 2608 nam
2983 2564 3037 2609 et
3096 2558 3196 2610 hoc
3248 2539 3408 2613 etiam

1857 2640 2150 2707 Specialius
2178 2642 2383 2704 editum
2417 2654 2522 2707 est,
2571 2656 2628 2698 ut
2667 2647 2793 2698 mihi
2856 2648 3086 2709 videtur.
3118 2647 3408 2717 Propterea

1851 2731 2066 2785 enimet
2104 2734 2486 2801 papzejudtcio
2547 2735 2788 2788 relictum
2839 2747 2920 2791 est
2976 2754 3144 2808 genus
3198 2741 3409 2808 judicii.

1852 2819 2006 2891 Quod
2063 2825 2203 2876 enim
2261 2826 2324 2877 ad
2379 2825 2521 2894 leges
2577 2829 2791 2889 attinet,
2845 2846 2948 2882 non
3004 2843 3251 2898 poterant
3306 2849 3408 2886 una

1852 2927 1973 2964 cum
2007 2929 2155 2981 papa:
2185 2917 2517 2987 presbyteris
2564 2918 2810 2988 judicare
2848 2922 2903 2986 ii,
2952 2923 3038 2991 qui
3087 2926 3407 2978 sententiam

1854 3005 2004 3072 prius
2055 3006 2305 3061 tulerant.
2345 2993 2436 3061 Sin
2477 3022 2650 3063 autent
2695 3011 2896 3066 dixeris
2970 3013 3104 3067 alios
3149 3015 3408 3082 essns'epi-

171 3104 232 3156 δέ
257 3104 420 3174 εἴπῃς
448 3104 668 3174 ἐτέρους
690 3106 1018 3167 ἐπισκόπους
1042 3102 1180 3158 εἶναι
1209 3105 1431 3168 τούτους
1459 3106 1606 3178 παρά
1626 3107 1747 3170 τοὺς

1855 3111 2086 3164 scopos,
2131 3098 2606 3178 qufiJeutentiatn
2661 3103 2907 3171 tuleritti,
2975 3107 3107 3160 nihil
3169 3109 3407 3165 invenio:

170 3197 785 3268 προαποφηναμένους,
844 3197 1001 3250 οὐδέν
1059 3215 1110 3251 τι
1171 3198 1424 3268 εὑρήσεις
1479 3198 1746 3266 ἀντίξουν.

193 3283 330 3340 Επεὶ
365 3287 442 3340 δὲ.
497 3290 554 3340 ἐν
592 3289 704 3351 τοῖς
749 3287 1080 3356 προλαϐοῦσι
1131 3289 1350 3343 κανόσιν
1397 3292 1621 3361 εἴπομεν
1674 3291 1749 3362 μὴ

162 3375 305 3432 εἶναι
333 3378 410 3431 τὰ.
447 3379 572 3447 περὶ
598 3377 688 3430 τοῦ
722 3378 919 3430 πάππα
951 3378 1234 3448 ὁρισθέντα
1268 3380 1408 3432 ἰδικά
1437 3382 1623 3433 τούτου
1655 3383 1750 3435 καὶ

167 3471 332 3540 μόνου
396 3471 716 3539 προνόμια,
770 3469 909 3523 ὥστε
969 3471 1112 3540 ἐχειν
1158 3473 1216 3535 ἐξ
1275 3472 1519 3541 ἀνάγκης
1572 3475 1748 3527 πάντα

171 3563 490 3616 ἐπίσκοπον
517 3560 1013 3629 καταδικαζόμενον
1050 3562 1128 3631 τῷ
1170 3561 1342 3638 θρόνῳ
1379 3562 1478 3634 τῆς
1533 3564 1746 3634 Ῥώμης

169 3653 607 3726 προσέρχεσθαι,
646 3654 779 3707 ἀλλά
819 3653 1169 3718 ἐξακούεσθαι
1215 3657 1307 3708 καὶ
1347 3658 1424 3718 εἰς
1463 3657 1554 3711 τὸν
1594 3659 1748 3712 Κων-

174 3746 710 3809 σταντινουπόλεως.
753 3746 820 3800 τά
857 3747 994 3800 αὑτά
1025 3747 1118 3800 καὶ
1150 3747 1310 3800 πάλιν
1343 3750 1576 3835 φαμέω

244 3837 500 3895 ΖΩΝΑΡ.
539 3840 662 3892 Ἐὰν
683 3839 998 3903 ἐπίσκοπος,
1030 3838 1185 3909 φησὶ,
1205 3840 1600 3911 καταγγελθείη
1630 3843 1747 3913 ἦτοι

174 3931 540 4005 κατηγορηθῇ
571 3931 661 3984 ἐπί
687 3948 831 3983 τισιν
853 3931 1184 4001 ἐγκλήμασι.
1211 3931 1306 3984 καὶ
1335 3933 1679 3999 συνελθόντες
1697 3940 1746 3990 οἱ

173 4025 475 4082 ἐπίσκοποι
509 4022 608 4092 τῆς
651 4022 864 4092 ἐνορίας
901 4021 1114 4092 ἐκείνης
1143 4025 1586 4095 ἀποκινήσωσιν,
1627 4027 1748 4080 ἀντὶ

175 4119 272 4179 τοῦ
298 4117 624 4180 ἐκϐάλωσιν,
647 4116 809 4174 αὑτὸν
833 4114 925 4168 τοῦ
954 4113 1180 4185 βαθμοῦ,
1208 4115 1375 4186 ἤγουν
1401 4117 1499 4186 τῆς
1526 4119 1748 4173 ἐπισκο-

177 4209 353 4279 πρςῆς
384 4207 560 4279 ἀξίας,
590 4207 797 4269 ἐκεῖνος
825 4205 881 4259 δὲ
911 4204 1175 4275 ἔκκλητον
1204 4207 1446 4278 ζητήσας
1476 4209 1617 4264 κατά
1643 4210 1742 4280 τῆς

181 4295 654 4366 καταδικαζούσης
719 4296 881 4350 αὑτὸν
944 4294 1266 4361 ἀποφάσεως
1332 4296 1600 4369 προσέλθῃ
1665 4298 1742 4370 τῷ

182 4390 426 4461 πάππα,
480 4389 573 4443 καὶ
630 4387 659 4439 ό
719 4387 950 4448 πάππας
1011 4384 1212 4460 θελήσῃ
1263 4387 1494 4440 ἀκοῦσαι
1551 4388 1736 4452 αὐτοῦ,

177 4482 390 4534 δίκαιον
445 4479 672 4550 νομίσας
729 4478 1140 4532 ἀνανεώσασθαι
1189 4479 1288 4548 τὴν
1345 4478 1590 4546 ἐξέτασιν
1647 4481 1739 4533 τοῦ

180 4572 531 4641 πράγματος,
563 4569 807 4630 τουτέστι
839 4568 933 4622 καὶ
965 4570 1122 4624 πάλιν
1148 4569 1402 4639 κριθῆναι
1432 4570 1528 4639 τὴν
1551 4571 1744 4626 ὑπόθε-

178 4679 287 4730 σιν,
313 4665 571 4734 γραφέτω
594 4665 702 4726 τοῖς
729 4662 1046 4726 ἐπισκόποις
1067 4665 1175 4725 τοῖς
1198 4663 1603 4734 ἀγχιστεύουσι,
1631 4668 1744 4727 τοῖς

175 4753 349 4822 ἀγχοῦ
379 4773 477 4808 που
502 4757 596 4808 καὶ
622 4755 847 4825 πλησίον
872 4751 990 4809 οὖσι
1013 4758 1112 4830 τῆς
1137 4755 1407 4826 ἐπαρχίας
1437 4758 1495 4808 ἐν
1523 4757 1556 4827 ᾗ
1588 4757 1616 4808 ό
1645 4774 1742 4809 κα-

92 4876 100 4889 .
177 4845 521 4909 ταδικασθεὶς
561 4846 853 4909 ἐπίσκοπός
892 4848 1040 4898 ἐστιν
1063 4884 1077 4909 ,
1113 4844 1200 4897 ἵνα
1237 4845 1393 4899 αὐτοὶ
1421 4843 1742 4909 ἐξετάσωσιν

177 4935 452 5003 ἐπιμελῶς
491 4937 586 5009 τὴν
617 4939 892 5003 ὑπόθεσιν,
930 4940 1026 4992 καὶ
1066 4937 1245 5007 ψῆφον
1271 4939 1437 5009 ἡγουν
1466 4937 1742 5007 ἀπόφασιν

176 5014 554 5097 ἐξενέγκωσιν.
605 5029 870 5083 Ἐνταῦθα
898 5032 1147 5098 φαίνεται
1177 5029 1206 5082 ὁ
1236 5029 1414 5082 κανὼν
1444 5023 1595 5091 οὗτος
1625 5029 1737 5081 δευ-

175 5120 344 5188 τέραν
375 5123 633 5194 ἔκκλητον
661 5122 830 5184 διδοὺς
857 5121 933 5191 τῷ
966 5120 1412 5190 καταδικασθέντι
1433 5120 1738 5189 ἐπισκόπει).

177 5212 346 5280 Λέγει
391 5214 533 5284 γάρ·
585 5213 647 5266 Ei
677 5214 732 5266 δέ
783 5230 866 5276 τις
912 5213 1076 5276 ἀξιῶν
1125 5213 1220 5265 καὶ
1268 5212 1431 5265 πάλιν
1471 5211 1633 5265 αὐτοῦ
1680 5214 1741 5264 τὸ

179 5305 418 5376 πρᾶγμα
449 5305 800 5373 ἀκουσθῆναι,
827 5306 876 5356 εί
914 5304 1021 5374 γὰρ
1045 5305 1138 5357 καὶ
1163 5302 1311 5374 παρά
1339 5303 1445 5358 τῶν
1470 5302 1636 5373 ἀγχοῦ
1674 5305 1736 5373 τῇ

173 5399 419 5471 ἐπαρχίᾳ.
461 5398 631 5453 ὄντων
679 5397 992 5451 ἐπισκόπων
1038 5399 1364 5466 κατακριθῇ,
1415 5399 1570 5471 φησι,
1638 5399 1736 5449 καὶ

172 5492 321 5557 ἀξιοῖ
374 5493 536 5552 πάλιν
590 5491 947 5560 ἀκουσθῆναι,
1003 5492 1098 5545 καὶ
1142 5489 1300 5542 τοῦτο
1343 5489 1467 5562 δόξῃ
1518 5489 1614 5541 καὶ
1661 5488 1738 5557 τῷ

187 5581 475 5651 Ῥωμαίων
521 5580 803 5650 ἐπισκόπῳ
843 5583 950 5651 (τῇ
997 5581 1107 5648 γὰρ
1148 5578 1445 5648 δοκιμασίᾳ
1482 5577 1644 5632 αὑτοῦ
1676 5579 1737 5632 τὸ

179 5674 286 5727 πᾶν
311 5671 675 5742 ἀνατίθησιν),
710 5672 793 5725 ἵνα
825 5671 1028 5724 στέλλοι
1062 5668 1465 5740 πρεσϐυτέρους
1502 5669 1610 5722 ἀπὸ
1641 5667 1736 5721 τοῦ

92 5774 96 5784 ’
186 5766 316 5820 ἰδίου
363 5764 597 5832 πλευροῦ
625 5805 639 5831 ,
678 5767 964 5818 τουτέστιν
997 5762 1281 5833 ἐκκρίτους
1317 5762 1543 5831 πλησίον
1583 5762 1744 5818 αὑτοῦ

1853 3174 2331 3255 repugnansJQuia
2365 3200 2544 3244 autem
2601 3191 2652 3244 in
2696 3195 2963 3260 prioribus
2994 3201 3291 3252 οιιιιυιιίυτδ
3323 3200 3405 3252 di-

1853 3277 2048 3339 ximus,
2085 3293 2190 3330 ttou
2220 3294 2341 3333 esse
2376 3297 2492 3348 qua:
2523 3283 2587 3336 de
2617 3299 2750 3350 papa
2804 3289 3100 3346 constituta
3121 3301 3246 3342 sunt
3276 3305 3401 3358 Spe-

1850 3368 2008 3421 cinlia
2046 3371 2160 3438 ejus
2187 3383 2240 3425 et.
2282 3372 2451 3426 solius
2505 3376 2801 3444 privilegia,
2841 3390 2891 3431 ut
2942 3395 3159 3436 necesse
3209 3384 3407 3437 habeat

1850 3460 2025 3527 quivis
2049 3463 2443 3516 condemnatus
2474 3469 2762 3536 episcopus
2803 3471 2867 3521 ad
2887 3472 3068 3525 sedem
3110 3473 3411 3528 Romanam.

1850 3551 2128 3616 aecederc,
2162 3555 2253 3607 sed
2277 3558 2442 3608 etiam
2474 3560 2610 3628 apud
2637 3561 2819 3613 sedent
2858 3563 3402 3636 Constantinopolita-

1851 3657 1971 3695 nam
2007 3645 2277 3712 exaudiri;
2306 3651 2493 3702 eadem
2532 3666 2746 3720 quoque
2776 3669 2964 3710 rursus
3015 3657 3329 3746 dicitnus_.J-

1920 3824 2167 3883 ZONAR.
2205 3827 2260 3882 Si
2312 3831 2474 3898 quis,
2537 3832 2732 3901 inquit,
2789 3836 3073 3904 episcopus
3129 3839 3197 3894 ob
3225 3840 3399 3908 aliqua

1849 3918 2075 3972 crimina
2109 3921 2335 3988 delatus,
2367 3923 2468 3977 hoc
2501 3935 2600 3991 est,
2630 3939 2914 3983 accusatus
2943 3931 3126 3997 fuerit,
3170 3949 3400 4004 emtique

1847 4015 2152 4082 congregati
2191 4015 2310 4084 ejus
2347 4019 2581 4086 regionis
2612 4021 3042 4099 eplscopigradu
3109 4029 3398 4095 moverint,

1847 4103 1949 4158 hoc
1979 4115 2082 4170 est,
2119 4109 2405 4173 episeopali
2431 4111 2691 4179 dignitate
2718 4115 3023 4181 spoliariut,
3075 4134 3304 4186 moxque
3334 4122 3399 4174 ab

1847 4199 2222 4268 iisjudicibus,
2257 4219 2283 4254 a
2331 4203 2528 4272 quibus
2582 4207 2868 4262 damnatus
2902 4209 3021 4274 fuit,
3082 4210 3147 4264 ad
3205 4227 3396 4280 papam

1846 4294 2173 4359 provocarit,
2229 4295 2315 4362 qui
2350 4295 2440 4348 illo
2473 4297 2656 4350 audito
2708 4301 2900 4352 iterum
2947 4304 3236 4356 exatninari
3267 4319 3398 4356 cau-

1845 4402 1980 4451 sam,
2017 4402 2318 4455 novumque
2374 4388 2439 4442 de
2479 4404 2540 4442 ea
2581 4390 2840 4460 judicium
2895 4393 3142 4457 institui,
3188 4411 3410 4463 a'quunt

1845 4478 2270 4545 existimaverit;
2325 4478 2530 4534 litteras
2583 4482 2648 4535 ad
2704 4482 2985 4550 episcopos
3008 4483 3056 4536 ei
3106 4486 3396 4551 provinciae

1845 4573 1898 4627 in
1923 4588 2024 4641 qua
2060 4573 2350 4627 damnatus
2375 4574 2663 4642 episc0pus
2689 4576 2852 4643 degit,
2900 4581 3174 4646 proximos
3196 4583 3395 4645 mittat,

1843 4675 1900 4718 ut
1937 4665 2060 4734 ipsi,
2091 4665 2379 4732 diligenter
2442 4666 2714 4736 explorata
2759 4675 3156 4734 controversia,
3195 4683 3302 4726 tota
3332 4674 3399 4728 de

1843 4771 1899 4810 re
1922 4765 2103 4825 postea
2129 4756 2390 4822 judicettt.
2453 4754 2677 4810 Videtur
2731 4773 2890 4826 porro
2952 4761 3039 4815 ltic
3101 4764 3399 4817 canonltoc

1842 4846 1962 4900 loco
2019 4846 2309 4900 set-undam
2375 4863 2592 4916 quoque
2651 4851 3094 4917 provocationem
3145 4855 3397 4906 damnato

1841 4940 2095 5008 episcopo
2138 4939 2288 4993 dare.
2321 4939 2374 4993 Si
2423 4941 2544 5008 quis
2597 4943 2762 5005 enim,
2814 4944 2927 5007 ait,
2960 4946 3207 5012 quamvis
3257 4962 3284 4998 a
3318 4947 3399 4996 vi-

1841 5033 1976 5085 cina.-
2009 5033 2300 5098 provincia:
2330 5033 2598 5102 episcopis
2630 5037 3042 5097 condemnatus,
3083 5036 3276 5088 iterum
3299 5053 3394 5089 au-

1841 5122 1941 5174 diri
1976 5121 2124 5184 velit,
2179 5137 2275 5176 nec
2325 5122 2372 5175 id
2427 5121 2698 5178 Romanus
2744 5123 3026 5193 episcopus
3065 5125 3263 5178 abnuat
3318 5121 3416 5194 (id

1842 5227 2072 5281 namque
2115 5221 2282 5268 totum
2316 5213 2382 5264 ad
2434 5211 2577 5265 illius
2615 5211 2894 5264 arbitrium
2939 5211 3128 5265 referri
3176 5211 3394 5282 placet),

1842 5305 2240 5374 presbyterosa
2295 5318 2395 5358 suo
2449 5303 2615 5356 latere
2665 5302 2889 5371 ipsemet
2947 5302 3142 5364 tuittat,
3192 5302 3393 5356 elei-tos

1843 5394 2095 5447 nimirum
2117 5409 2183 5449 ex
2209 5394 2296 5457 iis,
2329 5408 2467 5460 quos
2508 5393 2668 5448 habet
2721 5393 2819 5448 sibi
2858 5395 3060 5448 honore
3119 5395 3394 5464 proximos

1842 5470 2318 5552 familiaritatisque
2346 5483 2682 5551 conjunctos,
2719 5484 3060 5538 auctoritatis
3083 5485 3394 5553 potestatis-

1840 5590 1952 5644 que
1992 5591 2100 5630 suae
2136 5576 2385 5639 vicarios,
2416 5575 2508 5643 qui
2538 5560 2800 5643 episcopis
2861 5573 3118 5629 adhibitis
3175 5590 3389 5629 causam

1841 5669 1989 5724 illam
2020 5661 2557 5734 controversiamque
2603 5666 2878 5720 deﬁniant.
2915 5665 2970 5720 Si
3001 5681 3126 5721 vero
3160 5668 3245 5732 iis,
3272 5682 3392 5738 qua:

1855 5762 1909 5817 iu
1937 5759 2222 5832 episcopali
2262 5757 2628 5816 controversia
2678 5758 3112 5828 deliniendajam
3163 5769 3282 5816 acta
3330 5773 3390 5812 ac
