3958 6242
182 368 342 430 1445

272 506 292 535 ι
340 487 595 543 πόλεσιν
640 489 904 562 καθιστᾷν
938 488 1270 550 ἐπισκόπους
1310 486 1643 555 ὀφείλουσιν,
1680 483 1809 535 ἔνθα
1840 485 1886 540 Α

271 597 291 630 ι
338 582 446 631 καὶ
502 583 781 651 πρότερον
824 582 1117 649 ἐτύγχανον
1161 579 1443 647 γεγονότες
1491 578 1803 629 ἐπίσκοποι.

275 688 295 719 ι
343 671 415 722 Ei
443 672 506 722 δὲ
540 675 858 742 εὑρίσκοιτο
889 673 1055 734 οὕτως
1072 669 1416 740 πληθύνουσά
1436 686 1517 728 τις
1540 672 1595 721 εν
1628 665 1806 734 πολλῆ)

269 780 289 810 ι
344 764 603 835 ἀριθμῷ
627 765 755 818 λαοῦ
783 764 957 827 πόλις,
983 764 1057 825 ὡς
1087 762 1243 825 ἀξίαν
1266 760 1430 830 αὐτὴν
1457 760 1553 827 τῆς
1582 761 1809 811 ἐπισκο-

267 871 287 903 c
334 854 462 922 πῆς
500 857 869 925 νομίζεσθαι,
901 854 1239 925 λαμῦανέτω.
1282 851 1343 904 Εἰ
1384 853 1547 904 πᾶσιν
1583 853 1807 921 ἀρέσκει

268 962 289 993 ι
340 946 570 1012 τοῦτο;
625 949 1011 1017 Ἀπεκρίναντο
1048 945 1283 1008 πάντες·
1331 944 1595 1012 Ἀρέσκει.
1637 961 1656 993 ι

258 1036 494 1093 ΒΑΑΣ.
547 1039 658 1091 Τοῦ
694 1039 758 1106 ιβ’
792 1039 1010 1099 κανόνος
1045 1037 1139 1105 τῆς
1174 1038 1231 1087 ἐν
1260 1034 1544 1104 Λαοδικείᾳ
1591 1033 1806 1087 συνόδου

179 1126 291 1177 κοιλ.
349 1128 585 1197 ἑτέρων
628 1128 1018 1198 διορισαμένων
1054 1128 1150 1187 τὰς
1193 1124 1401 1194 ψήφους
1433 1125 1540 1175 τῶν
1584 1123 1807 1175 ἐπισκό-

181 1233 323 1267 πων
381 1219 691 1285 γίνεσθαι,
736 1220 809 1289 μὴ
849 1219 996 1288 παρὰ
1032 1217 1123 1271 τοῦ
1157 1218 1391 1285 πλήθους
1422 1218 1530 1267 τῶν
1561 1216 1803 1277 πόλεων,

182 1307 345 1360 ἀλλὰ
379 1313 559 1380 παρὰ
577 1310 897 1380 ἀρχιερέων,
920 1313 947 1363 6
974 1308 1160 1378 παρὼν
1186 1308 1362 1365 κανὼν
1381 1307 1671 1377 διορίζεται
1698 1307 1802 1372 ὃτι,

183 1401 299 1452 ἐὰν
336 1418 409 1453 συ
421 1404 546 1473 μόῆ
576 1403 682 1456 ἀπὸ
706 1402 809 1455 τῶν
833 1403 1140 1455 ἐπισκόπων
1161 1402 1259 1471 τῆς
1280 1401 1543 1471 ἐπαρχίας
1572 1400 1666 1452 ἕνα
1685 1399 1807 1451 τινὰ

185 1495 563 1564 ἀποδημεῖν,
603 1497 697 1550 καὶ
752 1495 825 1566 μῆ
867 1496 1038 1551 θέλειν
1088 1497 1225 1565 μετά
1269 1495 1360 1549 τοῦ
1414 1493 1649 1565 πλήθους
1697 1493 1804 1545 τῶν

192 1584 437 1637 πολλῶν
498 1588 797 1651 συνελθεῖν,
844 1588 928 1656 ἐφ’
969 1580 1011 1652 ᾧ
1045 1588 1139 1656 τὴν
1183 1587 1363 1654 ψῆφον
1407 1585 1659 1654 γενέσθαι
1707 1584 1805 1651 τῆς

189 1682 587 1751 χηρευούσης
616 1682 923 1751 ἐκκλησίας,
957 1682 1025 1734 τὰ
1053 1682 1106 1733 δὲ
1140 1679 1314 1751 πλήθη
1348 1675 1446 1746 τῆς
1476 1679 1681 1741 πόλεως
1712 1677 1809 1747 ζη-

192 1771 385 1825 τῶσιν
440 1773 731 1844 ἀρχιερέα.
779 1773 979 1843 ὀφείλει
1029 1776 1056 1825 6
1108 1771 1332 1840 ἔξαρχος
1378 1771 1479 1839 τῆς
1517 1771 1804 1840 ἐπαρχίας,

192 1863 389 1929 ἤγουν
414 1863 447 1914 6
483 1864 905 1933 μητροπολίτης,
936 1859 1351 1932 μετακαλεῖσθαι
1372 1860 1463 1912 καὶ
1486 1858 1575 1911 τὸν
1600 1860 1807 1911 ἀπόντα

191 1955 530 2005 ἐπίσκοπον
566 1954 651 2009 διὰ
679 1953 1038 2023 γραμμάτων,
1063 1952 1136 2013 ὡς
1157 1952 1221 2005 ἂν
1243 1951 1457 2021 γίνηται
1480 1952 1512 2020 ή
1536 1950 1809 2004 κατάσταο

194 2061 292 2106 σις
354 2045 462 2098 τοῦ
520 2045 815 2097 ἐπισκόπου
850 2043 1001 2112 παρὰ
1042 2044 1258 2096 πάντων
1292 2043 1400 2095 τῶν
1449 2041 1806 2112 ὲπαρχιωτῶν

196 2137 359 2189 κατά
407 2138 512 2190 τὸν
541 2137 581 2189 δ’
615 2136 813 2190 κανόνα
849 2137 945 2204 τῆς
985 2133 1032 2187 α’
1082 2134 1319 2191 συνόδου.
1354 2136 1416 2187 Et
1445 2134 1502 2187 δὲ
1548 2127 1703 2197 οὗτος
1744 2132 1803 2186 οὐ

201 2224 452 2293 θελήσει
497 2230 879 2296 παρουσιάσαι,
909 2226 1028 2279 οὐδὲ
1063 2227 1301 2278 συναινεῖ
1330 2225 1396 2278 δι’
1429 2226 1801 2296 ἀντιγραφῆς,

204 2318 485 2385 γίνεσθαι
532 2321 628 2390 τὴν
671 2320 845 2387 ψῆφον
896 2320 1036 2371 κατὰ
1067 2321 1126 2370 τὸ
1170 2316 1327 2381 δόξαν
1355 2318 1433 2389 τῷ
1474 2317 1666 2388 πλήθει
1694 2318 1804 2371 τῶν

206 2411 594 2478 ἐπαρχιωτών
615 2412 941 2464 ἐπισκόπων.
969 2410 1099 2462 Οὐδὲ
1115 2410 1223 2480 γὰρ
1249 2410 1591 2481 προδαλείται
1616 2410 1645 2462 6
1665 2412 1801 2465 ἀπο-

203 2500 417 2569 δημῶν
470 2502 694 2569 ἄγνοιαν
744 2502 777 2573 ἢ
832 2502 1265 2571 κατάφρονησιν,
1321 2501 1394 2566 ὡς
1445 2500 1801 2571 μετακληθεὶς

210 2592 381 2663 παρά
418 2596 523 2663 τῆς
574 2596 788 2648 συνόδου
818 2596 911 2649 καὶ
956 2595 1031 2666 μὴ
1066 2599 1459 2665 παρουσιάσας.
1493 2594 1676 2650 Ταῦτα
1708 2594 1799 2649 τοῦ

211 2687 461 2748 κανόνος
486 2687 851 2756 διοριζομένου
877 2692 1002 2754 περὶ
1024 2688 1199 2757 ψήφου
1220 2687 1559 2757 χηρευούσης
1580 2691 1801 2743 ἐπισκο-

212 2775 361 2844 πῆς,
398 2762 649 2846 ἐπεῖπρὸ
669 2776 756 2829 τοῦ
779 2776 859 2846 κη’
892 2780 1109 2839 κανόνος
1136 2778 1230 2846 τῆς
1258 2779 1315 2828 ὲν
1332 2776 1634 2847 Χαλκηδόνι
1668 2796 1794 2831 συν-

212 2866 348 2918 όδου
383 2870 435 2919 οἱ
485 2868 873 2939 μητροπολίται
904 2870 1049 2937 παρᾶι
1085 2856 1397 2919 ἐπισκόπων
1418 2867 1676 2934 ἐγίνοντο,
1704 2871 1797 2922 καὶ

212 2956 346 3024 οὐχὶ
386 2958 547 3024 παρά
585 2958 678 3008 τοῦ
712 2958 850 3009 κατὰ
885 2958 1107 3025 καιροὺς
1142 2957 1480 3027 πατριάρχου
1516 2960 1798 3013 Κωνσταν-

213 3047 566 3099 τινουπόλεω
604 3088 617 3111 ,
641 3047 818 3109 καθὼς
848 3048 1051 3114 γίνεται
1078 3049 1334 3119 σήμερον,
1361 3049 1523 3118 φησὶν
1561 3051 1590 3102 6
1620 3050 1797 3103 κανὼν

215 3137 299 3191 ὅτι
321 3176 337 3201 ,
383 3138 486 3191 ἐὰν
523 3138 689 3208 μέλλῃ
724 3138 992 3208 προϐῆναι
1042 3138 1218 3210 ψῆφος
1250 3140 1648 3210 μητροπολίτου
1670 3181 1684 3206 ,
1732 3143 1792 3194 οὐ
1819 3162 1864 3225 C

204 3231 521 3298 γενήσεται
554 3231 699 3298 παρὰ
734 3228 907 3296 μόνων
935 3228 1042 3281 τῶν
1070 3230 1424 3300 ἐπαρχιωτῶν
1450 3232 1793 3288 ἐπισκόπων*

198 3318 344 3375 ἀλλά
404 3322 529 3392 χρὴ
586 3320 1002 3390 μετακαλεῖσθαι
1053 3324 1146 3375 καὶ
1194 3324 1411 3392 ἑτέρους
1464 3325 1793 3388 ἐπισκόπους

203 3417 664 3486 πλησιαχώρους,
698 3417 909 3478 πάντως
939 3417 1026 3469 διά
1052 3417 1113 3469 τὸ
1155 3417 1439 3485 μεγαλεῖον
1470 3418 1561 3471 τοῦ
1594 3435 1795 3489 μητρο-

204 3507 474 3568 πολίτου,
520 3506 577 3556 ὃν
619 3507 710 3557 καὶ
755 3505 978 3576 ἔξαρχον
1022 3507 1283 3575 ἐπαρχίας
1324 3508 1595 3576 ὀνομάζει.
1639 3510 1793 3562 Οὕτω

206 3602 325 3671 γὰρ
374 3598 563 3668 πάντη
603 3597 908 3660 ἀνύποπτος
943 3596 1094 3650 ἔσται
1141 3599 1173 3667 ἢ
1226 3598 1413 3651 τούτου
1460 3600 1655 3669 ψῆφος,
1715 3604 1791 3665 ὡς

211 3692 375 3762 παρὰ
433 3690 692 3742 πλειόνων
729 3690 1024 3758 ἀρχιερέων
1055 3689 1339 3758 γενομένη.
1386 3691 1506 3744 Ὀτι
1536 3692 1591 3749 δὲ
1619 3691 1792 3762 ψηφι-

211 3783 479 3853 ζομένων
513 3782 823 3833 ἐπισκόπων
866 3780 1134 3832 ταπεινῶν
1183 3781 1260 3842 εἰς
1301 3797 1453 3844 τινας
1504 3785 1789 3853 παροικίας

214 3875 488 3936 εὐτελεῖς,
520 3874 577 3924 ἐν
611 3866 697 3932 αἷς
735 3870 991 3933 πολλάκις
1024 3872 1144 3923 οὐδὲ
1179 3866 1317 3941 ἦσαν
1344 3873 1664 3940 ἐπίσκοποι,
1698 3878 1789 3928 καὶ

216 3966 363 4034 πεζῇ
403 3960 749 4031 βαδιζόντων,
780 3963 870 4011 καὶ
900 3959 1072 4023 ἄλλως
1098 3960 1264 4013 ὄντων
1296 3965 1786 4033 καταπεφρονημέ.

121 4113 127 4118 ,
217 4075 352 4120 νων,
401 4056 464 4107 τὸ
508 4055 602 4121 τῆς
645 4054 1047 4122 ἀρχιερωσύνης
1105 4054 1321 4123 ἀξίωμα
1368 4056 1782 4132 περιουδρίζετο·

217 4148 435 4217 ὥρισαν
487 4147 533 4196 οί
577 4148 813 4214 Πατέρες
870 4144 941 4216 μὴ
981 4144 1338 4198 καθίστασθαι
1385 4147 1678 4199 ἐπίσκοπον
1728 4150 1786 4202 ἐν

222 4242 392 4310 κώμῃ
436 4237 559 4308 ἢέν
616 4236 796 4306 χωρίῳ
836 4236 959 4307 ἢὲν
1011 4237 1165 4289 πόλει
1218 4235 1464 4306 βραχείᾳ,
1524 4232 1643 4310 ὲνῇ
1688 4240 1783 4290 καὶ

223 4325 304 4394 εἷς
357 4331 533 4401 ἱερεὺς
586 4329 836 4398 ἐπαρκεῖ,
900 4327 985 4383 ἴνα
1042 4326 1117 4398 μὴ
1168 4327 1565 4396 ἐξευτελίζηται
1612 4331 1645 4398 ή
1690 4332 1785 4381 αὒ-

224 4423 410 4479 θεντία
444 4423 541 4489 τῆς
580 4421 1013 4491 ἀρχιερωσύνης·
1056 4418 1169 4471 ἀλλ’
1202 4422 1281 4482 είς
1311 4420 1518 4480 ἐκείνας
1552 4421 1649 4484 τὰς
1684 4428 1781 4475 πό-

224 4514 338 4577 λεις
383 4516 711 4573 ἐπισκόπους
768 4511 1123 4563 καθίστασθαι
1164 4512 1257 4573 τὰς
1302 4511 1776 4581 πολυανθρώπους,
1810 4510 1857 4570 D

224 4605 322 4664 τὰς
351 4604 457 4656 ἀπὸ
488 4602 717 4653 παλαιοῦ
746 4602 974 4670 ἐχούσας
999 4601 1290 4672 ἀρχιερεῖς.
1331 4602 1415 4663 Ὠς
1446 4602 1501 4655 δέ
1531 4621 1671 4667 τινος
1704 4608 1781 4657 εξ..

225 4695 419 4755 πόντος
469 4692 649 4745 ἄδικον
681 4687 816 4743 εἶναι
846 4692 905 4743 τὸ
948 4690 1021 4762 μὴ
1055 4692 1197 4761 ἔχειν
1236 4692 1334 4761 τὴν
1364 4693 1782 4764 πολυάνθρωπον

224 4777 380 4831 πόλιν
415 4779 673 4849 ἀρχιερέα
695 4819 709 4841 ,
743 4778 828 4831 διὰ
861 4780 917 4830 τὸ
952 4784 1025 4848 μή
1054 4781 1116 4830 ὲκ
1149 4781 1378 4834 παλαιοῦ
1422 4782 1781 4838 καθίστασθαι

221 4866 519 4923 ἐπίσκοπον
550 4870 607 4920 ὲν
633 4871 794 4938 αὐτῇ,
828 4865 977 4921 εἷπον
1005 4872 1054 4923 οί
1090 4871 1327 4941 Πατέρες
1353 4874 1409 4925 ὲν
1434 4874 1656 4947 τοιαύτῃ
1686 4878 1782 4929 πό-

219 4961 300 5013 λει
349 4966 440 5019 καὶ
491 4962 554 5016 ἐκ
586 4962 703 5017 νέου
748 4960 1101 5014 καθίστασθαι
1128 4963 1443 5019 ἐπίσκοπον.
1476 4964 1575 5018 Καὶ
1610 4968 1780 5020 ταῦτα

220 5051 321 5124 μὲν
367 5056 525 5110 οὕτω.
555 5057 623 5107 Συ
654 5052 708 5107 δὲ
738 5054 1037 5123 σημείωσαι
1081 5054 1175 5106 καὶ
1211 5055 1316 5106 ἀπὸ
1374 5058 1637 5126 παρόντος
1684 5058 1777 5111 τοῦ

219 5147 395 5200 κανόνι
418 5164 464 5209 ς,
500 5148 579 5198 ὄτι
612 5146 811 5215 ἀκυρός
848 5149 995 5199 ἐστιν
1028 5146 1059 5213 ή
1091 5146 1265 5214 ψῆφος
1296 5144 1385 5197 τοῦ
1416 5148 1713 5201 ἐπισκόπου
1742 5151 1775 5219 ή

217 5241 481 5309 γινομένη
518 5241 683 5309 χωρὶς
734 5239 1031 5309 παρουσίας
1076 5237 1109 5308 ἢ
1158 5239 1509 5299 συναινέσεως
1562 5242 1777 5292 πάντων

213 5330 327 5383 τῶν
372 5333 746 5402 ἑπαρχιωτῶν.
794 5334 897 5384 Καὶ
925 5331 1019 5384 ἕνα
1046 5332 1153 5401 γάρ
1184 5332 1246 5383 ἐκ
1272 5328 1475 5383 τούτων
1500 5332 1776 5409 ἀπόδημος]

210 5420 345 5475 ὄντα
382 5424 799 5494 μετακαλεῖσθαι
832 5424 860 5475 6
895 5422 1074 5476 κανὼν
1105 5422 1421 5494 διωρίσατο.
1458 5424 1565 5475 Καὶ
1594 5426 1655 5477 οὑ
1686 5425 1776 5476 δό-

212 5516 373 5569 ναταί
406 5534 485 5578 τις
512 5517 686 5582 λέγειν
715 5516 809 5578 ὡς,
836 5518 955 5568 ἐπεὶ
986 5516 1018 5584 ὴ
1044 5514 1151 5568 τῶν
1180 5516 1437 5569 πλειόνων
1467 5516 1640 5585 ψῆφος
1676 5518 1773 5583 ἁρ-

218 5609 334 5673 κεί,
363 5609 396 5676 ή
430 5606 523 5660 τοῦ
555 5607 670 5668 ἐνὸς
699 5606 935 5659 ἀπουσία
962 5608 1021 5659 οὐ
1055 5608 1479 5676 προκριματίσει
1500 5648 1514 5673 ,
1547 5606 1649 5660 κᾶν
1682 5612 1774 5659 καὶ

219 5699 427 5750 ἐναντία
472 5697 723 5769 ήγνώμη
754 5698 946 5749 τούτου
995 5698 1129 5752 ἐστί.
1178 5698 1277 5749 Διά
1328 5697 1435 5766 γὰρ
1476 5696 1652 5761 τοῦτο,
1699 5698 1773 5760 tit;

220 5790 379 5853 ἔοικε,
425 5789 848 5852 μετακαλοῦνται
901 5790 1097 5851 πάντες
1149 5791 1197 5840 οἱ
1244 5789 1593 5853 ἐνδημοῦντες
1632 5790 1771 5852 κατά

1842 1825 1882 1879 Β

1348 368 1431 429 ΙΝ
1468 370 1631 431 CAN.
1673 368 1748 430 VI
1778 366 1987 428 CONC.
2041 367 2334 433 SARDIC.

3332 378 3468 441 1446

1993 497 2012 531 ι
2046 490 2169 549 patu
2207 482 2363 549 digna
2385 481 2670 551 iudicetur,
2706 486 2956 555 accipiat.
2980 488 3060 543 Att
3088 489 3187 542 hoc
3218 492 3466 545 omnibus

2006 591 2023 623 ι
2053 573 2267 642 placet?
2297 572 2710 645 Responderunt
2734 591 2919 632 omnes
2940 619 2955 645 ,
2994 578 3193 633 Placet.
3218 599 3236 632 ι

1981 1030 2171 1087 BALS.
2202 1033 2331 1088 Cum
2369 1050 2541 1090 canon
2568 1036 2634 1091 12
2682 1038 2997 1105 Laodicente
3060 1042 3250 1113 synodi
3290 1054 3341 1099 et
3375 1046 3464 1099 alii

1911 1124 2209 1179 decernant
2236 1129 2349 1181 ﬁeri
2378 1130 2746 1198 epiSCOpttrlllll
2779 1133 3090 1199 electiones,
3129 1152 3232 1189 non
3264 1152 3290 1188 a
3336 1139 3470 1189 mul-

1910 1217 2137 1271 titudine
2178 1220 2478 1285 civitatum,
2508 1224 2598 1275 sed
2621 1225 2685 1275 ab
2716 1225 3079 1287 antistitibus,
3114 1242 3347 1293 praesens
3378 1244 3471 1282 Ca-

1910 1324 2012 1361 non
2042 1312 2247 1376 statuit,
2283 1314 2423 1380 quod
2451 1314 2492 1366 si
2525 1316 2813 1383 contigerit
2841 1333 2903 1370 ex
2938 1318 3207 1387 episcopis
3252 1323 3471 1387 provin-

1909 1398 2005 1451 ciae
2028 1399 2256 1467 aliquem
2310 1420 2472 1455 unttm
2526 1404 2741 1470 abesse,
2793 1414 2847 1460 et
2910 1409 3048 1463 nolle
3105 1425 3225 1463 cum
3291 1411 3468 1479 populi

1912 1491 2256 1547 multitudine
2284 1496 2595 1561 convenire,
2629 1507 2683 1549 ut
2718 1499 2806 1551 ﬁat
2835 1499 3025 1553 eiectio
3082 1505 3324 1556 vacantis
3371 1520 3467 1557 ec-

1909 1582 2085 1639 clesizc
2108 1625 2122 1648 ,
2150 1585 2387 1641 civitatis
2414 1600 2591 1640 autem
2626 1590 2853 1657 populus
2889 1603 3094 1654 quazrat
3132 1596 3425 1648 antistitem
3451 1614 3465 1649 :

1908 1672 2071 1727 debet
2117 1677 2382 1730 exarcltus
2457 1678 2769 1746 provinciae,
2820 1680 2933 1731 sive
2996 1682 3467 1748 metropolitatttts.

1909 1765 2068 1818 etiam
2116 1766 2385 1820 absentem
2443 1769 2751 1836 episcopum
2795 1770 2993 1825 litteris
3049 1786 3354 1837 accersere,
3406 1785 3469 1827 ut

1916 1855 2264 1924 ﬁatepisc0pi
2295 1858 2612 1911 constitutio
2642 1859 2709 1912 ab
2731 1862 2976 1913 omnibus
3030 1864 3465 1929 provincialibus,

1911 1956 1969 1999 ut
2000 1947 2113 1999 vult
2136 1946 2578 2015 canon4pritnm
2602 1948 2822 2018 synodi.
2882 1949 2936 2004 Si
2991 1950 3037 2005 is
3096 1963 3273 2005 autem
3332 1956 3467 2008 nolit

1908 2034 2119 2098 adesse,
2150 2051 2251 2090 nec
2269 2050 2361 2104 per
2387 2037 2709 2104 rescriptum
2737 2040 3086 2105 assentiatur,
3118 2043 3210 2094 tiat
3252 2044 3465 2108 electio,

1908 2135 1965 2179 ut
1994 2129 2187 2195 populo
2244 2128 2417 2181 visunt
2469 2128 2652 2193 fuerit,
2711 2130 3125 2198 provincialium
3181 2134 3465 2205 episcopo-

1904 2234 2061 2273 rum:
2100 2233 2276 2287 neque
2314 2220 2480 2284 enim,
2524 2222 2611 2290 qui
2650 2222 2823 2285 abest,
2858 2225 3217 2295 ignorantiam
3264 2229 3463 2298 allega.

1905 2308 1984 2364 bit
2017 2310 2096 2364 vel
2124 2311 2204 2364 sui
2256 2320 2651 2381 contemptum,
2707 2316 2846 2383 quod
2880 2318 3119 2385 .scilicet
3175 2334 3203 2372 a
3258 2324 3465 2390 synodo

1910 2410 2129 2454 vet-atus
2184 2416 2287 2453 non
2346 2401 2598 2470 adfuerit.
2652 2404 2785 2461 (‘mm
2837 2408 2950 2461 lta2c
3010 2423 3182 2465 canon
3243 2412 3461 2469 statuis-

1902 2503 1983 2547 set
2004 2493 2068 2545 de
2095 2494 2359 2549 electione
2413 2498 2655 2551 vacantis
2682 2498 2941 2567 ecclesiae,
2976 2502 3097 2570 quia
3134 2512 3260 2557 ante
3319 2506 3463 2559 vice-

1901 2583 2095 2637 simum
2158 2592 2402 2637 octavum
2444 2602 2706 2640 canonem
2762 2588 3222 2648 Chalcedonensis
3266 2596 3454 2664 synodi

1901 2674 2301 2740 metropolitani
2336 2675 2541 2729 ﬁebant
2574 2679 2639 2729 ab
2669 2678 2951 2748 episcopis,
3001 2692 3054 2734 et
3110 2700 3212 2737 non
3245 2700 3272 2735 ο
3309 2684 3453 2740 Cou-

1899 2764 2374 2834 stantinopolitano
2435 2781 2532 2834 pro
2570 2777 2808 2836 tempore
2840 2771 3168 2840 patriarcha,
3228 2785 3285 2829 ut
3315 2792 3460 2832 nunc

1902 2856 1958 2909 [it
1986 2874 2000 2921 ;
2033 2858 2158 2911 dicit
2182 2874 2375 2924 canon,
2402 2862 2548 2927 quod
2582 2862 2626 2913 si
2656 2864 2724 2915 sit
2764 2879 3076 2928 processura
3106 2867 3299 2921 electio
3345 2887 3458 2923 tne-

1899 2949 2234 3018 tropolitani,
2269 2966 2373 3005 non
2408 2956 2499 3005 ttat
2532 2967 2559 3005 a
2602 2954 2732 3008 solis
2769 2957 3191 3023 provincialibus
3245 2962 3459 3026 episco-

1898 3041 2018 3109 pis;
2057 3045 2151 3096 sed
2183 3044 2345 3097 etiam
2388 3044 2613 3099 omnino
2647 3048 2850 3105 accersi
2906 3057 3117 3115 oportet
3172 3052 3457 3119 episcopos

1898 3123 2196 3187 vicinarum
2226 3134 2524 3202 regionum,
2563 3146 2781 3204 propter
2817 3140 3217 3207 metropolitani
3252 3146 3455 3212 magni-

1901 3223 2157 3287 tudinem,
2190 3238 2345 3292 quem
2375 3225 2538 3279 etiatn
2585 3226 2876 3280 exarcbum
2930 3232 3220 3299 provincia:
3278 3236 3493 3287 nomi~.

1898 3325 2008 3369 nat.
2040 3313 2131 3370 Sic
2163 3317 2308 3369 enim
2336 3318 2403 3371 ab
2429 3320 2571 3371 omni
2602 3320 2738 3371 mala
2770 3324 3077 3388 suspicione
3129 3324 3293 3378 libera
3351 3328 3459 3379 erit.

1895 3405 2111 3468 electio,
2144 3407 2339 3476 aliqua:
2362 3422 2389 3459 a
2418 3407 2657 3476 pluribus
2680 3411 3007 3465 antistitibus
3036 3412 3171 3467 facta
3196 3415 3285 3469 sit.
3316 3417 3456 3481 Quia

1896 3505 2075 3550 autem
2114 3498 2306 3551 vilibus
2334 3497 2519 3577 electis
2549 3502 2816 3571 episcopis
2851 3503 2903 3559 in
2930 3506 3109 3573 parvis
3141 3506 3451 3577 vilibusque

1895 3588 2167 3655 parotciis,
2191 3590 2240 3642 itt
2274 3593 2470 3658 quibus
2496 3608 2635 3662 sape
2666 3610 2732 3649 tte
2767 3608 2922 3650 erant
2950 3598 3161 3666 quidem
3192 3601 3453 3669 episcopi,

1894 3678 1982 3747 qui
2017 3690 2070 3731 et
2094 3680 2316 3745 pedibus
2354 3685 2695 3748 incedebant,
2761 3697 2814 3743 et
2874 3699 3028 3744 erant
3068 3692 3264 3761 alioqui
3314 3709 3449 3747 con-

1892 3772 2107 3840 tempti,
2139 3773 2463 3842 episc0palis
2528 3776 2764 3846 dignitas
2823 3783 3145 3836 contumelia
3184 3782 3449 3839 allicieba-

1894 3871 2021 3928 lur;
2055 3874 2365 3921 statuerunt
2392 3865 2598 3932 Patres,
2640 3886 2706 3922 ne
2752 3874 3115 3928 constituatur
3161 3878 3449 3946 episcopus
3538 3908 3541 3917 ν

1894 3956 1946 4008 itt
1978 3956 2255 4035 vico,sive
2286 3958 2337 4011 in
2392 3975 2547 4029 pago,
2588 3962 2666 4015 vel
2720 3962 2770 4016 itt
2808 3964 2999 4033 exiguo
3053 3967 3331 4035 oppidulo,
3392 3971 3446 4023 it.

1891 4064 1997 4115 quo
2034 4050 2111 4101 vel
2146 4066 2279 4103 unus
2311 4054 2568 4106 sacerdos
2599 4053 2824 4120 sollicit;
2889 4073 2953 4110 ne
2996 4059 3317 4128 episcOpalis
3366 4063 3442 4114 di-

1890 4139 2068 4206 gnitas
2094 4140 2487 4210 vilipeudatur:
2520 4147 2612 4199 sed
2643 4147 2694 4199 in
2728 4147 2833 4200 illis
2854 4148 3074 4203 urbibus
3104 4151 3449 4213 constituam

1891 4244 1978 4286 tttr
2007 4235 2267 4303 episcopi,
2328 4252 2445 4305 qua:
2508 4238 2813 4292 hominibus
2861 4240 3157 4308 abundant,
3215 4256 3270 4296 et
3324 4260 3448 4313 qua:

1883 4323 1994 4392 jam
2021 4326 2146 4379 olim
2182 4327 2380 4381 habent
2419 4330 2721 4398 episcopos.
2753 4331 3025 4399 Tanquam
3061 4342 3236 4387 autem
3265 4316 3445 4409 dixisf

1888 4418 2531 4489 setquispiant,iniquum
2565 4436 2689 4476 esse
2736 4423 2923 4477 urbem
2968 4426 3165 4493 populo
3198 4426 3440 4493 frequen-

1886 4522 1991 4563 tem
2024 4525 2125 4563 non
2160 4511 2356 4565 habere
2387 4512 2706 4579 antistitem,
2743 4529 2811 4568 eo
2842 4513 2983 4583 quod
3021 4517 3130 4584 jam
3170 4518 3295 4569 olim
3323 4517 3440 4587 epi-

1887 4612 2078 4666 sr-Opus
2104 4602 2240 4653 inea
2274 4616 2379 4655 non
2416 4604 2816 4668 constituatur;
2859 4602 3176 4676 adjecerunt
3224 4604 3437 4674 Patres,

1887 4689 1940 4742 in
1973 4690 2275 4759 ltujusmodi
2300 4692 2517 4746 civitate
2546 4695 2708 4748 etiam
2740 4694 2805 4749 de
2839 4710 2978 4763 novo
3003 4698 3254 4752 constitui
3282 4714 3443 4767 posse

1886 4784 2221 4855 episcopum.
2249 4783 2408 4855 491
2448 4784 2510 4839 Ει
2538 4787 2651 4841 hate
2683 4789 2901 4860 quidem
2958 4789 3057 4843 sic.
3120 4789 3197 4843 Tu
3259 4802 3437 4845 autem

1885 4886 2009 4932 nota
2041 4879 2204 4932 etiam
2253 4895 2317 4933 ex
2381 4882 2480 4935 ltnc
2532 4883 2783 4949 praesenti
2838 4899 3066 4951 canone,
3097 4889 3235 4951 quod
3286 4884 3435 4945 irrita

1882 4978 1961 5023 est
1983 4969 2173 5024 electio
2201 4970 2463 5045 episcopi,
2494 4987 2613 5053 qua!
2640 4972 2695 5027 ﬁt
2726 4974 2845 5041 sine
2874 4976 3158 5049 prtesentia
3195 4975 3274 5027 vel
3309 4989 3457 5035 con-3

1882 5073 2044 5113 sensu
2072 5060 2309 5112 omnium
2337 5062 2777 5128 provincialium.
2835 5062 2964 5115 Nam
3003 5063 3084 5115 vel
3140 5078 3301 5114 unum
3366 5078 3435 5118 ex

1882 5148 1968 5211 iis,
1998 5150 2319 5218 quiaberat,
2355 5156 2559 5206 accersi
2595 5153 2751 5221 jubet
2779 5169 2974 5209 canon.
3019 5154 3080 5205 Et
3107 5168 3210 5207 non
3254 5162 3430 5221 potest

1879 5241 2145 5309 quispiam
2194 5242 2375 5299 dicere
2419 5245 2585 5313 quod,
2640 5244 2894 5313 quoniam
2956 5244 3187 5313 plurium
3252 5244 3430 5301 valent

1879 5332 2155 5403 sull'ragia,
2184 5335 2355 5389 unius
2388 5336 2629 5405 absentia
2657 5352 2764 5390 non
2815 5340 2969 5389 atlert
3020 5336 3419 5406 prtejudicitttu,

1877 5425 2087 5478 etiamsi
2145 5426 2419 5478 contraria
2487 5436 2569 5480 est
2626 5428 2740 5494 ejus
2802 5430 3090 5481 sententia.
3140 5428 3428 5501 Propterea

1878 5516 2041 5582 enim,
2098 5524 2155 5579 ut
2204 5525 2288 5574 est
2332 5528 2778 5581 consentaneum,
2840 5531 3189 5573 accersantur
3241 5535 3429 5587 omnes

1875 5609 1965 5677 qui
2009 5608 2061 5660 in
2096 5610 2316 5675 regione
2347 5609 2541 5663 adsunt
2605 5610 2655 5662 in
2721 5610 2858 5663 hanc
2913 5610 3129 5683 urbium
3187 5613 3423 5681 reginam

1875 5698 2166 5762 antistites,
2195 5700 2407 5769 quando
2435 5697 2592 5751 debet
2627 5699 2854 5767 alicujus
2896 5702 3134 5769 ecclesia:
3162 5701 3275 5756 ﬁeri
3320 5702 3425 5767 ele-

1876 5791 2005 5852 ctio,
2044 5800 2096 5842 et
2128 5806 2246 5843 eam
2271 5789 2431 5841 unius
2486 5792 2727 5843 absentia
2778 5793 3020 5853 impedit.
3074 5795 3208 5851 Cum
3245 5805 3420 5846 autem
