3958 6242
236 374 378 440 1449
1354 375 1434 435 1N
1466 374 1629 435 CAN.
1674 325 1797 434 vti
1845 371 2049 434 CONC.
2107 372 2399 439 SARDIC.
3340 378 3473 440 1450

226 491 476 562 γίνεται,
504 489 617 544 ἀλλ’
644 481 725 552 οἷς
754 488 788 559 ή
834 488 1137 560 χειροτονία
1181 487 1291 542 τῶν
1324 488 1641 541 ἐπισκόπων
1670 489 1782 541 ἀπο

1909 486 2049 540 ratio
2084 493 2187 552 est,
2216 494 2275 540 et
2312 484 2383 539 ab
2418 484 2505 551 iis,
2550 484 2749 555 quibus
2795 485 3076 557 episcopos
3114 487 3334 542 creandi
3384 487 3470 554 jus

220 583 551 654 νενέμηται,
580 582 778 634 ἐκείνοι
805 580 892 634 διὰ
923 581 1030 633 τῶν
1064 580 1378 634 ἐπισκόπων
1404 580 1503 649 τῆς
1532 579 1782 658 ἐποαρχίας

1906 587 2010 640 est,
2041 577 2234 632 summi
2271 592 2487 647 quoque
2534 577 2847 633 sacerdotes
2893 593 2987 646 per
3032 581 3307 650 episcopos
3342 597 3465 651 pro-

219 674 565 745 ψηφίζονται
616 673 745 737 τοὺς
776 672 1075 743 ἀρχιερεῖς.
1126 671 1285 741 Ἑξῆς
1325 671 1382 724 δὲ
1410 672 1439 722 ὀ
1484 669 1661 724 κανὼν
1688 671 1782 725 δια.

1906 669 2095 724 vincia:
2118 669 2447 740 deliguntur.
2481 669 2538 723 In
2564 669 2631 723 iis
2665 686 2825 741 porro
2846 685 2967 741 quae
2992 681 3307 740 sequuntur,
3335 688 3466 727 con-

209 767 484 820 τάττεται
534 764 610 835 μή
661 763 909 833 γίνεσθαι
967 762 1266 816 ἐπίσκοπον
1313 761 1372 814 ἐν
1407 758 1570 831 κώμῃ
1617 759 1726 813 τινὶ
1766 762 1782 812 i

1903 761 2054 818 stitui
2095 762 2404 830 episcopum
2438 763 2490 816 in
2520 763 2714 834 Oppido
2742 765 2993 833 quopiam
3020 803 3036 827 ,
3065 763 3259 818 exilive
3310 768 3466 829 urbe,

206 856 380 910 πόλει
424 856 619 926 μικρᾷ,
659 848 821 929 ᾖκαὶ
874 847 955 916 εἷς
1010 852 1382 923 πρεσσύτερος
1427 853 1614 922 ἀρκεῖ’
1647 851 1676 904 ὀ
1705 851 1802 905 καὶ

201 948 238 1001 ὁ
279 946 367 1012 νζ⁹
394 946 579 1001 κανὼν
626 947 729 1017 τῆς
783 947 841 999 ἐν
885 945 1177 1016 Λαοδικείᾳ
1222 944 1439 997 συνόδου
1485 942 1797 1013 διωρίσατο.

208 1039 568 1112 Προστίθησι
622 1039 680 1092 δὲ
731 1040 760 1092 ὀ
817 1037 995 1092 κανὼν
1044 1031 1200 1101 οὗτος
1236 1038 1318 1091 ὅτι
1370 1037 1471 1090 οὐκ
1502 1037 1799 1105 ἀναγκαῖόν

205 1135 379 1186 ἐστιν
414 1131 713 1184 ἐπίσκοπον
743 1129 863 1183 ἐκεῖ
887 1129 1267 1193 καθίστασθαι,
1291 1128 1368 1192 ὡς
1396 1128 1463 1183 ἂν
1497 1129 1571 1198 μὴ
1604 1145 1800 1181 κατευ-

1902 851 1992 908 cui
2022 853 2104 907 vel
2130 868 2271 908 unus
2304 852 2583 923 presbyter
2619 852 2946 908 suffecturus
2980 855 3072 920 sit,
3103 869 3272 907 canon
3304 866 3466 909 vetat.

1901 944 2064 1017 5.92
2098 944 2252 1010 Quod
2284 945 2502 1016 quidem
2539 944 2854 1000 Laodicena‘.
2892 960 3105 1015 quoque
3156 946 3345 1015 synodi
3369 947 3468 1009 ise-

1902 1040 2072 1107 ptimo
2095 1048 2147 1092 et
2175 1038 2624 1109 quinquagesimo
2649 1054 2854 1094 canone
2876 1037 3153 1093 definitum
3176 1036 3292 1090 fuit.
3312 1037 3470 1090 Addit

1900 1144 2031 1185 vero
2062 1131 2149 1184 ltic
2181 1146 2355 1185 canon
2398 1141 2683 1199 praeterea,
2736 1147 2843 1186 non
2895 1146 3015 1185 esse
3067 1145 3286 1185 necesse
3317 1131 3370 1184 in
3405 1130 3471 1184 iis

196 1225 508 1293 τελίζηται
538 1223 599 1275 τὸ
625 1221 795 1292 δνομα
828 1220 923 1275 καὶ
956 1223 990 1289 ή
1025 1220 1287 1276 αὐθεντία
1324 1220 1421 1274 τοῦ
1448 1220 1751 1275 ἐπισκόπου
1772 1234 1788 1251 ⁸

200 1317 341 1369 ἀλλ’
373 1316 425 1369 οἰ
451 1314 550 1385 τῆς
579 1313 851 1386 ἐπαρχίας
891 1312 1097 1384 πρῶτοι
1132 1313 1445 1376 ἐπίσκοποι,
1480 1312 1530 1365 οί
1584 1328 1789 1382 μητρο-

202 1410 445 1463 πολϊται
469 1408 689 1479 δηλαδὴ,
711 1409 907 1460 ἐκείνοι
934 1405 1208 1475 ὀφείλουσι
1232 1407 1404 1459 ποιεῖν
1434 1404 1791 1470 ἐπισκόπους,

198 1504 361 1555 ὅπου
406 1501 502 1555 καὶ
541 1500 826 1570 πρότερον,
863 1499 1031 1569 ήγουν
1080 1501 1145 1552 ἐκ
1190 1497 1451 1561 παλαιοῦ,
1491 1493 1633 1569 ἦσαν
1670 1497 1794 1549 ἐπί-

200 1610 444 1647 σκοποι.
478 1591 541 1644 Εἰ
568 1592 623 1645 δέ
657 1608 762 1655 τις,
807 1593 962 1661 φησὶ,
1009 1590 1164 1654 πόλις
1191 1591 1455 1661 πρότερον
1490 1590 1565 1661 μὴ
1593 1589 1792 1661 ἔχουσα

199 1686 433 1755 πλῆθος
481 1684 618 1737 πολὺ
650 1685 910 1748 πολιτῶν,
946 1684 1258 1756 εὑρίσκοιτο
1307 1682 1447 1754 μετὰ
1480 1684 1655 1737 ταῦτα
1695 1699 1790 1752 γε-

196 1776 426 1847 νομένη
477 1774 860 1846 πολυπληοὴς,
904 1775 978 1838 ὡς
1042 1775 1200 1842 ἀξίαν
1253 1775 1422 1845 αὐτὴν
1462 1774 1789 1845 νομισθῆναι

1898 1221 2036 1278 locis
2064 1223 2377 1293 episcopum
2423 1224 2678 1279 constitui
2701 1264 2717 1288 ,
2750 1239 2817 1279 ne
2848 1224 3056 1279 scilicet
3085 1224 3321 1293 episcopi
3372 1239 3470 1277 no-

1900 1328 2022 1369 meu
2067 1329 2132 1369 ac
2161 1317 2455 1371 auctoritas
2502 1315 2660 1370 facile
2693 1316 2954 1370 vilescat:
2986 1331 3170 1370 verum
3222 1331 3249 1368 a
3281 1316 3469 1385 primis

1897 1408 2193 1477 provinciae
2222 1409 2515 1479 episc0pis,
2552 1410 2801 1465 videlicet
2834 1425 2863 1463 a
2916 1409 3361 1478 metr0politauis,
3412 1411 3466 1464 in

1896 1498 1966 1554 iis
1997 1506 2207 1554 tantum
2240 1500 2397 1567 locis,
2439 1502 2529 1556 ubi
2562 1502 2728 1557 etiam
2758 1501 2931 1571 prius,
2964 1504 3065 1557 hoc
3093 1512 3196 1567 est,
3229 1504 3297 1558 ab
3330 1504 3468 1558 anti-

1896 1606 2004 1661 quo
2031 1602 2271 1663 tempore
2298 1593 2537 1659 fuerant,
2582 1596 2820 1665 episcopi
2868 1596 3121 1651 collocari
3154 1597 3373 1653 debent.
3403 1599 3463 1653 Si

1896 1692 2074 1740 tamen
2106 1687 2320 1751 urbem,
2349 1688 2544 1755 inquit,
2578 1704 2683 1742 non
2720 1688 2791 1742 ita
2833 1688 3122 1754 celebrem,
3155 1704 3277 1743 mox
3311 1691 3465 1744 inco-

1892 1775 2064 1831 larum
2128 1793 2355 1833 numero
2415 1779 2742 1848 frequentari
2792 1781 3090 1851 contingat,
3124 1783 3313 1847 utinm
3341 1799 3463 1837 am-

198 1866 531 1936 ἐπισκοπῆς
580 1866 669 1920 διὰ
722 1866 785 1919 τδ
836 1865 1037 1936 πλῆθος
1095 1863 1190 1917 τοῦ
1249 1864 1404 1928 λαοῦ,
1454 1863 1782 1935 λαμϐανέτω

1899 1866 2121 1936 pliticata
2159 1868 2456 1938 frequentia
2485 1870 2737 1939 episc0po
2787 1858 2944 1940 digna
2992 1873 3146 1928 sedes
3168 1874 3457 1945 jud'cetur;

194 1959 542 2025 ἐπίσκοπον,
574 1958 677 2013 κᾶν
706 1957 783 2030 μὴ
820 1960 885 2012 ἐκ
912 1956 1144 2012 παλαιοῦ
1173 1952 1339 2027 εἶχεν.

196 2146 441 2200 ΑΡΙΣΤ.
476 2164 496 2198 ι
531 2145 617 2212 El,
652 2145 759 2200 τῶν
783 2144 929 2198 λαῶν
971 2143 1404 2214 ἐπικομιζόντων
1461 2143 1782 2208 ἐπίσκοπον,

290 2258 312 2291 ι
352 2239 404 2291 οἱ
431 2239 721 2292 ἐπίσκοποι
767 2238 1252 2306 παρουσιάοουσιν,
1281 2228 1361 2298 εἷς
1394 2232 1452 2286 δέ
1483 2251 1568 2295 τις
1592 2233 1780 2304 λείπῃ,

282 2346 309 2382 ι
358 2329 770 2399 προσκαλείσθω
799 2330 1069 2390 κάκεῖνος.
1099 2329 1159 2380 El
1191 2328 1248 2379 δὲ
1274 2326 1782 2395 προσκαλούμενος,

295 2437 316 2470 ι
356 2418 481 2471 οὔτε
516 2419 769 2488 γράφειν,
801 2417 923 2470 οὔτε
952 2417 1202 2488 ἐνδημεῖν
1229 2416 1491 2488 βούλοιτο,
1527 2418 1555 2469 ὀ
1588 2417 1785 2487 ζητού·

294 2530 315 2562 ε
360 2527 521 2580 μενος
554 2510 993 2581 χειροτονείσθω.
1030 2528 1049 2561 ι

290 2602 468 2655 Τοῦτο
495 2602 591 2655 νῦν
616 2603 717 2655 οὐκ
746 2603 1074 2675 ἐνεργεῖται,
1108 2603 1169 2657 τὸ
1197 2603 1343 2673 παρὰ
1372 2605 1479 2659 τῶν
1506 2604 1785 2675 κληρικῶν

200 2696 311 2749 καὶ
341 2695 453 2748 τῶν
476 2694 710 2766 πρώτων
753 2694 854 2764 τῆς
905 2694 1117 2758 πόλεως
1146 2696 1245 2758 τὰς
1267 2695 1486 2765 ψήφους
1516 2697 1623 2749 τῶν
1665 2699 1783 2749 ἐπιο

202 2790 438 2841 σκόπων
499 2786 769 2856 γίνεσθαι,
821 2786 960 2840 ἀλλὰ
1014 2788 1167 2858 παρὰ
1223 2787 1638 2858 μητροπολιτῶν
1689 2789 1785 2842 καὶ

204 2881 532 2934 ἐπισκόπων
584 2873 744 2933 αὗται
794 2879 1217 2949 προϐαίνουσινο
1269 2881 1345 2945 ώς
1399 2883 1428 2935 ὀ
1476 2881 1781 2944 δωδέκατος

201 2972 397 3027 κανὼν
427 2974 525 3043 τῆς
553 2973 610 3024 ἐν
633 2972 925 3044 Λαοδικείᾳ
973 2972 1194 3026 συνόδου
1227 2974 1597 3040 διατάττεται,
1632 2976 1727 3027 καὶ
1754 2974 1782 3027 ὀ

208 3066 695 3128 ἐννεακαιδέκατος
715 3067 812 3135 τῆς
843 3066 901 3117 ἐν
930 3064 1255 3135 Ἀντιοχείᾳ,
1272 3068 1366 3118 καὶ
1397 3066 1545 3119 ἄλλοι
1572 3066 1781 3120 πολλοί.

206 3160 306 3209 Δεῖ
329 3157 458 3224 γοῦν
492 3156 523 3225 ἢ
552 3156 759 3217 πάντας
788 3157 1044 3227 παρεῖναι
1074 3155 1200 3219 τοὺς
1229 3156 1566 3220 ἐπισκόπους
1588 3157 1683 3210 ἐπὶ
1711 3159 1776 3226 τῇ

207 3248 401 3318 ψήφῳ,
436 3246 469 3318 ἢ
512 3252 605 3301 καὶ
635 3248 761 3312 τοὺς
798 3248 1039 3311 ἀπόντας
1065 3246 1154 3301 διὰ
1179 3248 1528 3319 γραμμάτων
1564 3249 1782 3320 συμψή-

208 3355 347 3410 φους
377 3342 623 3410 γίνεσθαι
658 3345 767 3405 τοῖς
798 3342 1055 3411 παροῦσι.

208 3434 435 3490 ΑΡΙΣΤ.
470 3454 488 3486 ι
531 3434 946 3504 Μητροπολιτου
974 3434 1397 3504 καθισταμενου,
1432 3432 1527 3486 καὶ
1548 3433 1597 3485 οἱ
1643 3433 1815 3513 πληο.

431 3544 449 3577 ι
491 3527 744 3595 σιόχωροι
794 3525 1180 3595 μετάπεμπτοι
1226 3526 1492 3578 ἔστωσαν.
1536 3543 1555 3574 ι

280 3618 703 3688 Μητροπολίτου
734 3617 1022 3686 μέλλοντος
1064 3617 1428 3687 ψηφισθῆναι,
1461 3617 1524 3668 οὐ
1571 3618 1775 3679 πάντες

206 3712 308 3781 τῆς
356 3711 643 3781 ἁπανταχῇ
691 3709 1012 3779 διοικήσεως
1049 3712 1097 3762 οί
1150 3709 1544 3779 μητροπολίται
1575 3710 1653 3770 εἰς
1680 3712 1777 3778 τὴν

206 3802 392 3872 ψῆφον
440 3801 608 3854 αὐτοῦ
657 3799 1044 3871 κληθήσονται,
1098 3798 1215 3853 ἀλλ’
1264 3801 1313 3851 οί
1370 3799 1774 3869 πλησιόχωροι.

207 3897 386 3947 ἐκεῖνο
428 3894 536 3964 γὰρ
568 3892 661 3945 καὶ
688 3892 950 3946 ἀδύνατον
984 3891 1261 3959 γενέσθαι,
1294 3891 1473 3960 εἴπερ,
1516 3896 1656 3945 κατὰ
1682 3892 1776 3944 τὸν

206 3988 455 4037 εἰκοστὸν
484 3984 736 4054 πέμπτον
787 3983 992 4036 κανόνα
1033 3982 1131 4052 τῆς
1182 3983 1240 4034 ἐν
1283 3982 1588 4052 Χαλκηδόνι
1622 3984 1775 4035 συνό·

205 4078 323 4141 ὅου,
354 4078 505 4139 ἐντὸς
559 4078 728 4147 τριῶν
778 4075 966 4145 μηνῶν
1017 4076 1072 4128 αἱ
1117 4073 1440 4144 χειροτονίαι
1496 4075 1771 4142 ὀφείλουσι

206 4169 459 4238 γίνεσθαι
485 4168 592 4221 τῶν
618 4167 968 4239 χηρευουσῶν
1000 4166 1335 4221 ἐπισκοπῶν.

204 4260 428 4317 ΑΡΙΣΤ.
454 4281 471 4314 ι
494 4263 585 4324 Εἰς
606 4262 794 4332 ὀλίγην
814 4262 964 4313 πόλιν
980 4264 1072 4315 καὶ
1100 4262 1313 4331 κώμην,
1342 4254 1486 4336 καὶ
1503 4257 1579 4323 εἷς
1607 4261 1774 4314 αὐτὰ·

285 4373 303 4404 ι
346 4372 484 4424 ρκης
513 4356 905 4426 πρεσϐύτερος,
934 4354 1234 4417 ἐπίσκοπος
1265 4354 1323 4406 οὐ
1350 4353 1695 4407 καθίσταται·
1725 4357 1771 4406 εἰ

284 4461 302 4493 ι
346 4443 401 4495 δὲ
420 4442 654 4496 πολυανο
661 4444 949 4514 ρωποτάτη
963 4443 1173 4510 γένοιτο
1188 4443 1359 4505 πόλις,
1383 4444 1481 4495 οὐκ
1496 4443 1731 4505 ἀνάξιον.
1748 4462 1766 4494 ι

1885 1957 1940 2011 in
1966 1972 2029 2012 ea
2064 1974 2273 2028 quoque
2327 1961 2668 2029 episcopum,
2723 1963 2968 2031 quamvis
3030 1972 3186 2019 antea
3255 1967 3457 2020 nullum

1885 2049 2155 2118 habuerit,
2184 2053 2435 2107 constitui
2470 2053 2631 2107 licere
2660 2056 2920 2109 decernit“.

1884 2141 2114 2197 ARIST.
2159 2162 2176 2194 ι
2217 2143 2273 2197 Si
2305 2145 2847 2217 populo'episcopum
2890 2156 3174 2217 appetente
3218 2149 3457 2219 episcopi

1963 2252 1982 2287 ι
2020 2246 2314 2305 przeseutes
2345 2236 2567 2301 fuerint,
2601 2253 2737 2293 unus
2766 2253 2895 2294 vero
2926 2240 3186 2305 abfuerit,
3225 2242 3267 2296 is
3290 2242 3454 2297 etiam

1960 2343 1982 2377 ι
2024 2338 2264 2382 vocetur.
2296 2329 2352 2383 Si
2389 2338 2607 2383 vocatus
2651 2342 2827 2385 autem
2859 2347 3036 2399 neque
3063 2333 3321 2395 scribere,
3348 2350 3458 2402 .ue-

1962 2437 1982 2470 ι
2024 2434 2129 2490 que
2159 2421 2418 2477 accedere
2446 2422 2606 2482 velit.
2641 2424 2683 2478 is
2725 2423 2815 2493 qui
2866 2425 3065 2494 petitur
3093 2425 3392 2481 ordinetur.
3428 2446 3449 2480 ι

1957 2600 2102 2656 istud
2138 2600 2300 2656 hodie
2327 2618 2429 2657 non
2458 2612 2541 2657 est
2576 2603 2630 2658 in
2668 2619 2767 2659 usu
2796 2645 2811 2669 ,
2841 2612 2897 2658 ut
2931 2621 2959 2659 a
2996 2605 3205 2661 clericis
3236 2616 3288 2662 et
3316 2609 3451 2663 civi-

1887 2692 2011 2747 tatis
2041 2692 2369 2762 primoribus
2398 2695 2769 2765 episcoporum
2799 2697 3089 2752 electiones
3120 2700 3331 2765 tierent,
3357 2701 3453 2755 sed

1885 2783 2002 2839 istae
2039 2800 2182 2840 nunc
2209 2802 2236 2839 a
2272 2788 2701 2852 metropolitanis
2730 2798 2784 2844 et
2827 2792 3095 2859 episcopis
3127 2796 3449 2861 procedunt.

1889 2877 1958 2933 Ut
1987 2878 2336 2936 duodecimus
2366 2883 2555 2952 synodi
2594 2882 2939 2938 Laodicensis
2964 2900 3134 2939 canon
3159 2891 3365 2951 statuit,
3395 2900 3451 2943 et

1887 2971 2316 3029 undevicesimus
2361 2974 2731 3036 Antiochenzn.
2765 2988 2818 3031 et
2852 2978 2943 3031 alii
2988 2980 3163 3034 multi.
3206 2980 3285 3036 Ad
3323 2998 3449 3037 seu-
3524 2994 3527 2999 '

1885 3068 2107 3120 tentiam
2140 3067 2320 3137 itaque
2347 3068 2624 3123 ferendum
2654 3069 2737 3123 vel
2786 3084 2974 3125 omnes
3000 3072 3283 3144 episcopos
3312 3092 3448 3142 pra--

1883 3168 2065 3213 sentes
2097 3175 2239 3225 esse,
2273 3162 2355 3214 vel
2394 3174 2446 3213 et
2474 3164 2723 3217 absentes
2765 3158 2860 3231 per
2904 3166 3118 3220 iittcras
3169 3185 3449 3236 pra-scuti-

1882 3253 1982 3308 bus
2013 3255 2320 3310 consentire
2349 3270 2578 3324 (ηιινι-ιισι.

1881 3433 2100 3491 ARIST.
2141 3452 2159 3485 ι
2199 3433 2334 3487 Cum
2381 3434 2827 3500 metropdlitanus
2856 3436 3221 3497 constituitur,
3262 3440 3426 3486 ettauu

1934 3578 1943 3591 ο
2138 3541 2155 3574 ι
2196 3521 2355 3575 vicini
2382 3519 2617 3589 episcopi
2654 3531 2780 3573 sunt
2809 3521 3140 3575 accersendi.
3173 3540 3192 3572 ι

1948 3616 2080 3671 Cum
2137 3614 2581 3684 metropolitanus
2621 3624 2703 3665 est
2753 3614 3050 3681 eligendus,
3107 3630 3210 3668 non
3255 3630 3415 3670 omne

1881 3711 2190 3776 ubicunque
2237 3707 2365 3771 siut,
2414 3707 2662 3761 dimcesis
2696 3709 3051 3775 metropolitze
3100 3710 3167 3759 ad
3219 3709 3443 3762 electio-

1879 3815 1998 3854 ueu‘t
2035 3800 2151 3867 ejus
2184 3800 2541 3861 voeabuutur,
2574 3799 2664 3852 sed
2705 3799 2885 3853 vicini.
2920 3798 3053 3852 Illud
3087 3798 3232 3851 enim
3261 3809 3313 3852 et
3342 3801 3442 3851 im-

1880 3887 2135 3957 possibile
2157 3896 2239 3939 cst
2272 3887 2408 3946 fieri,
2450 3887 2494 3939 si
2531 3887 2829 3939 secundum
2864 3886 3160 3938 vicesinum
3195 3887 3438 3954 quintqu

1878 3977 2068 4047 synodi
2098 3976 2549 4030 Chalcedonensis
2579 3992 2842 4034 cntionem
2887 3979 3190 4030 vacantium
3225 3979 3440 4046 episco-

1877 4082 2092 4136 patuum
2125 4068 2492 4121 ordinationes
2527 4068 2663 4119 intra
2700 4078 2806 4121 tres
2844 4082 3053 4121 menses
3079 4068 3190 4121 fieri
3221 4070 3438 4121 debent.

1873 4248 2201 4304 ARIST.¢1u
2237 4264 2399 4317 parva
2428 4249 2559 4302 urbe
2588 4256 2642 4301 et
2667 4248 2801 4313 vico,
2829 4249 2913 4301 cui
2948 4248 3273 4300 etiam'unus
3297 4247 3443 4299 salii-

1952 4362 1970 4393 ι
2010 4342 2115 4397 ciat
2155 4344 2454 4412 presbyter,
2492 4343 2773 4411 epise0pus
2804 4355 2908 4395 non
2945 4340 3306 4393 constituitur.
3343 4341 3439 4393 Su

1950 4455 1968 4487 ι
2011 4438 2203 4505 populo
2235 4435 2663 4505 frequentissima
2689 4435 2758 4487 sit
2781 4434 2930 4495 urbs,
2966 4448 3069 4486 non
3103 4432 3432 4499 indignum.)

274 4537 387 4589 Οὐκ
410 4536 727 4603 ἀναγκαῖον,
765 4534 1026 4605 βραχείας
1057 4532 1226 4604 οὔσης
1249 4536 1349 4605 τῆς
1379 4534 1584 4597 πόλεως
1609 4533 1641 4603 ἢ
1666 4536 1768 4604 τῆς

1945 4530 2058 4584 Non
2095 4545 2313 4585 necesse
2340 4538 2443 4594 est,
2476 4531 2520 4583 si
2549 4529 2740 4598 exigua
2772 4529 2851 4581 sit
2889 4526 3081 4580 civitas
3118 4534 3213 4580 aut
3246 4540 3434 4593 pagus,

206 4627 422 4697 κώμης,
439 4628 496 4679 ἐν
577 4626 669 4679 καὶ
686 4619 769 4688 εἷς
798 4624 1171 4695 πρεσὸύτερος
1190 4628 1446 4695 ἐπαρκεῖ,
1469 4626 1769 4678 ἐπίσκοπον

204 4719 472 4786 γίνεσθαι,
506 4719 594 4770 ἵνα
634 4718 709 4789 μὴ
739 4717 1190 4786 κατευτελίζηται
1220 4716 1281 4769 τὸ
1321 4716 1415 4769 τοῦ
1460 4717 1768 4770 ἐπισκόπου

205 4810 559 4879 ὕνομα.Είδὲ
604 4812 700 4863 καὶ
741 4808 970 4879 βραχεῖα
1026 4808 1179 4871 πόλις
1233 4806 1767 4879 πολυανθρωποτὰτη

208 4904 438 4970 γένοιτο,
471 4902 573 4955 οὐκ
617 4903 845 4965 ἀπεικὸς
892 4902 988 4955 καὶ
1033 4903 1092 4953 ἐν
1140 4899 1278 4970 αὐτῇ
1316 4884 1767 4969 χειροτονηθῆναι

209 4996 520 5048 ἐπίσκοπον.

816 5081 1055 5135 ΚΔΝΩΝ
1092 5081 1164 5135 Z'.

223 5198 241 5230 ι
284 5178 468 5240 "Octo;
499 5176 795 5239 ἐπίσκοπος
844 5170 1036 5227 εἶπεν·
1087 5174 1150 5226 Ἦ
1197 5174 1426 5243 ἀκαιρία
1468 5172 1643 5242 ήμῶν,
1676 5174 1769 5225 καὶ

285 5273 374 5341 (ή
434 5270 602 5342 πολλὴ
658 5268 931 5339 συνέχεια,
983 5269 1077 5320 καὶ
1147 5268 1203 5321 αἱ
1275 5266 1451 5321 ἄδικοι
1513 5265 1767 5329 ἀξιώσεις

287 5387 304 5418 ι
346 5367 714 5436 πεποιήκασιν
764 5365 912 5433 ἡμᾶς
957 5361 1230 5430 τοσαύτην
1286 5360 1360 5430 μὴ
1401 5359 1548 5429 ἔχειν
1603 5360 1764 5429 χάριν

288 5482 302 5509 ι
347 5459 439 5512 καὶ
482 5457 816 5529 παρρησίαν,
886 5457 1016 5525 ὅσην
1082 5453 1370 5522 ὀφείλομεν
1433 5450 1759 5520 κεκτῆσθαι.

282 5570 298 5601 ι
344 5550 530 5603 Πολλοὶ
570 5550 678 5619 γὰρ
707 5548 814 5600 τῶν
846 5547 1162 5600 ἐπισκόπων
1192 5546 1252 5597 οὺ
1276 5542 1646 5595 διαλείπουσιν
1680 5544 1760 5604 είς

285 5663 301 5695 ι
341 5644 397 5695 τὸ
453 5640 813 5712 στρατόπεδον
863 5638 1323 5708 παραγενόμενοι,
1373 5636 1465 5686 καὶ
1524 5632 1760 5703 μάλιστα

290 5760 304 5788 ι
340 5738 387 5790 οἱ
420 5738 619 5805 Ἀφροι
641 5749 656 5764 ο
703 5733 926 5797 οἵτινες,
980 5730 1164 5792 καθὼς
1200 5727 1448 5795 ἔγνωμεν
1481 5724 1631 5795 παρὰ
1665 5724 1758 5776 τοῦ

292 5856 306 5885 ι
346 5829 625 5902 ἀγαπητοῦ
674 5826 904 5895 ἀδελφοῦ
966 5823 1123 5894 ήμῶν
1192 5823 1288 5874 καὶ
1357 5817 1760 5871 συνεπισκόπου

519 5931 787 5988 ιἈτιιοι.
833 5928 949 5984 tia.
993 5921 1090 5982 CX
1110 5914 1347 5978 XXVII.

1876 4626 1962 4679 ubi
1993 4634 2047 4677 et
2080 4639 2219 4677 unus
2252 4622 2529 4692 presbyter
2558 4620 2809 4684 suiliciat,
2841 4619 3153 4689 episcopum
3195 4618 3335 4681 fieri,
3370 4632 3436 4669 ne

1872 4715 2107 4785 episcopi
2138 4729 2333 4767 nomen
2354 4712 2512 4782 (parvi
2543 4711 2713 4765 fieret.
2746 4709 2801 4765 Si
2826 4711 3016 4778 exigua
3040 4718 3215 4763 autem
3240 4705 3437 4765 civitas

1871 4806 2285 4879 quamplurimis
2338 4805 2539 4873 repleta
2591 4805 2663 4858 sit
2714 4804 3044 4866 hominibus,
3096 4818 3201 4857 non
3248 4804 3437 4856 incon-

1871 4910 2065 4968 gruum
2095 4913 2178 4954 εει
2207 4909 2260 4952 ει
2291 4898 2343 4952 in
2376 4912 2439 4952 ea
2469 4896 2709 4951 ordinari
2744 4896 3079 4964 episc0pum.

2447 5071 2678 5129 CANON
2732 5071 2846 5125 VII.

1875 5189 1894 5223 ι
1935 5170 2095 5225 Osius
2129 5168 2414 5237 episcopus
2468 5165 2647 5219 dixit:
2696 5160 3082 5233 lmportunitas
3125 5168 3331 5223 nostra,
3378 5166 3435 5214 et.

1950 5284 1968 5315 ι
2006 5264 2167 5319 multa
2202 5263 2511 5321 assiduitas,
2546 5268 2599 5311 et
2640 5258 2853 5324 injustae
2881 5252 3266 5323 postulationes
3298 5251 3431 5307 cilc-

1950 5374 1969 5407 ι
2009 5362 2218 5417 cerunt,
2250 5363 2305 5404 ut
2335 5366 2429 5404 nos
2456 5364 2561 5401 non
2593 5347 2852 5400 habemus
2877 5352 3080 5396 tantam
3116 5342 3343 5411 gratiam
3373 5352 3431 5401 et

1946 5467 1964 5499 ι
2007 5446 2308 5501 libertatem
2341 5443 2572 5506 dicendi,
2623 5449 2877 5508 quantam
2911 5436 3107 5490 habere
3151 5436 3427 5488 debemus.

1942 5559 1962 5593 ι
2002 5540 2151 5594 Multi
2175 5537 2319 5592 enim
2348 5534 2584 5605 episcopi
2627 5547 2734 5584 non
2767 5527 3219 5582 intct'mittuutad
3254 5535 3428 5580 castra

1946 5649 1963 5680 ι
1999 5628 2275 5692 accedere,
2313 5640 2366 5679 et
2421 5625 2652 5678 maxime
2686 5619 2845 5686 Afri;
2902 5618 3013 5686 qui,
3074 5620 3427 5686 quemadmo-

1945 5744 1961 5775 ι
2004 5722 2127 5777 dum
2163 5720 2508 5791 cognovimus
2538 5732 2565 5769 a
2598 5716 2792 5769 dilecto
2846 5713 3008 5766 fratre
3043 5720 3227 5765 nostro
3256 5717 3312 5765 et
3340 5723 3431 5763 co-

1944 5836 1960 5867 ι
2000 5816 2250 5885 episcopo
2287 5814 2473 5880 Grato,
2502 5810 2769 5866 salutaria
2818 5805 3045 5864 consilia
3077 5821 3181 5859 nou
3227 5803 3421 5860 adluit-

2965 5901 3039 5962 46
