3958 6242
591 235 731 301 ΗΞιὸ

664 462 683 498 ι
714 459 908 499 conum
942 444 1141 498 mittat.
1176 462 1195 496 ι
1900 516 1904 519 Ι

576 535 811 595 ARIST.
858 554 877 587 ι
911 534 1022 590 Illis
1067 535 1161 605 qui
1212 536 1276 589 ad
1320 535 1613 592 Erelesiam
1665 540 1978 609 confugient
2016 558 2143 597 suc-

1070 646 1089 681 ι
1122 628 1452 683 currendum
1488 641 1591 687 est.
1631 650 1650 682 ι

648 722 966 791 Episcopum
998 719 1215 788 quidem
1267 736 1422 792 opem
1476 722 1620 778 ferre
1677 725 1937 794 orphanis
1969 736 2024 779 ct
2063 728 2138 780 vi-

574 816 696 868 duis
728 822 781 866 cl.
812 812 1089 881 oppressis
1119 813 1206 881 qui
1235 814 1301 865 ab
1332 812 1451 866 aliis
1479 825 1607 867 sunt
1642 815 1860 880 deserti,
1894 828 1950 869 ut
1984 830 2039 870 et
2068 818 2142 873 iis

573 905 663 969 qui
695 905 760 955 ad
787 902 1072 956 ecclesiam
1103 900 1423 971 confugiunt
1447 904 1515 958 ob
1577 916 1794 972 peccata
1856 921 2063 971 eorun't,
2088 918 2144 962 et

574 987 946 1042 misericordia
983 989 1243 1057 indigent,
1283 999 1337 1043 ct
1370 1006 1544 1060 regem
1578 1007 1676 1060 pro
1707 992 1828 1046 istis
1877 993 2049 1057 adire,
2086 1006 2141 1049 et

572 1094 758 1149 petere
791 1080 986 1149 injuria
1019 1082 1237 1149 quidem
1262 1081 1468 1135 all‘ectis
1494 1083 1774 1148 ultionem,
1804 1087 1898 1139 sed
1940 1086 2009 1139 ob
2031 1090 2138 1141 cri-

571 1188 693 1226 men
737 1172 953 1242 aliquod
1006 1174 1380 1228 condemnatis
1435 1173 1846 1243 indulgentiam,
1899 1193 2136 1246 pra-setis

530 1281 739 1320 canon
796 1266 971 1334 jubet.
1021 1268 1091 1320 At
1147 1266 1430 1335 episcopos
1481 1268 1550 1320 ob
1598 1267 1900 1323 istiusmodi
1944 1285 2133 1326 causas

566 1372 694 1412 suas
720 1356 1026 1426 relinquere
1052 1356 1333 1420 ecclesias,
1363 1368 1416 1411 et
1445 1360 1511 1410 ad
1539 1369 1715 1412 castra
1751 1360 1847 1424 ire,
1896 1360 1977 1414 vel
2007 1361 2128 1416 alibi

567 1449 655 1503 ubi
684 1449 979 1516 imperator
1000 1457 1174 1513 est,et
1194 1448 1259 1503 de
1291 1447 1483 1502 talibus
1511 1450 1795 1504 tumultum
1827 1449 2023 1513 facere,
2045 1463 2131 1504 ut-

565 1552 690 1609 pote
719 1541 859 1609 quod
896 1556 926 1594 a
964 1540 1150 1594 multis
1193 1539 1670 1608 reprehensionem
1726 1552 1780 1595 et
1832 1543 2125 1595 convitium

564 1631 716 1686 aiIert
749 1632 1040 1702 episcopis,
1067 1646 1170 1686 non
1198 1632 1463 1701 permittit
1492 1630 1631 1686 ﬁeri.
1664 1631 1771 1686 Sed
1823 1648 1916 1701 per
1944 1633 2125 1688 diaco-

564 1740 663 1779 nos
703 1740 831 1777 suos
848 1724 1121 1779 desideria
1149 1726 1215 1777 ad
1255 1738 1432 1791 regem
1458 1723 1597 1776 mitti
1639 1725 1851 1777 statuit.

561 1907 858 1961 ἐπιτάττει.

1145 1992 1373 2050 CANON
1398 1995 1535 2051 Vlll.

562 2108 582 2142 ι
611 2087 1059 2159 Quandoquidem
1093 2087 1269 2141 visum
1304 2097 1409 2150 est,
1473 2102 1541 2142 ne
1598 2086 1797 2157 aliquis
1843 2089 2129 2159 episcopus

631 2199 651 2233 ι
690 2181 744 2235 in
785 2180 1290 2235 condemnationem
1336 2178 1532 2233 incidat
1567 2182 1632 2232 ad
1651 2190 1826 2233 castra
1883 2180 2126 2246 veniens,

639 2290 659 2325 ι
692 2272 737 2327 si
765 2274 857 2342 qui
889 2286 1080 2325 eorum
1125 2271 1259 2326 tales
1286 2269 1518 2324 habeant
1551 2272 1959 2341 postulationes,
1992 2289 2127 2343 qua-

619 2382 649 2414 .t
692 2364 823 2416 lium
869 2362 1123 2431 superius
1158 2361 1524 2427 meminimus,
1560 2375 1655 2428 per
1684 2362 1961 2432 proprium
2016 2364 2119 2417 mi-

628 2454 907 2508 cuistrum
935 2461 1218 2522 peragant.
1273 2440 1506 2506 Ministri
1548 2452 1692 2507 enim
1734 2468 1964 2521 persona
2006 2470 2114 2509 non

624 2565 647 2596 «ι
684 2556 769 2599 est
806 2544 1093 2606 invidiosa,
1145 2554 1200 2597 et
1225 2558 1346 2612 qua:
1376 2546 1631 2597 mandata
1696 2543 1909 2600 fuerint
1965 2547 2127 2602 citius

627 2658 647 2689 ι
680 2639 823 2692 ferre
877 2636 1097 2706 poterit.
1155 2635 1575 2705 Responderunt
1619 2650 1859 2693 omnes:
1906 2638 1969 2692 Et
2023 2639 2126 2694 hoc

624 2750 642 2779 ι
675 2743 889 2796 quoqtte
921 2727 1306 2781 constituatur.
1355 2743 1374 2775 ι

620 2819 814 2874 BALS.
845 2817 1099 2872 Praaseus
1128 2832 1343 2888 quoque
1362 2833 1538 2872 canon
1591 2821 1778 2876 eadem
1815 2834 1937 2876 cum
1989 2835 2123 2891 pra:-

548 2916 774 2965 oetieute
808 2910 1021 2974 statuit,
1056 2908 1341 2977 adjicieus,
1382 2924 1485 2963 nou
1548 2925 1646 2981 per
1694 2911 1994 2982 episcopos,
2025 2913 2123 2970 sed

546 3000 934 3075 etmt'diaconis
977 3014 1161 3053 eorum
1211 3001 1352 3067 apud
1410 3000 1768 3069 imperatores
1828 3005 2121 3073 petitiones

551 3098 734 3166 peragi
754 3097 969 3150 debere.
991 3094 1257 3150 Diaconos
1277 3104 1454 3148 autem
1488 3096 1575 3152 hic
1600 3112 1668 3152 ne
1684 3097 1834 3152 dicas
1854 3113 1972 3153 esse
2007 3114 2121 3166 eos,

1834 241 1940 304 TH
1952 243 2114 306 EOD.
2157 244 2551 313 BALSAMON

661 372 681 406 ι
715 361 860 406 testu
906 351 959 406 in
990 350 1187 407 castris
1212 364 1319 405 non
1348 358 1620 419 versetur,
1653 354 1749 410 sed
1789 358 1969 427 potius
2021 360 2139 413 tlia-
2171 373 2213 423 Α

2165 1729 2206 1782 Β
2236 1733 2442 1802 ἐπάγον
2471 1742 2621 1802 παρὰ
2649 1740 2760 1793 τῶν
2802 1743 3014 1797 πολλῶν
3048 1749 3163 1809 τοῖς
3204 1750 3493 1815 ἐπισκόποις
3541 1755 3685 1822 μέμψιν

562 1814 656 1869 καὶ
686 1814 978 1885 λοιδορίαν,
1013 1814 1073 1867 οὑ
1104 1816 1383 1884 συγχωρεῖ
1409 1813 1680 1884 γίνεσθαι.
1717 1813 1876 1868 Ἀλλὰ
1893 1815 1981 1870 διὰ
2006 1820 2114 1870 τῶν
2152 1819 2300 1876 ἰδίων
2329 1826 2598 1883 διακόνων

2319 384 2336 415 ι
2384 352 2513 435 οὖχῖ
2552 369 2619 437 τῇ
2674 367 2902 439 τοιαύτῃ
2955 373 3220 441 προφάσει
3273 377 3510 452 διατρίψει
3557 392 3618 453 είς
3654 399 3695 447 τὸ

2331 474 2348 501 ι
2399 458 2787 525 στρατόπεδον,
2809 460 2946 513 ἀλλά
2964 462 3163 532 μᾶλλον
3189 466 3416 525 διάκονον
3432 477 3692 538 στέλλοιτο.»

2248 545 2471 600 ΑΡΙΣΤ.
2530 564 2548 597 t
2594 548 2717 612 Τοῖς
2747 551 2841 603 ἐπὶ
2886 552 2985 622 τὴν
3022 552 3331 628 Ἐκκλησίαν
3381 572 3694 639 προσφεύγουσι

2812 661 2831 692 ι
2866 644 3178 716 βοηθητέον.
3213 668 3231 701 t

2319 730 2393 782 Τὸ
2429 730 2529 800 μὲν
2571 733 3064 804 ἀντιλαμϐάνεσθαι
3097 740 3185 793 τὸν
3212 743 3477 801 ἐπίσκοπον
3506 752 3693 822 ὀρφανῶν
3750 788 3756 799 α

2245 821 2341 871 καὶ
2367 822 2573 890 χηρῶν,
2608 824 2700 875 καὶ
2723 825 3111 894 ἀπεριστάτων
3142 830 3466 904 βιαζομένων,
3493 842 3690 911 ὡσαύτως

2241 908 2297 961 δὲ
2332 912 2567 964 καὶτῶν
2624 915 2705 978 εἰς
2754 914 2853 982 τὴν
2894 918 3187 986 ἐκκλησίαν
3231 908 3693 995 καταφευγόντων

2240 1002 2309 1054 τὰ
2341 1003 2521 1056 αὐτῶν
2552 1005 2952 1077 ἁμαρτήματα,
2988 1010 3078 1061 καὶ
3111 1010 3364 1080 δεομένων
3407 1024 3689 1090 συμπαθείας,

2238 1096 2332 1145 καὶ
2356 1096 2760 1165 προσέρχεσθαι
2791 1099 2920 1168 περὶ
2940 1101 3120 1154 αὐτῶν
3144 1105 3217 1173 τῷ
3238 1105 3448 1175 βασιλεῖ,
3471 1114 3547 1165 καὶ
3568 1120 3689 1169 αἰτεῖν

2236 1188 2350 1275 τοῖς
2389 1186 2489 1255 μὲν
2524 1189 2904 1257 ἀδικουμένοις
2935 1192 3230 1262 ἐκδίκησιν,
3260 1201 3364 1262 τοῖς
3404 1201 3454 1253 δὲ
3494 1222 3688 1275 κατακρι.

2236 1274 2374 1328 θεῖσι
2397 1276 2486 1330 διά
2511 1294 2563 1329 τι
2598 1281 2846 1349 πταῖσμα
2870 1285 3281 1354 συγχώρησιν,ό
3300 1292 3469 1361 παρὼν
3486 1274 3688 1364 προστάτ-

2231 1383 2313 1418 τει
2341 1366 2543 1422 κανών.
2584 1372 2657 1423 Τὸ
2685 1372 2744 1425 δὲ
2771 1373 2861 1427 διὰ
2887 1377 2985 1439 τάς
3015 1378 3267 1443 τοιαύτας
3294 1385 3454 1450 αἰτίας
3481 1388 3582 1451 τοὺς
3603 1391 3687 1442 ἑπ-

2233 1458 2470 1522 σκόπους
2502 1463 2601 1526 τὰς
2636 1464 2851 1519 ἑαυτῶν
2882 1471 3313 1540 καταλιμπάνειν
3342 1478 3604 1548 ἐκκλησίας,
3627 1484 3690 1535 καὶ

2228 1548 2572 1620 ἀπέρχεσθαι
2599 1556 2678 1619 εἰς
2706 1555 2766 1608 τὸ
2792 1561 3182 1627 στρατόπεδον,
3227 1564 3257 1635 ἥ
3308 1565 3530 1638 ἀλλαχοῦ,
3552 1570 3687 1624 ἔνθαὸ

2234 1638 2494 1708 βασιλεύς
2530 1645 2669 1711 ἐστι,
2703 1647 2801 1700 καὶ
2853 1648 3030 1718 ὀχλεῖν
3096 1654 3225 1724 περὶ
3254 1656 3355 1711 τῶν
3384 1660 3608 1725 τοιούτων,
3635 1662 3684 1724 ὡς

2659 1833 2758 1896 τὰς
2818 1834 3033 1906 δεήσεις
3098 1838 3393 1894 στέλλεσθαι
3439 1842 3527 1912 τῷ
3543 1842 3686 1911 βασιλεῖ

3787 1232 3789 1323 ι

3786 1542 3789 1707 |

3786 1924 3789 2093 ί

2831 2010 3076 2066 ΚΑΝΩΝ
3136 2012 3215 2072 H'.

2233 2110 2256 2143 ι
2314 2093 2537 2166 Ἐπειδὴ
2562 2094 2711 2161 ἔδοξε
2745 2097 2836 2151 διὰ
2858 2100 2919 2152 τὸ
2949 2103 3026 2172 μὴ
3062 2103 3279 2158 πίπτειν
3306 2106 3403 2159 ὑπὸ
3430 2109 3684 2175 κατάγνωσίν

2309 2203 2327 2236 ι
2369 2202 2492 2241 τινα
2521 2188 2633 2242 τῶν
2656 2190 2974 2246 ἐπισκόπων
2998 2195 3390 2267 ἀφικνούμενον
3413 2201 3483 2263 εἰς
3512 2201 3558 2253 τὸ
3576 2219 3683 2270 στρα-

2302 2295 2322 2329 ι
2367 2278 2613 2341 τόπεδον,
2628 2281 2683 2333 εί
2701 2299 2846 2347 τινες
2868 2284 3052 2339 αὐτῶν
3085 2288 3334 2354 τοιαύτας
3354 2289 3506 2360 ἔχοιεν
3521 2291 3682 2361 δεήσεις.

2301 2383 2321 2417 ι
2378 2368 2507 2422 οἴων
2534 2370 2720 2427 ἐπάνω
2748 2374 3201 2447 ἐπεμνήσθημεν,
3251 2378 3335 2431 διὰ
3360 2381 3476 2433 ἰδίου
3512 2381 3680 2432 διακόνου

2302 2479 2319 2513 ι
2365 2462 2761 2523 ὲπιστέλλοιεν.
2784 2467 2958 2522 Τοῦτο
3007 2471 3121 2540 γὰρ
3181 2471 3438 2541 ὑπηρέτου
3485 2472 3532 2525 τὸ
3569 2474 3679 2541 πρός·

2301 2570 2322 2605 t
2365 2572 2513 2608 ωπον
2537 2558 2636 2610 οὐκ
2666 2558 2956 2628 ἐπίφθονον
2982 2562 3271 2631 τυγχάνει,
3300 2563 3388 2615 καὶ
3416 2565 3473 2616 τὰ
3491 2578 3679 2629 παρασχε-

2304 2660 2323 2695 t
2367 2641 2647 2715 θησόμενα
2709 2646 2902 2702 θᾶττον
2977 2649 3389 2719 διακομισθῆναι
3462 2653 3672 2721 δυνήσεται.

2303 2753 2324 2787 τ
2378 2736 2771 2808 ’Λπεκρίναντο
2821 2742 3022 2806 πάντες
3046 2761 3064 2777 ·
3102 2744 3212 2796 Καὶ
3239 2744 3389 2797 τοῦτο
3430 2744 3669 2815 όριζέσθω.»

2297 2827 2493 2883 ΒΑΛΣ.
2537 2831 2647 2884 Καὶ
2682 2834 2711 2885 ὁ
2741 2832 2932 2904 παρὼν
2963 2833 3149 2889 κανὼν
3192 2838 3257 2891 τὰ
3281 2837 3412 2890 αὐτὰ
3431 2837 3495 2905 τῷ
3524 2836 3595 2903 πρὸ
3608 2834 3665 2884 αὑ·

2224 2919 2323 2972 τοῦ
2354 2920 2622 2988 θεσπίζει,
2674 2925 3104 2996 προστιθέμενος
3141 2929 3218 2999 μὴ
3262 2929 3346 2983 διὰ
3387 2929 3484 2981 τῶν
3532 2924 3658 2978 ἐπεσκί-

2227 3025 2368 3076 πων,
2403 3013 2540 3067 ἀλλὰ
2572 3018 2710 3084 μετὰ
2739 3017 3002 3072 διακόνων
3034 3022 3137 3083 τὰς
3188 3021 3325 3089 πρὸς
3374 3023 3483 3082 τοὺς
3511 3015 3657 3087 βασι)εῇ

2225 3104 2493 3169 ἐντεύξεις
2524 3107 2703 3161 αὐτῶν
2741 3110 3013 3177 γίνεσθαι.
3041 3114 3336 3176 Διακόνους
3363 3112 3413 3165 δὲ
3438 3110 3602 3165 ἑνττὺθι
3620 3107 3665 3171 μὴ

548 3179 641 3258 qui
661 3186 891 3242 ordinati
928 3196 1074 3253 sunt,
1102 3187 1194 3241 sed
1216 3185 1533 3256 simpliciter
1562 3203 1749 3244 servos
1774 3200 1846 3244 :et
1861 3191 2119 3259 quoslibet

2225 3197 2352 3261 τοὺς
2416 3204 2967 3271 κεχειροτονημένους
3018 3206 3203 3277 εἴπῃς.
3259 3206 3388 3259 ἀλλά
3425 3204 3523 3264 τοὺς
3549 3197 3664 3255 ἁπλῶς

2146 3278 2191 3337 C
2224 3286 2520 3354 δουλευτὰς
2546 3294 2642 3345 καὶ
2685 3293 3067 3364 οἰουσδήτινας
3097 3298 3393 3369 ὑπηρέτας.

545 3277 847 3332 ministros.

613 3367 864 3422 ZONAR.
896 3367 952 3422 Si
983 3367 1106 3438 quis
1138 3383 1286 3431 vero,
1331 3369 1524 3439 inquit,
1560 3384 1627 3425 ex
1656 3371 1923 3441 episcopis
1968 3388 2103 3428 cau-

543 3476 632 3515 sas
687 3459 1010 3528 deprecandi
1066 3458 1298 3514 habeant
1361 3461 1677 3530 ejusmodi,
1740 3464 1928 3531 quales
1986 3474 2113 3520 ante

541 3550 1128 3626 commemoravimus;
1193 3559 1250 3604 ut
1278 3551 1345 3606 iis
1400 3552 1629 3617 scilicet,
1683 3553 1772 3621 qui
1826 3568 1921 3622 per
1971 3555 2111 3622 inju-

543 3643 680 3695 riam
722 3640 857 3694 laetlu
904 3656 988 3705 ur,
1044 3625 1207 3710 quive
1259 3642 1621 3710 potentiorum
1674 3644 1867 3713 opibus
1925 3645 2112 3715 oppri-

543 3742 784 3797 utuntur,
838 3732 921 3786 vel
956 3732 1048 3801 qui
1102 3732 1171 3786 ob
1218 3733 1459 3802 aliquem
1496 3736 1708 3804 peccati
1755 3736 1961 3804 lapsum
2013 3738 2112 3793 da-

542 3828 709 3881 mnati
742 3837 888 3892 sunt,
922 3826 1288 3897 cpitulentur;
1321 3841 1492 3897 neque
1525 3842 1650 3881 vero
1679 3823 2110 3898 reprehensionis

545 3920 778 3973 vitanda:
820 3934 983 3973 causa
1008 3918 1109 3987 ipsi
1141 3918 1195 3973 in
1218 3929 1398 3973 castra
1431 3919 1701 3988 proﬁcisci
1750 3921 1952 3984 velint;
1982 3937 2111 3977 suos

540 4011 818 4064 tuitttstros
840 4011 1083 4065 mittant.
1115 4009 1347 4065 Ministri
1411 4026 1644 4080 namque
1685 4027 1916 4081 persona
1969 4015 2108 4068 invi-

539 4104 691 4158 diosa
724 4116 834 4157 non
867 4111 976 4160 est.
1004 4099 1121 4156 Nec
1160 4102 1307 4155 enim
1370 4103 1686 4172 quisquam,
1745 4105 1943 4173 inquit,
2000 4106 2107 4160 mi-

539 4195 712 4249 nistro
744 4192 824 4247 vel
872 4194 1097 4248 diacono
1133 4194 1185 4247 in
1213 4196 1411 4249 castris
1448 4194 1708 4260 moranti,
1748 4196 2108 4265 quemadmo-

538 4285 667 4339 dum
696 4285 947 4355 episeopo
978 4285 1104 4339 illuc
1130 4285 1371 4351 abeunti,
1432 4287 1807 4342 succensebit:
1849 4296 1958 4342 tum
2006 4289 2110 4343 int-

537 4378 809 4447 peratoris
833 4378 1029 4432 littera:
1058 4392 1252 4431 noxam
1309 4379 1697 4441 condonantes,
1753 4389 1848 4434 aut
1906 4380 2105 4451 aliquid

536 4470 804 4539 ejusmodi
829 4471 1194 4534 continentes,
1223 4469 1421 4526 deferri
1456 4485 1551 4540 per
1605 4472 1890 4526 diaconum
1945 4488 2104 4542 quam

535 4561 819 4617 celerrime
840 4571 1126 4631 poterunt.

1139 4650 1366 4709 CANON
1406 4651 1501 4710 IX.

540 4728 565 4797 ι’
600 4748 656 4802 Si
681 4754 1049 4817 cujuscunque
1075 4748 1366 4819 provinciae
1397 4749 1738 4818 episcopi~ad
1777 4748 2012 4805 fratrem
2049 4759 2102 4806 et

558 4906 568 4919 .
613 4860 630 4890 ι
661 4843 1040 4909 coepiscopum
1073 4854 1252 4905 suum,
1280 4845 1370 4907 qui
1402 4848 1484 4894 est
1525 4841 1575 4893 in
1610 4841 1800 4909 majori
1859 4842 2098 4907 civitate,

610 4952 629 4984 ι
670 4937 772 4987 hoc
799 4944 900 4996 est,
934 4934 985 4986 in
1042 4932 1353 5000 metropoli,
1395 4932 1614 4986 mittant
1663 4932 2098 5001 supplicationes,

608 5041 627 5074 ι
665 5026 709 5076 is
739 5034 792 5076 et
814 5024 1122 5076 ministrum
1153 5037 1309 5076 suum
1341 5032 1395 5077 et
1439 5024 1868 5092 supplicationes
1900 5027 2099 5090 mittat,

611 5133 629 5164 ι
665 5114 799 5168 dans
826 5116 874 5169 ei
911 5113 1388 5169 commendatitias
1420 5129 1637 5182 quoque
1672 5114 1901 5178 litteras,
1961 5119 2100 5171 scri-

612 5224 630 5257 t
665 5210 795 5260 bons
832 5206 1038 5261 scilicet
1069 5221 1163 5275 per
1191 5208 1635 5273 consequentiam
1672 5208 1833 5260 etiam
1885 5207 1952 5260 ad
1992 5207 2101 5260 {ra-

611 5318 631 5352 t
671 5309 781 5354 tres
813 5301 1159 5368 coepiscopos
1189 5306 1425 5363 nostros,
1461 5301 1552 5367 qui
1613 5298 1703 5351 illo
1752 5310 1988 5368 tempore
2039 5299 2095 5353 iu

608 5410 628 5444 τ
668 5392 800 5445 locis
825 5391 908 5445 vel
959 5391 1181 5445 urbibus
1206 5401 1387 5459 agant,
1411 5388 1463 5442 in
1489 5390 1685 5458 quibus
1710 5390 2004 5458 imperator
2036 5392 2086 5444 in

518 5476 521 5477 ν
610 5500 630 5536 s
657 5482 844 5552 primis
868 5482 985 5552 pius
1001 5481 1673 5550 rempublicamgubernat.
1694 5480 1749 5533 Si
1788 5482 1910 5549 quis
1932 5479 2094 5552 495

610 5594 630 5629 ι
660 5587 837 5631 autem
862 5578 1149 5647 episcopus
1183 5578 1345 5632 habet
1377 5576 1580 5631 amicos
1620 5576 1673 5629 in
1707 5575 1825 5629 aula
1887 5578 2090 5644 palatii,

610 5685 631 5721 ι
653 5675 707 5723 et
742 5668 867 5722 velit
898 5669 1096 5739 aliquid
1128 5669 1269 5739 quod
1300 5668 1370 5724 sit
1419 5671 1704 5726 honestum
1757 5676 1813 5725 et
1870 5667 2084 5737 justum

2131 4631 2176 4685 Β

2289 3378 2536 3434 ΖΩΝΑΡ.
2567 3380 2628 3433 Εἰ
2656 3381 2713 3433 δέ
2745 3399 2914 3449 τινες,
2939 3387 3102 3454 φησὶ,
3134 3386 3239 3440 τῶν
3266 3385 3534 3439 ἐπισκόπων
3550 3377 3664 3432 comic

2220 3485 2318 3532 τας
2377 3469 2553 3539 ἔχοιεν
2609 3471 2847 3543 δεήσεις,
2910 3475 3040 3528 οἴων
3104 3479 3358 3547 ἀνωτέρω
3400 3473 3663 3545 ὲμνήτθημενν

2218 3559 2390 3630 ἤγουν
2412 3562 2505 3613 ἐπὶ
2531 3561 2755 3634 βοηθείᾳ
2775 3564 3173 3637 ἀδικουμένων,
3201 3570 3293 3621 καὶ
3318 3566 3664 3619 καταδυναστευο-

2220 3653 2417 3721 μένων,
2448 3652 2480 3723 ἢ
2512 3653 2601 3706 διὰ
2624 3656 2941 3726 πταίσματα
2967 3659 3428 3732 κατακριθέντων,
3449 3658 3523 3709 καὶ
3543 3653 3600 3705 iv:
3618 3648 3662 3718 μὴ

2218 3743 2758 3811 καταγινώσκωνται,
2801 3749 2863 3799 οὐ
2894 3747 3183 3818 βούλονται
3247 3751 3539 3822 ἀπέρχεσθαι
3561 3747 3613 3805 εἰς
3630 3742 3665 3791 τδ

2218 3837 2601 3906 στρατόπεδον,
2643 3838 2928 3903 διακόνους
2961 3844 3203 3907 οἰκείους
3258 3832 3664 3914 πεμπέτωσαν.Τοῦ

2216 3927 2325 3994 γὰρ
2356 3925 2632 3996 ὑπηρέτου
2668 3929 2726 3980 τὸ
2755 3931 3048 4001 πρόσωπον
3068 3936 3170 3988 οὐκ
3185 3936 3451 4003 ἐπίφθονον
3475 3927 3664 3997 τυγχάνει-

2215 4016 2349 4070 Οὑδὲ
2376 4018 2483 4088 γὰρ
2527 4019 2822 4089 μέμψεται,
2851 4024 3009 4090 φησι,
3048 4027 3136 4087 τὶς
3161 4025 3236 4095 τῷ
3270 4025 3488 4096 ὑπηρέτῃ
3515 4021 3597 4089 ἢτοι
3619 4010 3663 4079 τί

2213 4108 2443 4179 διακόνῳ
2488 4109 2818 4182 διατρίϐοντι
2884 4116 2942 4165 ὲν
2981 4118 3350 4187 στρατοπέδῳ,
3381 4116 3444 4177 ὠς
3481 4107 3665 4179 μέμψεται

2211 4198 2290 4269 τῷ
2324 4200 2610 4273 ἑπισκόπῳ
2640 4207 2759 4257 ἐκεῖ
2786 4206 3100 4272 ἀπελθόντι,
3140 4209 3233 4262 καὶ
3279 4210 3341 4261 τὰ
3371 4208 3497 4275 παρὰ
3516 4200 3582 4253 τοῦ
3605 4194 3664 4265 βα·

2214 4290 2408 4356 σιλέως
2434 4293 2776 4365 δοθησόμενα
2799 4298 3110 4368 γράμματα
3161 4301 3242 4363 εἰς
3270 4298 3564 4368 συγχώρησιν
3585 4291 3664 4343 iw;

2212 4383 2321 4437 τῶν
2346 4387 2713 4453 πταισάντων,
2746 4389 2779 4461 ἦ
2812 4390 2976 4461 ἕτερα
3016 4393 3320 4463 οίαδήτινα,
3357 4387 3580 4455 συντόμως
3607 4392 3662 4427 ’ω’

2214 4476 2472 4547 μισθῆναι
2501 4478 2591 4533 διά
2624 4480 2717 4533 τοῦ
2747 4483 2996 4536 διακόνου
3032 4487 3341 4556 δυνήσεται.

2816 4666 3055 4719 ΚΑΝΩΝ
3087 4668 3164 4721 Θ’.

2213 4771 2232 4805 ι
2291 4753 2417 4809 Ἐὰν
2448 4755 2833 4826 οίασδηποτοῦν
2856 4760 3129 4829 ἐπαρχίας
3155 4759 3422 4811 ἐπίσκοποι
3437 4748 3545 4820 πρὸς
3561 4734 3658 4794 ἀδελ·

2285 4864 2303 4896 ι
2348 4844 2446 4913 φδν
2492 4849 2588 4900 καὶ
2659 4848 3056 4900 συνεπίσκοπον
3119 4838 3323 4901 ἑαυτῶν
3381 4831 3657 4933 ἀποστέλλοξεῖ

2286 4955 2306 4989 ί
2351 4937 2590 5008 δεήσεις,
2625 4942 2652 4992 ὁ
2686 4941 2743 4991 ὲν
2771 4943 2836 5011 τῇ
2868 4942 3077 5010 μείζονι
3106 4940 3378 5011 τυγχάνων
3407 4932 3545 4990 πόλει,
3564 4931 3641 5011 τηυξ

2282 5047 2299 5079 ι
2341 5027 2458 5080 ἔστι
2488 5031 2552 5099 τῇ
2583 5032 2945 5100 μητροπόλει,
2973 5032 3136 5095 αὐτὸς
3164 5034 3254 5085 καὶ
3278 5032 3362 5083 τὸν
3384 5026 3579 5079 διάκονον
3596 5009 3657 5108 αῧς

2278 5137 2297 5169 t
2340 5120 2434 5172 τοῦ
2464 5122 2558 5173 καὶ
2584 5121 2681 5184 τὰς
2710 5121 2924 5188 δεήσεις
2954 5124 3295 5187 ἀποστέλλω,
3332 5121 3544 5189 παρέχων
3561 5105 3653 5166 αὐτῷ

2278 5228 2296 5261 ι
2338 5212 2433 5263 καὶ
2483 5213 2816 5276 συστατικὰς
2865 5215 3180 5281 ἐπιστολὰς,
3244 5216 3447 5284 γράφων
3490 5197 3651 5272 δηλονέτί

2280 5323 2297 5352 ι
2344 5305 2486 5356 κατά
2517 5306 2844 5362 ἀκολουθίαν
2881 5312 2973 5362 καὶ
3007 5309 3150 5380 πρὸς
3199 5312 3319 5371 τοὺς
3363 5298 3574 5369 ἀδελφοὺς
3598 5284 3650 5383 κξὶ

2279 5414 2296 5444 ι
2350 5398 2780 5461 συνεπισκόπους
2839 5400 3014 5471 ἡμῶν,
3068 5402 3265 5462 οἵτινες
3318 5402 3370 5451 ὲν
3429 5390 3647 5453 ἐκείνιξίτῳ

2282 5504 2299 5535 ι
2358 5487 2537 5558 καιρῷ
2564 5490 2619 5541 ὲν
2646 5493 2756 5553 τοῖς
2786 5493 2968 5556 τόποις
2992 5493 3026 5561 ἢ
3060 5496 3117 5548 ἐν
3148 5497 3264 5556 ταῖς
3289 5492 3455 5546 πόλεσι
3476 5484 3643 5545 διάγοιεν

2285 5596 2301 5626 ι
2346 5580 2403 5628 ἑν
2446 5573 2534 5640 αἷς
2586 5581 2635 5639 ὁ,
2678 5581 3067 5647 εὐσεϐέστατος
3113 5584 3353 5655 βασιλεὺς
3405 5580 3462 5632 τά
3496 5568 3639 5642 inii"

2248 5736 2251 5741 Ι
2282 5687 2300 5720 t
2350 5669 2647 5739 πράγματα
2673 5671 3060 5745 διακκιδερνᾷ.
3095 5678 3153 5731 Εἰ
3181 5678 3231 5730 δὲ
3252 5676 3355 5746 ἔχοι
3378 5688 3451 5733 τις
3474 5665 3557 5718 τῶν
3577 5659 3637 5708 ἐπ’
