  <div class='ocr_page' id='page_1' title='image "/cluster/home/n/w/nwhite01/storage/ocr_20150623/137/hvd.32044073502536/778.png"; bbox 0 0 3958 6242; ppageno 0'>
   <div class='ocr_carea' id='block_1_1' title="bbox 284 312 423 378">
    <p class='ocr_par' dir='ltr' id='par_1_1' title="bbox 284 312 423 378">
     <span class='ocr_line' id='line_1_1' title="bbox 284 312 423 378; baseline -0.014 -1"><span class='ocrx_word' id='word_1_1' title='bbox 284 312 423 378; x_wconf 66' lang='grc' dir='ltr'><strong>Ῑιὶὃτ</strong></span> 
     </span>
    </p>
   </div>
   <div class='ocr_carea' id='block_1_2' title="bbox 364 510 1849 583">
    <p class='ocr_par' dir='ltr' id='par_1_2' title="bbox 364 510 1849 583">
     <span class='ocr_line' id='line_1_2' title="bbox 364 510 1849 583; baseline -0.003 -16"><span class='ocrx_word' id='word_1_2' title='bbox 364 542 381 567; x_wconf 77' lang='grc' dir='ltr'><strong>ι</strong></span> <span class='ocrx_word' id='word_1_3' title='bbox 425 518 569 569; x_wconf 88' lang='grc' dir='ltr'>λοιτο</span> <span class='ocrx_word' id='word_1_4' title='bbox 632 513 759 583; x_wconf 86' lang='grc' dir='ltr'>περί</span> <span class='ocrx_word' id='word_1_5' title='bbox 812 529 979 577; x_wconf 89' lang='grc' dir='ltr'>τινος,</span> <span class='ocrx_word' id='word_1_6' title='bbox 1038 513 1177 581; x_wconf 85' lang='grc' dir='ltr'>ὅπερ</span> <span class='ocrx_word' id='word_1_7' title='bbox 1237 510 1696 581; x_wconf 78' lang='grc' dir='ltr'><strong>πρεπωδέστερον</strong></span> <span class='ocrx_word' id='word_1_8' title='bbox 1737 512 1849 579; x_wconf 82' lang='grc' dir='ltr'>είη,</span> 
     </span>
    </p>
   </div>
   <div class='ocr_carea' id='block_1_3' title="bbox 353 589 1850 675">
    <p class='ocr_par' dir='ltr' id='par_1_3' title="bbox 353 589 1850 675">
     <span class='ocr_line' id='line_1_3' title="bbox 353 589 1850 675; baseline -0.001 -16"><span class='ocrx_word' id='word_1_9' title='bbox 353 589 390 659; x_wconf 46' lang='grc' dir='ltr'><strong>ἰ</strong></span> <span class='ocrx_word' id='word_1_10' title='bbox 448 608 701 673; x_wconf 81' lang='grc' dir='ltr'>ἀξιῶσαι,</span> <span class='ocrx_word' id='word_1_11' title='bbox 739 605 814 675; x_wconf 79' lang='grc' dir='ltr'><strong>μή</strong></span> <span class='ocrx_word' id='word_1_12' title='bbox 838 605 1103 660; x_wconf 85' lang='grc' dir='ltr'>κωλύοιτο</span> <span class='ocrx_word' id='word_1_13' title='bbox 1130 604 1218 658; x_wconf 74' lang='grc' dir='ltr'>διὰ</span> <span class='ocrx_word' id='word_1_14' title='bbox 1243 602 1338 657; x_wconf 79' lang='grc' dir='ltr'>τοῦ</span> <span class='ocrx_word' id='word_1_15' title='bbox 1374 604 1570 658; x_wconf 77' lang='grc' dir='ltr'>ἑαυτοῦ</span> <span class='ocrx_word' id='word_1_16' title='bbox 1600 604 1850 659; x_wconf 87' lang='grc' dir='ltr'>διακόνου</span> 
     </span>
    </p>
   </div>
   <div class='ocr_carea' id='block_1_4' title="bbox 376 695 1852 769">
    <p class='ocr_par' dir='ltr' id='par_1_4' title="bbox 376 695 1852 769">
     <span class='ocr_line' id='line_1_4' title="bbox 376 695 1852 769; baseline -0.001 -18"><span class='ocrx_word' id='word_1_17' title='bbox 376 719 393 750; x_wconf 79' lang='grc' dir='ltr'><strong>ι</strong></span> <span class='ocrx_word' id='word_1_18' title='bbox 449 700 544 751; x_wconf 76' lang='grc' dir='ltr'><strong>καὶ</strong></span> <span class='ocrx_word' id='word_1_19' title='bbox 576 698 810 762; x_wconf 82' lang='grc' dir='ltr'>ἀξιῶσαι</span> <span class='ocrx_word' id='word_1_20' title='bbox 845 698 940 751; x_wconf 70' lang='grc' dir='ltr'><strong>καὶ</strong></span> <span class='ocrx_word' id='word_1_21' title='bbox 965 696 1307 750; x_wconf 77' lang='grc' dir='ltr'>ἐντείλασθαι</span> <span class='ocrx_word' id='word_1_22' title='bbox 1329 695 1561 761; x_wconf 81' lang='grc' dir='ltr'><strong>τούτοις,</strong></span> <span class='ocrx_word' id='word_1_23' title='bbox 1584 697 1724 750; x_wconf 82' lang='grc' dir='ltr'>ὥστε</span> <span class='ocrx_word' id='word_1_24' title='bbox 1752 697 1852 769; x_wconf 80' lang='grc' dir='ltr'>τὴν</span> 
     </span>
    </p>
   </div>
   <div class='ocr_carea' id='block_1_5' title="bbox 376 788 1855 861">
    <p class='ocr_par' dir='ltr' id='par_1_5' title="bbox 376 788 1855 861">
     <span class='ocr_line' id='line_1_5' title="bbox 376 788 1855 861; baseline 0 -18"><span class='ocrx_word' id='word_1_25' title='bbox 376 817 394 843; x_wconf 78' lang='grc' dir='ltr'>σ</span> <span class='ocrx_word' id='word_1_26' title='bbox 433 793 613 846; x_wconf 84' lang='grc' dir='ltr'>αὐτῶν</span> <span class='ocrx_word' id='word_1_27' title='bbox 674 791 888 860; x_wconf 85' lang='grc' dir='ltr'>ἀγαθὴν</span> <span class='ocrx_word' id='word_1_28' title='bbox 939 790 1190 861; x_wconf 79' lang='grc' dir='ltr'>βοήθειαν</span> <span class='ocrx_word' id='word_1_29' title='bbox 1254 790 1493 858; x_wconf 77' lang='grc' dir='ltr'><strong>ἀξιοῦντι</strong></span> <span class='ocrx_word' id='word_1_30' title='bbox 1547 788 1697 861; x_wconf 81' lang='grc' dir='ltr'>αὐτῷ</span> <span class='ocrx_word' id='word_1_31' title='bbox 1749 807 1855 843; x_wconf 85' lang='grc' dir='ltr'>πα-</span> 
     </span>
    </p>
   </div>
   <div class='ocr_carea' id='block_1_6' title="bbox 365 883 1851 956">
    <p class='ocr_par' dir='ltr' id='par_1_6' title="bbox 365 883 1851 956">
     <span class='ocr_line' id='line_1_6' title="bbox 365 883 1851 956; baseline -0.001 -19"><span class='ocrx_word' id='word_1_32' title='bbox 365 906 384 937; x_wconf 76' lang='grc' dir='ltr'><strong>ι</strong></span> <span class='ocrx_word' id='word_1_33' title='bbox 440 884 799 956; x_wconf 81' lang='grc' dir='ltr'>ρέχειν.,οίδὲ</span> <span class='ocrx_word' id='word_1_34' title='bbox 830 886 909 947; x_wconf 83' lang='grc' dir='ltr'><strong>είς</strong></span> <span class='ocrx_word' id='word_1_35' title='bbox 949 884 1169 953; x_wconf 82' lang='grc' dir='ltr'><strong>Ῥώμην</strong></span> <span class='ocrx_word' id='word_1_36' title='bbox 1192 883 1637 954; x_wconf 80' lang='grc' dir='ltr'><strong>παραγινόμενοι,</strong></span> <span class='ocrx_word' id='word_1_37' title='bbox 1667 883 1851 948; x_wconf 79' lang='grc' dir='ltr'>καθὼς</span> 
     </span>
    </p>
   </div>
   <div class='ocr_carea' id='block_1_7' title="bbox 373 974 1849 1047">
    <p class='ocr_par' dir='ltr' id='par_1_7' title="bbox 373 974 1849 1047">
     <span class='ocr_line' id='line_1_7' title="bbox 373 974 1849 1047; baseline 0 -18"><span class='ocrx_word' id='word_1_38' title='bbox 373 999 391 1029; x_wconf 75' lang='grc' dir='ltr'><strong>ε</strong></span> <span class='ocrx_word' id='word_1_39' title='bbox 450 975 869 1047; x_wconf 78' lang='grc' dir='ltr'>προείρηκα,τῷ</span> <span class='ocrx_word' id='word_1_40' title='bbox 885 975 1154 1046; x_wconf 83' lang='grc' dir='ltr'>ἀγαπητῷ</span> <span class='ocrx_word' id='word_1_41' title='bbox 1173 976 1328 1047; x_wconf 81' lang='grc' dir='ltr'>ἡμῶν</span> <span class='ocrx_word' id='word_1_42' title='bbox 1358 974 1571 1046; x_wconf 81' lang='grc' dir='ltr'>ἀδελφῷ</span> <span class='ocrx_word' id='word_1_43' title='bbox 1595 977 1690 1029; x_wconf 70' lang='grc' dir='ltr'>καὶ</span> <span class='ocrx_word' id='word_1_44' title='bbox 1722 994 1849 1030; x_wconf 82' lang='grc' dir='ltr'>συν-</span> 
     </span>
    </p>
   </div>
   <div class='ocr_carea' id='block_1_8' title="bbox 366 1065 1850 1137">
    <p class='ocr_par' dir='ltr' id='par_1_8' title="bbox 366 1065 1850 1137">
     <span class='ocr_line' id='line_1_8' title="bbox 366 1065 1850 1137; baseline 0 -18"><span class='ocrx_word' id='word_1_45' title='bbox 366 1087 385 1119; x_wconf 76' lang='grc' dir='ltr'><strong>ι</strong></span> <span class='ocrx_word' id='word_1_46' title='bbox 437 1068 723 1137; x_wconf 84' lang='grc' dir='ltr'>επισκόπῳ</span> <span class='ocrx_word' id='word_1_47' title='bbox 754 1065 960 1136; x_wconf 84' lang='grc' dir='ltr'>Ἰουλίῳ</span> <span class='ocrx_word' id='word_1_48' title='bbox 1009 1067 1107 1129; x_wconf 87' lang='grc' dir='ltr'><strong>τάς</strong></span> <span class='ocrx_word' id='word_1_49' title='bbox 1136 1066 1369 1136; x_wconf 77' lang='grc' dir='ltr'><strong>δεήσεις,</strong></span> <span class='ocrx_word' id='word_1_50' title='bbox 1402 1066 1469 1129; x_wconf 75' lang='grc' dir='ltr'>ἃς</span> <span class='ocrx_word' id='word_1_51' title='bbox 1500 1066 1673 1137; x_wconf 79' lang='grc' dir='ltr'>ἔχοιεν</span> <span class='ocrx_word' id='word_1_52' title='bbox 1708 1067 1850 1120; x_wconf 89' lang='grc' dir='ltr'>διδό-</span> 
     </span>
    </p>
   </div>
   <div class='ocr_carea' id='block_1_9' title="bbox 371 1158 1854 1232">
    <p class='ocr_par' dir='ltr' id='par_1_9' title="bbox 371 1158 1854 1232">
     <span class='ocr_line' id='line_1_9' title="bbox 371 1158 1854 1232; baseline 0 -20"><span class='ocrx_word' id='word_1_53' title='bbox 371 1181 389 1212; x_wconf 80' lang='grc' dir='ltr'><strong>ι</strong></span> <span class='ocrx_word' id='word_1_54' title='bbox 436 1178 550 1225; x_wconf 90' lang='grc' dir='ltr'>ναι,</span> <span class='ocrx_word' id='word_1_55' title='bbox 594 1159 870 1228; x_wconf 79' lang='grc' dir='ltr'><strong>ὀφείλουσι</strong></span> <span class='ocrx_word' id='word_1_56' title='bbox 931 1158 1212 1230; x_wconf 82' lang='grc' dir='ltr'>παρέχειν,</span> <span class='ocrx_word' id='word_1_57' title='bbox 1240 1161 1328 1213; x_wconf 84' lang='grc' dir='ltr'><strong>ἵνα</strong></span> <span class='ocrx_word' id='word_1_58' title='bbox 1368 1161 1633 1232; x_wconf 72' lang='grc' dir='ltr'>πρότερον</span> <span class='ocrx_word' id='word_1_59' title='bbox 1690 1160 1854 1222; x_wconf 75' lang='grc' dir='ltr'>αὐτὸς</span> 
     </span>
    </p>
   </div>
   <div class='ocr_carea' id='block_1_10' title="bbox 385 1248 1855 1322">
    <p class='ocr_par' dir='ltr' id='par_1_10' title="bbox 385 1248 1855 1322">
     <span class='ocr_line' id='line_1_10' title="bbox 385 1248 1855 1322; baseline 0.001 -22"><span class='ocrx_word' id='word_1_60' title='bbox 385 1273 402 1300; x_wconf 79' lang='grc' dir='ltr'>σ</span> <span class='ocrx_word' id='word_1_61' title='bbox 455 1251 775 1322; x_wconf 77' lang='grc' dir='ltr'>δοκιμάζοιο</span> <span class='ocrx_word' id='word_1_62' title='bbox 822 1251 872 1304; x_wconf 89' lang='grc' dir='ltr'><strong>εί</strong></span> <span class='ocrx_word' id='word_1_63' title='bbox 910 1250 984 1321; x_wconf 86' lang='grc' dir='ltr'><strong>μή</strong></span> <span class='ocrx_word' id='word_1_64' title='bbox 1013 1266 1158 1312; x_wconf 85' lang='grc' dir='ltr'>τινες</span> <span class='ocrx_word' id='word_1_65' title='bbox 1213 1248 1273 1314; x_wconf 77' lang='grc' dir='ltr'><strong>ἐξ</strong></span> <span class='ocrx_word' id='word_1_66' title='bbox 1318 1250 1495 1304; x_wconf 79' lang='grc' dir='ltr'>αὐτῶν</span> <span class='ocrx_word' id='word_1_67' title='bbox 1566 1250 1855 1319; x_wconf 85' lang='grc' dir='ltr'>ἀναισχυν-</span> 
     </span>
    </p>
   </div>
   <div class='ocr_carea' id='block_1_11' title="bbox 378 1338 1856 1411">
    <p class='ocr_par' dir='ltr' id='par_1_11' title="bbox 378 1338 1856 1411">
     <span class='ocr_line' id='line_1_11' title="bbox 378 1338 1856 1411; baseline 0 -19"><span class='ocrx_word' id='word_1_68' title='bbox 378 1362 396 1392; x_wconf 83' lang='grc'><strong><em>‹</em></strong></span> <span class='ocrx_word' id='word_1_69' title='bbox 450 1343 636 1395; x_wconf 83' lang='grc' dir='ltr'>τοῖεν’</span> <span class='ocrx_word' id='word_1_70' title='bbox 672 1340 765 1394; x_wconf 70' lang='grc' dir='ltr'><strong>καὶ</strong></span> <span class='ocrx_word' id='word_1_71' title='bbox 816 1338 961 1394; x_wconf 79' lang='grc' dir='ltr'>οὕτω</span> <span class='ocrx_word' id='word_1_72' title='bbox 993 1339 1095 1411; x_wconf 71' lang='grc' dir='ltr'>τὴν</span> <span class='ocrx_word' id='word_1_73' title='bbox 1150 1339 1348 1393; x_wconf 81' lang='grc' dir='ltr'>ἑαυτοῦ</span> <span class='ocrx_word' id='word_1_74' title='bbox 1400 1339 1736 1410; x_wconf 78' lang='grc' dir='ltr'>προστασίαν</span> <span class='ocrx_word' id='word_1_75' title='bbox 1759 1338 1856 1392; x_wconf 72' lang='grc' dir='ltr'>καὶ</span> 
     </span>
    </p>
   </div>
   <div class='ocr_carea' id='block_1_12' title="bbox 383 1428 1856 1506">
    <p class='ocr_par' dir='ltr' id='par_1_12' title="bbox 383 1428 1856 1506">
     <span class='ocr_line' id='line_1_12' title="bbox 383 1428 1856 1506; baseline -0.002 -20"><span class='ocrx_word' id='word_1_76' title='bbox 383 1455 401 1486; x_wconf 76' lang='grc' dir='ltr'><strong>ι</strong></span> <span class='ocrx_word' id='word_1_77' title='bbox 462 1432 719 1506; x_wconf 85' lang='grc' dir='ltr'>φροντίδα</span> <span class='ocrx_word' id='word_1_78' title='bbox 748 1433 1005 1504; x_wconf 82' lang='grc' dir='ltr'>παρέχων</span> <span class='ocrx_word' id='word_1_79' title='bbox 1048 1433 1128 1496; x_wconf 86' lang='grc' dir='ltr'><strong>είς</strong></span> <span class='ocrx_word' id='word_1_80' title='bbox 1156 1432 1218 1485; x_wconf 86' lang='grc' dir='ltr'><strong>τδ</strong></span> <span class='ocrx_word' id='word_1_81' title='bbox 1248 1432 1612 1504; x_wconf 83' lang='grc' dir='ltr'>στρατόπεδον</span> <span class='ocrx_word' id='word_1_82' title='bbox 1659 1428 1856 1493; x_wconf 74' lang='grc' dir='ltr'>αὐτοὺς</span> 
     </span>
    </p>
   </div>
   <div class='ocr_carea' id='block_1_13' title="bbox 392 1524 1859 1596">
    <p class='ocr_par' dir='ltr' id='par_1_13' title="bbox 392 1524 1859 1596">
     <span class='ocr_line' id='line_1_13' title="bbox 392 1524 1859 1596; baseline -0.002 -17"><span class='ocrx_word' id='word_1_83' title='bbox 392 1550 409 1579; x_wconf 78' lang='grc' dir='ltr'><strong>ι</strong></span> <span class='ocrx_word' id='word_1_84' title='bbox 454 1528 799 1583; x_wconf 85' lang='grc' dir='ltr'>ἀποστέλλοι.</span> <span class='ocrx_word' id='word_1_85' title='bbox 858 1529 1132 1591; x_wconf 73' lang='grc' dir='ltr'>Ἅπαντες</span> <span class='ocrx_word' id='word_1_86' title='bbox 1176 1526 1229 1581; x_wconf 81' lang='grc' dir='ltr'><strong>οι</strong></span> <span class='ocrx_word' id='word_1_87' title='bbox 1275 1526 1568 1580; x_wconf 74' lang='grc' dir='ltr'>ἐπίσκοποι</span> <span class='ocrx_word' id='word_1_88' title='bbox 1622 1524 1859 1596; x_wconf 84' lang='grc' dir='ltr'>ἀπεκρι-</span> 
     </span>
    </p>
   </div>
   <div class='ocr_carea' id='block_1_14' title="bbox 391 1617 1859 1690">
    <p class='ocr_par' dir='ltr' id='par_1_14' title="bbox 391 1617 1859 1690">
     <span class='ocr_line' id='line_1_14' title="bbox 391 1617 1859 1690; baseline -0.001 -19"><span class='ocrx_word' id='word_1_89' title='bbox 391 1642 408 1671; x_wconf 79' lang='grc'><strong><em>‹</em></strong></span> <span class='ocrx_word' id='word_1_90' title='bbox 466 1638 627 1675; x_wconf 89' lang='grc' dir='ltr'>ναντο</span> <span class='ocrx_word' id='word_1_91' title='bbox 674 1619 935 1690; x_wconf 80' lang='grc' dir='ltr'>ἀρέσκειν</span> <span class='ocrx_word' id='word_1_92' title='bbox 979 1620 1187 1682; x_wconf 83' lang='grc' dir='ltr'>αὐτοῖς,</span> <span class='ocrx_word' id='word_1_93' title='bbox 1242 1619 1338 1672; x_wconf 78' lang='grc' dir='ltr'><strong>καὶ</strong></span> <span class='ocrx_word' id='word_1_94' title='bbox 1392 1617 1859 1689; x_wconf 80' lang='grc' dir='ltr'>πρεπωδεστάτην</span> 
     </span>
    </p>
   </div>
   <div class='ocr_carea' id='block_1_15' title="bbox 385 1707 1364 1782">
    <p class='ocr_par' dir='ltr' id='par_1_15' title="bbox 385 1707 1364 1782">
     <span class='ocr_line' id='line_1_15' title="bbox 385 1707 1364 1782; baseline 0 -19"><span class='ocrx_word' id='word_1_95' title='bbox 385 1732 402 1763; x_wconf 81' lang='grc' dir='ltr'><strong>ι</strong></span> <span class='ocrx_word' id='word_1_96' title='bbox 443 1707 581 1765; x_wconf 74' lang='grc' dir='ltr'>εἶναι</span> <span class='ocrx_word' id='word_1_97' title='bbox 612 1712 710 1782; x_wconf 82' lang='grc' dir='ltr'><strong>τὴν</strong></span> <span class='ocrx_word' id='word_1_98' title='bbox 736 1710 1051 1781; x_wconf 78' lang='grc' dir='ltr'>συμϐουλὴν</span> <span class='ocrx_word' id='word_1_99' title='bbox 1074 1710 1304 1780; x_wconf 82' lang='grc' dir='ltr'>ταύτην.</span> <span class='ocrx_word' id='word_1_100' title='bbox 1345 1728 1364 1762; x_wconf 75' lang='grc' dir='ltr'><strong>ι</strong></span> 
     </span>
    </p>
   </div>
   <div class='ocr_carea' id='block_1_16' title="bbox 1393 264 2380 375">
    <p class='ocr_par' dir='ltr' id='par_1_16' title="bbox 1393 264 2380 375">
     <span class='ocr_line' id='line_1_16' title="bbox 1393 264 2380 375; baseline 0 -8"><span class='ocrx_word' id='word_1_101' title='bbox 1393 308 1472 367; x_wconf 81' lang='lat' dir='ltr'><strong>IN</strong></span> <span class='ocrx_word' id='word_1_102' title='bbox 1507 311 1669 375; x_wconf 72' lang='lat' dir='ltr'><strong>CAN.</strong></span> <span class='ocrx_word' id='word_1_103' title='bbox 1719 310 1793 370; x_wconf 80' lang='lat' dir='ltr'><strong>1x</strong></span> <span class='ocrx_word' id='word_1_104' title='bbox 1840 312 2042 373; x_wconf 72' lang='lat' dir='ltr'><strong>conc.</strong></span> <span class='ocrx_word' id='word_1_105' title='bbox 2089 312 2380 371; x_wconf 60' lang='lat' dir='ltr'><strong>sannae:</strong></span> 
     </span>
    </p>
   </div>
   <div class='ocr_carea' id='block_1_17' title="bbox 363 416 1924 495">
    <p class='ocr_par' dir='ltr' id='par_1_17' title="bbox 363 416 1924 495">
     <span class='ocr_line' id='line_1_17' title="bbox 363 416 1924 495; baseline -0.001 -22"><span class='ocrx_word' id='word_1_106' title='bbox 363 447 379 473; x_wconf 77' lang='grc' dir='ltr'><strong>ι</strong></span> <span class='ocrx_word' id='word_1_107' title='bbox 422 422 604 476; x_wconf 81' lang='grc' dir='ltr'>κόπων</span> <span class='ocrx_word' id='word_1_108' title='bbox 634 420 817 489; x_wconf 86' lang='grc' dir='ltr'>φίλους</span> <span class='ocrx_word' id='word_1_109' title='bbox 842 418 899 472; x_wconf 67' lang='grc' dir='ltr'>ἐν</span> <span class='ocrx_word' id='word_1_110' title='bbox 920 421 988 489; x_wconf 76' lang='grc' dir='ltr'>τῇ</span> <span class='ocrx_word' id='word_1_111' title='bbox 1013 417 1151 489; x_wconf 69' lang='grc' dir='ltr'>αὐλῇ</span> <span class='ocrx_word' id='word_1_112' title='bbox 1180 416 1272 470; x_wconf 81' lang='grc' dir='ltr'>τοῦ</span> <span class='ocrx_word' id='word_1_113' title='bbox 1305 417 1588 482; x_wconf 88' lang='grc' dir='ltr'>παλατίου,</span> <span class='ocrx_word' id='word_1_114' title='bbox 1610 420 1700 472; x_wconf 72' lang='grc' dir='ltr'><strong>καὶ</strong></span> <span class='ocrx_word' id='word_1_115' title='bbox 1724 420 1847 490; x_wconf 74' lang='grc' dir='ltr'><strong>βοὺ-</strong></span> <span class='ocrx_word' id='word_1_116' title='bbox 1882 442 1924 495; x_wconf 64' lang='grc' dir='ltr'>Α</span> 
     </span>
    </p>
   </div>
   <div class='ocr_carea' id='block_1_18' title="bbox 3373 310 3523 378">
    <p class='ocr_par' dir='ltr' id='par_1_18' title="bbox 3373 310 3523 378">
     <span class='ocr_line' id='line_1_18' title="bbox 3373 310 3523 378; baseline 0 0"><span class='ocrx_word' id='word_1_117' title='bbox 3373 310 3523 378; x_wconf 74' lang='grc'><strong>1458³</strong></span> 
     </span>
    </p>
   </div>
   <div class='ocr_carea' id='block_1_19' title="bbox 2030 420 3514 495">
    <p class='ocr_par' dir='ltr' id='par_1_19' title="bbox 2030 420 3514 495">
     <span class='ocr_line' id='line_1_19' title="bbox 2030 420 3514 495; baseline 0.008 -21"><span class='ocrx_word' id='word_1_118' title='bbox 2030 442 2047 474; x_wconf 73' lang='grc' dir='ltr'><strong>ι</strong></span> <span class='ocrx_word' id='word_1_119' title='bbox 2083 420 2409 493; x_wconf 78' lang='lat' dir='ltr'><strong>impetrare;</strong></span> <span class='ocrx_word' id='word_1_120' title='bbox 2440 437 2506 477; x_wconf 91' lang='lat' dir='ltr'><strong>ne</strong></span> <span class='ocrx_word' id='word_1_121' title='bbox 2528 423 2879 492; x_wconf 77' lang='lat' dir='ltr'><strong>prohibeatur</strong></span> <span class='ocrx_word' id='word_1_122' title='bbox 2901 439 2995 495; x_wconf 87' lang='lat' dir='ltr'><strong>per</strong></span> <span class='ocrx_word' id='word_1_123' title='bbox 3020 439 3180 480; x_wconf 86' lang='lat' dir='ltr'><strong>suum</strong></span> <span class='ocrx_word' id='word_1_124' title='bbox 3204 424 3514 486; x_wconf 81' lang='lat' dir='ltr'><strong>ministan</strong></span> 
     </span>
    </p>
   </div>
   <div class='ocr_carea' id='block_1_20' title="bbox 2026 502 3511 582">
    <p class='ocr_par' dir='ltr' id='par_1_20' title="bbox 2026 502 3511 582">
     <span class='ocr_line' id='line_1_20' title="bbox 2026 502 3511 582; baseline 0.007 -19"><span class='ocrx_word' id='word_1_125' title='bbox 2026 530 2045 563; x_wconf 72' lang='grc' dir='ltr'><strong>ι</strong></span> <span class='ocrx_word' id='word_1_126' title='bbox 2085 522 2139 566; x_wconf 90' lang='lat' dir='ltr'><strong>et</strong></span> <span class='ocrx_word' id='word_1_127' title='bbox 2168 528 2358 582; x_wconf 76' lang='lat' dir='ltr'><strong>rogare</strong></span> <span class='ocrx_word' id='word_1_128' title='bbox 2379 522 2432 568; x_wconf 88' lang='lat' dir='ltr'><strong>et</strong></span> <span class='ocrx_word' id='word_1_129' title='bbox 2463 514 2530 568; x_wconf 91' lang='lat' dir='ltr'><strong>iis</strong></span> <span class='ocrx_word' id='word_1_130' title='bbox 2560 514 2834 579; x_wconf 89' lang='lat' dir='ltr'><strong>mandare,</strong></span> <span class='ocrx_word' id='word_1_131' title='bbox 2861 525 2919 568; x_wconf 92' lang='lat' dir='ltr'><strong>ut</strong></span> <span class='ocrx_word' id='word_1_132' title='bbox 2950 515 3148 570; x_wconf 88' lang='lat' dir='ltr'><strong>bonum</strong></span> <span class='ocrx_word' id='word_1_133' title='bbox 3172 534 3325 571; x_wconf 85' lang='lat' dir='ltr'><strong>suum</strong></span> <span class='ocrx_word' id='word_1_134' title='bbox 3353 502 3511 574; x_wconf 80' lang='lat' dir='ltr'><strong>auxi-</strong></span> 
     </span>
    </p>
   </div>
   <div class='ocr_carea' id='block_1_21' title="bbox 2027 602 3505 673">
    <p class='ocr_par' dir='ltr' id='par_1_21' title="bbox 2027 602 3505 673">
     <span class='ocr_line' id='line_1_21' title="bbox 2027 602 3505 673; baseline 0.008 -19"><span class='ocrx_word' id='word_1_135' title='bbox 2027 620 2046 654; x_wconf 81' lang='grc' dir='ltr'><strong>ι</strong></span> <span class='ocrx_word' id='word_1_136' title='bbox 2086 602 2213 656; x_wconf 91' lang='lat' dir='ltr'><strong>lium</strong></span> <span class='ocrx_word' id='word_1_137' title='bbox 2230 603 2278 657; x_wconf 91' lang='lat' dir='ltr'><strong>ei</strong></span> <span class='ocrx_word' id='word_1_138' title='bbox 2298 603 2499 673; x_wconf 86' lang='lat' dir='ltr'><strong>petenti</strong></span> <span class='ocrx_word' id='word_1_139' title='bbox 2510 604 2947 672; x_wconf 70' lang='lat' dir='ltr'><strong>velintprazherc.</strong></span> <span class='ocrx_word' id='word_1_140' title='bbox 2964 604 3062 669; x_wconf 88' lang='lat' dir='ltr'><strong>Qui</strong></span> <span class='ocrx_word' id='word_1_141' title='bbox 3085 616 3261 662; x_wconf 88' lang='lat' dir='ltr'><strong>autem</strong></span> <span class='ocrx_word' id='word_1_142' title='bbox 3279 609 3505 666; x_wconf 82' lang='lat' dir='ltr'><strong>Romam</strong></span> 
     </span>
    </p>
   </div>
   <div class='ocr_carea' id='block_1_22' title="bbox 2028 698 3513 768">
    <p class='ocr_par' dir='ltr' id='par_1_22' title="bbox 2028 698 3513 768">
     <span class='ocr_line' id='line_1_22' title="bbox 2028 698 3513 768; baseline 0.007 -21"><span class='ocrx_word' id='word_1_143' title='bbox 2028 713 2047 747; x_wconf 76' lang='grc' dir='ltr'><strong>ι</strong></span> <span class='ocrx_word' id='word_1_144' title='bbox 2080 699 2363 758; x_wconf 87' lang='lat' dir='ltr'><strong>accedunt,</strong></span> <span class='ocrx_word' id='word_1_145' title='bbox 2390 698 2841 763; x_wconf 81' lang='lat' dir='ltr'><strong>quemadmodum</strong></span> <span class='ocrx_word' id='word_1_146' title='bbox 2870 698 3123 767; x_wconf 80' lang='lat' dir='ltr'><strong>superius</strong></span> <span class='ocrx_word' id='word_1_147' title='bbox 3146 700 3346 755; x_wconf 89' lang='lat' dir='ltr'><strong>dictum</strong></span> <span class='ocrx_word' id='word_1_148' title='bbox 3409 713 3513 768; x_wconf 87' lang='lat' dir='ltr'><strong>est.</strong></span> 
     </span>
    </p>
   </div>
   <div class='ocr_carea' id='block_1_23' title="bbox 2029 786 3513 861">
    <p class='ocr_par' dir='ltr' id='par_1_23' title="bbox 2029 786 3513 861">
     <span class='ocr_line' id='line_1_23' title="bbox 2029 786 3513 861; baseline 0.007 -22"><span class='ocrx_word' id='word_1_149' title='bbox 2029 806 2049 839; x_wconf 79' lang='grc' dir='ltr'><strong>ι</strong></span> <span class='ocrx_word' id='word_1_150' title='bbox 2085 786 2280 841; x_wconf 90' lang='lat' dir='ltr'><strong>dilecto</strong></span> <span class='ocrx_word' id='word_1_151' title='bbox 2312 787 2465 841; x_wconf 88' lang='lat' dir='ltr'><strong>fratri</strong></span> <span class='ocrx_word' id='word_1_152' title='bbox 2497 798 2682 842; x_wconf 91' lang='lat' dir='ltr'><strong>nostro</strong></span> <span class='ocrx_word' id='word_1_153' title='bbox 2707 798 2761 843; x_wconf 87' lang='lat' dir='ltr'><strong>et</strong></span> <span class='ocrx_word' id='word_1_154' title='bbox 2783 790 3106 859; x_wconf 86' lang='lat' dir='ltr'><strong>coepiscopo</strong></span> <span class='ocrx_word' id='word_1_155' title='bbox 3133 789 3274 846; x_wconf 74' lang='lat' dir='ltr'><strong>J&#39;ulio</strong></span> <span class='ocrx_word' id='word_1_156' title='bbox 3304 808 3513 861; x_wconf 84' lang='lat' dir='ltr'><strong>preces,</strong></span> 
     </span>
    </p>
   </div>
   <div class='ocr_carea' id='block_1_24' title="bbox 2030 880 3517 956">
    <p class='ocr_par' dir='ltr' id='par_1_24' title="bbox 2030 880 3517 956">
     <span class='ocr_line' id='line_1_24' title="bbox 2030 880 3517 956; baseline 0.005 -23"><span class='ocrx_word' id='word_1_157' title='bbox 2030 898 2049 933; x_wconf 75' lang='grc' dir='ltr'><strong>ι</strong></span> <span class='ocrx_word' id='word_1_158' title='bbox 2084 895 2217 949; x_wconf 91' lang='lat' dir='ltr'><strong>quas</strong></span> <span class='ocrx_word' id='word_1_159' title='bbox 2253 880 2454 936; x_wconf 87' lang='lat' dir='ltr'><strong>habent</strong></span> <span class='ocrx_word' id='word_1_160' title='bbox 2477 882 2699 946; x_wconf 84' lang='lat' dir='ltr'><strong>dandas,</strong></span> <span class='ocrx_word' id='word_1_161' title='bbox 2754 882 2998 950; x_wconf 62' lang='lat' dir='ltr'><strong>praebere</strong></span> <span class='ocrx_word' id='word_1_162' title='bbox 3030 884 3246 947; x_wconf 86' lang='lat' dir='ltr'><strong>debent.</strong></span> <span class='ocrx_word' id='word_1_163' title='bbox 3289 895 3348 939; x_wconf 93' lang='lat' dir='ltr'><strong>ut</strong></span> <span class='ocrx_word' id='word_1_164' title='bbox 3403 886 3517 956; x_wconf 85' lang='lat' dir='ltr'><strong>ipse</strong></span> 
     </span>
    </p>
   </div>
   <div class='ocr_carea' id='block_1_25' title="bbox 2028 972 3520 1044">
    <p class='ocr_par' dir='ltr' id='par_1_25' title="bbox 2028 972 3520 1044">
     <span class='ocr_line' id='line_1_25' title="bbox 2028 972 3520 1044; baseline 0.004 -21"><span class='ocrx_word' id='word_1_165' title='bbox 2028 988 2048 1023; x_wconf 84' lang='grc' dir='ltr'><strong>ι</strong></span> <span class='ocrx_word' id='word_1_166' title='bbox 2078 972 2227 1040; x_wconf 90' lang='lat' dir='ltr'><strong>prius</strong></span> <span class='ocrx_word' id='word_1_167' title='bbox 2256 973 2560 1039; x_wconf 77' lang='lat' dir='ltr'><strong>examinet;</strong></span> <span class='ocrx_word' id='word_1_168' title='bbox 2587 973 2687 1027; x_wconf 82' lang='lat' dir='ltr'><strong>nisi</strong></span> <span class='ocrx_word' id='word_1_169' title='bbox 2723 973 2917 1043; x_wconf 61' lang='lat' dir='ltr'><strong>aliquae</strong></span> <span class='ocrx_word' id='word_1_170' title='bbox 2965 989 3147 1029; x_wconf 86' lang='lat' dir='ltr'><strong>earum</strong></span> <span class='ocrx_word' id='word_1_171' title='bbox 3200 975 3309 1030; x_wconf 87' lang='lat' dir='ltr'><strong>sint</strong></span> <span class='ocrx_word' id='word_1_172' title='bbox 3343 976 3520 1044; x_wconf 79' lang='lat' dir='ltr'><strong>impu-</strong></span> 
     </span>
    </p>
   </div>
   <div class='ocr_carea' id='block_1_26' title="bbox 2028 1062 3513 1122">
    <p class='ocr_par' dir='ltr' id='par_1_26' title="bbox 2028 1062 3513 1122">
     <span class='ocr_line' id='line_1_26' title="bbox 2028 1062 3513 1122; baseline 0.003 -5"><span class='ocrx_word' id='word_1_173' title='bbox 2028 1084 2047 1117; x_wconf 79' lang='grc' dir='ltr'><strong>ι</strong></span> <span class='ocrx_word' id='word_1_174' title='bbox 2079 1062 2269 1119; x_wconf 85' lang='lat' dir='ltr'><strong>dentes</strong></span> <span class='ocrx_word' id='word_1_175' title='bbox 2312 1082 2327 1119; x_wconf 89' lang='lat'><strong>:</strong></span> <span class='ocrx_word' id='word_1_176' title='bbox 2366 1072 2421 1117; x_wconf 83' lang='lat' dir='ltr'><strong>et</strong></span> <span class='ocrx_word' id='word_1_177' title='bbox 2460 1065 2543 1119; x_wconf 87' lang='lat' dir='ltr'><strong>sic</strong></span> <span class='ocrx_word' id='word_1_178' title='bbox 2587 1079 2738 1118; x_wconf 86' lang='lat' dir='ltr'><strong>suam</strong></span> <span class='ocrx_word' id='word_1_179' title='bbox 2794 1066 3170 1121; x_wconf 76' lang='lat' dir='ltr'><strong>auctoritatem</strong></span> <span class='ocrx_word' id='word_1_180' title='bbox 3230 1075 3286 1120; x_wconf 92' lang='lat' dir='ltr'><strong>et</strong></span> <span class='ocrx_word' id='word_1_181' title='bbox 3326 1081 3513 1122; x_wconf 89' lang='lat' dir='ltr'><strong>curam</strong></span> 
     </span>
    </p>
   </div>
   <div class='ocr_carea' id='block_1_27' title="bbox 2032 1156 3519 1227">
    <p class='ocr_par' dir='ltr' id='par_1_27' title="bbox 2032 1156 3519 1227">
     <span class='ocr_line' id='line_1_27' title="bbox 2032 1156 3519 1227; baseline 0.005 -21"><span class='ocrx_word' id='word_1_182' title='bbox 2032 1175 2049 1206; x_wconf 77' lang='grc' dir='ltr'><strong>ι</strong></span> <span class='ocrx_word' id='word_1_183' title='bbox 2089 1156 2366 1224; x_wconf 65' lang='lat' dir='ltr'><strong>praebens,</strong></span> <span class='ocrx_word' id='word_1_184' title='bbox 2400 1171 2496 1212; x_wconf 89' lang='lat' dir='ltr'><strong>eos</strong></span> <span class='ocrx_word' id='word_1_185' title='bbox 2540 1158 2607 1211; x_wconf 88' lang='lat' dir='ltr'><strong>ad</strong></span> <span class='ocrx_word' id='word_1_186' title='bbox 2664 1166 2841 1211; x_wconf 91' lang='lat' dir='ltr'><strong>castra</strong></span> <span class='ocrx_word' id='word_1_187' title='bbox 2888 1159 3086 1212; x_wconf 85' lang='lat' dir='ltr'><strong>mittat.</strong></span> <span class='ocrx_word' id='word_1_188' title='bbox 3148 1156 3351 1213; x_wconf 65' lang='lat' dir='ltr'><strong>Graues</strong></span> <span class='ocrx_word' id='word_1_189' title='bbox 3402 1160 3519 1227; x_wconf 80' lang='lat' dir='ltr'><strong>epi-</strong></span> 
     </span>
    </p>
   </div>
   <div class='ocr_carea' id='block_1_28' title="bbox 2027 1248 3520 1319">
    <p class='ocr_par' dir='ltr' id='par_1_28' title="bbox 2027 1248 3520 1319">
     <span class='ocr_line' id='line_1_28' title="bbox 2027 1248 3520 1319; baseline 0.004 -20"><span class='ocrx_word' id='word_1_190' title='bbox 2027 1267 2046 1299; x_wconf 79' lang='grc' dir='ltr'><strong>ι</strong></span> <span class='ocrx_word' id='word_1_191' title='bbox 2084 1248 2232 1317; x_wconf 83' lang='lat' dir='ltr'><strong>scepi</strong></span> <span class='ocrx_word' id='word_1_192' title='bbox 2283 1249 2572 1313; x_wconf 77' lang='lat' dir='ltr'><strong>dixerunt,</strong></span> <span class='ocrx_word' id='word_1_193' title='bbox 2607 1250 2683 1303; x_wconf 82' lang='lat' dir='ltr'><strong>eis</strong></span> <span class='ocrx_word' id='word_1_194' title='bbox 2715 1249 2928 1319; x_wconf 85' lang='lat' dir='ltr'><strong>placere</strong></span> <span class='ocrx_word' id='word_1_195' title='bbox 2948 1256 3003 1305; x_wconf 84' lang='lat' dir='ltr'><strong>et</strong></span> <span class='ocrx_word' id='word_1_196' title='bbox 3031 1264 3152 1306; x_wconf 80' lang='lat' dir='ltr'><strong>esse</strong></span> <span class='ocrx_word' id='word_1_197' title='bbox 3193 1251 3520 1306; x_wconf 77' lang='lat' dir='ltr'><strong>convenien-</strong></span> 
     </span>
    </p>
   </div>
   <div class='ocr_carea' id='block_1_29' title="bbox 2029 1340 2887 1397">
    <p class='ocr_par' dir='ltr' id='par_1_29' title="bbox 2029 1340 2887 1397">
     <span class='ocr_line' id='line_1_29' title="bbox 2029 1340 2887 1397; baseline 0.005 -6"><span class='ocrx_word' id='word_1_198' title='bbox 2029 1359 2050 1391; x_wconf 77' lang='grc' dir='ltr'><strong>ι</strong></span> <span class='ocrx_word' id='word_1_199' title='bbox 2092 1340 2357 1396; x_wconf 88' lang='lat' dir='ltr'><strong>tissimum</strong></span> <span class='ocrx_word' id='word_1_200' title='bbox 2384 1343 2487 1396; x_wconf 86' lang='lat' dir='ltr'><strong>hoc</strong></span> <span class='ocrx_word' id='word_1_201' title='bbox 2525 1342 2834 1397; x_wconf 85' lang='lat' dir='ltr'><strong>consilium.</strong></span> <span class='ocrx_word' id='word_1_202' title='bbox 2863 1359 2887 1395; x_wconf 81' lang='grc'>›</span> 
     </span>
    </p>
   </div>
   <div class='ocr_carea' id='block_1_30' title="bbox 369 1780 1868 1876">
    <p class='ocr_par' dir='ltr' id='par_1_30' title="bbox 369 1780 1857 1874">
     <span class='ocr_line' id='line_1_30' title="bbox 369 1780 1857 1874; baseline -0.002 -17"><span class='ocrx_word' id='word_1_203' title='bbox 369 1804 564 1858; x_wconf 78' lang='grc' dir='ltr'><strong>ΒΑΑΣ.</strong></span> <span class='ocrx_word' id='word_1_204' title='bbox 592 1780 716 1857; x_wconf 71' lang='grc' dir='ltr'>Ὀτι</span> <span class='ocrx_word' id='word_1_205' title='bbox 745 1804 844 1857; x_wconf 79' lang='grc' dir='ltr'><strong>οὐκ</strong></span> <span class='ocrx_word' id='word_1_206' title='bbox 874 1780 1115 1874; x_wconf 79' lang='grc' dir='ltr'>ἀνῃρέθη</span> <span class='ocrx_word' id='word_1_207' title='bbox 1145 1805 1173 1856; x_wconf 76' lang='grc' dir='ltr'><strong>ι</strong></span> <span class='ocrx_word' id='word_1_208' title='bbox 1206 1809 1273 1855; x_wconf 88' lang='grc' dir='ltr'>ια’</span> <span class='ocrx_word' id='word_1_209' title='bbox 1301 1803 1483 1856; x_wconf 85' lang='grc' dir='ltr'>κανὼν</span> <span class='ocrx_word' id='word_1_210' title='bbox 1512 1803 1611 1872; x_wconf 83' lang='grc' dir='ltr'>τῆς</span> <span class='ocrx_word' id='word_1_211' title='bbox 1639 1803 1699 1854; x_wconf 81' lang='grc' dir='ltr'>ὲν</span> <span class='ocrx_word' id='word_1_212' title='bbox 1741 1802 1857 1855; x_wconf 77' lang='grc' dir='ltr'><strong>Ἄν-</strong></span> 
     </span>
    </p>
   </div>
   <div class='ocr_carea' id='block_1_31' title="bbox 1983 1780 3515 1876">
    <p class='ocr_par' dir='ltr' id='par_1_31' title="bbox 2032 1804 3515 1876">
     <span class='ocr_line' id='line_1_31' title="bbox 2032 1804 3515 1876; baseline -0.006 -12"><span class='ocrx_word' id='word_1_213' title='bbox 2032 1810 2224 1866; x_wconf 76' lang='lat' dir='ltr'><strong>BALS.</strong></span> <span class='ocrx_word' id='word_1_214' title='bbox 2268 1809 2420 1876; x_wconf 83' lang='lat' dir='ltr'><strong>Quod</strong></span> <span class='ocrx_word' id='word_1_215' title='bbox 2454 1824 2558 1863; x_wconf 91' lang='lat' dir='ltr'><strong>non</strong></span> <span class='ocrx_word' id='word_1_216' title='bbox 2595 1810 2838 1864; x_wconf 85' lang='lat' dir='ltr'><strong>sublatus</strong></span> <span class='ocrx_word' id='word_1_217' title='bbox 2871 1811 2940 1863; x_wconf 88' lang='lat' dir='ltr'><strong>sit</strong></span> <span class='ocrx_word' id='word_1_218' title='bbox 2982 1823 3152 1862; x_wconf 88' lang='lat' dir='ltr'><strong>canon</strong></span> <span class='ocrx_word' id='word_1_219' title='bbox 3196 1804 3515 1859; x_wconf 81' lang='lat' dir='ltr'><strong>undecimus</strong></span> 
     </span>
    </p>
   </div>
   <div class='ocr_carea' id='block_1_32' title="bbox 296 1892 1857 1963">
    <p class='ocr_par' dir='ltr' id='par_1_32' title="bbox 296 1892 1857 1963">
     <span class='ocr_line' id='line_1_32' title="bbox 296 1892 1857 1963; baseline -0.001 -16"><span class='ocrx_word' id='word_1_220' title='bbox 296 1894 501 1963; x_wconf 65' lang='grc' dir='ltr'>τιοχείᾳ</span> <span class='ocrx_word' id='word_1_221' title='bbox 532 1895 776 1958; x_wconf 78' lang='grc' dir='ltr'>συνόδου,</span> <span class='ocrx_word' id='word_1_222' title='bbox 806 1893 966 1962; x_wconf 75' lang='grc' dir='ltr'>δῆλον</span> <span class='ocrx_word' id='word_1_223' title='bbox 1000 1896 1096 1948; x_wconf 71' lang='grc' dir='ltr'>καὶ</span> <span class='ocrx_word' id='word_1_224' title='bbox 1126 1892 1233 1946; x_wconf 78' lang='grc' dir='ltr'>ἀπὸ</span> <span class='ocrx_word' id='word_1_225' title='bbox 1265 1893 1359 1946; x_wconf 81' lang='grc' dir='ltr'>τοῦ</span> <span class='ocrx_word' id='word_1_226' title='bbox 1392 1892 1662 1957; x_wconf 82' lang='grc' dir='ltr'>παρόντος</span> <span class='ocrx_word' id='word_1_227' title='bbox 1692 1892 1857 1945; x_wconf 86' lang='grc' dir='ltr'>κανό-</span> 
     </span>
    </p>
   </div>
   <div class='ocr_carea' id='block_1_33' title="bbox 301 1981 1859 2057">
    <p class='ocr_par' dir='ltr' id='par_1_33' title="bbox 301 1981 1859 2057">
     <span class='ocr_line' id='line_1_33' title="bbox 301 1981 1859 2057; baseline -0.001 -23"><span class='ocrx_word' id='word_1_228' title='bbox 301 2001 410 2041; x_wconf 82' lang='grc' dir='ltr'>νος.</span> <span class='ocrx_word' id='word_1_229' title='bbox 447 1985 584 2052; x_wconf 71' lang='grc' dir='ltr'>Φησὶ</span> <span class='ocrx_word' id='word_1_230' title='bbox 605 1984 712 2053; x_wconf 73' lang='grc' dir='ltr'><strong>γάρ</strong></span> <span class='ocrx_word' id='word_1_231' title='bbox 739 1983 843 2047; x_wconf 85' lang='grc' dir='ltr'>ὅτι,</span> <span class='ocrx_word' id='word_1_232' title='bbox 865 1983 958 2036; x_wconf 78' lang='grc' dir='ltr'>ἐὰν</span> <span class='ocrx_word' id='word_1_233' title='bbox 983 1983 1277 2044; x_wconf 80' lang='grc' dir='ltr'>ἐπίσκοπος</span> <span class='ocrx_word' id='word_1_234' title='bbox 1310 1982 1509 2057; x_wconf 83' lang='grc' dir='ltr'>θελήσῃ</span> <span class='ocrx_word' id='word_1_235' title='bbox 1539 1981 1859 2037; x_wconf 83' lang='grc' dir='ltr'>ἀποστεῖλαι</span> 
     </span>
    </p>
   </div>
   <div class='ocr_carea' id='block_1_34' title="bbox 297 2073 1861 2144">
    <p class='ocr_par' dir='ltr' id='par_1_34' title="bbox 297 2073 1861 2144">
     <span class='ocr_line' id='line_1_34' title="bbox 297 2073 1861 2144; baseline -0.001 -16"><span class='ocrx_word' id='word_1_236' title='bbox 297 2075 509 2144; x_wconf 81' lang='grc' dir='ltr'>δεήσεις</span> <span class='ocrx_word' id='word_1_237' title='bbox 539 2075 620 2137; x_wconf 88' lang='grc' dir='ltr'>εἰς</span> <span class='ocrx_word' id='word_1_238' title='bbox 655 2076 747 2127; x_wconf 77' lang='grc' dir='ltr'><strong>τὸν</strong></span> <span class='ocrx_word' id='word_1_239' title='bbox 798 2073 1018 2143; x_wconf 78' lang='grc' dir='ltr'>βασιλέα</span> <span class='ocrx_word' id='word_1_240' title='bbox 1041 2074 1127 2127; x_wconf 76' lang='grc' dir='ltr'>διὰ</span> <span class='ocrx_word' id='word_1_241' title='bbox 1162 2074 1489 2142; x_wconf 79' lang='grc' dir='ltr'>συναδέλφου</span> <span class='ocrx_word' id='word_1_242' title='bbox 1514 2075 1609 2126; x_wconf 78' lang='grc' dir='ltr'>καὶ</span> <span class='ocrx_word' id='word_1_243' title='bbox 1644 2091 1861 2127; x_wconf 84' lang='grc' dir='ltr'>συνεπι-</span> 
     </span>
    </p>
   </div>
   <div class='ocr_carea' id='block_1_35' title="bbox 301 2167 1860 2239">
    <p class='ocr_par' dir='ltr' id='par_1_35' title="bbox 301 2167 1860 2239">
     <span class='ocr_line' id='line_1_35' title="bbox 301 2167 1860 2239; baseline 0.001 -19"><span class='ocrx_word' id='word_1_244' title='bbox 301 2169 505 2221; x_wconf 89' lang='grc' dir='ltr'>σκόπου</span> <span class='ocrx_word' id='word_1_245' title='bbox 539 2167 705 2221; x_wconf 76' lang='grc' dir='ltr'>αὐτοῦ</span> <span class='ocrx_word' id='word_1_246' title='bbox 746 2168 1229 2238; x_wconf 79' lang='grc' dir='ltr'>ἀρχιερατεὺοντος</span> <span class='ocrx_word' id='word_1_247' title='bbox 1263 2168 1343 2230; x_wconf 86' lang='grc' dir='ltr'><strong>είς</strong></span> <span class='ocrx_word' id='word_1_248' title='bbox 1374 2167 1663 2239; x_wconf 75' lang='grc' dir='ltr'>ἐπαρχίαν,</span> <span class='ocrx_word' id='word_1_249' title='bbox 1692 2169 1772 2229; x_wconf 85' lang='grc' dir='ltr'><strong>είς</strong></span> <span class='ocrx_word' id='word_1_250' title='bbox 1792 2170 1860 2238; x_wconf 79' lang='grc' dir='ltr'>ἣν</span> 
     </span>
    </p>
   </div>
   <div class='ocr_carea' id='block_1_36' title="bbox 299 2260 1861 2331">
    <p class='ocr_par' dir='ltr' id='par_1_36' title="bbox 299 2260 1861 2331">
     <span class='ocr_line' id='line_1_36' title="bbox 299 2260 1861 2331; baseline 0.002 -19"><span class='ocrx_word' id='word_1_251' title='bbox 299 2261 477 2327; x_wconf 85' lang='grc' dir='ltr'>διάγει</span> <span class='ocrx_word' id='word_1_252' title='bbox 510 2263 537 2313; x_wconf 99' lang='lat'><strong>6</strong></span> <span class='ocrx_word' id='word_1_253' title='bbox 572 2260 850 2331; x_wconf 80' lang='grc' dir='ltr'>βασιλεὺς,</span> <span class='ocrx_word' id='word_1_254' title='bbox 879 2261 1083 2328; x_wconf 81' lang='grc' dir='ltr'>ὀφείλει</span> <span class='ocrx_word' id='word_1_255' title='bbox 1132 2260 1536 2330; x_wconf 80' lang='grc' dir='ltr'>προσέρχεσθαι</span> <span class='ocrx_word' id='word_1_256' title='bbox 1582 2261 1660 2330; x_wconf 77' lang='grc' dir='ltr'><strong>τῷ</strong></span> <span class='ocrx_word' id='word_1_257' title='bbox 1686 2280 1861 2330; x_wconf 78' lang='grc' dir='ltr'>προσο</span> 
     </span>
    </p>
   </div>
   <div class='ocr_carea' id='block_1_37' title="bbox 300 2352 1864 2425">
    <p class='ocr_par' dir='ltr' id='par_1_37' title="bbox 300 2352 1864 2425">
     <span class='ocr_line' id='line_1_37' title="bbox 300 2352 1864 2425; baseline 0.003 -21"><span class='ocrx_word' id='word_1_258' title='bbox 300 2354 453 2423; x_wconf 80' lang='grc' dir='ltr'>φόρῳ</span> <span class='ocrx_word' id='word_1_259' title='bbox 510 2353 922 2425; x_wconf 76' lang='grc' dir='ltr'>μητροπολίτῃ,</span> <span class='ocrx_word' id='word_1_260' title='bbox 978 2352 1074 2405; x_wconf 78' lang='grc' dir='ltr'>καὶ</span> <span class='ocrx_word' id='word_1_261' title='bbox 1152 2352 1526 2406; x_wconf 81' lang='grc' dir='ltr'>ἀναδιδάσκειν</span> <span class='ocrx_word' id='word_1_262' title='bbox 1580 2354 1741 2408; x_wconf 77' lang='grc' dir='ltr'>αὐτὸν</span> <span class='ocrx_word' id='word_1_263' title='bbox 1801 2354 1864 2408; x_wconf 72' lang='grc' dir='ltr'>τὸ</span> 
     </span>
    </p>
   </div>
   <div class='ocr_carea' id='block_1_38' title="bbox 300 2442 1861 2515">
    <p class='ocr_par' dir='ltr' id='par_1_38' title="bbox 300 2442 1861 2515">
     <span class='ocr_line' id='line_1_38' title="bbox 300 2442 1861 2515; baseline 0.001 -18"><span class='ocrx_word' id='word_1_264' title='bbox 300 2445 501 2511; x_wconf 79' lang='grc' dir='ltr'>οἰκεῖον</span> <span class='ocrx_word' id='word_1_265' title='bbox 532 2442 799 2514; x_wconf 73' lang='grc' dir='ltr'>βούλημαο</span> <span class='ocrx_word' id='word_1_266' title='bbox 832 2445 928 2497; x_wconf 77' lang='grc' dir='ltr'>καὶ</span> <span class='ocrx_word' id='word_1_267' title='bbox 957 2445 984 2496; x_wconf 90' lang='grc' dir='ltr'><strong>ὀ</strong></span> <span class='ocrx_word' id='word_1_268' title='bbox 1018 2443 1423 2515; x_wconf 84' lang='grc' dir='ltr'>μητροπολίτης</span> <span class='ocrx_word' id='word_1_269' title='bbox 1449 2445 1586 2514; x_wconf 84' lang='grc' dir='ltr'>μετὰ</span> <span class='ocrx_word' id='word_1_270' title='bbox 1615 2444 1861 2499; x_wconf 81' lang='grc' dir='ltr'>διακόνου</span> 
     </span>
    </p>
   </div>
   <div class='ocr_carea' id='block_1_39' title="bbox 302 2535 1863 2606">
    <p class='ocr_par' dir='ltr' id='par_1_39' title="bbox 302 2535 1863 2606">
     <span class='ocr_line' id='line_1_39' title="bbox 302 2535 1863 2606; baseline -0.001 -16"><span class='ocrx_word' id='word_1_271' title='bbox 302 2536 491 2601; x_wconf 76' lang='grc' dir='ltr'>αὑτοῦ,</span> <span class='ocrx_word' id='word_1_272' title='bbox 512 2535 817 2603; x_wconf 78' lang='grc' dir='ltr'>ὀφείλοντος</span> <span class='ocrx_word' id='word_1_273' title='bbox 849 2536 1211 2606; x_wconf 77' lang='grc' dir='ltr'>ἐπιφέρεσθαι</span> <span class='ocrx_word' id='word_1_274' title='bbox 1243 2536 1535 2594; x_wconf 73' lang='grc' dir='ltr'>κανονικάς</span> <span class='ocrx_word' id='word_1_275' title='bbox 1554 2536 1863 2602; x_wconf 76' lang='grc' dir='ltr'>ἐπιστολάς,</span> 
     </span>
    </p>
   </div>
   <div class='ocr_carea' id='block_1_40' title="bbox 304 2626 1866 2697">
    <p class='ocr_par' dir='ltr' id='par_1_40' title="bbox 304 2626 1866 2697">
     <span class='ocr_line' id='line_1_40' title="bbox 304 2626 1866 2697; baseline 0.001 -16"><span class='ocrx_word' id='word_1_276' title='bbox 304 2628 475 2697; x_wconf 77' lang='grc' dir='ltr'>ἦγουν</span> <span class='ocrx_word' id='word_1_277' title='bbox 525 2626 813 2697; x_wconf 82' lang='grc' dir='ltr'>εἰρηνικὰς</span> <span class='ocrx_word' id='word_1_278' title='bbox 866 2627 961 2679; x_wconf 74' lang='grc' dir='ltr'><strong>καὶ</strong></span> <span class='ocrx_word' id='word_1_279' title='bbox 1026 2626 1377 2691; x_wconf 82' lang='grc' dir='ltr'>συστατικὰς,</span> <span class='ocrx_word' id='word_1_280' title='bbox 1419 2628 1735 2693; x_wconf 74' lang='grc' dir='ltr'>ἀναδιδάξαι</span> <span class='ocrx_word' id='word_1_281' title='bbox 1774 2630 1866 2682; x_wconf 76' lang='grc' dir='ltr'>τὸν</span> 
     </span>
    </p>
   </div>
   <div class='ocr_carea' id='block_1_41' title="bbox 304 2718 1865 2790">
    <p class='ocr_par' dir='ltr' id='par_1_41' title="bbox 304 2718 1865 2790">
     <span class='ocr_line' id='line_1_41' title="bbox 304 2718 1865 2790; baseline 0.001 -18"><span class='ocrx_word' id='word_1_282' title='bbox 304 2719 640 2787; x_wconf 75' lang='grc' dir='ltr'>ἐνδημοῦντα</span> <span class='ocrx_word' id='word_1_283' title='bbox 679 2719 994 2784; x_wconf 79' lang='grc' dir='ltr'>ἐπίσκοπον,</span> <span class='ocrx_word' id='word_1_284' title='bbox 1028 2718 1105 2782; x_wconf 84' lang='grc' dir='ltr'><strong>ώς</strong></span> <span class='ocrx_word' id='word_1_285' title='bbox 1140 2721 1378 2790; x_wconf 77' lang='grc' dir='ltr'>εἴρηται,</span> <span class='ocrx_word' id='word_1_286' title='bbox 1416 2722 1496 2781; x_wconf 84' lang='grc' dir='ltr'><strong>εἰς</strong></span> <span class='ocrx_word' id='word_1_287' title='bbox 1525 2722 1615 2774; x_wconf 81' lang='grc' dir='ltr'><strong>τὸν</strong></span> <span class='ocrx_word' id='word_1_288' title='bbox 1638 2720 1865 2790; x_wconf 83' lang='grc' dir='ltr'>βασιλέα</span> 
     </span>
    </p>
   </div>
   <div class='ocr_carea' id='block_1_42' title="bbox 302 2811 1863 2884">
    <p class='ocr_par' dir='ltr' id='par_1_42' title="bbox 302 2811 1863 2884">
     <span class='ocr_line' id='line_1_42' title="bbox 302 2811 1863 2884; baseline 0.003 -21"><span class='ocrx_word' id='word_1_289' title='bbox 302 2812 404 2879; x_wconf 86' lang='grc' dir='ltr'><strong>τὴν</strong></span> <span class='ocrx_word' id='word_1_290' title='bbox 452 2812 546 2865; x_wconf 83' lang='grc' dir='ltr'>τοῦ</span> <span class='ocrx_word' id='word_1_291' title='bbox 603 2811 832 2881; x_wconf 79' lang='grc' dir='ltr'>ἀδελφοῦ</span> <span class='ocrx_word' id='word_1_292' title='bbox 897 2811 993 2864; x_wconf 71' lang='grc' dir='ltr'><strong>καὶ</strong></span> <span class='ocrx_word' id='word_1_293' title='bbox 1051 2813 1448 2866; x_wconf 88' lang='grc' dir='ltr'>συνεπισκόπου</span> <span class='ocrx_word' id='word_1_294' title='bbox 1495 2812 1863 2884; x_wconf 81' lang='grc' dir='ltr'>παράκλησιν.</span> 
     </span>
    </p>
   </div>
   <div class='ocr_carea' id='block_1_43' title="bbox 304 2905 1866 2979">
    <p class='ocr_par' dir='ltr' id='par_1_43' title="bbox 304 2905 1866 2979">
     <span class='ocr_line' id='line_1_43' title="bbox 304 2905 1866 2979; baseline 0.002 -20"><span class='ocrx_word' id='word_1_295' title='bbox 304 2906 480 2960; x_wconf 79' lang='grc' dir='ltr'>Τοῦτο</span> <span class='ocrx_word' id='word_1_296' title='bbox 507 2905 565 2961; x_wconf 82' lang='grc' dir='ltr'>δὲ</span> <span class='ocrx_word' id='word_1_297' title='bbox 608 2907 853 2975; x_wconf 89' lang='grc' dir='ltr'>γίνεσθαι</span> <span class='ocrx_word' id='word_1_298' title='bbox 896 2905 1071 2971; x_wconf 73' lang='grc' dir='ltr'>οὕτως</span> <span class='ocrx_word' id='word_1_299' title='bbox 1102 2906 1336 2978; x_wconf 80' lang='grc' dir='ltr'>ὡρίσθη,</span> <span class='ocrx_word' id='word_1_300' title='bbox 1371 2908 1457 2961; x_wconf 80' lang='grc' dir='ltr'>ἵνα</span> <span class='ocrx_word' id='word_1_301' title='bbox 1499 2908 1528 2961; x_wconf 89' lang='grc' dir='ltr'><strong>ὀ</strong></span> <span class='ocrx_word' id='word_1_302' title='bbox 1589 2925 1866 2979; x_wconf 82' lang='grc' dir='ltr'>μητροπο-</span> 
     </span>
    </p>
   </div>
   <div class='ocr_carea' id='block_1_44' title="bbox 305 2998 1858 3073">
    <p class='ocr_par' dir='ltr' id='par_1_44' title="bbox 305 2998 1858 3073">
     <span class='ocr_line' id='line_1_44' title="bbox 305 2998 1858 3073; baseline 0.005 -23"><span class='ocrx_word' id='word_1_303' title='bbox 305 2998 458 3066; x_wconf 86' lang='grc' dir='ltr'>λίτης</span> <span class='ocrx_word' id='word_1_304' title='bbox 491 2998 700 3066; x_wconf 81' lang='grc' dir='ltr'>ἐπιγνῷ</span> <span class='ocrx_word' id='word_1_305' title='bbox 714 2999 812 3067; x_wconf 85' lang='grc' dir='ltr'>τὴν</span> <span class='ocrx_word' id='word_1_306' title='bbox 834 2999 1116 3067; x_wconf 83' lang='grc' dir='ltr'>ὑπόθεσιν,</span> <span class='ocrx_word' id='word_1_307' title='bbox 1142 3001 1239 3054; x_wconf 56' lang='grc' dir='ltr'><strong>καί⁵</strong></span> <span class='ocrx_word' id='word_1_308' title='bbox 1272 3001 1476 3070; x_wconf 84' lang='grc' dir='ltr'>διαγνῷ</span> <span class='ocrx_word' id='word_1_309' title='bbox 1510 3003 1558 3054; x_wconf 88' lang='grc' dir='ltr'><strong>εί</strong></span> <span class='ocrx_word' id='word_1_310' title='bbox 1584 3002 1858 3073; x_wconf 77' lang='grc' dir='ltr'>ἐνδέχεται</span> 
     </span>
    </p>
   </div>
   <div class='ocr_carea' id='block_1_45' title="bbox 1960 1897 3527 1969">
    <p class='ocr_par' dir='ltr' id='par_1_45' title="bbox 1960 1897 3527 1969">
     <span class='ocr_line' id='line_1_45' title="bbox 1960 1897 3527 1969; baseline -0.008 -12"><span class='ocrx_word' id='word_1_311' title='bbox 1960 1901 2307 1957; x_wconf 66' lang='lat' dir='ltr'><strong>Antiochense</strong></span> <span class='ocrx_word' id='word_1_312' title='bbox 2359 1898 2573 1969; x_wconf 86' lang='lat' dir='ltr'><strong>synodi,</strong></span> <span class='ocrx_word' id='word_1_313' title='bbox 2628 1915 2694 1954; x_wconf 84' lang='lat' dir='ltr'><strong>ex</strong></span> <span class='ocrx_word' id='word_1_314' title='bbox 2742 1897 2993 1968; x_wconf 66' lang='lat' dir='ltr'><strong>praesenti</strong></span> <span class='ocrx_word' id='word_1_315' title='bbox 3059 1909 3270 1965; x_wconf 87' lang='lat' dir='ltr'><strong>quoque</strong></span> <span class='ocrx_word' id='word_1_316' title='bbox 3318 1905 3527 1945; x_wconf 79' lang='lat' dir='ltr'><strong>canone</strong></span> 
     </span>
    </p>
   </div>
   <div class='ocr_carea' id='block_1_46' title="bbox 1961 1983 3529 2061">
    <p class='ocr_par' dir='ltr' id='par_1_46' title="bbox 1961 1983 3529 2061">
     <span class='ocr_line' id='line_1_46' title="bbox 1961 1983 3529 2061; baseline -0.008 -15"><span class='ocrx_word' id='word_1_317' title='bbox 1961 1994 2165 2047; x_wconf 88' lang='lat' dir='ltr'><strong>clarum</strong></span> <span class='ocrx_word' id='word_1_318' title='bbox 2205 2000 2308 2047; x_wconf 86' lang='lat' dir='ltr'><strong>est.</strong></span> <span class='ocrx_word' id='word_1_319' title='bbox 2344 1992 2480 2047; x_wconf 90' lang='lat' dir='ltr'><strong>Dicit</strong></span> <span class='ocrx_word' id='word_1_320' title='bbox 2514 1992 2690 2055; x_wconf 84' lang='lat' dir='ltr'><strong>enim,</strong></span> <span class='ocrx_word' id='word_1_321' title='bbox 2723 1991 2864 2061; x_wconf 88' lang='lat' dir='ltr'><strong>quod</strong></span> <span class='ocrx_word' id='word_1_322' title='bbox 2906 1990 2949 2045; x_wconf 90' lang='lat' dir='ltr'><strong>si</strong></span> <span class='ocrx_word' id='word_1_323' title='bbox 2986 1989 3271 2057; x_wconf 82' lang='lat' dir='ltr'><strong>episcopus</strong></span> <span class='ocrx_word' id='word_1_324' title='bbox 3296 1983 3529 2039; x_wconf 88' lang='lat' dir='ltr'><strong>voluerit</strong></span> 
     </span>
    </p>
   </div>
   <div class='ocr_carea' id='block_1_47' title="bbox 1964 2077 3524 2151">
    <p class='ocr_par' dir='ltr' id='par_1_47' title="bbox 1964 2077 3524 2151">
     <span class='ocr_line' id='line_1_47' title="bbox 1964 2077 3524 2151; baseline -0.008 -16"><span class='ocrx_word' id='word_1_325' title='bbox 1964 2082 2180 2135; x_wconf 82' lang='lat' dir='ltr'><strong>mittere</strong></span> <span class='ocrx_word' id='word_1_326' title='bbox 2214 2096 2408 2151; x_wconf 87' lang='lat' dir='ltr'><strong>preces</strong></span> <span class='ocrx_word' id='word_1_327' title='bbox 2461 2082 2525 2135; x_wconf 90' lang='lat' dir='ltr'><strong>ad</strong></span> <span class='ocrx_word' id='word_1_328' title='bbox 2573 2080 2929 2149; x_wconf 79' lang='lat' dir='ltr'><strong>imperatores</strong></span> <span class='ocrx_word' id='word_1_329' title='bbox 2964 2093 3058 2147; x_wconf 90' lang='lat' dir='ltr'><strong>per</strong></span> <span class='ocrx_word' id='word_1_330' title='bbox 3096 2077 3420 2131; x_wconf 88' lang='lat' dir='ltr'><strong>contratrem</strong></span> <span class='ocrx_word' id='word_1_331' title='bbox 3470 2080 3524 2125; x_wconf 85' lang='lat' dir='ltr'><strong>ct</strong></span> 
     </span>
    </p>
   </div>
   <div class='ocr_carea' id='block_1_48' title="bbox 1965 2168 3525 2245">
    <p class='ocr_par' dir='ltr' id='par_1_48' title="bbox 1965 2168 3525 2245">
     <span class='ocr_line' id='line_1_48' title="bbox 1965 2168 3525 2245; baseline -0.008 -14"><span class='ocrx_word' id='word_1_332' title='bbox 1965 2175 2336 2245; x_wconf 79' lang='lat' dir='ltr'><strong>coepiseOpum</strong></span> <span class='ocrx_word' id='word_1_333' title='bbox 2358 2191 2536 2239; x_wconf 88' lang='lat' dir='ltr'><strong>suum,</strong></span> <span class='ocrx_word' id='word_1_334' title='bbox 2567 2174 2658 2244; x_wconf 91' lang='lat' dir='ltr'><strong>qni</strong></span> <span class='ocrx_word' id='word_1_335' title='bbox 2682 2185 2762 2228; x_wconf 73' lang='grc' dir='ltr'><strong>εει</strong></span> <span class='ocrx_word' id='word_1_336' title='bbox 2791 2174 2843 2227; x_wconf 91' lang='lat' dir='ltr'><strong>in</strong></span> <span class='ocrx_word' id='word_1_337' title='bbox 2871 2188 2932 2229; x_wconf 91' lang='lat' dir='ltr'><strong>ea</strong></span> <span class='ocrx_word' id='word_1_338' title='bbox 2968 2169 3239 2240; x_wconf 80' lang='lat' dir='ltr'><strong>provincia</strong></span> <span class='ocrx_word' id='word_1_339' title='bbox 3272 2168 3525 2227; x_wconf 88' lang='lat' dir='ltr'><strong>antistes.</strong></span> 
     </span>
    </p>
   </div>
   <div class='ocr_carea' id='block_1_49' title="bbox 1966 2265 3525 2336">
    <p class='ocr_par' dir='ltr' id='par_1_49' title="bbox 1966 2265 3525 2336">
     <span class='ocr_line' id='line_1_49' title="bbox 1966 2265 3525 2336; baseline -0.008 -14"><span class='ocrx_word' id='word_1_340' title='bbox 1966 2270 2019 2322; x_wconf 91' lang='lat' dir='ltr'><strong>in</strong></span> <span class='ocrx_word' id='word_1_341' title='bbox 2051 2284 2153 2336; x_wconf 86' lang='lat' dir='ltr'><strong>qua</strong></span> <span class='ocrx_word' id='word_1_342' title='bbox 2184 2268 2476 2336; x_wconf 87' lang='lat' dir='ltr'><strong>imperator</strong></span> <span class='ocrx_word' id='word_1_343' title='bbox 2512 2266 2643 2333; x_wconf 76' lang='lat' dir='ltr'><strong>agit,</strong></span> <span class='ocrx_word' id='word_1_344' title='bbox 2677 2265 2835 2321; x_wconf 85' lang='lat' dir='ltr'><strong>debet</strong></span> <span class='ocrx_word' id='word_1_345' title='bbox 2879 2265 2945 2319; x_wconf 90' lang='lat' dir='ltr'><strong>ad</strong></span> <span class='ocrx_word' id='word_1_346' title='bbox 2976 2271 3365 2331; x_wconf 85' lang='lat' dir='ltr'><strong>competentem</strong></span> <span class='ocrx_word' id='word_1_347' title='bbox 3413 2273 3525 2312; x_wconf 82' lang='lat' dir='ltr'><strong>tne-</strong></span> 
     </span>
    </p>
   </div>
   <div class='ocr_carea' id='block_1_50' title="bbox 1968 2356 3522 2429">
    <p class='ocr_par' dir='ltr' id='par_1_50' title="bbox 1968 2356 3522 2429">
     <span class='ocr_line' id='line_1_50' title="bbox 1968 2356 3522 2429; baseline -0.006 -15"><span class='ocrx_word' id='word_1_348' title='bbox 1968 2360 2349 2429; x_wconf 84' lang='lat' dir='ltr'><strong>tropolitanum</strong></span> <span class='ocrx_word' id='word_1_349' title='bbox 2402 2358 2682 2422; x_wconf 84' lang='lat' dir='ltr'><strong>accedere,</strong></span> <span class='ocrx_word' id='word_1_350' title='bbox 2737 2369 2791 2411; x_wconf 89' lang='lat' dir='ltr'><strong>et</strong></span> <span class='ocrx_word' id='word_1_351' title='bbox 2834 2371 2983 2412; x_wconf 88' lang='lat' dir='ltr'><strong>suam</strong></span> <span class='ocrx_word' id='word_1_352' title='bbox 3029 2356 3356 2409; x_wconf 81' lang='lat' dir='ltr'><strong>voluntatem</strong></span> <span class='ocrx_word' id='word_1_353' title='bbox 3402 2367 3522 2406; x_wconf 88' lang='lat' dir='ltr'><strong>cum</strong></span> 
     </span>
    </p>
   </div>
   <div class='ocr_carea' id='block_1_51' title="bbox 1967 2441 3522 2520">
    <p class='ocr_par' dir='ltr' id='par_1_51' title="bbox 1967 2441 3522 2520">
     <span class='ocr_line' id='line_1_51' title="bbox 1967 2441 3522 2520; baseline -0.009 -14"><span class='ocrx_word' id='word_1_354' title='bbox 1967 2453 2203 2506; x_wconf 84' lang='lat' dir='ltr'><strong>docere:</strong></span> <span class='ocrx_word' id='word_1_355' title='bbox 2236 2450 2683 2520; x_wconf 84' lang='lat' dir='ltr'><strong>metropolitanns</strong></span> <span class='ocrx_word' id='word_1_356' title='bbox 2716 2463 2846 2503; x_wconf 87' lang='lat' dir='ltr'><strong>vero</strong></span> <span class='ocrx_word' id='word_1_357' title='bbox 2891 2461 3015 2501; x_wconf 90' lang='lat' dir='ltr'><strong>cum</strong></span> <span class='ocrx_word' id='word_1_358' title='bbox 3051 2445 3249 2499; x_wconf 88' lang='lat' dir='ltr'><strong>famulo</strong></span> <span class='ocrx_word' id='word_1_359' title='bbox 3280 2460 3400 2505; x_wconf 90' lang='lat' dir='ltr'><strong>suo,</strong></span> <span class='ocrx_word' id='word_1_360' title='bbox 3431 2441 3522 2511; x_wconf 84' lang='lat' dir='ltr'><strong>qui</strong></span> 
     </span>
    </p>
   </div>
   <div class='ocr_carea' id='block_1_52' title="bbox 1968 2527 3529 2613">
    <p class='ocr_par' dir='ltr' id='par_1_52' title="bbox 1968 2527 3529 2613">
     <span class='ocr_line' id='line_1_52' title="bbox 1968 2527 3529 2613; baseline -0.008 -15"><span class='ocrx_word' id='word_1_361' title='bbox 1968 2546 2125 2599; x_wconf 74' lang='lat' dir='ltr'><strong>debet</strong></span> <span class='ocrx_word' id='word_1_362' title='bbox 2157 2527 2411 2613; x_wconf 83' lang='lat' dir='ltr'><strong>epistolas</strong></span> <span class='ocrx_word' id='word_1_363' title='bbox 2442 2542 2733 2597; x_wconf 79' lang='lat' dir='ltr'><strong>canonicas</strong></span> <span class='ocrx_word' id='word_1_364' title='bbox 2785 2538 2997 2602; x_wconf 67' lang='lat' dir='ltr'><strong>aliene,</strong></span> <span class='ocrx_word' id='word_1_365' title='bbox 3033 2535 3241 2590; x_wconf 88' lang='lat' dir='ltr'><strong>scilicet</strong></span> <span class='ocrx_word' id='word_1_366' title='bbox 3274 2532 3529 2603; x_wconf 80' lang='lat' dir='ltr'><strong>pacificas</strong></span> 
     </span>
    </p>
   </div>
   <div class='ocr_carea' id='block_1_53' title="bbox 1968 2625 3527 2699">
    <p class='ocr_par' dir='ltr' id='par_1_53' title="bbox 1968 2625 3527 2699">
     <span class='ocr_line' id='line_1_53' title="bbox 1968 2625 3527 2699; baseline -0.01 -9"><span class='ocrx_word' id='word_1_367' title='bbox 1968 2646 2022 2690; x_wconf 82' lang='lat' dir='ltr'><strong>et</strong></span> <span class='ocrx_word' id='word_1_368' title='bbox 2077 2633 2567 2697; x_wconf 84' lang='lat' dir='ltr'><strong>commendatitias,</strong></span> <span class='ocrx_word' id='word_1_369' title='bbox 2618 2632 2833 2688; x_wconf 76' lang='lat' dir='ltr'><strong>docebit</strong></span> <span class='ocrx_word' id='word_1_370' title='bbox 2877 2631 3210 2699; x_wconf 86' lang='lat' dir='ltr'><strong>episc0pum,</strong></span> <span class='ocrx_word' id='word_1_371' title='bbox 3252 2627 3342 2695; x_wconf 90' lang='lat' dir='ltr'><strong>qni</strong></span> <span class='ocrx_word' id='word_1_372' title='bbox 3390 2625 3527 2693; x_wconf 87' lang='lat' dir='ltr'><strong>apud</strong></span> 
     </span>
    </p>
   </div>
   <div class='ocr_carea' id='block_1_54' title="bbox 1972 2718 3526 2799">
    <p class='ocr_par' dir='ltr' id='par_1_54' title="bbox 1972 2718 3526 2799">
     <span class='ocr_line' id='line_1_54' title="bbox 1972 2718 3526 2799; baseline -0.011 -14"><span class='ocrx_word' id='word_1_373' title='bbox 1972 2734 2373 2799; x_wconf 75' lang='lat' dir='ltr'><strong>imperatorem,</strong></span> <span class='ocrx_word' id='word_1_374' title='bbox 2421 2736 2474 2781; x_wconf 91' lang='lat' dir='ltr'><strong>ut</strong></span> <span class='ocrx_word' id='word_1_375' title='bbox 2507 2727 2705 2780; x_wconf 88' lang='lat' dir='ltr'><strong>dictum</strong></span> <span class='ocrx_word' id='word_1_376' title='bbox 2751 2733 2857 2789; x_wconf 88' lang='lat' dir='ltr'><strong>est,</strong></span> <span class='ocrx_word' id='word_1_377' title='bbox 2911 2730 3180 2782; x_wconf 81' lang='lat' dir='ltr'><strong>versatur,</strong></span> <span class='ocrx_word' id='word_1_378' title='bbox 3234 2718 3416 2771; x_wconf 77' lang='lat' dir='ltr'><strong>fratris</strong></span> <span class='ocrx_word' id='word_1_379' title='bbox 3470 2726 3526 2769; x_wconf 75' lang='lat' dir='ltr'><strong>et</strong></span> 
     </span>
    </p>
   </div>
   <div class='ocr_carea' id='block_1_55' title="bbox 1970 2809 3534 2890">
    <p class='ocr_par' dir='ltr' id='par_1_55' title="bbox 1970 2809 3534 2890">
     <span class='ocr_line' id='line_1_55' title="bbox 1970 2809 3534 2890; baseline -0.01 -14"><span class='ocrx_word' id='word_1_380' title='bbox 1970 2822 2270 2890; x_wconf 79' lang='lat' dir='ltr'><strong>coepiscopi</strong></span> <span class='ocrx_word' id='word_1_381' title='bbox 2307 2816 2744 2889; x_wconf 89' lang='lat' dir='ltr'><strong>postulationem.</strong></span> <span class='ocrx_word' id='word_1_382' title='bbox 2796 2813 2906 2868; x_wconf 88' lang='lat' dir='ltr'><strong>Hoc</strong></span> <span class='ocrx_word' id='word_1_383' title='bbox 2941 2823 3117 2867; x_wconf 89' lang='lat' dir='ltr'><strong>autem</strong></span> <span class='ocrx_word' id='word_1_384' title='bbox 3148 2811 3230 2865; x_wconf 88' lang='lat' dir='ltr'><strong>sic</strong></span> <span class='ocrx_word' id='word_1_385' title='bbox 3258 2809 3369 2863; x_wconf 86' lang='lat' dir='ltr'><strong>fleri</strong></span> <span class='ocrx_word' id='word_1_386' title='bbox 3422 2819 3534 2861; x_wconf 78' lang='lat' dir='ltr'><strong>sm-</strong></span> 
     </span>
    </p>
   </div>
   <div class='ocr_carea' id='block_1_56' title="bbox 1971 2907 3534 2977">
    <p class='ocr_par' dir='ltr' id='par_1_56' title="bbox 1971 2907 3534 2977">
     <span class='ocr_line' id='line_1_56' title="bbox 1971 2907 3534 2977; baseline -0.01 -9"><span class='ocrx_word' id='word_1_387' title='bbox 1971 2924 2143 2969; x_wconf 90' lang='lat' dir='ltr'><strong>tutum</strong></span> <span class='ocrx_word' id='word_1_388' title='bbox 2177 2922 2259 2967; x_wconf 70' lang='lat' dir='ltr'><strong>est</strong></span> <span class='ocrx_word' id='word_1_389' title='bbox 2282 2950 2297 2976; x_wconf 91' lang='lat'><strong>,</strong></span> <span class='ocrx_word' id='word_1_390' title='bbox 2329 2920 2386 2964; x_wconf 93' lang='lat' dir='ltr'><strong>ut</strong></span> <span class='ocrx_word' id='word_1_391' title='bbox 2414 2907 2861 2977; x_wconf 86' lang='lat' dir='ltr'><strong>metropolitanns</strong></span> <span class='ocrx_word' id='word_1_392' title='bbox 2894 2918 3110 2959; x_wconf 86' lang='lat' dir='ltr'><strong>causam</strong></span> <span class='ocrx_word' id='word_1_393' title='bbox 3147 2911 3434 2972; x_wconf 83' lang='lat' dir='ltr'><strong>cognoscat</strong></span> <span class='ocrx_word' id='word_1_394' title='bbox 3478 2909 3534 2953; x_wconf 68' lang='lat' dir='ltr'><strong>et</strong></span> 
     </span>
    </p>
   </div>
   <div class='ocr_carea' id='block_1_57' title="bbox 1972 2990 3529 3081">
    <p class='ocr_par' dir='ltr' id='par_1_57' title="bbox 1972 2990 3529 3081">
     <span class='ocr_line' id='line_1_57' title="bbox 1972 2990 3529 3081; baseline -0.01 -20"><span class='ocrx_word' id='word_1_395' title='bbox 1972 3008 2263 3067; x_wconf 84' lang='lat' dir='ltr'><strong>discernat,</strong></span> <span class='ocrx_word' id='word_1_396' title='bbox 2293 3019 2358 3057; x_wconf 87' lang='lat' dir='ltr'><strong>an</strong></span> <span class='ocrx_word' id='word_1_397' title='bbox 2387 3017 2506 3056; x_wconf 88' lang='lat' dir='ltr'><strong>eam</strong></span> <span class='ocrx_word' id='word_1_398' title='bbox 2526 3008 2769 3070; x_wconf 88' lang='lat' dir='ltr'><strong>oporteat</strong></span> <span class='ocrx_word' id='word_1_399' title='bbox 2799 3000 2864 3051; x_wconf 90' lang='lat' dir='ltr'><strong>ad</strong></span> <span class='ocrx_word' id='word_1_400' title='bbox 2890 2996 3269 3081; x_wconf 68' lang='lat' dir='ltr'><strong>imperatorem</strong></span> <span class='ocrx_word' id='word_1_401' title='bbox 3298 2990 3529 3046; x_wconf 89' lang='lat' dir='ltr'><strong>referre.</strong></span> 
     </span>
    </p>
   </div>
   <div class='ocr_carea' id='block_1_58' title="bbox 305 3084 1868 3175">
    <p class='ocr_par' dir='ltr' id='par_1_58' title="bbox 305 3090 1868 3172">
     <span class='ocr_line' id='line_1_58' title="bbox 305 3090 1868 3172; baseline 0.005 -28"><span class='ocrx_word' id='word_1_402' title='bbox 305 3090 657 3161; x_wconf 82' lang='grc' dir='ltr'>ἀνενεχθῆναι</span> <span class='ocrx_word' id='word_1_403' title='bbox 686 3090 892 3161; x_wconf 79' lang='grc' dir='ltr'>ταύτην</span> <span class='ocrx_word' id='word_1_404' title='bbox 949 3092 1028 3163; x_wconf 77' lang='grc' dir='ltr'>τῷ</span> <span class='ocrx_word' id='word_1_405' title='bbox 1063 3094 1297 3172; x_wconf 61' lang='grc' dir='ltr'>βασιλεῖ,</span> <span class='ocrx_word' id='word_1_406' title='bbox 1324 3095 1433 3148; x_wconf 72' lang='grc' dir='ltr'>εἴτε</span> <span class='ocrx_word' id='word_1_407' title='bbox 1468 3096 1563 3149; x_wconf 77' lang='grc' dir='ltr'><strong>καὶ</strong></span> <span class='ocrx_word' id='word_1_408' title='bbox 1607 3098 1704 3167; x_wconf 86' lang='grc' dir='ltr'><strong>μή.</strong></span> <span class='ocrx_word' id='word_1_409' title='bbox 1780 3097 1868 3159; x_wconf 82' lang='grc' dir='ltr'>Ὠς</span> 
     </span>
    </p>
   </div>
   <div class='ocr_carea' id='block_1_59' title="bbox 1983 3084 3531 3175">
    <p class='ocr_par' dir='ltr' id='par_1_59' title="bbox 1983 3084 3531 3165">
     <span class='ocr_line' id='line_1_59' title="bbox 1983 3084 3531 3165; baseline -0.01 -14"><span class='ocrx_word' id='word_1_410' title='bbox 1983 3116 2037 3151; x_wconf 83' lang='grc' dir='ltr'><strong>ιιι</strong></span> <span class='ocrx_word' id='word_1_411' title='bbox 2068 3114 2197 3151; x_wconf 87' lang='grc' dir='ltr'>ιιοιι.</span> <span class='ocrx_word' id='word_1_412' title='bbox 2232 3096 2515 3165; x_wconf 89' lang='lat' dir='ltr'><strong>Tanquam</strong></span> <span class='ocrx_word' id='word_1_413' title='bbox 2540 3102 2718 3147; x_wconf 88' lang='lat' dir='ltr'><strong>autem</strong></span> <span class='ocrx_word' id='word_1_414' title='bbox 2749 3090 2973 3145; x_wconf 83' lang='lat' dir='ltr'><strong>dixisset</strong></span> <span class='ocrx_word' id='word_1_415' title='bbox 2995 3086 3281 3157; x_wconf 89' lang='lat' dir='ltr'><strong>quispiam,</strong></span> <span class='ocrx_word' id='word_1_416' title='bbox 3315 3100 3406 3153; x_wconf 84' lang='lat' dir='ltr'><strong>per</strong></span> <span class='ocrx_word' id='word_1_417' title='bbox 3429 3084 3531 3136; x_wconf 92' lang='lat' dir='ltr'><strong>hoc</strong></span> 
     </span>
    </p>
   </div>
   <div class='ocr_carea' id='block_1_60' title="bbox 304 3183 1868 3258">
    <p class='ocr_par' dir='ltr' id='par_1_60' title="bbox 304 3183 1868 3258">
     <span class='ocr_line' id='line_1_60' title="bbox 304 3183 1868 3258; baseline 0.005 -23"><span class='ocrx_word' id='word_1_418' title='bbox 304 3184 362 3236; x_wconf 76' lang='grc' dir='ltr'>δέ</span> <span class='ocrx_word' id='word_1_419' title='bbox 401 3199 542 3247; x_wconf 87' lang='grc' dir='ltr'>τινος</span> <span class='ocrx_word' id='word_1_420' title='bbox 583 3183 853 3248; x_wconf 76' lang='grc' dir='ltr'>εἰπόντος,</span> <span class='ocrx_word' id='word_1_421' title='bbox 884 3186 949 3239; x_wconf 83' lang='grc' dir='ltr'>ὲκ</span> <span class='ocrx_word' id='word_1_422' title='bbox 1015 3186 1206 3239; x_wconf 83' lang='grc' dir='ltr'>τούτου</span> <span class='ocrx_word' id='word_1_423' title='bbox 1241 3188 1585 3257; x_wconf 82' lang='grc' dir='ltr'>ἀναιρεῖσθαι</span> <span class='ocrx_word' id='word_1_424' title='bbox 1638 3189 1731 3242; x_wconf 80' lang='grc' dir='ltr'><strong>τὸν</strong></span> <span class='ocrx_word' id='word_1_425' title='bbox 1769 3191 1868 3258; x_wconf 84' lang='grc' dir='ltr'>τῆς</span> 
     </span>
    </p>
   </div>
   <div class='ocr_carea' id='block_1_61' title="bbox 308 3274 1870 3350">
    <p class='ocr_par' dir='ltr' id='par_1_61' title="bbox 308 3274 1870 3350">
     <span class='ocr_line' id='line_1_61' title="bbox 308 3274 1870 3350; baseline 0.004 -21"><span class='ocrx_word' id='word_1_426' title='bbox 308 3274 589 3347; x_wconf 82' lang='grc' dir='ltr'>παρούσης</span> <span class='ocrx_word' id='word_1_427' title='bbox 624 3276 846 3330; x_wconf 83' lang='grc' dir='ltr'>συνόδου</span> <span class='ocrx_word' id='word_1_428' title='bbox 875 3274 924 3346; x_wconf 85' lang='grc' dir='ltr'>η’</span> <span class='ocrx_word' id='word_1_429' title='bbox 965 3278 1188 3343; x_wconf 88' lang='grc' dir='ltr'>κανόνα,</span> <span class='ocrx_word' id='word_1_430' title='bbox 1214 3278 1304 3331; x_wconf 81' lang='grc' dir='ltr'><strong>τὸν</strong></span> <span class='ocrx_word' id='word_1_431' title='bbox 1322 3279 1691 3350; x_wconf 78' lang='grc' dir='ltr'>διοριζόμενον</span> <span class='ocrx_word' id='word_1_432' title='bbox 1731 3283 1870 3349; x_wconf 84' lang='grc' dir='ltr'><strong>μετά</strong></span> 
     </span>
    </p>
   </div>
   <div class='ocr_carea' id='block_1_62' title="bbox 302 3369 1870 3445">
    <p class='ocr_par' dir='ltr' id='par_1_62' title="bbox 302 3369 1870 3445">
     <span class='ocr_line' id='line_1_62' title="bbox 302 3369 1870 3445; baseline 0.003 -22"><span class='ocrx_word' id='word_1_433' title='bbox 302 3369 569 3423; x_wconf 89' lang='grc' dir='ltr'>διακόνων</span> <span class='ocrx_word' id='word_1_434' title='bbox 600 3369 821 3423; x_wconf 71' lang='grc' dir='ltr'>οἰκείων</span> <span class='ocrx_word' id='word_1_435' title='bbox 871 3372 999 3433; x_wconf 80' lang='grc' dir='ltr'>τοὺς</span> <span class='ocrx_word' id='word_1_436' title='bbox 1037 3372 1376 3434; x_wconf 67' lang='grc' dir='ltr'>ἐπισκόπους</span> <span class='ocrx_word' id='word_1_437' title='bbox 1428 3374 1870 3445; x_wconf 81' lang='grc' dir='ltr'>ὑπομιμνήσκειν</span> 
     </span>
    </p>
   </div>
   <div class='ocr_carea' id='block_1_63' title="bbox 303 3461 1872 3539">
    <p class='ocr_par' dir='ltr' id='par_1_63' title="bbox 303 3461 1872 3539">
     <span class='ocr_line' id='line_1_63' title="bbox 303 3461 1872 3539; baseline 0.003 -24"><span class='ocrx_word' id='word_1_438' title='bbox 303 3462 399 3515; x_wconf 77' lang='grc' dir='ltr'><strong>τὸν</strong></span> <span class='ocrx_word' id='word_1_439' title='bbox 428 3461 653 3532; x_wconf 76' lang='grc' dir='ltr'>βασιλέα</span> <span class='ocrx_word' id='word_1_440' title='bbox 668 3461 737 3514; x_wconf 87' lang='grc' dir='ltr'><strong>τά</strong></span> <span class='ocrx_word' id='word_1_441' title='bbox 778 3463 906 3531; x_wconf 73' lang='grc' dir='ltr'>περὶ</span> <span class='ocrx_word' id='word_1_442' title='bbox 929 3463 1039 3515; x_wconf 86' lang='grc' dir='ltr'><strong>τῶν</strong></span> <span class='ocrx_word' id='word_1_443' title='bbox 1066 3464 1405 3533; x_wconf 78' lang='grc' dir='ltr'>ψυχωφελῶν</span> <span class='ocrx_word' id='word_1_444' title='bbox 1432 3467 1643 3531; x_wconf 83' lang='grc' dir='ltr'>αίτιῶν,</span> <span class='ocrx_word' id='word_1_445' title='bbox 1699 3484 1872 3539; x_wconf 87' lang='grc' dir='ltr'>προσ-</span> 
     </span>
    </p>
   </div>
   <div class='ocr_carea' id='block_1_64' title="bbox 308 3546 1874 3628">
    <p class='ocr_par' dir='ltr' id='par_1_64' title="bbox 308 3546 1874 3628">
     <span class='ocr_line' id='line_1_64' title="bbox 308 3546 1874 3628; baseline 0 -22"><span class='ocrx_word' id='word_1_446' title='bbox 308 3554 494 3607; x_wconf 83' lang='grc' dir='ltr'>ἐθεντο</span> <span class='ocrx_word' id='word_1_447' title='bbox 522 3554 572 3606; x_wconf 82' lang='lat' dir='ltr'><strong>oi</strong></span> <span class='ocrx_word' id='word_1_448' title='bbox 618 3552 881 3624; x_wconf 80' lang='grc' dir='ltr'>Πατέρες,</span> <span class='ocrx_word' id='word_1_449' title='bbox 929 3554 1065 3623; x_wconf 81' lang='grc' dir='ltr'>πρὸς</span> <span class='ocrx_word' id='word_1_450' title='bbox 1098 3554 1197 3625; x_wconf 82' lang='grc' dir='ltr'>μὲν</span> <span class='ocrx_word' id='word_1_451' title='bbox 1232 3546 1449 3624; x_wconf 84' lang='grc' dir='ltr'>βασιλέα</span> <span class='ocrx_word' id='word_1_452' title='bbox 1487 3557 1561 3628; x_wconf 84' lang='grc' dir='ltr'>μὴ</span> <span class='ocrx_word' id='word_1_453' title='bbox 1612 3560 1874 3612; x_wconf 75' lang='grc' dir='ltr'>ἀποστέλ-</span> 
     </span>
    </p>
   </div>
   <div class='ocr_carea' id='block_1_65' title="bbox 308 3643 1872 3720">
    <p class='ocr_par' dir='ltr' id='par_1_65' title="bbox 308 3643 1872 3720">
     <span class='ocr_line' id='line_1_65' title="bbox 308 3643 1872 3720; baseline 0.006 -25"><span class='ocrx_word' id='word_1_454' title='bbox 308 3643 501 3697; x_wconf 87' lang='grc' dir='ltr'>λεσθαι</span> <span class='ocrx_word' id='word_1_455' title='bbox 528 3643 773 3697; x_wconf 76' lang='grc' dir='ltr'>διάκονον</span> <span class='ocrx_word' id='word_1_456' title='bbox 818 3644 975 3715; x_wconf 84' lang='grc' dir='ltr'>παρὰ</span> <span class='ocrx_word' id='word_1_457' title='bbox 1024 3646 1326 3700; x_wconf 75' lang='grc' dir='ltr'>ἐπισκόπου</span> <span class='ocrx_word' id='word_1_458' title='bbox 1368 3647 1538 3717; x_wconf 68' lang='grc' dir='ltr'>χωρὶς</span> <span class='ocrx_word' id='word_1_459' title='bbox 1592 3650 1872 3720; x_wconf 77' lang='grc' dir='ltr'>συνοδικῆς</span> 
     </span>
    </p>
   </div>
   <div class='ocr_carea' id='block_1_66' title="bbox 310 3736 1875 3809">
    <p class='ocr_par' dir='ltr' id='par_1_66' title="bbox 310 3736 1875 3809">
     <span class='ocr_line' id='line_1_66' title="bbox 310 3736 1875 3809; baseline 0.003 -19"><span class='ocrx_word' id='word_1_460' title='bbox 310 3736 635 3806; x_wconf 71' lang='grc' dir='ltr'>ἐπιτροπῆςο</span> <span class='ocrx_word' id='word_1_461' title='bbox 669 3738 806 3807; x_wconf 86' lang='grc' dir='ltr'>πρὸς</span> <span class='ocrx_word' id='word_1_462' title='bbox 824 3737 881 3791; x_wconf 74' lang='grc' dir='ltr'>δέ</span> <span class='ocrx_word' id='word_1_463' title='bbox 903 3754 1055 3800; x_wconf 89' lang='grc' dir='ltr'>τινας</span> <span class='ocrx_word' id='word_1_464' title='bbox 1086 3738 1322 3802; x_wconf 76' lang='grc' dir='ltr'>οἰκείους</span> <span class='ocrx_word' id='word_1_465' title='bbox 1347 3739 1424 3809; x_wconf 75' lang='grc' dir='ltr'>τῷ</span> <span class='ocrx_word' id='word_1_466' title='bbox 1462 3738 1673 3809; x_wconf 89' lang='grc' dir='ltr'>βασιλεῖ</span> <span class='ocrx_word' id='word_1_467' title='bbox 1697 3744 1875 3796; x_wconf 84' lang='grc' dir='ltr'>ποιεῖν</span> 
     </span>
    </p>
   </div>
   <div class='ocr_carea' id='block_1_67' title="bbox 315 3828 1873 3905">
    <p class='ocr_par' dir='ltr' id='par_1_67' title="bbox 315 3828 1873 3905">
     <span class='ocr_line' id='line_1_67' title="bbox 315 3828 1873 3905; baseline 0.006 -25"><span class='ocrx_word' id='word_1_468' title='bbox 315 3828 455 3898; x_wconf 88' lang='grc' dir='ltr'><strong>μετά</strong></span> <span class='ocrx_word' id='word_1_469' title='bbox 491 3829 746 3883; x_wconf 84' lang='grc' dir='ltr'>διακόνου</span> <span class='ocrx_word' id='word_1_470' title='bbox 784 3828 1058 3893; x_wconf 78' lang='grc' dir='ltr'>ἀξιώσεις.</span> <span class='ocrx_word' id='word_1_471' title='bbox 1090 3830 1237 3900; x_wconf 78' lang='grc' dir='ltr'>Πλὴν</span> <span class='ocrx_word' id='word_1_472' title='bbox 1264 3833 1359 3885; x_wconf 69' lang='grc' dir='ltr'><strong>καὶ</strong></span> <span class='ocrx_word' id='word_1_473' title='bbox 1398 3835 1575 3900; x_wconf 84' lang='grc' dir='ltr'>τοῦτο,</span> <span class='ocrx_word' id='word_1_474' title='bbox 1622 3835 1699 3898; x_wconf 85' lang='grc' dir='ltr'><strong>ὡς</strong></span> <span class='ocrx_word' id='word_1_475' title='bbox 1747 3835 1873 3905; x_wconf 65' lang='grc' dir='ltr'>ἐμοὶ</span> 
     </span>
    </p>
   </div>
   <div class='ocr_carea' id='block_1_68' title="bbox 310 3920 1870 3997">
    <p class='ocr_par' dir='ltr' id='par_1_68' title="bbox 310 3920 1870 3997">
     <span class='ocr_line' id='line_1_68' title="bbox 310 3920 1870 3997; baseline 0.004 -22"><span class='ocrx_word' id='word_1_476' title='bbox 310 3921 481 3986; x_wconf 81' lang='grc' dir='ltr'>δοκεῖ,</span> <span class='ocrx_word' id='word_1_477' title='bbox 512 3920 655 3991; x_wconf 85' lang='grc' dir='ltr'><strong>μετά</strong></span> <span class='ocrx_word' id='word_1_478' title='bbox 702 3922 962 3989; x_wconf 77' lang='grc' dir='ltr'>εἰδήσεως</span> <span class='ocrx_word' id='word_1_479' title='bbox 990 3920 1084 3975; x_wconf 81' lang='grc' dir='ltr'>τοῦ</span> <span class='ocrx_word' id='word_1_480' title='bbox 1121 3924 1515 3994; x_wconf 84' lang='grc' dir='ltr'>μητροπολίτου</span> <span class='ocrx_word' id='word_1_481' title='bbox 1556 3928 1870 3997; x_wconf 83' lang='grc' dir='ltr'>γενήσεται.</span> 
     </span>
    </p>
   </div>
   <div class='ocr_carea' id='block_1_69' title="bbox 311 4014 1873 4090">
    <p class='ocr_par' dir='ltr' id='par_1_69' title="bbox 311 4014 1873 4090">
     <span class='ocr_line' id='line_1_69' title="bbox 311 4014 1873 4090; baseline 0.005 -24"><span class='ocrx_word' id='word_1_482' title='bbox 311 4015 452 4076; x_wconf 79' lang='grc' dir='ltr'>Τοὺς</span> <span class='ocrx_word' id='word_1_483' title='bbox 515 4014 697 4082; x_wconf 82' lang='grc' dir='ltr'>μέντοι</span> <span class='ocrx_word' id='word_1_484' title='bbox 728 4015 1207 4085; x_wconf 79' lang='grc' dir='ltr'>παραγινομένους</span> <span class='ocrx_word' id='word_1_485' title='bbox 1238 4018 1316 4080; x_wconf 83' lang='grc' dir='ltr'><strong>είς</strong></span> <span class='ocrx_word' id='word_1_486' title='bbox 1363 4017 1461 4087; x_wconf 81' lang='grc' dir='ltr'><strong>τὴν</strong></span> <span class='ocrx_word' id='word_1_487' title='bbox 1505 4018 1722 4090; x_wconf 77' lang='grc' dir='ltr'>Ῥώμην</span> <span class='ocrx_word' id='word_1_488' title='bbox 1754 4023 1873 4075; x_wconf 80' lang='grc' dir='ltr'>ἐπιο</span> 
     </span>
    </p>
   </div>
   <div class='ocr_carea' id='block_1_70' title="bbox 311 4106 1872 4185">
    <p class='ocr_par' dir='ltr' id='par_1_70' title="bbox 311 4106 1872 4185">
     <span class='ocr_line' id='line_1_70' title="bbox 311 4106 1872 4185; baseline 0.004 -26"><span class='ocrx_word' id='word_1_489' title='bbox 311 4107 549 4169; x_wconf 86' lang='grc' dir='ltr'>σκόπους</span> <span class='ocrx_word' id='word_1_490' title='bbox 589 4107 662 4177; x_wconf 77' lang='grc' dir='ltr'><strong>μὴ</strong></span> <span class='ocrx_word' id='word_1_491' title='bbox 698 4106 872 4171; x_wconf 84' lang='grc' dir='ltr'>άλλως</span> <span class='ocrx_word' id='word_1_492' title='bbox 892 4108 970 4177; x_wconf 87' lang='grc' dir='ltr'><strong>τῷ</strong></span> <span class='ocrx_word' id='word_1_493' title='bbox 1019 4107 1232 4177; x_wconf 84' lang='grc' dir='ltr'>βασιλεῖ</span> <span class='ocrx_word' id='word_1_494' title='bbox 1260 4109 1677 4181; x_wconf 78' lang='grc' dir='ltr'>προσέρχεσθαι,</span> <span class='ocrx_word' id='word_1_495' title='bbox 1719 4114 1768 4167; x_wconf 90' lang='grc' dir='ltr'><strong>εί</strong></span> <span class='ocrx_word' id='word_1_496' title='bbox 1797 4115 1872 4185; x_wconf 81' lang='grc' dir='ltr'><strong>μή</strong></span> 
     </span>
    </p>
   </div>
   <div class='ocr_carea' id='block_1_71' title="bbox 308 4201 1873 4274">
    <p class='ocr_par' dir='ltr' id='par_1_71' title="bbox 308 4201 1873 4274">
     <span class='ocr_line' id='line_1_71' title="bbox 308 4201 1873 4274; baseline 0.004 -20"><span class='ocrx_word' id='word_1_497' title='bbox 308 4206 337 4254; x_wconf 88' lang='grc' dir='ltr'>ὁ</span> <span class='ocrx_word' id='word_1_498' title='bbox 358 4203 589 4265; x_wconf 86' lang='grc' dir='ltr'>πάππας</span> <span class='ocrx_word' id='word_1_499' title='bbox 634 4201 774 4273; x_wconf 79' lang='grc' dir='ltr'><strong>λάὸῃ</strong></span> <span class='ocrx_word' id='word_1_500' title='bbox 802 4203 902 4273; x_wconf 78' lang='grc' dir='ltr'><strong>τήν</strong></span> <span class='ocrx_word' id='word_1_501' title='bbox 930 4202 1059 4273; x_wconf 79' lang='grc' dir='ltr'><strong>περὶ</strong></span> <span class='ocrx_word' id='word_1_502' title='bbox 1093 4203 1286 4257; x_wconf 86' lang='grc' dir='ltr'>τούτου</span> <span class='ocrx_word' id='word_1_503' title='bbox 1318 4205 1547 4274; x_wconf 76' lang='grc' dir='ltr'>εἴδησιν·</span> <span class='ocrx_word' id='word_1_504' title='bbox 1584 4207 1678 4260; x_wconf 73' lang='grc' dir='ltr'><strong>καὶ</strong></span> <span class='ocrx_word' id='word_1_505' title='bbox 1708 4208 1873 4272; x_wconf 83' lang='grc' dir='ltr'>αὐτὸς</span> 
     </span>
    </p>
   </div>
   <div class='ocr_carea' id='block_1_72' title="bbox 308 4294 1870 4372">
    <p class='ocr_par' dir='ltr' id='par_1_72' title="bbox 308 4294 1870 4372">
     <span class='ocr_line' id='line_1_72' title="bbox 308 4294 1870 4372; baseline 0.004 -23"><span class='ocrx_word' id='word_1_506' title='bbox 308 4296 613 4363; x_wconf 79' lang='grc' dir='ltr'>δοκιμάσας</span> <span class='ocrx_word' id='word_1_507' title='bbox 652 4296 723 4346; x_wconf 84' lang='grc' dir='ltr'><strong>τά</strong></span> <span class='ocrx_word' id='word_1_508' title='bbox 745 4295 873 4364; x_wconf 77' lang='grc' dir='ltr'>περὶ</span> <span class='ocrx_word' id='word_1_509' title='bbox 913 4294 1020 4348; x_wconf 85' lang='grc' dir='ltr'><strong>τῶν</strong></span> <span class='ocrx_word' id='word_1_510' title='bbox 1049 4296 1312 4367; x_wconf 87' lang='grc' dir='ltr'>δεήσεων,</span> <span class='ocrx_word' id='word_1_511' title='bbox 1346 4298 1380 4367; x_wconf 84' lang='grc' dir='ltr'>ἢ</span> <span class='ocrx_word' id='word_1_512' title='bbox 1433 4300 1718 4369; x_wconf 77' lang='grc' dir='ltr'>ἐπιτρέψει</span> <span class='ocrx_word' id='word_1_513' title='bbox 1771 4302 1870 4372; x_wconf 74' lang='grc' dir='ltr'><strong>τὴν</strong></span> 
     </span>
    </p>
   </div>
   <div class='ocr_carea' id='block_1_73' title="bbox 310 4385 1868 4459">
    <p class='ocr_par' dir='ltr' id='par_1_73' title="bbox 310 4385 1868 4459">
     <span class='ocr_line' id='line_1_73' title="bbox 310 4385 1868 4459; baseline 0.004 -20"><span class='ocrx_word' id='word_1_514' title='bbox 310 4385 614 4456; x_wconf 81' lang='grc' dir='ltr'>ἀναφορὰν,</span> <span class='ocrx_word' id='word_1_515' title='bbox 646 4389 741 4439; x_wconf 72' lang='grc' dir='ltr'>καὶ</span> <span class='ocrx_word' id='word_1_516' title='bbox 791 4387 1091 4458; x_wconf 80' lang='grc' dir='ltr'>ἀποστείλῃ</span> <span class='ocrx_word' id='word_1_517' title='bbox 1127 4388 1327 4451; x_wconf 80' lang='grc' dir='ltr'>αὐτοὺς</span> <span class='ocrx_word' id='word_1_518' title='bbox 1365 4391 1446 4451; x_wconf 87' lang='grc' dir='ltr'><strong>είς</strong></span> <span class='ocrx_word' id='word_1_519' title='bbox 1479 4390 1572 4443; x_wconf 83' lang='grc' dir='ltr'><strong>τὸν</strong></span> <span class='ocrx_word' id='word_1_520' title='bbox 1620 4389 1868 4459; x_wconf 79' lang='grc' dir='ltr'>βασιλέα,</span> 
     </span>
    </p>
   </div>
   <div class='ocr_carea' id='block_1_74' title="bbox 1974 3178 3539 3260">
    <p class='ocr_par' dir='ltr' id='par_1_74' title="bbox 1974 3178 3539 3260">
     <span class='ocr_line' id='line_1_74' title="bbox 1974 3178 3539 3260; baseline -0.011 -15"><span class='ocrx_word' id='word_1_521' title='bbox 1974 3190 2084 3245; x_wconf 86' lang='lat' dir='ltr'><strong>tolli</strong></span> <span class='ocrx_word' id='word_1_522' title='bbox 2132 3188 2411 3260; x_wconf 79' lang='lat' dir='ltr'><strong>praesentis</strong></span> <span class='ocrx_word' id='word_1_523' title='bbox 2452 3185 2643 3256; x_wconf 84' lang='lat' dir='ltr'><strong>synodi</strong></span> <span class='ocrx_word' id='word_1_524' title='bbox 2695 3196 2953 3238; x_wconf 85' lang='lat' dir='ltr'><strong>canonem</strong></span> <span class='ocrx_word' id='word_1_525' title='bbox 2988 3181 3022 3235; x_wconf 91' lang='lat'>8</span> <span class='ocrx_word' id='word_1_526' title='bbox 3071 3179 3160 3249; x_wconf 87' lang='lat' dir='ltr'><strong>qui</strong></span> <span class='ocrx_word' id='word_1_527' title='bbox 3208 3178 3430 3241; x_wconf 84' lang='lat' dir='ltr'><strong>statuit,</strong></span> <span class='ocrx_word' id='word_1_528' title='bbox 3479 3186 3539 3229; x_wconf 90' lang='lat' dir='ltr'><strong>ut</strong></span> 
     </span>
    </p>
   </div>
   <div class='ocr_carea' id='block_1_75' title="bbox 1972 3272 3530 3353">
    <p class='ocr_par' dir='ltr' id='par_1_75' title="bbox 1972 3272 3530 3353">
     <span class='ocr_line' id='line_1_75' title="bbox 1972 3272 3530 3353; baseline -0.012 -14"><span class='ocrx_word' id='word_1_529' title='bbox 1972 3282 2210 3353; x_wconf 88' lang='lat' dir='ltr'><strong>episcopi</strong></span> <span class='ocrx_word' id='word_1_530' title='bbox 2241 3297 2363 3337; x_wconf 90' lang='lat' dir='ltr'><strong>cum</strong></span> <span class='ocrx_word' id='word_1_531' title='bbox 2393 3279 2625 3349; x_wconf 88' lang='lat' dir='ltr'><strong>propriis</strong></span> <span class='ocrx_word' id='word_1_532' title='bbox 2651 3276 2912 3331; x_wconf 85' lang='lat' dir='ltr'><strong>ministris</strong></span> <span class='ocrx_word' id='word_1_533' title='bbox 2932 3275 3312 3344; x_wconf 82' lang='lat' dir='ltr'><strong>imperatorem</strong></span> <span class='ocrx_word' id='word_1_534' title='bbox 3345 3272 3530 3323; x_wconf 89' lang='lat' dir='ltr'><strong>admo-</strong></span> 
     </span>
    </p>
   </div>
   <div class='ocr_carea' id='block_1_76' title="bbox 1974 3364 3538 3434">
    <p class='ocr_par' dir='ltr' id='par_1_76' title="bbox 1974 3364 3538 3434">
     <span class='ocr_line' id='line_1_76' title="bbox 1974 3364 3538 3434; baseline -0.012 -3"><span class='ocrx_word' id='word_1_535' title='bbox 1974 3386 2138 3431; x_wconf 90' lang='lat' dir='ltr'><strong>neant</strong></span> <span class='ocrx_word' id='word_1_536' title='bbox 2168 3376 2235 3430; x_wconf 87' lang='lat' dir='ltr'><strong>de</strong></span> <span class='ocrx_word' id='word_1_537' title='bbox 2262 3376 2448 3429; x_wconf 88' lang='lat' dir='ltr'><strong>causis</strong></span> <span class='ocrx_word' id='word_1_538' title='bbox 2481 3371 2676 3426; x_wconf 72' lang='lat' dir='ltr'><strong>animm</strong></span> <span class='ocrx_word' id='word_1_539' title='bbox 2702 3367 3138 3424; x_wconf 90' lang='lat' dir='ltr'><strong>conducibilibus</strong></span> <span class='ocrx_word' id='word_1_540' title='bbox 3167 3381 3184 3431; x_wconf 87' lang='lat'><strong>;</strong></span> <span class='ocrx_word' id='word_1_541' title='bbox 3224 3364 3538 3434; x_wconf 79' lang='lat' dir='ltr'><strong>adjecerunt</strong></span> 
     </span>
    </p>
   </div>
   <div class='ocr_carea' id='block_1_77' title="bbox 1973 3456 3536 3535">
    <p class='ocr_par' dir='ltr' id='par_1_77' title="bbox 1973 3456 3536 3535">
     <span class='ocr_line' id='line_1_77' title="bbox 1973 3456 3536 3535; baseline -0.01 -14"><span class='ocrx_word' id='word_1_542' title='bbox 1973 3467 2204 3531; x_wconf 84' lang='lat' dir='ltr'><strong>Patres,</strong></span> <span class='ocrx_word' id='word_1_543' title='bbox 2258 3467 2325 3519; x_wconf 91' lang='lat' dir='ltr'><strong>ad</strong></span> <span class='ocrx_word' id='word_1_544' title='bbox 2374 3466 2753 3535; x_wconf 82' lang='lat' dir='ltr'><strong>imperatorem</strong></span> <span class='ocrx_word' id='word_1_545' title='bbox 2807 3460 3023 3530; x_wconf 89' lang='lat' dir='ltr'><strong>quidem</strong></span> <span class='ocrx_word' id='word_1_546' title='bbox 3072 3473 3178 3512; x_wconf 89' lang='lat' dir='ltr'><strong>non</strong></span> <span class='ocrx_word' id='word_1_547' title='bbox 3221 3456 3536 3509; x_wconf 88' lang='lat' dir='ltr'><strong>mittendum</strong></span> 
     </span>
    </p>
   </div>
   <div class='ocr_carea' id='block_1_78' title="bbox 1974 3546 3536 3629">
    <p class='ocr_par' dir='ltr' id='par_1_78' title="bbox 1974 3546 3536 3629">
     <span class='ocr_line' id='line_1_78' title="bbox 1974 3546 3536 3629; baseline -0.013 -14"><span class='ocrx_word' id='word_1_548' title='bbox 1974 3560 2282 3615; x_wconf 85' lang='lat' dir='ltr'><strong>ministrum</strong></span> <span class='ocrx_word' id='word_1_549' title='bbox 2315 3558 2381 3613; x_wconf 91' lang='lat' dir='ltr'><strong>ab</strong></span> <span class='ocrx_word' id='word_1_550' title='bbox 2408 3556 2663 3629; x_wconf 73' lang='lat' dir='ltr'><strong>episcopo</strong></span> <span class='ocrx_word' id='word_1_551' title='bbox 2684 3554 2800 3607; x_wconf 87' lang='lat' dir='ltr'><strong>sine</strong></span> <span class='ocrx_word' id='word_1_552' title='bbox 2824 3551 3069 3623; x_wconf 83' lang='lat' dir='ltr'><strong>synodali</strong></span> <span class='ocrx_word' id='word_1_553' title='bbox 3106 3547 3358 3603; x_wconf 85' lang='lat' dir='ltr'><strong>mandato</strong></span> <span class='ocrx_word' id='word_1_554' title='bbox 3387 3563 3402 3600; x_wconf 88' lang='lat'><strong>:</strong></span> <span class='ocrx_word' id='word_1_555' title='bbox 3444 3546 3536 3600; x_wconf 86' lang='lat' dir='ltr'><strong>sed</strong></span> 
     </span>
    </p>
   </div>
   <div class='ocr_carea' id='block_1_79' title="bbox 1974 3639 3538 3724">
    <p class='ocr_par' dir='ltr' id='par_1_79' title="bbox 1974 3639 3538 3724">
     <span class='ocr_line' id='line_1_79' title="bbox 1974 3639 3538 3724; baseline -0.012 -16"><span class='ocrx_word' id='word_1_556' title='bbox 1974 3654 2245 3724; x_wconf 84' lang='lat' dir='ltr'><strong>aliquibus</strong></span> <span class='ocrx_word' id='word_1_557' title='bbox 2269 3651 2612 3720; x_wconf 86' lang='lat' dir='ltr'><strong>imperatoris</strong></span> <span class='ocrx_word' id='word_1_558' title='bbox 2644 3645 3003 3703; x_wconf 79' lang='lat' dir='ltr'><strong>familiaribus</strong></span> <span class='ocrx_word' id='word_1_559' title='bbox 3049 3658 3239 3713; x_wconf 87' lang='lat' dir='ltr'><strong>preces</strong></span> <span class='ocrx_word' id='word_1_560' title='bbox 3283 3657 3403 3696; x_wconf 91' lang='lat' dir='ltr'><strong>cum</strong></span> <span class='ocrx_word' id='word_1_561' title='bbox 3438 3639 3538 3692; x_wconf 85' lang='lat' dir='ltr'><strong>mi—</strong></span> 
     </span>
    </p>
   </div>
   <div class='ocr_carea' id='block_1_80' title="bbox 1975 3733 3547 3808">
    <p class='ocr_par' dir='ltr' id='par_1_80' title="bbox 1975 3733 3547 3808">
     <span class='ocr_line' id='line_1_80' title="bbox 1975 3733 3547 3808; baseline -0.01 -7"><span class='ocrx_word' id='word_1_562' title='bbox 1975 3746 2151 3801; x_wconf 89' lang='lat' dir='ltr'><strong>nistro</strong></span> <span class='ocrx_word' id='word_1_563' title='bbox 2177 3759 2300 3799; x_wconf 88' lang='lat' dir='ltr'><strong>esse</strong></span> <span class='ocrx_word' id='word_1_564' title='bbox 2341 3741 2694 3799; x_wconf 76' lang='lat' dir='ltr'><strong>exhibendas.</strong></span> <span class='ocrx_word' id='word_1_565' title='bbox 2736 3741 2843 3797; x_wconf 87' lang='lat' dir='ltr'><strong>Sed</strong></span> <span class='ocrx_word' id='word_1_566' title='bbox 2873 3740 2975 3795; x_wconf 91' lang='lat' dir='ltr'><strong>hoc</strong></span> <span class='ocrx_word' id='word_1_567' title='bbox 3010 3751 3245 3808; x_wconf 89' lang='lat' dir='ltr'><strong>quoque,</strong></span> <span class='ocrx_word' id='word_1_568' title='bbox 3298 3743 3358 3789; x_wconf 91' lang='lat' dir='ltr'><strong>ut</strong></span> <span class='ocrx_word' id='word_1_569' title='bbox 3405 3733 3547 3786; x_wconf 87' lang='lat' dir='ltr'><strong>mihi</strong></span> 
     </span>
    </p>
   </div>
   <div class='ocr_carea' id='block_1_81' title="bbox 1974 3828 3541 3901">
    <p class='ocr_par' dir='ltr' id='par_1_81' title="bbox 1974 3828 3541 3901">
     <span class='ocr_line' id='line_1_81' title="bbox 1974 3828 3541 3901; baseline -0.008 -10"><span class='ocrx_word' id='word_1_570' title='bbox 1974 3837 2207 3901; x_wconf 88' lang='lat' dir='ltr'><strong>videtur,</strong></span> <span class='ocrx_word' id='word_1_571' title='bbox 2244 3836 2335 3891; x_wconf 90' lang='lat' dir='ltr'><strong>fiet</strong></span> <span class='ocrx_word' id='word_1_572' title='bbox 2360 3850 2484 3889; x_wconf 90' lang='lat' dir='ltr'><strong>cum</strong></span> <span class='ocrx_word' id='word_1_573' title='bbox 2514 3834 2738 3889; x_wconf 87' lang='lat' dir='ltr'><strong>scientia</strong></span> <span class='ocrx_word' id='word_1_574' title='bbox 2785 3829 3205 3901; x_wconf 89' lang='lat' dir='ltr'><strong>metropolitani.</strong></span> <span class='ocrx_word' id='word_1_575' title='bbox 3246 3828 3541 3897; x_wconf 76' lang='lat' dir='ltr'><strong>Episcopus</strong></span> 
     </span>
    </p>
   </div>
   <div class='ocr_carea' id='block_1_82' title="bbox 1975 3911 3567 3998">
    <p class='ocr_par' dir='ltr' id='par_1_82' title="bbox 1975 3911 3567 3998">
     <span class='ocr_line' id='line_1_82' title="bbox 1975 3911 3567 3998; baseline -0.011 -15"><span class='ocrx_word' id='word_1_576' title='bbox 1975 3944 2128 3993; x_wconf 88' lang='lat' dir='ltr'><strong>vero,</strong></span> <span class='ocrx_word' id='word_1_577' title='bbox 2159 3928 2249 3998; x_wconf 89' lang='lat' dir='ltr'><strong>qui</strong></span> <span class='ocrx_word' id='word_1_578' title='bbox 2302 3927 2527 3985; x_wconf 78' lang='lat' dir='ltr'><strong>Romam</strong></span> <span class='ocrx_word' id='word_1_579' title='bbox 2556 3926 2839 3990; x_wconf 89' lang='lat' dir='ltr'><strong>accedunt,</strong></span> <span class='ocrx_word' id='word_1_580' title='bbox 2882 3939 2986 3978; x_wconf 92' lang='lat' dir='ltr'><strong>non</strong></span> <span class='ocrx_word' id='word_1_581' title='bbox 3017 3922 3177 3976; x_wconf 90' lang='lat' dir='ltr'><strong>aliter</strong></span> <span class='ocrx_word' id='word_1_582' title='bbox 3214 3920 3279 3972; x_wconf 89' lang='lat' dir='ltr'><strong>ad</strong></span> <span class='ocrx_word' id='word_1_583' title='bbox 3308 3911 3567 3986; x_wconf 69' lang='lat' dir='ltr'><strong>impera-“</strong></span> 
     </span>
    </p>
   </div>
   <div class='ocr_carea' id='block_1_83' title="bbox 1979 4009 3539 4087">
    <p class='ocr_par' dir='ltr' id='par_1_83' title="bbox 1979 4009 3539 4087">
     <span class='ocr_line' id='line_1_83' title="bbox 1979 4009 3539 4087; baseline -0.01 -11"><span class='ocrx_word' id='word_1_584' title='bbox 1979 4034 2148 4079; x_wconf 89' lang='lat' dir='ltr'><strong>torem</strong></span> <span class='ocrx_word' id='word_1_585' title='bbox 2178 4024 2461 4085; x_wconf 88' lang='lat' dir='ltr'><strong>accedere,</strong></span> <span class='ocrx_word' id='word_1_586' title='bbox 2495 4019 2594 4073; x_wconf 91' lang='lat' dir='ltr'><strong>nisi</strong></span> <span class='ocrx_word' id='word_1_587' title='bbox 2622 4033 2757 4087; x_wconf 88' lang='lat' dir='ltr'><strong>papa</strong></span> <span class='ocrx_word' id='word_1_588' title='bbox 2779 4016 2897 4085; x_wconf 89' lang='lat' dir='ltr'><strong>ejus</strong></span> <span class='ocrx_word' id='word_1_589' title='bbox 2927 4015 3001 4069; x_wconf 90' lang='lat' dir='ltr'><strong>rei</strong></span> <span class='ocrx_word' id='word_1_590' title='bbox 3032 4013 3314 4068; x_wconf 88' lang='lat' dir='ltr'><strong>scientiam</strong></span> <span class='ocrx_word' id='word_1_591' title='bbox 3338 4009 3539 4063; x_wconf 82' lang='lat' dir='ltr'><strong>habue-</strong></span> 
     </span>
    </p>
   </div>
   <div class='ocr_carea' id='block_1_84' title="bbox 1977 4102 3535 4183">
    <p class='ocr_par' dir='ltr' id='par_1_84' title="bbox 1977 4102 3535 4183">
     <span class='ocr_line' id='line_1_84' title="bbox 1977 4102 3535 4183; baseline -0.012 -12"><span class='ocrx_word' id='word_1_592' title='bbox 1977 4122 2090 4171; x_wconf 86' lang='lat' dir='ltr'><strong>rit:</strong></span> <span class='ocrx_word' id='word_1_593' title='bbox 2131 4125 2183 4171; x_wconf 90' lang='lat' dir='ltr'><strong>et</strong></span> <span class='ocrx_word' id='word_1_594' title='bbox 2210 4117 2348 4183; x_wconf 86' lang='lat' dir='ltr'><strong>ipse,</strong></span> <span class='ocrx_word' id='word_1_595' title='bbox 2394 4111 2645 4183; x_wconf 88' lang='lat' dir='ltr'><strong>precibus</strong></span> <span class='ocrx_word' id='word_1_596' title='bbox 2694 4106 3055 4169; x_wconf 78' lang='lat' dir='ltr'><strong>examinatis,</strong></span> <span class='ocrx_word' id='word_1_597' title='bbox 3104 4105 3188 4159; x_wconf 86' lang='lat' dir='ltr'><strong>vel</strong></span> <span class='ocrx_word' id='word_1_598' title='bbox 3222 4102 3535 4157; x_wconf 85' lang='lat' dir='ltr'><strong>relationem</strong></span> 
     </span>
    </p>
   </div>
   <div class='ocr_carea' id='block_1_85' title="bbox 1975 4193 3534 4280">
    <p class='ocr_par' dir='ltr' id='par_1_85' title="bbox 1975 4193 3534 4280">
     <span class='ocr_line' id='line_1_85' title="bbox 1975 4193 3534 4280; baseline -0.012 -15"><span class='ocrx_word' id='word_1_599' title='bbox 1975 4208 2302 4280; x_wconf 86' lang='lat' dir='ltr'><strong>permiserit,</strong></span> <span class='ocrx_word' id='word_1_600' title='bbox 2357 4214 2412 4260; x_wconf 92' lang='lat' dir='ltr'><strong>et</strong></span> <span class='ocrx_word' id='word_1_601' title='bbox 2453 4205 2596 4275; x_wconf 90' lang='lat' dir='ltr'><strong>ipsos</strong></span> <span class='ocrx_word' id='word_1_602' title='bbox 2647 4204 2714 4257; x_wconf 89' lang='lat' dir='ltr'><strong>ad</strong></span> <span class='ocrx_word' id='word_1_603' title='bbox 2761 4203 3141 4272; x_wconf 88' lang='lat' dir='ltr'><strong>imperatorem</strong></span> <span class='ocrx_word' id='word_1_604' title='bbox 3186 4196 3414 4260; x_wconf 90' lang='lat' dir='ltr'><strong>miserit,</strong></span> <span class='ocrx_word' id='word_1_605' title='bbox 3454 4193 3534 4248; x_wconf 84' lang='lat' dir='ltr'><strong>vel</strong></span> 
     </span>
    </p>
   </div>
   <div class='ocr_carea' id='block_1_86' title="bbox 1975 4294 3537 4375">
    <p class='ocr_par' dir='ltr' id='par_1_86' title="bbox 1975 4294 3537 4375">
     <span class='ocr_line' id='line_1_86' title="bbox 1975 4294 3537 4375; baseline -0.013 -14"><span class='ocrx_word' id='word_1_606' title='bbox 1975 4304 2321 4375; x_wconf 80' lang='lat' dir='ltr'><strong>denegaverit</strong></span> <span class='ocrx_word' id='word_1_607' title='bbox 2363 4309 2464 4366; x_wconf 88' lang='lat' dir='ltr'><strong>;ut</strong></span> <span class='ocrx_word' id='word_1_608' title='bbox 2503 4298 2595 4366; x_wconf 86' lang='lat' dir='ltr'><strong>qui</strong></span> <span class='ocrx_word' id='word_1_609' title='bbox 2640 4299 2802 4351; x_wconf 83' lang='lat' dir='ltr'><strong>etiam</strong></span> <span class='ocrx_word' id='word_1_610' title='bbox 2839 4295 3032 4350; x_wconf 86' lang='lat' dir='ltr'><strong>debeat</strong></span> <span class='ocrx_word' id='word_1_611' title='bbox 3072 4294 3351 4361; x_wconf 81' lang='lat' dir='ltr'><strong>episcopos</strong></span> <span class='ocrx_word' id='word_1_612' title='bbox 3382 4306 3537 4344; x_wconf 88' lang='lat' dir='ltr'><strong>com-</strong></span> 
     </span>
    </p>
   </div>
   <div class='ocr_carea' id='block_1_87' title="bbox 1975 4380 3539 4464">
    <p class='ocr_par' dir='ltr' id='par_1_87' title="bbox 1975 4380 3539 4464">
     <span class='ocr_line' id='line_1_87' title="bbox 1975 4380 3539 4464; baseline -0.011 -18"><span class='ocrx_word' id='word_1_613' title='bbox 1975 4394 2154 4464; x_wconf 84' lang='lat' dir='ltr'><strong>plecti,</strong></span> <span class='ocrx_word' id='word_1_614' title='bbox 2197 4399 2251 4445; x_wconf 89' lang='lat' dir='ltr'><strong>et</strong></span> <span class='ocrx_word' id='word_1_615' title='bbox 2294 4390 2360 4445; x_wconf 90' lang='lat' dir='ltr'><strong>iis</strong></span> <span class='ocrx_word' id='word_1_616' title='bbox 2399 4391 2450 4442; x_wconf 91' lang='lat' dir='ltr'><strong>in</strong></span> <span class='ocrx_word' id='word_1_617' title='bbox 2508 4387 2759 4441; x_wconf 87' lang='lat' dir='ltr'><strong>omnibus</strong></span> <span class='ocrx_word' id='word_1_618' title='bbox 2796 4385 2937 4440; x_wconf 90' lang='lat' dir='ltr'><strong>ferre</strong></span> <span class='ocrx_word' id='word_1_619' title='bbox 2979 4397 3156 4451; x_wconf 86' lang='lat' dir='ltr'><strong>opem.</strong></span> <span class='ocrx_word' id='word_1_620' title='bbox 3204 4380 3380 4446; x_wconf 85' lang='lat' dir='ltr'><strong>Quare</strong></span> <span class='ocrx_word' id='word_1_621' title='bbox 3412 4392 3539 4432; x_wconf 82' lang='lat' dir='ltr'><strong>nuta</strong></span> 
     </span>
    </p>
   </div>
   <div class='ocr_carea' id='block_1_88' title="bbox 311 4467 1868 4553">
    <p class='ocr_par' dir='ltr' id='par_1_88' title="bbox 311 4480 1866 4553">
     <span class='ocr_line' id='line_1_88' title="bbox 311 4480 1866 4553; baseline 0.003 -19"><span class='ocrx_word' id='word_1_622' title='bbox 311 4482 344 4550; x_wconf 78' lang='grc' dir='ltr'>ἢ</span> <span class='ocrx_word' id='word_1_623' title='bbox 373 4480 604 4553; x_wconf 82' lang='grc' dir='ltr'>ἀπείπῃ·</span> <span class='ocrx_word' id='word_1_624' title='bbox 648 4481 725 4544; x_wconf 86' lang='grc' dir='ltr'><strong>ώς</strong></span> <span class='ocrx_word' id='word_1_625' title='bbox 756 4484 850 4533; x_wconf 79' lang='grc' dir='ltr'><strong>καὶ</strong></span> <span class='ocrx_word' id='word_1_626' title='bbox 882 4481 1113 4551; x_wconf 83' lang='grc' dir='ltr'>ὀφείλων</span> <span class='ocrx_word' id='word_1_627' title='bbox 1143 4482 1465 4553; x_wconf 81' lang='grc' dir='ltr'>ἀντέχεσθαι</span> <span class='ocrx_word' id='word_1_628' title='bbox 1499 4484 1605 4537; x_wconf 83' lang='grc' dir='ltr'><strong>τῶν</strong></span> <span class='ocrx_word' id='word_1_629' title='bbox 1642 4486 1866 4538; x_wconf 81' lang='grc' dir='ltr'>ἐπισκό-</span> 
     </span>
    </p>
   </div>
   <div class='ocr_carea' id='block_1_89' title="bbox 1983 4467 3543 4553">
    <p class='ocr_par' dir='ltr' id='par_1_89' title="bbox 1983 4473 3543 4550">
     <span class='ocr_line' id='line_1_89' title="bbox 1983 4473 3543 4550; baseline -0.012 -8"><span class='ocrx_word' id='word_1_630' title='bbox 1983 4502 2039 4542; x_wconf 82' lang='lat' dir='ltr'><strong>ex</strong></span> <span class='ocrx_word' id='word_1_631' title='bbox 2072 4486 2139 4540; x_wconf 91' lang='lat' dir='ltr'><strong>iis</strong></span> <span class='ocrx_word' id='word_1_632' title='bbox 2183 4497 2302 4550; x_wconf 74' lang='lat' dir='ltr'><strong>qum</strong></span> <span class='ocrx_word' id='word_1_633' title='bbox 2342 4481 2397 4534; x_wconf 91' lang='lat' dir='ltr'><strong>in</strong></span> <span class='ocrx_word' id='word_1_634' title='bbox 2427 4481 2531 4535; x_wconf 89' lang='lat' dir='ltr'><strong>hoc</strong></span> <span class='ocrx_word' id='word_1_635' title='bbox 2554 4493 2758 4533; x_wconf 86' lang='lat' dir='ltr'><strong>canone</strong></span> <span class='ocrx_word' id='word_1_636' title='bbox 2790 4476 3157 4537; x_wconf 86' lang='lat' dir='ltr'><strong>continentur,</strong></span> <span class='ocrx_word' id='word_1_637' title='bbox 3191 4473 3331 4542; x_wconf 91' lang='lat' dir='ltr'><strong>quod</strong></span> <span class='ocrx_word' id='word_1_638' title='bbox 3369 4486 3543 4540; x_wconf 72' lang='lat' dir='ltr'><strong>nepte</strong></span> 
     </span>
    </p>
   </div>
   <div class='ocr_carea' id='block_1_90' title="bbox 312 4572 1870 4645">
    <p class='ocr_par' dir='ltr' id='par_1_90' title="bbox 312 4572 1870 4645">
     <span class='ocr_line' id='line_1_90' title="bbox 312 4572 1870 4645; baseline 0.003 -21"><span class='ocrx_word' id='word_1_639' title='bbox 312 4591 453 4636; x_wconf 88' lang='grc' dir='ltr'>πων,</span> <span class='ocrx_word' id='word_1_640' title='bbox 480 4572 573 4624; x_wconf 84' lang='grc' dir='ltr'><strong>καὶ</strong></span> <span class='ocrx_word' id='word_1_641' title='bbox 613 4572 828 4641; x_wconf 82' lang='grc' dir='ltr'>βοηθεῖν</span> <span class='ocrx_word' id='word_1_642' title='bbox 860 4572 954 4626; x_wconf 77' lang='grc' dir='ltr'>ἐπὶ</span> <span class='ocrx_word' id='word_1_643' title='bbox 985 4575 1155 4626; x_wconf 84' lang='grc' dir='ltr'>πᾶσιν</span> <span class='ocrx_word' id='word_1_644' title='bbox 1196 4574 1401 4635; x_wconf 75' lang='grc' dir='ltr'>αὐτοῖς.</span> <span class='ocrx_word' id='word_1_645' title='bbox 1438 4575 1600 4628; x_wconf 83' lang='grc' dir='ltr'>Ὥστε</span> <span class='ocrx_word' id='word_1_646' title='bbox 1628 4576 1870 4645; x_wconf 71' lang='grc' dir='ltr'>σημείωο</span> 
     </span>
    </p>
   </div>
   <div class='ocr_carea' id='block_1_91' title="bbox 311 4663 1871 4737">
    <p class='ocr_par' dir='ltr' id='par_1_91' title="bbox 311 4663 1871 4737">
     <span class='ocr_line' id='line_1_91' title="bbox 311 4663 1871 4737; baseline 0.003 -20"><span class='ocrx_word' id='word_1_647' title='bbox 311 4682 403 4717; x_wconf 88' lang='grc' dir='ltr'><strong>σαι</strong></span> <span class='ocrx_word' id='word_1_648' title='bbox 437 4663 545 4717; x_wconf 86' lang='grc' dir='ltr'><strong>άπό</strong></span> <span class='ocrx_word' id='word_1_649' title='bbox 580 4663 687 4716; x_wconf 87' lang='grc' dir='ltr'><strong>τῶν</strong></span> <span class='ocrx_word' id='word_1_650' title='bbox 720 4666 777 4715; x_wconf 84' lang='grc' dir='ltr'>ὲν</span> <span class='ocrx_word' id='word_1_651' title='bbox 808 4664 887 4732; x_wconf 84' lang='grc' dir='ltr'>τῷ</span> <span class='ocrx_word' id='word_1_652' title='bbox 934 4665 1118 4717; x_wconf 87' lang='grc' dir='ltr'>κανόνι</span> <span class='ocrx_word' id='word_1_653' title='bbox 1151 4664 1323 4734; x_wconf 78' lang='grc' dir='ltr'>τούτῳ</span> <span class='ocrx_word' id='word_1_654' title='bbox 1347 4669 1753 4737; x_wconf 85' lang='grc' dir='ltr'>περιεχομένων</span> <span class='ocrx_word' id='word_1_655' title='bbox 1790 4669 1871 4722; x_wconf 82' lang='grc' dir='ltr'><strong>ὅτι</strong></span> 
     </span>
    </p>
   </div>
   <div class='ocr_carea' id='block_1_92' title="bbox 309 4755 1870 4827">
    <p class='ocr_par' dir='ltr' id='par_1_92' title="bbox 309 4755 1870 4827">
     <span class='ocr_line' id='line_1_92' title="bbox 309 4755 1870 4827; baseline 0.001 -19"><span class='ocrx_word' id='word_1_656' title='bbox 309 4755 436 4809; x_wconf 73' lang='grc' dir='ltr'>οὔτε</span> <span class='ocrx_word' id='word_1_657' title='bbox 470 4755 873 4826; x_wconf 80' lang='grc' dir='ltr'>μητροπολίτης</span> <span class='ocrx_word' id='word_1_658' title='bbox 908 4755 1033 4807; x_wconf 73' lang='grc' dir='ltr'>οὔτε</span> <span class='ocrx_word' id='word_1_659' title='bbox 1057 4755 1355 4819; x_wconf 75' lang='grc' dir='ltr'>ἐπίσκοπος</span> <span class='ocrx_word' id='word_1_660' title='bbox 1385 4757 1555 4827; x_wconf 78' lang='grc' dir='ltr'>χωρὶς</span> <span class='ocrx_word' id='word_1_661' title='bbox 1587 4757 1870 4827; x_wconf 85' lang='grc' dir='ltr'>συνοδικῆς</span> 
     </span>
    </p>
   </div>
   <div class='ocr_carea' id='block_1_93' title="bbox 310 4847 1874 4918">
    <p class='ocr_par' dir='ltr' id='par_1_93' title="bbox 310 4847 1874 4918">
     <span class='ocr_line' id='line_1_93' title="bbox 310 4847 1874 4918; baseline -0.001 -15"><span class='ocrx_word' id='word_1_662' title='bbox 310 4847 656 4917; x_wconf 85' lang='grc' dir='ltr'>διαγνώσεως</span> <span class='ocrx_word' id='word_1_663' title='bbox 689 4847 914 4900; x_wconf 86' lang='grc' dir='ltr'>δύναται</span> <span class='ocrx_word' id='word_1_664' title='bbox 940 4848 1154 4917; x_wconf 82' lang='grc' dir='ltr'>δεήσεις</span> <span class='ocrx_word' id='word_1_665' title='bbox 1185 4848 1498 4916; x_wconf 81' lang='grc' dir='ltr'>ἀνενεγκεῖν</span> <span class='ocrx_word' id='word_1_666' title='bbox 1548 4849 1626 4917; x_wconf 84' lang='grc' dir='ltr'><strong>τῷ</strong></span> <span class='ocrx_word' id='word_1_667' title='bbox 1662 4849 1874 4918; x_wconf 87' lang='grc' dir='ltr'>βασιλεί</span> 
     </span>
    </p>
   </div>
   <div class='ocr_carea' id='block_1_94' title="bbox 312 4939 1870 5010">
    <p class='ocr_par' dir='ltr' id='par_1_94' title="bbox 312 4939 1870 5010">
     <span class='ocr_line' id='line_1_94' title="bbox 312 4939 1870 5010; baseline 0 -17"><span class='ocrx_word' id='word_1_668' title='bbox 312 4941 345 5010; x_wconf 77' lang='grc' dir='ltr'>ἦ</span> <span class='ocrx_word' id='word_1_669' title='bbox 395 4940 463 4993; x_wconf 86' lang='grc' dir='ltr'>δι’</span> <span class='ocrx_word' id='word_1_670' title='bbox 496 4940 691 4992; x_wconf 76' lang='grc' dir='ltr'>ἑαυτοῦ</span> <span class='ocrx_word' id='word_1_671' title='bbox 741 4940 775 5009; x_wconf 79' lang='grc' dir='ltr'><strong>ἦ</strong></span> <span class='ocrx_word' id='word_1_672' title='bbox 821 4940 909 4992; x_wconf 87' lang='grc' dir='ltr'><strong>διά</strong></span> <span class='ocrx_word' id='word_1_673' title='bbox 967 4939 1216 4992; x_wconf 86' lang='grc' dir='ltr'>διακόνου</span> <span class='ocrx_word' id='word_1_674' title='bbox 1290 4940 1478 4995; x_wconf 76' lang='grc' dir='ltr'>αὑτοῦ.</span> <span class='ocrx_word' id='word_1_675' title='bbox 1529 4941 1771 4993; x_wconf 85' lang='grc' dir='ltr'>Ἀκούων</span> <span class='ocrx_word' id='word_1_676' title='bbox 1813 4941 1870 4993; x_wconf 80' lang='grc' dir='ltr'><strong>δὲ</strong></span> 
     </span>
    </p>
   </div>
   <div class='ocr_carea' id='block_1_95' title="bbox 315 5027 1870 5100">
    <p class='ocr_par' dir='ltr' id='par_1_95' title="bbox 315 5027 1870 5100">
     <span class='ocr_line' id='line_1_95' title="bbox 315 5027 1870 5100; baseline 0.001 -19"><span class='ocrx_word' id='word_1_677' title='bbox 315 5028 489 5082; x_wconf 81' lang='grc' dir='ltr'>ταῦτα</span> <span class='ocrx_word' id='word_1_678' title='bbox 538 5027 783 5097; x_wconf 86' lang='grc' dir='ltr'>γίνεσθαι</span> <span class='ocrx_word' id='word_1_679' title='bbox 835 5029 973 5099; x_wconf 87' lang='grc' dir='ltr'><strong>μετά</strong></span> <span class='ocrx_word' id='word_1_680' title='bbox 1014 5030 1272 5099; x_wconf 85' lang='grc' dir='ltr'>εἰδήσεως</span> <span class='ocrx_word' id='word_1_681' title='bbox 1332 5030 1427 5081; x_wconf 82' lang='grc' dir='ltr'>τοῦ</span> <span class='ocrx_word' id='word_1_682' title='bbox 1470 5030 1870 5100; x_wconf 82' lang='grc' dir='ltr'>μητροπολίτου</span> 
     </span>
    </p>
   </div>
   <div class='ocr_carea' id='block_1_96' title="bbox 317 5121 1872 5194">
    <p class='ocr_par' dir='ltr' id='par_1_96' title="bbox 317 5121 1872 5194">
     <span class='ocr_line' id='line_1_96' title="bbox 317 5121 1872 5194; baseline 0.003 -21"><span class='ocrx_word' id='word_1_683' title='bbox 317 5124 411 5175; x_wconf 72' lang='grc' dir='ltr'><strong>καὶ</strong></span> <span class='ocrx_word' id='word_1_684' title='bbox 435 5121 530 5175; x_wconf 83' lang='grc' dir='ltr'>τοῦ</span> <span class='ocrx_word' id='word_1_685' title='bbox 559 5122 779 5186; x_wconf 81' lang='grc' dir='ltr'>πάππα,</span> <span class='ocrx_word' id='word_1_686' title='bbox 840 5124 1122 5193; x_wconf 87' lang='grc' dir='ltr'>προστίθει</span> <span class='ocrx_word' id='word_1_687' title='bbox 1169 5125 1265 5177; x_wconf 73' lang='grc' dir='ltr'><strong>καὶ</strong></span> <span class='ocrx_word' id='word_1_688' title='bbox 1324 5122 1609 5194; x_wconf 84' lang='grc' dir='ltr'>συνοδικὴν</span> <span class='ocrx_word' id='word_1_689' title='bbox 1665 5126 1872 5177; x_wconf 70' lang='grc' dir='ltr'>ἐπακο-</span> 
     </span>
    </p>
   </div>
   <div class='ocr_carea' id='block_1_97' title="bbox 315 5213 1875 5285">
    <p class='ocr_par' dir='ltr' id='par_1_97' title="bbox 315 5213 1875 5285">
     <span class='ocr_line' id='line_1_97' title="bbox 315 5213 1875 5285; baseline 0.005 -22"><span class='ocrx_word' id='word_1_690' title='bbox 315 5214 526 5267; x_wconf 85' lang='grc' dir='ltr'>λουθεῖν</span> <span class='ocrx_word' id='word_1_691' title='bbox 582 5214 877 5282; x_wconf 87' lang='grc' dir='ltr'>διάγνωσιν</span> <span class='ocrx_word' id='word_1_692' title='bbox 938 5213 1080 5268; x_wconf 87' lang='grc' dir='ltr'><strong>κατά</strong></span> <span class='ocrx_word' id='word_1_693' title='bbox 1122 5214 1215 5268; x_wconf 81' lang='grc' dir='ltr'><strong>τὸν</strong></span> <span class='ocrx_word' id='word_1_694' title='bbox 1290 5214 1359 5268; x_wconf 85' lang='grc' dir='ltr'>ια’</span> <span class='ocrx_word' id='word_1_695' title='bbox 1404 5215 1607 5270; x_wconf 83' lang='grc' dir='ltr'>κανόνα</span> <span class='ocrx_word' id='word_1_696' title='bbox 1660 5218 1760 5285; x_wconf 78' lang='grc' dir='ltr'>τῆς</span> <span class='ocrx_word' id='word_1_697' title='bbox 1817 5218 1875 5271; x_wconf 80' lang='grc' dir='ltr'>ὲν</span> 
     </span>
    </p>
   </div>
   <div class='ocr_carea' id='block_1_98' title="bbox 328 5306 1876 5379">
    <p class='ocr_par' dir='ltr' id='par_1_98' title="bbox 328 5306 1876 5379">
     <span class='ocr_line' id='line_1_98' title="bbox 328 5306 1876 5379; baseline 0.004 -20"><span class='ocrx_word' id='word_1_698' title='bbox 328 5307 629 5377; x_wconf 75' lang='grc' dir='ltr'>Ἀντιοχείᾳ</span> <span class='ocrx_word' id='word_1_699' title='bbox 662 5308 904 5361; x_wconf 88' lang='grc' dir='ltr'>συνόδου.</span> <span class='ocrx_word' id='word_1_700' title='bbox 922 5307 1005 5359; x_wconf 83' lang='grc' dir='ltr'><strong>Τὰ</strong></span> <span class='ocrx_word' id='word_1_701' title='bbox 1026 5306 1082 5359; x_wconf 82' lang='grc' dir='ltr'>δὲ</span> <span class='ocrx_word' id='word_1_702' title='bbox 1111 5309 1238 5379; x_wconf 72' lang='grc' dir='ltr'>περὶ</span> <span class='ocrx_word' id='word_1_703' title='bbox 1262 5309 1358 5361; x_wconf 80' lang='grc' dir='ltr'><strong>τοῦ</strong></span> <span class='ocrx_word' id='word_1_704' title='bbox 1408 5309 1609 5362; x_wconf 86' lang='grc' dir='ltr'>πάππα</span> <span class='ocrx_word' id='word_1_705' title='bbox 1642 5310 1876 5365; x_wconf 75' lang='grc' dir='ltr'>ἐνταῦθα</span> 
     </span>
    </p>
   </div>
   <div class='ocr_carea' id='block_1_99' title="bbox 315 5399 1877 5472">
    <p class='ocr_par' dir='ltr' id='par_1_99' title="bbox 315 5399 1877 5472">
     <span class='ocr_line' id='line_1_99' title="bbox 315 5399 1877 5472; baseline 0.003 -22"><span class='ocrx_word' id='word_1_706' title='bbox 315 5401 676 5469; x_wconf 82' lang='grc' dir='ltr'>γεγραμμένα</span> <span class='ocrx_word' id='word_1_707' title='bbox 704 5399 934 5452; x_wconf 77' lang='grc' dir='ltr'>ἕλκυσον</span> <span class='ocrx_word' id='word_1_708' title='bbox 959 5400 1053 5452; x_wconf 71' lang='grc' dir='ltr'>καὶ</span> <span class='ocrx_word' id='word_1_709' title='bbox 1088 5401 1166 5462; x_wconf 86' lang='grc' dir='ltr'><strong>είς</strong></span> <span class='ocrx_word' id='word_1_710' title='bbox 1201 5401 1292 5453; x_wconf 86' lang='grc' dir='ltr'><strong>τὸν</strong></span> <span class='ocrx_word' id='word_1_711' title='bbox 1329 5402 1680 5472; x_wconf 80' lang='grc' dir='ltr'>πατριάρχην</span> <span class='ocrx_word' id='word_1_712' title='bbox 1726 5403 1877 5455; x_wconf 83' lang='grc' dir='ltr'>Κων-</span> 
     </span>
    </p>
   </div>
   <div class='ocr_carea' id='block_1_100' title="bbox 318 5490 1873 5563">
    <p class='ocr_par' dir='ltr' id='par_1_100' title="bbox 318 5490 1873 5563">
     <span class='ocr_line' id='line_1_100' title="bbox 318 5490 1873 5563; baseline 0.005 -21"><span class='ocrx_word' id='word_1_713' title='bbox 318 5491 836 5555; x_wconf 82' lang='grc' dir='ltr'>σταντινουπόλεως,</span> <span class='ocrx_word' id='word_1_714' title='bbox 871 5492 937 5545; x_wconf 79' lang='grc' dir='ltr'>δι’</span> <span class='ocrx_word' id='word_1_715' title='bbox 961 5490 1053 5554; x_wconf 71' lang='grc' dir='ltr'><strong>οὓς</strong></span> <span class='ocrx_word' id='word_1_716' title='bbox 1086 5492 1280 5558; x_wconf 86' lang='grc' dir='ltr'>λόγους</span> <span class='ocrx_word' id='word_1_717' title='bbox 1308 5492 1567 5556; x_wconf 84' lang='grc' dir='ltr'>πολλάκις</span> <span class='ocrx_word' id='word_1_718' title='bbox 1624 5494 1873 5563; x_wconf 72' lang='grc' dir='ltr'>εἴπομεν.</span> 
     </span>
    </p>
   </div>
   <div class='ocr_carea' id='block_1_101' title="bbox 330 5583 1878 5657">
    <p class='ocr_par' dir='ltr' id='par_1_101' title="bbox 330 5583 1878 5657">
     <span class='ocr_line' id='line_1_101' title="bbox 330 5583 1878 5657; baseline 0.003 -22"><span class='ocrx_word' id='word_1_719' title='bbox 330 5583 667 5651; x_wconf 77' lang='grc' dir='ltr'>Ἀνάγνωσον</span> <span class='ocrx_word' id='word_1_720' title='bbox 684 5587 775 5638; x_wconf 76' lang='grc' dir='ltr'><strong>καὶ</strong></span> <span class='ocrx_word' id='word_1_721' title='bbox 804 5586 996 5652; x_wconf 83' lang='grc' dir='ltr'>κεφάλ.</span> <span class='ocrx_word' id='word_1_722' title='bbox 1034 5585 1077 5653; x_wconf 82' lang='grc' dir='ltr'>β’</span> <span class='ocrx_word' id='word_1_723' title='bbox 1106 5583 1199 5637; x_wconf 83' lang='grc' dir='ltr'>τοῦ</span> <span class='ocrx_word' id='word_1_724' title='bbox 1224 5583 1272 5654; x_wconf 83' lang='grc' dir='ltr'>η’</span> <span class='ocrx_word' id='word_1_725' title='bbox 1290 5585 1469 5638; x_wconf 80' lang='grc' dir='ltr'>τίτλου</span> <span class='ocrx_word' id='word_1_726' title='bbox 1495 5586 1589 5638; x_wconf 70' lang='grc' dir='ltr'>τοῦ</span> <span class='ocrx_word' id='word_1_727' title='bbox 1612 5587 1878 5657; x_wconf 86' lang='grc' dir='ltr'>παρόντος</span> 
     </span>
    </p>
   </div>
   <div class='ocr_carea' id='block_1_102' title="bbox 323 5676 1875 5748">
    <p class='ocr_par' dir='ltr' id='par_1_102' title="bbox 323 5676 1875 5748">
     <span class='ocr_line' id='line_1_102' title="bbox 323 5676 1875 5748; baseline 0.005 -22"><span class='ocrx_word' id='word_1_728' title='bbox 323 5676 729 5745; x_wconf 86' lang='grc' dir='ltr'>συντάγματος,</span> <span class='ocrx_word' id='word_1_729' title='bbox 769 5680 864 5730; x_wconf 78' lang='grc' dir='ltr'><strong>καὶ</strong></span> <span class='ocrx_word' id='word_1_730' title='bbox 898 5678 966 5730; x_wconf 84' lang='grc' dir='ltr'><strong>τά</strong></span> <span class='ocrx_word' id='word_1_731' title='bbox 1000 5679 1059 5730; x_wconf 84' lang='grc' dir='ltr'>ὲν</span> <span class='ocrx_word' id='word_1_732' title='bbox 1093 5677 1241 5748; x_wconf 79' lang='grc' dir='ltr'>αὐτῷ</span> <span class='ocrx_word' id='word_1_733' title='bbox 1301 5678 1497 5731; x_wconf 79' lang='grc' dir='ltr'>πάντα.</span> <span class='ocrx_word' id='word_1_734' title='bbox 1551 5679 1770 5731; x_wconf 79' lang='grc' dir='ltr'>Τούτων</span> <span class='ocrx_word' id='word_1_735' title='bbox 1818 5680 1875 5733; x_wconf 78' lang='grc' dir='ltr'>δὲ</span> 
     </span>
    </p>
   </div>
   <div class='ocr_carea' id='block_1_103' title="bbox 322 5766 1875 5841">
    <p class='ocr_par' dir='ltr' id='par_1_103' title="bbox 322 5766 1875 5841">
     <span class='ocr_line' id='line_1_103' title="bbox 322 5766 1875 5841; baseline 0.003 -20"><span class='ocrx_word' id='word_1_736' title='bbox 322 5766 468 5822; x_wconf 69' lang='grc' dir='ltr'>οὕτω</span> <span class='ocrx_word' id='word_1_737' title='bbox 499 5769 901 5841; x_wconf 79' lang='grc' dir='ltr'>διορισθέντων,</span> <span class='ocrx_word' id='word_1_738' title='bbox 940 5766 1092 5825; x_wconf 76' lang='grc' dir='ltr'>εἶπόν</span> <span class='ocrx_word' id='word_1_739' title='bbox 1120 5790 1262 5835; x_wconf 81' lang='grc' dir='ltr'>τινες</span> <span class='ocrx_word' id='word_1_740' title='bbox 1300 5772 1373 5841; x_wconf 76' lang='grc' dir='ltr'><strong>μή</strong></span> <span class='ocrx_word' id='word_1_741' title='bbox 1406 5772 1643 5840; x_wconf 72' lang='grc' dir='ltr'>ὀφείλειν</span> <span class='ocrx_word' id='word_1_742' title='bbox 1668 5774 1715 5825; x_wconf 77' lang='grc' dir='ltr'>οἱ</span> <span class='ocrx_word' id='word_1_743' title='bbox 1753 5774 1875 5837; x_wconf 84' lang='grc' dir='ltr'>νδὴ-</span> 
     </span>
    </p>
   </div>
   <div class='ocr_carea' id='block_1_104' title="bbox 1979 4567 3543 4645">
    <p class='ocr_par' dir='ltr' id='par_1_104' title="bbox 1979 4567 3543 4645">
     <span class='ocr_line' id='line_1_104' title="bbox 1979 4567 3543 4645; baseline -0.009 -12"><span class='ocrx_word' id='word_1_744' title='bbox 1979 4576 2429 4645; x_wconf 87' lang='lat' dir='ltr'><strong>metropolitanus</strong></span> <span class='ocrx_word' id='word_1_745' title='bbox 2476 4586 2653 4636; x_wconf 90' lang='lat' dir='ltr'><strong>neque</strong></span> <span class='ocrx_word' id='word_1_746' title='bbox 2695 4570 2983 4640; x_wconf 83' lang='lat' dir='ltr'><strong>episcopus</strong></span> <span class='ocrx_word' id='word_1_747' title='bbox 3018 4568 3137 4622; x_wconf 87' lang='lat' dir='ltr'><strong>sine</strong></span> <span class='ocrx_word' id='word_1_748' title='bbox 3165 4567 3403 4637; x_wconf 76' lang='lat' dir='ltr'><strong>synodar.</strong></span> <span class='ocrx_word' id='word_1_749' title='bbox 3450 4581 3543 4619; x_wconf 79' lang='lat' dir='ltr'><strong>co-</strong></span> 
     </span>
    </p>
   </div>
   <div class='ocr_carea' id='block_1_105' title="bbox 1977 4659 3540 4743">
    <p class='ocr_par' dir='ltr' id='par_1_105' title="bbox 1977 4659 3540 4743">
     <span class='ocr_line' id='line_1_105' title="bbox 1977 4659 3540 4743; baseline -0.01 -19"><span class='ocrx_word' id='word_1_750' title='bbox 1977 4671 2217 4743; x_wconf 74' lang='lat' dir='ltr'><strong>gnitione</strong></span> <span class='ocrx_word' id='word_1_751' title='bbox 2252 4676 2425 4735; x_wconf 88' lang='lat' dir='ltr'><strong>potest</strong></span> <span class='ocrx_word' id='word_1_752' title='bbox 2465 4665 2531 4719; x_wconf 86' lang='lat' dir='ltr'><strong>ad</strong></span> <span class='ocrx_word' id='word_1_753' title='bbox 2568 4665 2950 4731; x_wconf 87' lang='lat' dir='ltr'><strong>imperatorem</strong></span> <span class='ocrx_word' id='word_1_754' title='bbox 2996 4660 3079 4715; x_wconf 86' lang='lat' dir='ltr'><strong>vel</strong></span> <span class='ocrx_word' id='word_1_755' title='bbox 3113 4676 3208 4730; x_wconf 89' lang='lat' dir='ltr'><strong>per</strong></span> <span class='ocrx_word' id='word_1_756' title='bbox 3233 4675 3292 4715; x_wconf 86' lang='lat' dir='ltr'><strong>se</strong></span> <span class='ocrx_word' id='word_1_757' title='bbox 3323 4659 3403 4713; x_wconf 77' lang='lat' dir='ltr'><strong>Vel</strong></span> <span class='ocrx_word' id='word_1_758' title='bbox 3446 4674 3540 4728; x_wconf 88' lang='lat' dir='ltr'><strong>per</strong></span> 
     </span>
    </p>
   </div>
   <div class='ocr_carea' id='block_1_106' title="bbox 1977 4752 3543 4826">
    <p class='ocr_par' dir='ltr' id='par_1_106' title="bbox 1977 4752 3543 4826">
     <span class='ocr_line' id='line_1_106' title="bbox 1977 4752 3543 4826; baseline -0.011 -7"><span class='ocrx_word' id='word_1_759' title='bbox 1977 4780 2132 4819; x_wconf 78' lang='lat' dir='ltr'><strong>suum</strong></span> <span class='ocrx_word' id='word_1_760' title='bbox 2163 4763 2471 4817; x_wconf 89' lang='lat' dir='ltr'><strong>ministrum</strong></span> <span class='ocrx_word' id='word_1_761' title='bbox 2540 4756 2960 4826; x_wconf 88' lang='lat' dir='ltr'><strong>supplicationes</strong></span> <span class='ocrx_word' id='word_1_762' title='bbox 3023 4753 3248 4809; x_wconf 86' lang='lat' dir='ltr'><strong>referre.</strong></span> <span class='ocrx_word' id='word_1_763' title='bbox 3307 4752 3543 4805; x_wconf 83' lang='lat' dir='ltr'><strong>Audiens</strong></span> 
     </span>
    </p>
   </div>
   <div class='ocr_carea' id='block_1_107' title="bbox 1977 4847 3539 4917">
    <p class='ocr_par' dir='ltr' id='par_1_107' title="bbox 1977 4847 3539 4917">
     <span class='ocr_line' id='line_1_107' title="bbox 1977 4847 3539 4917; baseline -0.012 -8"><span class='ocrx_word' id='word_1_764' title='bbox 1977 4868 2156 4909; x_wconf 88' lang='lat' dir='ltr'><strong>autem</strong></span> <span class='ocrx_word' id='word_1_765' title='bbox 2189 4854 2301 4907; x_wconf 76' lang='lat' dir='ltr'><strong>haec</strong></span> <span class='ocrx_word' id='word_1_766' title='bbox 2333 4851 2447 4906; x_wconf 89' lang='lat' dir='ltr'><strong>fieri</strong></span> <span class='ocrx_word' id='word_1_767' title='bbox 2473 4866 2592 4904; x_wconf 89' lang='lat' dir='ltr'><strong>cum</strong></span> <span class='ocrx_word' id='word_1_768' title='bbox 2621 4850 2845 4904; x_wconf 88' lang='lat' dir='ltr'><strong>scientia</strong></span> <span class='ocrx_word' id='word_1_769' title='bbox 2870 4847 3259 4917; x_wconf 87' lang='lat' dir='ltr'><strong>metropolitani</strong></span> <span class='ocrx_word' id='word_1_770' title='bbox 3288 4856 3342 4899; x_wconf 89' lang='lat' dir='ltr'><strong>et</strong></span> <span class='ocrx_word' id='word_1_771' title='bbox 3373 4859 3539 4913; x_wconf 63' lang='lat' dir='ltr'><strong>papae,</strong></span> 
     </span>
    </p>
   </div>
   <div class='ocr_carea' id='block_1_108' title="bbox 1978 4939 3545 5016">
    <p class='ocr_par' dir='ltr' id='par_1_108' title="bbox 1978 4939 3545 5016">
     <span class='ocr_line' id='line_1_108' title="bbox 1978 4939 3545 5016; baseline -0.01 -13"><span class='ocrx_word' id='word_1_772' title='bbox 1978 4947 2151 5016; x_wconf 87' lang='lat' dir='ltr'><strong>adjice</strong></span> <span class='ocrx_word' id='word_1_773' title='bbox 2191 4947 2354 5001; x_wconf 85' lang='lat' dir='ltr'><strong>etiam</strong></span> <span class='ocrx_word' id='word_1_774' title='bbox 2384 4944 2695 5015; x_wconf 81' lang='lat' dir='ltr'><strong>synodalcm</strong></span> <span class='ocrx_word' id='word_1_775' title='bbox 2729 4942 2991 5010; x_wconf 88' lang='lat' dir='ltr'><strong>consequi</strong></span> <span class='ocrx_word' id='word_1_776' title='bbox 3023 4939 3404 5008; x_wconf 78' lang='lat' dir='ltr'><strong>cognitionem,</strong></span> <span class='ocrx_word' id='word_1_777' title='bbox 3456 4951 3545 4988; x_wconf 87' lang='lat' dir='ltr'><strong>sc-</strong></span> 
     </span>
    </p>
   </div>
   <div class='ocr_carea' id='block_1_109' title="bbox 1978 5028 3544 5101">
    <p class='ocr_par' dir='ltr' id='par_1_109' title="bbox 1978 5028 3544 5101">
     <span class='ocr_line' id='line_1_109' title="bbox 1978 5028 3544 5101; baseline -0.011 -6"><span class='ocrx_word' id='word_1_778' title='bbox 1978 5042 2211 5095; x_wconf 90' lang='lat' dir='ltr'><strong>cundum</strong></span> <span class='ocrx_word' id='word_1_779' title='bbox 2251 5053 2509 5092; x_wconf 88' lang='lat' dir='ltr'><strong>canonem</strong></span> <span class='ocrx_word' id='word_1_780' title='bbox 2543 5037 2603 5090; x_wconf 77' lang='lat' dir='ltr'><strong>ll</strong></span> <span class='ocrx_word' id='word_1_781' title='bbox 2643 5035 2992 5089; x_wconf 63' lang='lat' dir='ltr'><strong>Antiocheam</strong></span> <span class='ocrx_word' id='word_1_782' title='bbox 3034 5030 3251 5101; x_wconf 81' lang='lat' dir='ltr'><strong>synodi.</strong></span> <span class='ocrx_word' id='word_1_783' title='bbox 3287 5028 3414 5093; x_wconf 71' lang='lat' dir='ltr'><strong>anc</strong></span> <span class='ocrx_word' id='word_1_784' title='bbox 3446 5043 3544 5079; x_wconf 88' lang='lat' dir='ltr'><strong>au-</strong></span> 
     </span>
    </p>
   </div>
   <div class='ocr_carea' id='block_1_110' title="bbox 1979 5121 3541 5201">
    <p class='ocr_par' dir='ltr' id='par_1_110' title="bbox 1979 5121 3541 5201">
     <span class='ocr_line' id='line_1_110' title="bbox 1979 5121 3541 5201; baseline -0.01 -11"><span class='ocrx_word' id='word_1_785' title='bbox 1979 5146 2085 5190; x_wconf 89' lang='lat' dir='ltr'><strong>tem</strong></span> <span class='ocrx_word' id='word_1_786' title='bbox 2138 5135 2205 5187; x_wconf 90' lang='lat' dir='ltr'><strong>de</strong></span> <span class='ocrx_word' id='word_1_787' title='bbox 2263 5147 2397 5201; x_wconf 86' lang='lat' dir='ltr'><strong>papa</strong></span> <span class='ocrx_word' id='word_1_788' title='bbox 2454 5130 2541 5184; x_wconf 86' lang='lat' dir='ltr'><strong>hic</strong></span> <span class='ocrx_word' id='word_1_789' title='bbox 2595 5130 2791 5196; x_wconf 87' lang='lat' dir='ltr'><strong>scripta</strong></span> <span class='ocrx_word' id='word_1_790' title='bbox 2845 5134 3009 5186; x_wconf 86' lang='lat' dir='ltr'><strong>sunt,</strong></span> <span class='ocrx_word' id='word_1_791' title='bbox 3067 5124 3133 5177; x_wconf 90' lang='lat' dir='ltr'><strong>ad</strong></span> <span class='ocrx_word' id='word_1_792' title='bbox 3180 5121 3541 5192; x_wconf 82' lang='lat' dir='ltr'><strong>patriarcham</strong></span> 
     </span>
    </p>
   </div>
   <div class='ocr_carea' id='block_1_111' title="bbox 1978 5213 3543 5289">
    <p class='ocr_par' dir='ltr' id='par_1_111' title="bbox 1978 5213 3543 5289">
     <span class='ocr_line' id='line_1_111' title="bbox 1978 5213 3543 5289; baseline -0.013 -8"><span class='ocrx_word' id='word_1_793' title='bbox 1978 5227 2139 5281; x_wconf 87' lang='lat' dir='ltr'><strong>etiam</strong></span> <span class='ocrx_word' id='word_1_794' title='bbox 2170 5220 2823 5289; x_wconf 71' lang='lat' dir='ltr'><strong>Cor-Stantinopolitanum</strong></span> <span class='ocrx_word' id='word_1_795' title='bbox 2859 5213 3175 5284; x_wconf 87' lang='lat' dir='ltr'><strong>applieatnla</strong></span> <span class='ocrx_word' id='word_1_796' title='bbox 3208 5219 3425 5280; x_wconf 88' lang='lat' dir='ltr'><strong>propter</strong></span> <span class='ocrx_word' id='word_1_797' title='bbox 3453 5226 3543 5264; x_wconf 86' lang='lat' dir='ltr'><strong>ra-</strong></span> 
     </span>
    </p>
   </div>
   <div class='ocr_carea' id='block_1_112' title="bbox 1981 5298 3539 5381">
    <p class='ocr_par' dir='ltr' id='par_1_112' title="bbox 1981 5298 3539 5381">
     <span class='ocr_line' id='line_1_112' title="bbox 1981 5298 3539 5381; baseline -0.01 -14"><span class='ocrx_word' id='word_1_798' title='bbox 1981 5314 2156 5368; x_wconf 88' lang='lat' dir='ltr'><strong>tiones</strong></span> <span class='ocrx_word' id='word_1_799' title='bbox 2194 5325 2330 5381; x_wconf 86' lang='lat' dir='ltr'><strong>qnas</strong></span> <span class='ocrx_word' id='word_1_800' title='bbox 2364 5324 2503 5378; x_wconf 83' lang='lat' dir='ltr'><strong>saepe</strong></span> <span class='ocrx_word' id='word_1_801' title='bbox 2532 5306 2791 5361; x_wconf 81' lang='lat' dir='ltr'><strong>diximus.</strong></span> <span class='ocrx_word' id='word_1_802' title='bbox 2840 5300 2979 5372; x_wconf 74' lang='lat' dir='ltr'><strong>Lege</strong></span> <span class='ocrx_word' id='word_1_803' title='bbox 3008 5309 3063 5355; x_wconf 88' lang='lat' dir='ltr'><strong>et</strong></span> <span class='ocrx_word' id='word_1_804' title='bbox 3106 5299 3330 5368; x_wconf 82' lang='lat' dir='ltr'><strong>capth</strong></span> <span class='ocrx_word' id='word_1_805' title='bbox 3372 5301 3459 5351; x_wconf 93' lang='lat' dir='ltr'><strong>tit.</strong></span> <span class='ocrx_word' id='word_1_806' title='bbox 3506 5298 3539 5352; x_wconf 89' lang='lat'><strong>8</strong></span> 
     </span>
    </p>
   </div>
   <div class='ocr_carea' id='block_1_113' title="bbox 1979 5389 3540 5478">
    <p class='ocr_par' dir='ltr' id='par_1_113' title="bbox 1979 5389 3540 5478">
     <span class='ocr_line' id='line_1_113' title="bbox 1979 5389 3540 5478; baseline -0.013 -15"><span class='ocrx_word' id='word_1_807' title='bbox 1979 5408 2262 5478; x_wconf 66' lang='lat' dir='ltr'><strong>pm‘asentis</strong></span> <span class='ocrx_word' id='word_1_808' title='bbox 2294 5402 2492 5472; x_wconf 88' lang='lat' dir='ltr'><strong>operis,</strong></span> <span class='ocrx_word' id='word_1_809' title='bbox 2524 5411 2577 5454; x_wconf 86' lang='lat' dir='ltr'><strong>et</strong></span> <span class='ocrx_word' id='word_1_810' title='bbox 2606 5399 2782 5451; x_wconf 81' lang='lat' dir='ltr'><strong>otnnia</strong></span> <span class='ocrx_word' id='word_1_811' title='bbox 2814 5409 2932 5465; x_wconf 81' lang='lat' dir='ltr'><strong>quae</strong></span> <span class='ocrx_word' id='word_1_812' title='bbox 2965 5396 3015 5448; x_wconf 88' lang='lat' dir='ltr'><strong>in</strong></span> <span class='ocrx_word' id='word_1_813' title='bbox 3038 5408 3103 5447; x_wconf 89' lang='lat' dir='ltr'><strong>eo</strong></span> <span class='ocrx_word' id='word_1_814' title='bbox 3135 5402 3280 5473; x_wconf 89' lang='lat' dir='ltr'><strong>sunt.</strong></span> <span class='ocrx_word' id='word_1_815' title='bbox 3324 5389 3419 5444; x_wconf 84' lang='lat' dir='ltr'><strong>His</strong></span> <span class='ocrx_word' id='word_1_816' title='bbox 3444 5406 3540 5443; x_wconf 85' lang='lat' dir='ltr'><strong>au-</strong></span> 
     </span>
    </p>
   </div>
   <div class='ocr_carea' id='block_1_114' title="bbox 1981 5482 3539 5556">
    <p class='ocr_par' dir='ltr' id='par_1_114' title="bbox 1981 5482 3539 5556">
     <span class='ocr_line' id='line_1_114' title="bbox 1981 5482 3539 5556; baseline -0.011 -4"><span class='ocrx_word' id='word_1_817' title='bbox 1981 5510 2086 5554; x_wconf 84' lang='lat' dir='ltr'><strong>tem</strong></span> <span class='ocrx_word' id='word_1_818' title='bbox 2112 5498 2192 5551; x_wconf 83' lang='lat' dir='ltr'><strong>sic</strong></span> <span class='ocrx_word' id='word_1_819' title='bbox 2213 5494 2472 5556; x_wconf 83' lang='lat' dir='ltr'><strong>definitis,</strong></span> <span class='ocrx_word' id='word_1_820' title='bbox 2505 5492 2754 5545; x_wconf 78' lang='lat' dir='ltr'><strong>dixerunt</strong></span> <span class='ocrx_word' id='word_1_821' title='bbox 2791 5486 2978 5552; x_wconf 84' lang='lat' dir='ltr'><strong>aliqui,</strong></span> <span class='ocrx_word' id='word_1_822' title='bbox 3014 5501 3117 5538; x_wconf 89' lang='lat' dir='ltr'><strong>non</strong></span> <span class='ocrx_word' id='word_1_823' title='bbox 3150 5485 3348 5539; x_wconf 85' lang='lat' dir='ltr'><strong>debere</strong></span> <span class='ocrx_word' id='word_1_824' title='bbox 3372 5482 3539 5537; x_wconf 86' lang='lat' dir='ltr'><strong>ullum</strong></span> 
     </span>
    </p>
   </div>
   <div class='ocr_carea' id='block_1_115' title="bbox 1982 5573 3532 5657">
    <p class='ocr_par' dir='ltr' id='par_1_115' title="bbox 1982 5573 3532 5657">
     <span class='ocr_line' id='line_1_115' title="bbox 1982 5573 3532 5657; baseline -0.012 -13"><span class='ocrx_word' id='word_1_825' title='bbox 1982 5588 2449 5657; x_wconf 87' lang='lat' dir='ltr'><strong>metropolitanum</strong></span> <span class='ocrx_word' id='word_1_826' title='bbox 2489 5585 2606 5637; x_wconf 82' lang='lat' dir='ltr'><strong>sine</strong></span> <span class='ocrx_word' id='word_1_827' title='bbox 2638 5577 2983 5650; x_wconf 86' lang='lat' dir='ltr'><strong>patriarchali</strong></span> <span class='ocrx_word' id='word_1_828' title='bbox 3016 5579 3273 5631; x_wconf 86' lang='lat' dir='ltr'><strong>mandato</strong></span> <span class='ocrx_word' id='word_1_829' title='bbox 3302 5573 3385 5628; x_wconf 88' lang='lat' dir='ltr'><strong>vel</strong></span> <span class='ocrx_word' id='word_1_830' title='bbox 3422 5589 3532 5643; x_wconf 81' lang='lat' dir='ltr'><strong>per-</strong></span> 
     </span>
    </p>
   </div>
   <div class='ocr_carea' id='block_1_116' title="bbox 1983 5666 3516 5747">
    <p class='ocr_par' dir='ltr' id='par_1_116' title="bbox 1983 5666 3516 5747">
     <span class='ocr_line' id='line_1_116' title="bbox 1983 5666 3516 5747; baseline -0.011 -12"><span class='ocrx_word' id='word_1_831' title='bbox 1983 5685 2145 5736; x_wconf 73' lang='lat' dir='ltr'><strong>missu</strong></span> <span class='ocrx_word' id='word_1_832' title='bbox 2178 5680 2241 5732; x_wconf 90' lang='lat' dir='ltr'><strong>ad</strong></span> <span class='ocrx_word' id='word_1_833' title='bbox 2275 5681 2658 5747; x_wconf 83' lang='lat' dir='ltr'><strong>imperatorem</strong></span> <span class='ocrx_word' id='word_1_834' title='bbox 2694 5685 2931 5741; x_wconf 88' lang='lat' dir='ltr'><strong>unquam</strong></span> <span class='ocrx_word' id='word_1_835' title='bbox 2952 5669 3247 5740; x_wconf 83' lang='lat' dir='ltr'><strong>proficisci.</strong></span> <span class='ocrx_word' id='word_1_836' title='bbox 3283 5666 3412 5720; x_wconf 80' lang='lat' dir='ltr'><strong>Mihi</strong></span> <span class='ocrx_word' id='word_1_837' title='bbox 3449 5683 3516 5718; x_wconf 89' lang='lat' dir='ltr'><strong>an</strong></span> 
     </span>
    </p>
   </div>
   <div class='ocr_carea' id='block_1_117' title="bbox 1984 5756 3543 5835">
    <p class='ocr_par' dir='ltr' id='par_1_117' title="bbox 1984 5756 3543 5835">
     <span class='ocr_line' id='line_1_117' title="bbox 1984 5756 3543 5835; baseline -0.011 -10"><span class='ocrx_word' id='word_1_838' title='bbox 1984 5781 2092 5827; x_wconf 86' lang='lat' dir='ltr'><strong>tem</strong></span> <span class='ocrx_word' id='word_1_839' title='bbox 2120 5770 2351 5831; x_wconf 85' lang='lat' dir='ltr'><strong>videtur,</strong></span> <span class='ocrx_word' id='word_1_840' title='bbox 2384 5766 2527 5835; x_wconf 78' lang='lat' dir='ltr'><strong>quod</strong></span> <span class='ocrx_word' id='word_1_841' title='bbox 2556 5764 2773 5833; x_wconf 87' lang='lat' dir='ltr'><strong>quando</strong></span> <span class='ocrx_word' id='word_1_842' title='bbox 2819 5761 3052 5831; x_wconf 84' lang='lat' dir='ltr'><strong>primum</strong></span> <span class='ocrx_word' id='word_1_843' title='bbox 3090 5756 3543 5829; x_wconf 69' lang='lat' dir='ltr'><strong>metropolitanum</strong></span> 
     </span>
    </p>
   </div>
  </div>
