3958 6242
326 275 465 338 1165

1448 286 1530 345 ΙΝ
1569 288 1730 349 CAN.
1770 288 1854 348 XI
1889 286 2095 347 CONC.
2138 286 2430 348 SARDIC.

3401 295 3536 360 1466

323 391 389 443 ἐκ
414 393 625 463 φαύλης
654 392 773 446 ἐστὶ
799 394 1099 469 διαγωγῆς,
1151 400 1266 454 ἀλλ’
1304 401 1426 457 οὑδέ
1453 402 1563 457 τῶν
1610 407 1877 477 μοναχῶν,

2000 411 2092 452 tem
2150 400 2430 455 confestim
2476 403 2780 470 promoveri
2824 406 3108 474 permittit.
3174 406 3280 463 Sed
3338 410 3537 479 gradus

325 489 409 551 είς
436 488 497 541 τὸ
526 489 625 557 τῆς
648 491 954 561 ἐπισκοπῆς
982 492 1115 561 ὕψος
1145 494 1359 565 ἀθρόως
1410 496 1709 566 ἀνάγεσθαι
1745 517 1883 568 συγ-

327 583 517 651 χωρεὶκ
575 581 711 635 ἀλλά
762 582 893 646 τοὺς
949 587 1257 655 ίερατικοὺς
1310 590 1573 661 πρότερον
1641 591 1884 662 βαθμοὺς

328 673 632 742 προελθεῖν,
668 678 727 728 ἐν
784 676 1002 747 ἑκάστῳ
1060 679 1302 748 τάγματι
1357 680 1448 733 τὸν
1494 685 1885 752 νενομισμένον

328 767 640 838 πληροῦντα
666 769 878 839 χρόνον,
910 770 1005 823 καὶ
1034 772 1155 824 τότε
1178 772 1279 843 τῆς
1296 774 1603 844 ἐπισκοπῆς
1633 776 1732 842 τὴν
1765 793 1881 846 χει-

329 863 575 932 ροτονίαν
607 862 880 932 δέχεσθαι.
1506 882 1507 887 ‘

882 956 1124 1011 ΚΑΝΩΝ
1151 960 1220 1014 IA
1238 998 1255 1015 .

332 1068 351 1101 ι
388 1050 747 1118 Ἐπίσκοπος,
775 1054 906 1108 δταν
936 1053 993 1121 ἐξ
1018 1053 1214 1126 ἐτέρας
1243 1056 1453 1121 πόλεως
1505 1057 1878 1131 παραγενηταὶ

393 1162 413 1195 ι
451 1144 532 1205 είς
562 1145 758 1216 ἐτέραν
806 1146 983 1215 πόλιν,
1015 1148 1050 1220 ἢ
1081 1147 1190 1202 ἀπὸ
1249 1149 1446 1222 ἐτέρας
1493 1152 1764 1224 ἐπαρχίας
1796 1154 1879 1215 είς

399 1253 418 1286 ι
461 1237 657 1307 ἐτέραν
709 1238 1003 1311 ἐπαρχίαν,
1071 1242 1285 1313 κόμπου
1346 1243 1505 1315 χάριν
1581 1245 1879 1316 ἐγκωμίοις

398 1347 417 1380 ι
453 1329 676 1392 οἰκείοις
703 1331 1169 1403 ὑπηρετούμενος,
1201 1334 1233 1402 ἢ
1273 1335 1570 1406 θρησκείας
1601 1336 1877 1392 καθοσιώ-

404 1438 423 1471 ι
465 1436 568 1483 σει,
599 1422 695 1475 καὶ
729 1422 951 1477 πλείονα
978 1424 1171 1493 χρόνον
1203 1424 1444 1496 βούλοιτο
1496 1427 1724 1498 διάγειν,
1785 1429 1879 1483 καὶ

402 1532 422 1564 ι
464 1512 539 1583 μὴ
565 1515 593 1567 ὁ
619 1515 719 1583 τῆς
749 1515 956 1580 πόλεως
991 1518 1209 1589 ἐκείνης
1251 1520 1553 1585 ἐπίσκοπος
1615 1521 1878 1599 ἔμπειρος

403 1625 421 1658 ι
460 1602 893 1681 ᾖδιδασκαλίας,
952 1611 1027 1680 μὴ
1094 1604 1410 1686 καταφρονῇ
1475 1615 1708 1680 ἐκείνου,
1782 1617 1880 1670 καὶ

399 1714 418 1749 ι
452 1699 839 1772 συνεχέστερον
869 1702 1057 1774 ὁμιλῇ,
1111 1705 1503 1783 καταισχύνειν
1550 1709 1645 1762 καὶ
1675 1707 1878 1762 εύτελί-
1902 1739 1952 1801 Β

404 1807 423 1841 ι
457 1789 573 1854 ζειν
611 1793 672 1845 τὸ
704 1792 997 1862 πρόσωπον
1022 1794 1115 1849 τοῦ
1148 1797 1336 1851 αὐτόθι
1365 1799 1665 1853 ἐπισκόπου
1710 1817 1877 1856 σπου-

403 1900 423 1933 ι
453 1882 656 1945 δάζων.
689 1884 840 1956 Αὕτη
872 1888 982 1957 γάρ
1011 1889 1043 1958 ἡ
1091 1889 1367 1959 πρόφασις
1410 1891 1570 1945 εἴωθε
1607 1893 1882 1965 ταράχους

408 1995 427 2028 ι
470 1980 667 2037 ποιεῖν.
698 1979 794 2032 καὶ
841 1979 906 2032 ἐκ
929 1978 1032 2048 τῆς
1078 1980 1334 2051 τοιαύτης
1389 1985 1723 2054 πανουργίας
1779 1986 1879 2056 τὴν

399 2088 418 2121 ι
458 2068 745 2139 ἀλλοτρίαν
797 2070 1068 2140 καθέδραν
1133 2072 1311 2142 ἐαυτῷ
1370 2076 1879 2144 προμνηστεύεσθαι

399 2180 419 2214 ι
458 2163 553 2216 καὶ
582 2162 974 2233 παρασπᾶσθαι
1010 2165 1323 2229 σπουδάζει,
1352 2165 1425 2236 μὴ
1465 2166 1735 2230 διστάζων
1778 2169 1879 2241 τὴν

399 2272 418 2306 ι
455 2255 607 2325 αὐτῷ
631 2255 1032 2325 παραδοθεῖσαν
1069 2258 1372 2327 ἐκκλησίαν
1418 2260 1881 2330 καταλιμπάνειν,

406 2363 425 2396 ι
463 2346 561 2399 καὶ
584 2347 663 2411 είς
698 2347 893 2418 ἐτέραν
923 2348 1302 2417 μεθίστασθαι.
1350 2329 1630 2420 Ὀρίστέον
1656 2350 1750 2406 οὖν
1785 2353 1881 2407 ἐπὶ

400 2455 421 2489 ι
455 2436 631 2507 τούτῳ
662 2438 876 2510 χρόνον·
928 2440 1114 2511 ἐπειδὴ
1169 2438 1357 2495 καὶτὸ
1402 2444 1476 2512 μὴ
1526 2444 1883 2516 ὑποδέχεσθαι

406 2546 425 2579 ι
462 2528 760 2582 ἐπίσκοπον
791 2529 899 2583 τῶν
924 2529 1307 2598 ἀπανθρώπων
1343 2531 1438 2585 καὶ
1487 2534 1691 2587 σκαιῶν
1742 2530 1882 2589 εἶναι

405 2640 424 2671 ι
456 2621 791 2689 νενόμισται.
849 2621 1145 2693 Μέμνησθε
1194 2624 1253 2676 δὲ
1323 2624 1381 2677 ἐν
1452 2626 1531 2694 τῷ
1588 2630 1883 2698 προάγοντι

406 2731 426 2763 ι
464 2713 643 2782 χρόνῳ
678 2715 803 2777 τοὺς
827 2714 1078 2785 Πατέρας
1122 2716 1283 2787 ἡμῶν
1328 2719 1666 2789 κεκρικέναι.
1699 2721 1803 2783 ἵνα,
1835 2722 1889 2775 εί

403 2821 423 2855 ‹
455 2821 541 2867 τις
601 2804 785 2869 λαῖκὺς
832 2808 891 2860 ἐν
949 2807 1101 2862 πόλει
1156 2808 1360 2877 διάγων
1411 2813 1559 2881 τρεῖς
1615 2812 1885 2882 κυριακάς

401 2914 421 2948 ι
457 2895 673 2969 ἡμέρας
719 2898 778 2951 ἐν
823 2898 1005 2969 τρισὶν
1057 2899 1315 2969 ἑϐδομάσι
1389 2901 1465 2973 μὴ
1546 2904 1883 2975 συνέρχοιτο.

406 3006 424 3037 ι
470 2990 782 3043 ἀποκινοῖτο
820 2990 919 3059 τῆς
951 2992 1257 3055 κοινωνίας.
1307 2995 1373 3048 El
1396 2996 1576 3049 τοίνυν
1602 2998 1728 3067 περὶ
1772 2998 1884 3051 τῶν

402 3098 420 3129 ι
460 3079 664 3133 λαῖκῶν
684 3081 841 3135 τοῦτο
859 3082 1231 3151 τεθέσπισται,
1258 3086 1320 3138 οὐ
1349 3087 1475 3158 χρὴ,
1502 3088 1623 3142 οὐδὲ
1655 3089 1880 3159 πρέπει,
1906 3102 1949 3162 c

404 3190 423 3222 ι
465 3172 580 3224 ἀλλ’
618 3172 738 3226 οὐδέ
773 3174 1066 3245 συμφέρει,
1123 3178 1443 3242 ἐπίσκοπον,
1499 3181 1547 3233 εί
1605 3182 1877 3253 μηδεμίαν

401 3281 421 3313 ι
462 3262 764 3334 βαρυτέραν
795 3267 1041 3337 ἀνάγκην
1077 3268 1210 3338 ἐχοι,
1243 3270 1275 3341 ἢ
1317 3272 1550 3342 πρᾶγμα
1587 3272 1873 3344 δυσχερὲς,

399 3374 417 3406 ι
452 3357 795 3413 ἐπιπλείστον
852 3361 1245 3437 ἀπολείπεσθαι
1276 3364 1375 3433 τῆς
1424 3365 1618 3419 ἑαυτοῦ
1678 3367 1879 3437 ἐκκλη-

400 3469 420 3503 σ
458 3452 599 3517 σίας,
635 3454 749 3506 ’καὶ
791 3453 993 3507 θλίϐειν
1031 3454 1123 3507 τὸν
1162 3457 1667 3528 ἐμπεπιστευμένον
1729 3460 1880 3530 αὐτῷ

400 3567 419 3599 ι
457 3548 608 3601 λαόν.
668 3548 943 3610 Ἀπαντες
1000 3552 1047 3603 οί
1097 3550 1386 3605 ἐπίσκοποι
1461 3554 1716 3623 εἰρήκασι
1776 3555 1873 3608 καὶ

395 3657 413 3690 ι
450 3640 655 3710 ταύτην
710 3639 808 3711 τὴν
856 3640 1083 3712 γνώμην
1142 3642 1354 3712 σφόδρα
1395 3639 1538 3698 εἶναι
1588 3628 1875 3714 πρεπωδε-

396 3748 416 3783 ι
456 3732 679 3801 στάτην.
720 3751 737 3782 ι

390 3823 585 3877 ΒΑΛΣ.
613 3824 801 3878 Πᾶσαν
828 3823 1126 3879 σκανδάλου
1161 3827 1437 3896 πρόφασιν
1464 3828 1878 3900 περιαιροῦντες

319 3914 367 3964 ni
411 3913 675 3983 Πατέρες,
704 3914 1027 3985 διωρίσαντο
1079 3915 1153 3986 μὴ
1199 3917 1544 3986 μεταϐαίνειν
1577 3919 1875 3972 ἐπίσκοπον

321 4003 432 4056 ἀπὸ
459 4003 666 4067 πόλεως
698 4006 776 4069 είς
804 4005 959 4058 πόλιν
984 4006 1016 4075 ἢ
1062 4007 1171 4060 ἀπὸ
1199 4006 1462 4078 ἐπαρχίας
1503 4008 1584 4072 είς
1604 4009 1876 4081 ἐπαρχίαν

320 4096 465 4149 κατά
497 4096 700 4165 τρόπον
738 4096 1054 4161 ἀλαζονείας
1080 4098 1113 4170 ἢ
1158 4097 1489 4164 πλεονεξίας.
1520 4102 1583 4154 Ei
1632 4102 1688 4155 δέ
1716 4102 1875 4157 τοῦτο

315 4189 378 4241 ού
411 4187 635 4258 γένηται
662 4189 751 4244 διὰ
785 4189 1042 4261 τοιαύτην
1062 4191 1263 4256 αἰτίαν,
1295 4192 1433 4247 ἀλλά
1484 4192 1573 4247 διά
1604 4195 1874 4264 πρόσκαι-

317 4298 412 4352 ρον
441 4280 762 4346 άνάπαυσιν,
787 4282 819 4352 ἢ
853 4283 1048 4354 ἑτέραν
1078 4282 1300 4351 εὔλογον
1323 4284 1598 4355 ἀφορμὴν,
1635 4289 1709 4356 μὴ
1736 4304 1873 4341 κατ-

314 4371 641 4443 επαίρεσθαι
671 4373 852 4437 αὐτὸν,
879 4373 1060 4440 λόγιον
1087 4374 1248 4445 τυχὸν
1290 4374 1443 4437 ὅντα,
1481 4375 1576 4429 τοῦ
1600 4377 1868 4449 ἐγχωρίου

1975 488 2131 562 prius
2192 494 2485 562 pervadere
2534 498 2912 561 saeerdotales,
2970 500 3025 554 in
3077 515 3288 570 quoque
3344 502 3534 558 ordine

1984 587 2192 655 legibus
2223 587 2487 642 sancitum
2524 598 2733 659 tempus
2767 591 3099 662 explentem,
3145 602 3198 649 et
3249 603 3374 651 tunc
3420 595 3537 665 epl-

1980 686 2235 747 scopatus
2259 677 2658 736 ordinationem
2688 683 2957 753 accipere.

2570 979 2797 1036 CANON
2850 981 2945 1041 Xl.’

1987 1088 2006 1123 ι
2032 1072 2256 1139 Quando
2284 1072 2568 1143 episcopus
2594 1090 2659 1130 ex
2683 1075 2785 1129 alia
2816 1075 3033 1131 civitate
3063 1077 3117 1131 in
3148 1075 3308 1132 aliam
3341 1079 3536 1134 civita-

2056 1182 2074 1215 ι
2112 1172 2243 1232 tem,
2268 1165 2350 1219 vel
2385 1179 2451 1219 ex
2480 1165 2583 1219 alia
2626 1165 2900 1235 provincia
2934 1168 2984 1221 in
3014 1167 3173 1223 aliam
3208 1171 3537 1238 provinciam

2056 1275 2075 1308 ι
2112 1258 2426 1322 accesserit,
2465 1258 2778 1323 iactationis
2811 1260 2983 1330 gratia
3026 1262 3258 1330 prepriis
3291 1262 3541 1318 laudibus

2059 1369 2077 1401 ι
2115 1350 2378 1413 serviens.
2405 1352 2486 1407 vel
2519 1351 2794 1421 religionis
2821 1352 3276 1421 sanctificationi;
3321 1365 3373 1410 et
3412 1356 3540 1412 velit

2055 1459 2074 1493 ι
2112 1442 2340 1514 longiori
2370 1452 2614 1513 tempore
2644 1442 2754 1498 illic
2781 1459 2941 1513 agere
2968 1484 2984 1509 ,
3019 1446 3162 1501 illius
3193 1458 3373 1503 autem
3403 1450 3537 1504 civi-

2012 1518 2017 1523 ’
2055 1550 2075 1584 ι
2112 1534 2237 1589 tatis
2269 1534 2552 1605 episcopus
2588 1535 2847 1607 doctrinae
2868 1552 2971 1591 non
3015 1538 3175 1603 fuerit
3205 1542 3438 1610 peritus:
3475 1558 3541 1598 ne

2054 1644 2073 1677 ι
2117 1626 2268 1680 illum
2326 1626 2610 1697 despiciat,
2659 1636 2714 1684 et
2775 1629 3108 1699 frequentius
3169 1634 3537 1700 concionetur,

2053 1738 2073 1771 ι
2109 1719 2328 1774 studens
2362 1721 2626 1777 dedecore
2669 1720 2883 1778 aliteere
2917 1733 2971 1778 et
2993 1724 3327 1793 vilipendere
3362 1742 3543 1795 perso-

2058 1828 2078 1861 ι
2111 1824 2235 1863 nam
2270 1811 2545 1881 episcopi,
2573 1812 2663 1882 qui
2695 1812 2767 1867 ibi
2802 1824 2905 1868 est.
2938 1814 3035 1868 Hic
3062 1815 3203 1869 enim
3248 1826 3540 1885 przetextus

2056 1920 2074 1954 ι
2113 1900 2247 1958 solet
2292 1904 2480 1959 turbas
2527 1904 2802 1970 excitare,
2848 1915 2899 1960 et
2943 1907 3206 1972 ejusmodi
3250 1909 3540 1963 calliditate

2053 1995 2337 2051 «alienam
2399 1997 2579 2052 sedem
2636 1997 2738 2054 sibi
2800 1998 3087 2055 conciliare
3148 2009 3202 2054 et
3272 2000 3543 2056 attrahere

2059 2106 2079 2140 ‹
2115 2088 2314 2152 studet,
2345 2089 2613 2145 cum'non
2662 2090 2869 2147 dubitet
2904 2091 3003 2146 sibi
3060 2092 3305 2147 traditam
3363 2093 3545 2148 Eccle-

1990 2218 2005 2233 .
2059 2198 2079 2230 ‹
2115 2181 2252 2234 siam
2284 2181 2611 2252 relinquere,
2656 2193 2710 2238 et
2752 2183 2805 2238 in
2846 2185 3003 2240 aliam
3032 2186 3281 2240 transire.
3332 2187 3411 2239 Ad
3444 2188 3543 2242 hoc

2060 2292 2078 2324 ‹
2110 2287 2240 2343 ergo
2271 2284 2481 2345 tempus
2512 2276 2873 2333 deliniendam
2917 2286 3038 2333 est:
3080 2295 3201 2331 nam
3233 2280 3541 2345 episcopum
3570 2324 3573 2327 ,

2060 2385 2080 2419 ι
2112 2382 2217 2423 non
2253 2368 2439 2437 recipi,
2474 2368 2823 2424 inhumanum
2847 2380 2900 2425 et
2934 2371 3145 2425 incivile
3180 2373 3540 2425 existimatum
3584 2426 3587 2427 ν

2059 2478 2078 2512 ι
2119 2466 2224 2516 est.
2268 2457 2644 2514 Recordemiui
2709 2470 2887 2515 autem
2945 2462 3131 2514 Patres
3192 2472 3402 2517 nostros
3478 2461 3532 2515 in

2061 2572 2078 2606 ι
2121 2562 2359 2622 tempore
2391 2554 2664 2623 praeterito
2717 2554 3000 2616 statuisse,
3028 2563 3087 2607 ut
3137 2553 3180 2606 si
3212 2554 3335 2623 quis
3372 2553 3542 2607 laicus

2058 2664 2075 2694 ι
2114 2646 2165 2699 in
2194 2646 2328 2700 urbe
2354 2660 2518 2715 agens
2549 2645 2721 2699 tribus
2752 2645 2939 2700 diebus
2970 2646 3262 2700 Dominicis
3288 2647 3337 2700 in
3369 2646 3538 2701 tribus

2051 2755 2069 2786 ε
2110 2731 2681 2791 Ιιεὺάοιηιιᾶίὺιιεήοη
2730 2735 3052 2800 conveniat,
3088 2737 3132 2790 is
3162 2739 3541 2791 communione

2062 2847 2079 2878 ι
2120 2835 2415 2882 moveatur.
2457 2826 2623 2898 5.98
2665 2825 2720 2880 Si
2763 2828 2862 2881 hoc
2902 2841 3031 2905 ergo
3075 2828 3138 2880 de
3167 2827 3320 2883 laicis
3365 2836 3539 2882 statu-

2062 2938 2081 2971 ι
2118 2928 2229 2974 tum
2270 2928 2371 2983 est,
2414 2935 2518 2973 non
2550 2926 2778 2988 oportet,
2813 2934 2909 2973 nec
2938 2921 3206 2984 convenit,
3233 2921 3325 2974 sed
3366 2935 3541 2989 neque

2058 3033 2077 3065 ι
2114 3024 2197 3069 est
2236 3013 2387 3079 utile,
2432 3012 2764 3083 episcOpum.
2806 3013 2848 3067 si
2887 3014 3082 3068 nullam
3121 3015 3283 3068 habet
3324 3016 3540 3083 gravio-

2062 3126 2080 3157 ‹
2118 3122 2231 3161 rem
2269 3106 2645 3163 necessitatem
2678 3107 2761 3162 vel
2797 3108 3065 3177 negotium
3095 3108 3389 3174 difficilius,
3426 3110 3541 3163 lon-

2051 3218 2072 3252 ι
2108 3200 2227 3268 gius
2273 3214 2301 3253 a
2333 3214 2429 3254 sua
2461 3198 2651 3255 abesse
2678 3199 2945 3266 Ecclesia,
2985 3210 3040 3255 et
3061 3201 3159 3254 sibi
3190 3201 3537 3256 commissum

2055 3310 2073 3341 σ
2111 3291 2365 3361 populum
2400 3291 2586 3347 dolore
2624 3290 2860 3346 allicere.
2890 3289 3091 3347 Omnes
3126 3292 3356 3362 episcopi
3390 3292 3539 3345 dixe—

2047 3398 2075 3433 τι
2112 3390 2267 3448 runt,
2314 3382 2453 3438 banc
2481 3398 2697 3455 quoque
2721 3383 3042 3439 sententiam
3071 3398 3192 3440 esse
3214 3386 3539 3441 convenien-

2058 3492 2078 3527 ι
2118 3473 2403 3531 tissimam.
2435 3491 2457 3528 ι

2047 3827 2239 3886 BALS.
2277 3826 2502 3883 Omnem
2545 3827 2783 3885 scandali
2825 3829 3166 3885 occasionem
3228 3828 3536 3883 auferentes

1978 3921 2152 3977 sancti
2186 3920 2400 3985 Patres,
2434 3929 2742 3976 statuerunt
2770 3959 2786 3985 ,
2834 3936 2901 3976 ne
2944 3919 3227 3990 episcOpus
3254 3933 3281 3973 a
3316 3920 3534 3973 civitate

1978 4014 2031 4069 in
2055 4013 2352 4077 civitatem,
2382 4013 2517 4068 vela
2550 4012 2823 4081 provincia
2855 4012 2908 4066 in
2939 4012 3295 4081 provinciam,
3331 4026 3427 4079 per
3451 4026 3538 4062 ar-

1976 4105 2275 4173 rogantiam
2337 4105 2419 4158 vel
2473 4103 2753 4157 avaritiam
2782 4112 3038 4158 transeat.
3086 4102 3143 4157 Si
3200 4111 3380 4156 autem
3426 4116 3537 4155 non

1976 4194 2072 4248 ﬁat
2099 4203 2319 4262 propter
2344 4208 2462 4248 eam
2493 4207 2742 4257 causam,
2790 4192 2883 4247 sed
2917 4199 3133 4261 propter
3175 4190 3377 4259 aliquot
3419 4189 3534 4245 die-

1974 4301 2093 4340 rum
2124 4286 2381 4357 quietem,
2410 4284 2495 4341 vel
2522 4284 2754 4355 aliquam
2777 4285 2934 4340 aliam
2961 4285 3158 4356 justam
3187 4297 3401 4338 causam
3424 4299 3439 4348 ;
3466 4295 3537 4338 ne

1976 4378 2109 4448 ipse,
2156 4392 2276 4433 cum
2332 4378 2401 4434 sit
2460 4377 2670 4443 doctus,
2702 4378 2924 4434 insultet
2995 4375 3230 4446 regionis
3278 4375 3537 4443 episcopo

314 4466 645 4527 ἐπισκόπου.
675 4465 920 4536 ἀμαθοῦς
954 4466 1083 4530 ἴσως
1112 4469 1490 4538 τυγχάνοντος·
1536 4469 1671 4540 μηδὲ
1706 4471 1869 4526 αὐτὸν

2000 4469 2063 4537 ιιιὶ
2106 4469 2243 4523 forte
2279 4478 2365 4525 est
2392 4468 2641 4523 indoctus
2664 4508 2680 4532 ,
2726 4482 2825 4522 nec
2855 4467 2968 4538 ipse
3013 4466 3224 4522 Iaudem
3262 4466 3531 4520 desideret

313 4556 417 4626 μὲν
469 4557 725 4626 ἐφίεσθαι
760 4558 1053 4627 ἐγκωμίων
1101 4559 1192 4613 διά
1223 4559 1572 4629 δογματικῶν
1616 4561 1869 4618 διδασκα-

308 4648 441 4703 λιῶν
502 4650 681 4720 (τοῦτο
738 4651 848 4718 γάρ
886 4653 1035 4704 ἐστιν
1080 4651 1114 4720 ἡ
1160 4651 1445 4721 θρησκεία,
1509 4653 1785 4708 τουτέστιν
1833 4658 1866 4727 ἠ

311 4740 537 4811 λατρεία
567 4742 724 4812 καὶὴ
766 4740 998 4810 πίστις),
1035 4739 1130 4793 τοῦ
1174 4741 1231 4793 δέ
1260 4741 1527 4811 ἐγχωρίου
1566 4743 1866 4798 ἐπισκόπου

310 4834 697 4902 καταφρονεῖν,
731 4832 804 4895 ὼς
834 4832 1130 4903 ἐμπειρίαν
1157 4832 1497 4902 δογματικῆς
1519 4832 1870 4899 διδασκαλίας

314 4921 391 4992 μὴ
429 4922 665 4993 ἔχοντος,
700 4922 836 4975 ἀλλά
858 4923 1154 4992 ἡσυχάζειν
1184 4923 1280 4976 καὶ
1309 4922 1453 4991 ἔχειν
1481 4921 1580 4992 τὴν
1606 4922 1868 4989 ἀνάλογον

306 5014 472 5086 τιμὴν
502 5014 643 5084 πρὸς
678 5013 769 5066 τὸν
800 5012 1063 5084 ἐγχώριον
1091 5013 1414 5068 ἐπίσκοπον.
1451 5013 1525 5067 Τὸ
1568 5014 1676 5085 γάρ
1710 5012 1863 5083 παρά

306 5106 481 5160 ταῦτα
512 5108 818 5177 γινόμενον,
874 5110 1056 5175 φασὶν,
1105 5107 1395 5178 παραίτιόν
1453 5108 1569 5159 ἐστι
1621 5105 1868 5177 ταραχῆς

310 5200 511 5267 πολλῆς
559 5200 655 5253 καλ⁸
700 5200 906 5270 ὑποψία
958 5200 1053 5254 τοῦ
1103 5200 1427 5265 σπουδάζειν
1484 5200 1575 5253 τὸν
1628 5197 1869 5253 τοιοῦτον

306 5291 630 5343 καταλιπεῖν
652 5291 751 5359 τὴν
788 5289 1063 5359 λαχοῦσαν
1095 5291 1279 5354 αὑτὸν,
1309 5290 1403 5342 καὶ
1442 5287 1864 5359 σφετερίσασθαι

305 5383 406 5452 τὴν
436 5382 612 5453 ἐτέρῳ
649 5384 958 5452 ἀνήκουσαν
987 5383 1305 5452 ἐκκλησίαν.
1336 5382 1436 5437 ¹Διά
1461 5399 1544 5435 τοι
1573 5381 1752 5445 τοῦτο,
1789 5379 1865 5450 μὴ

200 5530 209 5535 ,
304 5473 536 5525 ἀνεκτὸν
574 5472 909 5543 ἡγησάμενοι
939 5473 1032 5525 ἐπὶ
1059 5472 1227 5525 πολὺν
1254 5472 1445 5543 χρόνον
1486 5472 1695 5539 διάγειν
1742 5469 1866 5523 ἐπί-

306 5578 506 5615 σκοπον
556 5564 641 5626 είς
692 5562 979 5633 ἀλλοτρίαν
1014 5564 1249 5632 ἐνορίαν,
1278 5564 1561 5634 ἐπήγαγον
1606 5564 1701 5626 ὡς,
1741 5562 1864 5615 ἐπεὶ

304 5653 368 5707 τὸ
394 5653 468 5725 μὴ
495 5654 859 5726 ὑποδέχεσθαι
882 5657 1006 5721 τοὺς
1049 5656 1346 5733 ἐγχωρίους
1394 5656 1725 5719 ἐπισκόπους
1764 5656 1863 5727 ἀρ-

308 5747 512 5817 χιερεῖς
532 5746 739 5817 ἐτέρων
763 5748 985 5817 ἐνοριῶν
1008 5747 1370 5818 ἀφιλάδελφόν
1414 5750 1526 5803 ἐστι
1554 5747 1647 5803 καὶ
1686 5748 1861 5803 ἀπάν-

1974 4571 2072 4627 per
2113 4557 2444 4626 dogmaticas
2484 4558 2752 4613 doctrinas
2785 4557 2859 4624 (id
2909 4557 3051 4611 enim
3099 4564 3183 4611 est
3223 4555 3430 4621 religio,
3472 4552 3528 4606 id

1971 4654 2077 4706 est.
2108 4646 2282 4700 cultus
2303 4657 2357 4701 et
2382 4645 2557 4713 fides),
2585 4644 2823 4715 regionis
2845 4652 3021 4699 autem
3056 4643 3364 4711 episcopum
3394 4656 3530 4697 con-

1975 4745 2198 4799 temnat,
2221 4746 2283 4791 ut
2331 4737 2422 4806 qui
2478 4737 2800 4805 dogmaticm
2832 4736 3089 4789 doctrinae
3136 4733 3525 4804 experientiam

1972 4845 2077 4885 non
2102 4830 2339 4884 habeat:
2385 4830 2477 4884 sed
2534 4828 2819 4899 quiescat,
2879 4839 2933 4883 et
2986 4828 3224 4897 regionis
3272 4827 3527 4893 episcopo

1971 4921 2374 4978 convenientem
2421 4922 2678 4976 honorem
2714 4920 2956 4976 ‘habeat.
3009 4918 3162 4985 Quod
3224 4919 3389 4980 enim,
3447 4918 3531 4970 iu-

1971 5016 2184 5086 quiunt,
2236 5024 2430 5083 praeter
2464 5014 2569 5067 hoc
2616 5013 2704 5075 fit,
2758 5012 2942 5066 multa:
2982 5020 3063 5066 est
3100 5010 3527 5080 perturbationis

1969 5122 2153 5169 causa,
2199 5115 2253 5160 et
2306 5104 2563 5173 suspicio,
2596 5102 2736 5173 quod
2763 5104 2810 5158 is
2839 5102 3051 5158 studeat
3093 5102 3403 5171 relinquere
3432 5116 3526 5156 ec-

1970 5199 2187 5254 clesiam
2216 5212 2336 5266 quae
2362 5196 2509 5251 illum
2535 5196 2723 5250 sortita
2758 5203 2859 5260 est,
2890 5204 2945 5249 et
2976 5209 3119 5256 eam,
3151 5208 3269 5261 quae
3294 5193 3362 5247 ad
3389 5193 3525 5245 alte-

1968 5304 2087 5343 rum
2131 5287 2382 5356 pertinet.
2422 5285 2523 5340 sibi
2560 5285 2855 5341 vindicare.
2894 5284 2957 5338 Et
2990 5294 3270 5353 propterea
3305 5299 3409 5337 non
3448 5293 3526 5337 to-

1968 5378 2246 5433 lerandum
2290 5392 2410 5432 esse
2448 5376 2593 5439 rati,
2641 5384 2701 5430 ut
2746 5376 3029 5444 episcopus
3071 5376 3229 5445 longo
3284 5386 3523 5443 tempore

1965 5479 2213 5526 versetur
2268 5470 2321 5523 in
2372 5469 2545 5523 aliena
2603 5470 2821 5524 dimcesi
2849 5510 2865 5534 ,
2909 5468 3334 5535 subiunxerunt,
3378 5465 3519 5532 quod

1966 5561 2089 5630 quia
2144 5571 2289 5615 esset
2342 5560 2688 5615 inhumanum
2748 5569 2802 5615 et
2853 5576 2880 5613 a
2933 5557 3172 5613 fraterna
3237 5559 3520 5637 dilectione

1965 5652 2221 5717 alienum,
2246 5651 2291 5708 si
2321 5652 2555 5721 regionis
2586 5652 2819 5720 episcopi
2850 5651 3075 5706 aliarum
3099 5650 3403 5706 dimceseon
3425 5666 3521 5703 an-

1968 5746 2163 5803 tistites
2184 5760 2287 5802 non
2321 5745 2660 5802 admitterent
2690 5764 2702 5801 :
2737 5760 2941 5802 canone
2962 5752 3138 5801 autem
3161 5752 3378 5802 cautum
3412 5752 3515 5806 est,
