  <div class='ocr_page' id='page_1' title='image "/cluster/home/n/w/nwhite01/storage/ocr_20150623/137/hvd.32044073502536/783.png"; bbox 0 0 3958 6242; ppageno 0'>
   <div class='ocr_carea' id='block_1_1' title="bbox 427 265 1999 337">
    <p class='ocr_par' dir='ltr' id='par_1_1' title="bbox 427 265 1999 337">
     <span class='ocr_line' id='line_1_1' title="bbox 427 265 1999 337; baseline -0.007 -2"><span class='ocrx_word' id='word_1_1' title='bbox 427 268 562 337; x_wconf 61' lang='lat'><strong>1-167</strong></span> <span class='ocrx_word' id='word_1_2' title='bbox 1667 267 1940 328; x_wconf 84' lang='lat' dir='ltr'><strong>THEOD.</strong></span> <span class='ocrx_word' id='word_1_3' title='bbox 1985 265 1999 324; x_wconf 88' lang='lat' dir='ltr'><strong>l</strong></span> 
     </span>
    </p>
   </div>
   <div class='ocr_carea' id='block_1_2' title="bbox 2096 265 3653 337">
    <p class='ocr_par' dir='ltr' id='par_1_2' title="bbox 2096 266 3653 332">
     <span class='ocr_line' id='line_1_2' title="bbox 2096 266 3653 332; baseline 0.004 -7"><span class='ocrx_word' id='word_1_4' title='bbox 2096 266 2389 327; x_wconf 79' lang='lat' dir='ltr'><strong>LSAMON</strong></span> <span class='ocrx_word' id='word_1_5' title='bbox 3509 269 3653 332; x_wconf 71' lang='grc'><strong>1468</strong></span> 
     </span>
    </p>
   </div>
   <div class='ocr_carea' id='block_1_3' title="bbox 421 378 1999 458">
    <p class='ocr_par' dir='ltr' id='par_1_3' title="bbox 421 380 1980 458">
     <span class='ocr_line' id='line_1_3' title="bbox 421 380 1980 458; baseline -0.006 -14"><span class='ocrx_word' id='word_1_6' title='bbox 421 397 481 444; x_wconf 85' lang='grc' dir='ltr'><strong>ιιι</strong></span> <span class='ocrx_word' id='word_1_7' title='bbox 515 400 583 442; x_wconf 88' lang='lat' dir='ltr'><strong>ne</strong></span> <span class='ocrx_word' id='word_1_8' title='bbox 617 383 790 442; x_wconf 79' lang='lat' dir='ltr'><strong>laicus</strong></span> <span class='ocrx_word' id='word_1_9' title='bbox 822 384 1044 458; x_wconf 78' lang='lat' dir='ltr'><strong>quidem</strong></span> <span class='ocrx_word' id='word_1_10' title='bbox 1094 382 1270 438; x_wconf 78' lang='lat' dir='ltr'><strong>tribus</strong></span> <span class='ocrx_word' id='word_1_11' title='bbox 1301 380 1602 438; x_wconf 78' lang='lat' dir='ltr'><strong>Dominicis</strong></span> <span class='ocrx_word' id='word_1_12' title='bbox 1645 383 1713 437; x_wconf 88' lang='lat' dir='ltr'><strong>ab</strong></span> <span class='ocrx_word' id='word_1_13' title='bbox 1751 382 1980 442; x_wconf 73' lang='lat' dir='ltr'><strong>ecclesia</strong></span> 
     </span>
    </p>
   </div>
   <div class='ocr_carea' id='block_1_4' title="bbox 2096 378 3649 458">
    <p class='ocr_par' dir='ltr' id='par_1_4' title="bbox 2096 378 3649 452">
     <span class='ocr_line' id='line_1_4' title="bbox 2096 378 3649 452; baseline 0.001 -19"><span class='ocrx_word' id='word_1_14' title='bbox 2096 381 2324 452; x_wconf 63' lang='lat' dir='ltr'><strong>ipwnov,</strong></span> <span class='ocrx_word' id='word_1_15' title='bbox 2351 379 2730 436; x_wconf 75' lang='grc' dir='ltr'>κεκανόνισται</span> <span class='ocrx_word' id='word_1_16' title='bbox 2766 379 2827 439; x_wconf 71' lang='grc' dir='ltr'><strong>δέ</strong></span> <span class='ocrx_word' id='word_1_17' title='bbox 2860 380 2999 452; x_wconf 80' lang='grc' dir='ltr'><strong>μηδέ</strong></span> <span class='ocrx_word' id='word_1_18' title='bbox 3021 378 3213 436; x_wconf 77' lang='grc' dir='ltr'>λαῖκδν</span> <span class='ocrx_word' id='word_1_19' title='bbox 3261 378 3649 451; x_wconf 76' lang='grc' dir='ltr'>ἀπολιμπάνεο</span> 
     </span>
    </p>
   </div>
   <div class='ocr_carea' id='block_1_5' title="bbox 421 471 1999 546">
    <p class='ocr_par' dir='ltr' id='par_1_5' title="bbox 421 475 1978 546">
     <span class='ocr_line' id='line_1_5' title="bbox 421 475 1978 546; baseline -0.004 -10"><span class='ocrx_word' id='word_1_20' title='bbox 421 481 582 546; x_wconf 81' lang='lat' dir='ltr'><strong>absit,</strong></span> <span class='ocrx_word' id='word_1_21' title='bbox 615 487 710 535; x_wconf 86' lang='lat' dir='ltr'><strong>aut</strong></span> <span class='ocrx_word' id='word_1_22' title='bbox 731 481 801 534; x_wconf 88' lang='lat' dir='ltr'><strong>sit</strong></span> <span class='ocrx_word' id='word_1_23' title='bbox 821 476 1351 534; x_wconf 75' lang='lat' dir='ltr'><strong>excommunicatus:</strong></span> <span class='ocrx_word' id='word_1_24' title='bbox 1379 475 1603 530; x_wconf 80' lang='lat' dir='ltr'><strong>omnino</strong></span> <span class='ocrx_word' id='word_1_25' title='bbox 1625 475 1675 528; x_wconf 91' lang='lat' dir='ltr'><strong>in</strong></span> <span class='ocrx_word' id='word_1_26' title='bbox 1706 475 1978 530; x_wconf 81' lang='lat' dir='ltr'><strong>antistites</strong></span> 
     </span>
    </p>
   </div>
   <div class='ocr_carea' id='block_1_6' title="bbox 2096 471 3656 546">
    <p class='ocr_par' dir='ltr' id='par_1_6' title="bbox 2096 471 3656 544">
     <span class='ocr_line' id='line_1_6' title="bbox 2096 471 3656 544; baseline 0 -19"><span class='ocrx_word' id='word_1_27' title='bbox 2096 471 2206 526; x_wconf 79' lang='grc' dir='ltr'>τθαι</span> <span class='ocrx_word' id='word_1_28' title='bbox 2234 473 2342 527; x_wconf 79' lang='grc' dir='ltr'>ἀπὸ</span> <span class='ocrx_word' id='word_1_29' title='bbox 2369 473 2470 542; x_wconf 80' lang='grc' dir='ltr'>τῆς</span> <span class='ocrx_word' id='word_1_30' title='bbox 2491 473 2787 544; x_wconf 73' lang='grc' dir='ltr'><strong>ἐκκλησίας</strong></span> <span class='ocrx_word' id='word_1_31' title='bbox 2813 474 2905 526; x_wconf 78' lang='grc' dir='ltr'><strong>ἐπὶ</strong></span> <span class='ocrx_word' id='word_1_32' title='bbox 2932 476 3082 544; x_wconf 83' lang='grc' dir='ltr'>τρεῖς</span> <span class='ocrx_word' id='word_1_33' title='bbox 3119 473 3432 543; x_wconf 79' lang='grc' dir='ltr'>Κυριακάς,</span> <span class='ocrx_word' id='word_1_34' title='bbox 3471 474 3505 544; x_wconf 78' lang='grc' dir='ltr'>ἢ</span> <span class='ocrx_word' id='word_1_35' title='bbox 3541 473 3656 542; x_wconf 74' lang='grc' dir='ltr'>μὲν</span> 
     </span>
    </p>
   </div>
   <div class='ocr_carea' id='block_1_7' title="bbox 422 560 1999 642">
    <p class='ocr_par' dir='ltr' id='par_1_7' title="bbox 422 567 1978 642">
     <span class='ocr_line' id='line_1_7' title="bbox 422 567 1978 642; baseline -0.004 -16"><span class='ocrx_word' id='word_1_36' title='bbox 422 587 636 642; x_wconf 88' lang='lat' dir='ltr'><strong>quoque</strong></span> <span class='ocrx_word' id='word_1_37' title='bbox 660 573 834 626; x_wconf 83' lang='lat' dir='ltr'><strong>locum</strong></span> <span class='ocrx_word' id='word_1_38' title='bbox 866 568 1084 623; x_wconf 79' lang='lat' dir='ltr'><strong>habebit</strong></span> <span class='ocrx_word' id='word_1_39' title='bbox 1129 569 1218 623; x_wconf 85' lang='lat' dir='ltr'><strong>hic</strong></span> <span class='ocrx_word' id='word_1_40' title='bbox 1252 583 1448 625; x_wconf 88' lang='lat' dir='ltr'><strong>canon.</strong></span> <span class='ocrx_word' id='word_1_41' title='bbox 1486 567 1636 624; x_wconf 81' lang='lat' dir='ltr'><strong>Unde</strong></span> <span class='ocrx_word' id='word_1_42' title='bbox 1663 567 1824 622; x_wconf 79' lang='lat' dir='ltr'><strong>etiam</strong></span> <span class='ocrx_word' id='word_1_43' title='bbox 1863 575 1978 624; x_wconf 82' lang='lat' dir='ltr'><strong>sta-</strong></span> 
     </span>
    </p>
   </div>
   <div class='ocr_carea' id='block_1_8' title="bbox 2096 560 3653 642">
    <p class='ocr_par' dir='ltr' id='par_1_8' title="bbox 2096 560 3653 637">
     <span class='ocr_line' id='line_1_8' title="bbox 2096 560 3653 637; baseline -0.001 -19"><span class='ocrx_word' id='word_1_44' title='bbox 2096 566 2442 637; x_wconf 71' lang='grc' dir='ltr'>ἱκοινὼνητον</span> <span class='ocrx_word' id='word_1_45' title='bbox 2465 560 2629 632; x_wconf 81' lang='grc' dir='ltr'>εἶναι,</span> <span class='ocrx_word' id='word_1_46' title='bbox 2652 566 2872 629; x_wconf 83' lang='grc' dir='ltr'>πάντως</span> <span class='ocrx_word' id='word_1_47' title='bbox 2887 567 3158 637; x_wconf 80' lang='grc' dir='ltr'>κρατήσει</span> <span class='ocrx_word' id='word_1_48' title='bbox 3181 568 3274 619; x_wconf 75' lang='grc' dir='ltr'>καὶ</span> <span class='ocrx_word' id='word_1_49' title='bbox 3299 569 3427 636; x_wconf 81' lang='grc' dir='ltr'>περὶ</span> <span class='ocrx_word' id='word_1_50' title='bbox 3451 566 3653 635; x_wconf 78' lang='grc' dir='ltr'>ἀρχιε-</span> 
     </span>
    </p>
   </div>
   <div class='ocr_carea' id='block_1_9' title="bbox 426 657 1999 729">
    <p class='ocr_par' dir='ltr' id='par_1_9' title="bbox 426 659 1978 729">
     <span class='ocr_line' id='line_1_9' title="bbox 426 659 1978 729; baseline -0.002 -14"><span class='ocrx_word' id='word_1_51' title='bbox 426 672 660 726; x_wconf 80' lang='lat' dir='ltr'><strong>luerunt,</strong></span> <span class='ocrx_word' id='word_1_52' title='bbox 696 672 752 715; x_wconf 87' lang='lat' dir='ltr'><strong>ttt</strong></span> <span class='ocrx_word' id='word_1_53' title='bbox 780 661 953 715; x_wconf 87' lang='lat' dir='ltr'><strong>nullus</strong></span> <span class='ocrx_word' id='word_1_54' title='bbox 981 663 1266 729; x_wconf 79' lang='lat' dir='ltr'><strong>episcopus</strong></span> <span class='ocrx_word' id='word_1_55' title='bbox 1292 662 1359 713; x_wconf 80' lang='lat' dir='ltr'><strong>ah</strong></span> <span class='ocrx_word' id='word_1_56' title='bbox 1392 660 1648 723; x_wconf 77' lang='lat' dir='ltr'><strong>ecclesia,</strong></span> <span class='ocrx_word' id='word_1_57' title='bbox 1679 674 1796 728; x_wconf 64' lang='lat' dir='ltr'><strong>quas</strong></span> <span class='ocrx_word' id='word_1_58' title='bbox 1828 659 1978 713; x_wconf 68' lang='lat' dir='ltr'><strong>illum</strong></span> 
     </span>
    </p>
   </div>
   <div class='ocr_carea' id='block_1_10' title="bbox 2096 657 3657 729">
    <p class='ocr_par' dir='ltr' id='par_1_10' title="bbox 2096 657 3657 726">
     <span class='ocr_line' id='line_1_10' title="bbox 2096 657 3657 726; baseline -0.001 -16"><span class='ocrx_word' id='word_1_59' title='bbox 2096 658 2220 711; x_wconf 59' lang='grc' dir='ltr'>σέων</span> <span class='ocrx_word' id='word_1_60' title='bbox 2256 658 2467 722; x_wconf 57' lang='lat' dir='ltr'><strong>suam;</strong></span> <span class='ocrx_word' id='word_1_61' title='bbox 2523 657 2721 714; x_wconf 85' lang='grc' dir='ltr'>κανών.</span> <span class='ocrx_word' id='word_1_62' title='bbox 2779 658 2942 712; x_wconf 83' lang='grc' dir='ltr'><strong>Ὅθεν</strong></span> <span class='ocrx_word' id='word_1_63' title='bbox 2975 659 3071 711; x_wconf 73' lang='grc' dir='ltr'>καὶ</span> <span class='ocrx_word' id='word_1_64' title='bbox 3099 657 3421 726; x_wconf 80' lang='grc' dir='ltr'>διωρίσαντο</span> <span class='ocrx_word' id='word_1_65' title='bbox 3437 657 3657 726; x_wconf 64' lang='grc' dir='ltr'>μηδένα</span> 
     </span>
    </p>
   </div>
   <div class='ocr_carea' id='block_1_11' title="bbox 425 748 1999 820">
    <p class='ocr_par' dir='ltr' id='par_1_11' title="bbox 425 752 1980 820">
     <span class='ocr_line' id='line_1_11' title="bbox 425 752 1980 820; baseline -0.001 -14"><span class='ocrx_word' id='word_1_66' title='bbox 425 755 613 806; x_wconf 83' lang='lat' dir='ltr'><strong>sortita</strong></span> <span class='ocrx_word' id='word_1_67' title='bbox 641 762 744 816; x_wconf 90' lang='lat' dir='ltr'><strong>est,</strong></span> <span class='ocrx_word' id='word_1_68' title='bbox 783 753 984 806; x_wconf 78' lang='lat' dir='ltr'><strong>diutius</strong></span> <span class='ocrx_word' id='word_1_69' title='bbox 1024 753 1185 817; x_wconf 89' lang='lat' dir='ltr'><strong>absit,</strong></span> <span class='ocrx_word' id='word_1_70' title='bbox 1210 762 1264 807; x_wconf 87' lang='lat' dir='ltr'><strong>et</strong></span> <span class='ocrx_word' id='word_1_71' title='bbox 1298 752 1397 807; x_wconf 89' lang='lat' dir='ltr'><strong>sibi</strong></span> <span class='ocrx_word' id='word_1_72' title='bbox 1439 752 1781 806; x_wconf 90' lang='lat' dir='ltr'><strong>commissum</strong></span> <span class='ocrx_word' id='word_1_73' title='bbox 1809 765 1980 820; x_wconf 85' lang='lat' dir='ltr'><strong>popu-</strong></span> 
     </span>
    </p>
   </div>
   <div class='ocr_carea' id='block_1_12' title="bbox 2096 748 3658 820">
    <p class='ocr_par' dir='ltr' id='par_1_12' title="bbox 2096 748 3658 819">
     <span class='ocr_line' id='line_1_12' title="bbox 2096 748 3658 819; baseline -0.001 -16"><span class='ocrx_word' id='word_1_74' title='bbox 2096 751 2379 804; x_wconf 69' lang='grc' dir='ltr'>ίπίσκοπον</span> <span class='ocrx_word' id='word_1_75' title='bbox 2406 750 2503 804; x_wconf 78' lang='grc' dir='ltr'><strong>ἐπὶ</strong></span> <span class='ocrx_word' id='word_1_76' title='bbox 2545 751 2706 805; x_wconf 66' lang='grc' dir='ltr'>πλόον</span> <span class='ocrx_word' id='word_1_77' title='bbox 2743 750 3226 819; x_wconf 73' lang='grc' dir='ltr'>ἀπολιμπάνεσθαι</span> <span class='ocrx_word' id='word_1_78' title='bbox 3245 751 3342 819; x_wconf 79' lang='grc' dir='ltr'>τῆς</span> <span class='ocrx_word' id='word_1_79' title='bbox 3368 748 3658 818; x_wconf 79' lang='grc' dir='ltr'><strong>λαχούσης</strong></span> 
     </span>
    </p>
   </div>
   <div class='ocr_carea' id='block_1_13' title="bbox 425 840 1999 914">
    <p class='ocr_par' dir='ltr' id='par_1_13' title="bbox 425 843 1978 914">
     <span class='ocr_line' id='line_1_13' title="bbox 425 843 1978 914; baseline 0.001 -18"><span class='ocrx_word' id='word_1_80' title='bbox 425 845 530 897; x_wconf 90' lang='lat' dir='ltr'><strong>lum</strong></span> <span class='ocrx_word' id='word_1_81' title='bbox 579 845 867 913; x_wconf 82' lang='lat' dir='ltr'><strong>opprimat,</strong></span> <span class='ocrx_word' id='word_1_82' title='bbox 913 844 1014 900; x_wconf 89' lang='lat' dir='ltr'><strong>nisi</strong></span> <span class='ocrx_word' id='word_1_83' title='bbox 1063 860 1276 914; x_wconf 78' lang='lat' dir='ltr'><strong>gravem</strong></span> <span class='ocrx_word' id='word_1_84' title='bbox 1333 843 1562 911; x_wconf 78' lang='lat' dir='ltr'><strong>aliquam</strong></span> <span class='ocrx_word' id='word_1_85' title='bbox 1608 845 1978 898; x_wconf 87' lang='lat' dir='ltr'><strong>necessitatem</strong></span> 
     </span>
    </p>
   </div>
   <div class='ocr_carea' id='block_1_14' title="bbox 2096 840 3655 914">
    <p class='ocr_par' dir='ltr' id='par_1_14' title="bbox 2096 840 3655 912">
     <span class='ocr_line' id='line_1_14' title="bbox 2096 840 3655 912; baseline -0.003 -17"><span class='ocrx_word' id='word_1_86' title='bbox 2096 843 2294 906; x_wconf 71' lang='grc' dir='ltr'>τοῦτον,</span> <span class='ocrx_word' id='word_1_87' title='bbox 2341 843 2436 898; x_wconf 78' lang='grc' dir='ltr'>καὶ</span> <span class='ocrx_word' id='word_1_88' title='bbox 2471 842 2672 896; x_wconf 81' lang='grc' dir='ltr'>θλίϐειν</span> <span class='ocrx_word' id='word_1_89' title='bbox 2699 843 2791 896; x_wconf 83' lang='grc' dir='ltr'>τὸν</span> <span class='ocrx_word' id='word_1_90' title='bbox 2825 842 3261 912; x_wconf 79' lang='grc' dir='ltr'>ἐμπιστευθέντα</span> <span class='ocrx_word' id='word_1_91' title='bbox 3294 840 3442 910; x_wconf 86' lang='grc' dir='ltr'><strong>αὐτῷ</strong></span> <span class='ocrx_word' id='word_1_92' title='bbox 3485 841 3655 899; x_wconf 70' lang='grc' dir='ltr'>λαὸν.</span> 
     </span>
    </p>
   </div>
   <div class='ocr_carea' id='block_1_15' title="bbox 428 930 1999 1004">
    <p class='ocr_par' dir='ltr' id='par_1_15' title="bbox 428 930 1979 1003">
     <span class='ocr_line' id='line_1_15' title="bbox 428 930 1979 1003; baseline -0.001 -15"><span class='ocrx_word' id='word_1_93' title='bbox 428 936 644 997; x_wconf 78' lang='lat' dir='ltr'><strong>habeat,</strong></span> <span class='ocrx_word' id='word_1_94' title='bbox 700 934 778 986; x_wconf 79' lang='lat' dir='ltr'><strong>vel</strong></span> <span class='ocrx_word' id='word_1_95' title='bbox 828 935 1097 1003; x_wconf 72' lang='lat' dir='ltr'><strong>ttegmittm</strong></span> <span class='ocrx_word' id='word_1_96' title='bbox 1157 936 1409 989; x_wconf 74' lang='lat' dir='ltr'><strong>ardutttn.</strong></span> <span class='ocrx_word' id='word_1_97' title='bbox 1461 930 1605 1000; x_wconf 82' lang='lat' dir='ltr'><strong>Lege</strong></span> <span class='ocrx_word' id='word_1_98' title='bbox 1672 943 1979 987; x_wconf 86' lang='lat' dir='ltr'><strong>sanctorum</strong></span> 
     </span>
    </p>
   </div>
   <div class='ocr_carea' id='block_1_16' title="bbox 2096 930 3657 1004">
    <p class='ocr_par' dir='ltr' id='par_1_16' title="bbox 2096 933 3657 1004">
     <span class='ocr_line' id='line_1_16' title="bbox 2096 933 3657 1004; baseline -0.003 -15"><span class='ocrx_word' id='word_1_99' title='bbox 2096 939 2131 989; x_wconf 75' lang='grc' dir='ltr'><strong>εἰ</strong></span> <span class='ocrx_word' id='word_1_100' title='bbox 2165 935 2236 1004; x_wconf 89' lang='grc' dir='ltr'>μή</span> <span class='ocrx_word' id='word_1_101' title='bbox 2273 951 2396 986; x_wconf 87' lang='grc' dir='ltr'>τινα</span> <span class='ocrx_word' id='word_1_102' title='bbox 2423 933 2644 1003; x_wconf 84' lang='grc' dir='ltr'>βαρεῖαν</span> <span class='ocrx_word' id='word_1_103' title='bbox 2675 933 2928 1004; x_wconf 79' lang='grc' dir='ltr'>ἀνάγκην</span> <span class='ocrx_word' id='word_1_104' title='bbox 2964 933 3076 1003; x_wconf 71' lang='grc' dir='ltr'>εχει</span> <span class='ocrx_word' id='word_1_105' title='bbox 3107 933 3139 1001; x_wconf 83' lang='grc' dir='ltr'><strong>ἢ</strong></span> <span class='ocrx_word' id='word_1_106' title='bbox 3168 934 3402 1002; x_wconf 77' lang='grc' dir='ltr'>πρᾶγμά</span> <span class='ocrx_word' id='word_1_107' title='bbox 3435 949 3486 984; x_wconf 85' lang='grc' dir='ltr'><strong>τι</strong></span> <span class='ocrx_word' id='word_1_108' title='bbox 3517 933 3657 984; x_wconf 68' lang='grc' dir='ltr'><strong>δυσ⁴</strong></span> 
     </span>
    </p>
   </div>
   <div class='ocr_carea' id='block_1_17' title="bbox 427 1025 1999 1100">
    <p class='ocr_par' dir='ltr' id='par_1_17' title="bbox 427 1025 1984 1094">
     <span class='ocr_line' id='line_1_17' title="bbox 427 1025 1984 1094; baseline -0.001 -15"><span class='ocrx_word' id='word_1_109' title='bbox 427 1026 800 1091; x_wconf 82' lang='lat' dir='ltr'><strong>Apostolorum</strong></span> <span class='ocrx_word' id='word_1_110' title='bbox 831 1042 1066 1079; x_wconf 68' lang='lat' dir='ltr'><strong>canones</strong></span> <span class='ocrx_word' id='word_1_111' title='bbox 1097 1025 1158 1078; x_wconf 72' lang='lat' dir='ltr'><strong>ll</strong></span> <span class='ocrx_word' id='word_1_112' title='bbox 1183 1035 1231 1079; x_wconf 90' lang='lat' dir='ltr'><strong>et</strong></span> <span class='ocrx_word' id='word_1_113' title='bbox 1263 1026 1346 1089; x_wconf 83' lang='lat' dir='ltr'><strong>l5,</strong></span> <span class='ocrx_word' id='word_1_114' title='bbox 1381 1025 1658 1094; x_wconf 71' lang='lat' dir='ltr'><strong>prrcseutis</strong></span> <span class='ocrx_word' id='word_1_115' title='bbox 1685 1025 1871 1094; x_wconf 80' lang='lat' dir='ltr'><strong>synodi</strong></span> <span class='ocrx_word' id='word_1_116' title='bbox 1894 1039 1984 1078; x_wconf 86' lang='lat' dir='ltr'><strong>ca-</strong></span> 
     </span>
    </p>
   </div>
   <div class='ocr_carea' id='block_1_18' title="bbox 2096 1025 3649 1100">
    <p class='ocr_par' dir='ltr' id='par_1_18' title="bbox 2096 1025 3649 1100">
     <span class='ocr_line' id='line_1_18' title="bbox 2096 1025 3649 1100; baseline -0.004 -18"><span class='ocrx_word' id='word_1_117' title='bbox 2096 1029 2262 1100; x_wconf 70' lang='grc' dir='ltr'>ίερές.</span> <span class='ocrx_word' id='word_1_118' title='bbox 2307 1027 2604 1093; x_wconf 82' lang='grc' dir='ltr'>Ἀνάγνωθι</span> <span class='ocrx_word' id='word_1_119' title='bbox 2623 1028 2729 1091; x_wconf 72' lang='grc' dir='ltr'>τῶν</span> <span class='ocrx_word' id='word_1_120' title='bbox 2753 1027 2924 1095; x_wconf 83' lang='grc' dir='ltr'>ἀγίων</span> <span class='ocrx_word' id='word_1_121' title='bbox 2950 1027 3263 1080; x_wconf 71' lang='grc' dir='ltr'>ἀποστόλων</span> <span class='ocrx_word' id='word_1_122' title='bbox 3297 1025 3532 1088; x_wconf 75' lang='grc' dir='ltr'>κανόνας</span> <span class='ocrx_word' id='word_1_123' title='bbox 3555 1026 3649 1087; x_wconf 82' lang='grc' dir='ltr'>ιδ’,</span> 
     </span>
    </p>
   </div>
   <div class='ocr_carea' id='block_1_19' title="bbox 425 1114 1999 1192">
    <p class='ocr_par' dir='ltr' id='par_1_19' title="bbox 425 1114 1982 1186">
     <span class='ocr_line' id='line_1_19' title="bbox 425 1114 1982 1186; baseline -0.003 -15"><span class='ocrx_word' id='word_1_124' title='bbox 425 1134 590 1171; x_wconf 83' lang='lat' dir='ltr'><strong>nones</strong></span> <span class='ocrx_word' id='word_1_125' title='bbox 637 1116 724 1176; x_wconf 69' lang='lat'><strong>19.,</strong></span> <span class='ocrx_word' id='word_1_126' title='bbox 776 1116 864 1177; x_wconf 74' lang='grc'>16,</span> <span class='ocrx_word' id='word_1_127' title='bbox 899 1116 989 1179; x_wconf 79' lang='grc' dir='ltr'><strong>ΓΙ,</strong></span> <span class='ocrx_word' id='word_1_128' title='bbox 1021 1116 1456 1186; x_wconf 84' lang='lat' dir='ltr'><strong>Carthaginensis</strong></span> <span class='ocrx_word' id='word_1_129' title='bbox 1498 1114 1688 1186; x_wconf 87' lang='lat' dir='ltr'><strong>synodi</strong></span> <span class='ocrx_word' id='word_1_130' title='bbox 1721 1128 1982 1168; x_wconf 89' lang='lat' dir='ltr'><strong>canonem</strong></span> 
     </span>
    </p>
   </div>
   <div class='ocr_carea' id='block_1_20' title="bbox 2096 1114 3654 1192">
    <p class='ocr_par' dir='ltr' id='par_1_20' title="bbox 2096 1117 3654 1192">
     <span class='ocr_line' id='line_1_20' title="bbox 2096 1117 3654 1192; baseline -0.003 -17"><span class='ocrx_word' id='word_1_131' title='bbox 2096 1129 2167 1188; x_wconf 79' lang='grc' dir='ltr'>,ε’,</span> <span class='ocrx_word' id='word_1_132' title='bbox 2206 1124 2306 1192; x_wconf 78' lang='grc' dir='ltr'>τῆς</span> <span class='ocrx_word' id='word_1_133' title='bbox 2334 1120 2613 1192; x_wconf 78' lang='grc' dir='ltr'><strong>παρούσης</strong></span> <span class='ocrx_word' id='word_1_134' title='bbox 2637 1120 2856 1174; x_wconf 77' lang='grc' dir='ltr'><strong>συνόδου</strong></span> <span class='ocrx_word' id='word_1_135' title='bbox 2879 1120 3111 1181; x_wconf 77' lang='grc' dir='ltr'><strong>κανόνας</strong></span> <span class='ocrx_word' id='word_1_136' title='bbox 3134 1117 3222 1187; x_wconf 80' lang='grc' dir='ltr'>ιβ’,</span> <span class='ocrx_word' id='word_1_137' title='bbox 3249 1125 3344 1183; x_wconf 79' lang='grc' dir='ltr'>ις’,</span> <span class='ocrx_word' id='word_1_138' title='bbox 3372 1121 3458 1183; x_wconf 79' lang='grc' dir='ltr'>ιζ’,</span> <span class='ocrx_word' id='word_1_139' title='bbox 3486 1120 3654 1184; x_wconf 61' lang='lat' dir='ltr'><strong>Kac-</strong></span> 
     </span>
    </p>
   </div>
   <div class='ocr_carea' id='block_1_21' title="bbox 426 1205 1999 1284">
    <p class='ocr_par' dir='ltr' id='par_1_21' title="bbox 426 1205 1987 1277">
     <span class='ocr_line' id='line_1_21' title="bbox 426 1205 1987 1277; baseline -0.001 -15"><span class='ocrx_word' id='word_1_140' title='bbox 426 1208 514 1273; x_wconf 73' lang='lat'><strong>2&#39;5,</strong></span> <span class='ocrx_word' id='word_1_141' title='bbox 545 1219 597 1261; x_wconf 91' lang='lat' dir='ltr'><strong>et</strong></span> <span class='ocrx_word' id='word_1_142' title='bbox 638 1211 879 1276; x_wconf 64' lang='lat' dir='ltr'><strong>septima:</strong></span> <span class='ocrx_word' id='word_1_143' title='bbox 919 1208 1102 1277; x_wconf 83' lang='lat' dir='ltr'><strong>synodi</strong></span> <span class='ocrx_word' id='word_1_144' title='bbox 1148 1207 1179 1261; x_wconf 88' lang='lat'><strong>6</strong></span> <span class='ocrx_word' id='word_1_145' title='bbox 1223 1223 1453 1262; x_wconf 84' lang='lat' dir='ltr'><strong>canones</strong></span> <span class='ocrx_word' id='word_1_146' title='bbox 1489 1207 1591 1273; x_wconf 82' lang='grc'>17,</span> <span class='ocrx_word' id='word_1_147' title='bbox 1630 1205 1696 1263; x_wconf 79' lang='grc'><strong>18</strong></span> <span class='ocrx_word' id='word_1_148' title='bbox 1733 1207 1902 1268; x_wconf 76' lang='lat' dir='ltr'><strong>et?.0,</strong></span> <span class='ocrx_word' id='word_1_149' title='bbox 1933 1215 1987 1261; x_wconf 85' lang='lat' dir='ltr'><strong>et</strong></span> 
     </span>
    </p>
   </div>
   <div class='ocr_carea' id='block_1_22' title="bbox 2096 1205 3652 1284">
    <p class='ocr_par' dir='ltr' id='par_1_22' title="bbox 2096 1207 3652 1284">
     <span class='ocr_line' id='line_1_22' title="bbox 2096 1207 3652 1284; baseline 0 -17"><span class='ocrx_word' id='word_1_150' title='bbox 2096 1214 2320 1284; x_wconf 66' lang='grc' dir='ltr'>θαγένης</span> <span class='ocrx_word' id='word_1_151' title='bbox 2341 1212 2573 1275; x_wconf 81' lang='grc' dir='ltr'>κανόνας</span> <span class='ocrx_word' id='word_1_152' title='bbox 2598 1211 2681 1278; x_wconf 85' lang='grc' dir='ltr'>κγ’</span> <span class='ocrx_word' id='word_1_153' title='bbox 2706 1212 2803 1266; x_wconf 77' lang='grc' dir='ltr'>καὶ</span> <span class='ocrx_word' id='word_1_154' title='bbox 2830 1210 2932 1275; x_wconf 74' lang='lat' dir='ltr'><strong>oa&#39;,</strong></span> <span class='ocrx_word' id='word_1_155' title='bbox 2963 1212 3186 1264; x_wconf 81' lang='grc' dir='ltr'><strong>συνόδου</strong></span> <span class='ocrx_word' id='word_1_156' title='bbox 3217 1217 3269 1275; x_wconf 84' lang='grc' dir='ltr'>ς’</span> <span class='ocrx_word' id='word_1_157' title='bbox 3299 1211 3532 1272; x_wconf 83' lang='grc' dir='ltr'>κανόνας</span> <span class='ocrx_word' id='word_1_158' title='bbox 3556 1207 3652 1273; x_wconf 76' lang='grc' dir='ltr'><strong>ιζ’.</strong></span> 
     </span>
    </p>
   </div>
   <div class='ocr_carea' id='block_1_23' title="bbox 427 1299 1999 1375">
    <p class='ocr_par' dir='ltr' id='par_1_23' title="bbox 427 1299 1987 1369">
     <span class='ocr_line' id='line_1_23' title="bbox 427 1299 1987 1369; baseline 0 -16"><span class='ocrx_word' id='word_1_159' title='bbox 427 1300 566 1355; x_wconf 80' lang='lat' dir='ltr'><strong>scies</strong></span> <span class='ocrx_word' id='word_1_160' title='bbox 602 1301 870 1368; x_wconf 88' lang='lat' dir='ltr'><strong>quomodo</strong></span> <span class='ocrx_word' id='word_1_161' title='bbox 912 1300 1230 1367; x_wconf 87' lang='lat' dir='ltr'><strong>punientur,</strong></span> <span class='ocrx_word' id='word_1_162' title='bbox 1272 1301 1362 1369; x_wconf 89' lang='lat' dir='ltr'><strong>qui</strong></span> <span class='ocrx_word' id='word_1_163' title='bbox 1408 1300 1542 1352; x_wconf 85' lang='lat' dir='ltr'><strong>ultra</strong></span> <span class='ocrx_word' id='word_1_164' title='bbox 1579 1315 1690 1354; x_wconf 76' lang='lat' dir='ltr'><strong>suae</strong></span> <span class='ocrx_word' id='word_1_165' title='bbox 1732 1299 1987 1354; x_wconf 74' lang='lat' dir='ltr'><strong>ditecesis</strong></span> 
     </span>
    </p>
   </div>
   <div class='ocr_carea' id='block_1_24' title="bbox 2096 1299 3650 1375">
    <p class='ocr_par' dir='ltr' id='par_1_24' title="bbox 2096 1301 3650 1375">
     <span class='ocr_line' id='line_1_24' title="bbox 2096 1301 3650 1375; baseline -0.005 -16"><span class='ocrx_word' id='word_1_166' title='bbox 2096 1311 2157 1375; x_wconf 79' lang='grc' dir='ltr'>ιη’</span> <span class='ocrx_word' id='word_1_167' title='bbox 2187 1306 2283 1358; x_wconf 76' lang='grc' dir='ltr'>καὶ</span> <span class='ocrx_word' id='word_1_168' title='bbox 2312 1302 2384 1370; x_wconf 84' lang='grc' dir='ltr'>κ’,</span> <span class='ocrx_word' id='word_1_169' title='bbox 2417 1305 2513 1357; x_wconf 78' lang='grc' dir='ltr'>καὶ</span> <span class='ocrx_word' id='word_1_170' title='bbox 2547 1301 2726 1375; x_wconf 80' lang='grc' dir='ltr'><strong>μάθῃς</strong></span> <span class='ocrx_word' id='word_1_171' title='bbox 2757 1303 2874 1366; x_wconf 83' lang='grc' dir='ltr'><strong>πῶς</strong></span> <span class='ocrx_word' id='word_1_172' title='bbox 2905 1302 3228 1365; x_wconf 78' lang='grc' dir='ltr'>κολάζονται</span> <span class='ocrx_word' id='word_1_173' title='bbox 3258 1303 3305 1354; x_wconf 85' lang='lat' dir='ltr'><strong>oi</strong></span> <span class='ocrx_word' id='word_1_174' title='bbox 3353 1303 3486 1370; x_wconf 80' lang='grc' dir='ltr'>παρ’</span> <span class='ocrx_word' id='word_1_175' title='bbox 3521 1302 3650 1352; x_wconf 81' lang='grc' dir='ltr'>ἐνο-</span> 
     </span>
    </p>
   </div>
   <div class='ocr_carea' id='block_1_25' title="bbox 429 1389 1999 1467">
    <p class='ocr_par' dir='ltr' id='par_1_25' title="bbox 429 1389 1988 1460">
     <span class='ocr_line' id='line_1_25' title="bbox 429 1389 1988 1460; baseline -0.001 -15"><span class='ocrx_word' id='word_1_176' title='bbox 429 1393 562 1446; x_wconf 85' lang='lat' dir='ltr'><strong>lines</strong></span> <span class='ocrx_word' id='word_1_177' title='bbox 592 1393 804 1446; x_wconf 80' lang='lat' dir='ltr'><strong>docent.</strong></span> <span class='ocrx_word' id='word_1_178' title='bbox 839 1391 977 1456; x_wconf 83' lang='lat' dir='ltr'><strong>Lege</strong></span> <span class='ocrx_word' id='word_1_179' title='bbox 993 1401 1047 1446; x_wconf 88' lang='lat' dir='ltr'><strong>et</strong></span> <span class='ocrx_word' id='word_1_180' title='bbox 1074 1407 1330 1447; x_wconf 88' lang='lat' dir='ltr'><strong>canonem</strong></span> <span class='ocrx_word' id='word_1_181' title='bbox 1365 1391 1430 1446; x_wconf 75' lang='grc'><strong>16</strong></span> <span class='ocrx_word' id='word_1_182' title='bbox 1458 1393 1643 1460; x_wconf 59' lang='lat' dir='ltr'><strong>prima!</strong></span> <span class='ocrx_word' id='word_1_183' title='bbox 1662 1400 1715 1444; x_wconf 90' lang='lat' dir='ltr'><strong>et</strong></span> <span class='ocrx_word' id='word_1_184' title='bbox 1743 1389 1988 1444; x_wconf 68' lang='lat' dir='ltr'><strong>secundae</strong></span> 
     </span>
    </p>
   </div>
   <div class='ocr_carea' id='block_1_26' title="bbox 2096 1389 3654 1467">
    <p class='ocr_par' dir='ltr' id='par_1_26' title="bbox 2096 1392 3654 1467">
     <span class='ocr_line' id='line_1_26' title="bbox 2096 1392 3654 1467; baseline -0.002 -18"><span class='ocrx_word' id='word_1_185' title='bbox 2096 1397 2210 1467; x_wconf 80' lang='grc' dir='ltr'>ρίαν</span> <span class='ocrx_word' id='word_1_186' title='bbox 2233 1396 2604 1458; x_wconf 77' lang='grc' dir='ltr'><strong>διδάσκοντες.</strong></span> <span class='ocrx_word' id='word_1_187' title='bbox 2663 1395 2966 1463; x_wconf 78' lang='grc' dir='ltr'>’Δνάγνωθι</span> <span class='ocrx_word' id='word_1_188' title='bbox 3014 1395 3110 1448; x_wconf 70' lang='grc' dir='ltr'>καὶ</span> <span class='ocrx_word' id='word_1_189' title='bbox 3164 1395 3256 1447; x_wconf 69' lang='grc' dir='ltr'><strong>τον</strong></span> <span class='ocrx_word' id='word_1_190' title='bbox 3313 1392 3385 1458; x_wconf 82' lang='grc' dir='ltr'>ις’</span> <span class='ocrx_word' id='word_1_191' title='bbox 3437 1393 3654 1446; x_wconf 74' lang='grc' dir='ltr'>κανόνα</span> 
     </span>
    </p>
   </div>
   <div class='ocr_carea' id='block_1_27' title="bbox 427 1483 1999 1560">
    <p class='ocr_par' dir='ltr' id='par_1_27' title="bbox 427 1483 1990 1554">
     <span class='ocr_line' id='line_1_27' title="bbox 427 1483 1990 1554; baseline -0.001 -14"><span class='ocrx_word' id='word_1_192' title='bbox 427 1485 640 1554; x_wconf 85' lang='lat' dir='ltr'><strong>synodi,</strong></span> <span class='ocrx_word' id='word_1_193' title='bbox 668 1495 722 1538; x_wconf 91' lang='lat' dir='ltr'><strong>et</strong></span> <span class='ocrx_word' id='word_1_194' title='bbox 751 1500 869 1550; x_wconf 61' lang='lat' dir='ltr'><strong>quae</strong></span> <span class='ocrx_word' id='word_1_195' title='bbox 902 1486 952 1538; x_wconf 92' lang='lat' dir='ltr'><strong>in</strong></span> <span class='ocrx_word' id='word_1_196' title='bbox 985 1484 1073 1537; x_wconf 75' lang='lat' dir='ltr'><strong>illo</strong></span> <span class='ocrx_word' id='word_1_197' title='bbox 1105 1500 1131 1536; x_wconf 91' lang='lat' dir='ltr'><strong>a</strong></span> <span class='ocrx_word' id='word_1_198' title='bbox 1170 1483 1325 1538; x_wconf 86' lang='lat' dir='ltr'><strong>nobis</strong></span> <span class='ocrx_word' id='word_1_199' title='bbox 1353 1484 1556 1552; x_wconf 85' lang='lat' dir='ltr'><strong>scripta</strong></span> <span class='ocrx_word' id='word_1_200' title='bbox 1591 1490 1735 1544; x_wconf 89' lang='lat' dir='ltr'><strong>sunt,</strong></span> <span class='ocrx_word' id='word_1_201' title='bbox 1773 1491 1826 1537; x_wconf 91' lang='lat' dir='ltr'><strong>et</strong></span> <span class='ocrx_word' id='word_1_202' title='bbox 1849 1483 1990 1538; x_wconf 89' lang='lat' dir='ltr'><strong>scies</strong></span> 
     </span>
    </p>
   </div>
   <div class='ocr_carea' id='block_1_28' title="bbox 2096 1483 3655 1560">
    <p class='ocr_par' dir='ltr' id='par_1_28' title="bbox 2096 1484 3655 1560">
     <span class='ocr_line' id='line_1_28' title="bbox 2096 1484 3655 1560; baseline -0.005 -17"><span class='ocrx_word' id='word_1_203' title='bbox 2096 1489 2183 1560; x_wconf 71' lang='grc' dir='ltr'>τῆς</span> <span class='ocrx_word' id='word_1_204' title='bbox 2217 1487 2448 1560; x_wconf 77' lang='grc' dir='ltr'>πρώτης</span> <span class='ocrx_word' id='word_1_205' title='bbox 2468 1486 2840 1558; x_wconf 75' lang='grc' dir='ltr'>καὶδευτέρας</span> <span class='ocrx_word' id='word_1_206' title='bbox 2872 1487 3113 1550; x_wconf 79' lang='grc' dir='ltr'>συνόδου,</span> <span class='ocrx_word' id='word_1_207' title='bbox 3144 1485 3239 1540; x_wconf 76' lang='grc' dir='ltr'>καὶ</span> <span class='ocrx_word' id='word_1_208' title='bbox 3265 1484 3334 1539; x_wconf 77' lang='grc' dir='ltr'>τὰ</span> <span class='ocrx_word' id='word_1_209' title='bbox 3359 1487 3421 1538; x_wconf 86' lang='grc' dir='ltr'><strong>ἐν</strong></span> <span class='ocrx_word' id='word_1_210' title='bbox 3445 1485 3655 1552; x_wconf 80' lang='grc' dir='ltr'>ἐκείνῳ</span> 
     </span>
    </p>
   </div>
   <div class='ocr_carea' id='block_1_29' title="bbox 429 1575 1999 1649">
    <p class='ocr_par' dir='ltr' id='par_1_29' title="bbox 429 1577 1992 1647">
     <span class='ocr_line' id='line_1_29' title="bbox 429 1577 1992 1647; baseline 0.001 -16"><span class='ocrx_word' id='word_1_211' title='bbox 429 1587 632 1647; x_wconf 86' lang='lat' dir='ltr'><strong>quanto</strong></span> <span class='ocrx_word' id='word_1_212' title='bbox 657 1586 895 1640; x_wconf 74' lang='lat' dir='ltr'><strong>tempore</strong></span> <span class='ocrx_word' id='word_1_213' title='bbox 930 1577 1125 1631; x_wconf 88' lang='lat' dir='ltr'><strong>debent</strong></span> <span class='ocrx_word' id='word_1_214' title='bbox 1168 1578 1408 1647; x_wconf 88' lang='lat' dir='ltr'><strong>episcopi</strong></span> <span class='ocrx_word' id='word_1_215' title='bbox 1451 1588 1603 1632; x_wconf 83' lang='lat' dir='ltr'><strong>extra</strong></span> <span class='ocrx_word' id='word_1_216' title='bbox 1633 1591 1759 1632; x_wconf 91' lang='lat' dir='ltr'><strong>suos</strong></span> <span class='ocrx_word' id='word_1_217' title='bbox 1785 1579 1992 1646; x_wconf 87' lang='lat' dir='ltr'><strong>episco-</strong></span> 
     </span>
    </p>
   </div>
   <div class='ocr_carea' id='block_1_30' title="bbox 2096 1575 3657 1649">
    <p class='ocr_par' dir='ltr' id='par_1_30' title="bbox 2096 1575 3657 1649">
     <span class='ocr_line' id='line_1_30' title="bbox 2096 1575 3657 1649; baseline -0.003 -17"><span class='ocrx_word' id='word_1_218' title='bbox 2096 1577 2218 1649; x_wconf 77' lang='grc' dir='ltr'>παρ’</span> <span class='ocrx_word' id='word_1_219' title='bbox 2270 1578 2428 1649; x_wconf 78' lang='grc' dir='ltr'>ἡμῶν</span> <span class='ocrx_word' id='word_1_220' title='bbox 2479 1578 2786 1647; x_wconf 79' lang='grc' dir='ltr'>γραφέντα,</span> <span class='ocrx_word' id='word_1_221' title='bbox 2848 1577 2945 1631; x_wconf 72' lang='grc' dir='ltr'>καὶ</span> <span class='ocrx_word' id='word_1_222' title='bbox 3007 1578 3184 1649; x_wconf 73' lang='grc' dir='ltr'>μάθῃς</span> <span class='ocrx_word' id='word_1_223' title='bbox 3240 1579 3408 1630; x_wconf 73' lang='grc' dir='ltr'>πόσον</span> <span class='ocrx_word' id='word_1_224' title='bbox 3455 1575 3657 1644; x_wconf 64' lang='grc' dir='ltr'>καιρὸν</span> 
     </span>
    </p>
   </div>
   <div class='ocr_carea' id='block_1_31' title="bbox 431 1667 1999 1741">
    <p class='ocr_par' dir='ltr' id='par_1_31' title="bbox 431 1669 1992 1738">
     <span class='ocr_line' id='line_1_31' title="bbox 431 1669 1992 1738; baseline -0.001 -14"><span class='ocrx_word' id='word_1_225' title='bbox 431 1680 586 1738; x_wconf 84' lang='lat' dir='ltr'><strong>palus</strong></span> <span class='ocrx_word' id='word_1_226' title='bbox 611 1674 838 1724; x_wconf 86' lang='lat' dir='ltr'><strong>versari.</strong></span> <span class='ocrx_word' id='word_1_227' title='bbox 865 1670 988 1724; x_wconf 82' lang='lat' dir='ltr'><strong>ideo</strong></span> <span class='ocrx_word' id='word_1_228' title='bbox 1015 1671 1158 1724; x_wconf 91' lang='lat' dir='ltr'><strong>enim</strong></span> <span class='ocrx_word' id='word_1_229' title='bbox 1185 1685 1281 1725; x_wconf 90' lang='lat' dir='ltr'><strong>nec</strong></span> <span class='ocrx_word' id='word_1_230' title='bbox 1314 1669 1484 1725; x_wconf 83' lang='lat' dir='ltr'><strong>fusius</strong></span> <span class='ocrx_word' id='word_1_231' title='bbox 1507 1670 1594 1724; x_wconf 91' lang='lat' dir='ltr'><strong>hic</strong></span> <span class='ocrx_word' id='word_1_232' title='bbox 1621 1671 1684 1724; x_wconf 84' lang='lat' dir='ltr'><strong>de</strong></span> <span class='ocrx_word' id='word_1_233' title='bbox 1705 1685 1770 1724; x_wconf 93' lang='lat' dir='ltr'><strong>eo</strong></span> <span class='ocrx_word' id='word_1_234' title='bbox 1795 1679 1992 1724; x_wconf 83' lang='lat' dir='ltr'><strong>tracta-</strong></span> 
     </span>
    </p>
   </div>
   <div class='ocr_carea' id='block_1_32' title="bbox 2096 1667 3660 1741">
    <p class='ocr_par' dir='ltr' id='par_1_32' title="bbox 2096 1667 3660 1741">
     <span class='ocr_line' id='line_1_32' title="bbox 2096 1667 3660 1741; baseline -0.003 -19"><span class='ocrx_word' id='word_1_235' title='bbox 2096 1671 2398 1738; x_wconf 62' lang='grc' dir='ltr'>ὀφείλουσιν</span> <span class='ocrx_word' id='word_1_236' title='bbox 2444 1673 2494 1724; x_wconf 85' lang='lat' dir='ltr'><strong>oi</strong></span> <span class='ocrx_word' id='word_1_237' title='bbox 2547 1672 2840 1725; x_wconf 84' lang='grc' dir='ltr'>ἐπίσκοποι</span> <span class='ocrx_word' id='word_1_238' title='bbox 2909 1671 3206 1741; x_wconf 85' lang='grc' dir='ltr'>διατρίϐειν</span> <span class='ocrx_word' id='word_1_239' title='bbox 3265 1669 3464 1736; x_wconf 77' lang='grc' dir='ltr'>ἔξωθε-ν</span> <span class='ocrx_word' id='word_1_240' title='bbox 3543 1667 3660 1720; x_wconf 78' lang='grc' dir='ltr'><strong>τῶν</strong></span> 
     </span>
    </p>
   </div>
   <div class='ocr_carea' id='block_1_33' title="bbox 432 1758 1999 1831">
    <p class='ocr_par' dir='ltr' id='par_1_33' title="bbox 432 1759 1988 1831">
     <span class='ocr_line' id='line_1_33' title="bbox 432 1759 1988 1831; baseline 0.001 -16"><span class='ocrx_word' id='word_1_241' title='bbox 432 1773 540 1815; x_wconf 87' lang='lat' dir='ltr'><strong>tum</strong></span> <span class='ocrx_word' id='word_1_242' title='bbox 566 1773 668 1816; x_wconf 89' lang='lat' dir='ltr'><strong>est.</strong></span> <span class='ocrx_word' id='word_1_243' title='bbox 693 1765 1115 1828; x_wconf 75' lang='lat' dir='ltr'><strong>l&#39;nterrogaverit</strong></span> <span class='ocrx_word' id='word_1_244' title='bbox 1135 1775 1315 1819; x_wconf 88' lang='lat' dir='ltr'><strong>autem</strong></span> <span class='ocrx_word' id='word_1_245' title='bbox 1341 1764 1626 1831; x_wconf 84' lang='lat' dir='ltr'><strong>quispiam,</strong></span> <span class='ocrx_word' id='word_1_246' title='bbox 1661 1762 1792 1817; x_wconf 89' lang='lat' dir='ltr'><strong>Cum</strong></span> <span class='ocrx_word' id='word_1_247' title='bbox 1818 1759 1988 1817; x_wconf 88' lang='lat' dir='ltr'><strong>can&#39;on</strong></span> 
     </span>
    </p>
   </div>
   <div class='ocr_carea' id='block_1_34' title="bbox 2096 1758 3661 1831">
    <p class='ocr_par' dir='ltr' id='par_1_34' title="bbox 2096 1758 3661 1828">
     <span class='ocr_line' id='line_1_34' title="bbox 2096 1758 3661 1828; baseline -0.001 -18"><span class='ocrx_word' id='word_1_248' title='bbox 2096 1758 2410 1812; x_wconf 83' lang='grc' dir='ltr'>ἐπισκοπῶν</span> <span class='ocrx_word' id='word_1_249' title='bbox 2439 1759 2638 1813; x_wconf 78' lang='grc' dir='ltr'>αὐτῶν.</span> <span class='ocrx_word' id='word_1_250' title='bbox 2672 1759 2770 1812; x_wconf 87' lang='grc' dir='ltr'>Διά</span> <span class='ocrx_word' id='word_1_251' title='bbox 2816 1760 2924 1828; x_wconf 82' lang='grc' dir='ltr'><strong>γάρ</strong></span> <span class='ocrx_word' id='word_1_252' title='bbox 2954 1760 3112 1813; x_wconf 80' lang='grc' dir='ltr'>τοῦτο</span> <span class='ocrx_word' id='word_1_253' title='bbox 3143 1759 3268 1813; x_wconf 74' lang='grc' dir='ltr'>οὐδὲ</span> <span class='ocrx_word' id='word_1_254' title='bbox 3310 1758 3661 1828; x_wconf 81' lang='grc' dir='ltr'>πλατύτερὸν</span> 
     </span>
    </p>
   </div>
   <div class='ocr_carea' id='block_1_35' title="bbox 433 1851 1999 1925">
    <p class='ocr_par' dir='ltr' id='par_1_35' title="bbox 433 1853 1988 1925">
     <span class='ocr_line' id='line_1_35' title="bbox 433 1853 1988 1925; baseline 0 -21"><span class='ocrx_word' id='word_1_255' title='bbox 433 1854 506 1906; x_wconf 83' lang='grc'><strong>80</strong></span> <span class='ocrx_word' id='word_1_256' title='bbox 540 1866 706 1908; x_wconf 70' lang='lat' dir='ltr'><strong>sextae</strong></span> <span class='ocrx_word' id='word_1_257' title='bbox 743 1857 953 1925; x_wconf 82' lang='lat' dir='ltr'><strong>synodi,</strong></span> <span class='ocrx_word' id='word_1_258' title='bbox 1005 1856 1259 1910; x_wconf 86' lang='lat' dir='ltr'><strong>videlicet</strong></span> <span class='ocrx_word' id='word_1_259' title='bbox 1293 1872 1414 1923; x_wconf 63' lang='grc' dir='ltr'>(μνη</span> <span class='ocrx_word' id='word_1_260' title='bbox 1451 1857 1502 1909; x_wconf 90' lang='lat' dir='ltr'><strong>in</strong></span> <span class='ocrx_word' id='word_1_261' title='bbox 1540 1853 1727 1909; x_wconf 87' lang='lat' dir='ltr'><strong>Trullo</strong></span> <span class='ocrx_word' id='word_1_262' title='bbox 1770 1855 1988 1919; x_wconf 83' lang='lat' dir='ltr'><strong>dicitur,</strong></span> 
     </span>
    </p>
   </div>
   <div class='ocr_carea' id='block_1_36' title="bbox 2096 1851 3662 1925">
    <p class='ocr_par' dir='ltr' id='par_1_36' title="bbox 2096 1851 3662 1923">
     <span class='ocr_line' id='line_1_36' title="bbox 2096 1851 3662 1923; baseline 0.001 -23"><span class='ocrx_word' id='word_1_263' title='bbox 2096 1867 2141 1901; x_wconf 84' lang='grc' dir='ltr'><strong>τι</strong></span> <span class='ocrx_word' id='word_1_264' title='bbox 2169 1853 2296 1920; x_wconf 75' lang='grc' dir='ltr'>περὶ</span> <span class='ocrx_word' id='word_1_265' title='bbox 2322 1851 2512 1904; x_wconf 85' lang='grc' dir='ltr'>τούτου</span> <span class='ocrx_word' id='word_1_266' title='bbox 2537 1852 2768 1905; x_wconf 80' lang='grc' dir='ltr'>ἐνταῦθα</span> <span class='ocrx_word' id='word_1_267' title='bbox 2793 1851 3076 1922; x_wconf 71' lang='grc' dir='ltr'>διελῆῳθη.</span> <span class='ocrx_word' id='word_1_268' title='bbox 3139 1852 3439 1923; x_wconf 67' lang='grc' dir='ltr'>Ἐροήὴσει</span> <span class='ocrx_word' id='word_1_269' title='bbox 3468 1851 3662 1909; x_wconf 64' lang='lat' dir='ltr'><strong>sem.</strong></span> 
     </span>
    </p>
   </div>
   <div class='ocr_carea' id='block_1_37' title="bbox 436 1937 1999 2017">
    <p class='ocr_par' dir='ltr' id='par_1_37' title="bbox 436 1943 1990 2017">
     <span class='ocr_line' id='line_1_37' title="bbox 436 1943 1990 2017; baseline 0.001 -18"><span class='ocrx_word' id='word_1_270' title='bbox 436 1947 597 2001; x_wconf 88' lang='lat' dir='ltr'><strong>laicos</strong></span> <span class='ocrx_word' id='word_1_271' title='bbox 626 1949 895 2017; x_wconf 79' lang='lat' dir='ltr'><strong>segregari</strong></span> <span class='ocrx_word' id='word_1_272' title='bbox 930 1948 1254 2013; x_wconf 80' lang='lat' dir='ltr'><strong>decreverit,</strong></span> <span class='ocrx_word' id='word_1_273' title='bbox 1297 1948 1385 2015; x_wconf 89' lang='lat' dir='ltr'><strong>qui</strong></span> <span class='ocrx_word' id='word_1_274' title='bbox 1417 1949 1587 2002; x_wconf 86' lang='lat' dir='ltr'><strong>tribus</strong></span> <span class='ocrx_word' id='word_1_275' title='bbox 1621 1943 1912 2000; x_wconf 86' lang='lat' dir='ltr'><strong>Dominicis</strong></span> <span class='ocrx_word' id='word_1_276' title='bbox 1939 1947 1990 2000; x_wconf 91' lang='lat' dir='ltr'><strong>in</strong></span> 
     </span>
    </p>
   </div>
   <div class='ocr_carea' id='block_1_38' title="bbox 2096 1937 3667 2017">
    <p class='ocr_par' dir='ltr' id='par_1_38' title="bbox 2096 1937 3667 2012">
     <span class='ocr_line' id='line_1_38' title="bbox 2096 1937 3667 2012; baseline -0.001 -16"><span class='ocrx_word' id='word_1_277' title='bbox 2096 1937 2174 2006; x_wconf 73' lang='grc' dir='ltr'><strong>ὥς⁴</strong></span> <span class='ocrx_word' id='word_1_278' title='bbox 2195 1943 2288 1996; x_wconf 78' lang='grc' dir='ltr'>τοῦ</span> <span class='ocrx_word' id='word_1_279' title='bbox 2319 1941 2371 1994; x_wconf 84' lang='grc' dir='ltr'>π’</span> <span class='ocrx_word' id='word_1_280' title='bbox 2415 1944 2639 2006; x_wconf 75' lang='grc' dir='ltr'>κανόνος</span> <span class='ocrx_word' id='word_1_281' title='bbox 2665 1945 2764 2008; x_wconf 83' lang='grc' dir='ltr'>τῆς</span> <span class='ocrx_word' id='word_1_282' title='bbox 2808 1944 2976 2011; x_wconf 70' lang='grc' dir='ltr'>ἕκτης</span> <span class='ocrx_word' id='word_1_283' title='bbox 3008 1943 3252 2008; x_wconf 81' lang='grc' dir='ltr'>συνόδου,</span> <span class='ocrx_word' id='word_1_284' title='bbox 3280 1941 3527 2012; x_wconf 84' lang='grc' dir='ltr'>δηλονότι</span> <span class='ocrx_word' id='word_1_285' title='bbox 3560 1942 3667 2006; x_wconf 76' lang='grc' dir='ltr'>τῆς</span> 
     </span>
    </p>
   </div>
   <div class='ocr_carea' id='block_1_39' title="bbox 435 2035 1999 2111">
    <p class='ocr_par' dir='ltr' id='par_1_39' title="bbox 435 2041 1989 2111">
     <span class='ocr_line' id='line_1_39' title="bbox 435 2041 1989 2111; baseline 0.001 -21"><span class='ocrx_word' id='word_1_286' title='bbox 435 2041 717 2094; x_wconf 75' lang='lat' dir='ltr'><strong>ecclesiam</strong></span> <span class='ocrx_word' id='word_1_287' title='bbox 775 2058 878 2096; x_wconf 89' lang='lat' dir='ltr'><strong>non</strong></span> <span class='ocrx_word' id='word_1_288' title='bbox 927 2042 1258 2105; x_wconf 83' lang='lat' dir='ltr'><strong>convenerit,</strong></span> <span class='ocrx_word' id='word_1_289' title='bbox 1299 2042 1388 2109; x_wconf 89' lang='lat' dir='ltr'><strong>qui</strong></span> <span class='ocrx_word' id='word_1_290' title='bbox 1421 2042 1630 2109; x_wconf 78' lang='lat' dir='ltr'><strong>quidem</strong></span> <span class='ocrx_word' id='word_1_291' title='bbox 1661 2041 1761 2094; x_wconf 81' lang='lat' dir='ltr'><strong>hac</strong></span> <span class='ocrx_word' id='word_1_292' title='bbox 1783 2041 1989 2111; x_wconf 77' lang='lat' dir='ltr'><strong>synodo</strong></span> 
     </span>
    </p>
   </div>
   <div class='ocr_carea' id='block_1_40' title="bbox 2096 2035 3668 2111">
    <p class='ocr_par' dir='ltr' id='par_1_40' title="bbox 2096 2035 3668 2107">
     <span class='ocr_line' id='line_1_40' title="bbox 2096 2035 3668 2107; baseline -0.002 -17"><span class='ocrx_word' id='word_1_293' title='bbox 2096 2041 2154 2090; x_wconf 84' lang='grc' dir='ltr'><strong>ἐν</strong></span> <span class='ocrx_word' id='word_1_294' title='bbox 2211 2036 2293 2106; x_wconf 82' lang='grc' dir='ltr'>τῷ</span> <span class='ocrx_word' id='word_1_295' title='bbox 2340 2035 2614 2107; x_wconf 83' lang='grc' dir='ltr'>Τρούλλῳ,</span> <span class='ocrx_word' id='word_1_296' title='bbox 2668 2037 3053 2106; x_wconf 85' lang='grc' dir='ltr'>διορισαμένου</span> <span class='ocrx_word' id='word_1_297' title='bbox 3120 2035 3480 2106; x_wconf 72' lang='grc' dir='ltr'>ἀφορίζεσθαι</span> <span class='ocrx_word' id='word_1_298' title='bbox 3528 2036 3668 2096; x_wconf 75' lang='grc' dir='ltr'>τοὺς</span> 
     </span>
    </p>
   </div>
   <div class='ocr_carea' id='block_1_41' title="bbox 439 2128 1989 2198">
    <p class='ocr_par' dir='ltr' id='par_1_41' title="bbox 439 2128 1989 2198">
     <span class='ocr_line' id='line_1_41' title="bbox 439 2128 1989 2198; baseline 0.001 -18"><span class='ocrx_word' id='word_1_299' title='bbox 439 2129 538 2182; x_wconf 83' lang='lat' dir='ltr'><strong>l‘uit</strong></span> <span class='ocrx_word' id='word_1_300' title='bbox 561 2131 730 2184; x_wconf 89' lang='lat' dir='ltr'><strong>multo</strong></span> <span class='ocrx_word' id='word_1_301' title='bbox 763 2136 1055 2196; x_wconf 86' lang='lat' dir='ltr'><strong>recentior,</strong></span> <span class='ocrx_word' id='word_1_302' title='bbox 1097 2134 1365 2198; x_wconf 87' lang='lat' dir='ltr'><strong>quomodo</strong></span> <span class='ocrx_word' id='word_1_303' title='bbox 1398 2145 1634 2197; x_wconf 67' lang='lat' dir='ltr'><strong>praasens</strong></span> <span class='ocrx_word' id='word_1_304' title='bbox 1662 2143 1858 2192; x_wconf 89' lang='lat' dir='ltr'><strong>canon,</strong></span> <span class='ocrx_word' id='word_1_305' title='bbox 1899 2128 1989 2197; x_wconf 87' lang='lat' dir='ltr'><strong>qui</strong></span> 
     </span>
    </p>
   </div>
   <div class='ocr_carea' id='block_1_42' title="bbox 435 2221 1993 2291">
    <p class='ocr_par' dir='ltr' id='par_1_42' title="bbox 435 2221 1993 2291">
     <span class='ocr_line' id='line_1_42' title="bbox 435 2221 1993 2291; baseline 0.002 -16"><span class='ocrx_word' id='word_1_306' title='bbox 435 2233 520 2276; x_wconf 91' lang='lat' dir='ltr'><strong>est</strong></span> <span class='ocrx_word' id='word_1_307' title='bbox 555 2224 724 2275; x_wconf 90' lang='lat' dir='ltr'><strong>multo</strong></span> <span class='ocrx_word' id='word_1_308' title='bbox 758 2225 1047 2291; x_wconf 79' lang='lat' dir='ltr'><strong>antiquior,</strong></span> <span class='ocrx_word' id='word_1_309' title='bbox 1088 2225 1202 2286; x_wconf 86' lang='lat' dir='ltr'><strong>ejus</strong></span> <span class='ocrx_word' id='word_1_310' title='bbox 1247 2222 1534 2276; x_wconf 85' lang='lat' dir='ltr'><strong>meminit?</strong></span> <span class='ocrx_word' id='word_1_311' title='bbox 1572 2221 1801 2276; x_wconf 82' lang='lat' dir='ltr'><strong>Salutio.</strong></span> <span class='ocrx_word' id='word_1_312' title='bbox 1845 2221 1993 2278; x_wconf 83' lang='lat' dir='ltr'><strong>Alius</strong></span> 
     </span>
    </p>
   </div>
   <div class='ocr_carea' id='block_1_43' title="bbox 437 2313 1991 2384">
    <p class='ocr_par' dir='ltr' id='par_1_43' title="bbox 437 2313 1991 2384">
     <span class='ocr_line' id='line_1_43' title="bbox 437 2313 1991 2384; baseline 0.001 -18"><span class='ocrx_word' id='word_1_313' title='bbox 437 2314 650 2381; x_wconf 84' lang='lat' dir='ltr'><strong>quidem</strong></span> <span class='ocrx_word' id='word_1_314' title='bbox 698 2330 867 2368; x_wconf 90' lang='lat' dir='ltr'><strong>canon</strong></span> <span class='ocrx_word' id='word_1_315' title='bbox 895 2324 1018 2369; x_wconf 84' lang='lat' dir='ltr'><strong>ante</strong></span> <span class='ocrx_word' id='word_1_316' title='bbox 1046 2324 1362 2384; x_wconf 68' lang='lat' dir='ltr'><strong>prmsentem</strong></span> <span class='ocrx_word' id='word_1_317' title='bbox 1396 2315 1656 2383; x_wconf 83' lang='lat' dir='ltr'><strong>synodum</strong></span> <span class='ocrx_word' id='word_1_318' title='bbox 1683 2313 1811 2367; x_wconf 86' lang='lat' dir='ltr'><strong>nihil</strong></span> <span class='ocrx_word' id='word_1_319' title='bbox 1844 2313 1991 2381; x_wconf 55' lang='lat' dir='ltr'><strong>ejus.</strong></span> 
     </span>
    </p>
   </div>
   <div class='ocr_carea' id='block_1_44' title="bbox 437 2404 1991 2472">
    <p class='ocr_par' dir='ltr' id='par_1_44' title="bbox 437 2404 1991 2472">
     <span class='ocr_line' id='line_1_44' title="bbox 437 2404 1991 2472; baseline -0.001 -15"><span class='ocrx_word' id='word_1_320' title='bbox 437 2404 588 2458; x_wconf 90' lang='lat' dir='ltr'><strong>modi</strong></span> <span class='ocrx_word' id='word_1_321' title='bbox 629 2405 886 2459; x_wconf 74' lang='lat' dir='ltr'><strong>decrevit.</strong></span> <span class='ocrx_word' id='word_1_322' title='bbox 927 2405 1055 2472; x_wconf 76' lang='lat' dir='ltr'><strong>Quze</strong></span> <span class='ocrx_word' id='word_1_323' title='bbox 1101 2416 1275 2459; x_wconf 89' lang='lat' dir='ltr'><strong>autem</strong></span> <span class='ocrx_word' id='word_1_324' title='bbox 1327 2407 1426 2460; x_wconf 89' lang='lat' dir='ltr'><strong>hoc</strong></span> <span class='ocrx_word' id='word_1_325' title='bbox 1457 2419 1662 2459; x_wconf 86' lang='lat' dir='ltr'><strong>canone</strong></span> <span class='ocrx_word' id='word_1_326' title='bbox 1704 2406 1991 2459; x_wconf 88' lang='lat' dir='ltr'><strong>continen-</strong></span> 
     </span>
    </p>
   </div>
   <div class='ocr_carea' id='block_1_45' title="bbox 441 2491 1997 2565">
    <p class='ocr_par' dir='ltr' id='par_1_45' title="bbox 441 2491 1997 2565">
     <span class='ocr_line' id='line_1_45' title="bbox 441 2491 1997 2565; baseline 0.003 -21"><span class='ocrx_word' id='word_1_327' title='bbox 441 2507 549 2562; x_wconf 79' lang='lat' dir='ltr'><strong>tur,</strong></span> <span class='ocrx_word' id='word_1_328' title='bbox 579 2496 696 2549; x_wconf 91' lang='lat' dir='ltr'><strong>sine</strong></span> <span class='ocrx_word' id='word_1_329' title='bbox 721 2496 956 2565; x_wconf 73' lang='lat' dir='ltr'><strong>scriptis,</strong></span> <span class='ocrx_word' id='word_1_330' title='bbox 977 2507 1034 2551; x_wconf 93' lang='lat' dir='ltr'><strong>ut</strong></span> <span class='ocrx_word' id='word_1_331' title='bbox 1055 2505 1136 2552; x_wconf 86' lang='lat' dir='ltr'><strong>est</strong></span> <span class='ocrx_word' id='word_1_332' title='bbox 1163 2491 1474 2561; x_wconf 78' lang='lat' dir='ltr'><strong>verisimile,</strong></span> <span class='ocrx_word' id='word_1_333' title='bbox 1507 2497 1896 2550; x_wconf 79' lang='lat' dir='ltr'><strong>exercebantur</strong></span> <span class='ocrx_word' id='word_1_334' title='bbox 1928 2497 1997 2552; x_wconf 87' lang='lat' dir='ltr'><strong>ab</strong></span> 
     </span>
    </p>
   </div>
   <div class='ocr_carea' id='block_1_46' title="bbox 331 2589 1997 2660">
    <p class='ocr_par' dir='ltr' id='par_1_46' title="bbox 331 2589 1997 2660">
     <span class='ocr_line' id='line_1_46' title="bbox 331 2589 1997 2660; baseline 0 -19"><span class='ocrx_word' id='word_1_335' title='bbox 331 2593 336 2598; x_wconf 84' lang='grc'><em>’</em></span> <span class='ocrx_word' id='word_1_336' title='bbox 440 2589 616 2653; x_wconf 91' lang='lat' dir='ltr'><strong>initio,</strong></span> <span class='ocrx_word' id='word_1_337' title='bbox 647 2601 703 2642; x_wconf 93' lang='lat' dir='ltr'><strong>nt</strong></span> <span class='ocrx_word' id='word_1_338' title='bbox 735 2592 899 2645; x_wconf 86' lang='lat' dir='ltr'><strong>etiam</strong></span> <span class='ocrx_word' id='word_1_339' title='bbox 933 2589 1093 2643; x_wconf 87' lang='lat' dir='ltr'><strong>multa</strong></span> <span class='ocrx_word' id='word_1_340' title='bbox 1128 2590 1226 2641; x_wconf 90' lang='lat' dir='ltr'><strong>alia</strong></span> <span class='ocrx_word' id='word_1_341' title='bbox 1266 2606 1278 2642; x_wconf 87' lang='lat'><strong>:</strong></span> <span class='ocrx_word' id='word_1_342' title='bbox 1323 2599 1506 2657; x_wconf 84' lang='lat' dir='ltr'><strong>postea</strong></span> <span class='ocrx_word' id='word_1_343' title='bbox 1551 2601 1726 2644; x_wconf 86' lang='lat' dir='ltr'><strong>autem</strong></span> <span class='ocrx_word' id='word_1_344' title='bbox 1762 2593 1997 2660; x_wconf 80' lang='lat' dir='ltr'><strong>synodus</strong></span> 
     </span>
    </p>
   </div>
   <div class='ocr_carea' id='block_1_47' title="bbox 441 2680 1590 2750">
    <p class='ocr_par' dir='ltr' id='par_1_47' title="bbox 441 2680 1590 2750">
     <span class='ocr_line' id='line_1_47' title="bbox 441 2680 1590 2750; baseline -0.002 -16"><span class='ocrx_word' id='word_1_345' title='bbox 441 2681 494 2734; x_wconf 90' lang='lat' dir='ltr'><strong>in</strong></span> <span class='ocrx_word' id='word_1_346' title='bbox 518 2680 701 2733; x_wconf 81' lang='lat' dir='ltr'><strong>Trullo</strong></span> <span class='ocrx_word' id='word_1_347' title='bbox 727 2697 786 2735; x_wconf 88' lang='lat' dir='ltr'><strong>ea</strong></span> <span class='ocrx_word' id='word_1_348' title='bbox 815 2682 1029 2749; x_wconf 63' lang='lat' dir='ltr'><strong>Scriptis</strong></span> <span class='ocrx_word' id='word_1_349' title='bbox 1054 2697 1266 2750; x_wconf 65' lang='lat' dir='ltr'><strong>quoque</strong></span> <span class='ocrx_word' id='word_1_350' title='bbox 1297 2680 1590 2734; x_wconf 78' lang='lat' dir='ltr'><strong>mandavit.</strong></span> 
     </span>
    </p>
   </div>
   <div class='ocr_carea' id='block_1_48' title="bbox 2094 2125 3668 2199">
    <p class='ocr_par' dir='ltr' id='par_1_48' title="bbox 2094 2125 3668 2199">
     <span class='ocr_line' id='line_1_48' title="bbox 2094 2125 3668 2199; baseline -0.003 -19"><span class='ocrx_word' id='word_1_351' title='bbox 2094 2129 2314 2190; x_wconf 80' lang='grc' dir='ltr'>λαῖκοὺς</span> <span class='ocrx_word' id='word_1_352' title='bbox 2343 2127 2469 2190; x_wconf 83' lang='grc' dir='ltr'>τοὺς</span> <span class='ocrx_word' id='word_1_353' title='bbox 2491 2128 2584 2179; x_wconf 50' lang='grc' dir='ltr'><strong>ἐπὶ⁵</strong></span> <span class='ocrx_word' id='word_1_354' title='bbox 2613 2128 2764 2199; x_wconf 74' lang='grc' dir='ltr'>τρισὶ</span> <span class='ocrx_word' id='word_1_355' title='bbox 2782 2129 3088 2198; x_wconf 68' lang='grc' dir='ltr'>Κυρωκαῖς</span> <span class='ocrx_word' id='word_1_356' title='bbox 3125 2126 3198 2196; x_wconf 75' lang='grc' dir='ltr'>μὴ</span> <span class='ocrx_word' id='word_1_357' title='bbox 3219 2125 3668 2195; x_wconf 69' lang='grc' dir='ltr'>συνερχομένους</span> 
     </span>
    </p>
   </div>
   <div class='ocr_carea' id='block_1_49' title="bbox 2098 2208 3667 2287">
    <p class='ocr_par' dir='ltr' id='par_1_49' title="bbox 2098 2208 3667 2287">
     <span class='ocr_line' id='line_1_49' title="bbox 2098 2208 3667 2287; baseline -0.003 -15"><span class='ocrx_word' id='word_1_358' title='bbox 2098 2219 2191 2272; x_wconf 74' lang='grc' dir='ltr'>καὶ</span> <span class='ocrx_word' id='word_1_359' title='bbox 2220 2217 2700 2287; x_wconf 78' lang='grc' dir='ltr'>ἐκκλησιάζοντας,</span> <span class='ocrx_word' id='word_1_360' title='bbox 2730 2217 2826 2272; x_wconf 81' lang='grc' dir='ltr'><strong>τοῦ</strong></span> <span class='ocrx_word' id='word_1_361' title='bbox 2853 2219 2948 2271; x_wconf 76' lang='grc' dir='ltr'>καὶ</span> <span class='ocrx_word' id='word_1_362' title='bbox 2969 2209 3118 2271; x_wconf 78' lang='grc' dir='ltr'>’κατὰ</span> <span class='ocrx_word' id='word_1_363' title='bbox 3147 2218 3282 2271; x_wconf 75' lang='grc' dir='ltr'>πολὺ</span> <span class='ocrx_word' id='word_1_364' title='bbox 3307 2208 3468 2279; x_wconf 73' lang='grc' dir='ltr'>ὄντος</span> <span class='ocrx_word' id='word_1_365' title='bbox 3488 2233 3667 2284; x_wconf 81' lang='grc' dir='ltr'>μετα-</span> 
     </span>
    </p>
   </div>
   <div class='ocr_carea' id='block_1_50' title="bbox 2101 2302 3669 2381">
    <p class='ocr_par' dir='ltr' id='par_1_50' title="bbox 2101 2302 3669 2381">
     <span class='ocr_line' id='line_1_50' title="bbox 2101 2302 3669 2381; baseline -0.001 -17"><span class='ocrx_word' id='word_1_366' title='bbox 2101 2302 2421 2381; x_wconf 82' lang='grc' dir='ltr'>γενεστέρου</span> <span class='ocrx_word' id='word_1_367' title='bbox 2455 2311 2660 2380; x_wconf 83' lang='grc' dir='ltr'>ταύτης</span> <span class='ocrx_word' id='word_1_368' title='bbox 2701 2311 2800 2379; x_wconf 85' lang='grc' dir='ltr'>τῆς</span> <span class='ocrx_word' id='word_1_369' title='bbox 2845 2312 3085 2374; x_wconf 85' lang='grc' dir='ltr'>συνόδου,</span> <span class='ocrx_word' id='word_1_370' title='bbox 3125 2312 3240 2374; x_wconf 82' lang='grc' dir='ltr'>πῶς</span> <span class='ocrx_word' id='word_1_371' title='bbox 3271 2311 3300 2362; x_wconf 78' lang='grc' dir='ltr'><strong>ὁ</strong></span> <span class='ocrx_word' id='word_1_372' title='bbox 3328 2307 3523 2378; x_wconf 82' lang='grc' dir='ltr'>παρὼν</span> <span class='ocrx_word' id='word_1_373' title='bbox 3562 2326 3669 2362; x_wconf 68' lang='grc' dir='ltr'>και</span> 
     </span>
    </p>
   </div>
   <div class='ocr_carea' id='block_1_51' title="bbox 2105 2397 3660 2471">
    <p class='ocr_par' dir='ltr' id='par_1_51' title="bbox 2105 2397 3660 2471">
     <span class='ocr_line' id='line_1_51' title="bbox 2105 2397 3660 2471; baseline -0.003 -15"><span class='ocrx_word' id='word_1_374' title='bbox 2105 2403 2234 2464; x_wconf 88' lang='grc' dir='ltr'>νὼν,</span> <span class='ocrx_word' id='word_1_375' title='bbox 2263 2401 2690 2471; x_wconf 73' lang='grc' dir='ltr'>προγενέστερος</span> <span class='ocrx_word' id='word_1_376' title='bbox 2742 2401 2838 2464; x_wconf 79' lang='grc' dir='ltr'>ὢν,</span> <span class='ocrx_word' id='word_1_377' title='bbox 2883 2397 3049 2454; x_wconf 66' lang='grc' dir='ltr'>αὑτοῦ</span> <span class='ocrx_word' id='word_1_378' title='bbox 3087 2401 3392 2470; x_wconf 78' lang='grc' dir='ltr'>μέμνηται;</span> <span class='ocrx_word' id='word_1_379' title='bbox 3436 2400 3660 2462; x_wconf 73' lang='grc' dir='ltr'>Λύσις.</span> 
     </span>
    </p>
   </div>
   <div class='ocr_carea' id='block_1_52' title="bbox 2107 2493 3668 2566">
    <p class='ocr_par' dir='ltr' id='par_1_52' title="bbox 2107 2493 3668 2566">
     <span class='ocr_line' id='line_1_52' title="bbox 2107 2493 3668 2566; baseline -0.004 -16"><span class='ocrx_word' id='word_1_380' title='bbox 2107 2499 2334 2566; x_wconf 81' lang='grc' dir='ltr'>Ἕτερος</span> <span class='ocrx_word' id='word_1_381' title='bbox 2363 2496 2463 2566; x_wconf 84' lang='grc' dir='ltr'>μὲν</span> <span class='ocrx_word' id='word_1_382' title='bbox 2494 2496 2672 2548; x_wconf 85' lang='grc' dir='ltr'>κανὼν</span> <span class='ocrx_word' id='word_1_383' title='bbox 2700 2496 2805 2566; x_wconf 79' lang='grc' dir='ltr'>πρὸ</span> <span class='ocrx_word' id='word_1_384' title='bbox 2830 2497 2927 2564; x_wconf 77' lang='grc' dir='ltr'>τῆς</span> <span class='ocrx_word' id='word_1_385' title='bbox 2959 2495 3235 2566; x_wconf 81' lang='grc' dir='ltr'>παρούσης</span> <span class='ocrx_word' id='word_1_386' title='bbox 3263 2494 3488 2547; x_wconf 84' lang='grc' dir='ltr'>συνόδου</span> <span class='ocrx_word' id='word_1_387' title='bbox 3503 2493 3668 2546; x_wconf 79' lang='grc' dir='ltr'>οὐδέν</span> 
     </span>
    </p>
   </div>
   <div class='ocr_carea' id='block_1_53' title="bbox 2103 2586 3664 2658">
    <p class='ocr_par' dir='ltr' id='par_1_53' title="bbox 2103 2586 3664 2658">
     <span class='ocr_line' id='line_1_53' title="bbox 2103 2586 3664 2658; baseline -0.005 -15"><span class='ocrx_word' id='word_1_388' title='bbox 2103 2607 2154 2643; x_wconf 90' lang='grc' dir='ltr'><strong>τι</strong></span> <span class='ocrx_word' id='word_1_389' title='bbox 2210 2589 2449 2643; x_wconf 80' lang='grc' dir='ltr'>τοιοῦτον</span> <span class='ocrx_word' id='word_1_390' title='bbox 2493 2589 2805 2658; x_wconf 70' lang='grc' dir='ltr'><strong>διωρίσατο⁹</strong></span> <span class='ocrx_word' id='word_1_391' title='bbox 2874 2589 3142 2658; x_wconf 78' lang='grc' dir='ltr'>ἀγράφως</span> <span class='ocrx_word' id='word_1_392' title='bbox 3190 2587 3266 2650; x_wconf 86' lang='grc' dir='ltr'>δὲ,</span> <span class='ocrx_word' id='word_1_393' title='bbox 3326 2587 3401 2644; x_wconf 85' lang='grc' dir='ltr'><strong>ὡς</strong></span> <span class='ocrx_word' id='word_1_394' title='bbox 3456 2586 3664 2644; x_wconf 72' lang='grc' dir='ltr'>ἔοικεν,</span> 
     </span>
    </p>
   </div>
   <div class='ocr_carea' id='block_1_54' title="bbox 2103 2677 3663 2753">
    <p class='ocr_par' dir='ltr' id='par_1_54' title="bbox 2103 2677 3663 2753">
     <span class='ocr_line' id='line_1_54' title="bbox 2103 2677 3663 2753; baseline -0.004 -18"><span class='ocrx_word' id='word_1_395' title='bbox 2103 2683 2432 2753; x_wconf 80' lang='grc' dir='ltr'>ἐνηργοῦντο</span> <span class='ocrx_word' id='word_1_396' title='bbox 2474 2682 2543 2736; x_wconf 80' lang='grc' dir='ltr'>τὰ</span> <span class='ocrx_word' id='word_1_397' title='bbox 2590 2681 2683 2735; x_wconf 79' lang='grc' dir='ltr'>τοῦ</span> <span class='ocrx_word' id='word_1_398' title='bbox 2732 2680 2970 2734; x_wconf 88' lang='grc' dir='ltr'>τοιούτου</span> <span class='ocrx_word' id='word_1_399' title='bbox 3022 2677 3243 2742; x_wconf 73' lang='grc' dir='ltr'>κανόνος</span> <span class='ocrx_word' id='word_1_400' title='bbox 3273 2678 3538 2750; x_wconf 75' lang='grc' dir='ltr'><strong>ἀρχῆθεν,</strong></span> <span class='ocrx_word' id='word_1_401' title='bbox 3583 2679 3663 2736; x_wconf 77' lang='grc' dir='ltr'>ὡς</span> 
     </span>
    </p>
   </div>
   <div class='ocr_carea' id='block_1_55' title="bbox 441 2777 3451 2859">
    <p class='ocr_par' dir='ltr' id='par_1_55' title="bbox 441 2777 3451 2859">
     <span class='ocr_line' id='line_1_55' title="bbox 441 2777 3451 2859; baseline 0 -30"><span class='ocrx_word' id='word_1_402' title='bbox 441 2778 534 2829; x_wconf 69' lang='grc' dir='ltr'>καὶ</span> <span class='ocrx_word' id='word_1_403' title='bbox 589 2777 723 2830; x_wconf 77' lang='grc' dir='ltr'>ἄλλα</span> <span class='ocrx_word' id='word_1_404' title='bbox 786 2778 988 2833; x_wconf 86' lang='grc' dir='ltr'>πολλά·</span> <span class='ocrx_word' id='word_1_405' title='bbox 1039 2779 1265 2853; x_wconf 81' lang='grc' dir='ltr'>ὕστερον</span> <span class='ocrx_word' id='word_1_406' title='bbox 1317 2784 1373 2837; x_wconf 87' lang='grc' dir='ltr'>δὲ</span> <span class='ocrx_word' id='word_1_407' title='bbox 1431 2788 1464 2854; x_wconf 78' lang='grc' dir='ltr'>ἡ</span> <span class='ocrx_word' id='word_1_408' title='bbox 1521 2787 1578 2839; x_wconf 88' lang='grc' dir='ltr'><strong>ἐν</strong></span> <span class='ocrx_word' id='word_1_409' title='bbox 1622 2785 1699 2854; x_wconf 81' lang='grc' dir='ltr'>τῷ</span> <span class='ocrx_word' id='word_1_410' title='bbox 1737 2785 1990 2859; x_wconf 78' lang='grc' dir='ltr'>Τρούλλῳ</span> <span class='ocrx_word' id='word_1_411' title='bbox 2019 2786 2234 2849; x_wconf 75' lang='grc' dir='ltr'>σύνοδος</span> <span class='ocrx_word' id='word_1_412' title='bbox 2265 2785 2356 2840; x_wconf 69' lang='grc' dir='ltr'>καὶ</span> <span class='ocrx_word' id='word_1_413' title='bbox 2388 2784 2680 2854; x_wconf 73' lang='grc' dir='ltr'><strong>ἐγγράφως</strong></span> <span class='ocrx_word' id='word_1_414' title='bbox 2717 2782 2787 2835; x_wconf 77' lang='grc' dir='ltr'><strong>τά</strong></span> <span class='ocrx_word' id='word_1_415' title='bbox 2815 2781 2945 2850; x_wconf 77' lang='grc' dir='ltr'>περὶ</span> <span class='ocrx_word' id='word_1_416' title='bbox 2977 2781 3169 2834; x_wconf 82' lang='grc' dir='ltr'>τούτου</span> <span class='ocrx_word' id='word_1_417' title='bbox 3220 2779 3451 2843; x_wconf 80' lang='grc' dir='ltr'>ἐξέθετο.</span> 
     </span>
    </p>
   </div>
   <div class='ocr_carea' id='block_1_56' title="bbox 516 2873 1998 2948">
    <p class='ocr_par' dir='ltr' id='par_1_56' title="bbox 516 2873 1998 2948">
     <span class='ocr_line' id='line_1_56' title="bbox 516 2873 1998 2948; baseline 0.009 -22"><span class='ocrx_word' id='word_1_418' title='bbox 516 2873 767 2930; x_wconf 78' lang='lat' dir='ltr'><strong>ZONAR.</strong></span> <span class='ocrx_word' id='word_1_419' title='bbox 817 2876 872 2930; x_wconf 88' lang='lat' dir='ltr'><strong>Si</strong></span> <span class='ocrx_word' id='word_1_420' title='bbox 912 2880 1034 2946; x_wconf 87' lang='lat' dir='ltr'><strong>quis</strong></span> <span class='ocrx_word' id='word_1_421' title='bbox 1078 2880 1362 2948; x_wconf 79' lang='lat' dir='ltr'><strong>episcopus</strong></span> <span class='ocrx_word' id='word_1_422' title='bbox 1419 2883 1468 2937; x_wconf 92' lang='lat' dir='ltr'><strong>iu</strong></span> <span class='ocrx_word' id='word_1_423' title='bbox 1525 2883 1682 2938; x_wconf 84' lang='lat' dir='ltr'><strong>aliam</strong></span> <span class='ocrx_word' id='word_1_424' title='bbox 1727 2885 1998 2940; x_wconf 88' lang='lat' dir='ltr'><strong>civitatem</strong></span> 
     </span>
    </p>
   </div>
   <div class='ocr_carea' id='block_1_57' title="bbox 2172 2876 3652 2948">
    <p class='ocr_par' dir='ltr' id='par_1_57' title="bbox 2172 2876 3652 2948">
     <span class='ocr_line' id='line_1_57' title="bbox 2172 2876 3652 2948; baseline -0.007 -10"><span class='ocrx_word' id='word_1_425' title='bbox 2172 2885 2415 2938; x_wconf 70' lang='grc' dir='ltr'><strong>ΖΩΝΑΡ.</strong></span> <span class='ocrx_word' id='word_1_426' title='bbox 2465 2883 2588 2935; x_wconf 80' lang='grc' dir='ltr'><strong>Ἐὰν</strong></span> <span class='ocrx_word' id='word_1_427' title='bbox 2606 2881 2906 2943; x_wconf 76' lang='grc' dir='ltr'>ἐπίσκοπος</span> <span class='ocrx_word' id='word_1_428' title='bbox 2935 2882 3016 2939; x_wconf 78' lang='grc' dir='ltr'><strong>εἰς</strong></span> <span class='ocrx_word' id='word_1_429' title='bbox 3035 2879 3191 2932; x_wconf 80' lang='grc' dir='ltr'>πόλιν</span> <span class='ocrx_word' id='word_1_430' title='bbox 3217 2877 3432 2948; x_wconf 71' lang='grc' dir='ltr'>ἀπέλθῃ</span> <span class='ocrx_word' id='word_1_431' title='bbox 3461 2876 3652 2946; x_wconf 68' lang='grc' dir='ltr'>ἑτέραν</span> 
     </span>
    </p>
   </div>
   <div class='ocr_carea' id='block_1_58' title="bbox 442 2961 1999 3052">
    <p class='ocr_par' dir='ltr' id='par_1_58' title="bbox 442 2966 1999 3038">
     <span class='ocr_line' id='line_1_58' title="bbox 442 2966 1999 3038; baseline 0.012 -24"><span class='ocrx_word' id='word_1_432' title='bbox 442 2966 842 3032; x_wconf 77' lang='lat' dir='ltr'><strong>provinciamve</strong></span> <span class='ocrx_word' id='word_1_433' title='bbox 891 2970 1064 3030; x_wconf 84' lang='lat' dir='ltr'><strong>abeat,</strong></span> <span class='ocrx_word' id='word_1_434' title='bbox 1093 2970 1469 3036; x_wconf 65' lang='lat' dir='ltr'><strong>iactabundus,</strong></span> <span class='ocrx_word' id='word_1_435' title='bbox 1516 2975 1618 3030; x_wconf 89' lang='lat' dir='ltr'><strong>hoc</strong></span> <span class='ocrx_word' id='word_1_436' title='bbox 1665 2988 1769 3038; x_wconf 85' lang='lat' dir='ltr'><strong>est,</strong></span> <span class='ocrx_word' id='word_1_437' title='bbox 1806 2978 1894 3032; x_wconf 88' lang='lat' dir='ltr'><strong>ubi</strong></span> <span class='ocrx_word' id='word_1_438' title='bbox 1943 2993 1999 3033; x_wconf 89' lang='lat' dir='ltr'><strong>se</strong></span> 
     </span>
    </p>
   </div>
   <div class='ocr_carea' id='block_1_59' title="bbox 2096 2961 3644 3052">
    <p class='ocr_par' dir='ltr' id='par_1_59' title="bbox 2100 2973 3644 3050">
     <span class='ocr_line' id='line_1_59' title="bbox 2100 2973 3644 3050; baseline -0.005 -17"><span class='ocrx_word' id='word_1_439' title='bbox 2100 2978 2132 3050; x_wconf 78' lang='grc' dir='ltr'>ἦ</span> <span class='ocrx_word' id='word_1_440' title='bbox 2162 2982 2242 3043; x_wconf 81' lang='grc' dir='ltr'><strong>είς</strong></span> <span class='ocrx_word' id='word_1_441' title='bbox 2268 2980 2542 3049; x_wconf 72' lang='grc' dir='ltr'>ἐπαρχίαν</span> <span class='ocrx_word' id='word_1_442' title='bbox 2583 2978 2750 3046; x_wconf 78' lang='grc' dir='ltr'>ἀλλην</span> <span class='ocrx_word' id='word_1_443' title='bbox 2779 2978 2994 3047; x_wconf 78' lang='grc' dir='ltr'>κόμπου</span> <span class='ocrx_word' id='word_1_444' title='bbox 3039 2975 3221 3047; x_wconf 80' lang='grc' dir='ltr'>χάριν,</span> <span class='ocrx_word' id='word_1_445' title='bbox 3254 2974 3396 3028; x_wconf 78' lang='grc' dir='ltr'>ὥστε</span> <span class='ocrx_word' id='word_1_446' title='bbox 3413 2973 3644 3042; x_wconf 69' lang='grc' dir='ltr'>δηλονότι</span> 
     </span>
    </p>
   </div>
   <div class='ocr_carea' id='block_1_60' title="bbox 439 3059 1996 3134">
    <p class='ocr_par' dir='ltr' id='par_1_60' title="bbox 439 3059 1996 3134">
     <span class='ocr_line' id='line_1_60' title="bbox 439 3059 1996 3134; baseline 0.012 -34"><span class='ocrx_word' id='word_1_447' title='bbox 439 3060 607 3122; x_wconf 56' lang='grc' dir='ltr'>μοιοι</span> <span class='ocrx_word' id='word_1_448' title='bbox 632 3065 792 3123; x_wconf 87' lang='lat' dir='ltr'><strong>atque</strong></span> <span class='ocrx_word' id='word_1_449' title='bbox 819 3067 1074 3120; x_wconf 89' lang='lat' dir='ltr'><strong>ostentet,</strong></span> <span class='ocrx_word' id='word_1_450' title='bbox 1121 3059 1438 3130; x_wconf 75' lang='lat' dir='ltr'><strong>laudentque</strong></span> <span class='ocrx_word' id='word_1_451' title='bbox 1473 3063 1792 3134; x_wconf 68' lang='lat' dir='ltr'><strong>eloquentiae</strong></span> <span class='ocrx_word' id='word_1_452' title='bbox 1832 3082 1996 3120; x_wconf 82' lang='lat' dir='ltr'><strong>aucu-</strong></span> 
     </span>
    </p>
   </div>
   <div class='ocr_carea' id='block_1_61' title="bbox 445 3147 2001 3223">
    <p class='ocr_par' dir='ltr' id='par_1_61' title="bbox 445 3147 2001 3223">
     <span class='ocr_line' id='line_1_61' title="bbox 445 3147 2001 3223; baseline 0.012 -30"><span class='ocrx_word' id='word_1_453' title='bbox 445 3157 622 3213; x_wconf 78' lang='lat' dir='ltr'><strong>petur,</strong></span> <span class='ocrx_word' id='word_1_454' title='bbox 679 3147 758 3199; x_wconf 89' lang='lat' dir='ltr'><strong>vel</strong></span> <span class='ocrx_word' id='word_1_455' title='bbox 807 3159 862 3201; x_wconf 85' lang='lat' dir='ltr'><strong>ut</strong></span> <span class='ocrx_word' id='word_1_456' title='bbox 907 3149 1151 3218; x_wconf 83' lang='lat' dir='ltr'><strong>religioni</strong></span> <span class='ocrx_word' id='word_1_457' title='bbox 1185 3157 1560 3208; x_wconf 72' lang='lat' dir='ltr'><strong>consocrandae</strong></span> <span class='ocrx_word' id='word_1_458' title='bbox 1592 3156 1869 3223; x_wconf 82' lang='lat' dir='ltr'><strong>inserviat,</strong></span> <span class='ocrx_word' id='word_1_459' title='bbox 1909 3169 2001 3212; x_wconf 90' lang='lat' dir='ltr'><strong>aut</strong></span> 
     </span>
    </p>
   </div>
   <div class='ocr_carea' id='block_1_62' title="bbox 444 3238 1997 3314">
    <p class='ocr_par' dir='ltr' id='par_1_62' title="bbox 444 3238 1997 3314">
     <span class='ocr_line' id='line_1_62' title="bbox 444 3238 1997 3314; baseline 0.013 -26"><span class='ocrx_word' id='word_1_460' title='bbox 444 3238 508 3290; x_wconf 91' lang='lat' dir='ltr'><strong>de</strong></span> <span class='ocrx_word' id='word_1_461' title='bbox 560 3240 661 3291; x_wconf 86' lang='lat' dir='ltr'><strong>llde</strong></span> <span class='ocrx_word' id='word_1_462' title='bbox 703 3249 755 3293; x_wconf 81' lang='lat' dir='ltr'><strong>et</strong></span> <span class='ocrx_word' id='word_1_463' title='bbox 806 3240 972 3303; x_wconf 76' lang='lat' dir='ltr'><strong>cultu,</strong></span> <span class='ocrx_word' id='word_1_464' title='bbox 1003 3242 1091 3309; x_wconf 91' lang='lat' dir='ltr'><strong>qui</strong></span> <span class='ocrx_word' id='word_1_465' title='bbox 1123 3243 1226 3296; x_wconf 86' lang='lat' dir='ltr'><strong>Deo</strong></span> <span class='ocrx_word' id='word_1_466' title='bbox 1254 3245 1588 3302; x_wconf 78' lang='lat' dir='ltr'><strong>exhibendns</strong></span> <span class='ocrx_word' id='word_1_467' title='bbox 1623 3257 1724 3312; x_wconf 87' lang='lat' dir='ltr'><strong>est,</strong></span> <span class='ocrx_word' id='word_1_468' title='bbox 1755 3259 1997 3314; x_wconf 65' lang='lat' dir='ltr'><strong>quaerat:</strong></span> 
     </span>
    </p>
   </div>
   <div class='ocr_carea' id='block_1_63' title="bbox 445 3330 1998 3404">
    <p class='ocr_par' dir='ltr' id='par_1_63' title="bbox 445 3330 1998 3404">
     <span class='ocr_line' id='line_1_63' title="bbox 445 3330 1998 3404; baseline 0.01 -22"><span class='ocrx_word' id='word_1_469' title='bbox 445 3346 569 3382; x_wconf 86' lang='lat' dir='ltr'><strong>nam</strong></span> <span class='ocrx_word' id='word_1_470' title='bbox 599 3330 786 3400; x_wconf 89' lang='lat' dir='ltr'><strong>religio</strong></span> <span class='ocrx_word' id='word_1_471' title='bbox 812 3331 896 3385; x_wconf 87' lang='lat' dir='ltr'><strong>hic</strong></span> <span class='ocrx_word' id='word_1_472' title='bbox 927 3341 1009 3384; x_wconf 87' lang='lat' dir='ltr'><strong>est</strong></span> <span class='ocrx_word' id='word_1_473' title='bbox 1039 3334 1271 3388; x_wconf 85' lang='lat' dir='ltr'><strong>servitus</strong></span> <span class='ocrx_word' id='word_1_474' title='bbox 1303 3337 1415 3390; x_wconf 81' lang='lat' dir='ltr'><strong>sive</strong></span> <span class='ocrx_word' id='word_1_475' title='bbox 1441 3337 1532 3392; x_wconf 90' lang='lat' dir='ltr'><strong>Dei</strong></span> <span class='ocrx_word' id='word_1_476' title='bbox 1553 3339 1748 3404; x_wconf 78' lang='lat' dir='ltr'><strong>cultus,</strong></span> <span class='ocrx_word' id='word_1_477' title='bbox 1774 3355 1839 3396; x_wconf 86' lang='lat' dir='ltr'><strong>ac</strong></span> <span class='ocrx_word' id='word_1_478' title='bbox 1873 3342 1998 3396; x_wconf 87' lang='lat' dir='ltr'><strong>diu-</strong></span> 
     </span>
    </p>
   </div>
   <div class='ocr_carea' id='block_1_64' title="bbox 448 3417 2002 3501">
    <p class='ocr_par' dir='ltr' id='par_1_64' title="bbox 448 3417 2002 3501">
     <span class='ocr_line' id='line_1_64' title="bbox 448 3417 2002 3501; baseline 0.008 -30"><span class='ocrx_word' id='word_1_479' title='bbox 448 3419 554 3471; x_wconf 91' lang='lat' dir='ltr'><strong>tius</strong></span> <span class='ocrx_word' id='word_1_480' title='bbox 583 3417 780 3475; x_wconf 84' lang='lat' dir='ltr'><strong>ibidem</strong></span> <span class='ocrx_word' id='word_1_481' title='bbox 804 3423 1126 3475; x_wconf 87' lang='lat' dir='ltr'><strong>commorari</strong></span> <span class='ocrx_word' id='word_1_482' title='bbox 1147 3423 1295 3486; x_wconf 84' lang='lat' dir='ltr'><strong>velit,</strong></span> <span class='ocrx_word' id='word_1_483' title='bbox 1331 3441 1501 3495; x_wconf 85' lang='lat' dir='ltr'><strong>neque</strong></span> <span class='ocrx_word' id='word_1_484' title='bbox 1521 3429 1590 3481; x_wconf 89' lang='lat' dir='ltr'><strong>sit</strong></span> <span class='ocrx_word' id='word_1_485' title='bbox 1612 3429 1729 3497; x_wconf 88' lang='lat' dir='ltr'><strong>ejus</strong></span> <span class='ocrx_word' id='word_1_486' title='bbox 1763 3430 2002 3501; x_wconf 75' lang='lat' dir='ltr'><strong>regionis</strong></span> 
     </span>
    </p>
   </div>
   <div class='ocr_carea' id='block_1_65' title="bbox 445 3512 2004 3590">
    <p class='ocr_par' dir='ltr' id='par_1_65' title="bbox 445 3512 2004 3590">
     <span class='ocr_line' id='line_1_65' title="bbox 445 3512 2004 3590; baseline 0.009 -26"><span class='ocrx_word' id='word_1_487' title='bbox 445 3512 732 3580; x_wconf 87' lang='lat' dir='ltr'><strong>episcopus</strong></span> <span class='ocrx_word' id='word_1_488' title='bbox 768 3513 1053 3568; x_wconf 86' lang='lat' dir='ltr'><strong>admodum</strong></span> <span class='ocrx_word' id='word_1_489' title='bbox 1079 3516 1286 3570; x_wconf 89' lang='lat' dir='ltr'><strong>dicendi</strong></span> <span class='ocrx_word' id='word_1_490' title='bbox 1324 3534 1388 3572; x_wconf 88' lang='lat' dir='ltr'><strong>ac</strong></span> <span class='ocrx_word' id='word_1_491' title='bbox 1430 3520 1652 3574; x_wconf 90' lang='lat' dir='ltr'><strong>docendi</strong></span> <span class='ocrx_word' id='word_1_492' title='bbox 1675 3524 1910 3590; x_wconf 64' lang='lat' dir='ltr'><strong>peritus};</strong></span> <span class='ocrx_word' id='word_1_493' title='bbox 1939 3541 2004 3580; x_wconf 88' lang='lat' dir='ltr'><strong>ne</strong></span> 
     </span>
    </p>
   </div>
   <div class='ocr_carea' id='block_1_66' title="bbox 446 3604 2005 3684">
    <p class='ocr_par' dir='ltr' id='par_1_66' title="bbox 446 3604 2005 3684">
     <span class='ocr_line' id='line_1_66' title="bbox 446 3604 2005 3684; baseline 0.011 -31"><span class='ocrx_word' id='word_1_494' title='bbox 446 3604 749 3660; x_wconf 79' lang='lat' dir='ltr'><strong>crebriores</strong></span> <span class='ocrx_word' id='word_1_495' title='bbox 770 3606 895 3675; x_wconf 80' lang='lat' dir='ltr'><strong>ipse</strong></span> <span class='ocrx_word' id='word_1_496' title='bbox 937 3610 1224 3664; x_wconf 85' lang='lat' dir='ltr'><strong>conciones</strong></span> <span class='ocrx_word' id='word_1_497' title='bbox 1263 3611 1491 3673; x_wconf 86' lang='lat' dir='ltr'><strong>habeat,</strong></span> <span class='ocrx_word' id='word_1_498' title='bbox 1537 3627 1600 3667; x_wconf 75' lang='lat' dir='ltr'><strong>ex</strong></span> <span class='ocrx_word' id='word_1_499' title='bbox 1635 3629 1739 3682; x_wconf 92' lang='lat' dir='ltr'><strong>quo</strong></span> <span class='ocrx_word' id='word_1_500' title='bbox 1774 3616 2005 3684; x_wconf 76' lang='lat' dir='ltr'><strong>regionis</strong></span> 
     </span>
    </p>
   </div>
   <div class='ocr_carea' id='block_1_67' title="bbox 468 3695 2003 3763">
    <p class='ocr_par' dir='ltr' id='par_1_67' title="bbox 468 3695 2003 3763">
     <span class='ocr_line' id='line_1_67' title="bbox 468 3695 2003 3763; baseline 0.008 -16"><span class='ocrx_word' id='word_1_501' title='bbox 468 3695 594 3748; x_wconf 89' lang='lat' dir='ltr'><strong>llius</strong></span> <span class='ocrx_word' id='word_1_502' title='bbox 640 3697 947 3763; x_wconf 82' lang='lat' dir='ltr'><strong>episcopum</strong></span> <span class='ocrx_word' id='word_1_503' title='bbox 1003 3709 1350 3754; x_wconf 89' lang='lat' dir='ltr'><strong>contemnere</strong></span> <span class='ocrx_word' id='word_1_504' title='bbox 1399 3717 1463 3756; x_wconf 86' lang='lat' dir='ltr'><strong>ac</strong></span> <span class='ocrx_word' id='word_1_505' title='bbox 1503 3703 1648 3757; x_wconf 87' lang='lat' dir='ltr'><strong>velut</strong></span> <span class='ocrx_word' id='word_1_506' title='bbox 1681 3705 2003 3760; x_wconf 82' lang='lat' dir='ltr'><strong>ineruditum</strong></span> 
     </span>
    </p>
   </div>
   <div class='ocr_carea' id='block_1_68' title="bbox 450 3787 2000 3863">
    <p class='ocr_par' dir='ltr' id='par_1_68' title="bbox 450 3787 2000 3863">
     <span class='ocr_line' id='line_1_68' title="bbox 450 3787 2000 3863; baseline 0.008 -24"><span class='ocrx_word' id='word_1_507' title='bbox 450 3787 646 3839; x_wconf 84' lang='lat' dir='ltr'><strong>notare</strong></span> <span class='ocrx_word' id='word_1_508' title='bbox 665 3787 931 3841; x_wconf 86' lang='lat' dir='ltr'><strong>videatur.</strong></span> <span class='ocrx_word' id='word_1_509' title='bbox 959 3787 1402 3844; x_wconf 73' lang='lat' dir='ltr'><strong>l’crturbationes</strong></span> <span class='ocrx_word' id='word_1_510' title='bbox 1431 3806 1662 3863; x_wconf 87' lang='lat' dir='ltr'><strong>namque</strong></span> <span class='ocrx_word' id='word_1_511' title='bbox 1684 3807 1756 3847; x_wconf 84' lang='lat' dir='ltr'><strong>ea</strong></span> <span class='ocrx_word' id='word_1_512' title='bbox 1785 3810 1870 3849; x_wconf 78' lang='lat' dir='ltr'><strong>res</strong></span> <span class='ocrx_word' id='word_1_513' title='bbox 1902 3810 2000 3850; x_wconf 82' lang='lat' dir='ltr'><strong>ex-</strong></span> 
     </span>
    </p>
   </div>
   <div class='ocr_carea' id='block_1_69' title="bbox 449 3877 2006 3951">
    <p class='ocr_par' dir='ltr' id='par_1_69' title="bbox 449 3877 2006 3951">
     <span class='ocr_line' id='line_1_69' title="bbox 449 3877 2006 3951; baseline 0.004 -20"><span class='ocrx_word' id='word_1_514' title='bbox 449 3877 612 3938; x_wconf 88' lang='lat' dir='ltr'><strong>citat,</strong></span> <span class='ocrx_word' id='word_1_515' title='bbox 639 3886 729 3929; x_wconf 88' lang='lat' dir='ltr'><strong>aut</strong></span> <span class='ocrx_word' id='word_1_516' title='bbox 765 3877 938 3931; x_wconf 89' lang='lat' dir='ltr'><strong>calide</strong></span> <span class='ocrx_word' id='word_1_517' title='bbox 973 3893 1037 3932; x_wconf 87' lang='lat' dir='ltr'><strong>ac</strong></span> <span class='ocrx_word' id='word_1_518' title='bbox 1069 3890 1286 3933; x_wconf 84' lang='lat' dir='ltr'><strong>versute</strong></span> <span class='ocrx_word' id='word_1_519' title='bbox 1320 3880 1520 3936; x_wconf 79' lang='lat' dir='ltr'><strong>factum</strong></span> <span class='ocrx_word' id='word_1_520' title='bbox 1556 3883 1895 3951; x_wconf 88' lang='lat' dir='ltr'><strong>interpretari</strong></span> <span class='ocrx_word' id='word_1_521' title='bbox 1940 3885 2006 3938; x_wconf 88' lang='lat' dir='ltr'><strong>li-</strong></span> 
     </span>
    </p>
   </div>
   <div class='ocr_carea' id='block_1_70' title="bbox 449 3969 2007 4043">
    <p class='ocr_par' dir='ltr' id='par_1_70' title="bbox 449 3969 2007 4043">
     <span class='ocr_line' id='line_1_70' title="bbox 449 3969 2007 4043; baseline 0.003 -20"><span class='ocrx_word' id='word_1_522' title='bbox 449 3980 554 4033; x_wconf 89' lang='lat' dir='ltr'><strong>cet,</strong></span> <span class='ocrx_word' id='word_1_523' title='bbox 588 3979 646 4022; x_wconf 88' lang='lat' dir='ltr'><strong>ut</strong></span> <span class='ocrx_word' id='word_1_524' title='bbox 681 3985 802 4024; x_wconf 87' lang='lat' dir='ltr'><strong>sese</strong></span> <span class='ocrx_word' id='word_1_525' title='bbox 833 3969 1087 4022; x_wconf 85' lang='lat' dir='ltr'><strong>nimirum</strong></span> <span class='ocrx_word' id='word_1_526' title='bbox 1128 3971 1328 4039; x_wconf 87' lang='lat' dir='ltr'><strong>populo</strong></span> <span class='ocrx_word' id='word_1_527' title='bbox 1357 3975 1474 4040; x_wconf 86' lang='lat' dir='ltr'><strong>ejus</strong></span> <span class='ocrx_word' id='word_1_528' title='bbox 1503 3975 1737 4043; x_wconf 85' lang='lat' dir='ltr'><strong>regionis</strong></span> <span class='ocrx_word' id='word_1_529' title='bbox 1767 3976 2007 4030; x_wconf 86' lang='lat' dir='ltr'><strong>admira-</strong></span> 
     </span>
    </p>
   </div>
   <div class='ocr_carea' id='block_1_71' title="bbox 2089 3064 3646 3138">
    <p class='ocr_par' dir='ltr' id='par_1_71' title="bbox 2089 3064 3646 3138">
     <span class='ocr_line' id='line_1_71' title="bbox 2089 3064 3646 3138; baseline -0.005 -14"><span class='ocrx_word' id='word_1_530' title='bbox 2089 3071 2459 3136; x_wconf 79' lang='grc' dir='ltr'>ἐπιδείξασθαι</span> <span class='ocrx_word' id='word_1_531' title='bbox 2499 3071 2592 3123; x_wconf 74' lang='grc' dir='ltr'>καὶ</span> <span class='ocrx_word' id='word_1_532' title='bbox 2623 3068 3074 3138; x_wconf 64' lang='grc' dir='ltr'>ἐγκωμιασθῖψαι</span> <span class='ocrx_word' id='word_1_533' title='bbox 3105 3067 3179 3130; x_wconf 76' lang='grc' dir='ltr'><strong>ὡς</strong></span> <span class='ocrx_word' id='word_1_534' title='bbox 3196 3067 3404 3133; x_wconf 80' lang='grc' dir='ltr'>λόγιος,</span> <span class='ocrx_word' id='word_1_535' title='bbox 3458 3066 3492 3133; x_wconf 74' lang='grc' dir='ltr'><strong>ἢ</strong></span> <span class='ocrx_word' id='word_1_536' title='bbox 3519 3064 3646 3133; x_wconf 62' lang='grc' dir='ltr'>θρη-</span> 
     </span>
    </p>
   </div>
   <div class='ocr_carea' id='block_1_72' title="bbox 2091 3161 3653 3234">
    <p class='ocr_par' dir='ltr' id='par_1_72' title="bbox 2091 3161 3653 3234">
     <span class='ocr_line' id='line_1_72' title="bbox 2091 3161 3653 3234; baseline -0.005 -18"><span class='ocrx_word' id='word_1_537' title='bbox 2091 3165 2282 3227; x_wconf 74' lang='grc' dir='ltr'>σκείαις</span> <span class='ocrx_word' id='word_1_538' title='bbox 2343 3161 2753 3234; x_wconf 82' lang='grc' dir='ltr'>καθοσιώσειῆ</span> <span class='ocrx_word' id='word_1_539' title='bbox 2821 3162 2908 3215; x_wconf 81' lang='grc' dir='ltr'><strong>διὰ</strong></span> <span class='ocrx_word' id='word_1_540' title='bbox 2977 3161 3208 3230; x_wconf 74' lang='grc' dir='ltr'>ζήτησιν</span> <span class='ocrx_word' id='word_1_541' title='bbox 3264 3161 3505 3220; x_wconf 79' lang='grc' dir='ltr'>πὶστεως</span> <span class='ocrx_word' id='word_1_542' title='bbox 3557 3161 3653 3209; x_wconf 67' lang='grc' dir='ltr'>καὶ</span> 
     </span>
    </p>
   </div>
   <div class='ocr_carea' id='block_1_73' title="bbox 2088 3250 3648 3327">
    <p class='ocr_par' dir='ltr' id='par_1_73' title="bbox 2088 3250 3648 3327">
     <span class='ocr_line' id='line_1_73' title="bbox 2088 3250 3648 3327; baseline -0.006 -16"><span class='ocrx_word' id='word_1_543' title='bbox 2088 3259 2235 3319; x_wconf 85' lang='grc' dir='ltr'>ὅπως</span> <span class='ocrx_word' id='word_1_544' title='bbox 2275 3257 2380 3327; x_wconf 80' lang='grc' dir='ltr'><strong>χρὴ</strong></span> <span class='ocrx_word' id='word_1_545' title='bbox 2406 3257 2714 3326; x_wconf 78' lang='grc' dir='ltr'>λατρεύειν·</span> <span class='ocrx_word' id='word_1_546' title='bbox 2747 3254 3148 3325; x_wconf 76' lang='grc' dir='ltr'>θρησκείαιγάρ</span> <span class='ocrx_word' id='word_1_547' title='bbox 3194 3254 3226 3322; x_wconf 79' lang='grc' dir='ltr'>ἡ</span> <span class='ocrx_word' id='word_1_548' title='bbox 3267 3250 3648 3321; x_wconf 75' lang='grc' dir='ltr'>λατρείαέστίο</span> 
     </span>
    </p>
   </div>
   <div class='ocr_carea' id='block_1_74' title="bbox 2090 3343 3629 3419">
    <p class='ocr_par' dir='ltr' id='par_1_74' title="bbox 2090 3343 3629 3419">
     <span class='ocr_line' id='line_1_74' title="bbox 2090 3343 3629 3419; baseline -0.005 -16"><span class='ocrx_word' id='word_1_549' title='bbox 2090 3351 2186 3405; x_wconf 64' lang='grc' dir='ltr'>καὶ</span> <span class='ocrx_word' id='word_1_550' title='bbox 2222 3348 2470 3419; x_wconf 84' lang='grc' dir='ltr'>βούλοιτο</span> <span class='ocrx_word' id='word_1_551' title='bbox 2503 3348 2728 3402; x_wconf 82' lang='grc' dir='ltr'>πλείονα</span> <span class='ocrx_word' id='word_1_552' title='bbox 2757 3348 2952 3418; x_wconf 83' lang='grc' dir='ltr'>χρόνον</span> <span class='ocrx_word' id='word_1_553' title='bbox 2979 3346 3193 3413; x_wconf 79' lang='grc' dir='ltr'>διάγειν</span> <span class='ocrx_word' id='word_1_554' title='bbox 3230 3346 3368 3408; x_wconf 82' lang='grc' dir='ltr'>ἐκεῖ,</span> <span class='ocrx_word' id='word_1_555' title='bbox 3398 3349 3423 3398; x_wconf 84' lang='grc' dir='ltr'>ὁ</span> <span class='ocrx_word' id='word_1_556' title='bbox 3443 3344 3497 3397; x_wconf 78' lang='grc' dir='ltr'>δὲ</span> <span class='ocrx_word' id='word_1_557' title='bbox 3528 3343 3629 3410; x_wconf 73' lang='grc' dir='ltr'>τῆς</span> 
     </span>
    </p>
   </div>
   <div class='ocr_carea' id='block_1_75' title="bbox 2091 3434 3647 3510">
    <p class='ocr_par' dir='ltr' id='par_1_75' title="bbox 2091 3434 3647 3510">
     <span class='ocr_line' id='line_1_75' title="bbox 2091 3434 3647 3510; baseline -0.004 -18"><span class='ocrx_word' id='word_1_558' title='bbox 2091 3437 2277 3508; x_wconf 75' lang='grc' dir='ltr'>χώρας</span> <span class='ocrx_word' id='word_1_559' title='bbox 2315 3440 2533 3507; x_wconf 81' lang='grc' dir='ltr'>ἐκείνης</span> <span class='ocrx_word' id='word_1_560' title='bbox 2567 3439 2864 3502; x_wconf 77' lang='grc' dir='ltr'>ἐπίσκοπος</span> <span class='ocrx_word' id='word_1_561' title='bbox 2915 3437 2988 3506; x_wconf 80' lang='grc' dir='ltr'>μὴ</span> <span class='ocrx_word' id='word_1_562' title='bbox 3117 3437 3322 3505; x_wconf 81' lang='grc' dir='ltr'>λόγιος,</span> <span class='ocrx_word' id='word_1_563' title='bbox 3383 3436 3520 3488; x_wconf 74' lang='grc' dir='ltr'>ὥστε</span> <span class='ocrx_word' id='word_1_564' title='bbox 3553 3434 3647 3487; x_wconf 87' lang='grc' dir='ltr'>δύ-</span> 
     </span>
    </p>
   </div>
   <div class='ocr_carea' id='block_1_76' title="bbox 2092 3529 3654 3600">
    <p class='ocr_par' dir='ltr' id='par_1_76' title="bbox 2092 3529 3654 3600">
     <span class='ocr_line' id='line_1_76' title="bbox 2092 3529 3654 3600; baseline -0.002 -17"><span class='ocrx_word' id='word_1_565' title='bbox 2092 3530 2284 3583; x_wconf 86' lang='grc' dir='ltr'>νασθαι</span> <span class='ocrx_word' id='word_1_566' title='bbox 2313 3530 2614 3593; x_wconf 82' lang='grc' dir='ltr'>διδάσκειν,</span> <span class='ocrx_word' id='word_1_567' title='bbox 2649 3529 2724 3600; x_wconf 73' lang='grc' dir='ltr'>μὴ</span> <span class='ocrx_word' id='word_1_568' title='bbox 2769 3529 3029 3598; x_wconf 80' lang='grc' dir='ltr'>ὁμιλείτω</span> <span class='ocrx_word' id='word_1_569' title='bbox 3054 3529 3315 3599; x_wconf 76' lang='grc' dir='ltr'>συνεχῶς,</span> <span class='ocrx_word' id='word_1_570' title='bbox 3376 3545 3654 3597; x_wconf 64' lang='grc' dir='ltr'>καταφρο-</span> 
     </span>
    </p>
   </div>
   <div class='ocr_carea' id='block_1_77' title="bbox 2096 3620 3656 3691">
    <p class='ocr_par' dir='ltr' id='par_1_77' title="bbox 2096 3620 3656 3691">
     <span class='ocr_line' id='line_1_77' title="bbox 2096 3620 3656 3691; baseline -0.002 -17"><span class='ocrx_word' id='word_1_571' title='bbox 2096 3621 2202 3674; x_wconf 84' lang='grc' dir='ltr'>νῶν</span> <span class='ocrx_word' id='word_1_572' title='bbox 2256 3620 2350 3674; x_wconf 84' lang='grc' dir='ltr'><strong>τοῦ</strong></span> <span class='ocrx_word' id='word_1_573' title='bbox 2401 3623 2502 3690; x_wconf 79' lang='grc' dir='ltr'>τῆς</span> <span class='ocrx_word' id='word_1_574' title='bbox 2548 3621 2733 3691; x_wconf 84' lang='grc' dir='ltr'>χώρας</span> <span class='ocrx_word' id='word_1_575' title='bbox 2767 3621 3095 3683; x_wconf 80' lang='grc' dir='ltr'>ἐπισκόπου,</span> <span class='ocrx_word' id='word_1_576' title='bbox 3152 3623 3248 3675; x_wconf 72' lang='grc' dir='ltr'>καὶ</span> <span class='ocrx_word' id='word_1_577' title='bbox 3283 3621 3656 3689; x_wconf 72' lang='grc' dir='ltr'>καταισχύνων</span> 
     </span>
    </p>
   </div>
   <div class='ocr_carea' id='block_1_78' title="bbox 2096 3710 3655 3784">
    <p class='ocr_par' dir='ltr' id='par_1_78' title="bbox 2096 3710 3655 3784">
     <span class='ocr_line' id='line_1_78' title="bbox 2096 3710 3655 3784; baseline -0.001 -20"><span class='ocrx_word' id='word_1_578' title='bbox 2096 3712 2255 3765; x_wconf 73' lang='grc' dir='ltr'>αὐτὸν</span> <span class='ocrx_word' id='word_1_579' title='bbox 2296 3711 2371 3773; x_wconf 86' lang='grc' dir='ltr'>ὼς</span> <span class='ocrx_word' id='word_1_580' title='bbox 2398 3710 2607 3780; x_wconf 84' lang='grc' dir='ltr'>ἀμαθῆ.</span> <span class='ocrx_word' id='word_1_581' title='bbox 2638 3711 2822 3764; x_wconf 79' lang='grc' dir='ltr'>Αίτιον</span> <span class='ocrx_word' id='word_1_582' title='bbox 2867 3714 2975 3782; x_wconf 77' lang='grc' dir='ltr'><strong>γὰρ</strong></span> <span class='ocrx_word' id='word_1_583' title='bbox 3001 3711 3162 3766; x_wconf 81' lang='grc' dir='ltr'>τοῦτο</span> <span class='ocrx_word' id='word_1_584' title='bbox 3194 3714 3462 3783; x_wconf 82' lang='grc' dir='ltr'>ταραχῆς,</span> <span class='ocrx_word' id='word_1_585' title='bbox 3490 3715 3524 3784; x_wconf 78' lang='grc' dir='ltr'>ἦ</span> <span class='ocrx_word' id='word_1_586' title='bbox 3568 3714 3655 3766; x_wconf 68' lang='grc' dir='ltr'>καὶ</span> 
     </span>
    </p>
   </div>
   <div class='ocr_carea' id='block_1_79' title="bbox 2098 3802 3658 3876">
    <p class='ocr_par' dir='ltr' id='par_1_79' title="bbox 2098 3802 3658 3876">
     <span class='ocr_line' id='line_1_79' title="bbox 2098 3802 3658 3876; baseline 0 -19"><span class='ocrx_word' id='word_1_587' title='bbox 2098 3802 2417 3873; x_wconf 80' lang='grc' dir='ltr'>πανούργως</span> <span class='ocrx_word' id='word_1_588' title='bbox 2443 3803 2759 3872; x_wconf 87' lang='grc' dir='ltr'>γινόμενον,</span> <span class='ocrx_word' id='word_1_589' title='bbox 2798 3804 2882 3857; x_wconf 79' lang='grc' dir='ltr'>ἵνα</span> <span class='ocrx_word' id='word_1_590' title='bbox 2923 3804 2998 3867; x_wconf 86' lang='grc' dir='ltr'>ὼς</span> <span class='ocrx_word' id='word_1_591' title='bbox 3033 3805 3218 3873; x_wconf 80' lang='grc' dir='ltr'>λόγιος</span> <span class='ocrx_word' id='word_1_592' title='bbox 3252 3807 3404 3876; x_wconf 75' lang='grc' dir='ltr'>παρὰ</span> <span class='ocrx_word' id='word_1_593' title='bbox 3437 3805 3534 3857; x_wconf 76' lang='grc' dir='ltr'>τοῦ</span> <span class='ocrx_word' id='word_1_594' title='bbox 3564 3809 3658 3874; x_wconf 63' lang='grc' dir='ltr'>τῆς</span> 
     </span>
    </p>
   </div>
   <div class='ocr_carea' id='block_1_80' title="bbox 2096 3893 3660 3967">
    <p class='ocr_par' dir='ltr' id='par_1_80' title="bbox 2096 3893 3660 3967">
     <span class='ocr_line' id='line_1_80' title="bbox 2096 3893 3660 3967; baseline 0.003 -21"><span class='ocrx_word' id='word_1_595' title='bbox 2096 3893 2279 3966; x_wconf 82' lang='grc' dir='ltr'>χώρας</span> <span class='ocrx_word' id='word_1_596' title='bbox 2309 3896 2530 3965; x_wconf 77' lang='grc' dir='ltr'>ἐκείνης</span> <span class='ocrx_word' id='word_1_597' title='bbox 2573 3895 2706 3949; x_wconf 79' lang='grc' dir='ltr'>λαοῦ</span> <span class='ocrx_word' id='word_1_598' title='bbox 2767 3895 3083 3967; x_wconf 74' lang='grc' dir='ltr'>θαυμασθῇ,</span> <span class='ocrx_word' id='word_1_599' title='bbox 3124 3899 3218 3949; x_wconf 75' lang='grc' dir='ltr'>καὶ</span> <span class='ocrx_word' id='word_1_600' title='bbox 3275 3896 3660 3966; x_wconf 81' lang='grc' dir='ltr'>προμνηστεύ·</span> 
     </span>
    </p>
   </div>
   <div class='ocr_carea' id='block_1_81' title="bbox 2100 3987 3660 4060">
    <p class='ocr_par' dir='ltr' id='par_1_81' title="bbox 2100 3987 3660 4060">
     <span class='ocr_line' id='line_1_81' title="bbox 2100 3987 3660 4060; baseline 0.001 -20"><span class='ocrx_word' id='word_1_601' title='bbox 2100 3987 2382 4058; x_wconf 78' lang='grc' dir='ltr'>σηταιτὴν</span> <span class='ocrx_word' id='word_1_602' title='bbox 2420 3989 2518 4056; x_wconf 76' lang='grc' dir='ltr'>τῆς</span> <span class='ocrx_word' id='word_1_603' title='bbox 2546 3988 2753 4050; x_wconf 82' lang='grc' dir='ltr'>πόλεως</span> <span class='ocrx_word' id='word_1_604' title='bbox 2785 3989 3004 4056; x_wconf 77' lang='grc' dir='ltr'>ἐκείνης</span> <span class='ocrx_word' id='word_1_605' title='bbox 3037 3989 3327 4060; x_wconf 80' lang='grc' dir='ltr'>καθέδραν,</span> <span class='ocrx_word' id='word_1_606' title='bbox 3349 3991 3442 4042; x_wconf 77' lang='grc' dir='ltr'>καὶ</span> <span class='ocrx_word' id='word_1_607' title='bbox 3473 3989 3660 4041; x_wconf 83' lang='grc' dir='ltr'>ἐντεῦ-</span> 
     </span>
    </p>
   </div>
   <div class='ocr_carea' id='block_1_82' title="bbox 449 4063 1999 4149">
    <p class='ocr_par' dir='ltr' id='par_1_82' title="bbox 449 4063 1999 4131">
     <span class='ocr_line' id='line_1_82' title="bbox 449 4063 1999 4131; baseline 0.005 -15"><span class='ocrx_word' id='word_1_608' title='bbox 449 4063 594 4116; x_wconf 91' lang='lat' dir='ltr'><strong>tione</strong></span> <span class='ocrx_word' id='word_1_609' title='bbox 635 4063 956 4130; x_wconf 62' lang='lat' dir='ltr'><strong>eloquentiae</strong></span> <span class='ocrx_word' id='word_1_610' title='bbox 1005 4067 1385 4131; x_wconf 89' lang='lat' dir='ltr'><strong>commendet,</strong></span> <span class='ocrx_word' id='word_1_611' title='bbox 1433 4081 1497 4120; x_wconf 86' lang='lat' dir='ltr'><strong>ac</strong></span> <span class='ocrx_word' id='word_1_612' title='bbox 1538 4068 1638 4122; x_wconf 90' lang='lat' dir='ltr'><strong>sibi</strong></span> <span class='ocrx_word' id='word_1_613' title='bbox 1697 4070 1999 4123; x_wconf 70' lang='lat' dir='ltr'><strong>cathedram</strong></span> 
     </span>
    </p>
   </div>
   <div class='ocr_carea' id='block_1_83' title="bbox 2096 4063 3658 4149">
    <p class='ocr_par' dir='ltr' id='par_1_83' title="bbox 2099 4077 3658 4149">
     <span class='ocr_line' id='line_1_83' title="bbox 2099 4077 3658 4149; baseline -0.001 -17"><span class='ocrx_word' id='word_1_614' title='bbox 2099 4078 2190 4132; x_wconf 82' lang='grc' dir='ltr'><strong>θεν</strong></span> <span class='ocrx_word' id='word_1_615' title='bbox 2211 4079 2272 4131; x_wconf 86' lang='grc' dir='ltr'><strong>ού</strong></span> <span class='ocrx_word' id='word_1_616' title='bbox 2300 4078 2530 4149; x_wconf 79' lang='grc' dir='ltr'>διστάσῃ</span> <span class='ocrx_word' id='word_1_617' title='bbox 2551 4079 2871 4131; x_wconf 87' lang='grc' dir='ltr'>καταλιπεῖν</span> <span class='ocrx_word' id='word_1_618' title='bbox 2896 4079 2998 4144; x_wconf 84' lang='grc' dir='ltr'>τὴν</span> <span class='ocrx_word' id='word_1_619' title='bbox 3027 4079 3193 4131; x_wconf 81' lang='grc' dir='ltr'>αὑτοῦ</span> <span class='ocrx_word' id='word_1_620' title='bbox 3213 4077 3536 4144; x_wconf 75' lang='grc' dir='ltr'>ἐκκλησίαν,</span> <span class='ocrx_word' id='word_1_621' title='bbox 3561 4077 3658 4132; x_wconf 71' lang='grc' dir='ltr'>καὶ</span> 
     </span>
    </p>
   </div>
   <div class='ocr_carea' id='block_1_84' title="bbox 448 4154 1999 4239">
    <p class='ocr_par' dir='ltr' id='par_1_84' title="bbox 448 4154 1999 4229">
     <span class='ocr_line' id='line_1_84' title="bbox 448 4154 1999 4229; baseline 0.006 -23"><span class='ocrx_word' id='word_1_622' title='bbox 448 4154 688 4224; x_wconf 84' lang='lat' dir='ltr'><strong>ejusdem</strong></span> <span class='ocrx_word' id='word_1_623' title='bbox 737 4155 884 4208; x_wconf 87' lang='lat' dir='ltr'><strong>urbis</strong></span> <span class='ocrx_word' id='word_1_624' title='bbox 927 4154 1293 4223; x_wconf 85' lang='lat' dir='ltr'><strong>despondeat;</strong></span> <span class='ocrx_word' id='word_1_625' title='bbox 1343 4173 1412 4212; x_wconf 78' lang='lat' dir='ltr'><strong>ex</strong></span> <span class='ocrx_word' id='word_1_626' title='bbox 1449 4174 1557 4228; x_wconf 89' lang='lat' dir='ltr'><strong>quo</strong></span> <span class='ocrx_word' id='word_1_627' title='bbox 1608 4170 1862 4229; x_wconf 73' lang='lat' dir='ltr'><strong>prazterea</strong></span> <span class='ocrx_word' id='word_1_628' title='bbox 1903 4178 1999 4215; x_wconf 86' lang='lat' dir='ltr'><strong>non</strong></span> 
     </span>
    </p>
   </div>
   <div class='ocr_carea' id='block_1_85' title="bbox 2096 4154 3658 4239">
    <p class='ocr_par' dir='ltr' id='par_1_85' title="bbox 2099 4169 3658 4239">
     <span class='ocr_line' id='line_1_85' title="bbox 2099 4169 3658 4239; baseline -0.001 -18"><span class='ocrx_word' id='word_1_629' title='bbox 2099 4171 2179 4232; x_wconf 81' lang='grc' dir='ltr'><strong>εἰς</strong></span> <span class='ocrx_word' id='word_1_630' title='bbox 2207 4169 2404 4239; x_wconf 76' lang='grc' dir='ltr'>ἑτέραν</span> <span class='ocrx_word' id='word_1_631' title='bbox 2432 4169 2817 4239; x_wconf 83' lang='grc' dir='ltr'>μεθίστασθαι,</span> <span class='ocrx_word' id='word_1_632' title='bbox 2873 4171 2962 4222; x_wconf 84' lang='grc' dir='ltr'>Δεῖ</span> <span class='ocrx_word' id='word_1_633' title='bbox 3000 4170 3191 4222; x_wconf 77' lang='grc' dir='ltr'>τοίνυν</span> <span class='ocrx_word' id='word_1_634' title='bbox 3221 4169 3401 4239; x_wconf 82' lang='grc' dir='ltr'>ὁρίσαι</span> <span class='ocrx_word' id='word_1_635' title='bbox 3439 4170 3658 4238; x_wconf 81' lang='grc' dir='ltr'>χρόνον,</span> 
     </span>
    </p>
   </div>
   <div class='ocr_carea' id='block_1_86' title="bbox 448 4237 1999 4332">
    <p class='ocr_par' dir='ltr' id='par_1_86' title="bbox 448 4237 1999 4320">
     <span class='ocr_line' id='line_1_86' title="bbox 448 4237 1999 4320; baseline 0.005 -21"><span class='ocrx_word' id='word_1_636' title='bbox 448 4237 662 4299; x_wconf 81' lang='lat' dir='ltr'><strong>dtibitet</strong></span> <span class='ocrx_word' id='word_1_637' title='bbox 699 4247 958 4301; x_wconf 88' lang='lat' dir='ltr'><strong>creditam</strong></span> <span class='ocrx_word' id='word_1_638' title='bbox 1003 4247 1104 4302; x_wconf 89' lang='lat' dir='ltr'><strong>sibi</strong></span> <span class='ocrx_word' id='word_1_639' title='bbox 1147 4249 1431 4303; x_wconf 90' lang='lat' dir='ltr'><strong>ecclesiam</strong></span> <span class='ocrx_word' id='word_1_640' title='bbox 1483 4251 1808 4320; x_wconf 89' lang='lat' dir='ltr'><strong>relinquere,</strong></span> <span class='ocrx_word' id='word_1_641' title='bbox 1845 4263 1899 4306; x_wconf 89' lang='lat' dir='ltr'><strong>et</strong></span> <span class='ocrx_word' id='word_1_642' title='bbox 1951 4253 1999 4307; x_wconf 91' lang='lat' dir='ltr'><strong>in</strong></span> 
     </span>
    </p>
   </div>
   <div class='ocr_carea' id='block_1_87' title="bbox 2096 4237 3666 4332">
    <p class='ocr_par' dir='ltr' id='par_1_87' title="bbox 2103 4237 3666 4332">
     <span class='ocr_line' id='line_1_87' title="bbox 2103 4237 3666 4332; baseline -0.003 -18"><span class='ocrx_word' id='word_1_643' title='bbox 2103 4260 2226 4314; x_wconf 76' lang='grc' dir='ltr'>ὅσον</span> <span class='ocrx_word' id='word_1_644' title='bbox 2251 4237 2456 4329; x_wconf 53' lang='grc' dir='ltr'>ὀφείλει</span> <span class='ocrx_word' id='word_1_645' title='bbox 2491 4263 2668 4314; x_wconf 84' lang='grc' dir='ltr'>ποιεῖν</span> <span class='ocrx_word' id='word_1_646' title='bbox 2719 4261 3017 4323; x_wconf 75' lang='grc' dir='ltr'>ἐπίσκοπος</span> <span class='ocrx_word' id='word_1_647' title='bbox 3065 4263 3148 4325; x_wconf 84' lang='grc' dir='ltr'>εἰς</span> <span class='ocrx_word' id='word_1_648' title='bbox 3203 4237 3388 4332; x_wconf 72' lang='grc' dir='ltr'>χώραν</span> <span class='ocrx_word' id='word_1_649' title='bbox 3429 4237 3666 4329; x_wconf 54' lang='lat' dir='ltr'><strong>seen»</strong></span> 
     </span>
    </p>
   </div>
   <div class='ocr_carea' id='block_1_88' title="bbox 448 4332 1999 4426">
    <p class='ocr_par' dir='ltr' id='par_1_88' title="bbox 448 4336 1997 4413">
     <span class='ocr_line' id='line_1_88' title="bbox 448 4336 1997 4413; baseline 0.006 -24"><span class='ocrx_word' id='word_1_650' title='bbox 448 4338 606 4390; x_wconf 84' lang='lat' dir='ltr'><strong>aliam</strong></span> <span class='ocrx_word' id='word_1_651' title='bbox 642 4339 893 4394; x_wconf 89' lang='lat' dir='ltr'><strong>transire.</strong></span> <span class='ocrx_word' id='word_1_652' title='bbox 921 4336 1156 4409; x_wconf 88' lang='lat' dir='ltr'><strong>Tempus</strong></span> <span class='ocrx_word' id='word_1_653' title='bbox 1187 4339 1370 4409; x_wconf 84' lang='lat' dir='ltr'><strong>igitur,</strong></span> <span class='ocrx_word' id='word_1_654' title='bbox 1401 4357 1508 4411; x_wconf 84' lang='lat' dir='ltr'><strong>quo</strong></span> <span class='ocrx_word' id='word_1_655' title='bbox 1537 4344 1792 4413; x_wconf 89' lang='lat' dir='ltr'><strong>episcopo</strong></span> <span class='ocrx_word' id='word_1_656' title='bbox 1818 4346 1868 4396; x_wconf 91' lang='lat' dir='ltr'><strong>in</strong></span> <span class='ocrx_word' id='word_1_657' title='bbox 1895 4345 1997 4399; x_wconf 89' lang='lat' dir='ltr'><strong>alia</strong></span> 
     </span>
    </p>
   </div>
   <div class='ocr_carea' id='block_1_89' title="bbox 2096 4332 3668 4426">
    <p class='ocr_par' dir='ltr' id='par_1_89' title="bbox 2107 4346 3668 4426">
     <span class='ocr_line' id='line_1_89' title="bbox 2107 4346 3668 4426; baseline -0.003 -20"><span class='ocrx_word' id='word_1_658' title='bbox 2107 4351 2378 4416; x_wconf 81' lang='grc' dir='ltr'>ἀπελθὼν,</span> <span class='ocrx_word' id='word_1_659' title='bbox 2407 4355 2464 4405; x_wconf 87' lang='grc' dir='ltr'><strong>ἐν</strong></span> <span class='ocrx_word' id='word_1_660' title='bbox 2557 4351 3058 4415; x_wconf 73' lang='grc' dir='ltr'>ἐστιν’ὲπίσκοτιος·</span> <span class='ocrx_word' id='word_1_661' title='bbox 3102 4352 3197 4404; x_wconf 79' lang='grc' dir='ltr'>καὶ</span> <span class='ocrx_word' id='word_1_662' title='bbox 3232 4351 3342 4420; x_wconf 76' lang='grc' dir='ltr'>γὰρ</span> <span class='ocrx_word' id='word_1_663' title='bbox 3377 4352 3476 4406; x_wconf 72' lang='grc' dir='ltr'>καὶ</span> <span class='ocrx_word' id='word_1_664' title='bbox 3507 4352 3570 4403; x_wconf 76' lang='grc' dir='ltr'>τὸ</span> <span class='ocrx_word' id='word_1_665' title='bbox 3591 4351 3668 4419; x_wconf 79' lang='grc' dir='ltr'>μὴ</span> 
     </span>
    </p>
   </div>
   <div class='ocr_carea' id='block_1_90' title="bbox 449 4428 1999 4515">
    <p class='ocr_par' dir='ltr' id='par_1_90' title="bbox 449 4428 1999 4500">
     <span class='ocr_line' id='line_1_90' title="bbox 449 4428 1999 4500; baseline 0.008 -21"><span class='ocrx_word' id='word_1_666' title='bbox 449 4428 584 4482; x_wconf 87' lang='lat' dir='ltr'><strong>urbe</strong></span> <span class='ocrx_word' id='word_1_667' title='bbox 633 4438 729 4482; x_wconf 87' lang='lat' dir='ltr'><strong>aut</strong></span> <span class='ocrx_word' id='word_1_668' title='bbox 752 4432 970 4500; x_wconf 83' lang='lat' dir='ltr'><strong>regione</strong></span> <span class='ocrx_word' id='word_1_669' title='bbox 1000 4447 1154 4484; x_wconf 89' lang='lat' dir='ltr'><strong>suum</strong></span> <span class='ocrx_word' id='word_1_670' title='bbox 1184 4433 1494 4500; x_wconf 87' lang='lat' dir='ltr'><strong>episcopum</strong></span> <span class='ocrx_word' id='word_1_671' title='bbox 1527 4434 1760 4490; x_wconf 83' lang='lat' dir='ltr'><strong>habente</strong></span> <span class='ocrx_word' id='word_1_672' title='bbox 1798 4438 1999 4491; x_wconf 87' lang='lat' dir='ltr'><strong>morari</strong></span> 
     </span>
    </p>
   </div>
   <div class='ocr_carea' id='block_1_91' title="bbox 2096 4428 3670 4515">
    <p class='ocr_par' dir='ltr' id='par_1_91' title="bbox 2101 4443 3670 4515">
     <span class='ocr_line' id='line_1_91' title="bbox 2101 4443 3670 4515; baseline -0.001 -19"><span class='ocrx_word' id='word_1_673' title='bbox 2101 4443 2456 4515; x_wconf 76' lang='grc' dir='ltr'>ὑποδέχεσθαι</span> <span class='ocrx_word' id='word_1_674' title='bbox 2519 4444 2669 4513; x_wconf 79' lang='grc' dir='ltr'>παρὰ</span> <span class='ocrx_word' id='word_1_675' title='bbox 2734 4444 3035 4497; x_wconf 81' lang='grc' dir='ltr'>ἐπισκόπου</span> <span class='ocrx_word' id='word_1_676' title='bbox 3108 4443 3201 4497; x_wconf 75' lang='grc' dir='ltr'>τὸν</span> <span class='ocrx_word' id='word_1_677' title='bbox 3265 4443 3670 4498; x_wconf 81' lang='grc' dir='ltr'>συνεπίσκοπον</span> 
     </span>
    </p>
   </div>
   <div class='ocr_carea' id='block_1_92' title="bbox 447 4518 1999 4606">
    <p class='ocr_par' dir='ltr' id='par_1_92' title="bbox 447 4518 1999 4596">
     <span class='ocr_line' id='line_1_92' title="bbox 447 4518 1999 4596; baseline 0.006 -24"><span class='ocrx_word' id='word_1_678' title='bbox 447 4518 628 4586; x_wconf 88' lang='lat' dir='ltr'><strong>liceat,</strong></span> <span class='ocrx_word' id='word_1_679' title='bbox 657 4522 925 4587; x_wconf 65' lang='lat' dir='ltr'><strong>praefinire</strong></span> <span class='ocrx_word' id='word_1_680' title='bbox 953 4533 1186 4591; x_wconf 89' lang='lat' dir='ltr'><strong>oportet.</strong></span> <span class='ocrx_word' id='word_1_681' title='bbox 1228 4523 1360 4577; x_wconf 84' lang='lat' dir='ltr'><strong>Nam</strong></span> <span class='ocrx_word' id='word_1_682' title='bbox 1404 4524 1472 4578; x_wconf 84' lang='lat' dir='ltr'><strong>ab</strong></span> <span class='ocrx_word' id='word_1_683' title='bbox 1516 4527 1768 4596; x_wconf 86' lang='lat' dir='ltr'><strong>episcopo</strong></span> <span class='ocrx_word' id='word_1_684' title='bbox 1793 4528 1999 4595; x_wconf 85' lang='lat' dir='ltr'><strong>episco-</strong></span> 
     </span>
    </p>
   </div>
   <div class='ocr_carea' id='block_1_93' title="bbox 2096 4518 3666 4606">
    <p class='ocr_par' dir='ltr' id='par_1_93' title="bbox 2102 4531 3666 4606">
     <span class='ocr_line' id='line_1_93' title="bbox 2102 4531 3666 4606; baseline -0.001 -18"><span class='ocrx_word' id='word_1_685' title='bbox 2102 4534 2466 4604; x_wconf 75' lang='grc' dir='ltr'>ἀπάνθρωπον</span> <span class='ocrx_word' id='word_1_686' title='bbox 2526 4536 2665 4594; x_wconf 84' lang='grc' dir='ltr'>ἐστι,</span> <span class='ocrx_word' id='word_1_687' title='bbox 2694 4535 2918 4604; x_wconf 81' lang='grc' dir='ltr'>φαῦλον,</span> <span class='ocrx_word' id='word_1_688' title='bbox 2991 4535 3252 4605; x_wconf 82' lang='grc' dir='ltr'>πονηρόν.</span> <span class='ocrx_word' id='word_1_689' title='bbox 3295 4535 3518 4606; x_wconf 81' lang='grc' dir='ltr'>Ἐπειδὴ</span> <span class='ocrx_word' id='word_1_690' title='bbox 3547 4531 3666 4601; x_wconf 75' lang='grc' dir='ltr'>οὖν,</span> 
     </span>
    </p>
   </div>
   <div class='ocr_carea' id='block_1_94' title="bbox 450 4615 1999 4702">
    <p class='ocr_par' dir='ltr' id='par_1_94' title="bbox 450 4615 1992 4702">
     <span class='ocr_line' id='line_1_94' title="bbox 450 4615 1992 4702; baseline 0.003 -36"><span class='ocrx_word' id='word_1_691' title='bbox 450 4628 578 4683; x_wconf 88' lang='lat' dir='ltr'><strong>pttm</strong></span> <span class='ocrx_word' id='word_1_692' title='bbox 616 4629 721 4667; x_wconf 92' lang='lat' dir='ltr'><strong>non</strong></span> <span class='ocrx_word' id='word_1_693' title='bbox 747 4615 954 4702; x_wconf 81' lang='lat' dir='ltr'><strong>admitti</strong></span> <span class='ocrx_word' id='word_1_694' title='bbox 979 4655 993 4678; x_wconf 94' lang='lat'><strong>,</strong></span> <span class='ocrx_word' id='word_1_695' title='bbox 1021 4617 1274 4684; x_wconf 85' lang='lat' dir='ltr'><strong>quiddam</strong></span> <span class='ocrx_word' id='word_1_696' title='bbox 1305 4618 1740 4686; x_wconf 80' lang='lat' dir='ltr'><strong>estinurbanum,</strong></span> <span class='ocrx_word' id='word_1_697' title='bbox 1765 4620 1992 4690; x_wconf 79' lang='lat' dir='ltr'><strong>ittjttrio-</strong></span> 
     </span>
    </p>
   </div>
   <div class='ocr_carea' id='block_1_95' title="bbox 2096 4615 3668 4702">
    <p class='ocr_par' dir='ltr' id='par_1_95' title="bbox 2103 4628 3668 4700">
     <span class='ocr_line' id='line_1_95' title="bbox 2103 4628 3668 4700; baseline 0.003 -23"><span class='ocrx_word' id='word_1_698' title='bbox 2103 4628 2290 4696; x_wconf 79' lang='grc' dir='ltr'>φησὶν,</span> <span class='ocrx_word' id='word_1_699' title='bbox 2313 4629 2360 4681; x_wconf 79' lang='grc' dir='ltr'>οἱ</span> <span class='ocrx_word' id='word_1_700' title='bbox 2397 4628 2639 4697; x_wconf 79' lang='grc' dir='ltr'>Πατέρες</span> <span class='ocrx_word' id='word_1_701' title='bbox 2660 4628 2837 4698; x_wconf 79' lang='grc' dir='ltr'>ἡμῶν,</span> <span class='ocrx_word' id='word_1_702' title='bbox 2873 4629 2923 4681; x_wconf 78' lang='lat' dir='ltr'><strong>oi</strong></span> <span class='ocrx_word' id='word_1_703' title='bbox 2945 4631 3044 4699; x_wconf 80' lang='grc' dir='ltr'>τῆς</span> <span class='ocrx_word' id='word_1_704' title='bbox 3079 4633 3136 4682; x_wconf 81' lang='grc' dir='ltr'><strong>ἐν</strong></span> <span class='ocrx_word' id='word_1_705' title='bbox 3166 4630 3246 4698; x_wconf 81' lang='grc' dir='ltr'>τῷ</span> <span class='ocrx_word' id='word_1_706' title='bbox 3284 4628 3542 4700; x_wconf 78' lang='grc' dir='ltr'>Τρούλλῳ</span> <span class='ocrx_word' id='word_1_707' title='bbox 3563 4631 3668 4699; x_wconf 79' lang='grc' dir='ltr'>τῆς</span> 
     </span>
    </p>
   </div>
   <div class='ocr_carea' id='block_1_96' title="bbox 449 4709 1999 4790">
    <p class='ocr_par' dir='ltr' id='par_1_96' title="bbox 449 4709 1999 4784">
     <span class='ocr_line' id='line_1_96' title="bbox 449 4709 1999 4784; baseline 0.003 -22"><span class='ocrx_word' id='word_1_708' title='bbox 449 4723 566 4762; x_wconf 91' lang='lat' dir='ltr'><strong>sum</strong></span> <span class='ocrx_word' id='word_1_709' title='bbox 584 4719 636 4761; x_wconf 89' lang='lat' dir='ltr'><strong>et</strong></span> <span class='ocrx_word' id='word_1_710' title='bbox 655 4710 817 4762; x_wconf 84' lang='lat' dir='ltr'><strong>etiam</strong></span> <span class='ocrx_word' id='word_1_711' title='bbox 841 4709 1061 4763; x_wconf 88' lang='lat' dir='ltr'><strong>malum.</strong></span> <span class='ocrx_word' id='word_1_712' title='bbox 1079 4709 1244 4781; x_wconf 54' lang='lat'><strong>599</strong></span> <span class='ocrx_word' id='word_1_713' title='bbox 1265 4710 1396 4764; x_wconf 87' lang='lat' dir='ltr'><strong>Cum</strong></span> <span class='ocrx_word' id='word_1_714' title='bbox 1430 4726 1559 4783; x_wconf 81' lang='lat' dir='ltr'><strong>ergo</strong></span> <span class='ocrx_word' id='word_1_715' title='bbox 1581 4713 1784 4779; x_wconf 84' lang='lat' dir='ltr'><strong>Patres,</strong></span> <span class='ocrx_word' id='word_1_716' title='bbox 1808 4714 1999 4784; x_wconf 74' lang='lat' dir='ltr'><strong>inquit,</strong></span> 
     </span>
    </p>
   </div>
   <div class='ocr_carea' id='block_1_97' title="bbox 2096 4709 3668 4790">
    <p class='ocr_par' dir='ltr' id='par_1_97' title="bbox 2101 4719 3668 4790">
     <span class='ocr_line' id='line_1_97' title="bbox 2101 4719 3668 4790; baseline 0.001 -19"><span class='ocrx_word' id='word_1_717' title='bbox 2101 4719 2404 4788; x_wconf 81' lang='grc' dir='ltr'>λεγομένης</span> <span class='ocrx_word' id='word_1_718' title='bbox 2435 4719 2600 4790; x_wconf 84' lang='grc' dir='ltr'>ἐκτης</span> <span class='ocrx_word' id='word_1_719' title='bbox 2626 4720 2842 4773; x_wconf 79' lang='grc' dir='ltr'>συνόδου</span> <span class='ocrx_word' id='word_1_720' title='bbox 2869 4720 3093 4790; x_wconf 78' lang='grc' dir='ltr'>δηλαδὴ,</span> <span class='ocrx_word' id='word_1_721' title='bbox 3125 4721 3351 4774; x_wconf 80' lang='grc' dir='ltr'>ἐκείνων</span> <span class='ocrx_word' id='word_1_722' title='bbox 3378 4720 3492 4790; x_wconf 79' lang='grc' dir='ltr'>γὰρ</span> <span class='ocrx_word' id='word_1_723' title='bbox 3513 4722 3668 4772; x_wconf 79' lang='grc' dir='ltr'>ἐστιν</span> 
     </span>
    </p>
   </div>
   <div class='ocr_carea' id='block_1_98' title="bbox 451 4796 1999 4882">
    <p class='ocr_par' dir='ltr' id='par_1_98' title="bbox 451 4796 1999 4872">
     <span class='ocr_line' id='line_1_98' title="bbox 451 4796 1999 4872; baseline 0.005 -21"><span class='ocrx_word' id='word_1_724' title='bbox 451 4799 618 4853; x_wconf 89' lang='lat' dir='ltr'><strong>nostri</strong></span> <span class='ocrx_word' id='word_1_725' title='bbox 643 4796 856 4870; x_wconf 81' lang='lat' dir='ltr'><strong>(synodi</strong></span> <span class='ocrx_word' id='word_1_726' title='bbox 883 4800 1136 4854; x_wconf 88' lang='lat' dir='ltr'><strong>nimirum</strong></span> <span class='ocrx_word' id='word_1_727' title='bbox 1164 4802 1216 4854; x_wconf 90' lang='lat' dir='ltr'><strong>in</strong></span> <span class='ocrx_word' id='word_1_728' title='bbox 1238 4801 1442 4866; x_wconf 85' lang='lat' dir='ltr'><strong>Trullo,</strong></span> <span class='ocrx_word' id='word_1_729' title='bbox 1467 4819 1586 4872; x_wconf 72' lang='lat' dir='ltr'><strong>qua:</strong></span> <span class='ocrx_word' id='word_1_730' title='bbox 1603 4815 1754 4858; x_wconf 79' lang='lat' dir='ltr'><strong>sexta</strong></span> <span class='ocrx_word' id='word_1_731' title='bbox 1779 4805 1999 4870; x_wconf 88' lang='lat' dir='ltr'><strong>dicitur,</strong></span> 
     </span>
    </p>
   </div>
   <div class='ocr_carea' id='block_1_99' title="bbox 2096 4796 3671 4882">
    <p class='ocr_par' dir='ltr' id='par_1_99' title="bbox 2103 4811 3671 4882">
     <span class='ocr_line' id='line_1_99' title="bbox 2103 4811 3671 4882; baseline 0.001 -17"><span class='ocrx_word' id='word_1_732' title='bbox 2103 4813 2131 4864; x_wconf 89' lang='grc' dir='ltr'>ὀ</span> <span class='ocrx_word' id='word_1_733' title='bbox 2159 4813 2336 4865; x_wconf 82' lang='grc' dir='ltr'>κανὼν</span> <span class='ocrx_word' id='word_1_734' title='bbox 2366 4819 2439 4877; x_wconf 81' lang='grc' dir='ltr'>π’,</span> <span class='ocrx_word' id='word_1_735' title='bbox 2487 4811 2733 4882; x_wconf 69' lang='grc' dir='ltr'>ἔκριναν,</span> <span class='ocrx_word' id='word_1_736' title='bbox 2768 4815 2874 4878; x_wconf 82' lang='grc' dir='ltr'>ῖνσ,</span> <span class='ocrx_word' id='word_1_737' title='bbox 2921 4813 2972 4868; x_wconf 82' lang='grc' dir='ltr'><strong>εί</strong></span> <span class='ocrx_word' id='word_1_738' title='bbox 3022 4829 3106 4873; x_wconf 86' lang='grc' dir='ltr'><strong>τις</strong></span> <span class='ocrx_word' id='word_1_739' title='bbox 3150 4813 3337 4876; x_wconf 72' lang='grc' dir='ltr'>λαῖκὸς</span> <span class='ocrx_word' id='word_1_740' title='bbox 3395 4813 3454 4865; x_wconf 89' lang='grc' dir='ltr'><strong>ἐν</strong></span> <span class='ocrx_word' id='word_1_741' title='bbox 3507 4814 3671 4866; x_wconf 73' lang='grc' dir='ltr'>πόλει</span> 
     </span>
    </p>
   </div>
   <div class='ocr_carea' id='block_1_100' title="bbox 449 4889 1999 4975">
    <p class='ocr_par' dir='ltr' id='par_1_100' title="bbox 449 4889 1999 4968">
     <span class='ocr_line' id='line_1_100' title="bbox 449 4889 1999 4968; baseline 0.006 -23"><span class='ocrx_word' id='word_1_742' title='bbox 449 4892 676 4946; x_wconf 84' lang='lat' dir='ltr'><strong>ihienim</strong></span> <span class='ocrx_word' id='word_1_743' title='bbox 708 4892 1034 4962; x_wconf 76' lang='lat' dir='ltr'><strong>octogesimo</strong></span> <span class='ocrx_word' id='word_1_744' title='bbox 1055 4902 1536 4949; x_wconf 89' lang='lat' dir='ltr'><strong>canonestatntum</strong></span> <span class='ocrx_word' id='word_1_745' title='bbox 1565 4896 1613 4950; x_wconf 89' lang='lat' dir='ltr'><strong>id</strong></span> <span class='ocrx_word' id='word_1_746' title='bbox 1645 4889 1790 4967; x_wconf 81' lang='lat' dir='ltr'><strong>fuit),</strong></span> <span class='ocrx_word' id='word_1_747' title='bbox 1817 4897 1858 4953; x_wconf 88' lang='lat' dir='ltr'><strong>si</strong></span> <span class='ocrx_word' id='word_1_748' title='bbox 1883 4900 1999 4968; x_wconf 78' lang='lat' dir='ltr'><strong>quis</strong></span> 
     </span>
    </p>
   </div>
   <div class='ocr_carea' id='block_1_101' title="bbox 2096 4889 3668 4975">
    <p class='ocr_par' dir='ltr' id='par_1_101' title="bbox 2102 4901 3668 4975">
     <span class='ocr_line' id='line_1_101' title="bbox 2102 4901 3668 4975; baseline 0.002 -21"><span class='ocrx_word' id='word_1_749' title='bbox 2102 4901 2303 4969; x_wconf 76' lang='grc' dir='ltr'>διάγων</span> <span class='ocrx_word' id='word_1_750' title='bbox 2347 4902 2442 4955; x_wconf 79' lang='grc' dir='ltr'>ἐπὶ</span> <span class='ocrx_word' id='word_1_751' title='bbox 2467 4905 2614 4973; x_wconf 82' lang='grc' dir='ltr'>τρεῖς</span> <span class='ocrx_word' id='word_1_752' title='bbox 2667 4903 2970 4974; x_wconf 76' lang='grc' dir='ltr'>ἑϐδομάδας</span> <span class='ocrx_word' id='word_1_753' title='bbox 3024 4907 3100 4975; x_wconf 82' lang='grc' dir='ltr'>μὴ</span> <span class='ocrx_word' id='word_1_754' title='bbox 3138 4905 3455 4975; x_wconf 83' lang='grc' dir='ltr'>συνέρχοιτο</span> <span class='ocrx_word' id='word_1_755' title='bbox 3485 4905 3547 4956; x_wconf 84' lang='grc' dir='ltr'><strong>ἐν</strong></span> <span class='ocrx_word' id='word_1_756' title='bbox 3597 4909 3668 4974; x_wconf 64' lang='grc' dir='ltr'>τῇ</span> 
     </span>
    </p>
   </div>
   <div class='ocr_carea' id='block_1_102' title="bbox 448 4983 1999 5065">
    <p class='ocr_par' dir='ltr' id='par_1_102' title="bbox 448 4983 1999 5058">
     <span class='ocr_line' id='line_1_102' title="bbox 448 4983 1999 5058; baseline 0.004 -20"><span class='ocrx_word' id='word_1_757' title='bbox 448 4984 619 5039; x_wconf 74' lang='lat' dir='ltr'><strong>laicus</strong></span> <span class='ocrx_word' id='word_1_758' title='bbox 661 4985 714 5036; x_wconf 90' lang='lat' dir='ltr'><strong>in</strong></span> <span class='ocrx_word' id='word_1_759' title='bbox 739 4983 870 5038; x_wconf 89' lang='lat' dir='ltr'><strong>urbe</strong></span> <span class='ocrx_word' id='word_1_760' title='bbox 910 4999 1076 5052; x_wconf 79' lang='lat' dir='ltr'><strong>agens</strong></span> <span class='ocrx_word' id='word_1_761' title='bbox 1124 4985 1280 5040; x_wconf 89' lang='lat' dir='ltr'><strong>trium</strong></span> <span class='ocrx_word' id='word_1_762' title='bbox 1331 4987 1781 5043; x_wconf 85' lang='lat' dir='ltr'><strong>hebdomadarum</strong></span> <span class='ocrx_word' id='word_1_763' title='bbox 1829 4992 1999 5058; x_wconf 77' lang='lat' dir='ltr'><strong>spatio</strong></span> 
     </span>
    </p>
   </div>
   <div class='ocr_carea' id='block_1_103' title="bbox 2096 4983 3672 5065">
    <p class='ocr_par' dir='ltr' id='par_1_103' title="bbox 2104 4993 3672 5065">
     <span class='ocr_line' id='line_1_103' title="bbox 2104 4993 3672 5065; baseline 0.001 -19"><span class='ocrx_word' id='word_1_764' title='bbox 2104 4993 2388 5065; x_wconf 69' lang='grc' dir='ltr'>ἐκκλησίᾳ,</span> <span class='ocrx_word' id='word_1_765' title='bbox 2448 4994 2760 5048; x_wconf 79' lang='grc' dir='ltr'>ἀποκινοῖτο</span> <span class='ocrx_word' id='word_1_766' title='bbox 2838 4999 2937 5064; x_wconf 85' lang='grc' dir='ltr'>τῆς</span> <span class='ocrx_word' id='word_1_767' title='bbox 2996 4997 3303 5059; x_wconf 84' lang='grc' dir='ltr'>κοινωνίας,</span> <span class='ocrx_word' id='word_1_768' title='bbox 3378 4995 3672 5048; x_wconf 80' lang='grc' dir='ltr'>τουτέστιν</span> 
     </span>
    </p>
   </div>
   <div class='ocr_carea' id='block_1_104' title="bbox 449 5074 1999 5158">
    <p class='ocr_par' dir='ltr' id='par_1_104' title="bbox 449 5074 1999 5140">
     <span class='ocr_line' id='line_1_104' title="bbox 449 5074 1999 5140; baseline 0.006 -14"><span class='ocrx_word' id='word_1_769' title='bbox 449 5075 501 5127; x_wconf 93' lang='lat' dir='ltr'><strong>in</strong></span> <span class='ocrx_word' id='word_1_770' title='bbox 567 5074 850 5130; x_wconf 80' lang='lat' dir='ltr'><strong>ecclesiam</strong></span> <span class='ocrx_word' id='word_1_771' title='bbox 913 5091 1015 5130; x_wconf 91' lang='lat' dir='ltr'><strong>nou</strong></span> <span class='ocrx_word' id='word_1_772' title='bbox 1063 5079 1406 5140; x_wconf 84' lang='lat' dir='ltr'><strong>convenerit,</strong></span> <span class='ocrx_word' id='word_1_773' title='bbox 1450 5095 1572 5133; x_wconf 87' lang='lat' dir='ltr'><strong>eum</strong></span> <span class='ocrx_word' id='word_1_774' title='bbox 1627 5082 1999 5136; x_wconf 79' lang='lat' dir='ltr'><strong>communione</strong></span> 
     </span>
    </p>
   </div>
   <div class='ocr_carea' id='block_1_105' title="bbox 2096 5074 3670 5158">
    <p class='ocr_par' dir='ltr' id='par_1_105' title="bbox 2103 5085 3670 5158">
     <span class='ocr_line' id='line_1_105' title="bbox 2103 5085 3670 5158; baseline -0.001 -20"><span class='ocrx_word' id='word_1_775' title='bbox 2103 5085 2415 5155; x_wconf 76' lang='grc' dir='ltr'>ἀφορίζοιτο</span> <span class='ocrx_word' id='word_1_776' title='bbox 2434 5101 2449 5116; x_wconf 88' lang='grc'><strong>·</strong></span> <span class='ocrx_word' id='word_1_777' title='bbox 2475 5087 2526 5139; x_wconf 82' lang='grc' dir='ltr'>εὶ</span> <span class='ocrx_word' id='word_1_778' title='bbox 2547 5086 2605 5138; x_wconf 80' lang='grc' dir='ltr'><strong>δέ</strong></span> <span class='ocrx_word' id='word_1_779' title='bbox 2633 5088 2762 5156; x_wconf 73' lang='grc' dir='ltr'>περὶ</span> <span class='ocrx_word' id='word_1_780' title='bbox 2807 5087 3013 5140; x_wconf 81' lang='grc' dir='ltr'>λαῖκῶν</span> <span class='ocrx_word' id='word_1_781' title='bbox 3037 5087 3214 5141; x_wconf 83' lang='grc' dir='ltr'>ταῦτα</span> <span class='ocrx_word' id='word_1_782' title='bbox 3252 5087 3499 5158; x_wconf 79' lang='grc' dir='ltr'>εἴρηται,</span> <span class='ocrx_word' id='word_1_783' title='bbox 3539 5085 3670 5138; x_wconf 67' lang='grc' dir='ltr'>οὔτε</span> 
     </span>
    </p>
   </div>
   <div class='ocr_carea' id='block_1_106' title="bbox 449 5167 1999 5249">
    <p class='ocr_par' dir='ltr' id='par_1_106' title="bbox 449 5167 1999 5239">
     <span class='ocr_line' id='line_1_106' title="bbox 449 5167 1999 5239; baseline 0.004 -18"><span class='ocrx_word' id='word_1_784' title='bbox 449 5168 803 5232; x_wconf 84' lang='lat' dir='ltr'><strong>movendum,</strong></span> <span class='ocrx_word' id='word_1_785' title='bbox 853 5167 955 5222; x_wconf 91' lang='lat' dir='ltr'><strong>hoc</strong></span> <span class='ocrx_word' id='word_1_786' title='bbox 992 5177 1095 5233; x_wconf 92' lang='lat' dir='ltr'><strong>est,</strong></span> <span class='ocrx_word' id='word_1_787' title='bbox 1132 5171 1522 5239; x_wconf 79' lang='lat' dir='ltr'><strong>segregandnm</strong></span> <span class='ocrx_word' id='word_1_788' title='bbox 1560 5186 1700 5237; x_wconf 88' lang='lat' dir='ltr'><strong>esse,</strong></span> <span class='ocrx_word' id='word_1_789' title='bbox 1747 5172 1999 5227; x_wconf 80' lang='lat' dir='ltr'><strong>decreve-</strong></span> 
     </span>
    </p>
   </div>
   <div class='ocr_carea' id='block_1_107' title="bbox 2096 5167 3670 5249">
    <p class='ocr_par' dir='ltr' id='par_1_107' title="bbox 2105 5177 3670 5249">
     <span class='ocr_line' id='line_1_107' title="bbox 2105 5177 3670 5249; baseline 0.001 -19"><span class='ocrx_word' id='word_1_790' title='bbox 2105 5178 2314 5248; x_wconf 78' lang='grc' dir='ltr'>πρέπον</span> <span class='ocrx_word' id='word_1_791' title='bbox 2336 5178 2504 5242; x_wconf 78' lang='grc' dir='ltr'>ἐστὶν,</span> <span class='ocrx_word' id='word_1_792' title='bbox 2531 5177 2656 5231; x_wconf 72' lang='grc' dir='ltr'>οὔτε</span> <span class='ocrx_word' id='word_1_793' title='bbox 2687 5181 2990 5249; x_wconf 79' lang='grc' dir='ltr'>συμφέρον,</span> <span class='ocrx_word' id='word_1_794' title='bbox 3027 5182 3333 5234; x_wconf 77' lang='grc' dir='ltr'>ἐπίσκοπον</span> <span class='ocrx_word' id='word_1_795' title='bbox 3377 5182 3472 5232; x_wconf 75' lang='grc' dir='ltr'>ἐπὶ</span> <span class='ocrx_word' id='word_1_796' title='bbox 3535 5179 3670 5231; x_wconf 76' lang='grc' dir='ltr'>πολὺ</span> 
     </span>
    </p>
   </div>
   <div class='ocr_carea' id='block_1_108' title="bbox 453 5254 1999 5341">
    <p class='ocr_par' dir='ltr' id='par_1_108' title="bbox 453 5254 1999 5332">
     <span class='ocr_line' id='line_1_108' title="bbox 453 5254 1999 5332; baseline 0.005 -24"><span class='ocrx_word' id='word_1_797' title='bbox 453 5254 594 5309; x_wconf 84' lang='lat' dir='ltr'><strong>rint:</strong></span> <span class='ocrx_word' id='word_1_798' title='bbox 645 5256 690 5310; x_wconf 88' lang='lat' dir='ltr'><strong>si</strong></span> <span class='ocrx_word' id='word_1_799' title='bbox 734 5255 846 5310; x_wconf 69' lang='lat' dir='ltr'><strong>hanc</strong></span> <span class='ocrx_word' id='word_1_800' title='bbox 877 5256 943 5312; x_wconf 88' lang='lat' dir='ltr'><strong>de</strong></span> <span class='ocrx_word' id='word_1_801' title='bbox 983 5257 1135 5312; x_wconf 88' lang='lat' dir='ltr'><strong>laicis</strong></span> <span class='ocrx_word' id='word_1_802' title='bbox 1179 5267 1472 5312; x_wconf 84' lang='lat' dir='ltr'><strong>constttula</strong></span> <span class='ocrx_word' id='word_1_803' title='bbox 1519 5260 1645 5325; x_wconf 87' lang='lat' dir='ltr'><strong>sint,</strong></span> <span class='ocrx_word' id='word_1_804' title='bbox 1680 5261 1999 5332; x_wconf 64' lang='lat' dir='ltr'><strong>lepiscottunt</strong></span> 
     </span>
    </p>
   </div>
   <div class='ocr_carea' id='block_1_109' title="bbox 2096 5254 3668 5341">
    <p class='ocr_par' dir='ltr' id='par_1_109' title="bbox 2104 5269 3668 5341">
     <span class='ocr_line' id='line_1_109' title="bbox 2104 5269 3668 5341; baseline 0.001 -19"><span class='ocrx_word' id='word_1_805' title='bbox 2104 5269 2576 5339; x_wconf 79' lang='grc' dir='ltr'>ἀπολιμπάνεσθαι</span> <span class='ocrx_word' id='word_1_806' title='bbox 2621 5270 2720 5339; x_wconf 85' lang='grc' dir='ltr'>τῆς</span> <span class='ocrx_word' id='word_1_807' title='bbox 2749 5272 2943 5323; x_wconf 81' lang='grc' dir='ltr'>ἐαυτοῦ</span> <span class='ocrx_word' id='word_1_808' title='bbox 2966 5272 3287 5341; x_wconf 77' lang='grc' dir='ltr'>ἐκκλησίας,</span> <span class='ocrx_word' id='word_1_809' title='bbox 3321 5273 3369 5323; x_wconf 80' lang='grc' dir='ltr'><strong>εί</strong></span> <span class='ocrx_word' id='word_1_810' title='bbox 3433 5272 3512 5340; x_wconf 80' lang='grc' dir='ltr'>μή</span> <span class='ocrx_word' id='word_1_811' title='bbox 3546 5288 3668 5323; x_wconf 74' lang='grc' dir='ltr'>τινα</span> 
     </span>
    </p>
   </div>
   <div class='ocr_carea' id='block_1_110' title="bbox 448 5346 1999 5434">
    <p class='ocr_par' dir='ltr' id='par_1_110' title="bbox 448 5346 1999 5422">
     <span class='ocr_line' id='line_1_110' title="bbox 448 5346 1999 5422; baseline 0.006 -24"><span class='ocrx_word' id='word_1_812' title='bbox 448 5346 517 5401; x_wconf 82' lang='lat' dir='ltr'><strong>ab</strong></span> <span class='ocrx_word' id='word_1_813' title='bbox 549 5347 779 5403; x_wconf 90' lang='lat' dir='ltr'><strong>ecclesia</strong></span> <span class='ocrx_word' id='word_1_814' title='bbox 815 5364 914 5404; x_wconf 87' lang='lat' dir='ltr'><strong>sua</strong></span> <span class='ocrx_word' id='word_1_815' title='bbox 943 5350 1146 5404; x_wconf 88' lang='lat' dir='ltr'><strong>diutius</strong></span> <span class='ocrx_word' id='word_1_816' title='bbox 1177 5350 1390 5416; x_wconf 83' lang='lat' dir='ltr'><strong>abesse,</strong></span> <span class='ocrx_word' id='word_1_817' title='bbox 1424 5351 1522 5407; x_wconf 89' lang='lat' dir='ltr'><strong>nisi</strong></span> <span class='ocrx_word' id='word_1_818' title='bbox 1552 5353 1596 5406; x_wconf 90' lang='lat' dir='ltr'><strong>si</strong></span> <span class='ocrx_word' id='word_1_819' title='bbox 1630 5355 1844 5422; x_wconf 81' lang='lat' dir='ltr'><strong>quando</strong></span> <span class='ocrx_word' id='word_1_820' title='bbox 1883 5371 1999 5422; x_wconf 78' lang='lat' dir='ltr'><strong>gra-</strong></span> 
     </span>
    </p>
   </div>
   <div class='ocr_carea' id='block_1_111' title="bbox 2096 5346 3564 5434">
    <p class='ocr_par' dir='ltr' id='par_1_111' title="bbox 2108 5359 3564 5434">
     <span class='ocr_line' id='line_1_111' title="bbox 2108 5359 3564 5434; baseline 0.005 -23"><span class='ocrx_word' id='word_1_821' title='bbox 2108 5359 2330 5430; x_wconf 66' lang='grc' dir='ltr'>βαρεῖαςν</span> <span class='ocrx_word' id='word_1_822' title='bbox 2375 5362 2622 5429; x_wconf 77' lang='grc' dir='ltr'>ἀνάγκην</span> <span class='ocrx_word' id='word_1_823' title='bbox 2660 5361 2798 5432; x_wconf 71' lang='grc' dir='ltr'>ἔχει,</span> <span class='ocrx_word' id='word_1_824' title='bbox 2835 5362 2868 5433; x_wconf 81' lang='grc' dir='ltr'><strong>ἦ</strong></span> <span class='ocrx_word' id='word_1_825' title='bbox 2903 5364 3144 5433; x_wconf 66' lang='grc' dir='ltr'>πρᾶγμά</span> <span class='ocrx_word' id='word_1_826' title='bbox 3180 5380 3235 5417; x_wconf 86' lang='grc' dir='ltr'><strong>τι</strong></span> <span class='ocrx_word' id='word_1_827' title='bbox 3263 5363 3564 5434; x_wconf 75' lang='grc' dir='ltr'>δυσχερές.</span> 
     </span>
    </p>
   </div>
   <div class='ocr_carea' id='block_1_112' title="bbox 452 5436 2004 5513">
    <p class='ocr_par' dir='ltr' id='par_1_112' title="bbox 452 5436 2004 5513">
     <span class='ocr_line' id='line_1_112' title="bbox 452 5436 2004 5513; baseline 0.009 -26"><span class='ocrx_word' id='word_1_828' title='bbox 452 5436 533 5490; x_wconf 85' lang='lat' dir='ltr'><strong>vis</strong></span> <span class='ocrx_word' id='word_1_829' title='bbox 556 5440 850 5494; x_wconf 79' lang='lat' dir='ltr'><strong>necessitas</strong></span> <span class='ocrx_word' id='word_1_830' title='bbox 879 5440 1146 5507; x_wconf 74' lang='lat' dir='ltr'><strong>negotiire</strong></span> <span class='ocrx_word' id='word_1_831' title='bbox 1174 5440 1454 5496; x_wconf 82' lang='lat' dir='ltr'><strong>dillicultas</strong></span> <span class='ocrx_word' id='word_1_832' title='bbox 1477 5445 1734 5513; x_wconf 80' lang='lat' dir='ltr'><strong>coegerit,</strong></span> <span class='ocrx_word' id='word_1_833' title='bbox 1782 5459 1880 5500; x_wconf 89' lang='lat' dir='ltr'><strong>nec</strong></span> <span class='ocrx_word' id='word_1_834' title='bbox 1910 5446 2004 5501; x_wconf 88' lang='lat' dir='ltr'><strong>de-</strong></span> 
     </span>
    </p>
   </div>
   <div class='ocr_carea' id='block_1_113' title="bbox 449 5532 1026 5598">
    <p class='ocr_par' dir='ltr' id='par_1_113' title="bbox 449 5532 1026 5598">
     <span class='ocr_line' id='line_1_113' title="bbox 449 5532 1026 5598; baseline 0.009 -18"><span class='ocrx_word' id='word_1_835' title='bbox 449 5535 594 5589; x_wconf 85' lang='lat' dir='ltr'><strong>ceat,</strong></span> <span class='ocrx_word' id='word_1_836' title='bbox 631 5544 730 5584; x_wconf 84' lang='lat' dir='ltr'><strong>nec</strong></span> <span class='ocrx_word' id='word_1_837' title='bbox 757 5532 1026 5598; x_wconf 77' lang='lat' dir='ltr'><strong>expediat.</strong></span> 
     </span>
    </p>
   </div>
   <div class='ocr_carea' id='block_1_114' title="bbox 452 5615 1999 5702">
    <p class='ocr_par' dir='ltr' id='par_1_114' title="bbox 452 5615 1999 5698">
     <span class='ocr_line' id='line_1_114' title="bbox 452 5615 1999 5698; baseline 0.008 -26"><span class='ocrx_word' id='word_1_838' title='bbox 452 5615 681 5672; x_wconf 77' lang='lat' dir='ltr'><strong>AHlST.</strong></span> <span class='ocrx_word' id='word_1_839' title='bbox 710 5637 729 5672; x_wconf 80' lang='grc' dir='ltr'><strong>ι</strong></span> <span class='ocrx_word' id='word_1_840' title='bbox 775 5620 1068 5693; x_wconf 85' lang='lat' dir='ltr'><strong>Episcopus</strong></span> <span class='ocrx_word' id='word_1_841' title='bbox 1088 5625 1156 5682; x_wconf 85' lang='lat' dir='ltr'><strong>ab</strong></span> <span class='ocrx_word' id='word_1_842' title='bbox 1201 5627 1786 5698; x_wconf 65' lang='lat' dir='ltr'><strong>episcopo-accersitus,</strong></span> <span class='ocrx_word' id='word_1_843' title='bbox 1827 5627 1870 5682; x_wconf 90' lang='lat' dir='ltr'><strong>si</strong></span> <span class='ocrx_word' id='word_1_844' title='bbox 1905 5626 1999 5698; x_wconf 86' lang='lat' dir='ltr'><strong>qui</strong></span> 
     </span>
    </p>
   </div>
   <div class='ocr_carea' id='block_1_115' title="bbox 2096 5615 3665 5702">
    <p class='ocr_par' dir='ltr' id='par_1_115' title="bbox 2105 5627 3665 5702">
     <span class='ocr_line' id='line_1_115' title="bbox 2105 5627 3665 5702; baseline 0.006 -21"><span class='ocrx_word' id='word_1_845' title='bbox 2105 5627 2325 5683; x_wconf 72' lang='grc' dir='ltr'><strong>ΔΡΙΣΤ.</strong></span> <span class='ocrx_word' id='word_1_846' title='bbox 2364 5647 2382 5683; x_wconf 83' lang='grc' dir='ltr'><strong>ι</strong></span> <span class='ocrx_word' id='word_1_847' title='bbox 2431 5628 2493 5684; x_wconf 87' lang='lat' dir='ltr'><strong>&#39;O</strong></span> <span class='ocrx_word' id='word_1_848' title='bbox 2523 5629 2988 5702; x_wconf 79' lang='grc' dir='ltr'>προσκαλούμενος</span> <span class='ocrx_word' id='word_1_849' title='bbox 3027 5634 3322 5701; x_wconf 70' lang='grc' dir='ltr'>ἐπίσκοπος</span> <span class='ocrx_word' id='word_1_850' title='bbox 3357 5637 3427 5702; x_wconf 66' lang='grc' dir='ltr'>ἐξ,</span> <span class='ocrx_word' id='word_1_851' title='bbox 3449 5639 3665 5695; x_wconf 63' lang='lat' dir='ltr'><strong>ima-46-</strong></span> 
     </span>
    </p>
   </div>
  </div>
