  <div class='ocr_page' id='page_1' title='image "/cluster/home/n/w/nwhite01/storage/ocr_20150623/137/hvd.32044073502536/784.png"; bbox 0 0 3958 6242; ppageno 0'>
   <div class='ocr_carea' id='block_1_1' title="bbox 305 307 452 376">
    <p class='ocr_par' dir='ltr' id='par_1_1' title="bbox 305 307 452 376">
     <span class='ocr_line' id='line_1_1' title="bbox 305 307 452 376; baseline 0.034 -5"><span class='ocrx_word' id='word_1_1' title='bbox 305 307 452 376; x_wconf 74' lang='grc'>1469</span> 
     </span>
    </p>
   </div>
   <div class='ocr_carea' id='block_1_2' title="bbox 388 511 1868 584">
    <p class='ocr_par' dir='ltr' id='par_1_2' title="bbox 388 511 1868 584">
     <span class='ocr_line' id='line_1_2' title="bbox 388 511 1868 584; baseline -0.002 -16"><span class='ocrx_word' id='word_1_2' title='bbox 388 530 411 568; x_wconf 69' lang='grc' dir='ltr'><strong>ε</strong></span> <span class='ocrx_word' id='word_1_3' title='bbox 445 530 559 577; x_wconf 83' lang='grc' dir='ltr'>τος,</span> <span class='ocrx_word' id='word_1_4' title='bbox 598 512 673 582; x_wconf 78' lang='grc' dir='ltr'>μὴ</span> <span class='ocrx_word' id='word_1_5' title='bbox 702 511 1088 584; x_wconf 74' lang='grc' dir='ltr'><strong>συνεχέστερον</strong></span> <span class='ocrx_word' id='word_1_6' title='bbox 1117 512 1490 583; x_wconf 75' lang='grc' dir='ltr'>δημηγοροίηο</span> <span class='ocrx_word' id='word_1_7' title='bbox 1524 515 1716 581; x_wconf 82' lang='grc' dir='ltr'>μῶμος</span> <span class='ocrx_word' id='word_1_8' title='bbox 1760 513 1868 583; x_wconf 71' lang='grc' dir='ltr'><strong>γὰρ</strong></span> 
     </span>
    </p>
   </div>
   <div class='ocr_carea' id='block_1_3' title="bbox 389 604 1866 673">
    <p class='ocr_par' dir='ltr' id='par_1_3' title="bbox 389 604 1866 673">
     <span class='ocr_line' id='line_1_3' title="bbox 389 604 1866 673; baseline -0.002 -12"><span class='ocrx_word' id='word_1_9' title='bbox 389 623 411 661; x_wconf 84' lang='grc'><strong>‹</strong></span> <span class='ocrx_word' id='word_1_10' title='bbox 462 605 620 659; x_wconf 85' lang='grc' dir='ltr'>τοῦτο</span> <span class='ocrx_word' id='word_1_11' title='bbox 647 604 739 656; x_wconf 75' lang='grc' dir='ltr'>τοῦ</span> <span class='ocrx_word' id='word_1_12' title='bbox 769 604 1003 667; x_wconf 82' lang='grc' dir='ltr'><strong>ἰδιώτου,</strong></span> <span class='ocrx_word' id='word_1_13' title='bbox 1034 605 1131 658; x_wconf 76' lang='grc' dir='ltr'>καὶ</span> <span class='ocrx_word' id='word_1_14' title='bbox 1183 605 1450 673; x_wconf 86' lang='grc' dir='ltr'>μνηστεία</span> <span class='ocrx_word' id='word_1_15' title='bbox 1486 605 1587 672; x_wconf 74' lang='grc' dir='ltr'>τῆς</span> <span class='ocrx_word' id='word_1_16' title='bbox 1641 607 1866 658; x_wconf 85' lang='grc' dir='ltr'>ἐπισκο-</span> 
     </span>
    </p>
   </div>
   <div class='ocr_carea' id='block_1_4' title="bbox 364 694 1863 766">
    <p class='ocr_par' dir='ltr' id='par_1_4' title="bbox 364 694 1863 766">
     <span class='ocr_line' id='line_1_4' title="bbox 364 694 1863 766; baseline -0.001 -18"><span class='ocrx_word' id='word_1_17' title='bbox 364 713 413 748; x_wconf 73' lang='lat' dir='ltr'><strong>&#39;t</strong></span> <span class='ocrx_word' id='word_1_18' title='bbox 450 696 559 765; x_wconf 82' lang='grc' dir='ltr'>πῆς</span> <span class='ocrx_word' id='word_1_19' title='bbox 590 695 801 749; x_wconf 83' lang='grc' dir='ltr'>ἐκείνου</span> <span class='ocrx_word' id='word_1_20' title='bbox 826 712 842 727; x_wconf 75' lang='grc' dir='ltr'><strong><em>ο</em></strong></span> <span class='ocrx_word' id='word_1_21' title='bbox 883 697 977 748; x_wconf 73' lang='grc' dir='ltr'>καὶ</span> <span class='ocrx_word' id='word_1_22' title='bbox 1020 694 1305 765; x_wconf 77' lang='grc' dir='ltr'>ἀμφότερα</span> <span class='ocrx_word' id='word_1_23' title='bbox 1346 696 1449 748; x_wconf 86' lang='grc' dir='ltr'><strong>ούκ</strong></span> <span class='ocrx_word' id='word_1_24' title='bbox 1506 695 1804 766; x_wconf 79' lang='grc' dir='ltr'>ἀμώμητα.</span> <span class='ocrx_word' id='word_1_25' title='bbox 1843 714 1863 747; x_wconf 71' lang='grc' dir='ltr'><strong>ι</strong></span> 
     </span>
    </p>
   </div>
   <div class='ocr_carea' id='block_1_5' title="bbox 296 784 1870 856">
    <p class='ocr_par' dir='ltr' id='par_1_5' title="bbox 296 784 1870 856">
     <span class='ocr_line' id='line_1_5' title="bbox 296 784 1870 856; baseline 0.001 -18"><span class='ocrx_word' id='word_1_26' title='bbox 296 785 531 839; x_wconf 80' lang='grc' dir='ltr'><strong>ΔΡΙΣΤ.</strong></span> <span class='ocrx_word' id='word_1_27' title='bbox 602 804 620 838; x_wconf 75' lang='grc' dir='ltr'>ί</span> <span class='ocrx_word' id='word_1_28' title='bbox 693 785 965 854; x_wconf 79' lang='grc' dir='ltr'>’Ᾱνάγκης</span> <span class='ocrx_word' id='word_1_29' title='bbox 1015 784 1136 854; x_wconf 86' lang='grc' dir='ltr'>δίχα</span> <span class='ocrx_word' id='word_1_30' title='bbox 1192 784 1449 855; x_wconf 72' lang='grc' dir='ltr'><strong>βραχείας</strong></span> <span class='ocrx_word' id='word_1_31' title='bbox 1499 785 1761 856; x_wconf 81' lang='grc' dir='ltr'>δυσχερὲς</span> <span class='ocrx_word' id='word_1_32' title='bbox 1808 786 1870 839; x_wconf 85' lang='grc' dir='ltr'><strong>τδ</strong></span> 
     </span>
    </p>
   </div>
   <div class='ocr_carea' id='block_1_6' title="bbox 395 876 1871 951">
    <p class='ocr_par' dir='ltr' id='par_1_6' title="bbox 395 876 1871 951">
     <span class='ocr_line' id='line_1_6' title="bbox 395 876 1871 951; baseline 0.001 -20"><span class='ocrx_word' id='word_1_33' title='bbox 395 896 414 930; x_wconf 80' lang='grc' dir='ltr'><strong>ι</strong></span> <span class='ocrx_word' id='word_1_34' title='bbox 456 877 548 931; x_wconf 75' lang='grc' dir='ltr'>ἐπὶ</span> <span class='ocrx_word' id='word_1_35' title='bbox 577 876 831 930; x_wconf 84' lang='grc' dir='ltr'>πλεῖστον</span> <span class='ocrx_word' id='word_1_36' title='bbox 856 876 947 930; x_wconf 84' lang='grc' dir='ltr'>τὸν</span> <span class='ocrx_word' id='word_1_37' title='bbox 972 878 1272 933; x_wconf 82' lang='grc' dir='ltr'>ἐπίσκοπον</span> <span class='ocrx_word' id='word_1_38' title='bbox 1294 880 1397 951; x_wconf 82' lang='grc' dir='ltr'>τῆς</span> <span class='ocrx_word' id='word_1_39' title='bbox 1422 879 1633 937; x_wconf 79' lang='grc' dir='ltr'>οίκείας</span> <span class='ocrx_word' id='word_1_40' title='bbox 1672 879 1871 949; x_wconf 82' lang='grc' dir='ltr'>ἐκκλη-</span> 
     </span>
    </p>
   </div>
   <div class='ocr_carea' id='block_1_7' title="bbox 392 968 1179 1037">
    <p class='ocr_par' dir='ltr' id='par_1_7' title="bbox 392 968 1179 1037">
     <span class='ocr_line' id='line_1_7' title="bbox 392 968 1179 1037; baseline 0.001 -16"><span class='ocrx_word' id='word_1_41' title='bbox 392 988 415 1025; x_wconf 35' lang='grc' dir='ltr'><strong>‹ν</strong></span> <span class='ocrx_word' id='word_1_42' title='bbox 460 970 582 1030; x_wconf 87' lang='grc' dir='ltr'>σίας</span> <span class='ocrx_word' id='word_1_43' title='bbox 613 968 1115 1037; x_wconf 83' lang='grc' dir='ltr'>ἀπολιμπάνεσθαι.</span> <span class='ocrx_word' id='word_1_44' title='bbox 1159 989 1179 1022; x_wconf 78' lang='grc' dir='ltr'><strong>ι</strong></span> 
     </span>
    </p>
   </div>
   <div class='ocr_carea' id='block_1_8' title="bbox 384 1060 1872 1132">
    <p class='ocr_par' dir='ltr' id='par_1_8' title="bbox 384 1060 1872 1132">
     <span class='ocr_line' id='line_1_8' title="bbox 384 1060 1872 1132; baseline 0 -19"><span class='ocrx_word' id='word_1_45' title='bbox 384 1061 450 1119; x_wconf 77' lang='grc' dir='ltr'>Εἰ</span> <span class='ocrx_word' id='word_1_46' title='bbox 480 1077 565 1123; x_wconf 90' lang='grc' dir='ltr'><strong>τις</strong></span> <span class='ocrx_word' id='word_1_47' title='bbox 588 1060 697 1114; x_wconf 85' lang='grc' dir='ltr'><strong>τῶν</strong></span> <span class='ocrx_word' id='word_1_48' title='bbox 744 1061 1054 1115; x_wconf 79' lang='grc' dir='ltr'>ἐπισκόπων</span> <span class='ocrx_word' id='word_1_49' title='bbox 1122 1062 1203 1124; x_wconf 80' lang='grc' dir='ltr'><strong>είς</strong></span> <span class='ocrx_word' id='word_1_50' title='bbox 1258 1062 1450 1132; x_wconf 75' lang='grc' dir='ltr'>ἑτέραν</span> <span class='ocrx_word' id='word_1_51' title='bbox 1489 1061 1872 1131; x_wconf 80' lang='grc' dir='ltr'>παραγένηται</span> 
     </span>
    </p>
   </div>
   <div class='ocr_carea' id='block_1_9' title="bbox 303 1150 1870 1223">
    <p class='ocr_par' dir='ltr' id='par_1_9' title="bbox 303 1150 1870 1223">
     <span class='ocr_line' id='line_1_9' title="bbox 303 1150 1870 1223; baseline 0.001 -19"><span class='ocrx_word' id='word_1_52' title='bbox 303 1152 485 1217; x_wconf 83' lang='grc' dir='ltr'>πόλιν,</span> <span class='ocrx_word' id='word_1_53' title='bbox 507 1152 659 1222; x_wconf 81' lang='grc' dir='ltr'>παρὰ</span> <span class='ocrx_word' id='word_1_54' title='bbox 682 1150 774 1205; x_wconf 77' lang='grc' dir='ltr'>τοῦ</span> <span class='ocrx_word' id='word_1_55' title='bbox 797 1153 937 1206; x_wconf 87' lang='grc' dir='ltr'><strong>κατά</strong></span> <span class='ocrx_word' id='word_1_56' title='bbox 953 1154 1136 1223; x_wconf 86' lang='grc' dir='ltr'>χώραν</span> <span class='ocrx_word' id='word_1_57' title='bbox 1158 1152 1525 1222; x_wconf 77' lang='grc' dir='ltr'>προσκληθεὶς</span> <span class='ocrx_word' id='word_1_58' title='bbox 1543 1150 1870 1217; x_wconf 72' lang='grc' dir='ltr'>ἐπισκόπου,</span> 
     </span>
    </p>
   </div>
   <div class='ocr_carea' id='block_1_10' title="bbox 305 1240 1869 1314">
    <p class='ocr_par' dir='ltr' id='par_1_10' title="bbox 305 1240 1869 1314">
     <span class='ocr_line' id='line_1_10' title="bbox 305 1240 1869 1314; baseline 0 -20"><span class='ocrx_word' id='word_1_59' title='bbox 305 1244 408 1295; x_wconf 72' lang='grc' dir='ltr'>καὶ</span> <span class='ocrx_word' id='word_1_60' title='bbox 432 1244 461 1296; x_wconf 80' lang='grc' dir='ltr'><strong>ό</strong></span> <span class='ocrx_word' id='word_1_61' title='bbox 491 1244 1010 1314; x_wconf 83' lang='grc' dir='ltr'>προσκαλεσάμενος</span> <span class='ocrx_word' id='word_1_62' title='bbox 1035 1244 1198 1297; x_wconf 77' lang='grc' dir='ltr'>αὑτὸν</span> <span class='ocrx_word' id='word_1_63' title='bbox 1221 1242 1323 1296; x_wconf 83' lang='grc' dir='ltr'><strong>οὐκ</strong></span> <span class='ocrx_word' id='word_1_64' title='bbox 1358 1242 1474 1295; x_wconf 80' lang='grc' dir='ltr'>ἐστι</span> <span class='ocrx_word' id='word_1_65' title='bbox 1509 1240 1869 1303; x_wconf 74' lang='grc' dir='ltr'><strong>διδασκαλίας</strong></span> 
     </span>
    </p>
   </div>
   <div class='ocr_carea' id='block_1_11' title="bbox 310 1334 1870 1407">
    <p class='ocr_par' dir='ltr' id='par_1_11' title="bbox 310 1334 1870 1407">
     <span class='ocr_line' id='line_1_11' title="bbox 310 1334 1870 1407; baseline -0.002 -20"><span class='ocrx_word' id='word_1_66' title='bbox 310 1335 576 1407; x_wconf 75' lang='grc' dir='ltr'>ἔμπειρος</span> <span class='ocrx_word' id='word_1_67' title='bbox 605 1354 619 1368; x_wconf 78' lang='grc' dir='ltr'><strong>ο</strong></span> <span class='ocrx_word' id='word_1_68' title='bbox 677 1336 752 1407; x_wconf 78' lang='grc' dir='ltr'>μὴ</span> <span class='ocrx_word' id='word_1_69' title='bbox 799 1336 1099 1391; x_wconf 77' lang='grc' dir='ltr'><strong>διδασκέτω</strong></span> <span class='ocrx_word' id='word_1_70' title='bbox 1160 1336 1549 1406; x_wconf 73' lang='grc' dir='ltr'><strong>συνεχέστερον</strong></span> <span class='ocrx_word' id='word_1_71' title='bbox 1587 1334 1687 1387; x_wconf 66' lang='grc' dir='ltr'>τὸν</span> <span class='ocrx_word' id='word_1_72' title='bbox 1719 1334 1870 1397; x_wconf 83' lang='grc' dir='ltr'>λαὸν,</span> 
     </span>
    </p>
   </div>
   <div class='ocr_carea' id='block_1_12' title="bbox 313 1421 1870 1494">
    <p class='ocr_par' dir='ltr' id='par_1_12' title="bbox 313 1421 1870 1494">
     <span class='ocr_line' id='line_1_12' title="bbox 313 1421 1870 1494; baseline 0.001 -20"><span class='ocrx_word' id='word_1_73' title='bbox 313 1424 410 1476; x_wconf 79' lang='grc' dir='ltr'>καὶ</span> <span class='ocrx_word' id='word_1_74' title='bbox 444 1424 786 1493; x_wconf 74' lang='grc' dir='ltr'><strong>δημηγορίας</strong></span> <span class='ocrx_word' id='word_1_75' title='bbox 811 1425 1057 1480; x_wconf 88' lang='grc' dir='ltr'>ποιείτω.</span> <span class='ocrx_word' id='word_1_76' title='bbox 1089 1423 1260 1478; x_wconf 82' lang='grc' dir='ltr'>Τοῦτο</span> <span class='ocrx_word' id='word_1_77' title='bbox 1288 1424 1400 1494; x_wconf 84' lang='grc' dir='ltr'>γὰρ</span> <span class='ocrx_word' id='word_1_78' title='bbox 1428 1424 1675 1494; x_wconf 77' lang='grc' dir='ltr'>ταραχάς</span> <span class='ocrx_word' id='word_1_79' title='bbox 1713 1421 1870 1477; x_wconf 75' lang='grc' dir='ltr'>εῖωθε</span> 
     </span>
    </p>
   </div>
   <div class='ocr_carea' id='block_1_13' title="bbox 313 1514 1869 1587">
    <p class='ocr_par' dir='ltr' id='par_1_13' title="bbox 313 1514 1869 1587">
     <span class='ocr_line' id='line_1_13' title="bbox 313 1514 1869 1587; baseline 0.003 -21"><span class='ocrx_word' id='word_1_80' title='bbox 313 1514 627 1585; x_wconf 77' lang='grc' dir='ltr'>προξενεῖν,</span> <span class='ocrx_word' id='word_1_81' title='bbox 660 1514 753 1568; x_wconf 77' lang='grc' dir='ltr'>καὶ</span> <span class='ocrx_word' id='word_1_82' title='bbox 788 1516 1190 1586; x_wconf 80' lang='grc' dir='ltr'>καταφρόνησιν</span> <span class='ocrx_word' id='word_1_83' title='bbox 1230 1518 1481 1586; x_wconf 73' lang='grc' dir='ltr'><strong>ἐμποιεῖν</strong></span> <span class='ocrx_word' id='word_1_84' title='bbox 1516 1517 1595 1587; x_wconf 81' lang='grc' dir='ltr'>τῷ</span> <span class='ocrx_word' id='word_1_85' title='bbox 1622 1533 1869 1587; x_wconf 84' lang='grc' dir='ltr'>προσκα-</span> 
     </span>
    </p>
   </div>
   <div class='ocr_carea' id='block_1_14' title="bbox 312 1606 1873 1677">
    <p class='ocr_par' dir='ltr' id='par_1_14' title="bbox 312 1606 1873 1677">
     <span class='ocr_line' id='line_1_14' title="bbox 312 1606 1873 1677; baseline -0.001 -17"><span class='ocrx_word' id='word_1_86' title='bbox 312 1606 533 1661; x_wconf 87' lang='grc' dir='ltr'>λέσαντι</span> <span class='ocrx_word' id='word_1_87' title='bbox 566 1606 731 1660; x_wconf 79' lang='grc' dir='ltr'>αὐτὸν</span> <span class='ocrx_word' id='word_1_88' title='bbox 765 1607 1073 1677; x_wconf 80' lang='grc' dir='ltr'>ἐπισκόπῳ.</span> <span class='ocrx_word' id='word_1_89' title='bbox 1105 1607 1343 1661; x_wconf 88' lang='grc' dir='ltr'>Δοκεῖδέ</span> <span class='ocrx_word' id='word_1_90' title='bbox 1370 1607 1467 1660; x_wconf 76' lang='grc' dir='ltr'><strong>καὶ</strong></span> <span class='ocrx_word' id='word_1_91' title='bbox 1493 1607 1583 1661; x_wconf 85' lang='grc' dir='ltr'>διὰ</span> <span class='ocrx_word' id='word_1_92' title='bbox 1628 1606 1725 1674; x_wconf 83' lang='grc' dir='ltr'><strong>τῆς</strong></span> <span class='ocrx_word' id='word_1_93' title='bbox 1754 1608 1873 1660; x_wconf 83' lang='grc' dir='ltr'>ἐπι-</span> 
     </span>
    </p>
   </div>
   <div class='ocr_carea' id='block_1_15' title="bbox 314 1698 1871 1771">
    <p class='ocr_par' dir='ltr' id='par_1_15' title="bbox 314 1698 1871 1771">
     <span class='ocr_line' id='line_1_15' title="bbox 314 1698 1871 1771; baseline 0.002 -20"><span class='ocrx_word' id='word_1_94' title='bbox 314 1698 532 1764; x_wconf 79' lang='grc' dir='ltr'>δείξεως</span> <span class='ocrx_word' id='word_1_95' title='bbox 562 1698 766 1768; x_wconf 79' lang='grc' dir='ltr'><strong>ταύτης</strong></span> <span class='ocrx_word' id='word_1_96' title='bbox 793 1700 893 1769; x_wconf 80' lang='grc' dir='ltr'>τὴν</span> <span class='ocrx_word' id='word_1_97' title='bbox 924 1699 1211 1771; x_wconf 79' lang='grc' dir='ltr'><strong>ἀλλοτρίαν</strong></span> <span class='ocrx_word' id='word_1_98' title='bbox 1239 1700 1751 1771; x_wconf 87' lang='grc' dir='ltr'>προμνηστεύεσθαι</span> <span class='ocrx_word' id='word_1_99' title='bbox 1779 1703 1871 1754; x_wconf 81' lang='grc' dir='ltr'>ἐκ·</span> 
     </span>
    </p>
   </div>
   <div class='ocr_carea' id='block_1_16' title="bbox 315 1791 1872 1854">
    <p class='ocr_par' dir='ltr' id='par_1_16' title="bbox 315 1791 1872 1854">
     <span class='ocr_line' id='line_1_16' title="bbox 315 1791 1872 1854; baseline 0.001 -12"><span class='ocrx_word' id='word_1_100' title='bbox 315 1791 569 1854; x_wconf 81' lang='grc' dir='ltr'>κλησίαν,</span> <span class='ocrx_word' id='word_1_101' title='bbox 604 1792 697 1844; x_wconf 74' lang='grc' dir='ltr'>καὶ</span> <span class='ocrx_word' id='word_1_102' title='bbox 722 1793 809 1843; x_wconf 82' lang='grc' dir='ltr'>τὸν</span> <span class='ocrx_word' id='word_1_103' title='bbox 841 1791 967 1844; x_wconf 81' lang='grc' dir='ltr'>λαὸν</span> <span class='ocrx_word' id='word_1_104' title='bbox 996 1793 1074 1854; x_wconf 80' lang='grc' dir='ltr'><strong>εἰς</strong></span> <span class='ocrx_word' id='word_1_105' title='bbox 1098 1791 1290 1848; x_wconf 81' lang='grc' dir='ltr'>ἐαυτὸν</span> <span class='ocrx_word' id='word_1_106' title='bbox 1316 1791 1522 1854; x_wconf 77' lang='grc' dir='ltr'>ἕλκειν,</span> <span class='ocrx_word' id='word_1_107' title='bbox 1562 1792 1659 1845; x_wconf 80' lang='grc' dir='ltr'>καὶ</span> <span class='ocrx_word' id='word_1_108' title='bbox 1704 1808 1872 1845; x_wconf 70' lang='grc' dir='ltr'>σπουο</span> 
     </span>
    </p>
   </div>
   <div class='ocr_carea' id='block_1_17' title="bbox 312 1880 1867 1953">
    <p class='ocr_par' dir='ltr' id='par_1_17' title="bbox 312 1880 1867 1953">
     <span class='ocr_line' id='line_1_17' title="bbox 312 1880 1867 1953; baseline 0.001 -21"><span class='ocrx_word' id='word_1_109' title='bbox 312 1880 491 1945; x_wconf 77' lang='grc' dir='ltr'>δάζειν</span> <span class='ocrx_word' id='word_1_110' title='bbox 512 1881 777 1952; x_wconf 69' lang='grc' dir='ltr'>τὴνιαὺτῷ</span> <span class='ocrx_word' id='word_1_111' title='bbox 796 1883 1190 1952; x_wconf 83' lang='grc' dir='ltr'>παραδοθεῖσαν</span> <span class='ocrx_word' id='word_1_112' title='bbox 1208 1883 1507 1953; x_wconf 85' lang='grc' dir='ltr'>ἐκκλησίαν</span> <span class='ocrx_word' id='word_1_113' title='bbox 1525 1884 1867 1949; x_wconf 71' lang='grc' dir='ltr'>καταλιπεῖν,</span> 
     </span>
    </p>
   </div>
   <div class='ocr_carea' id='block_1_18' title="bbox 314 1972 1866 2044">
    <p class='ocr_par' dir='ltr' id='par_1_18' title="bbox 314 1972 1866 2044">
     <span class='ocr_line' id='line_1_18' title="bbox 314 1972 1866 2044; baseline 0.001 -19"><span class='ocrx_word' id='word_1_114' title='bbox 314 1972 406 2025; x_wconf 77' lang='grc' dir='ltr'>καὶ</span> <span class='ocrx_word' id='word_1_115' title='bbox 442 1974 524 2035; x_wconf 78' lang='grc' dir='ltr'><strong>εἰς</strong></span> <span class='ocrx_word' id='word_1_116' title='bbox 544 1974 747 2043; x_wconf 86' lang='grc' dir='ltr'>ταύτην</span> <span class='ocrx_word' id='word_1_117' title='bbox 782 1973 1169 2044; x_wconf 79' lang='grc' dir='ltr'>μετατεθῆναι,</span> <span class='ocrx_word' id='word_1_118' title='bbox 1194 1974 1384 2044; x_wconf 83' lang='grc' dir='ltr'>Ὠρισε</span> <span class='ocrx_word' id='word_1_119' title='bbox 1416 1973 1549 2042; x_wconf 82' lang='grc' dir='ltr'>γοῦν</span> <span class='ocrx_word' id='word_1_120' title='bbox 1580 1974 1667 2028; x_wconf 89' lang='grc' dir='ltr'><strong>διά</strong></span> <span class='ocrx_word' id='word_1_121' title='bbox 1694 1974 1866 2027; x_wconf 82' lang='grc' dir='ltr'>ταῦτα</span> 
     </span>
    </p>
   </div>
   <div class='ocr_carea' id='block_1_19' title="bbox 314 2059 1873 2138">
    <p class='ocr_par' dir='ltr' id='par_1_19' title="bbox 314 2059 1873 2138">
     <span class='ocr_line' id='line_1_19' title="bbox 314 2059 1873 2138; baseline -0.001 -18"><span class='ocrx_word' id='word_1_122' title='bbox 314 2066 514 2135; x_wconf 83' lang='grc' dir='ltr'>ἡὰγία</span> <span class='ocrx_word' id='word_1_123' title='bbox 578 2066 797 2130; x_wconf 81' lang='grc' dir='ltr'>σύνοδος</span> <span class='ocrx_word' id='word_1_124' title='bbox 863 2068 937 2138; x_wconf 83' lang='grc' dir='ltr'>μὴ</span> <span class='ocrx_word' id='word_1_125' title='bbox 984 2059 1146 2121; x_wconf 80' lang='grc' dir='ltr'>πλέον</span> <span class='ocrx_word' id='word_1_126' title='bbox 1195 2067 1361 2136; x_wconf 82' lang='grc' dir='ltr'>τριῶν</span> <span class='ocrx_word' id='word_1_127' title='bbox 1412 2066 1727 2135; x_wconf 75' lang='grc' dir='ltr'>ἑϐδομάδων</span> <span class='ocrx_word' id='word_1_128' title='bbox 1781 2066 1873 2119; x_wconf 88' lang='grc' dir='ltr'><strong>τὸν</strong></span> 
     </span>
    </p>
   </div>
   <div class='ocr_carea' id='block_1_20' title="bbox 316 2148 1874 2227">
    <p class='ocr_par' dir='ltr' id='par_1_20' title="bbox 316 2148 1874 2227">
     <span class='ocr_line' id='line_1_20' title="bbox 316 2148 1874 2227; baseline 0.001 -19"><span class='ocrx_word' id='word_1_129' title='bbox 316 2156 721 2227; x_wconf 79' lang='grc' dir='ltr'>προσδεχθέντα</span> <span class='ocrx_word' id='word_1_130' title='bbox 744 2158 1047 2211; x_wconf 84' lang='grc' dir='ltr'>ἐπίσκοπον</span> <span class='ocrx_word' id='word_1_131' title='bbox 1072 2159 1169 2227; x_wconf 82' lang='grc' dir='ltr'>τῆς</span> <span class='ocrx_word' id='word_1_132' title='bbox 1191 2158 1389 2212; x_wconf 81' lang='grc' dir='ltr'>ἐαυτοῦ</span> <span class='ocrx_word' id='word_1_133' title='bbox 1415 2148 1874 2225; x_wconf 75' lang='grc' dir='ltr'>ἐκκλησίαςάπο-</span> 
     </span>
    </p>
   </div>
   <div class='ocr_carea' id='block_1_21' title="bbox 314 2245 1874 2318">
    <p class='ocr_par' dir='ltr' id='par_1_21' title="bbox 314 2245 1874 2318">
     <span class='ocr_line' id='line_1_21' title="bbox 314 2245 1874 2318; baseline 0.001 -20"><span class='ocrx_word' id='word_1_134' title='bbox 314 2245 717 2312; x_wconf 83' lang='grc' dir='ltr'>λιμπάνεσθαι·</span> <span class='ocrx_word' id='word_1_135' title='bbox 746 2247 864 2299; x_wconf 86' lang='grc' dir='ltr'>ἀλλ’</span> <span class='ocrx_word' id='word_1_136' title='bbox 916 2250 997 2312; x_wconf 83' lang='grc' dir='ltr'><strong>είς</strong></span> <span class='ocrx_word' id='word_1_137' title='bbox 1024 2247 1116 2301; x_wconf 83' lang='grc' dir='ltr'>τὸν</span> <span class='ocrx_word' id='word_1_138' title='bbox 1164 2248 1677 2318; x_wconf 73' lang='grc' dir='ltr'>ἐμπεπιστευμένον</span> <span class='ocrx_word' id='word_1_139' title='bbox 1726 2247 1874 2318; x_wconf 80' lang='grc' dir='ltr'>αὐτῷ</span> 
     </span>
    </p>
   </div>
   <div class='ocr_carea' id='block_1_22' title="bbox 1427 311 2453 380">
    <p class='ocr_par' dir='ltr' id='par_1_22' title="bbox 1427 311 2453 380">
     <span class='ocr_line' id='line_1_22' title="bbox 1427 311 2453 380; baseline 0.006 -9"><span class='ocrx_word' id='word_1_140' title='bbox 1427 311 1504 371; x_wconf 81' lang='grc' dir='ltr'><strong>ἰΝ</strong></span> <span class='ocrx_word' id='word_1_141' title='bbox 1543 313 1706 374; x_wconf 81' lang='lat' dir='ltr'><strong>CAN.</strong></span> <span class='ocrx_word' id='word_1_142' title='bbox 1748 313 1866 374; x_wconf 82' lang='lat' dir='ltr'><strong>XII</strong></span> <span class='ocrx_word' id='word_1_143' title='bbox 1908 312 2114 380; x_wconf 88' lang='lat' dir='ltr'><strong>CONC.</strong></span> <span class='ocrx_word' id='word_1_144' title='bbox 2159 317 2453 377; x_wconf 81' lang='lat' dir='ltr'><strong>SARDIC.</strong></span> 
     </span>
    </p>
   </div>
   <div class='ocr_carea' id='block_1_23' title="bbox 398 410 1938 490">
    <p class='ocr_par' dir='ltr' id='par_1_23' title="bbox 398 410 1938 490">
     <span class='ocr_line' id='line_1_23' title="bbox 398 410 1938 490; baseline -0.001 -16"><span class='ocrx_word' id='word_1_145' title='bbox 398 441 417 474; x_wconf 86' lang='grc'><strong><em>‹</em></strong></span> <span class='ocrx_word' id='word_1_146' title='bbox 456 438 583 485; x_wconf 85' lang='grc' dir='ltr'>που,</span> <span class='ocrx_word' id='word_1_147' title='bbox 616 418 708 473; x_wconf 78' lang='grc' dir='ltr'><strong>τοῦ</strong></span> <span class='ocrx_word' id='word_1_148' title='bbox 740 410 1257 490; x_wconf 79' lang='grc' dir='ltr'>προσκαλεσαμένου</span> <span class='ocrx_word' id='word_1_149' title='bbox 1297 419 1506 477; x_wconf 81' lang='grc' dir='ltr'>ἰδιώτου</span> <span class='ocrx_word' id='word_1_150' title='bbox 1557 422 1859 490; x_wconf 77' lang='grc' dir='ltr'>τυγχάνον·</span> <span class='ocrx_word' id='word_1_151' title='bbox 1890 427 1938 482; x_wconf 75' lang='grc' dir='ltr'>Α</span> 
     </span>
    </p>
   </div>
   <div class='ocr_carea' id='block_1_24' title="bbox 1896 1758 1945 1818">
    <p class='ocr_par' dir='ltr' id='par_1_24' title="bbox 1896 1758 1945 1818">
     <span class='ocr_line' id='line_1_24' title="bbox 1896 1758 1945 1818; baseline 0 0"><span class='ocrx_word' id='word_1_152' title='bbox 1896 1758 1945 1818; x_wconf 87' lang='grc' dir='ltr'><strong>Β</strong></span> 
     </span>
    </p>
   </div>
   <div class='ocr_carea' id='block_1_25' title="bbox 3395 319 3531 388">
    <p class='ocr_par' dir='ltr' id='par_1_25' title="bbox 3395 319 3531 388">
     <span class='ocr_line' id='line_1_25' title="bbox 3395 319 3531 388; baseline -0.051 0"><span class='ocrx_word' id='word_1_153' title='bbox 3395 319 3531 388; x_wconf 68' lang='grc'><strong>1470</strong></span> 
     </span>
    </p>
   </div>
   <div class='ocr_carea' id='block_1_26' title="bbox 2048 426 3523 497">
    <p class='ocr_par' dir='ltr' id='par_1_26' title="bbox 2048 426 3523 497">
     <span class='ocr_line' id='line_1_26' title="bbox 2048 426 3523 497; baseline 0.008 -21"><span class='ocrx_word' id='word_1_154' title='bbox 2048 444 2068 476; x_wconf 76' lang='grc' dir='ltr'><strong>ι</strong></span> <span class='ocrx_word' id='word_1_155' title='bbox 2099 426 2329 481; x_wconf 80' lang='lat' dir='ltr'><strong>accersit</strong></span> <span class='ocrx_word' id='word_1_156' title='bbox 2383 427 2454 481; x_wconf 90' lang='lat' dir='ltr'><strong>sit</strong></span> <span class='ocrx_word' id='word_1_157' title='bbox 2512 427 2809 497; x_wconf 85' lang='lat' dir='ltr'><strong>imperitus,</strong></span> <span class='ocrx_word' id='word_1_158' title='bbox 2844 444 2909 483; x_wconf 90' lang='lat' dir='ltr'><strong>ne</strong></span> <span class='ocrx_word' id='word_1_159' title='bbox 2933 430 3091 484; x_wconf 90' lang='lat' dir='ltr'><strong>nimis</strong></span> <span class='ocrx_word' id='word_1_160' title='bbox 3120 429 3336 486; x_wconf 86' lang='lat' dir='ltr'><strong>assidue</strong></span> <span class='ocrx_word' id='word_1_161' title='bbox 3392 450 3523 488; x_wconf 88' lang='lat' dir='ltr'><strong>con-</strong></span> 
     </span>
    </p>
   </div>
   <div class='ocr_carea' id='block_1_27' title="bbox 2051 516 3525 589">
    <p class='ocr_par' dir='ltr' id='par_1_27' title="bbox 2051 516 3525 589">
     <span class='ocr_line' id='line_1_27' title="bbox 2051 516 3525 589; baseline 0.006 -23"><span class='ocrx_word' id='word_1_162' title='bbox 2051 534 2070 566; x_wconf 84' lang='grc'><strong>‹</strong></span> <span class='ocrx_word' id='word_1_163' title='bbox 2107 516 2372 582; x_wconf 89' lang='lat' dir='ltr'><strong>cionetur,</strong></span> <span class='ocrx_word' id='word_1_164' title='bbox 2406 519 2506 571; x_wconf 86' lang='lat' dir='ltr'><strong>hoc</strong></span> <span class='ocrx_word' id='word_1_165' title='bbox 2531 520 2673 572; x_wconf 90' lang='lat' dir='ltr'><strong>enim</strong></span> <span class='ocrx_word' id='word_1_166' title='bbox 2716 520 2967 589; x_wconf 88' lang='lat' dir='ltr'><strong>imperito</strong></span> <span class='ocrx_word' id='word_1_167' title='bbox 2999 519 3241 573; x_wconf 78' lang='lat' dir='ltr'><strong>dedecori</strong></span> <span class='ocrx_word' id='word_1_168' title='bbox 3266 521 3374 575; x_wconf 92' lang='lat' dir='ltr'><strong>erit</strong></span> <span class='ocrx_word' id='word_1_169' title='bbox 3401 562 3415 587; x_wconf 94' lang='lat'><strong>,</strong></span> <span class='ocrx_word' id='word_1_170' title='bbox 3471 533 3525 575; x_wconf 83' lang='lat' dir='ltr'><strong>et</strong></span> 
     </span>
    </p>
   </div>
   <div class='ocr_carea' id='block_1_28' title="bbox 2050 608 3525 678">
    <p class='ocr_par' dir='ltr' id='par_1_28' title="bbox 2050 608 3525 678">
     <span class='ocr_line' id='line_1_28' title="bbox 2050 608 3525 678; baseline 0.008 -23"><span class='ocrx_word' id='word_1_171' title='bbox 2050 623 2071 655; x_wconf 74' lang='grc' dir='ltr'><strong>ι</strong></span> <span class='ocrx_word' id='word_1_172' title='bbox 2109 608 2246 660; x_wconf 91' lang='lat' dir='ltr'><strong>alter</strong></span> <span class='ocrx_word' id='word_1_173' title='bbox 2298 608 2667 678; x_wconf 75' lang='lat' dir='ltr'><strong>episcopatum</strong></span> <span class='ocrx_word' id='word_1_174' title='bbox 2723 610 2837 677; x_wconf 89' lang='lat' dir='ltr'><strong>ejus</strong></span> <span class='ocrx_word' id='word_1_175' title='bbox 2873 610 3080 663; x_wconf 80' lang='lat' dir='ltr'><strong>ambire</strong></span> <span class='ocrx_word' id='word_1_176' title='bbox 3140 610 3425 667; x_wconf 77' lang='lat' dir='ltr'><strong>videbitur.</strong></span> <span class='ocrx_word' id='word_1_177' title='bbox 3460 612 3525 667; x_wconf 86' lang='lat' dir='ltr'><strong>Et</strong></span> 
     </span>
    </p>
   </div>
   <div class='ocr_carea' id='block_1_29' title="bbox 2051 691 2990 767">
    <p class='ocr_par' dir='ltr' id='par_1_29' title="bbox 2051 691 2990 767">
     <span class='ocr_line' id='line_1_29' title="bbox 2051 691 2990 767; baseline 0.005 -21"><span class='ocrx_word' id='word_1_178' title='bbox 2051 712 2073 746; x_wconf 74' lang='grc' dir='ltr'><strong>ι</strong></span> <span class='ocrx_word' id='word_1_179' title='bbox 2104 703 2388 763; x_wconf 82' lang='lat' dir='ltr'><strong>utrumque</strong></span> <span class='ocrx_word' id='word_1_180' title='bbox 2434 691 2990 767; x_wconf 52' lang='lat' dir='ltr'><strong>reprehendendum.)</strong></span> 
     </span>
    </p>
   </div>
   <div class='ocr_carea' id='block_1_30' title="bbox 1966 786 3523 862">
    <p class='ocr_par' dir='ltr' id='par_1_30' title="bbox 1966 786 3523 862">
     <span class='ocr_line' id='line_1_30' title="bbox 1966 786 3523 862; baseline 0.003 -22"><span class='ocrx_word' id='word_1_181' title='bbox 1966 786 2194 844; x_wconf 79' lang='lat' dir='ltr'><strong>ARIST.</strong></span> <span class='ocrx_word' id='word_1_182' title='bbox 2241 807 2259 840; x_wconf 78' lang='grc' dir='ltr'><strong>ι</strong></span> <span class='ocrx_word' id='word_1_183' title='bbox 2293 787 2420 844; x_wconf 88' lang='lat' dir='ltr'><strong>Sine</strong></span> <span class='ocrx_word' id='word_1_184' title='bbox 2450 792 2595 859; x_wconf 83' lang='lat' dir='ltr'><strong>gravi</strong></span> <span class='ocrx_word' id='word_1_185' title='bbox 2628 794 2946 847; x_wconf 82' lang='lat' dir='ltr'><strong>necessitate</strong></span> <span class='ocrx_word' id='word_1_186' title='bbox 2996 793 3303 862; x_wconf 76' lang='lat' dir='ltr'><strong>episcopum</strong></span> <span class='ocrx_word' id='word_1_187' title='bbox 3356 808 3384 845; x_wconf 87' lang='lat' dir='ltr'><strong>a</strong></span> <span class='ocrx_word' id='word_1_188' title='bbox 3429 808 3523 846; x_wconf 85' lang='lat' dir='ltr'><strong>sua</strong></span> 
     </span>
    </p>
   </div>
   <div class='ocr_carea' id='block_1_31' title="bbox 2145 878 3346 938">
    <p class='ocr_par' dir='ltr' id='par_1_31' title="bbox 2145 878 3346 938">
     <span class='ocr_line' id='line_1_31' title="bbox 2145 878 3346 938; baseline 0.002 -8"><span class='ocrx_word' id='word_1_189' title='bbox 2145 896 2165 930; x_wconf 86' lang='grc'><strong><em>‹</em></strong></span> <span class='ocrx_word' id='word_1_190' title='bbox 2198 878 2396 934; x_wconf 83' lang='lat' dir='ltr'><strong>diutius</strong></span> <span class='ocrx_word' id='word_1_191' title='bbox 2437 882 2629 936; x_wconf 83' lang='lat' dir='ltr'><strong>abesse</strong></span> <span class='ocrx_word' id='word_1_192' title='bbox 2671 880 2905 936; x_wconf 78' lang='lat' dir='ltr'><strong>Ecclesia</strong></span> <span class='ocrx_word' id='word_1_193' title='bbox 2937 885 3159 938; x_wconf 83' lang='lat' dir='ltr'><strong>arduum</strong></span> <span class='ocrx_word' id='word_1_194' title='bbox 3196 892 3297 937; x_wconf 87' lang='lat' dir='ltr'><strong>est.</strong></span> <span class='ocrx_word' id='word_1_195' title='bbox 3327 900 3346 933; x_wconf 75' lang='grc' dir='ltr'><strong>ι</strong></span> 
     </span>
    </p>
   </div>
   <div class='ocr_carea' id='block_1_32' title="bbox 2044 1053 3527 1127">
    <p class='ocr_par' dir='ltr' id='par_1_32' title="bbox 2044 1053 3527 1127">
     <span class='ocr_line' id='line_1_32' title="bbox 2044 1053 3527 1127; baseline 0.001 -18"><span class='ocrx_word' id='word_1_196' title='bbox 2044 1053 2100 1109; x_wconf 86' lang='lat' dir='ltr'><strong>Si</strong></span> <span class='ocrx_word' id='word_1_197' title='bbox 2131 1056 2254 1123; x_wconf 79' lang='lat' dir='ltr'><strong>quis</strong></span> <span class='ocrx_word' id='word_1_198' title='bbox 2278 1056 2564 1127; x_wconf 85' lang='lat' dir='ltr'><strong>episcopus</strong></span> <span class='ocrx_word' id='word_1_199' title='bbox 2617 1060 2684 1113; x_wconf 84' lang='lat' dir='ltr'><strong>ad</strong></span> <span class='ocrx_word' id='word_1_200' title='bbox 2739 1059 2897 1113; x_wconf 87' lang='lat' dir='ltr'><strong>aliam</strong></span> <span class='ocrx_word' id='word_1_201' title='bbox 2962 1062 3186 1116; x_wconf 84' lang='lat' dir='ltr'><strong>accedat</strong></span> <span class='ocrx_word' id='word_1_202' title='bbox 3234 1060 3527 1120; x_wconf 83' lang='lat' dir='ltr'><strong>civitatem,</strong></span> 
     </span>
    </p>
   </div>
   <div class='ocr_carea' id='block_1_33' title="bbox 1968 1147 3530 1222">
    <p class='ocr_par' dir='ltr' id='par_1_33' title="bbox 1968 1147 3530 1222">
     <span class='ocr_line' id='line_1_33' title="bbox 1968 1147 3530 1222; baseline 0.003 -21"><span class='ocrx_word' id='word_1_203' title='bbox 1968 1147 2038 1201; x_wconf 80' lang='lat' dir='ltr'><strong>ab</strong></span> <span class='ocrx_word' id='word_1_204' title='bbox 2066 1148 2185 1218; x_wconf 89' lang='lat' dir='ltr'><strong>ipso</strong></span> <span class='ocrx_word' id='word_1_205' title='bbox 2218 1150 2449 1218; x_wconf 75' lang='lat' dir='ltr'><strong>regionis</strong></span> <span class='ocrx_word' id='word_1_206' title='bbox 2472 1152 2725 1219; x_wconf 89' lang='lat' dir='ltr'><strong>episcopo</strong></span> <span class='ocrx_word' id='word_1_207' title='bbox 2752 1167 2995 1219; x_wconf 75' lang='lat' dir='ltr'><strong>vocatus,</strong></span> <span class='ocrx_word' id='word_1_208' title='bbox 3013 1156 3169 1222; x_wconf 88' lang='lat' dir='ltr'><strong>etqui</strong></span> <span class='ocrx_word' id='word_1_209' title='bbox 3189 1171 3307 1208; x_wconf 89' lang='lat' dir='ltr'><strong>eum</strong></span> <span class='ocrx_word' id='word_1_210' title='bbox 3328 1154 3530 1206; x_wconf 71' lang='lat' dir='ltr'><strong>vacavit</strong></span> 
     </span>
    </p>
   </div>
   <div class='ocr_carea' id='block_1_34' title="bbox 1970 1243 3532 1315">
    <p class='ocr_par' dir='ltr' id='par_1_34' title="bbox 1970 1243 3532 1315">
     <span class='ocr_line' id='line_1_34' title="bbox 1970 1243 3532 1315; baseline -0.001 -19"><span class='ocrx_word' id='word_1_211' title='bbox 1970 1256 2077 1296; x_wconf 88' lang='lat' dir='ltr'><strong>non</strong></span> <span class='ocrx_word' id='word_1_212' title='bbox 2104 1251 2188 1296; x_wconf 87' lang='lat' dir='ltr'><strong>est</strong></span> <span class='ocrx_word' id='word_1_213' title='bbox 2213 1243 2453 1297; x_wconf 88' lang='lat' dir='ltr'><strong>doctrina</strong></span> <span class='ocrx_word' id='word_1_214' title='bbox 2485 1244 2807 1312; x_wconf 88' lang='lat' dir='ltr'><strong>instructus,</strong></span> <span class='ocrx_word' id='word_1_215' title='bbox 2876 1263 2941 1301; x_wconf 93' lang='lat' dir='ltr'><strong>ue</strong></span> <span class='ocrx_word' id='word_1_216' title='bbox 2998 1247 3312 1315; x_wconf 83' lang='lat' dir='ltr'><strong>frequenter</strong></span> <span class='ocrx_word' id='word_1_217' title='bbox 3362 1261 3532 1314; x_wconf 92' lang='lat' dir='ltr'><strong>popu-</strong></span> 
     </span>
    </p>
   </div>
   <div class='ocr_carea' id='block_1_35' title="bbox 1967 1333 3531 1401">
    <p class='ocr_par' dir='ltr' id='par_1_35' title="bbox 1967 1333 3531 1401">
     <span class='ocr_line' id='line_1_35' title="bbox 1967 1333 3531 1401; baseline 0.001 -14"><span class='ocrx_word' id='word_1_218' title='bbox 1967 1333 2077 1388; x_wconf 91' lang='lat' dir='ltr'><strong>lum</strong></span> <span class='ocrx_word' id='word_1_219' title='bbox 2107 1334 2317 1401; x_wconf 84' lang='lat' dir='ltr'><strong>doceat,</strong></span> <span class='ocrx_word' id='word_1_220' title='bbox 2349 1346 2402 1390; x_wconf 91' lang='lat' dir='ltr'><strong>et</strong></span> <span class='ocrx_word' id='word_1_221' title='bbox 2432 1338 2720 1392; x_wconf 82' lang='lat' dir='ltr'><strong>conciones</strong></span> <span class='ocrx_word' id='word_1_222' title='bbox 2753 1339 2931 1393; x_wconf 76' lang='lat' dir='ltr'><strong>faciat.</strong></span> <span class='ocrx_word' id='word_1_223' title='bbox 2990 1339 3103 1393; x_wconf 86' lang='lat' dir='ltr'><strong>Hoc</strong></span> <span class='ocrx_word' id='word_1_224' title='bbox 3131 1340 3273 1394; x_wconf 92' lang='lat' dir='ltr'><strong>enim</strong></span> <span class='ocrx_word' id='word_1_225' title='bbox 3327 1338 3531 1391; x_wconf 85' lang='lat' dir='ltr'><strong>tumul-</strong></span> 
     </span>
    </p>
   </div>
   <div class='ocr_carea' id='block_1_36' title="bbox 1970 1426 3529 1500">
    <p class='ocr_par' dir='ltr' id='par_1_36' title="bbox 1970 1426 3529 1500">
     <span class='ocr_line' id='line_1_36' title="bbox 1970 1426 3529 1500; baseline 0.001 -22"><span class='ocrx_word' id='word_1_226' title='bbox 1970 1434 2056 1481; x_wconf 86' lang='lat' dir='ltr'><strong>tus</strong></span> <span class='ocrx_word' id='word_1_227' title='bbox 2096 1426 2339 1481; x_wconf 78' lang='lat' dir='ltr'><strong>excitare</strong></span> <span class='ocrx_word' id='word_1_228' title='bbox 2367 1428 2526 1493; x_wconf 86' lang='lat' dir='ltr'><strong>solet,</strong></span> <span class='ocrx_word' id='word_1_229' title='bbox 2581 1439 2636 1482; x_wconf 82' lang='lat' dir='ltr'><strong>et</strong></span> <span class='ocrx_word' id='word_1_230' title='bbox 2684 1430 2939 1498; x_wconf 74' lang='lat' dir='ltr'><strong>Ppi5(&#39;0|l0</strong></span> <span class='ocrx_word' id='word_1_231' title='bbox 2976 1430 3068 1500; x_wconf 85' lang='lat' dir='ltr'><strong>qui</strong></span> <span class='ocrx_word' id='word_1_232' title='bbox 3116 1447 3236 1483; x_wconf 84' lang='lat' dir='ltr'><strong>eum</strong></span> <span class='ocrx_word' id='word_1_233' title='bbox 3298 1428 3529 1491; x_wconf 80' lang='lat' dir='ltr'><strong>vocavit,</strong></span> 
     </span>
    </p>
   </div>
   <div class='ocr_carea' id='block_1_37' title="bbox 1971 1518 3532 1588">
    <p class='ocr_par' dir='ltr' id='par_1_37' title="bbox 1971 1518 3532 1588">
     <span class='ocr_line' id='line_1_37' title="bbox 1971 1518 3532 1588; baseline -0.001 -16"><span class='ocrx_word' id='word_1_234' title='bbox 1971 1526 2346 1588; x_wconf 88' lang='lat' dir='ltr'><strong>contemptum</strong></span> <span class='ocrx_word' id='word_1_235' title='bbox 2379 1518 2593 1575; x_wconf 80' lang='lat' dir='ltr'><strong>aﬂ&#39;erre.</strong></span> <span class='ocrx_word' id='word_1_236' title='bbox 2628 1522 2854 1575; x_wconf 80' lang='lat' dir='ltr'><strong>Videtur</strong></span> <span class='ocrx_word' id='word_1_237' title='bbox 2888 1530 3088 1575; x_wconf 83' lang='lat' dir='ltr'><strong>&#39;autem</strong></span> <span class='ocrx_word' id='word_1_238' title='bbox 3122 1529 3177 1574; x_wconf 90' lang='lat' dir='ltr'><strong>et</strong></span> <span class='ocrx_word' id='word_1_239' title='bbox 3228 1536 3322 1586; x_wconf 81' lang='lat' dir='ltr'><strong>per</strong></span> <span class='ocrx_word' id='word_1_240' title='bbox 3348 1530 3532 1573; x_wconf 87' lang='lat' dir='ltr'><strong>osten-</strong></span> 
     </span>
    </p>
   </div>
   <div class='ocr_carea' id='block_1_38' title="bbox 1969 1608 3528 1676">
    <p class='ocr_par' dir='ltr' id='par_1_38' title="bbox 1969 1608 3528 1676">
     <span class='ocr_line' id='line_1_38' title="bbox 1969 1608 3528 1676; baseline -0.002 -13"><span class='ocrx_word' id='word_1_241' title='bbox 1969 1608 2228 1664; x_wconf 83' lang='lat' dir='ltr'><strong>tationem</strong></span> <span class='ocrx_word' id='word_1_242' title='bbox 2253 1609 2411 1665; x_wconf 89' lang='lat' dir='ltr'><strong>istam</strong></span> <span class='ocrx_word' id='word_1_243' title='bbox 2436 1610 2664 1665; x_wconf 87' lang='lat' dir='ltr'><strong>alienam</strong></span> <span class='ocrx_word' id='word_1_244' title='bbox 2708 1614 2915 1666; x_wconf 93' lang='lat' dir='ltr'><strong>ambire</strong></span> <span class='ocrx_word' id='word_1_245' title='bbox 2950 1612 3247 1667; x_wconf 83' lang='lat' dir='ltr'><strong>Ecclesiam</strong></span> <span class='ocrx_word' id='word_1_246' title='bbox 3280 1622 3334 1664; x_wconf 90' lang='lat' dir='ltr'><strong>et</strong></span> <span class='ocrx_word' id='word_1_247' title='bbox 3362 1626 3528 1676; x_wconf 83' lang='lat' dir='ltr'><strong>popu-</strong></span> 
     </span>
    </p>
   </div>
   <div class='ocr_carea' id='block_1_39' title="bbox 1969 1697 3535 1769">
    <p class='ocr_par' dir='ltr' id='par_1_39' title="bbox 1969 1697 3535 1769">
     <span class='ocr_line' id='line_1_39' title="bbox 1969 1697 3535 1769; baseline 0 -18"><span class='ocrx_word' id='word_1_248' title='bbox 1969 1697 2079 1752; x_wconf 89' lang='lat' dir='ltr'><strong>lum</strong></span> <span class='ocrx_word' id='word_1_249' title='bbox 2102 1700 2170 1756; x_wconf 90' lang='lat' dir='ltr'><strong>ad</strong></span> <span class='ocrx_word' id='word_1_250' title='bbox 2196 1717 2253 1756; x_wconf 90' lang='lat' dir='ltr'><strong>se</strong></span> <span class='ocrx_word' id='word_1_251' title='bbox 2283 1702 2577 1769; x_wconf 86' lang='lat' dir='ltr'><strong>attrahere,</strong></span> <span class='ocrx_word' id='word_1_252' title='bbox 2606 1713 2659 1758; x_wconf 91' lang='lat' dir='ltr'><strong>et</strong></span> <span class='ocrx_word' id='word_1_253' title='bbox 2706 1707 2927 1759; x_wconf 86' lang='lat' dir='ltr'><strong>studere</strong></span> <span class='ocrx_word' id='word_1_254' title='bbox 2989 1704 3089 1759; x_wconf 86' lang='lat' dir='ltr'><strong>sibi</strong></span> <span class='ocrx_word' id='word_1_255' title='bbox 3144 1705 3395 1757; x_wconf 84' lang='lat' dir='ltr'><strong>traditam</strong></span> <span class='ocrx_word' id='word_1_256' title='bbox 3434 1700 3535 1753; x_wconf 78' lang='lat' dir='ltr'><strong>Ec-</strong></span> 
     </span>
    </p>
   </div>
   <div class='ocr_carea' id='block_1_40' title="bbox 1977 1792 3523 1865">
    <p class='ocr_par' dir='ltr' id='par_1_40' title="bbox 1977 1792 3523 1865">
     <span class='ocr_line' id='line_1_40' title="bbox 1977 1792 3523 1865; baseline -0.001 -19"><span class='ocrx_word' id='word_1_257' title='bbox 1977 1792 2193 1848; x_wconf 84' lang='lat' dir='ltr'><strong>clesiam</strong></span> <span class='ocrx_word' id='word_1_258' title='bbox 2217 1796 2541 1865; x_wconf 87' lang='lat' dir='ltr'><strong>relinquere,</strong></span> <span class='ocrx_word' id='word_1_259' title='bbox 2569 1808 2622 1853; x_wconf 90' lang='lat' dir='ltr'><strong>et</strong></span> <span class='ocrx_word' id='word_1_260' title='bbox 2653 1798 2705 1852; x_wconf 90' lang='lat' dir='ltr'><strong>in</strong></span> <span class='ocrx_word' id='word_1_261' title='bbox 2739 1813 2855 1853; x_wconf 82' lang='lat' dir='ltr'><strong>eam</strong></span> <span class='ocrx_word' id='word_1_262' title='bbox 2884 1797 3192 1852; x_wconf 80' lang='lat' dir='ltr'><strong>transferri.</strong></span> <span class='ocrx_word' id='word_1_263' title='bbox 3233 1796 3523 1861; x_wconf 77' lang='lat' dir='ltr'><strong>Propterea</strong></span> 
     </span>
    </p>
   </div>
   <div class='ocr_carea' id='block_1_41' title="bbox 1979 1884 3530 1960">
    <p class='ocr_par' dir='ltr' id='par_1_41' title="bbox 1979 1884 3530 1960">
     <span class='ocr_line' id='line_1_41' title="bbox 1979 1884 3530 1960; baseline -0.001 -20"><span class='ocrx_word' id='word_1_264' title='bbox 1979 1884 2415 1955; x_wconf 78' lang='lat' dir='ltr'><strong>itaqueldecrevit</strong></span> <span class='ocrx_word' id='word_1_265' title='bbox 2446 1901 2630 1944; x_wconf 83' lang='lat' dir='ltr'><strong>sancta</strong></span> <span class='ocrx_word' id='word_1_266' title='bbox 2663 1891 2897 1960; x_wconf 78' lang='lat' dir='ltr'><strong>synodus</strong></span> <span class='ocrx_word' id='word_1_267' title='bbox 2916 1890 3219 1958; x_wconf 80' lang='lat' dir='ltr'><strong>episcopum</strong></span> <span class='ocrx_word' id='word_1_268' title='bbox 3240 1888 3530 1940; x_wconf 77' lang='lat' dir='ltr'><strong>admiSsum</strong></span> 
     </span>
    </p>
   </div>
   <div class='ocr_carea' id='block_1_42' title="bbox 1975 1974 3533 2046">
    <p class='ocr_par' dir='ltr' id='par_1_42' title="bbox 1975 1974 3533 2046">
     <span class='ocr_line' id='line_1_42' title="bbox 1975 1974 3533 2046; baseline 0.001 -18"><span class='ocrx_word' id='word_1_269' title='bbox 1975 1988 2082 2028; x_wconf 87' lang='lat' dir='ltr'><strong>non</strong></span> <span class='ocrx_word' id='word_1_270' title='bbox 2100 1974 2379 2044; x_wconf 87' lang='lat' dir='ltr'><strong>plusquam</strong></span> <span class='ocrx_word' id='word_1_271' title='bbox 2396 1988 2508 2032; x_wconf 88' lang='lat' dir='ltr'><strong>tres</strong></span> <span class='ocrx_word' id='word_1_272' title='bbox 2524 1979 2848 2046; x_wconf 80' lang='lat' dir='ltr'><strong>septimanns</strong></span> <span class='ocrx_word' id='word_1_273' title='bbox 2865 1994 3017 2033; x_wconf 85' lang='lat' dir='ltr'><strong>suam</strong></span> <span class='ocrx_word' id='word_1_274' title='bbox 3041 1979 3343 2044; x_wconf 88' lang='lat' dir='ltr'><strong>relinquere</strong></span> <span class='ocrx_word' id='word_1_275' title='bbox 3360 1977 3533 2030; x_wconf 86' lang='lat' dir='ltr'><strong>cccle-</strong></span> 
     </span>
    </p>
   </div>
   <div class='ocr_carea' id='block_1_43' title="bbox 1972 2070 3529 2141">
    <p class='ocr_par' dir='ltr' id='par_1_43' title="bbox 1972 2070 3529 2141">
     <span class='ocr_line' id='line_1_43' title="bbox 1972 2070 3529 2141; baseline -0.001 -18"><span class='ocrx_word' id='word_1_276' title='bbox 1972 2070 2135 2135; x_wconf 75' lang='lat' dir='ltr'><strong>siztm,</strong></span> <span class='ocrx_word' id='word_1_277' title='bbox 2164 2072 2254 2125; x_wconf 86' lang='lat' dir='ltr'><strong>sed</strong></span> <span class='ocrx_word' id='word_1_278' title='bbox 2290 2072 2355 2125; x_wconf 86' lang='lat' dir='ltr'><strong>ad</strong></span> <span class='ocrx_word' id='word_1_279' title='bbox 2383 2074 2633 2141; x_wconf 87' lang='lat' dir='ltr'><strong>populum</strong></span> <span class='ocrx_word' id='word_1_280' title='bbox 2664 2075 2762 2127; x_wconf 91' lang='lat' dir='ltr'><strong>sibi</strong></span> <span class='ocrx_word' id='word_1_281' title='bbox 2797 2073 3163 2128; x_wconf 82' lang='lat' dir='ltr'><strong>concreditum</strong></span> <span class='ocrx_word' id='word_1_282' title='bbox 3198 2074 3391 2129; x_wconf 84' lang='lat' dir='ltr'><strong>redire.</strong></span> <span class='ocrx_word' id='word_1_283' title='bbox 3432 2070 3529 2124; x_wconf 74' lang='lat' dir='ltr'><strong>nisi</strong></span> 
     </span>
    </p>
   </div>
   <div class='ocr_carea' id='block_1_44' title="bbox 1971 2161 3530 2235">
    <p class='ocr_par' dir='ltr' id='par_1_44' title="bbox 1971 2161 3530 2235">
     <span class='ocr_line' id='line_1_44' title="bbox 1971 2161 3530 2235; baseline -0.001 -21"><span class='ocrx_word' id='word_1_284' title='bbox 1971 2161 2202 2217; x_wconf 78' lang='lat' dir='ltr'><strong>fortasse</strong></span> <span class='ocrx_word' id='word_1_285' title='bbox 2226 2165 2540 2232; x_wconf 84' lang='lat' dir='ltr'><strong>gravissima</strong></span> <span class='ocrx_word' id='word_1_286' title='bbox 2571 2166 2751 2235; x_wconf 85' lang='lat' dir='ltr'><strong>aliqua</strong></span> <span class='ocrx_word' id='word_1_287' title='bbox 2804 2168 3116 2226; x_wconf 76' lang='lat' dir='ltr'><strong>necessitas,</strong></span> <span class='ocrx_word' id='word_1_288' title='bbox 3143 2174 3234 2217; x_wconf 86' lang='lat' dir='ltr'><strong>aut</strong></span> <span class='ocrx_word' id='word_1_289' title='bbox 3262 2163 3530 2232; x_wconf 81' lang='lat' dir='ltr'><strong>negotium</strong></span> 
     </span>
    </p>
   </div>
   <div class='ocr_carea' id='block_1_45' title="bbox 1973 2250 3255 2325">
    <p class='ocr_par' dir='ltr' id='par_1_45' title="bbox 1973 2250 3255 2325">
     <span class='ocr_line' id='line_1_45' title="bbox 1973 2250 3255 2325; baseline 0.005 -23"><span class='ocrx_word' id='word_1_290' title='bbox 1973 2250 2189 2319; x_wconf 87' lang='lat' dir='ltr'><strong>aliquod</strong></span> <span class='ocrx_word' id='word_1_291' title='bbox 2215 2253 2427 2309; x_wconf 72' lang='lat' dir='ltr'><strong>difﬁcile</strong></span> <span class='ocrx_word' id='word_1_292' title='bbox 2457 2270 2577 2310; x_wconf 88' lang='lat' dir='ltr'><strong>eum</strong></span> <span class='ocrx_word' id='word_1_293' title='bbox 2611 2255 2822 2325; x_wconf 88' lang='lat' dir='ltr'><strong>longius</strong></span> <span class='ocrx_word' id='word_1_294' title='bbox 2851 2257 3036 2310; x_wconf 78' lang='lat' dir='ltr'><strong>abesse</strong></span> <span class='ocrx_word' id='word_1_295' title='bbox 3078 2267 3255 2322; x_wconf 72' lang='lat' dir='ltr'><strong>cogat.</strong></span> 
     </span>
    </p>
   </div>
   <div class='ocr_carea' id='block_1_46' title="bbox 315 2337 3535 2418">
    <p class='ocr_par' dir='ltr' id='par_1_46' title="bbox 315 2337 3535 2418">
     <span class='ocr_line' id='line_1_46' title="bbox 315 2337 3535 2418; baseline 0.001 -28"><span class='ocrx_word' id='word_1_296' title='bbox 315 2337 443 2393; x_wconf 78' lang='grc' dir='ltr'>λαὸν</span> <span class='ocrx_word' id='word_1_297' title='bbox 483 2339 868 2409; x_wconf 76' lang='grc' dir='ltr'>ὑποστρέφειν,</span> <span class='ocrx_word' id='word_1_298' title='bbox 916 2342 963 2395; x_wconf 90' lang='grc' dir='ltr'><strong>εί</strong></span> <span class='ocrx_word' id='word_1_299' title='bbox 996 2342 1073 2412; x_wconf 88' lang='grc' dir='ltr'><strong>μή</strong></span> <span class='ocrx_word' id='word_1_300' title='bbox 1123 2340 1225 2395; x_wconf 87' lang='grc' dir='ltr'><strong>πού</strong></span> <span class='ocrx_word' id='word_1_301' title='bbox 1263 2358 1349 2405; x_wconf 88' lang='grc' dir='ltr'><strong>τις</strong></span> <span class='ocrx_word' id='word_1_302' title='bbox 1378 2340 1539 2394; x_wconf 79' lang='grc' dir='ltr'>αὐτὸν</span> <span class='ocrx_word' id='word_1_303' title='bbox 1574 2340 1850 2412; x_wconf 82' lang='grc' dir='ltr'>βαρυτάτη</span> <span class='ocrx_word' id='word_1_304' title='bbox 1888 2341 2104 2414; x_wconf 79' lang='grc' dir='ltr'><strong>ἀνάγκη</strong></span> <span class='ocrx_word' id='word_1_305' title='bbox 2133 2344 2168 2415; x_wconf 76' lang='grc' dir='ltr'>ἢ</span> <span class='ocrx_word' id='word_1_306' title='bbox 2200 2347 2432 2418; x_wconf 80' lang='grc' dir='ltr'>πρᾶγμά</span> <span class='ocrx_word' id='word_1_307' title='bbox 2462 2365 2514 2401; x_wconf 83' lang='grc' dir='ltr'>τι</span> <span class='ocrx_word' id='word_1_308' title='bbox 2582 2348 2843 2418; x_wconf 73' lang='grc' dir='ltr'>δυσχερὲς</span> <span class='ocrx_word' id='word_1_309' title='bbox 2898 2348 2990 2399; x_wconf 75' lang='grc' dir='ltr'>καὶ</span> <span class='ocrx_word' id='word_1_310' title='bbox 3042 2348 3132 2399; x_wconf 67' lang='grc' dir='ltr'><strong>ἐπὶ</strong></span> <span class='ocrx_word' id='word_1_311' title='bbox 3181 2346 3343 2399; x_wconf 78' lang='grc' dir='ltr'>πλέον</span> <span class='ocrx_word' id='word_1_312' title='bbox 3405 2347 3535 2398; x_wconf 82' lang='grc' dir='ltr'>ἁπο-</span> 
     </span>
    </p>
   </div>
   <div class='ocr_carea' id='block_1_47' title="bbox 316 2433 964 2505">
    <p class='ocr_par' dir='ltr' id='par_1_47' title="bbox 316 2433 964 2505">
     <span class='ocr_line' id='line_1_47' title="bbox 316 2433 964 2505; baseline 0.005 -17"><span class='ocrx_word' id='word_1_313' title='bbox 316 2433 682 2505; x_wconf 78' lang='grc' dir='ltr'>λιμπάνεσθαι</span> <span class='ocrx_word' id='word_1_314' title='bbox 703 2437 964 2492; x_wconf 79' lang='grc' dir='ltr'>ἐκϐιάσοι.</span> 
     </span>
    </p>
   </div>
   <div class='ocr_carea' id='block_1_48' title="bbox 904 2529 1295 2616">
    <p class='ocr_par' dir='ltr' id='par_1_48' title="bbox 904 2529 1295 2616">
     <span class='ocr_line' id='line_1_48' title="bbox 904 2529 1295 2616; baseline -0.005 -29"><span class='ocrx_word' id='word_1_315' title='bbox 904 2531 1143 2587; x_wconf 78' lang='grc' dir='ltr'><strong>ΚΑΝΩΝ</strong></span> <span class='ocrx_word' id='word_1_316' title='bbox 1190 2529 1295 2616; x_wconf 54' lang='grc' dir='ltr'><strong>ηδ</strong></span> 
     </span>
    </p>
   </div>
   <div class='ocr_carea' id='block_1_49' title="bbox 326 2619 1877 2691">
    <p class='ocr_par' dir='ltr' id='par_1_49' title="bbox 326 2619 1877 2691">
     <span class='ocr_line' id='line_1_49' title="bbox 326 2619 1877 2691; baseline 0 -18"><span class='ocrx_word' id='word_1_317' title='bbox 326 2637 347 2673; x_wconf 74' lang='grc' dir='ltr'><strong>ε</strong></span> <span class='ocrx_word' id='word_1_318' title='bbox 398 2621 553 2685; x_wconf 78' lang='grc' dir='ltr'>Τινὲς</span> <span class='ocrx_word' id='word_1_319' title='bbox 576 2622 685 2676; x_wconf 89' lang='grc' dir='ltr'><strong>τῶν</strong></span> <span class='ocrx_word' id='word_1_320' title='bbox 709 2622 953 2691; x_wconf 80' lang='grc' dir='ltr'>ἀδελφῶν</span> <span class='ocrx_word' id='word_1_321' title='bbox 977 2623 1072 2675; x_wconf 61' lang='grc' dir='ltr'><strong>καί⁵</strong></span> <span class='ocrx_word' id='word_1_322' title='bbox 1107 2621 1525 2677; x_wconf 79' lang='grc' dir='ltr'>συνεπισκόπων</span> <span class='ocrx_word' id='word_1_323' title='bbox 1553 2621 1610 2675; x_wconf 81' lang='grc' dir='ltr'><strong>ἐν</strong></span> <span class='ocrx_word' id='word_1_324' title='bbox 1639 2623 1757 2686; x_wconf 87' lang='grc' dir='ltr'>ταῖς</span> <span class='ocrx_word' id='word_1_325' title='bbox 1779 2619 1877 2673; x_wconf 86' lang='grc' dir='ltr'>πό-</span> 
     </span>
    </p>
   </div>
   <div class='ocr_carea' id='block_1_50' title="bbox 399 2711 1875 2779">
    <p class='ocr_par' dir='ltr' id='par_1_50' title="bbox 399 2711 1875 2779">
     <span class='ocr_line' id='line_1_50' title="bbox 399 2711 1875 2779; baseline -0.001 -14"><span class='ocrx_word' id='word_1_326' title='bbox 399 2730 419 2765; x_wconf 75' lang='grc'><strong>(</strong></span> <span class='ocrx_word' id='word_1_327' title='bbox 462 2712 631 2778; x_wconf 87' lang='grc' dir='ltr'>λεσιν,</span> <span class='ocrx_word' id='word_1_328' title='bbox 664 2716 722 2767; x_wconf 88' lang='grc' dir='ltr'>ἐν</span> <span class='ocrx_word' id='word_1_329' title='bbox 775 2711 866 2777; x_wconf 80' lang='grc' dir='ltr'>αἷς</span> <span class='ocrx_word' id='word_1_330' title='bbox 918 2715 1209 2769; x_wconf 87' lang='grc' dir='ltr'>ἐπίσκοποι</span> <span class='ocrx_word' id='word_1_331' title='bbox 1249 2715 1622 2779; x_wconf 80' lang='grc' dir='ltr'>καθίστανται,</span> <span class='ocrx_word' id='word_1_332' title='bbox 1658 2712 1875 2767; x_wconf 78' lang='grc' dir='ltr'>δοκοῦσι</span> 
     </span>
    </p>
   </div>
   <div class='ocr_carea' id='block_1_51' title="bbox 401 2803 1874 2876">
    <p class='ocr_par' dir='ltr' id='par_1_51' title="bbox 401 2803 1874 2876">
     <span class='ocr_line' id='line_1_51' title="bbox 401 2803 1874 2876; baseline 0.002 -21"><span class='ocrx_word' id='word_1_333' title='bbox 401 2822 420 2855; x_wconf 77' lang='grc' dir='ltr'><strong>ι</strong></span> <span class='ocrx_word' id='word_1_334' title='bbox 467 2805 766 2875; x_wconf 82' lang='grc' dir='ltr'>κεκτῆσθαι</span> <span class='ocrx_word' id='word_1_335' title='bbox 822 2804 1026 2876; x_wconf 81' lang='grc' dir='ltr'>σφόδρα</span> <span class='ocrx_word' id='word_1_336' title='bbox 1082 2805 1239 2873; x_wconf 84' lang='grc' dir='ltr'>ὀλίγα</span> <span class='ocrx_word' id='word_1_337' title='bbox 1291 2805 1607 2875; x_wconf 77' lang='grc' dir='ltr'>ὑπάρχοντα</span> <span class='ocrx_word' id='word_1_338' title='bbox 1659 2803 1786 2869; x_wconf 77' lang='grc' dir='ltr'>ἴδια,</span> <span class='ocrx_word' id='word_1_339' title='bbox 1816 2804 1874 2858; x_wconf 82' lang='grc' dir='ltr'>ἐν</span> 
     </span>
    </p>
   </div>
   <div class='ocr_carea' id='block_1_52' title="bbox 400 2891 1879 2968">
    <p class='ocr_par' dir='ltr' id='par_1_52' title="bbox 400 2891 1879 2968">
     <span class='ocr_line' id='line_1_52' title="bbox 400 2891 1879 2968; baseline 0.001 -20"><span class='ocrx_word' id='word_1_340' title='bbox 400 2915 418 2947; x_wconf 75' lang='grc' dir='ltr'>α</span> <span class='ocrx_word' id='word_1_341' title='bbox 464 2896 674 2967; x_wconf 76' lang='grc' dir='ltr'>ἑτέροις</span> <span class='ocrx_word' id='word_1_342' title='bbox 705 2898 763 2951; x_wconf 77' lang='grc' dir='ltr'>δὲ</span> <span class='ocrx_word' id='word_1_343' title='bbox 795 2900 983 2962; x_wconf 85' lang='grc' dir='ltr'>τόποις</span> <span class='ocrx_word' id='word_1_344' title='bbox 1013 2899 1239 2968; x_wconf 82' lang='grc' dir='ltr'>κτήσεις</span> <span class='ocrx_word' id='word_1_345' title='bbox 1272 2897 1535 2966; x_wconf 80' lang='grc' dir='ltr'>μεγάλας,</span> <span class='ocrx_word' id='word_1_346' title='bbox 1582 2897 1643 2962; x_wconf 82' lang='grc' dir='ltr'>ἐξ</span> <span class='ocrx_word' id='word_1_347' title='bbox 1672 2891 1748 2951; x_wconf 81' lang='grc' dir='ltr'><strong>ὧν</strong></span> <span class='ocrx_word' id='word_1_348' title='bbox 1781 2896 1879 2950; x_wconf 72' lang='grc' dir='ltr'>καὶ</span> 
     </span>
    </p>
   </div>
   <div class='ocr_carea' id='block_1_53' title="bbox 407 2987 1877 3058">
    <p class='ocr_par' dir='ltr' id='par_1_53' title="bbox 407 2987 1877 3058">
     <span class='ocr_line' id='line_1_53' title="bbox 407 2987 1877 3058; baseline 0.002 -21"><span class='ocrx_word' id='word_1_349' title='bbox 407 3005 426 3037; x_wconf 73' lang='grc' dir='ltr'><strong>ι</strong></span> <span class='ocrx_word' id='word_1_350' title='bbox 469 2987 785 3058; x_wconf 73' lang='grc' dir='ltr'>ἐπικουρεῖν</span> <span class='ocrx_word' id='word_1_351' title='bbox 815 2989 1032 3041; x_wconf 87' lang='grc' dir='ltr'>δυνατοί</span> <span class='ocrx_word' id='word_1_352' title='bbox 1056 2990 1164 3041; x_wconf 85' lang='grc' dir='ltr'>είσι</span> <span class='ocrx_word' id='word_1_353' title='bbox 1189 2992 1301 3051; x_wconf 88' lang='grc' dir='ltr'>τοῖς</span> <span class='ocrx_word' id='word_1_354' title='bbox 1324 2989 1521 3057; x_wconf 82' lang='grc' dir='ltr'>πένησι</span> <span class='ocrx_word' id='word_1_355' title='bbox 1538 3005 1554 3020; x_wconf 76' lang='grc' dir='ltr'><strong><em>ο</em></strong></span> <span class='ocrx_word' id='word_1_356' title='bbox 1579 2987 1752 3051; x_wconf 79' lang='grc' dir='ltr'>οὕτως</span> <span class='ocrx_word' id='word_1_357' title='bbox 1777 2989 1877 3042; x_wconf 82' lang='grc' dir='ltr'><strong>αὺ-</strong></span> 
     </span>
    </p>
   </div>
   <div class='ocr_carea' id='block_1_54' title="bbox 398 3077 1877 3152">
    <p class='ocr_par' dir='ltr' id='par_1_54' title="bbox 398 3077 1877 3152">
     <span class='ocr_line' id='line_1_54' title="bbox 398 3077 1877 3152; baseline -0.001 -18"><span class='ocrx_word' id='word_1_358' title='bbox 398 3102 417 3134; x_wconf 83' lang='grc'><strong>«</strong></span> <span class='ocrx_word' id='word_1_359' title='bbox 460 3083 572 3144; x_wconf 90' lang='grc' dir='ltr'>τοῖς</span> <span class='ocrx_word' id='word_1_360' title='bbox 608 3082 995 3152; x_wconf 84' lang='grc' dir='ltr'>συγχωρητέον</span> <span class='ocrx_word' id='word_1_361' title='bbox 1024 3077 1162 3134; x_wconf 81' lang='grc' dir='ltr'>εἶναι</span> <span class='ocrx_word' id='word_1_362' title='bbox 1193 3081 1385 3151; x_wconf 88' lang='grc' dir='ltr'>κρίνω,</span> <span class='ocrx_word' id='word_1_363' title='bbox 1417 3082 1522 3144; x_wconf 80' lang='grc' dir='ltr'>ἵνα,</span> <span class='ocrx_word' id='word_1_364' title='bbox 1549 3081 1599 3133; x_wconf 85' lang='grc' dir='ltr'><strong>εί</strong></span> <span class='ocrx_word' id='word_1_365' title='bbox 1634 3079 1877 3150; x_wconf 82' lang='grc' dir='ltr'>μέλλοιεν</span> 
     </span>
    </p>
   </div>
   <div class='ocr_carea' id='block_1_55' title="bbox 408 3170 1879 3243">
    <p class='ocr_par' dir='ltr' id='par_1_55' title="bbox 408 3170 1879 3243">
     <span class='ocr_line' id='line_1_55' title="bbox 408 3170 1879 3243; baseline 0.001 -19"><span class='ocrx_word' id='word_1_366' title='bbox 408 3191 428 3224; x_wconf 74' lang='grc' dir='ltr'><strong>ι</strong></span> <span class='ocrx_word' id='word_1_367' title='bbox 470 3175 550 3235; x_wconf 83' lang='grc' dir='ltr'><strong>είς</strong></span> <span class='ocrx_word' id='word_1_368' title='bbox 575 3171 673 3236; x_wconf 87' lang='grc' dir='ltr'><strong>τὰς</strong></span> <span class='ocrx_word' id='word_1_369' title='bbox 698 3173 907 3226; x_wconf 81' lang='grc' dir='ltr'>ἑαυτῶν</span> <span class='ocrx_word' id='word_1_370' title='bbox 954 3171 1350 3243; x_wconf 81' lang='grc' dir='ltr'>παραγίνεσθαι</span> <span class='ocrx_word' id='word_1_371' title='bbox 1385 3173 1626 3239; x_wconf 88' lang='grc' dir='ltr'>κτήσεις,</span> <span class='ocrx_word' id='word_1_372' title='bbox 1656 3173 1757 3225; x_wconf 81' lang='grc' dir='ltr'>καὶ</span> <span class='ocrx_word' id='word_1_373' title='bbox 1783 3170 1879 3241; x_wconf 75' lang='grc' dir='ltr'>τὴν</span> 
     </span>
    </p>
   </div>
   <div class='ocr_carea' id='block_1_56' title="bbox 400 3265 1883 3337">
    <p class='ocr_par' dir='ltr' id='par_1_56' title="bbox 400 3265 1883 3337">
     <span class='ocr_line' id='line_1_56' title="bbox 400 3265 1883 3337; baseline -0.005 -16"><span class='ocrx_word' id='word_1_374' title='bbox 400 3287 419 3321; x_wconf 78' lang='grc' dir='ltr'><strong>ι</strong></span> <span class='ocrx_word' id='word_1_375' title='bbox 476 3267 809 3337; x_wconf 77' lang='grc' dir='ltr'>συγκομιδὴν</span> <span class='ocrx_word' id='word_1_376' title='bbox 853 3267 962 3321; x_wconf 90' lang='grc' dir='ltr'><strong>τῶν</strong></span> <span class='ocrx_word' id='word_1_377' title='bbox 991 3267 1222 3337; x_wconf 86' lang='grc' dir='ltr'>καρπῶν</span> <span class='ocrx_word' id='word_1_378' title='bbox 1257 3265 1530 3328; x_wconf 82' lang='grc' dir='ltr'>ποεῖσθαι,</span> <span class='ocrx_word' id='word_1_379' title='bbox 1564 3267 1714 3335; x_wconf 81' lang='grc' dir='ltr'>τρεῖς</span> <span class='ocrx_word' id='word_1_380' title='bbox 1764 3265 1883 3319; x_wconf 82' lang='grc' dir='ltr'><strong>Κυ-</strong></span> 
     </span>
    </p>
   </div>
   <div class='ocr_carea' id='block_1_57' title="bbox 398 3345 1881 3434">
    <p class='ocr_par' dir='ltr' id='par_1_57' title="bbox 398 3345 1881 3434">
     <span class='ocr_line' id='line_1_57' title="bbox 398 3345 1881 3434; baseline -0.003 -18"><span class='ocrx_word' id='word_1_381' title='bbox 398 3384 416 3416; x_wconf 75' lang='grc' dir='ltr'><strong>ι</strong></span> <span class='ocrx_word' id='word_1_382' title='bbox 440 3345 657 3432; x_wconf 74' lang='grc' dir='ltr'>’ριακάς</span> <span class='ocrx_word' id='word_1_383' title='bbox 691 3364 928 3434; x_wconf 83' lang='grc' dir='ltr'>ἡμέρας,</span> <span class='ocrx_word' id='word_1_384' title='bbox 960 3360 1106 3415; x_wconf 81' lang='grc' dir='ltr'>τοῦτ’</span> <span class='ocrx_word' id='word_1_385' title='bbox 1147 3360 1263 3415; x_wconf 79' lang='grc' dir='ltr'>ἐστι</span> <span class='ocrx_word' id='word_1_386' title='bbox 1294 3361 1445 3431; x_wconf 82' lang='grc' dir='ltr'>τρεῖς</span> <span class='ocrx_word' id='word_1_387' title='bbox 1471 3358 1793 3428; x_wconf 75' lang='grc' dir='ltr'>ἑϐδομάδας,</span> <span class='ocrx_word' id='word_1_388' title='bbox 1822 3356 1881 3411; x_wconf 79' lang='grc' dir='ltr'>ἐν</span> 
     </span>
    </p>
   </div>
   <div class='ocr_carea' id='block_1_58' title="bbox 399 3446 1879 3522">
    <p class='ocr_par' dir='ltr' id='par_1_58' title="bbox 399 3446 1879 3522">
     <span class='ocr_line' id='line_1_58' title="bbox 399 3446 1879 3522; baseline -0.003 -16"><span class='ocrx_word' id='word_1_389' title='bbox 399 3472 420 3506; x_wconf 75' lang='grc' dir='ltr'><strong>ι</strong></span> <span class='ocrx_word' id='word_1_390' title='bbox 466 3458 577 3518; x_wconf 87' lang='grc' dir='ltr'>τοῖς</span> <span class='ocrx_word' id='word_1_391' title='bbox 607 3454 815 3506; x_wconf 77' lang='grc' dir='ltr'>ἑαυτῶν</span> <span class='ocrx_word' id='word_1_392' title='bbox 836 3454 1109 3522; x_wconf 84' lang='grc' dir='ltr'>κτήμασιν</span> <span class='ocrx_word' id='word_1_393' title='bbox 1134 3452 1330 3513; x_wconf 75' lang='grc' dir='ltr'>αὐτοὺς</span> <span class='ocrx_word' id='word_1_394' title='bbox 1354 3451 1581 3518; x_wconf 83' lang='grc' dir='ltr'>διάγειν,</span> <span class='ocrx_word' id='word_1_395' title='bbox 1616 3454 1710 3503; x_wconf 78' lang='grc' dir='ltr'>καὶ</span> <span class='ocrx_word' id='word_1_396' title='bbox 1735 3450 1792 3502; x_wconf 86' lang='grc' dir='ltr'>ἐν</span> <span class='ocrx_word' id='word_1_397' title='bbox 1813 3446 1879 3520; x_wconf 76' lang='grc' dir='ltr'>τῇ</span> 
     </span>
    </p>
   </div>
   <div class='ocr_carea' id='block_1_59' title="bbox 415 3536 1880 3614">
    <p class='ocr_par' dir='ltr' id='par_1_59' title="bbox 415 3536 1880 3614">
     <span class='ocr_line' id='line_1_59' title="bbox 415 3536 1880 3614; baseline -0.005 -16"><span class='ocrx_word' id='word_1_398' title='bbox 415 3566 434 3597; x_wconf 69' lang='grc' dir='ltr'><strong>ι</strong></span> <span class='ocrx_word' id='word_1_399' title='bbox 480 3543 880 3614; x_wconf 80' lang='grc' dir='ltr'>ἀγχιστευούσῃ</span> <span class='ocrx_word' id='word_1_400' title='bbox 911 3542 1197 3612; x_wconf 80' lang='grc' dir='ltr'>ἐκκλησίᾳ,</span> <span class='ocrx_word' id='word_1_401' title='bbox 1217 3543 1273 3594; x_wconf 75' lang='grc' dir='ltr'>ἐν</span> <span class='ocrx_word' id='word_1_402' title='bbox 1350 3540 1717 3612; x_wconf 77' lang='grc' dir='ltr'>πρεσϐύτερος</span> <span class='ocrx_word' id='word_1_403' title='bbox 1751 3556 1880 3592; x_wconf 86' lang='grc' dir='ltr'>συν-</span> 
     </span>
    </p>
   </div>
   <div class='ocr_carea' id='block_1_60' title="bbox 410 3626 1881 3703">
    <p class='ocr_par' dir='ltr' id='par_1_60' title="bbox 410 3626 1881 3703">
     <span class='ocr_line' id='line_1_60' title="bbox 410 3626 1881 3703; baseline -0.006 -15"><span class='ocrx_word' id='word_1_404' title='bbox 410 3655 428 3687; x_wconf 71' lang='grc' dir='ltr'><strong>ι</strong></span> <span class='ocrx_word' id='word_1_405' title='bbox 481 3647 628 3703; x_wconf 87' lang='grc' dir='ltr'>αγει,</span> <span class='ocrx_word' id='word_1_406' title='bbox 670 3634 807 3701; x_wconf 77' lang='grc' dir='ltr'>ὑπὲρ</span> <span class='ocrx_word' id='word_1_407' title='bbox 834 3631 925 3685; x_wconf 78' lang='grc' dir='ltr'><strong>τοῦ</strong></span> <span class='ocrx_word' id='word_1_408' title='bbox 960 3633 1034 3701; x_wconf 85' lang='grc' dir='ltr'>μὴ</span> <span class='ocrx_word' id='word_1_409' title='bbox 1077 3631 1247 3700; x_wconf 75' lang='grc' dir='ltr'>χωρὶς</span> <span class='ocrx_word' id='word_1_410' title='bbox 1281 3628 1653 3690; x_wconf 79' lang='grc' dir='ltr'>συνελεύσεως</span> <span class='ocrx_word' id='word_1_411' title='bbox 1719 3626 1881 3681; x_wconf 73' lang='grc' dir='ltr'>αὑτὸν</span> 
     </span>
    </p>
   </div>
   <div class='ocr_carea' id='block_1_61' title="bbox 409 3718 1884 3791">
    <p class='ocr_par' dir='ltr' id='par_1_61' title="bbox 409 3718 1884 3791">
     <span class='ocr_line' id='line_1_61' title="bbox 409 3718 1884 3791; baseline -0.007 -12"><span class='ocrx_word' id='word_1_412' title='bbox 409 3748 427 3778; x_wconf 76' lang='grc' dir='ltr'><strong>ι</strong></span> <span class='ocrx_word' id='word_1_413' title='bbox 482 3727 659 3779; x_wconf 82' lang='grc' dir='ltr'>δοκεῖν</span> <span class='ocrx_word' id='word_1_414' title='bbox 690 3724 851 3781; x_wconf 77' lang='grc' dir='ltr'>εἶναι.</span> <span class='ocrx_word' id='word_1_415' title='bbox 884 3720 1244 3791; x_wconf 79' lang='grc' dir='ltr'>συνέρχεσθαι</span> <span class='ocrx_word' id='word_1_416' title='bbox 1276 3721 1372 3773; x_wconf 76' lang='grc' dir='ltr'>καὶ</span> <span class='ocrx_word' id='word_1_417' title='bbox 1421 3719 1756 3787; x_wconf 85' lang='grc' dir='ltr'>λειτουργεῖν</span> <span class='ocrx_word' id='word_1_418' title='bbox 1789 3718 1884 3769; x_wconf 79' lang='grc' dir='ltr'>καὶ</span> 
     </span>
    </p>
   </div>
   <div class='ocr_carea' id='block_1_62' title="bbox 400 3803 1885 3887">
    <p class='ocr_par' dir='ltr' id='par_1_62' title="bbox 400 3803 1885 3887">
     <span class='ocr_line' id='line_1_62' title="bbox 400 3803 1885 3887; baseline -0.007 -18"><span class='ocrx_word' id='word_1_419' title='bbox 400 3836 419 3869; x_wconf 75' lang='grc' dir='ltr'><strong>ι</strong></span> <span class='ocrx_word' id='word_1_420' title='bbox 480 3817 553 3887; x_wconf 86' lang='grc' dir='ltr'>μὴ</span> <span class='ocrx_word' id='word_1_421' title='bbox 589 3813 973 3883; x_wconf 81' lang='grc' dir='ltr'>συνεχέστερον</span> <span class='ocrx_word' id='word_1_422' title='bbox 1004 3814 1083 3874; x_wconf 87' lang='grc' dir='ltr'><strong>είς</strong></span> <span class='ocrx_word' id='word_1_423' title='bbox 1110 3810 1208 3881; x_wconf 83' lang='grc' dir='ltr'>τὴν</span> <span class='ocrx_word' id='word_1_424' title='bbox 1237 3811 1413 3873; x_wconf 88' lang='grc' dir='ltr'>πόλιν,</span> <span class='ocrx_word' id='word_1_425' title='bbox 1447 3811 1503 3862; x_wconf 85' lang='grc' dir='ltr'><strong>ἐν</strong></span> <span class='ocrx_word' id='word_1_426' title='bbox 1534 3803 1740 3881; x_wconf 78' lang='grc' dir='ltr'>ᾖέστιν</span> <span class='ocrx_word' id='word_1_427' title='bbox 1765 3807 1885 3860; x_wconf 84' lang='grc' dir='ltr'>ἐπί-</span> 
     </span>
    </p>
   </div>
   <div class='ocr_carea' id='block_1_63' title="bbox 405 3902 1884 3975">
    <p class='ocr_par' dir='ltr' id='par_1_63' title="bbox 405 3902 1884 3975">
     <span class='ocr_line' id='line_1_63' title="bbox 405 3902 1884 3975; baseline -0.007 -12"><span class='ocrx_word' id='word_1_428' title='bbox 405 3930 423 3962; x_wconf 69' lang='grc'><strong>(</strong></span> <span class='ocrx_word' id='word_1_429' title='bbox 473 3925 697 3969; x_wconf 83' lang='grc' dir='ltr'>σκοπος,</span> <span class='ocrx_word' id='word_1_430' title='bbox 727 3907 1139 3975; x_wconf 82' lang='grc' dir='ltr'>παραγίγνοιτο.</span> <span class='ocrx_word' id='word_1_431' title='bbox 1194 3902 1393 3957; x_wconf 87' lang='grc' dir='ltr'>Τοῦτον</span> <span class='ocrx_word' id='word_1_432' title='bbox 1424 3902 1535 3973; x_wconf 76' lang='grc' dir='ltr'><strong>γὰρ</strong></span> <span class='ocrx_word' id='word_1_433' title='bbox 1567 3902 1656 3955; x_wconf 82' lang='grc' dir='ltr'>τὸν</span> <span class='ocrx_word' id='word_1_434' title='bbox 1686 3902 1884 3972; x_wconf 85' lang='grc' dir='ltr'>τρόπον</span> 
     </span>
    </p>
   </div>
   <div class='ocr_carea' id='block_1_64' title="bbox 408 3992 1882 4066">
    <p class='ocr_par' dir='ltr' id='par_1_64' title="bbox 408 3992 1882 4066">
     <span class='ocr_line' id='line_1_64' title="bbox 408 3992 1882 4066; baseline -0.005 -14"><span class='ocrx_word' id='word_1_435' title='bbox 408 4021 424 4052; x_wconf 74' lang='grc' dir='ltr'><strong>ι</strong></span> <span class='ocrx_word' id='word_1_436' title='bbox 476 4002 571 4054; x_wconf 77' lang='grc' dir='ltr'>καὶ</span> <span class='ocrx_word' id='word_1_437' title='bbox 600 4000 669 4051; x_wconf 79' lang='grc' dir='ltr'><strong>τὰ</strong></span> <span class='ocrx_word' id='word_1_438' title='bbox 695 3998 869 4051; x_wconf 86' lang='grc' dir='ltr'>οίκεῖα</span> <span class='ocrx_word' id='word_1_439' title='bbox 896 3996 1060 4050; x_wconf 79' lang='grc' dir='ltr'>αὑτοῦ</span> <span class='ocrx_word' id='word_1_440' title='bbox 1087 3996 1387 4066; x_wconf 87' lang='grc' dir='ltr'>πράγματα</span> <span class='ocrx_word' id='word_1_441' title='bbox 1419 3993 1571 4063; x_wconf 81' lang='grc' dir='ltr'>παρὰ</span> <span class='ocrx_word' id='word_1_442' title='bbox 1590 3994 1689 4062; x_wconf 82' lang='grc' dir='ltr'>τὴν</span> <span class='ocrx_word' id='word_1_443' title='bbox 1721 3992 1882 4047; x_wconf 76' lang='grc' dir='ltr'>αὑτοῦ</span> 
     </span>
    </p>
   </div>
   <div class='ocr_carea' id='block_1_65' title="bbox 409 4084 1887 4158">
    <p class='ocr_par' dir='ltr' id='par_1_65' title="bbox 409 4084 1887 4158">
     <span class='ocr_line' id='line_1_65' title="bbox 409 4084 1887 4158; baseline -0.005 -15"><span class='ocrx_word' id='word_1_444' title='bbox 409 4114 426 4143; x_wconf 72' lang='grc' dir='ltr'>ο</span> <span class='ocrx_word' id='word_1_445' title='bbox 483 4091 751 4145; x_wconf 80' lang='grc' dir='ltr'>ἀπουσίαν</span> <span class='ocrx_word' id='word_1_446' title='bbox 807 4088 1062 4158; x_wconf 73' lang='grc' dir='ltr'>οὐδεμίαν</span> <span class='ocrx_word' id='word_1_447' title='bbox 1113 4089 1373 4157; x_wconf 82' lang='grc' dir='ltr'>ὑπομένει</span> <span class='ocrx_word' id='word_1_448' title='bbox 1405 4087 1633 4156; x_wconf 77' lang='grc' dir='ltr'>ζημίαν,</span> <span class='ocrx_word' id='word_1_449' title='bbox 1674 4086 1770 4138; x_wconf 81' lang='grc' dir='ltr'>καὶ</span> <span class='ocrx_word' id='word_1_450' title='bbox 1824 4084 1887 4136; x_wconf 76' lang='grc' dir='ltr'><strong>τδ</strong></span> 
     </span>
    </p>
   </div>
   <div class='ocr_carea' id='block_1_66' title="bbox 404 4175 1878 4255">
    <p class='ocr_par' dir='ltr' id='par_1_66' title="bbox 404 4175 1878 4255">
     <span class='ocr_line' id='line_1_66' title="bbox 404 4175 1878 4255; baseline -0.006 -19"><span class='ocrx_word' id='word_1_451' title='bbox 404 4207 421 4236; x_wconf 73' lang='grc' dir='ltr'><strong>ι</strong></span> <span class='ocrx_word' id='word_1_452' title='bbox 481 4187 580 4255; x_wconf 76' lang='grc' dir='ltr'>τῆς</span> <span class='ocrx_word' id='word_1_453' title='bbox 614 4181 933 4246; x_wconf 77' lang='grc' dir='ltr'>ἀλαζονείας</span> <span class='ocrx_word' id='word_1_454' title='bbox 960 4179 1179 4233; x_wconf 75' lang='grc' dir='ltr'>καὶτοῦ</span> <span class='ocrx_word' id='word_1_455' title='bbox 1215 4179 1386 4247; x_wconf 84' lang='grc' dir='ltr'>τύφου</span> <span class='ocrx_word' id='word_1_456' title='bbox 1436 4178 1708 4231; x_wconf 72' lang='grc' dir='ltr'>ἐκκλίνειν</span> <span class='ocrx_word' id='word_1_457' title='bbox 1736 4175 1878 4241; x_wconf 81' lang='grc' dir='ltr'>δόξει</span> 
     </span>
    </p>
   </div>
   <div class='ocr_carea' id='block_1_67' title="bbox 404 4266 1887 4345">
    <p class='ocr_par' dir='ltr' id='par_1_67' title="bbox 404 4266 1887 4345">
     <span class='ocr_line' id='line_1_67' title="bbox 404 4266 1887 4345; baseline -0.006 -15"><span class='ocrx_word' id='word_1_458' title='bbox 404 4298 423 4330; x_wconf 79' lang='grc' dir='ltr'><strong>ι</strong></span> <span class='ocrx_word' id='word_1_459' title='bbox 460 4277 734 4345; x_wconf 77' lang='grc' dir='ltr'>ἔγκλημα.</span> <span class='ocrx_word' id='word_1_460' title='bbox 774 4274 1048 4334; x_wconf 72' lang='grc' dir='ltr'>Ἅπαντες</span> <span class='ocrx_word' id='word_1_461' title='bbox 1076 4272 1125 4324; x_wconf 85' lang='lat' dir='ltr'><strong>oi</strong></span> <span class='ocrx_word' id='word_1_462' title='bbox 1159 4271 1443 4323; x_wconf 87' lang='grc' dir='ltr'>ἐπίσκοποι</span> <span class='ocrx_word' id='word_1_463' title='bbox 1481 4266 1633 4323; x_wconf 77' lang='grc' dir='ltr'>εἶπον</span> <span class='ocrx_word' id='word_1_464' title='bbox 1657 4284 1671 4299; x_wconf 73' lang='grc' dir='ltr'><strong>ο</strong></span> <span class='ocrx_word' id='word_1_465' title='bbox 1734 4268 1887 4338; x_wconf 81' lang='grc' dir='ltr'>Ἀρέ-</span> 
     </span>
    </p>
   </div>
   <div class='ocr_carea' id='block_1_68' title="bbox 408 4361 1409 4433">
    <p class='ocr_par' dir='ltr' id='par_1_68' title="bbox 408 4361 1409 4433">
     <span class='ocr_line' id='line_1_68' title="bbox 408 4361 1409 4433; baseline -0.008 -14"><span class='ocrx_word' id='word_1_466' title='bbox 408 4387 426 4419; x_wconf 77' lang='grc' dir='ltr'><strong>ι</strong></span> <span class='ocrx_word' id='word_1_467' title='bbox 479 4383 597 4419; x_wconf 86' lang='grc' dir='ltr'>σκει</span> <span class='ocrx_word' id='word_1_468' title='bbox 627 4366 722 4416; x_wconf 79' lang='grc' dir='ltr'><strong>καὶ</strong></span> <span class='ocrx_word' id='word_1_469' title='bbox 752 4363 890 4433; x_wconf 76' lang='grc' dir='ltr'>αὕτη</span> <span class='ocrx_word' id='word_1_470' title='bbox 926 4363 959 4432; x_wconf 81' lang='grc' dir='ltr'>ἡ</span> <span class='ocrx_word' id='word_1_471' title='bbox 994 4361 1348 4422; x_wconf 86' lang='grc' dir='ltr'>διατύπωσις.</span> <span class='ocrx_word' id='word_1_472' title='bbox 1389 4378 1409 4411; x_wconf 73' lang='grc' dir='ltr'><strong>ι</strong></span> 
     </span>
    </p>
   </div>
   <div class='ocr_carea' id='block_1_69' title="bbox 406 4449 1888 4525">
    <p class='ocr_par' dir='ltr' id='par_1_69' title="bbox 406 4449 1888 4525">
     <span class='ocr_line' id='line_1_69' title="bbox 406 4449 1888 4525; baseline -0.007 -14"><span class='ocrx_word' id='word_1_473' title='bbox 406 4457 603 4512; x_wconf 81' lang='grc' dir='ltr'>ΒΑΛΣ.</span> <span class='ocrx_word' id='word_1_474' title='bbox 647 4456 706 4510; x_wconf 86' lang='lat'><strong>&#39;0</strong></span> <span class='ocrx_word' id='word_1_475' title='bbox 734 4456 833 4525; x_wconf 84' lang='grc' dir='ltr'>μὲν</span> <span class='ocrx_word' id='word_1_476' title='bbox 869 4461 942 4508; x_wconf 82' lang='grc' dir='ltr'>ια’</span> <span class='ocrx_word' id='word_1_477' title='bbox 970 4453 1150 4507; x_wconf 86' lang='grc' dir='ltr'>κανὼν</span> <span class='ocrx_word' id='word_1_478' title='bbox 1178 4452 1419 4505; x_wconf 87' lang='grc' dir='ltr'>διδάσκει</span> <span class='ocrx_word' id='word_1_479' title='bbox 1459 4450 1593 4520; x_wconf 66' lang='lat' dir='ltr'><strong>mp1</strong></span> <span class='ocrx_word' id='word_1_480' title='bbox 1616 4449 1724 4503; x_wconf 86' lang='grc' dir='ltr'><strong>τῶν</strong></span> <span class='ocrx_word' id='word_1_481' title='bbox 1752 4450 1888 4503; x_wconf 83' lang='grc' dir='ltr'>ἀπο-</span> 
     </span>
    </p>
   </div>
   <div class='ocr_carea' id='block_1_70' title="bbox 332 4540 1889 4622">
    <p class='ocr_par' dir='ltr' id='par_1_70' title="bbox 332 4540 1889 4622">
     <span class='ocr_line' id='line_1_70' title="bbox 332 4540 1889 4622; baseline -0.008 -17"><span class='ocrx_word' id='word_1_482' title='bbox 332 4550 693 4622; x_wconf 83' lang='grc' dir='ltr'>δημησάντων</span> <span class='ocrx_word' id='word_1_483' title='bbox 769 4549 1083 4603; x_wconf 82' lang='grc' dir='ltr'>ἐπισκόπων</span> <span class='ocrx_word' id='word_1_484' title='bbox 1131 4545 1240 4599; x_wconf 85' lang='grc' dir='ltr'>ἀπὸ</span> <span class='ocrx_word' id='word_1_485' title='bbox 1277 4544 1484 4606; x_wconf 86' lang='grc' dir='ltr'>πόλεως</span> <span class='ocrx_word' id='word_1_486' title='bbox 1520 4545 1599 4607; x_wconf 88' lang='grc' dir='ltr'><strong>είς</strong></span> <span class='ocrx_word' id='word_1_487' title='bbox 1651 4543 1828 4610; x_wconf 79' lang='grc' dir='ltr'>πόλιν,</span> <span class='ocrx_word' id='word_1_488' title='bbox 1854 4540 1889 4612; x_wconf 74' lang='grc' dir='ltr'><strong>ἦ</strong></span> 
     </span>
    </p>
   </div>
   <div class='ocr_carea' id='block_1_71' title="bbox 335 4634 1890 4712">
    <p class='ocr_par' dir='ltr' id='par_1_71' title="bbox 335 4634 1890 4712">
     <span class='ocr_line' id='line_1_71' title="bbox 335 4634 1890 4712; baseline -0.006 -15"><span class='ocrx_word' id='word_1_489' title='bbox 335 4645 441 4697; x_wconf 79' lang='grc' dir='ltr'>ἀπὸ</span> <span class='ocrx_word' id='word_1_490' title='bbox 473 4641 737 4712; x_wconf 77' lang='grc' dir='ltr'>ἐπαρχίας</span> <span class='ocrx_word' id='word_1_491' title='bbox 769 4641 848 4704; x_wconf 84' lang='grc' dir='ltr'><strong>είς</strong></span> <span class='ocrx_word' id='word_1_492' title='bbox 878 4637 1145 4710; x_wconf 80' lang='grc' dir='ltr'>ἐπαρχίαν</span> <span class='ocrx_word' id='word_1_493' title='bbox 1168 4653 1182 4668; x_wconf 91' lang='grc'><strong>·</strong></span> <span class='ocrx_word' id='word_1_494' title='bbox 1204 4640 1233 4691; x_wconf 88' lang='grc' dir='ltr'>ὁ</span> <span class='ocrx_word' id='word_1_495' title='bbox 1261 4637 1319 4691; x_wconf 83' lang='grc' dir='ltr'><strong>δέ</strong></span> <span class='ocrx_word' id='word_1_496' title='bbox 1349 4636 1540 4708; x_wconf 88' lang='grc' dir='ltr'>παρὼν</span> <span class='ocrx_word' id='word_1_497' title='bbox 1568 4635 1748 4689; x_wconf 86' lang='grc' dir='ltr'>κανὼν</span> <span class='ocrx_word' id='word_1_498' title='bbox 1780 4634 1890 4687; x_wconf 90' lang='grc' dir='ltr'>διο-</span> 
     </span>
    </p>
   </div>
   <div class='ocr_carea' id='block_1_72' title="bbox 342 4730 1891 4806">
    <p class='ocr_par' dir='ltr' id='par_1_72' title="bbox 342 4730 1891 4806">
     <span class='ocr_line' id='line_1_72' title="bbox 342 4730 1891 4806; baseline -0.005 -21"><span class='ocrx_word' id='word_1_499' title='bbox 342 4734 552 4806; x_wconf 74' lang='grc' dir='ltr'>ρίζεται</span> <span class='ocrx_word' id='word_1_500' title='bbox 583 4735 709 4796; x_wconf 83' lang='grc' dir='ltr'>τοὺς</span> <span class='ocrx_word' id='word_1_501' title='bbox 750 4734 1105 4795; x_wconf 85' lang='grc' dir='ltr'>ἐπισκόπους,</span> <span class='ocrx_word' id='word_1_502' title='bbox 1151 4732 1277 4793; x_wconf 78' lang='grc' dir='ltr'>τοὺς</span> <span class='ocrx_word' id='word_1_503' title='bbox 1328 4730 1553 4800; x_wconf 82' lang='grc' dir='ltr'>ἔχοντας</span> <span class='ocrx_word' id='word_1_504' title='bbox 1601 4730 1891 4797; x_wconf 82' lang='grc' dir='ltr'>ἀκινήτους</span> 
     </span>
    </p>
   </div>
   <div class='ocr_carea' id='block_1_73' title="bbox 341 4822 1891 4895">
    <p class='ocr_par' dir='ltr' id='par_1_73' title="bbox 341 4822 1891 4895">
     <span class='ocr_line' id='line_1_73' title="bbox 341 4822 1891 4895; baseline -0.003 -18"><span class='ocrx_word' id='word_1_505' title='bbox 341 4827 578 4895; x_wconf 85' lang='grc' dir='ltr'>μεγάλας</span> <span class='ocrx_word' id='word_1_506' title='bbox 604 4827 827 4894; x_wconf 85' lang='grc' dir='ltr'>κτήσεις</span> <span class='ocrx_word' id='word_1_507' title='bbox 863 4828 942 4889; x_wconf 87' lang='grc' dir='ltr'><strong>εἰς</strong></span> <span class='ocrx_word' id='word_1_508' title='bbox 982 4824 1266 4893; x_wconf 82' lang='grc' dir='ltr'>ἀλλοτρίας</span> <span class='ocrx_word' id='word_1_509' title='bbox 1297 4822 1532 4891; x_wconf 87' lang='grc' dir='ltr'>ἐνορίας,</span> <span class='ocrx_word' id='word_1_510' title='bbox 1566 4822 1891 4891; x_wconf 86' lang='grc' dir='ltr'>ἀπαρεμπο·</span> 
     </span>
    </p>
   </div>
   <div class='ocr_carea' id='block_1_74' title="bbox 336 4911 1891 4986">
    <p class='ocr_par' dir='ltr' id='par_1_74' title="bbox 336 4911 1891 4986">
     <span class='ocr_line' id='line_1_74' title="bbox 336 4911 1891 4986; baseline -0.004 -15"><span class='ocrx_word' id='word_1_511' title='bbox 336 4918 532 4981; x_wconf 85' lang='grc' dir='ltr'>δίστως</span> <span class='ocrx_word' id='word_1_512' title='bbox 561 4918 641 4980; x_wconf 88' lang='grc' dir='ltr'><strong>είς</strong></span> <span class='ocrx_word' id='word_1_513' title='bbox 663 4916 867 4980; x_wconf 87' lang='grc' dir='ltr'>ταύτας</span> <span class='ocrx_word' id='word_1_514' title='bbox 903 4916 1240 4986; x_wconf 80' lang='grc' dir='ltr'>ἀπέρχεσθαι</span> <span class='ocrx_word' id='word_1_515' title='bbox 1274 4914 1361 4968; x_wconf 78' lang='grc' dir='ltr'><strong>διὰ</strong></span> <span class='ocrx_word' id='word_1_516' title='bbox 1408 4912 1507 4985; x_wconf 84' lang='grc' dir='ltr'>τὴν</span> <span class='ocrx_word' id='word_1_517' title='bbox 1552 4911 1891 4981; x_wconf 74' lang='grc' dir='ltr'>συγκομιδὴν</span> 
     </span>
    </p>
   </div>
   <div class='ocr_carea' id='block_1_75' title="bbox 335 5004 1888 5080">
    <p class='ocr_par' dir='ltr' id='par_1_75' title="bbox 335 5004 1888 5080">
     <span class='ocr_line' id='line_1_75' title="bbox 335 5004 1888 5080; baseline -0.005 -17"><span class='ocrx_word' id='word_1_518' title='bbox 335 5011 447 5063; x_wconf 86' lang='grc' dir='ltr'><strong>τῶν</strong></span> <span class='ocrx_word' id='word_1_519' title='bbox 479 5009 728 5080; x_wconf 82' lang='grc' dir='ltr'>καρπῶν,</span> <span class='ocrx_word' id='word_1_520' title='bbox 765 5010 857 5062; x_wconf 69' lang='grc' dir='ltr'>καὶ</span> <span class='ocrx_word' id='word_1_521' title='bbox 881 5007 1027 5061; x_wconf 70' lang='grc' dir='ltr'>οὕτω</span> <span class='ocrx_word' id='word_1_522' title='bbox 1072 5007 1437 5079; x_wconf 88' lang='grc' dir='ltr'>χειραγωγεῖν</span> <span class='ocrx_word' id='word_1_523' title='bbox 1471 5006 1599 5070; x_wconf 80' lang='grc' dir='ltr'>τοὺς</span> <span class='ocrx_word' id='word_1_524' title='bbox 1630 5004 1888 5074; x_wconf 85' lang='grc' dir='ltr'>πένητας.</span> 
     </span>
    </p>
   </div>
   <div class='ocr_carea' id='block_1_76' title="bbox 339 5096 1894 5174">
    <p class='ocr_par' dir='ltr' id='par_1_76' title="bbox 339 5096 1894 5174">
     <span class='ocr_line' id='line_1_76' title="bbox 339 5096 1894 5174; baseline -0.006 -17"><span class='ocrx_word' id='word_1_525' title='bbox 339 5105 506 5174; x_wconf 83' lang='grc' dir='ltr'>Πλὴν,</span> <span class='ocrx_word' id='word_1_526' title='bbox 545 5105 701 5174; x_wconf 83' lang='grc' dir='ltr'>φησὶ,</span> <span class='ocrx_word' id='word_1_527' title='bbox 737 5104 830 5155; x_wconf 72' lang='grc' dir='ltr'><strong>ἐπὶ</strong></span> <span class='ocrx_word' id='word_1_528' title='bbox 867 5103 963 5172; x_wconf 85' lang='grc' dir='ltr'>μὲν</span> <span class='ocrx_word' id='word_1_529' title='bbox 993 5101 1141 5172; x_wconf 79' lang='grc' dir='ltr'>τρισὶ</span> <span class='ocrx_word' id='word_1_530' title='bbox 1168 5101 1476 5171; x_wconf 81' lang='grc' dir='ltr'>Κυριακαῖς</span> <span class='ocrx_word' id='word_1_531' title='bbox 1499 5098 1701 5167; x_wconf 77' lang='grc' dir='ltr'>ὀφείλει</span> <span class='ocrx_word' id='word_1_532' title='bbox 1724 5097 1753 5149; x_wconf 83' lang='grc' dir='ltr'><strong>δ</strong></span> <span class='ocrx_word' id='word_1_533' title='bbox 1780 5096 1894 5149; x_wconf 82' lang='grc' dir='ltr'>ἐπί-</span> 
     </span>
    </p>
   </div>
   <div class='ocr_carea' id='block_1_77' title="bbox 340 5186 1895 5262">
    <p class='ocr_par' dir='ltr' id='par_1_77' title="bbox 340 5186 1895 5262">
     <span class='ocr_line' id='line_1_77' title="bbox 340 5186 1895 5262; baseline -0.007 -13"><span class='ocrx_word' id='word_1_534' title='bbox 340 5213 540 5258; x_wconf 85' lang='grc' dir='ltr'>σκοπος</span> <span class='ocrx_word' id='word_1_535' title='bbox 567 5195 774 5262; x_wconf 78' lang='grc' dir='ltr'>διάγειν</span> <span class='ocrx_word' id='word_1_536' title='bbox 802 5194 880 5256; x_wconf 87' lang='grc' dir='ltr'><strong>είς</strong></span> <span class='ocrx_word' id='word_1_537' title='bbox 902 5193 969 5245; x_wconf 75' lang='grc' dir='ltr'><strong>τὰ</strong></span> <span class='ocrx_word' id='word_1_538' title='bbox 998 5193 1174 5245; x_wconf 86' lang='grc' dir='ltr'>οίκεῖα</span> <span class='ocrx_word' id='word_1_539' title='bbox 1200 5192 1472 5258; x_wconf 87' lang='grc' dir='ltr'>κτήματα,</span> <span class='ocrx_word' id='word_1_540' title='bbox 1505 5189 1598 5241; x_wconf 73' lang='grc' dir='ltr'>καὶ</span> <span class='ocrx_word' id='word_1_541' title='bbox 1624 5187 1761 5259; x_wconf 82' lang='grc' dir='ltr'><strong>μετά</strong></span> <span class='ocrx_word' id='word_1_542' title='bbox 1786 5186 1895 5239; x_wconf 84' lang='grc' dir='ltr'><strong>τῶν</strong></span> 
     </span>
    </p>
   </div>
   <div class='ocr_carea' id='block_1_78' title="bbox 346 5279 1892 5357">
    <p class='ocr_par' dir='ltr' id='par_1_78' title="bbox 346 5279 1892 5357">
     <span class='ocr_line' id='line_1_78' title="bbox 346 5279 1892 5357; baseline -0.006 -17"><span class='ocrx_word' id='word_1_543' title='bbox 346 5287 627 5357; x_wconf 71' lang='grc' dir='ltr'>ἐγχωρίων</span> <span class='ocrx_word' id='word_1_544' title='bbox 653 5284 864 5338; x_wconf 84' lang='grc' dir='ltr'>πιστῶν</span> <span class='ocrx_word' id='word_1_545' title='bbox 888 5282 1271 5352; x_wconf 75' lang='grc' dir='ltr'>ἐκκλησιάζειν</span> <span class='ocrx_word' id='word_1_546' title='bbox 1300 5282 1393 5332; x_wconf 79' lang='grc' dir='ltr'><strong>καὶ</strong></span> <span class='ocrx_word' id='word_1_547' title='bbox 1439 5279 1892 5350; x_wconf 86' lang='grc' dir='ltr'>συλλειτουργεῖν,</span> 
     </span>
    </p>
   </div>
   <div class='ocr_carea' id='block_1_79' title="bbox 348 5369 1894 5449">
    <p class='ocr_par' dir='ltr' id='par_1_79' title="bbox 348 5369 1894 5449">
     <span class='ocr_line' id='line_1_79' title="bbox 348 5369 1894 5449; baseline -0.008 -17"><span class='ocrx_word' id='word_1_548' title='bbox 348 5378 471 5449; x_wconf 73' lang='grc' dir='ltr'>ἦτοι</span> <span class='ocrx_word' id='word_1_549' title='bbox 502 5376 857 5446; x_wconf 83' lang='grc' dir='ltr'>συνεύχεσθαι</span> <span class='ocrx_word' id='word_1_550' title='bbox 900 5373 1039 5443; x_wconf 65' lang='grc' dir='ltr'>μετὰ</span> <span class='ocrx_word' id='word_1_551' title='bbox 1071 5372 1165 5424; x_wconf 77' lang='grc' dir='ltr'>τοῦ</span> <span class='ocrx_word' id='word_1_552' title='bbox 1201 5372 1381 5424; x_wconf 86' lang='grc' dir='ltr'>ἐκεῖσε</span> <span class='ocrx_word' id='word_1_553' title='bbox 1409 5370 1561 5433; x_wconf 75' lang='grc' dir='ltr'>ὄντος</span> <span class='ocrx_word' id='word_1_554' title='bbox 1585 5369 1894 5440; x_wconf 70' lang='grc' dir='ltr'>πρεσϐυτέο</span> 
     </span>
    </p>
   </div>
   <div class='ocr_carea' id='block_1_80' title="bbox 345 5459 1894 5543">
    <p class='ocr_par' dir='ltr' id='par_1_80' title="bbox 345 5459 1894 5543">
     <span class='ocr_line' id='line_1_80' title="bbox 345 5459 1894 5543; baseline -0.01 -17"><span class='ocrx_word' id='word_1_555' title='bbox 345 5490 462 5543; x_wconf 84' lang='grc' dir='ltr'>ρου,</span> <span class='ocrx_word' id='word_1_556' title='bbox 491 5472 575 5526; x_wconf 89' lang='grc' dir='ltr'><strong>ῖνα</strong></span> <span class='ocrx_word' id='word_1_557' title='bbox 610 5466 684 5540; x_wconf 67' lang='grc' dir='ltr'>μὴ</span> <span class='ocrx_word' id='word_1_558' title='bbox 704 5470 831 5539; x_wconf 79' lang='grc' dir='ltr'>δοκῇ</span> <span class='ocrx_word' id='word_1_559' title='bbox 861 5467 1031 5537; x_wconf 90' lang='grc' dir='ltr'>χωρίς</span> <span class='ocrx_word' id='word_1_560' title='bbox 1060 5462 1421 5523; x_wconf 87' lang='grc' dir='ltr'>συνελεύσεως</span> <span class='ocrx_word' id='word_1_561' title='bbox 1438 5459 1894 5531; x_wconf 86' lang='grc' dir='ltr'>ἐκκλησιαστικῆς</span> 
     </span>
    </p>
   </div>
   <div class='ocr_carea' id='block_1_81' title="bbox 343 5550 1897 5634">
    <p class='ocr_par' dir='ltr' id='par_1_81' title="bbox 343 5550 1897 5634">
     <span class='ocr_line' id='line_1_81' title="bbox 343 5550 1897 5634; baseline -0.012 -16"><span class='ocrx_word' id='word_1_562' title='bbox 343 5563 503 5629; x_wconf 83' lang='grc' dir='ltr'>εἶναι,</span> <span class='ocrx_word' id='word_1_563' title='bbox 531 5563 624 5616; x_wconf 81' lang='grc' dir='ltr'>καὶ</span> <span class='ocrx_word' id='word_1_564' title='bbox 657 5559 1023 5634; x_wconf 82' lang='grc' dir='ltr'>προσκρούειν</span> <span class='ocrx_word' id='word_1_565' title='bbox 1060 5557 1195 5627; x_wconf 82' lang='grc' dir='ltr'>πρὸς</span> <span class='ocrx_word' id='word_1_566' title='bbox 1227 5556 1323 5608; x_wconf 80' lang='grc' dir='ltr'>τὸν</span> <span class='ocrx_word' id='word_1_567' title='bbox 1371 5556 1629 5624; x_wconf 81' lang='grc' dir='ltr'>ἀνωτέρω</span> <span class='ocrx_word' id='word_1_568' title='bbox 1671 5550 1897 5621; x_wconf 85' lang='grc' dir='ltr'>εἰρημέ-</span> 
     </span>
    </p>
   </div>
   <div class='ocr_carea' id='block_1_82' title="bbox 343 5644 1899 5722">
    <p class='ocr_par' dir='ltr' id='par_1_82' title="bbox 343 5644 1899 5722">
     <span class='ocr_line' id='line_1_82' title="bbox 343 5644 1899 5722; baseline -0.01 -11"><span class='ocrx_word' id='word_1_569' title='bbox 343 5672 435 5711; x_wconf 90' lang='grc' dir='ltr'>νον</span> <span class='ocrx_word' id='word_1_570' title='bbox 464 5656 664 5709; x_wconf 85' lang='grc' dir='ltr'>κανόνα</span> <span class='ocrx_word' id='word_1_571' title='bbox 693 5654 784 5707; x_wconf 79' lang='grc' dir='ltr'>τὸν</span> <span class='ocrx_word' id='word_1_572' title='bbox 810 5651 1134 5722; x_wconf 76' lang='grc' dir='ltr'>ἀφορίζοντα</span> <span class='ocrx_word' id='word_1_573' title='bbox 1156 5649 1282 5712; x_wconf 81' lang='grc' dir='ltr'>τοὺς</span> <span class='ocrx_word' id='word_1_574' title='bbox 1310 5648 1403 5701; x_wconf 74' lang='grc' dir='ltr'>ἐπὶ</span> <span class='ocrx_word' id='word_1_575' title='bbox 1429 5648 1576 5717; x_wconf 83' lang='grc' dir='ltr'>τρεῖς</span> <span class='ocrx_word' id='word_1_576' title='bbox 1600 5644 1899 5715; x_wconf 75' lang='grc' dir='ltr'>ἑϐδομάδας</span> 
     </span>
    </p>
   </div>
   <div class='ocr_carea' id='block_1_83' title="bbox 346 5736 1881 5818">
    <p class='ocr_par' dir='ltr' id='par_1_83' title="bbox 346 5736 1881 5818">
     <span class='ocr_line' id='line_1_83' title="bbox 346 5736 1881 5818; baseline -0.01 -16"><span class='ocrx_word' id='word_1_577' title='bbox 346 5748 421 5818; x_wconf 76' lang='grc' dir='ltr'>μὴ</span> <span class='ocrx_word' id='word_1_578' title='bbox 472 5748 747 5809; x_wconf 80' lang='grc' dir='ltr'>συνιόντας</span> <span class='ocrx_word' id='word_1_579' title='bbox 798 5746 875 5808; x_wconf 85' lang='grc' dir='ltr'><strong>είς</strong></span> <span class='ocrx_word' id='word_1_580' title='bbox 917 5740 1230 5812; x_wconf 82' lang='grc' dir='ltr'>ἐκκλησίαν,</span> <span class='ocrx_word' id='word_1_581' title='bbox 1280 5738 1434 5793; x_wconf 82' lang='grc' dir='ltr'>Μετά</span> <span class='ocrx_word' id='word_1_582' title='bbox 1478 5739 1533 5792; x_wconf 82' lang='grc' dir='ltr'>δὲ</span> <span class='ocrx_word' id='word_1_583' title='bbox 1577 5736 1673 5799; x_wconf 71' lang='grc' dir='ltr'>τὰς</span> <span class='ocrx_word' id='word_1_584' title='bbox 1732 5737 1881 5806; x_wconf 84' lang='grc' dir='ltr'>τρεῖς</span> 
     </span>
    </p>
   </div>
   <div class='ocr_carea' id='block_1_84' title="bbox 2562 2529 2975 2586">
    <p class='ocr_par' dir='ltr' id='par_1_84' title="bbox 2562 2529 2975 2586">
     <span class='ocr_line' id='line_1_84' title="bbox 2562 2529 2975 2586; baseline -0.007 0"><span class='ocrx_word' id='word_1_585' title='bbox 2562 2529 2797 2586; x_wconf 78' lang='lat' dir='ltr'><strong>CANON</strong></span> <span class='ocrx_word' id='word_1_586' title='bbox 2860 2529 2975 2583; x_wconf 80' lang='grc' dir='ltr'><strong>ΧΠ.</strong></span> 
     </span>
    </p>
   </div>
   <div class='ocr_carea' id='block_1_85' title="bbox 1984 2618 3532 2691">
    <p class='ocr_par' dir='ltr' id='par_1_85' title="bbox 1984 2618 3532 2691">
     <span class='ocr_line' id='line_1_85' title="bbox 1984 2618 3532 2691; baseline -0.004 -17"><span class='ocrx_word' id='word_1_587' title='bbox 1984 2639 2005 2674; x_wconf 86' lang='grc'><em>‹</em></span> <span class='ocrx_word' id='word_1_588' title='bbox 2040 2621 2264 2690; x_wconf 85' lang='lat' dir='ltr'><strong>Quidam</strong></span> <span class='ocrx_word' id='word_1_589' title='bbox 2300 2621 2498 2677; x_wconf 80' lang='lat' dir='ltr'><strong>fratres</strong></span> <span class='ocrx_word' id='word_1_590' title='bbox 2523 2633 2576 2677; x_wconf 89' lang='lat' dir='ltr'><strong>et</strong></span> <span class='ocrx_word' id='word_1_591' title='bbox 2631 2621 2932 2691; x_wconf 77' lang='lat' dir='ltr'><strong>coepiscOpi</strong></span> <span class='ocrx_word' id='word_1_592' title='bbox 2988 2621 3039 2674; x_wconf 91' lang='lat' dir='ltr'><strong>in</strong></span> <span class='ocrx_word' id='word_1_593' title='bbox 3090 2620 3423 2678; x_wconf 80' lang='lat' dir='ltr'><strong>civitatibus.</strong></span> <span class='ocrx_word' id='word_1_594' title='bbox 3482 2618 3532 2669; x_wconf 90' lang='lat' dir='ltr'><strong>in</strong></span> 
     </span>
    </p>
   </div>
   <div class='ocr_carea' id='block_1_86' title="bbox 2056 2709 3536 2783">
    <p class='ocr_par' dir='ltr' id='par_1_86' title="bbox 2056 2709 3536 2783">
     <span class='ocr_line' id='line_1_86' title="bbox 2056 2709 3536 2783; baseline -0.003 -17"><span class='ocrx_word' id='word_1_595' title='bbox 2056 2732 2075 2766; x_wconf 75' lang='grc' dir='ltr'><strong>ι</strong></span> <span class='ocrx_word' id='word_1_596' title='bbox 2117 2713 2307 2783; x_wconf 84' lang='lat' dir='ltr'><strong>quibus</strong></span> <span class='ocrx_word' id='word_1_597' title='bbox 2360 2713 2593 2783; x_wconf 85' lang='lat' dir='ltr'><strong>episcopi</strong></span> <span class='ocrx_word' id='word_1_598' title='bbox 2647 2714 3066 2776; x_wconf 87' lang='lat' dir='ltr'><strong>constituuntur,</strong></span> <span class='ocrx_word' id='word_1_599' title='bbox 3100 2711 3348 2763; x_wconf 80' lang='lat' dir='ltr'><strong>videntur</strong></span> <span class='ocrx_word' id='word_1_600' title='bbox 3384 2709 3536 2763; x_wconf 72' lang='lat' dir='ltr'><strong>Valde</strong></span> 
     </span>
    </p>
   </div>
   <div class='ocr_carea' id='block_1_87' title="bbox 2057 2798 3533 2875">
    <p class='ocr_par' dir='ltr' id='par_1_87' title="bbox 2057 2798 3533 2875">
     <span class='ocr_line' id='line_1_87' title="bbox 2057 2798 3533 2875; baseline -0.005 -19"><span class='ocrx_word' id='word_1_601' title='bbox 2057 2822 2075 2856; x_wconf 73' lang='grc' dir='ltr'><strong>ι</strong></span> <span class='ocrx_word' id='word_1_602' title='bbox 2114 2820 2283 2875; x_wconf 87' lang='lat' dir='ltr'><strong>pauca</strong></span> <span class='ocrx_word' id='word_1_603' title='bbox 2310 2845 2324 2866; x_wconf 89' lang='lat'><strong>,</strong></span> <span class='ocrx_word' id='word_1_604' title='bbox 2358 2819 2477 2874; x_wconf 77' lang='lat' dir='ltr'><strong>quae</strong></span> <span class='ocrx_word' id='word_1_605' title='bbox 2508 2805 2604 2858; x_wconf 87' lang='lat' dir='ltr'><strong>sibi</strong></span> <span class='ocrx_word' id='word_1_606' title='bbox 2654 2804 2763 2857; x_wconf 90' lang='lat' dir='ltr'><strong>sint</strong></span> <span class='ocrx_word' id='word_1_607' title='bbox 2817 2803 3059 2871; x_wconf 84' lang='lat' dir='ltr'><strong>propria,</strong></span> <span class='ocrx_word' id='word_1_608' title='bbox 3116 2800 3428 2870; x_wconf 74' lang='lat' dir='ltr'><strong>pos~idere;</strong></span> <span class='ocrx_word' id='word_1_609' title='bbox 3481 2798 3533 2849; x_wconf 92' lang='lat' dir='ltr'><strong>in</strong></span> 
     </span>
    </p>
   </div>
   <div class='ocr_carea' id='block_1_88' title="bbox 2059 2887 3534 2963">
    <p class='ocr_par' dir='ltr' id='par_1_88' title="bbox 2059 2887 3534 2963">
     <span class='ocr_line' id='line_1_88' title="bbox 2059 2887 3534 2963; baseline -0.009 -11"><span class='ocrx_word' id='word_1_610' title='bbox 2059 2917 2079 2952; x_wconf 86' lang='grc'><em>‹</em></span> <span class='ocrx_word' id='word_1_611' title='bbox 2109 2897 2227 2952; x_wconf 88' lang='lat' dir='ltr'><strong>aliis</strong></span> <span class='ocrx_word' id='word_1_612' title='bbox 2266 2904 2445 2951; x_wconf 91' lang='lat' dir='ltr'><strong>autem</strong></span> <span class='ocrx_word' id='word_1_613' title='bbox 2480 2895 2611 2950; x_wconf 88' lang='lat' dir='ltr'><strong>locis</strong></span> <span class='ocrx_word' id='word_1_614' title='bbox 2638 2910 2857 2963; x_wconf 83' lang='lat' dir='ltr'><strong>magnas</strong></span> <span class='ocrx_word' id='word_1_615' title='bbox 2881 2893 3271 2961; x_wconf 72' lang='lat' dir='ltr'><strong>possessiones,</strong></span> <span class='ocrx_word' id='word_1_616' title='bbox 3303 2904 3366 2942; x_wconf 76' lang='lat' dir='ltr'><strong>ex</strong></span> <span class='ocrx_word' id='word_1_617' title='bbox 3411 2887 3534 2957; x_wconf 85' lang='lat' dir='ltr'><strong>qui-</strong></span> 
     </span>
    </p>
   </div>
   <div class='ocr_carea' id='block_1_89' title="bbox 2058 2981 3532 3058">
    <p class='ocr_par' dir='ltr' id='par_1_89' title="bbox 2058 2981 3532 3058">
     <span class='ocr_line' id='line_1_89' title="bbox 2058 2981 3532 3058; baseline -0.009 -12"><span class='ocrx_word' id='word_1_618' title='bbox 2058 3011 2078 3046; x_wconf 82' lang='grc'><strong>‹</strong></span> <span class='ocrx_word' id='word_1_619' title='bbox 2118 2992 2218 3048; x_wconf 88' lang='lat' dir='ltr'><strong>bus</strong></span> <span class='ocrx_word' id='word_1_620' title='bbox 2280 2991 2439 3046; x_wconf 91' lang='lat' dir='ltr'><strong>etiam</strong></span> <span class='ocrx_word' id='word_1_621' title='bbox 2491 2995 2719 3058; x_wconf 88' lang='lat' dir='ltr'><strong>possunt</strong></span> <span class='ocrx_word' id='word_1_622' title='bbox 2766 3002 2921 3054; x_wconf 91' lang='lat' dir='ltr'><strong>opem</strong></span> <span class='ocrx_word' id='word_1_623' title='bbox 2981 2984 3120 3037; x_wconf 78' lang='lat' dir='ltr'><strong>ferre</strong></span> <span class='ocrx_word' id='word_1_624' title='bbox 3177 2981 3532 3051; x_wconf 71' lang='lat' dir='ltr'><strong>pauperibus;</strong></span> 
     </span>
    </p>
   </div>
   <div class='ocr_carea' id='block_1_90' title="bbox 2060 3074 3535 3146">
    <p class='ocr_par' dir='ltr' id='par_1_90' title="bbox 2060 3074 3535 3146">
     <span class='ocr_line' id='line_1_90' title="bbox 2060 3074 3535 3146; baseline -0.012 -8"><span class='ocrx_word' id='word_1_625' title='bbox 2060 3104 2078 3138; x_wconf 73' lang='grc' dir='ltr'><strong>ι</strong></span> <span class='ocrx_word' id='word_1_626' title='bbox 2111 3085 2176 3140; x_wconf 88' lang='lat' dir='ltr'><strong>iis</strong></span> <span class='ocrx_word' id='word_1_627' title='bbox 2216 3084 2285 3138; x_wconf 82' lang='lat' dir='ltr'><strong>ita</strong></span> <span class='ocrx_word' id='word_1_628' title='bbox 2315 3095 2435 3137; x_wconf 89' lang='lat' dir='ltr'><strong>esse</strong></span> <span class='ocrx_word' id='word_1_629' title='bbox 2457 3079 2856 3135; x_wconf 88' lang='lat' dir='ltr'><strong>concedendum</strong></span> <span class='ocrx_word' id='word_1_630' title='bbox 2892 3077 3097 3146; x_wconf 79' lang='lat' dir='ltr'><strong>judico,</strong></span> <span class='ocrx_word' id='word_1_631' title='bbox 3125 3082 3180 3125; x_wconf 94' lang='lat' dir='ltr'><strong>ut</strong></span> <span class='ocrx_word' id='word_1_632' title='bbox 3204 3074 3245 3126; x_wconf 88' lang='lat' dir='ltr'><strong>si</strong></span> <span class='ocrx_word' id='word_1_633' title='bbox 3302 3074 3353 3123; x_wconf 92' lang='lat' dir='ltr'><strong>in</strong></span> <span class='ocrx_word' id='word_1_634' title='bbox 3411 3087 3535 3124; x_wconf 76' lang='lat' dir='ltr'><strong>suas</strong></span> 
     </span>
    </p>
   </div>
   <div class='ocr_carea' id='block_1_91' title="bbox 2057 3162 3539 3248">
    <p class='ocr_par' dir='ltr' id='par_1_91' title="bbox 2057 3162 3539 3248">
     <span class='ocr_line' id='line_1_91' title="bbox 2057 3162 3539 3248; baseline -0.014 -17"><span class='ocrx_word' id='word_1_635' title='bbox 2057 3196 2077 3231; x_wconf 72' lang='grc' dir='ltr'><strong>ι</strong></span> <span class='ocrx_word' id='word_1_636' title='bbox 2112 3177 2483 3248; x_wconf 86' lang='lat' dir='ltr'><strong>possessiones</strong></span> <span class='ocrx_word' id='word_1_637' title='bbox 2526 3172 2738 3227; x_wconf 91' lang='lat' dir='ltr'><strong>venturi</strong></span> <span class='ocrx_word' id='word_1_638' title='bbox 2771 3171 2899 3232; x_wconf 89' lang='lat' dir='ltr'><strong>sint,</strong></span> <span class='ocrx_word' id='word_1_639' title='bbox 2933 3180 2984 3222; x_wconf 90' lang='lat' dir='ltr'><strong>et</strong></span> <span class='ocrx_word' id='word_1_640' title='bbox 3009 3168 3216 3220; x_wconf 82' lang='lat' dir='ltr'><strong>fructus</strong></span> <span class='ocrx_word' id='word_1_641' title='bbox 3249 3180 3377 3218; x_wconf 89' lang='lat' dir='ltr'><strong>suos</strong></span> <span class='ocrx_word' id='word_1_642' title='bbox 3425 3162 3539 3213; x_wconf 86' lang='lat' dir='ltr'><strong>col-</strong></span> 
     </span>
    </p>
   </div>
   <div class='ocr_carea' id='block_1_92' title="bbox 1998 3255 3540 3331">
    <p class='ocr_par' dir='ltr' id='par_1_92' title="bbox 1998 3255 3540 3331">
     <span class='ocr_line' id='line_1_92' title="bbox 1998 3255 3540 3331; baseline -0.012 -6"><span class='ocrx_word' id='word_1_643' title='bbox 1998 3292 1999 3295; x_wconf 53' lang='lat'>‘</span> <span class='ocrx_word' id='word_1_644' title='bbox 2055 3291 2075 3324; x_wconf 80' lang='grc' dir='ltr'><strong>ι</strong></span> <span class='ocrx_word' id='word_1_645' title='bbox 2108 3270 2328 3331; x_wconf 85' lang='lat' dir='ltr'><strong>lecturi,</strong></span> <span class='ocrx_word' id='word_1_646' title='bbox 2375 3269 2548 3322; x_wconf 88' lang='lat' dir='ltr'><strong>tribus</strong></span> <span class='ocrx_word' id='word_1_647' title='bbox 2578 3265 2769 3319; x_wconf 91' lang='lat' dir='ltr'><strong>diebus</strong></span> <span class='ocrx_word' id='word_1_648' title='bbox 2803 3261 3117 3323; x_wconf 88' lang='lat' dir='ltr'><strong>Dominicis,</strong></span> <span class='ocrx_word' id='word_1_649' title='bbox 3155 3258 3206 3312; x_wconf 88' lang='lat' dir='ltr'><strong>id</strong></span> <span class='ocrx_word' id='word_1_650' title='bbox 3238 3267 3341 3316; x_wconf 86' lang='lat' dir='ltr'><strong>est,</strong></span> <span class='ocrx_word' id='word_1_651' title='bbox 3369 3255 3540 3307; x_wconf 85' lang='lat' dir='ltr'><strong>tribus</strong></span> 
     </span>
    </p>
   </div>
   <div class='ocr_carea' id='block_1_93' title="bbox 2056 3348 3537 3431">
    <p class='ocr_par' dir='ltr' id='par_1_93' title="bbox 2056 3348 3537 3431">
     <span class='ocr_line' id='line_1_93' title="bbox 2056 3348 3537 3431; baseline -0.016 -13"><span class='ocrx_word' id='word_1_652' title='bbox 2056 3382 2076 3416; x_wconf 75' lang='grc' dir='ltr'><strong>ι</strong></span> <span class='ocrx_word' id='word_1_653' title='bbox 2119 3361 2471 3431; x_wconf 87' lang='lat' dir='ltr'><strong>septimanis,</strong></span> <span class='ocrx_word' id='word_1_654' title='bbox 2524 3357 2577 3411; x_wconf 88' lang='lat' dir='ltr'><strong>in</strong></span> <span class='ocrx_word' id='word_1_655' title='bbox 2638 3355 2751 3410; x_wconf 89' lang='lat' dir='ltr'><strong>suis</strong></span> <span class='ocrx_word' id='word_1_656' title='bbox 2812 3350 3240 3424; x_wconf 80' lang='lat' dir='ltr'><strong>possessiunibus</strong></span> <span class='ocrx_word' id='word_1_657' title='bbox 3306 3348 3537 3413; x_wconf 80' lang='lat' dir='ltr'><strong>degant;</strong></span> 
     </span>
    </p>
   </div>
   <div class='ocr_carea' id='block_1_94' title="bbox 2056 3440 3543 3518">
    <p class='ocr_par' dir='ltr' id='par_1_94' title="bbox 2056 3440 3543 3518">
     <span class='ocr_line' id='line_1_94' title="bbox 2056 3440 3543 3518; baseline -0.015 -9"><span class='ocrx_word' id='word_1_658' title='bbox 2056 3476 2075 3509; x_wconf 72' lang='grc' dir='ltr'><strong>ι</strong></span> <span class='ocrx_word' id='word_1_659' title='bbox 2117 3455 2249 3511; x_wconf 90' lang='lat' dir='ltr'><strong>etin</strong></span> <span class='ocrx_word' id='word_1_660' title='bbox 2286 3451 2517 3508; x_wconf 84' lang='lat' dir='ltr'><strong>ecclesia</strong></span> <span class='ocrx_word' id='word_1_661' title='bbox 2562 3464 2681 3518; x_wconf 82' lang='lat' dir='ltr'><strong>quae</strong></span> <span class='ocrx_word' id='word_1_662' title='bbox 2724 3461 2888 3515; x_wconf 90' lang='lat' dir='ltr'><strong>pr0pe</strong></span> <span class='ocrx_word' id='word_1_663' title='bbox 2908 3444 3087 3507; x_wconf 90' lang='lat' dir='ltr'><strong>est,in</strong></span> <span class='ocrx_word' id='word_1_664' title='bbox 3124 3457 3227 3509; x_wconf 90' lang='lat' dir='ltr'><strong>qua</strong></span> <span class='ocrx_word' id='word_1_665' title='bbox 3263 3440 3543 3508; x_wconf 73' lang='lat' dir='ltr'><strong>presbyter</strong></span> 
     </span>
    </p>
   </div>
   <div class='ocr_carea' id='block_1_95' title="bbox 2059 3533 3538 3616">
    <p class='ocr_par' dir='ltr' id='par_1_95' title="bbox 2059 3533 3538 3616">
     <span class='ocr_line' id='line_1_95' title="bbox 2059 3533 3538 3616; baseline -0.014 -14"><span class='ocrx_word' id='word_1_666' title='bbox 2059 3568 2077 3601; x_wconf 78' lang='grc' dir='ltr'><strong>ι</strong></span> <span class='ocrx_word' id='word_1_667' title='bbox 2109 3547 2358 3616; x_wconf 90' lang='lat' dir='ltr'><strong>populum</strong></span> <span class='ocrx_word' id='word_1_668' title='bbox 2412 3550 2721 3611; x_wconf 80' lang='lat' dir='ltr'><strong>congregat,</strong></span> <span class='ocrx_word' id='word_1_669' title='bbox 2754 3555 2820 3593; x_wconf 91' lang='lat' dir='ltr'><strong>ne</strong></span> <span class='ocrx_word' id='word_1_670' title='bbox 2853 3554 2880 3591; x_wconf 81' lang='lat' dir='ltr'><strong>a</strong></span> <span class='ocrx_word' id='word_1_671' title='bbox 2917 3536 3294 3592; x_wconf 87' lang='lat' dir='ltr'><strong>communione</strong></span> <span class='ocrx_word' id='word_1_672' title='bbox 3325 3533 3538 3584; x_wconf 78' lang='lat' dir='ltr'><strong>alienus</strong></span> 
     </span>
    </p>
   </div>
   <div class='ocr_carea' id='block_1_96' title="bbox 2066 3620 3543 3704">
    <p class='ocr_par' dir='ltr' id='par_1_96' title="bbox 2066 3620 3543 3704">
     <span class='ocr_line' id='line_1_96' title="bbox 2066 3620 3543 3704; baseline -0.014 -15"><span class='ocrx_word' id='word_1_673' title='bbox 2066 3657 2083 3689; x_wconf 76' lang='grc' dir='ltr'><strong>ι</strong></span> <span class='ocrx_word' id='word_1_674' title='bbox 2121 3637 2368 3691; x_wconf 88' lang='lat' dir='ltr'><strong>videatur</strong></span> <span class='ocrx_word' id='word_1_675' title='bbox 2421 3628 2747 3704; x_wconf 90' lang='lat' dir='ltr'><strong>(episcopus)</strong></span> <span class='ocrx_word' id='word_1_676' title='bbox 2779 3626 3085 3688; x_wconf 82' lang='lat' dir='ltr'><strong>conveniat,</strong></span> <span class='ocrx_word' id='word_1_677' title='bbox 3115 3634 3168 3677; x_wconf 88' lang='lat' dir='ltr'><strong>et</strong></span> <span class='ocrx_word' id='word_1_678' title='bbox 3216 3620 3543 3676; x_wconf 80' lang='lat' dir='ltr'><strong>sacrificium</strong></span> 
     </span>
    </p>
   </div>
   <div class='ocr_carea' id='block_1_97' title="bbox 2059 3715 3535 3791">
    <p class='ocr_par' dir='ltr' id='par_1_97' title="bbox 2059 3715 3535 3791">
     <span class='ocr_line' id='line_1_97' title="bbox 2059 3715 3535 3791; baseline -0.014 -10"><span class='ocrx_word' id='word_1_679' title='bbox 2059 3748 2078 3781; x_wconf 79' lang='grc' dir='ltr'><strong>ι</strong></span> <span class='ocrx_word' id='word_1_680' title='bbox 2112 3728 2389 3789; x_wconf 88' lang='lat' dir='ltr'><strong>celebret,</strong></span> <span class='ocrx_word' id='word_1_681' title='bbox 2417 3733 2552 3779; x_wconf 89' lang='lat' dir='ltr'><strong>etne</strong></span> <span class='ocrx_word' id='word_1_682' title='bbox 2577 3722 2910 3791; x_wconf 83' lang='lat' dir='ltr'><strong>frequentius</strong></span> <span class='ocrx_word' id='word_1_683' title='bbox 2950 3719 2999 3771; x_wconf 93' lang='lat' dir='ltr'><strong>in</strong></span> <span class='ocrx_word' id='word_1_684' title='bbox 3032 3718 3275 3777; x_wconf 84' lang='lat' dir='ltr'><strong>civitate,</strong></span> <span class='ocrx_word' id='word_1_685' title='bbox 3326 3715 3378 3767; x_wconf 90' lang='lat' dir='ltr'><strong>in</strong></span> <span class='ocrx_word' id='word_1_686' title='bbox 3428 3727 3535 3777; x_wconf 77' lang='lat' dir='ltr'><strong>qua</strong></span> 
     </span>
    </p>
   </div>
   <div class='ocr_carea' id='block_1_98' title="bbox 2060 3803 3547 3884">
    <p class='ocr_par' dir='ltr' id='par_1_98' title="bbox 2060 3803 3547 3884">
     <span class='ocr_line' id='line_1_98' title="bbox 2060 3803 3547 3884; baseline -0.015 -14"><span class='ocrx_word' id='word_1_687' title='bbox 2060 3838 2078 3871; x_wconf 79' lang='grc' dir='ltr'><strong>ι</strong></span> <span class='ocrx_word' id='word_1_688' title='bbox 2130 3828 2208 3871; x_wconf 88' lang='lat' dir='ltr'><strong>est</strong></span> <span class='ocrx_word' id='word_1_689' title='bbox 2231 3816 2535 3884; x_wconf 89' lang='lat' dir='ltr'><strong>episcopus,</strong></span> <span class='ocrx_word' id='word_1_690' title='bbox 2567 3814 2730 3868; x_wconf 88' lang='lat' dir='ltr'><strong>adsit.</strong></span> <span class='ocrx_word' id='word_1_691' title='bbox 2764 3812 2840 3864; x_wconf 81' lang='lat' dir='ltr'><strong>Eo</strong></span> <span class='ocrx_word' id='word_1_692' title='bbox 2862 3810 3002 3865; x_wconf 90' lang='lat' dir='ltr'><strong>enim</strong></span> <span class='ocrx_word' id='word_1_693' title='bbox 3033 3810 3206 3867; x_wconf 85' lang='lat' dir='ltr'><strong>modo,</strong></span> <span class='ocrx_word' id='word_1_694' title='bbox 3238 3814 3296 3858; x_wconf 88' lang='lat' dir='ltr'><strong>et</strong></span> <span class='ocrx_word' id='word_1_695' title='bbox 3325 3820 3408 3857; x_wconf 90' lang='lat' dir='ltr'><strong>res</strong></span> <span class='ocrx_word' id='word_1_696' title='bbox 3427 3803 3547 3868; x_wconf 72' lang='lat' dir='ltr'><strong>ejus.</strong></span> 
     </span>
    </p>
   </div>
   <div class='ocr_carea' id='block_1_99' title="bbox 2061 3895 3551 3979">
    <p class='ocr_par' dir='ltr' id='par_1_99' title="bbox 2061 3895 3551 3979">
     <span class='ocr_line' id='line_1_99' title="bbox 2061 3895 3551 3979; baseline -0.014 -16"><span class='ocrx_word' id='word_1_697' title='bbox 2061 3929 2079 3962; x_wconf 73' lang='grc' dir='ltr'><strong>ε</strong></span> <span class='ocrx_word' id='word_1_698' title='bbox 2107 3918 2322 3979; x_wconf 86' lang='lat' dir='ltr'><strong>propter</strong></span> <span class='ocrx_word' id='word_1_699' title='bbox 2350 3907 2516 3975; x_wconf 89' lang='lat' dir='ltr'><strong>ipsius</strong></span> <span class='ocrx_word' id='word_1_700' title='bbox 2550 3904 2855 3959; x_wconf 84' lang='lat' dir='ltr'><strong>&#39;abseutiam</strong></span> <span class='ocrx_word' id='word_1_701' title='bbox 2906 3900 3035 3954; x_wconf 87' lang='lat' dir='ltr'><strong>nihil</strong></span> <span class='ocrx_word' id='word_1_702' title='bbox 3101 3895 3402 3951; x_wconf 86' lang='lat' dir='ltr'><strong>detrimenti</strong></span> <span class='ocrx_word' id='word_1_703' title='bbox 3452 3910 3551 3959; x_wconf 73' lang='lat' dir='ltr'><strong>pn-</strong></span> 
     </span>
    </p>
   </div>
   <div class='ocr_carea' id='block_1_100' title="bbox 2061 3983 3551 4063">
    <p class='ocr_par' dir='ltr' id='par_1_100' title="bbox 2061 3983 3551 4063">
     <span class='ocr_line' id='line_1_100' title="bbox 2061 3983 3551 4063; baseline -0.017 -9"><span class='ocrx_word' id='word_1_704' title='bbox 2061 4020 2080 4053; x_wconf 78' lang='grc' dir='ltr'><strong>ι</strong></span> <span class='ocrx_word' id='word_1_705' title='bbox 2114 4000 2332 4063; x_wconf 86' lang='lat' dir='ltr'><strong>tieutur,</strong></span> <span class='ocrx_word' id='word_1_706' title='bbox 2358 4005 2410 4052; x_wconf 93' lang='lat' dir='ltr'><strong>et</strong></span> <span class='ocrx_word' id='word_1_707' title='bbox 2460 3993 2775 4063; x_wconf 60' lang='lat' dir='ltr'><strong>arrogantiae</strong></span> <span class='ocrx_word' id='word_1_708' title='bbox 2810 4006 2873 4045; x_wconf 87' lang='lat' dir='ltr'><strong>ac</strong></span> <span class='ocrx_word' id='word_1_709' title='bbox 2896 3988 3159 4057; x_wconf 65' lang='lat' dir='ltr'><strong>superbire</strong></span> <span class='ocrx_word' id='word_1_710' title='bbox 3194 3986 3395 4039; x_wconf 75' lang='lat' dir='ltr'><strong>crimen</strong></span> <span class='ocrx_word' id='word_1_711' title='bbox 3416 3983 3551 4035; x_wconf 74' lang='lat' dir='ltr'><strong>etin-</strong></span> 
     </span>
    </p>
   </div>
   <div class='ocr_carea' id='block_1_101' title="bbox 2060 4073 3553 4161">
    <p class='ocr_par' dir='ltr' id='par_1_101' title="bbox 2060 4073 3553 4161">
     <span class='ocr_line' id='line_1_101' title="bbox 2060 4073 3553 4161; baseline -0.015 -17"><span class='ocrx_word' id='word_1_712' title='bbox 2060 4110 2079 4144; x_wconf 76' lang='grc' dir='ltr'><strong>ι</strong></span> <span class='ocrx_word' id='word_1_713' title='bbox 2109 4106 2237 4161; x_wconf 88' lang='lat' dir='ltr'><strong>gere</strong></span> <span class='ocrx_word' id='word_1_714' title='bbox 2278 4088 2567 4145; x_wconf 88' lang='lat' dir='ltr'><strong>videbitur.</strong></span> <span class='ocrx_word' id='word_1_715' title='bbox 2598 4083 2797 4140; x_wconf 83' lang='lat' dir='ltr'><strong>Omnes</strong></span> <span class='ocrx_word' id='word_1_716' title='bbox 2826 4080 3059 4150; x_wconf 82' lang='lat' dir='ltr'><strong>episcopi</strong></span> <span class='ocrx_word' id='word_1_717' title='bbox 3091 4078 3341 4131; x_wconf 79' lang='lat' dir='ltr'><strong>dixerunt</strong></span> <span class='ocrx_word' id='word_1_718' title='bbox 3386 4073 3553 4128; x_wconf 78' lang='lat' dir='ltr'><strong>:Pla—-</strong></span> 
     </span>
    </p>
   </div>
   <div class='ocr_carea' id='block_1_102' title="bbox 2064 4175 2982 4252">
    <p class='ocr_par' dir='ltr' id='par_1_102' title="bbox 2064 4175 2982 4252">
     <span class='ocr_line' id='line_1_102' title="bbox 2064 4175 2982 4252; baseline -0.016 -14"><span class='ocrx_word' id='word_1_719' title='bbox 2064 4204 2084 4238; x_wconf 79' lang='grc' dir='ltr'><strong>ι</strong></span> <span class='ocrx_word' id='word_1_720' title='bbox 2109 4193 2193 4240; x_wconf 90' lang='lat' dir='ltr'><strong>cet</strong></span> <span class='ocrx_word' id='word_1_721' title='bbox 2222 4183 2334 4238; x_wconf 57' lang='lat' dir='ltr'><strong>hac</strong></span> <span class='ocrx_word' id='word_1_722' title='bbox 2361 4193 2572 4252; x_wconf 88' lang='lat' dir='ltr'><strong>quoque</strong></span> <span class='ocrx_word' id='word_1_723' title='bbox 2602 4175 2931 4232; x_wconf 89' lang='lat' dir='ltr'><strong>constitutio.</strong></span> <span class='ocrx_word' id='word_1_724' title='bbox 2963 4191 2982 4223; x_wconf 75' lang='grc' dir='ltr'><strong>ι</strong></span> 
     </span>
    </p>
   </div>
   <div class='ocr_carea' id='block_1_103' title="bbox 2070 4430 3549 4502">
    <p class='ocr_par' dir='ltr' id='par_1_103' title="bbox 2070 4430 3549 4502">
     <span class='ocr_line' id='line_1_103' title="bbox 2070 4430 3549 4502; baseline -0.015 1"><span class='ocrx_word' id='word_1_725' title='bbox 2070 4445 2265 4502; x_wconf 82' lang='lat' dir='ltr'><strong>BALS.</strong></span> <span class='ocrx_word' id='word_1_726' title='bbox 2330 4442 2655 4499; x_wconf 89' lang='lat' dir='ltr'><strong>Undecimus</strong></span> <span class='ocrx_word' id='word_1_727' title='bbox 2695 4453 2866 4495; x_wconf 88' lang='lat' dir='ltr'><strong>canon</strong></span> <span class='ocrx_word' id='word_1_728' title='bbox 2926 4436 3082 4491; x_wconf 85' lang='lat' dir='ltr'><strong>docet</strong></span> <span class='ocrx_word' id='word_1_729' title='bbox 3130 4433 3198 4489; x_wconf 87' lang='lat' dir='ltr'><strong>de</strong></span> <span class='ocrx_word' id='word_1_730' title='bbox 3246 4430 3549 4502; x_wconf 77' lang='lat' dir='ltr'><strong>episcopis,</strong></span> 
     </span>
    </p>
   </div>
   <div class='ocr_carea' id='block_1_104' title="bbox 1991 4525 3550 4614">
    <p class='ocr_par' dir='ltr' id='par_1_104' title="bbox 1991 4525 3550 4614">
     <span class='ocr_line' id='line_1_104' title="bbox 1991 4525 3550 4614; baseline -0.018 -15"><span class='ocrx_word' id='word_1_731' title='bbox 1991 4544 2139 4614; x_wconf 89' lang='lat' dir='ltr'><strong>quia</strong></span> <span class='ocrx_word' id='word_1_732' title='bbox 2189 4540 2407 4596; x_wconf 83' lang='lat' dir='ltr'><strong>civitate</strong></span> <span class='ocrx_word' id='word_1_733' title='bbox 2448 4536 2500 4590; x_wconf 92' lang='lat' dir='ltr'><strong>in</strong></span> <span class='ocrx_word' id='word_1_734' title='bbox 2547 4534 2821 4590; x_wconf 87' lang='lat' dir='ltr'><strong>civitatem</strong></span> <span class='ocrx_word' id='word_1_735' title='bbox 2852 4542 3075 4599; x_wconf 77' lang='lat' dir='ltr'><strong>peregre</strong></span> <span class='ocrx_word' id='word_1_736' title='bbox 3100 4525 3550 4595; x_wconf 89' lang='lat' dir='ltr'><strong>proliciscuntur,</strong></span> 
     </span>
    </p>
   </div>
   <div class='ocr_carea' id='block_1_105' title="bbox 1990 4622 3548 4703">
    <p class='ocr_par' dir='ltr' id='par_1_105' title="bbox 1990 4622 3548 4703">
     <span class='ocr_line' id='line_1_105' title="bbox 1990 4622 3548 4703; baseline -0.016 -13"><span class='ocrx_word' id='word_1_737' title='bbox 1990 4636 2127 4690; x_wconf 86' lang='lat' dir='ltr'><strong>vela</strong></span> <span class='ocrx_word' id='word_1_738' title='bbox 2157 4628 2431 4703; x_wconf 85' lang='lat' dir='ltr'><strong>provincia</strong></span> <span class='ocrx_word' id='word_1_739' title='bbox 2458 4627 2514 4681; x_wconf 91' lang='lat' dir='ltr'><strong>in</strong></span> <span class='ocrx_word' id='word_1_740' title='bbox 2545 4622 2879 4695; x_wconf 76' lang='lat' dir='ltr'><strong>provinciam</strong></span> <span class='ocrx_word' id='word_1_741' title='bbox 2907 4638 2921 4674; x_wconf 92' lang='lat'><strong>:</strong></span> <span class='ocrx_word' id='word_1_742' title='bbox 2960 4631 3195 4687; x_wconf 70' lang='lat' dir='ltr'><strong>praesens</strong></span> <span class='ocrx_word' id='word_1_743' title='bbox 3244 4623 3421 4669; x_wconf 87' lang='lat' dir='ltr'><strong>autem</strong></span> <span class='ocrx_word' id='word_1_744' title='bbox 3457 4628 3548 4666; x_wconf 84' lang='lat' dir='ltr'><strong>ca-</strong></span> 
     </span>
    </p>
   </div>
   <div class='ocr_carea' id='block_1_106' title="bbox 1992 4707 3544 4787">
    <p class='ocr_par' dir='ltr' id='par_1_106' title="bbox 1992 4707 3544 4787">
     <span class='ocr_line' id='line_1_106' title="bbox 1992 4707 3544 4787; baseline -0.016 -4"><span class='ocrx_word' id='word_1_745' title='bbox 1992 4743 2098 4783; x_wconf 87' lang='lat' dir='ltr'><strong>non</strong></span> <span class='ocrx_word' id='word_1_746' title='bbox 2132 4723 2337 4785; x_wconf 85' lang='lat' dir='ltr'><strong>statuit,</strong></span> <span class='ocrx_word' id='word_1_747' title='bbox 2364 4716 2708 4787; x_wconf 87' lang='lat' dir='ltr'><strong>ut‘episcopi,</strong></span> <span class='ocrx_word' id='word_1_748' title='bbox 2741 4716 2829 4783; x_wconf 86' lang='lat' dir='ltr'><strong>qui</strong></span> <span class='ocrx_word' id='word_1_749' title='bbox 2865 4727 3087 4781; x_wconf 83' lang='lat' dir='ltr'><strong>magnas</strong></span> <span class='ocrx_word' id='word_1_750' title='bbox 3119 4709 3318 4764; x_wconf 84' lang='lat' dir='ltr'><strong>habent</strong></span> <span class='ocrx_word' id='word_1_751' title='bbox 3351 4707 3544 4760; x_wconf 82' lang='lat' dir='ltr'><strong>immo-</strong></span> 
     </span>
    </p>
   </div>
   <div class='ocr_carea' id='block_1_107' title="bbox 1991 4797 3558 4884">
    <p class='ocr_par' dir='ltr' id='par_1_107' title="bbox 1991 4797 3558 4884">
     <span class='ocr_line' id='line_1_107' title="bbox 1991 4797 3558 4884; baseline -0.017 -10"><span class='ocrx_word' id='word_1_752' title='bbox 1991 4809 2591 4884; x_wconf 28' lang='lat' dir='ltr'><strong>biles‘possessionesin</strong></span> <span class='ocrx_word' id='word_1_753' title='bbox 2627 4806 2827 4860; x_wconf 88' lang='lat' dir='ltr'><strong>alienis</strong></span> <span class='ocrx_word' id='word_1_754' title='bbox 2859 4802 3192 4873; x_wconf 86' lang='lat' dir='ltr'><strong>regionibus,</strong></span> <span class='ocrx_word' id='word_1_755' title='bbox 3228 4800 3281 4852; x_wconf 83' lang='lat' dir='ltr'><strong>in</strong></span> <span class='ocrx_word' id='word_1_756' title='bbox 3309 4814 3402 4853; x_wconf 90' lang='lat' dir='ltr'><strong>eas</strong></span> <span class='ocrx_word' id='word_1_757' title='bbox 3434 4797 3558 4851; x_wconf 78' lang='lat' dir='ltr'><strong>sine</strong></span> 
     </span>
    </p>
   </div>
   <div class='ocr_carea' id='block_1_108' title="bbox 1992 4888 3549 4973">
    <p class='ocr_par' dir='ltr' id='par_1_108' title="bbox 1992 4888 3549 4973">
     <span class='ocr_line' id='line_1_108' title="bbox 1992 4888 3549 4973; baseline -0.019 -9"><span class='ocrx_word' id='word_1_758' title='bbox 1992 4909 2101 4964; x_wconf 88' lang='lat' dir='ltr'><strong>ullo</strong></span> <span class='ocrx_word' id='word_1_759' title='bbox 2130 4905 2517 4973; x_wconf 86' lang='lat' dir='ltr'><strong>impedimento</strong></span> <span class='ocrx_word' id='word_1_760' title='bbox 2568 4899 2983 4968; x_wconf 79' lang='lat' dir='ltr'><strong>proﬁciscantur</strong></span> <span class='ocrx_word' id='word_1_761' title='bbox 3023 4894 3091 4948; x_wconf 84' lang='lat' dir='ltr'><strong>ad</strong></span> <span class='ocrx_word' id='word_1_762' title='bbox 3131 4890 3342 4944; x_wconf 87' lang='lat' dir='ltr'><strong>fructus</strong></span> <span class='ocrx_word' id='word_1_763' title='bbox 3396 4888 3549 4941; x_wconf 82' lang='lat' dir='ltr'><strong>colli-</strong></span> 
     </span>
    </p>
   </div>
   <div class='ocr_carea' id='block_1_109' title="bbox 1991 4978 3567 5070">
    <p class='ocr_par' dir='ltr' id='par_1_109' title="bbox 1991 4978 3567 5070">
     <span class='ocr_line' id='line_1_109' title="bbox 1991 4978 3567 5070; baseline -0.016 -16"><span class='ocrx_word' id='word_1_764' title='bbox 1991 4999 2213 5070; x_wconf 83' lang='lat' dir='ltr'><strong>gendos,</strong></span> <span class='ocrx_word' id='word_1_765' title='bbox 2248 5005 2305 5049; x_wconf 91' lang='lat' dir='ltr'><strong>et</strong></span> <span class='ocrx_word' id='word_1_766' title='bbox 2343 4993 2422 5048; x_wconf 88' lang='lat' dir='ltr'><strong>sic</strong></span> <span class='ocrx_word' id='word_1_767' title='bbox 2464 5004 2725 5062; x_wconf 85' lang='lat' dir='ltr'><strong>pauperes</strong></span> <span class='ocrx_word' id='word_1_768' title='bbox 2749 4995 3080 5041; x_wconf 85' lang='lat' dir='ltr'><strong>sustenteut.</strong></span> <span class='ocrx_word' id='word_1_769' title='bbox 3129 4983 3397 5036; x_wconf 66' lang='lat' dir='ltr'><strong>Caeterum</strong></span> <span class='ocrx_word' id='word_1_770' title='bbox 3453 4978 3567 5029; x_wconf 32' lang='lat' dir='ltr'><strong>tri-\</strong></span> 
     </span>
    </p>
   </div>
   <div class='ocr_carea' id='block_1_110' title="bbox 1993 5071 3555 5157">
    <p class='ocr_par' dir='ltr' id='par_1_110' title="bbox 1993 5071 3555 5157">
     <span class='ocr_line' id='line_1_110' title="bbox 1993 5071 3555 5157; baseline -0.019 -9"><span class='ocrx_word' id='word_1_771' title='bbox 1993 5093 2117 5157; x_wconf 83' lang='lat' dir='ltr'><strong>bus,</strong></span> <span class='ocrx_word' id='word_1_772' title='bbox 2150 5088 2343 5156; x_wconf 90' lang='lat' dir='ltr'><strong>inquit,</strong></span> <span class='ocrx_word' id='word_1_773' title='bbox 2372 5083 2665 5139; x_wconf 85' lang='lat' dir='ltr'><strong>Dominicis</strong></span> <span class='ocrx_word' id='word_1_774' title='bbox 2701 5083 2858 5134; x_wconf 85' lang='lat' dir='ltr'><strong>debet</strong></span> <span class='ocrx_word' id='word_1_775' title='bbox 2879 5083 3166 5146; x_wconf 83' lang='lat' dir='ltr'><strong>episcopus</strong></span> <span class='ocrx_word' id='word_1_776' title='bbox 3188 5074 3239 5125; x_wconf 93' lang='lat' dir='ltr'><strong>in</strong></span> <span class='ocrx_word' id='word_1_777' title='bbox 3265 5071 3379 5126; x_wconf 84' lang='lat' dir='ltr'><strong>suis</strong></span> <span class='ocrx_word' id='word_1_778' title='bbox 3422 5084 3555 5138; x_wconf 84' lang='lat' dir='ltr'><strong>pos-</strong></span> 
     </span>
    </p>
   </div>
   <div class='ocr_carea' id='block_1_111' title="bbox 1996 5161 3556 5244">
    <p class='ocr_par' dir='ltr' id='par_1_111' title="bbox 1996 5161 3556 5244">
     <span class='ocr_line' id='line_1_111' title="bbox 1996 5161 3556 5244; baseline -0.019 -4"><span class='ocrx_word' id='word_1_779' title='bbox 1996 5181 2330 5239; x_wconf 88' lang='lat' dir='ltr'><strong>sessionibus</strong></span> <span class='ocrx_word' id='word_1_780' title='bbox 2363 5190 2554 5244; x_wconf 83' lang='lat' dir='ltr'><strong>agere,.</strong></span> <span class='ocrx_word' id='word_1_781' title='bbox 2582 5183 2635 5226; x_wconf 91' lang='lat' dir='ltr'><strong>et</strong></span> <span class='ocrx_word' id='word_1_782' title='bbox 2680 5187 2801 5228; x_wconf 86' lang='lat' dir='ltr'><strong>cum</strong></span> <span class='ocrx_word' id='word_1_783' title='bbox 2828 5171 2973 5223; x_wconf 78' lang='lat' dir='ltr'><strong>illius</strong></span> <span class='ocrx_word' id='word_1_784' title='bbox 3024 5166 3260 5234; x_wconf 78' lang='lat' dir='ltr'><strong>regionis</strong></span> <span class='ocrx_word' id='word_1_785' title='bbox 3300 5161 3556 5216; x_wconf 76' lang='lat' dir='ltr'><strong>fidelibus</strong></span> 
     </span>
    </p>
   </div>
   <div class='ocr_carea' id='block_1_112' title="bbox 1995 5258 3551 5329">
    <p class='ocr_par' dir='ltr' id='par_1_112' title="bbox 1995 5258 3551 5329">
     <span class='ocr_line' id='line_1_112' title="bbox 1995 5258 3551 5329; baseline -0.016 -1"><span class='ocrx_word' id='word_1_786' title='bbox 1995 5276 2053 5329; x_wconf 84' lang='lat' dir='ltr'><strong>in</strong></span> <span class='ocrx_word' id='word_1_787' title='bbox 2077 5271 2358 5327; x_wconf 83' lang='lat' dir='ltr'><strong>ecclesiam</strong></span> <span class='ocrx_word' id='word_1_788' title='bbox 2388 5266 2698 5327; x_wconf 81' lang='lat' dir='ltr'><strong>convenire,</strong></span> <span class='ocrx_word' id='word_1_789' title='bbox 2723 5273 2777 5318; x_wconf 86' lang='lat' dir='ltr'><strong>et</strong></span> <span class='ocrx_word' id='word_1_790' title='bbox 2818 5277 2922 5314; x_wconf 84' lang='lat' dir='ltr'><strong>una</strong></span> <span class='ocrx_word' id='word_1_791' title='bbox 2964 5258 3261 5321; x_wconf 83' lang='lat' dir='ltr'><strong>celebrare,</strong></span> <span class='ocrx_word' id='word_1_792' title='bbox 3312 5268 3403 5308; x_wconf 83' lang='lat' dir='ltr'><strong>seu</strong></span> <span class='ocrx_word' id='word_1_793' title='bbox 3442 5268 3551 5305; x_wconf 80' lang='lat' dir='ltr'><strong>una</strong></span> 
     </span>
    </p>
   </div>
   <div class='ocr_carea' id='block_1_113' title="bbox 1996 5345 3550 5428">
    <p class='ocr_par' dir='ltr' id='par_1_113' title="bbox 1996 5345 3550 5428">
     <span class='ocr_line' id='line_1_113' title="bbox 1996 5345 3550 5428; baseline -0.015 -9"><span class='ocrx_word' id='word_1_794' title='bbox 1996 5378 2154 5419; x_wconf 85' lang='lat' dir='ltr'><strong>orare</strong></span> <span class='ocrx_word' id='word_1_795' title='bbox 2179 5376 2303 5416; x_wconf 83' lang='lat' dir='ltr'><strong>cum</strong></span> <span class='ocrx_word' id='word_1_796' title='bbox 2351 5358 2663 5428; x_wconf 71' lang='lat' dir='ltr'><strong>presbytero</strong></span> <span class='ocrx_word' id='word_1_797' title='bbox 2715 5354 2803 5419; x_wconf 91' lang='lat' dir='ltr'><strong>qui</strong></span> <span class='ocrx_word' id='word_1_798' title='bbox 2863 5352 2970 5405; x_wconf 81' lang='lat' dir='ltr'><strong>illic</strong></span> <span class='ocrx_word' id='word_1_799' title='bbox 3030 5358 3147 5414; x_wconf 69' lang='lat' dir='ltr'><strong>est;</strong></span> <span class='ocrx_word' id='word_1_800' title='bbox 3210 5361 3277 5399; x_wconf 92' lang='lat' dir='ltr'><strong>ne</strong></span> <span class='ocrx_word' id='word_1_801' title='bbox 3300 5345 3550 5399; x_wconf 88' lang='lat' dir='ltr'><strong>videatur</strong></span> 
     </span>
    </p>
   </div>
   <div class='ocr_carea' id='block_1_114' title="bbox 1996 5435 3548 5511">
    <p class='ocr_par' dir='ltr' id='par_1_114' title="bbox 1996 5435 3548 5511">
     <span class='ocr_line' id='line_1_114' title="bbox 1996 5435 3548 5511; baseline -0.017 0"><span class='ocrx_word' id='word_1_802' title='bbox 1996 5453 2216 5511; x_wconf 82' lang='lat' dir='ltr'><strong>esseab</strong></span> <span class='ocrx_word' id='word_1_803' title='bbox 2249 5450 2613 5506; x_wconf 85' lang='lat' dir='ltr'><strong>ecclesiastica</strong></span> <span class='ocrx_word' id='word_1_804' title='bbox 2666 5445 3043 5499; x_wconf 83' lang='lat' dir='ltr'><strong>communione</strong></span> <span class='ocrx_word' id='word_1_805' title='bbox 3094 5440 3325 5498; x_wconf 85' lang='lat' dir='ltr'><strong>alienus,</strong></span> <span class='ocrx_word' id='word_1_806' title='bbox 3386 5446 3440 5490; x_wconf 88' lang='lat' dir='ltr'><strong>et</strong></span> <span class='ocrx_word' id='word_1_807' title='bbox 3497 5435 3548 5487; x_wconf 87' lang='lat' dir='ltr'><strong>in</strong></span> 
     </span>
    </p>
   </div>
   <div class='ocr_carea' id='block_1_115' title="bbox 1998 5530 3553 5611">
    <p class='ocr_par' dir='ltr' id='par_1_115' title="bbox 1998 5530 3553 5611">
     <span class='ocr_line' id='line_1_115' title="bbox 1998 5530 3553 5611; baseline -0.017 -6"><span class='ocrx_word' id='word_1_808' title='bbox 1998 5560 2258 5604; x_wconf 87' lang='lat' dir='ltr'><strong>canonem</strong></span> <span class='ocrx_word' id='word_1_809' title='bbox 2278 5556 2441 5611; x_wconf 87' lang='lat' dir='ltr'><strong>supra</strong></span> <span class='ocrx_word' id='word_1_810' title='bbox 2490 5539 2724 5607; x_wconf 87' lang='lat' dir='ltr'><strong>positum</strong></span> <span class='ocrx_word' id='word_1_811' title='bbox 2762 5532 3056 5598; x_wconf 80' lang='lat' dir='ltr'><strong>offendere,</strong></span> <span class='ocrx_word' id='word_1_812' title='bbox 3089 5533 3177 5600; x_wconf 85' lang='lat' dir='ltr'><strong>qui</strong></span> <span class='ocrx_word' id='word_1_813' title='bbox 3208 5530 3422 5598; x_wconf 84' lang='lat' dir='ltr'><strong>quidem</strong></span> <span class='ocrx_word' id='word_1_814' title='bbox 3457 5541 3553 5581; x_wconf 83' lang='lat' dir='ltr'><strong>eos</strong></span> 
     </span>
    </p>
   </div>
   <div class='ocr_carea' id='block_1_116' title="bbox 1997 5625 3553 5711">
    <p class='ocr_par' dir='ltr' id='par_1_116' title="bbox 1997 5625 3553 5711">
     <span class='ocr_line' id='line_1_116' title="bbox 1997 5625 3553 5711; baseline -0.015 -16"><span class='ocrx_word' id='word_1_815' title='bbox 1997 5648 2262 5711; x_wconf 86' lang='lat' dir='ltr'><strong>segregat,</strong></span> <span class='ocrx_word' id='word_1_816' title='bbox 2320 5635 2410 5705; x_wconf 90' lang='lat' dir='ltr'><strong>qui</strong></span> <span class='ocrx_word' id='word_1_817' title='bbox 2441 5633 2616 5687; x_wconf 90' lang='lat' dir='ltr'><strong>tribus</strong></span> <span class='ocrx_word' id='word_1_818' title='bbox 2656 5629 2951 5685; x_wconf 84' lang='lat' dir='ltr'><strong>Dominicis</strong></span> <span class='ocrx_word' id='word_1_819' title='bbox 2999 5627 3050 5680; x_wconf 93' lang='lat' dir='ltr'><strong>in</strong></span> <span class='ocrx_word' id='word_1_820' title='bbox 3100 5625 3386 5680; x_wconf 84' lang='lat' dir='ltr'><strong>ecclesiam</strong></span> <span class='ocrx_word' id='word_1_821' title='bbox 3444 5635 3553 5674; x_wconf 87' lang='lat' dir='ltr'><strong>non</strong></span> 
     </span>
    </p>
   </div>
   <div class='ocr_carea' id='block_1_117' title="bbox 1999 5713 3551 5795">
    <p class='ocr_par' dir='ltr' id='par_1_117' title="bbox 1999 5713 3551 5795">
     <span class='ocr_line' id='line_1_117' title="bbox 1999 5713 3551 5795; baseline -0.016 -6"><span class='ocrx_word' id='word_1_822' title='bbox 1999 5730 2344 5795; x_wconf 83' lang='lat' dir='ltr'><strong>convcniuul,</strong></span> <span class='ocrx_word' id='word_1_823' title='bbox 2374 5726 2639 5782; x_wconf 62' lang='lat' dir='ltr'><strong>Caeterum</strong></span> <span class='ocrx_word' id='word_1_824' title='bbox 2664 5733 2779 5794; x_wconf 87' lang='lat' dir='ltr'><strong>post</strong></span> <span class='ocrx_word' id='word_1_825' title='bbox 2801 5732 2909 5777; x_wconf 90' lang='lat' dir='ltr'><strong>tres</strong></span> <span class='ocrx_word' id='word_1_826' title='bbox 2943 5719 3255 5776; x_wconf 82' lang='lat' dir='ltr'><strong>Dominicos</strong></span> <span class='ocrx_word' id='word_1_827' title='bbox 3289 5731 3392 5772; x_wconf 92' lang='lat' dir='ltr'><strong>non</strong></span> <span class='ocrx_word' id='word_1_828' title='bbox 3442 5713 3551 5767; x_wconf 80' lang='lat' dir='ltr'><strong>tre-</strong></span> 
     </span>
    </p>
   </div>
  </div>
