  <div class='ocr_page' id='page_1' title='image "/cluster/home/n/w/nwhite01/storage/ocr_20150623/137/hvd.32044073502536/786.png"; bbox 0 0 3958 6242; ppageno 0'>
   <div class='ocr_carea' id='block_1_1' title="bbox 346 283 498 348">
    <p class='ocr_par' dir='ltr' id='par_1_1' title="bbox 346 283 498 348">
     <span class='ocr_line' id='line_1_1' title="bbox 346 283 498 348; baseline 0.013 -2"><span class='ocrx_word' id='word_1_1' title='bbox 346 283 371 346; x_wconf 82' lang='grc'><strong>1</strong></span> <span class='ocrx_word' id='word_1_2' title='bbox 389 288 498 348; x_wconf 68' lang='grc'><strong>473</strong></span> 
     </span>
    </p>
   </div>
   <div class='ocr_carea' id='block_1_2' title="bbox 1441 276 2468 339">
    <p class='ocr_par' dir='ltr' id='par_1_2' title="bbox 1441 276 2468 339">
     <span class='ocr_line' id='line_1_2' title="bbox 1441 276 2468 339; baseline -0.002 0"><span class='ocrx_word' id='word_1_3' title='bbox 1441 279 1523 339; x_wconf 84' lang='grc' dir='ltr'>ΙΝ</span> <span class='ocrx_word' id='word_1_4' title='bbox 1561 278 1724 339; x_wconf 83' lang='lat' dir='ltr'><strong>CAN.</strong></span> <span class='ocrx_word' id='word_1_5' title='bbox 1766 277 1893 336; x_wconf 85' lang='lat' dir='ltr'><strong>XIV</strong></span> <span class='ocrx_word' id='word_1_6' title='bbox 1934 276 2138 337; x_wconf 80' lang='lat' dir='ltr'><strong>CONC.</strong></span> <span class='ocrx_word' id='word_1_7' title='bbox 2182 279 2468 339; x_wconf 69' lang='lat' dir='ltr'><strong>SARDIC.</strong></span> 
     </span>
    </p>
   </div>
   <div class='ocr_carea' id='block_1_3' title="bbox 3433 282 3566 346">
    <p class='ocr_par' dir='ltr' id='par_1_3' title="bbox 3433 282 3566 346">
     <span class='ocr_line' id='line_1_3' title="bbox 3433 282 3566 346; baseline 0 -2"><span class='ocrx_word' id='word_1_8' title='bbox 3433 282 3566 346; x_wconf 65' lang='grc'><strong>1474</strong></span> 
     </span>
    </p>
   </div>
   <div class='ocr_carea' id='block_1_4' title="bbox 340 390 1918 466">
    <p class='ocr_par' dir='ltr' id='par_1_4' title="bbox 340 391 1912 466">
     <span class='ocr_line' id='line_1_4' title="bbox 340 391 1912 466; baseline -0.006 -14"><span class='ocrx_word' id='word_1_9' title='bbox 340 399 727 463; x_wconf 85' lang='grc' dir='ltr'>συνελεύσεως</span> <span class='ocrx_word' id='word_1_10' title='bbox 766 394 929 459; x_wconf 82' lang='grc' dir='ltr'>εἶναι,</span> <span class='ocrx_word' id='word_1_11' title='bbox 963 398 1051 449; x_wconf 77' lang='grc' dir='ltr'><strong>καί</strong></span> <span class='ocrx_word' id='word_1_12' title='bbox 1092 394 1407 466; x_wconf 74' lang='grc' dir='ltr'>προσκρούῃ</span> <span class='ocrx_word' id='word_1_13' title='bbox 1458 394 1593 463; x_wconf 84' lang='grc' dir='ltr'>πρὸς</span> <span class='ocrx_word' id='word_1_14' title='bbox 1651 394 1740 445; x_wconf 74' lang='grc' dir='ltr'><strong>τὸν</strong></span> <span class='ocrx_word' id='word_1_15' title='bbox 1772 391 1912 444; x_wconf 87' lang='grc' dir='ltr'>ἀνω-</span> 
     </span>
    </p>
   </div>
   <div class='ocr_carea' id='block_1_5' title="bbox 2027 390 3566 466">
    <p class='ocr_par' dir='ltr' id='par_1_5' title="bbox 2027 390 3566 458">
     <span class='ocr_line' id='line_1_5' title="bbox 2027 390 3566 458; baseline 0.01 -17"><span class='ocrx_word' id='word_1_16' title='bbox 2027 391 2289 458; x_wconf 68' lang='lat' dir='ltr'><strong>apostolici</strong></span> <span class='ocrx_word' id='word_1_17' title='bbox 2338 390 2563 445; x_wconf 84' lang='lat' dir='ltr'><strong>canonis</strong></span> <span class='ocrx_word' id='word_1_18' title='bbox 2584 390 2800 445; x_wconf 83' lang='lat' dir='ltr'><strong>decreto</strong></span> <span class='ocrx_word' id='word_1_19' title='bbox 2831 390 3042 445; x_wconf 87' lang='lat' dir='ltr'><strong>multari</strong></span> <span class='ocrx_word' id='word_1_20' title='bbox 3067 392 3247 447; x_wconf 83' lang='lat' dir='ltr'><strong>debet.</strong></span> <span class='ocrx_word' id='word_1_21' title='bbox 3308 395 3378 450; x_wconf 86' lang='lat' dir='ltr'><strong>Ut</strong></span> <span class='ocrx_word' id='word_1_22' title='bbox 3435 414 3566 457; x_wconf 82' lang='lat' dir='ltr'><strong>vero</strong></span> 
     </span>
    </p>
   </div>
   <div class='ocr_carea' id='block_1_6' title="bbox 338 481 1909 562">
    <p class='ocr_par' dir='ltr' id='par_1_6' title="bbox 338 481 1909 562">
     <span class='ocr_line' id='line_1_6' title="bbox 338 481 1909 562; baseline -0.006 -19"><span class='ocrx_word' id='word_1_23' title='bbox 338 494 503 560; x_wconf 87' lang='grc' dir='ltr'>τέρω</span> <span class='ocrx_word' id='word_1_24' title='bbox 526 491 813 562; x_wconf 80' lang='grc' dir='ltr'><strong>εἰρημένον</strong></span> <span class='ocrx_word' id='word_1_25' title='bbox 869 491 1091 551; x_wconf 86' lang='grc' dir='ltr'>κανόνα,</span> <span class='ocrx_word' id='word_1_26' title='bbox 1142 489 1232 540; x_wconf 66' lang='grc' dir='ltr'><strong>τὸν</strong></span> <span class='ocrx_word' id='word_1_27' title='bbox 1277 487 1602 557; x_wconf 78' lang='grc' dir='ltr'>ἀφορίζοντα</span> <span class='ocrx_word' id='word_1_28' title='bbox 1643 486 1766 547; x_wconf 76' lang='grc' dir='ltr'>τοὺς</span> <span class='ocrx_word' id='word_1_29' title='bbox 1816 481 1909 535; x_wconf 82' lang='grc' dir='ltr'>ἐπὶ</span> 
     </span>
    </p>
   </div>
   <div class='ocr_carea' id='block_1_7' title="bbox 340 573 1909 653">
    <p class='ocr_par' dir='ltr' id='par_1_7' title="bbox 340 573 1909 653">
     <span class='ocr_line' id='line_1_7' title="bbox 340 573 1909 653; baseline -0.004 -18"><span class='ocrx_word' id='word_1_30' title='bbox 340 587 505 653; x_wconf 81' lang='grc' dir='ltr'>τρεῖς</span> <span class='ocrx_word' id='word_1_31' title='bbox 535 581 833 651; x_wconf 79' lang='grc' dir='ltr'>ἑϐδομάδας</span> <span class='ocrx_word' id='word_1_32' title='bbox 865 582 938 653; x_wconf 83' lang='grc' dir='ltr'>μὴ</span> <span class='ocrx_word' id='word_1_33' title='bbox 993 581 1271 642; x_wconf 79' lang='grc' dir='ltr'><strong>συνιόντας</strong></span> <span class='ocrx_word' id='word_1_34' title='bbox 1322 579 1402 641; x_wconf 78' lang='grc' dir='ltr'>εἰς</span> <span class='ocrx_word' id='word_1_35' title='bbox 1460 577 1753 645; x_wconf 76' lang='grc' dir='ltr'><strong>ἐκκλησίαν</strong></span> <span class='ocrx_word' id='word_1_36' title='bbox 1784 591 1797 605; x_wconf 90' lang='grc'><strong>·</strong></span> <span class='ocrx_word' id='word_1_37' title='bbox 1831 573 1909 645; x_wconf 79' lang='grc' dir='ltr'>μὴ</span> 
     </span>
    </p>
   </div>
   <div class='ocr_carea' id='block_1_8' title="bbox 347 665 1909 743">
    <p class='ocr_par' dir='ltr' id='par_1_8' title="bbox 347 665 1909 743">
     <span class='ocr_line' id='line_1_8' title="bbox 347 665 1909 743; baseline -0.004 -18"><span class='ocrx_word' id='word_1_38' title='bbox 347 675 566 741; x_wconf 84' lang='grc' dir='ltr'>μέντοι,</span> <span class='ocrx_word' id='word_1_39' title='bbox 601 673 753 742; x_wconf 73' lang='grc' dir='ltr'>φασὶ,</span> <span class='ocrx_word' id='word_1_40' title='bbox 779 674 1160 743; x_wconf 83' lang='grc' dir='ltr'><strong>συνεχέστερον</strong></span> <span class='ocrx_word' id='word_1_41' title='bbox 1192 671 1270 733; x_wconf 87' lang='grc' dir='ltr'><strong>είς</strong></span> <span class='ocrx_word' id='word_1_42' title='bbox 1291 673 1389 740; x_wconf 77' lang='grc' dir='ltr'><strong>τὴν</strong></span> <span class='ocrx_word' id='word_1_43' title='bbox 1419 669 1570 723; x_wconf 75' lang='grc' dir='ltr'>πόλιν</span> <span class='ocrx_word' id='word_1_44' title='bbox 1593 668 1693 737; x_wconf 81' lang='grc' dir='ltr'><strong>τῆς</strong></span> <span class='ocrx_word' id='word_1_45' title='bbox 1725 665 1909 737; x_wconf 83' lang='grc' dir='ltr'>χώρας</span> 
     </span>
    </p>
   </div>
   <div class='ocr_carea' id='block_1_9' title="bbox 343 759 1908 836">
    <p class='ocr_par' dir='ltr' id='par_1_9' title="bbox 343 759 1908 836">
     <span class='ocr_line' id='line_1_9' title="bbox 343 759 1908 836; baseline -0.003 -20"><span class='ocrx_word' id='word_1_46' title='bbox 343 764 577 835; x_wconf 81' lang='grc' dir='ltr'>ἐκείνης</span> <span class='ocrx_word' id='word_1_47' title='bbox 613 765 988 836; x_wconf 84' lang='grc' dir='ltr'>παραγίνοιτο,</span> <span class='ocrx_word' id='word_1_48' title='bbox 1021 765 1106 817; x_wconf 82' lang='grc' dir='ltr'><strong>ἵνα</strong></span> <span class='ocrx_word' id='word_1_49' title='bbox 1161 762 1302 816; x_wconf 75' lang='grc' dir='ltr'>οὕτω</span> <span class='ocrx_word' id='word_1_50' title='bbox 1339 764 1476 832; x_wconf 79' lang='grc' dir='ltr'>μήτε</span> <span class='ocrx_word' id='word_1_51' title='bbox 1531 760 1736 829; x_wconf 78' lang='grc' dir='ltr'>ζημίαν</span> <span class='ocrx_word' id='word_1_52' title='bbox 1787 759 1908 812; x_wconf 85' lang='grc' dir='ltr'>τινὰ</span> 
     </span>
    </p>
   </div>
   <div class='ocr_carea' id='block_1_10' title="bbox 345 850 1907 929">
    <p class='ocr_par' dir='ltr' id='par_1_10' title="bbox 345 850 1907 929">
     <span class='ocr_line' id='line_1_10' title="bbox 345 850 1907 929; baseline -0.006 -19"><span class='ocrx_word' id='word_1_53' title='bbox 345 859 566 929; x_wconf 83' lang='grc' dir='ltr'>ὑποστῇ</span> <span class='ocrx_word' id='word_1_54' title='bbox 596 859 658 912; x_wconf 91' lang='grc' dir='ltr'><strong>ἐκ</strong></span> <span class='ocrx_word' id='word_1_55' title='bbox 689 858 783 911; x_wconf 82' lang='grc' dir='ltr'>τοῦ</span> <span class='ocrx_word' id='word_1_56' title='bbox 821 858 895 926; x_wconf 83' lang='grc' dir='ltr'>μὴ</span> <span class='ocrx_word' id='word_1_57' title='bbox 924 859 1199 925; x_wconf 74' lang='grc' dir='ltr'>ἐπιτηρεῖν</span> <span class='ocrx_word' id='word_1_58' title='bbox 1248 855 1315 906; x_wconf 85' lang='grc' dir='ltr'><strong>τά</strong></span> <span class='ocrx_word' id='word_1_59' title='bbox 1342 856 1533 917; x_wconf 79' lang='grc' dir='ltr'>οἰκεῖα,</span> <span class='ocrx_word' id='word_1_60' title='bbox 1563 852 1658 905; x_wconf 67' lang='grc' dir='ltr'><strong>καὶ</strong></span> <span class='ocrx_word' id='word_1_61' title='bbox 1713 851 1773 903; x_wconf 76' lang='grc' dir='ltr'>τὸ</span> <span class='ocrx_word' id='word_1_62' title='bbox 1807 850 1907 916; x_wconf 80' lang='grc' dir='ltr'>τῆς</span> 
     </span>
    </p>
   </div>
   <div class='ocr_carea' id='block_1_11' title="bbox 245 932 1910 1021">
    <p class='ocr_par' dir='ltr' id='par_1_11' title="bbox 245 932 1910 1021">
     <span class='ocr_line' id='line_1_11' title="bbox 245 932 1910 1021; baseline -0.006 -20"><span class='ocrx_word' id='word_1_63' title='bbox 245 932 255 941; x_wconf 59' lang='grc'><em>’</em></span> <span class='ocrx_word' id='word_1_64' title='bbox 340 950 673 1013; x_wconf 77' lang='grc' dir='ltr'>ἀλαζονείας</span> <span class='ocrx_word' id='word_1_65' title='bbox 709 949 930 1021; x_wconf 83' lang='grc' dir='ltr'>ἐκκλίνῃ</span> <span class='ocrx_word' id='word_1_66' title='bbox 963 948 1211 1011; x_wconf 86' lang='grc' dir='ltr'>αἰτίαμα,</span> <span class='ocrx_word' id='word_1_67' title='bbox 1251 946 1325 1016; x_wconf 76' lang='grc' dir='ltr'>μὴ</span> <span class='ocrx_word' id='word_1_68' title='bbox 1353 946 1439 999; x_wconf 82' lang='grc' dir='ltr'><strong>διὰ</strong></span> <span class='ocrx_word' id='word_1_69' title='bbox 1484 944 1642 1008; x_wconf 80' lang='grc' dir='ltr'>δόξαν</span> <span class='ocrx_word' id='word_1_70' title='bbox 1694 939 1910 1012; x_wconf 76' lang='grc' dir='ltr'>νομιζό-</span> 
     </span>
    </p>
   </div>
   <div class='ocr_carea' id='block_1_12' title="bbox 312 1032 1909 1108">
    <p class='ocr_par' dir='ltr' id='par_1_12' title="bbox 312 1032 1909 1108">
     <span class='ocr_line' id='line_1_12' title="bbox 312 1032 1909 1108; baseline -0.006 -16"><span class='ocrx_word' id='word_1_71' title='bbox 312 1034 315 1035; x_wconf 16' lang='grc' dir='ltr'><em>ν</em></span> <span class='ocrx_word' id='word_1_72' title='bbox 344 1054 520 1107; x_wconf 79' lang='grc' dir='ltr'>μενος</span> <span class='ocrx_word' id='word_1_73' title='bbox 549 1042 770 1093; x_wconf 81' lang='grc' dir='ltr'><strong>ἀπιέναι</strong></span> <span class='ocrx_word' id='word_1_74' title='bbox 796 1043 873 1103; x_wconf 80' lang='grc' dir='ltr'>εἰς</span> <span class='ocrx_word' id='word_1_75' title='bbox 916 1041 1107 1108; x_wconf 80' lang='grc' dir='ltr'>ἑτέραν</span> <span class='ocrx_word' id='word_1_76' title='bbox 1130 1038 1287 1091; x_wconf 70' lang='grc' dir='ltr'>’πόλιν</span> <span class='ocrx_word' id='word_1_77' title='bbox 1318 1038 1349 1107; x_wconf 84' lang='grc' dir='ltr'>ἦ</span> <span class='ocrx_word' id='word_1_78' title='bbox 1401 1036 1607 1106; x_wconf 82' lang='grc' dir='ltr'>χώραν,</span> <span class='ocrx_word' id='word_1_79' title='bbox 1662 1034 1802 1087; x_wconf 83' lang='grc' dir='ltr'>ὥστε</span> <span class='ocrx_word' id='word_1_80' title='bbox 1832 1032 1909 1085; x_wconf 82' lang='grc' dir='ltr'>δι-</span> 
     </span>
    </p>
   </div>
   <div class='ocr_carea' id='block_1_13' title="bbox 342 1125 1902 1200">
    <p class='ocr_par' dir='ltr' id='par_1_13' title="bbox 342 1125 1902 1200">
     <span class='ocr_line' id='line_1_13' title="bbox 342 1125 1902 1200; baseline -0.004 -18"><span class='ocrx_word' id='word_1_81' title='bbox 342 1130 596 1195; x_wconf 80' lang='grc' dir='ltr'>δάσκειν,</span> <span class='ocrx_word' id='word_1_82' title='bbox 623 1134 716 1186; x_wconf 80' lang='grc' dir='ltr'><strong>καὶ</strong></span> <span class='ocrx_word' id='word_1_83' title='bbox 743 1131 1124 1200; x_wconf 82' lang='grc' dir='ltr'>καταισχύνειν</span> <span class='ocrx_word' id='word_1_84' title='bbox 1147 1130 1237 1181; x_wconf 76' lang='grc' dir='ltr'>τὸν</span> <span class='ocrx_word' id='word_1_85' title='bbox 1266 1132 1322 1179; x_wconf 84' lang='grc' dir='ltr'><strong>ἐν</strong></span> <span class='ocrx_word' id='word_1_86' title='bbox 1369 1128 1552 1197; x_wconf 82' lang='grc' dir='ltr'>ἐκείνῃ</span> <span class='ocrx_word' id='word_1_87' title='bbox 1588 1125 1902 1178; x_wconf 85' lang='grc' dir='ltr'>ἐπίσκοπον.</span> 
     </span>
    </p>
   </div>
   <div class='ocr_carea' id='block_1_14' title="bbox 2017 482 3570 559">
    <p class='ocr_par' dir='ltr' id='par_1_14' title="bbox 2017 482 3570 559">
     <span class='ocr_line' id='line_1_14' title="bbox 2017 482 3570 559; baseline 0.001 -20"><span class='ocrx_word' id='word_1_88' title='bbox 2017 483 2073 539; x_wconf 87' lang='lat' dir='ltr'><strong>in</strong></span> <span class='ocrx_word' id='word_1_89' title='bbox 2107 484 2391 538; x_wconf 85' lang='lat' dir='ltr'><strong>ecclesiam</strong></span> <span class='ocrx_word' id='word_1_90' title='bbox 2422 483 2726 546; x_wconf 76' lang='lat' dir='ltr'><strong>conveniat,</strong></span> <span class='ocrx_word' id='word_1_91' title='bbox 2761 482 2943 551; x_wconf 81' lang='lat' dir='ltr'><strong>ibique</strong></span> <span class='ocrx_word' id='word_1_92' title='bbox 2970 497 3088 536; x_wconf 89' lang='lat' dir='ltr'><strong>cum</strong></span> <span class='ocrx_word' id='word_1_93' title='bbox 3145 484 3392 541; x_wconf 83' lang='lat' dir='ltr'><strong>fidelibus</strong></span> <span class='ocrx_word' id='word_1_94' title='bbox 3441 505 3570 559; x_wconf 82' lang='lat' dir='ltr'><strong>pre-</strong></span> 
     </span>
    </p>
   </div>
   <div class='ocr_carea' id='block_1_15' title="bbox 2012 571 3564 643">
    <p class='ocr_par' dir='ltr' id='par_1_15' title="bbox 2012 571 3564 643">
     <span class='ocr_line' id='line_1_15' title="bbox 2012 571 3564 643; baseline 0.003 -12"><span class='ocrx_word' id='word_1_95' title='bbox 2012 576 2212 631; x_wconf 78' lang='lat' dir='ltr'><strong>cationi</strong></span> <span class='ocrx_word' id='word_1_96' title='bbox 2236 581 2409 639; x_wconf 83' lang='lat' dir='ltr'><strong>vacet,</strong></span> <span class='ocrx_word' id='word_1_97' title='bbox 2439 572 2663 634; x_wconf 88' lang='lat' dir='ltr'><strong>idcirco,</strong></span> <span class='ocrx_word' id='word_1_98' title='bbox 2694 571 2964 643; x_wconf 79' lang='lat' dir='ltr'><strong>inquiunt,</strong></span> <span class='ocrx_word' id='word_1_99' title='bbox 3021 576 3402 643; x_wconf 76' lang='lat' dir='ltr'><strong>permittimus,</strong></span> <span class='ocrx_word' id='word_1_100' title='bbox 3437 595 3502 635; x_wconf 82' lang='lat' dir='ltr'><strong>ne</strong></span> <span class='ocrx_word' id='word_1_101' title='bbox 3534 598 3564 636; x_wconf 91' lang='lat' dir='ltr'><strong>a</strong></span> 
     </span>
    </p>
   </div>
   <div class='ocr_carea' id='block_1_16' title="bbox 2012 666 3558 729">
    <p class='ocr_par' dir='ltr' id='par_1_16' title="bbox 2012 666 3558 729">
     <span class='ocr_line' id='line_1_16' title="bbox 2012 666 3558 729; baseline 0.003 -4"><span class='ocrx_word' id='word_1_102' title='bbox 2012 668 2390 725; x_wconf 89' lang='lat' dir='ltr'><strong>communione</strong></span> <span class='ocrx_word' id='word_1_103' title='bbox 2418 666 2625 720; x_wconf 89' lang='lat' dir='ltr'><strong>alienus</strong></span> <span class='ocrx_word' id='word_1_104' title='bbox 2644 680 2765 719; x_wconf 87' lang='lat' dir='ltr'><strong>esse</strong></span> <span class='ocrx_word' id='word_1_105' title='bbox 2812 666 3082 729; x_wconf 86' lang='lat' dir='ltr'><strong>videatur,</strong></span> <span class='ocrx_word' id='word_1_106' title='bbox 3103 682 3236 723; x_wconf 80' lang='lat' dir='ltr'><strong>neve</strong></span> <span class='ocrx_word' id='word_1_107' title='bbox 3288 672 3340 725; x_wconf 91' lang='lat' dir='ltr'><strong>in</strong></span> <span class='ocrx_word' id='word_1_108' title='bbox 3391 688 3558 728; x_wconf 79' lang='lat' dir='ltr'><strong>cano—</strong></span> 
     </span>
    </p>
   </div>
   <div class='ocr_carea' id='block_1_17' title="bbox 2012 758 3564 834">
    <p class='ocr_par' dir='ltr' id='par_1_17' title="bbox 2012 758 3564 834">
     <span class='ocr_line' id='line_1_17' title="bbox 2012 758 3564 834; baseline 0.004 -18"><span class='ocrx_word' id='word_1_109' title='bbox 2012 777 2134 816; x_wconf 88' lang='lat' dir='ltr'><strong>nem</strong></span> <span class='ocrx_word' id='word_1_110' title='bbox 2166 776 2325 831; x_wconf 88' lang='lat' dir='ltr'><strong>supra</strong></span> <span class='ocrx_word' id='word_1_111' title='bbox 2351 764 2687 829; x_wconf 87' lang='lat' dir='ltr'><strong>pr0positutu</strong></span> <span class='ocrx_word' id='word_1_112' title='bbox 2718 758 2970 823; x_wconf 76' lang='lat' dir='ltr'><strong>offendat,</strong></span> <span class='ocrx_word' id='word_1_113' title='bbox 3032 776 3127 829; x_wconf 87' lang='lat' dir='ltr'><strong>per</strong></span> <span class='ocrx_word' id='word_1_114' title='bbox 3170 777 3327 830; x_wconf 85' lang='lat' dir='ltr'><strong>quem</strong></span> <span class='ocrx_word' id='word_1_115' title='bbox 3366 769 3438 830; x_wconf 90' lang='lat' dir='ltr'><strong>el,</strong></span> <span class='ocrx_word' id='word_1_116' title='bbox 3474 770 3564 834; x_wconf 90' lang='lat' dir='ltr'><strong>qui</strong></span> 
     </span>
    </p>
   </div>
   <div class='ocr_carea' id='block_1_18' title="bbox 2015 850 3567 923">
    <p class='ocr_par' dir='ltr' id='par_1_18' title="bbox 2015 850 3567 923">
     <span class='ocr_line' id='line_1_18' title="bbox 2015 850 3567 923; baseline 0.005 -16"><span class='ocrx_word' id='word_1_117' title='bbox 2015 854 2187 907; x_wconf 90' lang='lat' dir='ltr'><strong>tribus</strong></span> <span class='ocrx_word' id='word_1_118' title='bbox 2220 851 2570 907; x_wconf 75' lang='lat' dir='ltr'><strong>hebdomadis</strong></span> <span class='ocrx_word' id='word_1_119' title='bbox 2595 852 2645 904; x_wconf 92' lang='lat' dir='ltr'><strong>in</strong></span> <span class='ocrx_word' id='word_1_120' title='bbox 2668 850 3083 905; x_wconf 84' lang='lat' dir='ltr'><strong>ecclesiamnon</strong></span> <span class='ocrx_word' id='word_1_121' title='bbox 3118 860 3446 923; x_wconf 85' lang='lat' dir='ltr'><strong>convenerit,</strong></span> <span class='ocrx_word' id='word_1_122' title='bbox 3474 877 3567 917; x_wconf 87' lang='lat' dir='ltr'><strong>se-</strong></span> 
     </span>
    </p>
   </div>
   <div class='ocr_carea' id='block_1_19' title="bbox 2014 943 3566 1021">
    <p class='ocr_par' dir='ltr' id='par_1_19' title="bbox 2014 943 3566 1021">
     <span class='ocr_line' id='line_1_19' title="bbox 2014 943 3566 1021; baseline 0.003 -24"><span class='ocrx_word' id='word_1_123' title='bbox 2014 943 2254 1012; x_wconf 83' lang='lat' dir='ltr'><strong>gregatio</strong></span> <span class='ocrx_word' id='word_1_124' title='bbox 2296 943 2493 997; x_wconf 85' lang='lat' dir='ltr'><strong>indicta</strong></span> <span class='ocrx_word' id='word_1_125' title='bbox 2523 952 2605 996; x_wconf 87' lang='lat' dir='ltr'><strong>est</strong></span> <span class='ocrx_word' id='word_1_126' title='bbox 2628 982 2643 1007; x_wconf 91' lang='lat'><strong>,</strong></span> <span class='ocrx_word' id='word_1_127' title='bbox 2679 956 2782 996; x_wconf 92' lang='lat' dir='ltr'><strong>non</strong></span> <span class='ocrx_word' id='word_1_128' title='bbox 2811 952 2987 996; x_wconf 88' lang='lat' dir='ltr'><strong>tamen</strong></span> <span class='ocrx_word' id='word_1_129' title='bbox 3022 944 3077 996; x_wconf 86' lang='lat' dir='ltr'><strong>in</strong></span> <span class='ocrx_word' id='word_1_130' title='bbox 3103 946 3287 1000; x_wconf 86' lang='lat' dir='ltr'><strong>urbem</strong></span> <span class='ocrx_word' id='word_1_131' title='bbox 3309 952 3426 1021; x_wconf 87' lang='lat' dir='ltr'><strong>ejus</strong></span> <span class='ocrx_word' id='word_1_132' title='bbox 3482 971 3566 1009; x_wconf 47' lang='grc' dir='ltr'><strong>ιαμ</strong></span> 
     </span>
    </p>
   </div>
   <div class='ocr_carea' id='block_1_20' title="bbox 2013 1034 3567 1115">
    <p class='ocr_par' dir='ltr' id='par_1_20' title="bbox 2013 1034 3567 1115">
     <span class='ocr_line' id='line_1_20' title="bbox 2013 1034 3567 1115; baseline 0.007 -26"><span class='ocrx_word' id='word_1_133' title='bbox 2013 1035 2184 1104; x_wconf 87' lang='lat' dir='ltr'><strong>giouis</strong></span> <span class='ocrx_word' id='word_1_134' title='bbox 2213 1034 2544 1104; x_wconf 82' lang='lat' dir='ltr'><strong>frequentius</strong></span> <span class='ocrx_word' id='word_1_135' title='bbox 2584 1046 2879 1103; x_wconf 75' lang='lat' dir='ltr'><strong>commeet;</strong></span> <span class='ocrx_word' id='word_1_136' title='bbox 2913 1050 2970 1093; x_wconf 91' lang='lat' dir='ltr'><strong>ut</strong></span> <span class='ocrx_word' id='word_1_137' title='bbox 3001 1041 3103 1096; x_wconf 86' lang='lat' dir='ltr'><strong>hnc</strong></span> <span class='ocrx_word' id='word_1_138' title='bbox 3170 1052 3327 1112; x_wconf 88' lang='lat' dir='ltr'><strong>pacto</strong></span> <span class='ocrx_word' id='word_1_139' title='bbox 3393 1059 3567 1115; x_wconf 90' lang='lat' dir='ltr'><strong>neque</strong></span> 
     </span>
    </p>
   </div>
   <div class='ocr_carea' id='block_1_21' title="bbox 2015 1120 3569 1201">
    <p class='ocr_par' dir='ltr' id='par_1_21' title="bbox 2015 1120 3569 1201">
     <span class='ocr_line' id='line_1_21' title="bbox 2015 1120 3569 1201; baseline 0.011 -30"><span class='ocrx_word' id='word_1_140' title='bbox 2015 1120 2302 1176; x_wconf 66' lang='lat' dir='ltr'><strong>facultates</strong></span> <span class='ocrx_word' id='word_1_141' title='bbox 2362 1124 2630 1192; x_wconf 79' lang='lat' dir='ltr'><strong>neglectas</strong></span> <span class='ocrx_word' id='word_1_142' title='bbox 2707 1123 3016 1180; x_wconf 89' lang='lat' dir='ltr'><strong>detrimenti</strong></span> <span class='ocrx_word' id='word_1_143' title='bbox 3082 1128 3284 1198; x_wconf 87' lang='lat' dir='ltr'><strong>aliquid</strong></span> <span class='ocrx_word' id='word_1_144' title='bbox 3341 1135 3569 1201; x_wconf 81' lang='lat' dir='ltr'><strong>subeat,</strong></span> 
     </span>
    </p>
   </div>
   <div class='ocr_carea' id='block_1_22' title="bbox 349 1215 3572 1295">
    <p class='ocr_par' dir='ltr' id='par_1_22' title="bbox 349 1215 3572 1295">
     <span class='ocr_line' id='line_1_22' title="bbox 349 1215 3572 1295; baseline 0.001 -18"><span class='ocrx_word' id='word_1_145' title='bbox 349 1240 531 1292; x_wconf 83' lang='lat' dir='ltr'><strong>neque</strong></span> <span class='ocrx_word' id='word_1_146' title='bbox 578 1228 893 1295; x_wconf 72' lang='lat' dir='ltr'><strong>arrogantia:</strong></span> <span class='ocrx_word' id='word_1_147' title='bbox 928 1225 1395 1293; x_wconf 86' lang='lat' dir='ltr'><strong>reprehensionem</strong></span> <span class='ocrx_word' id='word_1_148' title='bbox 1441 1222 1698 1282; x_wconf 85' lang='lat' dir='ltr'><strong>incurrat,</strong></span> <span class='ocrx_word' id='word_1_149' title='bbox 1741 1216 1895 1286; x_wconf 74' lang='lat' dir='ltr'><strong>quasi</strong></span> <span class='ocrx_word' id='word_1_150' title='bbox 1929 1215 2167 1285; x_wconf 71' lang='lat' dir='ltr'><strong>gloriolae</strong></span> <span class='ocrx_word' id='word_1_151' title='bbox 2191 1220 2514 1282; x_wconf 70' lang='lat' dir='ltr'><strong>aucupatum:</strong></span> <span class='ocrx_word' id='word_1_152' title='bbox 2567 1216 2744 1269; x_wconf 78' lang='lat' dir='ltr'><strong>studio</strong></span> <span class='ocrx_word' id='word_1_153' title='bbox 2778 1216 2829 1269; x_wconf 93' lang='lat' dir='ltr'><strong>in</strong></span> <span class='ocrx_word' id='word_1_154' title='bbox 2859 1217 3083 1273; x_wconf 87' lang='lat' dir='ltr'><strong>alienam</strong></span> <span class='ocrx_word' id='word_1_155' title='bbox 3135 1223 3318 1276; x_wconf 86' lang='lat' dir='ltr'><strong>urbem</strong></span> <span class='ocrx_word' id='word_1_156' title='bbox 3371 1236 3572 1281; x_wconf 86' lang='lat' dir='ltr'><strong>autrc-</strong></span> 
     </span>
    </p>
   </div>
   <div class='ocr_carea' id='block_1_23' title="bbox 353 1307 2909 1390">
    <p class='ocr_par' dir='ltr' id='par_1_23' title="bbox 353 1307 2909 1390">
     <span class='ocr_line' id='line_1_23' title="bbox 353 1307 2909 1390; baseline -0.002 -21"><span class='ocrx_word' id='word_1_157' title='bbox 353 1317 591 1386; x_wconf 73' lang='lat' dir='ltr'><strong>gionem,</strong></span> <span class='ocrx_word' id='word_1_158' title='bbox 623 1317 841 1370; x_wconf 79' lang='lat' dir='ltr'><strong>ducendi</strong></span> <span class='ocrx_word' id='word_1_159' title='bbox 870 1330 1053 1382; x_wconf 85' lang='lat' dir='ltr'><strong>causa,</strong></span> <span class='ocrx_word' id='word_1_160' title='bbox 1110 1332 1173 1370; x_wconf 89' lang='lat' dir='ltr'><strong>ac</strong></span> <span class='ocrx_word' id='word_1_161' title='bbox 1207 1316 1340 1382; x_wconf 81' lang='lat' dir='ltr'><strong>ejus,</strong></span> <span class='ocrx_word' id='word_1_162' title='bbox 1385 1315 1475 1384; x_wconf 90' lang='lat' dir='ltr'><strong>qui</strong></span> <span class='ocrx_word' id='word_1_163' title='bbox 1524 1312 1577 1366; x_wconf 91' lang='lat' dir='ltr'><strong>in</strong></span> <span class='ocrx_word' id='word_1_164' title='bbox 1613 1326 1673 1366; x_wconf 82' lang='lat' dir='ltr'><strong>ea</strong></span> <span class='ocrx_word' id='word_1_165' title='bbox 1750 1309 1916 1377; x_wconf 86' lang='lat' dir='ltr'><strong>degit,</strong></span> <span class='ocrx_word' id='word_1_166' title='bbox 1949 1307 2501 1390; x_wconf 78' lang='lat' dir='ltr'><strong>episcopisngillandi</strong></span> <span class='ocrx_word' id='word_1_167' title='bbox 2531 1309 2909 1376; x_wconf 64' lang='lat' dir='ltr'><strong>sitjprofectus.</strong></span> 
     </span>
    </p>
   </div>
   <div class='ocr_carea' id='block_1_24' title="bbox 354 1407 1910 1487">
    <p class='ocr_par' dir='ltr' id='par_1_24' title="bbox 354 1407 1910 1487">
     <span class='ocr_line' id='line_1_24' title="bbox 354 1407 1910 1487; baseline -0.005 -23"><span class='ocrx_word' id='word_1_168' title='bbox 354 1412 591 1487; x_wconf 71' lang='grc' dir='ltr'><strong>ΑΡΙΣΤ.</strong></span> <span class='ocrx_word' id='word_1_169' title='bbox 624 1430 643 1463; x_wconf 78' lang='grc' dir='ltr'><strong>ι</strong></span> <span class='ocrx_word' id='word_1_170' title='bbox 694 1412 1020 1475; x_wconf 77' lang='grc' dir='ltr'>Ἐπίσκοπος</span> <span class='ocrx_word' id='word_1_171' title='bbox 1073 1415 1293 1482; x_wconf 78' lang='grc' dir='ltr'>κτήσεις</span> <span class='ocrx_word' id='word_1_172' title='bbox 1328 1409 1662 1479; x_wconf 81' lang='grc' dir='ltr'>κεκτημένος</span> <span class='ocrx_word' id='word_1_173' title='bbox 1714 1407 1910 1477; x_wconf 84' lang='grc' dir='ltr'>ὑπερο-</span> 
     </span>
    </p>
   </div>
   <div class='ocr_carea' id='block_1_25' title="bbox 433 1496 1908 1572">
    <p class='ocr_par' dir='ltr' id='par_1_25' title="bbox 433 1496 1908 1572">
     <span class='ocr_line' id='line_1_25' title="bbox 433 1496 1908 1572; baseline -0.006 -19"><span class='ocrx_word' id='word_1_174' title='bbox 433 1520 453 1553; x_wconf 77' lang='grc' dir='ltr'><strong>ι</strong></span> <span class='ocrx_word' id='word_1_175' title='bbox 511 1503 679 1571; x_wconf 80' lang='grc' dir='ltr'>ρίους,</span> <span class='ocrx_word' id='word_1_176' title='bbox 714 1504 761 1555; x_wconf 78' lang='grc' dir='ltr'><strong>εἰ</strong></span> <span class='ocrx_word' id='word_1_177' title='bbox 797 1502 976 1572; x_wconf 85' lang='grc' dir='ltr'>μέλλει</span> <span class='ocrx_word' id='word_1_178' title='bbox 1022 1504 1079 1555; x_wconf 84' lang='grc' dir='ltr'><strong>ἐν</strong></span> <span class='ocrx_word' id='word_1_179' title='bbox 1108 1500 1335 1563; x_wconf 81' lang='grc' dir='ltr'>ταύταις</span> <span class='ocrx_word' id='word_1_180' title='bbox 1395 1500 1551 1562; x_wconf 81' lang='grc' dir='ltr'>ἰέναι,</span> <span class='ocrx_word' id='word_1_181' title='bbox 1618 1496 1692 1566; x_wconf 84' lang='grc' dir='ltr'>μὴ</span> <span class='ocrx_word' id='word_1_182' title='bbox 1747 1496 1908 1546; x_wconf 77' lang='grc' dir='ltr'>πλέον</span> 
     </span>
    </p>
   </div>
   <div class='ocr_carea' id='block_1_26' title="bbox 437 1588 1982 1689">
    <p class='ocr_par' dir='ltr' id='par_1_26' title="bbox 437 1588 1982 1689">
     <span class='ocr_line' id='line_1_26' title="bbox 437 1588 1982 1689; baseline -0.008 -40"><span class='ocrx_word' id='word_1_183' title='bbox 437 1614 456 1648; x_wconf 82' lang='grc' dir='ltr'><strong>ι</strong></span> <span class='ocrx_word' id='word_1_184' title='bbox 501 1597 682 1649; x_wconf 78' lang='grc' dir='ltr'>ἐκεῖσε</span> <span class='ocrx_word' id='word_1_185' title='bbox 718 1597 925 1666; x_wconf 81' lang='grc' dir='ltr'>μενέτω</span> <span class='ocrx_word' id='word_1_186' title='bbox 968 1593 1264 1665; x_wconf 85' lang='grc' dir='ltr'>Κυριακῶν</span> <span class='ocrx_word' id='word_1_187' title='bbox 1315 1591 1481 1661; x_wconf 85' lang='grc' dir='ltr'>τριῶν</span> <span class='ocrx_word' id='word_1_188' title='bbox 1514 1588 1906 1657; x_wconf 64' lang='grc' dir='ltr'>δμαστήματος.</span> <span class='ocrx_word' id='word_1_189' title='bbox 1939 1630 1982 1689; x_wconf 75' lang='grc' dir='ltr'><strong><em>Β</em></strong></span> 
     </span>
    </p>
   </div>
   <div class='ocr_carea' id='block_1_27' title="bbox 442 1679 1909 1759">
    <p class='ocr_par' dir='ltr' id='par_1_27' title="bbox 442 1679 1909 1759">
     <span class='ocr_line' id='line_1_27' title="bbox 442 1679 1909 1759; baseline -0.006 -19"><span class='ocrx_word' id='word_1_190' title='bbox 442 1706 461 1740; x_wconf 78' lang='grc' dir='ltr'><strong>ι</strong></span> <span class='ocrx_word' id='word_1_191' title='bbox 512 1689 665 1741; x_wconf 76' lang='grc' dir='ltr'>Οὕτω</span> <span class='ocrx_word' id='word_1_192' title='bbox 687 1690 795 1759; x_wconf 74' lang='grc' dir='ltr'><strong>γὰρ</strong></span> <span class='ocrx_word' id='word_1_193' title='bbox 825 1689 859 1756; x_wconf 80' lang='grc' dir='ltr'>ἡ</span> <span class='ocrx_word' id='word_1_194' title='bbox 881 1688 1055 1741; x_wconf 78' lang='grc' dir='ltr'>οἰκεία</span> <span class='ocrx_word' id='word_1_195' title='bbox 1084 1686 1277 1740; x_wconf 82' lang='grc' dir='ltr'>τοῦτον</span> <span class='ocrx_word' id='word_1_196' title='bbox 1303 1685 1502 1755; x_wconf 83' lang='grc' dir='ltr'>ποίμνη</span> <span class='ocrx_word' id='word_1_197' title='bbox 1530 1679 1909 1749; x_wconf 77' lang='grc' dir='ltr'>καταπλουτή-</span> 
     </span>
    </p>
   </div>
   <div class='ocr_carea' id='block_1_28' title="bbox 435 1777 1507 1846">
    <p class='ocr_par' dir='ltr' id='par_1_28' title="bbox 435 1777 1507 1846">
     <span class='ocr_line' id='line_1_28' title="bbox 435 1777 1507 1846; baseline -0.006 -14"><span class='ocrx_word' id='word_1_198' title='bbox 435 1799 453 1831; x_wconf 77' lang='grc' dir='ltr'><strong>ι</strong></span> <span class='ocrx_word' id='word_1_199' title='bbox 500 1796 606 1844; x_wconf 84' lang='grc' dir='ltr'>σει,</span> <span class='ocrx_word' id='word_1_200' title='bbox 640 1782 732 1832; x_wconf 78' lang='grc' dir='ltr'>καὶ</span> <span class='ocrx_word' id='word_1_201' title='bbox 764 1780 927 1841; x_wconf 81' lang='grc' dir='ltr'>αὐτὸς</span> <span class='ocrx_word' id='word_1_202' title='bbox 958 1779 1159 1845; x_wconf 63' lang='grc' dir='ltr'>ἄτυφος</span> <span class='ocrx_word' id='word_1_203' title='bbox 1184 1777 1450 1846; x_wconf 76' lang='grc' dir='ltr'>διαμένοι.</span> <span class='ocrx_word' id='word_1_204' title='bbox 1489 1793 1507 1826; x_wconf 76' lang='grc' dir='ltr'><strong>ι</strong></span> 
     </span>
    </p>
   </div>
   <div class='ocr_carea' id='block_1_29' title="bbox 433 1860 1910 1941">
    <p class='ocr_par' dir='ltr' id='par_1_29' title="bbox 433 1860 1910 1941">
     <span class='ocr_line' id='line_1_29' title="bbox 433 1860 1910 1941; baseline -0.008 -16"><span class='ocrx_word' id='word_1_205' title='bbox 433 1873 548 1940; x_wconf 82' lang='grc' dir='ltr'><strong>Κτή</strong></span> <span class='ocrx_word' id='word_1_206' title='bbox 560 1872 704 1941; x_wconf 82' lang='grc' dir='ltr'><strong>ματά</strong></span> <span class='ocrx_word' id='word_1_207' title='bbox 729 1888 876 1935; x_wconf 85' lang='grc' dir='ltr'>τινες</span> <span class='ocrx_word' id='word_1_208' title='bbox 902 1870 1012 1923; x_wconf 87' lang='grc' dir='ltr'><strong>τῶν</strong></span> <span class='ocrx_word' id='word_1_209' title='bbox 1040 1870 1356 1922; x_wconf 88' lang='grc' dir='ltr'>ἐπισκόπων</span> <span class='ocrx_word' id='word_1_210' title='bbox 1386 1868 1435 1919; x_wconf 87' lang='grc' dir='ltr'><strong>εἰ</strong></span> <span class='ocrx_word' id='word_1_211' title='bbox 1461 1866 1633 1936; x_wconf 79' lang='grc' dir='ltr'>ἔχοιεν</span> <span class='ocrx_word' id='word_1_212' title='bbox 1665 1864 1724 1916; x_wconf 78' lang='grc' dir='ltr'><strong>ἐν</strong></span> <span class='ocrx_word' id='word_1_213' title='bbox 1753 1860 1910 1915; x_wconf 87' lang='grc' dir='ltr'>ἀλλο-</span> 
     </span>
    </p>
   </div>
   <div class='ocr_carea' id='block_1_30' title="bbox 357 1953 1909 2033">
    <p class='ocr_par' dir='ltr' id='par_1_30' title="bbox 357 1953 1909 2033">
     <span class='ocr_line' id='line_1_30' title="bbox 357 1953 1909 2033; baseline -0.008 -17"><span class='ocrx_word' id='word_1_214' title='bbox 357 1962 539 2033; x_wconf 88' lang='grc' dir='ltr'>τρίαις</span> <span class='ocrx_word' id='word_1_215' title='bbox 572 1964 900 2025; x_wconf 87' lang='grc' dir='ltr'>ἐπισκοπαῖς</span> <span class='ocrx_word' id='word_1_216' title='bbox 944 1962 1193 2032; x_wconf 80' lang='grc' dir='ltr'>κείμενα,</span> <span class='ocrx_word' id='word_1_217' title='bbox 1239 1960 1301 2012; x_wconf 86' lang='grc' dir='ltr'><strong>οὐ</strong></span> <span class='ocrx_word' id='word_1_218' title='bbox 1330 1957 1625 2013; x_wconf 87' lang='grc' dir='ltr'>κωλύονται</span> <span class='ocrx_word' id='word_1_219' title='bbox 1673 1953 1909 2024; x_wconf 84' lang='grc' dir='ltr'>ἀπέρχε-</span> 
     </span>
    </p>
   </div>
   <div class='ocr_carea' id='block_1_31' title="bbox 359 2042 1908 2120">
    <p class='ocr_par' dir='ltr' id='par_1_31' title="bbox 359 2042 1908 2120">
     <span class='ocr_line' id='line_1_31' title="bbox 359 2042 1908 2120; baseline -0.006 -17"><span class='ocrx_word' id='word_1_220' title='bbox 359 2050 481 2104; x_wconf 83' lang='grc' dir='ltr'>σθαι</span> <span class='ocrx_word' id='word_1_221' title='bbox 519 2052 599 2113; x_wconf 71' lang='lat' dir='ltr'><strong>si;</strong></span> <span class='ocrx_word' id='word_1_222' title='bbox 634 2051 961 2120; x_wconf 81' lang='grc' dir='ltr'>ἐπιτήρησιν</span> <span class='ocrx_word' id='word_1_223' title='bbox 990 2042 1216 2114; x_wconf 83' lang='grc' dir='ltr'>τούτων,</span> <span class='ocrx_word' id='word_1_224' title='bbox 1252 2048 1346 2100; x_wconf 61' lang='grc' dir='ltr'><strong>καὶ⁵</strong></span> <span class='ocrx_word' id='word_1_225' title='bbox 1372 2046 1470 2117; x_wconf 86' lang='grc' dir='ltr'>τὴν</span> <span class='ocrx_word' id='word_1_226' title='bbox 1501 2045 1766 2114; x_wconf 80' lang='grc' dir='ltr'>συλλογὴν</span> <span class='ocrx_word' id='word_1_227' title='bbox 1798 2042 1908 2095; x_wconf 89' lang='grc' dir='ltr'><strong>τῶν</strong></span> 
     </span>
    </p>
   </div>
   <div class='ocr_carea' id='block_1_32' title="bbox 355 2133 1903 2211">
    <p class='ocr_par' dir='ltr' id='par_1_32' title="bbox 355 2133 1903 2211">
     <span class='ocr_line' id='line_1_32' title="bbox 355 2133 1903 2211; baseline -0.005 -17"><span class='ocrx_word' id='word_1_228' title='bbox 355 2141 586 2211; x_wconf 83' lang='grc' dir='ltr'>καρπῶν</span> <span class='ocrx_word' id='word_1_229' title='bbox 611 2142 900 2195; x_wconf 82' lang='grc' dir='ltr'>ποιεῖσθαι.</span> <span class='ocrx_word' id='word_1_230' title='bbox 919 2140 1065 2210; x_wconf 79' lang='grc' dir='ltr'>Πλὴν</span> <span class='ocrx_word' id='word_1_231' title='bbox 1086 2135 1180 2191; x_wconf 72' lang='grc' dir='ltr'>καὶ</span> <span class='ocrx_word' id='word_1_232' title='bbox 1203 2133 1346 2193; x_wconf 74' lang='grc' dir='ltr'>οὗτοι</span> <span class='ocrx_word' id='word_1_233' title='bbox 1378 2138 1537 2191; x_wconf 82' lang='grc' dir='ltr'>πλέον</span> <span class='ocrx_word' id='word_1_234' title='bbox 1559 2136 1726 2207; x_wconf 86' lang='grc' dir='ltr'>τριῶν</span> <span class='ocrx_word' id='word_1_235' title='bbox 1756 2134 1903 2188; x_wconf 78' lang='grc' dir='ltr'>ἐϐδο-</span> 
     </span>
    </p>
   </div>
   <div class='ocr_carea' id='block_1_33' title="bbox 358 2228 1906 2303">
    <p class='ocr_par' dir='ltr' id='par_1_33' title="bbox 358 2228 1906 2303">
     <span class='ocr_line' id='line_1_33' title="bbox 358 2228 1906 2303; baseline -0.005 -17"><span class='ocrx_word' id='word_1_236' title='bbox 358 2234 542 2303; x_wconf 87' lang='grc' dir='ltr'>μάδων</span> <span class='ocrx_word' id='word_1_237' title='bbox 570 2235 625 2285; x_wconf 90' lang='grc' dir='ltr'><strong>ἐν</strong></span> <span class='ocrx_word' id='word_1_238' title='bbox 649 2232 955 2303; x_wconf 76' lang='grc' dir='ltr'>ἀλλοτρίαις</span> <span class='ocrx_word' id='word_1_239' title='bbox 983 2228 1316 2302; x_wconf 72' lang='grc' dir='ltr'>ἐγχρονίζειν</span> <span class='ocrx_word' id='word_1_240' title='bbox 1335 2230 1395 2282; x_wconf 87' lang='grc' dir='ltr'><strong>ού</strong></span> <span class='ocrx_word' id='word_1_241' title='bbox 1423 2228 1871 2299; x_wconf 85' lang='grc' dir='ltr'>συγκεχώρηνται</span> <span class='ocrx_word' id='word_1_242' title='bbox 1891 2241 1906 2256; x_wconf 81' lang='grc'><strong><em>⁸</em></strong></span> 
     </span>
    </p>
   </div>
   <div class='ocr_carea' id='block_1_34' title="bbox 358 2314 1913 2392">
    <p class='ocr_par' dir='ltr' id='par_1_34' title="bbox 358 2314 1913 2392">
     <span class='ocr_line' id='line_1_34' title="bbox 358 2314 1913 2392; baseline -0.003 -19"><span class='ocrx_word' id='word_1_243' title='bbox 358 2321 444 2374; x_wconf 75' lang='grc' dir='ltr'>ἵνα</span> <span class='ocrx_word' id='word_1_244' title='bbox 478 2323 616 2391; x_wconf 88' lang='grc' dir='ltr'>μήτε</span> <span class='ocrx_word' id='word_1_245' title='bbox 664 2324 735 2374; x_wconf 88' lang='grc' dir='ltr'><strong>τά</strong></span> <span class='ocrx_word' id='word_1_246' title='bbox 776 2322 873 2390; x_wconf 75' lang='grc' dir='ltr'>τῆς</span> <span class='ocrx_word' id='word_1_247' title='bbox 922 2321 1215 2392; x_wconf 78' lang='grc' dir='ltr'>ἐκκλησίας</span> <span class='ocrx_word' id='word_1_248' title='bbox 1258 2320 1437 2375; x_wconf 83' lang='grc' dir='ltr'>αὐτῶν</span> <span class='ocrx_word' id='word_1_249' title='bbox 1480 2319 1779 2390; x_wconf 84' lang='grc' dir='ltr'>πράγματα</span> <span class='ocrx_word' id='word_1_250' title='bbox 1824 2314 1913 2369; x_wconf 79' lang='grc' dir='ltr'>διὰ</span> 
     </span>
    </p>
   </div>
   <div class='ocr_carea' id='block_1_35' title="bbox 358 2407 1914 2483">
    <p class='ocr_par' dir='ltr' id='par_1_35' title="bbox 358 2407 1914 2483">
     <span class='ocr_line' id='line_1_35' title="bbox 358 2407 1914 2483; baseline -0.003 -17"><span class='ocrx_word' id='word_1_251' title='bbox 358 2417 455 2483; x_wconf 74' lang='grc' dir='ltr'>τὴν</span> <span class='ocrx_word' id='word_1_252' title='bbox 485 2414 751 2466; x_wconf 80' lang='grc' dir='ltr'>ἀπουσίαν</span> <span class='ocrx_word' id='word_1_253' title='bbox 777 2414 955 2467; x_wconf 79' lang='grc' dir='ltr'>αὐτῶν</span> <span class='ocrx_word' id='word_1_254' title='bbox 982 2413 1316 2477; x_wconf 83' lang='grc' dir='ltr'>ἀπόλωνται,</span> <span class='ocrx_word' id='word_1_255' title='bbox 1351 2411 1491 2482; x_wconf 86' lang='grc' dir='ltr'>μήτε</span> <span class='ocrx_word' id='word_1_256' title='bbox 1525 2409 1775 2480; x_wconf 77' lang='grc' dir='ltr'>ἔγκλημα</span> <span class='ocrx_word' id='word_1_257' title='bbox 1818 2407 1914 2461; x_wconf 77' lang='grc' dir='ltr'>τύ-</span> 
     </span>
    </p>
   </div>
   <div class='ocr_carea' id='block_1_36' title="bbox 364 2498 1912 2573">
    <p class='ocr_par' dir='ltr' id='par_1_36' title="bbox 364 2498 1912 2573">
     <span class='ocr_line' id='line_1_36' title="bbox 364 2498 1912 2573; baseline -0.002 -18"><span class='ocrx_word' id='word_1_258' title='bbox 364 2521 464 2573; x_wconf 81' lang='grc' dir='ltr'><strong>φου</strong></span> <span class='ocrx_word' id='word_1_259' title='bbox 496 2502 591 2557; x_wconf 76' lang='grc' dir='ltr'><strong>καὶ</strong></span> <span class='ocrx_word' id='word_1_260' title='bbox 616 2503 933 2567; x_wconf 78' lang='grc' dir='ltr'>ἀλαζονείας</span> <span class='ocrx_word' id='word_1_261' title='bbox 962 2505 1145 2567; x_wconf 83' lang='grc' dir='ltr'>αὐτοῖς</span> <span class='ocrx_word' id='word_1_262' title='bbox 1177 2502 1551 2573; x_wconf 70' lang='grc' dir='ltr'>προσάψωσιν,</span> <span class='ocrx_word' id='word_1_263' title='bbox 1573 2503 1665 2554; x_wconf 77' lang='grc' dir='ltr'><strong>ἐπὶ</strong></span> <span class='ocrx_word' id='word_1_264' title='bbox 1705 2498 1912 2572; x_wconf 80' lang='grc' dir='ltr'>μακρό-</span> 
     </span>
    </p>
   </div>
   <div class='ocr_carea' id='block_1_37' title="bbox 361 2594 1530 2667">
    <p class='ocr_par' dir='ltr' id='par_1_37' title="bbox 361 2594 1530 2667">
     <span class='ocr_line' id='line_1_37' title="bbox 361 2594 1530 2667; baseline -0.001 -18"><span class='ocrx_word' id='word_1_265' title='bbox 361 2613 520 2667; x_wconf 90' lang='grc' dir='ltr'>τερον</span> <span class='ocrx_word' id='word_1_266' title='bbox 544 2599 602 2650; x_wconf 84' lang='grc' dir='ltr'><strong>ἐν</strong></span> <span class='ocrx_word' id='word_1_267' title='bbox 633 2595 888 2667; x_wconf 74' lang='grc' dir='ltr'>ἀλλοτρίᾳ</span> <span class='ocrx_word' id='word_1_268' title='bbox 926 2597 1075 2649; x_wconf 88' lang='grc' dir='ltr'>πόλει</span> <span class='ocrx_word' id='word_1_269' title='bbox 1113 2594 1530 2666; x_wconf 76' lang='grc' dir='ltr'>ἐνδιατρίϐουσι.</span> 
     </span>
    </p>
   </div>
   <div class='ocr_carea' id='block_1_38' title="bbox 322 2686 1322 2742">
    <p class='ocr_par' dir='ltr' id='par_1_38' title="bbox 322 2686 1322 2742">
     <span class='ocr_line' id='line_1_38' title="bbox 322 2686 1322 2742; baseline -0.002 2"><span class='ocrx_word' id='word_1_270' title='bbox 322 2703 324 2705; x_wconf 75' lang='grc'><em>’</em></span> <span class='ocrx_word' id='word_1_271' title='bbox 940 2688 1179 2742; x_wconf 78' lang='grc' dir='ltr'>ΚΑΝΩΝ</span> <span class='ocrx_word' id='word_1_272' title='bbox 1226 2686 1322 2742; x_wconf 66' lang='lat' dir='ltr'><strong>ll&quot;.</strong></span> 
     </span>
    </p>
   </div>
   <div class='ocr_carea' id='block_1_39' title="bbox 365 2754 1915 2847">
    <p class='ocr_par' dir='ltr' id='par_1_39' title="bbox 365 2754 1915 2847">
     <span class='ocr_line' id='line_1_39' title="bbox 365 2754 1915 2847; baseline -0.003 -14"><span class='ocrx_word' id='word_1_273' title='bbox 365 2798 388 2833; x_wconf 71' lang='grc' dir='ltr'><strong>ε</strong></span> <span class='ocrx_word' id='word_1_274' title='bbox 431 2784 614 2846; x_wconf 71' lang='lat' dir='ltr'><strong>&quot;Octo;</strong></span> <span class='ocrx_word' id='word_1_275' title='bbox 644 2782 945 2845; x_wconf 88' lang='grc' dir='ltr'>ἐπίσκοπος</span> <span class='ocrx_word' id='word_1_276' title='bbox 995 2778 1116 2835; x_wconf 79' lang='grc' dir='ltr'>εἷπε</span> <span class='ocrx_word' id='word_1_277' title='bbox 1136 2754 1317 2835; x_wconf 53' lang='lat' dir='ltr'><strong>ridi;</strong></span> <span class='ocrx_word' id='word_1_278' title='bbox 1351 2798 1432 2843; x_wconf 89' lang='grc' dir='ltr'><strong>τις</strong></span> <span class='ocrx_word' id='word_1_279' title='bbox 1481 2778 1749 2841; x_wconf 81' lang='grc' dir='ltr'>διάκονος,</span> <span class='ocrx_word' id='word_1_280' title='bbox 1795 2777 1915 2847; x_wconf 75' lang='grc' dir='ltr'>ἦτοι</span> 
     </span>
    </p>
   </div>
   <div class='ocr_carea' id='block_1_40' title="bbox 440 2867 1916 2945">
    <p class='ocr_par' dir='ltr' id='par_1_40' title="bbox 440 2867 1916 2945">
     <span class='ocr_line' id='line_1_40' title="bbox 440 2867 1916 2945; baseline -0.004 -19"><span class='ocrx_word' id='word_1_281' title='bbox 440 2892 457 2925; x_wconf 83' lang='grc' dir='ltr'><strong>ι</strong></span> <span class='ocrx_word' id='word_1_282' title='bbox 492 2874 938 2945; x_wconf 77' lang='grc' dir='ltr'>πρεσϐύτερος,ἢ</span> <span class='ocrx_word' id='word_1_283' title='bbox 969 2872 1063 2926; x_wconf 88' lang='grc' dir='ltr'><strong>καί</strong></span> <span class='ocrx_word' id='word_1_284' title='bbox 1088 2891 1172 2935; x_wconf 90' lang='grc' dir='ltr'><strong>τις</strong></span> <span class='ocrx_word' id='word_1_285' title='bbox 1201 2873 1309 2925; x_wconf 88' lang='grc' dir='ltr'><strong>τῶν</strong></span> <span class='ocrx_word' id='word_1_286' title='bbox 1364 2871 1644 2942; x_wconf 77' lang='grc' dir='ltr'>κληρικῶν</span> <span class='ocrx_word' id='word_1_287' title='bbox 1681 2867 1916 2922; x_wconf 83' lang='grc' dir='ltr'>ἀκοινώ-</span> 
     </span>
    </p>
   </div>
   <div class='ocr_carea' id='block_1_41' title="bbox 436 2959 1985 3046">
    <p class='ocr_par' dir='ltr' id='par_1_41' title="bbox 436 2959 1985 3046">
     <span class='ocr_line' id='line_1_41' title="bbox 436 2959 1985 3046; baseline -0.008 -25"><span class='ocrx_word' id='word_1_288' title='bbox 436 2985 453 3017; x_wconf 78' lang='lat' dir='ltr'><strong>t</strong></span> <span class='ocrx_word' id='word_1_289' title='bbox 492 2983 653 3031; x_wconf 77' lang='grc' dir='ltr'>νητος</span> <span class='ocrx_word' id='word_1_290' title='bbox 678 2966 931 3035; x_wconf 83' lang='grc' dir='ltr'>γένηται,</span> <span class='ocrx_word' id='word_1_291' title='bbox 960 2968 1056 3019; x_wconf 77' lang='grc' dir='ltr'>καὶ</span> <span class='ocrx_word' id='word_1_292' title='bbox 1094 2965 1231 3037; x_wconf 75' lang='grc' dir='ltr'>πρὸς</span> <span class='ocrx_word' id='word_1_293' title='bbox 1272 2964 1465 3032; x_wconf 78' lang='grc' dir='ltr'>ἕτερον</span> <span class='ocrx_word' id='word_1_294' title='bbox 1493 2963 1794 3014; x_wconf 80' lang='grc' dir='ltr'>ἐπίσκοπον</span> <span class='ocrx_word' id='word_1_295' title='bbox 1824 2959 1914 3010; x_wconf 78' lang='grc' dir='ltr'><strong>τὸν</strong></span> <span class='ocrx_word' id='word_1_296' title='bbox 1942 2988 1985 3046; x_wconf 76' lang='lat' dir='ltr'>c</span> 
     </span>
    </p>
   </div>
   <div class='ocr_carea' id='block_1_42' title="bbox 432 3053 1917 3129">
    <p class='ocr_par' dir='ltr' id='par_1_42' title="bbox 432 3053 1917 3129">
     <span class='ocr_line' id='line_1_42' title="bbox 432 3053 1917 3129; baseline -0.006 -18"><span class='ocrx_word' id='word_1_297' title='bbox 432 3076 451 3111; x_wconf 73' lang='grc' dir='ltr'><strong>ι</strong></span> <span class='ocrx_word' id='word_1_298' title='bbox 485 3058 664 3111; x_wconf 80' lang='grc' dir='ltr'>εἰδότα</span> <span class='ocrx_word' id='word_1_299' title='bbox 703 3057 869 3110; x_wconf 77' lang='grc' dir='ltr'>αὑτὸν</span> <span class='ocrx_word' id='word_1_300' title='bbox 898 3057 1213 3129; x_wconf 77' lang='grc' dir='ltr'>καταφύγῃ,</span> <span class='ocrx_word' id='word_1_301' title='bbox 1266 3055 1603 3123; x_wconf 68' lang='grc' dir='ltr'>γινώσκοντα</span> <span class='ocrx_word' id='word_1_302' title='bbox 1654 3053 1917 3104; x_wconf 81' lang='grc' dir='ltr'>ἀποκεκιο</span> 
     </span>
    </p>
   </div>
   <div class='ocr_carea' id='block_1_43' title="bbox 434 3142 1914 3220">
    <p class='ocr_par' dir='ltr' id='par_1_43' title="bbox 434 3142 1914 3220">
     <span class='ocr_line' id='line_1_43' title="bbox 434 3142 1914 3220; baseline -0.006 -18"><span class='ocrx_word' id='word_1_303' title='bbox 434 3170 452 3202; x_wconf 83' lang='grc' dir='ltr'><strong>ι</strong></span> <span class='ocrx_word' id='word_1_304' title='bbox 491 3150 688 3220; x_wconf 84' lang='grc' dir='ltr'>νῆσθαι</span> <span class='ocrx_word' id='word_1_305' title='bbox 742 3150 914 3203; x_wconf 80' lang='grc' dir='ltr'>αὐτὸν</span> <span class='ocrx_word' id='word_1_306' title='bbox 970 3152 1068 3218; x_wconf 84' lang='grc' dir='ltr'><strong>τῆς</strong></span> <span class='ocrx_word' id='word_1_307' title='bbox 1114 3149 1400 3209; x_wconf 88' lang='grc' dir='ltr'>κοινωνίας</span> <span class='ocrx_word' id='word_1_308' title='bbox 1451 3145 1601 3216; x_wconf 87' lang='grc' dir='ltr'><strong>παρά</strong></span> <span class='ocrx_word' id='word_1_309' title='bbox 1637 3144 1732 3196; x_wconf 80' lang='grc' dir='ltr'>τοῦ</span> <span class='ocrx_word' id='word_1_310' title='bbox 1783 3142 1914 3195; x_wconf 84' lang='grc' dir='ltr'>ἰδίου</span> 
     </span>
    </p>
   </div>
   <div class='ocr_carea' id='block_1_44' title="bbox 436 3230 1991 3321">
    <p class='ocr_par' dir='ltr' id='par_1_44' title="bbox 436 3230 1991 3321">
     <span class='ocr_line' id='line_1_44' title="bbox 436 3230 1991 3321; baseline -0.008 -26"><span class='ocrx_word' id='word_1_311' title='bbox 436 3262 456 3295; x_wconf 70' lang='grc' dir='ltr'><strong>ι</strong></span> <span class='ocrx_word' id='word_1_312' title='bbox 491 3243 817 3307; x_wconf 81' lang='grc' dir='ltr'>ἐπισκόπου,</span> <span class='ocrx_word' id='word_1_313' title='bbox 845 3240 918 3311; x_wconf 85' lang='grc' dir='ltr'>μὴ</span> <span class='ocrx_word' id='word_1_314' title='bbox 944 3242 1146 3311; x_wconf 78' lang='grc' dir='ltr'>χρῆναι</span> <span class='ocrx_word' id='word_1_315' title='bbox 1168 3241 1245 3310; x_wconf 78' lang='grc' dir='ltr'>τῷ</span> <span class='ocrx_word' id='word_1_316' title='bbox 1273 3240 1556 3307; x_wconf 81' lang='grc' dir='ltr'>ἐπισκόπῳ</span> <span class='ocrx_word' id='word_1_317' title='bbox 1582 3236 1675 3289; x_wconf 71' lang='grc' dir='ltr'><strong>καὶ</strong></span> <span class='ocrx_word' id='word_1_318' title='bbox 1702 3230 1917 3303; x_wconf 78' lang='grc' dir='ltr'>ἀδελφῷ</span> <span class='ocrx_word' id='word_1_319' title='bbox 1936 3290 1991 3321; x_wconf 70' lang='lat'>\</span> 
     </span>
    </p>
   </div>
   <div class='ocr_carea' id='block_1_45' title="bbox 439 3323 1947 3414">
    <p class='ocr_par' dir='ltr' id='par_1_45' title="bbox 439 3323 1947 3414">
     <span class='ocr_line' id='line_1_45' title="bbox 439 3323 1947 3414; baseline -0.009 -28"><span class='ocrx_word' id='word_1_320' title='bbox 439 3354 457 3386; x_wconf 78' lang='grc' dir='ltr'><strong>ι</strong></span> <span class='ocrx_word' id='word_1_321' title='bbox 494 3335 659 3389; x_wconf 82' lang='grc' dir='ltr'>αὑτοῦ</span> <span class='ocrx_word' id='word_1_322' title='bbox 696 3333 849 3404; x_wconf 76' lang='grc' dir='ltr'>ὕϐριν</span> <span class='ocrx_word' id='word_1_323' title='bbox 870 3332 1128 3386; x_wconf 78' lang='grc' dir='ltr'>ποιοῦντα</span> <span class='ocrx_word' id='word_1_324' title='bbox 1153 3332 1415 3401; x_wconf 81' lang='grc' dir='ltr'>παρέχειν</span> <span class='ocrx_word' id='word_1_325' title='bbox 1431 3323 1947 3414; x_wconf 44' lang='grc' dir='ltr'>αύτῷαοινωνίανὲ)</span> 
     </span>
    </p>
   </div>
   <div class='ocr_carea' id='block_1_46' title="bbox 431 3419 1918 3493">
    <p class='ocr_par' dir='ltr' id='par_1_46' title="bbox 431 3419 1918 3493">
     <span class='ocr_line' id='line_1_46' title="bbox 431 3419 1918 3493; baseline -0.008 -13"><span class='ocrx_word' id='word_1_326' title='bbox 431 3445 449 3479; x_wconf 81' lang='grc' dir='ltr'><strong>ι</strong></span> <span class='ocrx_word' id='word_1_327' title='bbox 488 3428 549 3480; x_wconf 83' lang='grc' dir='ltr'>Εἰ</span> <span class='ocrx_word' id='word_1_328' title='bbox 577 3426 634 3478; x_wconf 82' lang='grc' dir='ltr'>δὲ</span> <span class='ocrx_word' id='word_1_329' title='bbox 668 3425 930 3493; x_wconf 80' lang='grc' dir='ltr'>τολμήσοι</span> <span class='ocrx_word' id='word_1_330' title='bbox 957 3424 1120 3476; x_wconf 82' lang='grc' dir='ltr'>τοῦτο</span> <span class='ocrx_word' id='word_1_331' title='bbox 1169 3424 1413 3493; x_wconf 82' lang='grc' dir='ltr'>ποιῆσαι,</span> <span class='ocrx_word' id='word_1_332' title='bbox 1444 3419 1761 3488; x_wconf 81' lang='grc' dir='ltr'>γινωσκέτω</span> <span class='ocrx_word' id='word_1_333' title='bbox 1791 3432 1918 3470; x_wconf 84' lang='grc' dir='ltr'>συν-</span> 
     </span>
    </p>
   </div>
   <div class='ocr_carea' id='block_1_47' title="bbox 430 3508 1916 3583">
    <p class='ocr_par' dir='ltr' id='par_1_47' title="bbox 430 3508 1916 3583">
     <span class='ocr_line' id='line_1_47' title="bbox 430 3508 1916 3583; baseline -0.007 -14"><span class='ocrx_word' id='word_1_334' title='bbox 430 3537 449 3569; x_wconf 80' lang='grc' dir='ltr'><strong>ι</strong></span> <span class='ocrx_word' id='word_1_335' title='bbox 487 3517 751 3569; x_wconf 76' lang='grc' dir='ltr'>ἐλθόντων</span> <span class='ocrx_word' id='word_1_336' title='bbox 777 3516 1088 3567; x_wconf 79' lang='grc' dir='ltr'>ἐπισκόπων</span> <span class='ocrx_word' id='word_1_337' title='bbox 1117 3513 1381 3583; x_wconf 77' lang='grc' dir='ltr'>ἀπολογίᾳ</span> <span class='ocrx_word' id='word_1_338' title='bbox 1402 3511 1592 3565; x_wconf 72' lang='grc' dir='ltr'>ἑαυτὸν</span> <span class='ocrx_word' id='word_1_339' title='bbox 1612 3508 1916 3562; x_wconf 84' lang='grc' dir='ltr'>ὑπεύθυνον</span> 
     </span>
    </p>
   </div>
   <div class='ocr_carea' id='block_1_48' title="bbox 434 3604 887 3659">
    <p class='ocr_par' dir='ltr' id='par_1_48' title="bbox 434 3604 887 3659">
     <span class='ocr_line' id='line_1_48' title="bbox 434 3604 887 3659; baseline -0.009 0"><span class='ocrx_word' id='word_1_340' title='bbox 434 3627 452 3659; x_wconf 74' lang='grc' dir='ltr'><strong>ι</strong></span> <span class='ocrx_word' id='word_1_341' title='bbox 488 3604 824 3659; x_wconf 82' lang='grc' dir='ltr'>καθεστάναι.</span> <span class='ocrx_word' id='word_1_342' title='bbox 868 3622 887 3655; x_wconf 73' lang='grc' dir='ltr'><strong>ι</strong></span> 
     </span>
    </p>
   </div>
   <div class='ocr_carea' id='block_1_49' title="bbox 428 3690 1917 3765">
    <p class='ocr_par' dir='ltr' id='par_1_49' title="bbox 428 3690 1917 3765">
     <span class='ocr_line' id='line_1_49' title="bbox 428 3690 1917 3765; baseline -0.006 -14"><span class='ocrx_word' id='word_1_343' title='bbox 428 3698 624 3751; x_wconf 78' lang='grc' dir='ltr'><strong>ΒΑΛΣ.</strong></span> <span class='ocrx_word' id='word_1_344' title='bbox 659 3695 958 3765; x_wconf 82' lang='grc' dir='ltr'>Ἀνάγνωθι</span> <span class='ocrx_word' id='word_1_345' title='bbox 987 3694 1078 3747; x_wconf 81' lang='grc' dir='ltr'><strong>τὸν</strong></span> <span class='ocrx_word' id='word_1_346' title='bbox 1123 3692 1210 3763; x_wconf 57' lang='grc' dir='ltr'>ιβν,</span> <span class='ocrx_word' id='word_1_347' title='bbox 1265 3692 1327 3745; x_wconf 85' lang='grc' dir='ltr'>ιδ’</span> <span class='ocrx_word' id='word_1_348' title='bbox 1334 3732 1348 3754; x_wconf 90' lang='grc'><strong>,</strong></span> <span class='ocrx_word' id='word_1_349' title='bbox 1383 3690 1462 3761; x_wconf 58' lang='lat' dir='ltr'><strong>ip’</strong></span> <span class='ocrx_word' id='word_1_350' title='bbox 1487 3691 1580 3744; x_wconf 81' lang='grc' dir='ltr'>καὶ</span> <span class='ocrx_word' id='word_1_351' title='bbox 1605 3691 1687 3759; x_wconf 78' lang='grc' dir='ltr'>λγ¹</span> <span class='ocrx_word' id='word_1_352' title='bbox 1716 3690 1917 3744; x_wconf 82' lang='grc' dir='ltr'>κανόνα</span> 
     </span>
    </p>
   </div>
   <div class='ocr_carea' id='block_1_50' title="bbox 358 3781 1919 3856">
    <p class='ocr_par' dir='ltr' id='par_1_50' title="bbox 358 3781 1919 3856">
     <span class='ocr_line' id='line_1_50' title="bbox 358 3781 1919 3856; baseline -0.007 -13"><span class='ocrx_word' id='word_1_353' title='bbox 358 3791 469 3843; x_wconf 84' lang='grc' dir='ltr'><strong>τῶν</strong></span> <span class='ocrx_word' id='word_1_354' title='bbox 493 3789 663 3856; x_wconf 83' lang='grc' dir='ltr'>ἁγίων</span> <span class='ocrx_word' id='word_1_355' title='bbox 682 3787 1016 3850; x_wconf 77' lang='grc' dir='ltr'>ἀποστόλων,</span> <span class='ocrx_word' id='word_1_356' title='bbox 1049 3786 1145 3837; x_wconf 80' lang='grc' dir='ltr'>καὶ</span> <span class='ocrx_word' id='word_1_357' title='bbox 1184 3787 1281 3853; x_wconf 81' lang='grc' dir='ltr'><strong>τῆς</strong></span> <span class='ocrx_word' id='word_1_358' title='bbox 1318 3786 1376 3836; x_wconf 85' lang='grc' dir='ltr'><strong>ἐν</strong></span> <span class='ocrx_word' id='word_1_359' title='bbox 1429 3781 1733 3852; x_wconf 71' lang='grc' dir='ltr'>’Δντιοχεία</span> <span class='ocrx_word' id='word_1_360' title='bbox 1763 3782 1919 3833; x_wconf 79' lang='grc' dir='ltr'>συνό-</span> 
     </span>
    </p>
   </div>
   <div class='ocr_carea' id='block_1_51' title="bbox 356 3877 1323 3946">
    <p class='ocr_par' dir='ltr' id='par_1_51' title="bbox 356 3877 1323 3946">
     <span class='ocr_line' id='line_1_51' title="bbox 356 3877 1323 3946; baseline -0.003 -11"><span class='ocrx_word' id='word_1_361' title='bbox 356 3883 446 3935; x_wconf 85' lang='grc' dir='ltr'><strong>δου</strong></span> <span class='ocrx_word' id='word_1_362' title='bbox 470 3880 670 3935; x_wconf 86' lang='grc' dir='ltr'>κανόνα</span> <span class='ocrx_word' id='word_1_363' title='bbox 692 3878 767 3945; x_wconf 83' lang='grc' dir='ltr'>ς’,</span> <span class='ocrx_word' id='word_1_364' title='bbox 792 3878 859 3932; x_wconf 86' lang='grc' dir='ltr'>τὰ</span> <span class='ocrx_word' id='word_1_365' title='bbox 881 3878 1021 3931; x_wconf 86' lang='grc' dir='ltr'><strong>αὐτά</strong></span> <span class='ocrx_word' id='word_1_366' title='bbox 1044 3877 1323 3946; x_wconf 87' lang='grc' dir='ltr'>λέγοντας.</span> 
     </span>
    </p>
   </div>
   <div class='ocr_carea' id='block_1_52' title="bbox 429 3965 1919 4028">
    <p class='ocr_par' dir='ltr' id='par_1_52' title="bbox 429 3965 1919 4028">
     <span class='ocr_line' id='line_1_52' title="bbox 429 3965 1919 4028; baseline -0.006 -2"><span class='ocrx_word' id='word_1_367' title='bbox 429 3975 671 4027; x_wconf 85' lang='grc' dir='ltr'><strong>ΖΩΝΛΡ.</strong></span> <span class='ocrx_word' id='word_1_368' title='bbox 729 3972 898 4026; x_wconf 86' lang='grc' dir='ltr'>Τοῦτο</span> <span class='ocrx_word' id='word_1_369' title='bbox 972 3972 1066 4023; x_wconf 78' lang='grc' dir='ltr'>καὶ</span> <span class='ocrx_word' id='word_1_370' title='bbox 1123 3967 1480 4024; x_wconf 77' lang='grc' dir='ltr'>ἀποστολικοὶ</span> <span class='ocrx_word' id='word_1_371' title='bbox 1538 3967 1762 4028; x_wconf 83' lang='grc' dir='ltr'>κανόνες</span> <span class='ocrx_word' id='word_1_372' title='bbox 1822 3965 1919 4019; x_wconf 82' lang='grc' dir='ltr'><strong>καὶ</strong></span> 
     </span>
    </p>
   </div>
   <div class='ocr_carea' id='block_1_53' title="bbox 363 4056 1915 4130">
    <p class='ocr_par' dir='ltr' id='par_1_53' title="bbox 363 4056 1915 4130">
     <span class='ocr_line' id='line_1_53' title="bbox 363 4056 1915 4130; baseline -0.008 -10"><span class='ocrx_word' id='word_1_373' title='bbox 363 4068 628 4120; x_wconf 71' lang='grc' dir='ltr'>συνοδικοί</span> <span class='ocrx_word' id='word_1_374' title='bbox 658 4064 847 4117; x_wconf 81' lang='grc' dir='ltr'>πολλοὶ</span> <span class='ocrx_word' id='word_1_375' title='bbox 878 4062 1217 4128; x_wconf 80' lang='grc' dir='ltr'>διετάξαντο.</span> <span class='ocrx_word' id='word_1_376' title='bbox 1256 4060 1386 4117; x_wconf 82' lang='grc' dir='ltr'>Ὅτε</span> <span class='ocrx_word' id='word_1_377' title='bbox 1432 4059 1542 4130; x_wconf 79' lang='grc' dir='ltr'>γὰρ</span> <span class='ocrx_word' id='word_1_378' title='bbox 1570 4056 1651 4129; x_wconf 83' lang='grc' dir='ltr'><strong>λβ’</strong></span> <span class='ocrx_word' id='word_1_379' title='bbox 1673 4057 1813 4110; x_wconf 79' lang='grc' dir='ltr'><strong>καὶὸ</strong></span> <span class='ocrx_word' id='word_1_380' title='bbox 1836 4056 1915 4123; x_wconf 74' lang='grc' dir='ltr'>λγθ</span> 
     </span>
    </p>
   </div>
   <div class='ocr_carea' id='block_1_54' title="bbox 357 4149 1918 4226">
    <p class='ocr_par' dir='ltr' id='par_1_54' title="bbox 357 4149 1918 4226">
     <span class='ocr_line' id='line_1_54' title="bbox 357 4149 1918 4226; baseline -0.006 -15"><span class='ocrx_word' id='word_1_381' title='bbox 357 4160 467 4213; x_wconf 82' lang='grc' dir='ltr'><strong>τῶν</strong></span> <span class='ocrx_word' id='word_1_382' title='bbox 506 4159 679 4226; x_wconf 81' lang='grc' dir='ltr'>ἁγίων</span> <span class='ocrx_word' id='word_1_383' title='bbox 705 4155 1022 4210; x_wconf 83' lang='grc' dir='ltr'>ἀποστόλων</span> <span class='ocrx_word' id='word_1_384' title='bbox 1050 4153 1250 4219; x_wconf 87' lang='grc' dir='ltr'>κανὼν,</span> <span class='ocrx_word' id='word_1_385' title='bbox 1276 4154 1373 4207; x_wconf 78' lang='grc' dir='ltr'>καὶ</span> <span class='ocrx_word' id='word_1_386' title='bbox 1396 4155 1424 4207; x_wconf 85' lang='grc' dir='ltr'><strong>ό</strong></span> <span class='ocrx_word' id='word_1_387' title='bbox 1480 4158 1548 4221; x_wconf 87' lang='grc' dir='ltr'>ιγ’</span> <span class='ocrx_word' id='word_1_388' title='bbox 1581 4149 1683 4221; x_wconf 82' lang='grc' dir='ltr'>τῆς</span> <span class='ocrx_word' id='word_1_389' title='bbox 1702 4152 1760 4203; x_wconf 86' lang='grc' dir='ltr'><strong>ἐν</strong></span> <span class='ocrx_word' id='word_1_390' title='bbox 1796 4149 1918 4202; x_wconf 81' lang='grc' dir='ltr'><strong>Ἀν-</strong></span> 
     </span>
    </p>
   </div>
   <div class='ocr_carea' id='block_1_55' title="bbox 355 4232 1833 4321">
    <p class='ocr_par' dir='ltr' id='par_1_55' title="bbox 355 4232 1833 4321">
     <span class='ocr_line' id='line_1_55' title="bbox 355 4232 1833 4321; baseline -0.003 -17"><span class='ocrx_word' id='word_1_391' title='bbox 355 4250 562 4321; x_wconf 69' lang='grc' dir='ltr'>τ.οχείᾳ</span> <span class='ocrx_word' id='word_1_392' title='bbox 602 4249 817 4303; x_wconf 78' lang='grc' dir='ltr'>συνόδου</span> <span class='ocrx_word' id='word_1_393' title='bbox 840 4250 909 4302; x_wconf 82' lang='grc' dir='ltr'>τὰ</span> <span class='ocrx_word' id='word_1_394' title='bbox 927 4248 1067 4301; x_wconf 84' lang='grc' dir='ltr'><strong>αύτά</strong></span> <span class='ocrx_word' id='word_1_395' title='bbox 1087 4246 1496 4301; x_wconf 84' lang='grc' dir='ltr'>τεθεσπίκασιν.</span> <span class='ocrx_word' id='word_1_396' title='bbox 1825 4232 1833 4246; x_wconf 70' lang='grc'><em>’</em></span> 
     </span>
    </p>
   </div>
   <div class='ocr_carea' id='block_1_56' title="bbox 354 4420 1908 4492">
    <p class='ocr_par' dir='ltr' id='par_1_56' title="bbox 354 4420 1908 4492">
     <span class='ocr_line' id='line_1_56' title="bbox 354 4420 1908 4492; baseline -0.006 -12"><span class='ocrx_word' id='word_1_397' title='bbox 354 4428 576 4485; x_wconf 76' lang='grc' dir='ltr'>ΔΡΙΣΤ.</span> <span class='ocrx_word' id='word_1_398' title='bbox 614 4447 632 4479; x_wconf 79' lang='grc' dir='ltr'><strong>ι</strong></span> <span class='ocrx_word' id='word_1_399' title='bbox 677 4427 735 4479; x_wconf 88' lang='grc' dir='ltr'><strong>Ὀ</strong></span> <span class='ocrx_word' id='word_1_400' title='bbox 780 4425 873 4478; x_wconf 84' lang='grc' dir='ltr'><strong>τὸν</strong></span> <span class='ocrx_word' id='word_1_401' title='bbox 934 4423 1089 4492; x_wconf 83' lang='grc' dir='ltr'>παρὰ</span> <span class='ocrx_word' id='word_1_402' title='bbox 1133 4422 1227 4476; x_wconf 80' lang='grc' dir='ltr'>τοῦ</span> <span class='ocrx_word' id='word_1_403' title='bbox 1278 4422 1409 4476; x_wconf 85' lang='grc' dir='ltr'>ἰδίου</span> <span class='ocrx_word' id='word_1_404' title='bbox 1446 4421 1747 4476; x_wconf 84' lang='grc' dir='ltr'>ἐπισκόπου</span> <span class='ocrx_word' id='word_1_405' title='bbox 1775 4420 1908 4490; x_wconf 80' lang='grc' dir='ltr'>ἀφο-</span> 
     </span>
    </p>
   </div>
   <div class='ocr_carea' id='block_1_57' title="bbox 432 4513 1912 4592">
    <p class='ocr_par' dir='ltr' id='par_1_57' title="bbox 432 4513 1912 4592">
     <span class='ocr_line' id='line_1_57' title="bbox 432 4513 1912 4592; baseline -0.005 -19"><span class='ocrx_word' id='word_1_406' title='bbox 432 4541 450 4573; x_wconf 76' lang='grc' dir='ltr'><strong>ι</strong></span> <span class='ocrx_word' id='word_1_407' title='bbox 493 4520 745 4592; x_wconf 85' lang='grc' dir='ltr'>ρισθέντα</span> <span class='ocrx_word' id='word_1_408' title='bbox 787 4518 1072 4581; x_wconf 85' lang='grc' dir='ltr'>κοινωνίας</span> <span class='ocrx_word' id='word_1_409' title='bbox 1134 4518 1271 4589; x_wconf 68' lang='grc' dir='ltr'>μετὰ</span> <span class='ocrx_word' id='word_1_410' title='bbox 1328 4515 1534 4587; x_wconf 84' lang='grc' dir='ltr'>γνῶσιν</span> <span class='ocrx_word' id='word_1_411' title='bbox 1586 4513 1752 4581; x_wconf 78' lang='grc' dir='ltr'>ἀξιῶν</span> <span class='ocrx_word' id='word_1_412' title='bbox 1809 4514 1912 4567; x_wconf 86' lang='grc' dir='ltr'><strong>οὐκ</strong></span> 
     </span>
    </p>
   </div>
   <div class='ocr_carea' id='block_1_58' title="bbox 429 4612 845 4674">
    <p class='ocr_par' dir='ltr' id='par_1_58' title="bbox 429 4612 845 4674">
     <span class='ocr_line' id='line_1_58' title="bbox 429 4612 845 4674; baseline -0.007 -9"><span class='ocrx_word' id='word_1_413' title='bbox 429 4632 447 4664; x_wconf 71' lang='grc' dir='ltr'><strong>ι</strong></span> <span class='ocrx_word' id='word_1_414' title='bbox 486 4612 797 4674; x_wconf 77' lang='grc' dir='ltr'>ἀνεύθυνος.</span> <span class='ocrx_word' id='word_1_415' title='bbox 826 4627 845 4662; x_wconf 72' lang='grc' dir='ltr'><strong>ι</strong></span> 
     </span>
    </p>
   </div>
   <div class='ocr_carea' id='block_1_59' title="bbox 434 4698 1909 4774">
    <p class='ocr_par' dir='ltr' id='par_1_59' title="bbox 434 4698 1909 4774">
     <span class='ocr_line' id='line_1_59' title="bbox 434 4698 1909 4774; baseline -0.005 -16"><span class='ocrx_word' id='word_1_416' title='bbox 434 4705 490 4758; x_wconf 87' lang='lat'><strong>&#39;0</strong></span> <span class='ocrx_word' id='word_1_417' title='bbox 529 4706 585 4757; x_wconf 88' lang='grc' dir='ltr'><strong>ἐν</strong></span> <span class='ocrx_word' id='word_1_418' title='bbox 624 4703 830 4774; x_wconf 84' lang='grc' dir='ltr'>είδήσει</span> <span class='ocrx_word' id='word_1_419' title='bbox 859 4701 1151 4773; x_wconf 79' lang='grc' dir='ltr'>δεξάμενος</span> <span class='ocrx_word' id='word_1_420' title='bbox 1176 4698 1265 4753; x_wconf 78' lang='grc' dir='ltr'><strong>τὸν</strong></span> <span class='ocrx_word' id='word_1_421' title='bbox 1294 4698 1445 4766; x_wconf 90' lang='grc' dir='ltr'><strong>παρά</strong></span> <span class='ocrx_word' id='word_1_422' title='bbox 1475 4698 1572 4751; x_wconf 83' lang='grc' dir='ltr'>τοῦ</span> <span class='ocrx_word' id='word_1_423' title='bbox 1602 4698 1734 4752; x_wconf 86' lang='grc' dir='ltr'>ίδίου</span> <span class='ocrx_word' id='word_1_424' title='bbox 1789 4701 1909 4751; x_wconf 89' lang='grc' dir='ltr'>ἐπι-</span> 
     </span>
    </p>
   </div>
   <div class='ocr_carea' id='block_1_60' title="bbox 353 4790 1908 4868">
    <p class='ocr_par' dir='ltr' id='par_1_60' title="bbox 353 4790 1908 4868">
     <span class='ocr_line' id='line_1_60' title="bbox 353 4790 1908 4868; baseline -0.005 -18"><span class='ocrx_word' id='word_1_425' title='bbox 353 4797 558 4850; x_wconf 75' lang='grc' dir='ltr'>σκόπου</span> <span class='ocrx_word' id='word_1_426' title='bbox 597 4795 964 4868; x_wconf 82' lang='grc' dir='ltr'>ἀφορισθέντα</span> <span class='ocrx_word' id='word_1_427' title='bbox 985 4791 1377 4863; x_wconf 78' lang='grc' dir='ltr'>πρεσϐύτερον,</span> <span class='ocrx_word' id='word_1_428' title='bbox 1411 4790 1444 4861; x_wconf 79' lang='grc' dir='ltr'>ἢ</span> <span class='ocrx_word' id='word_1_429' title='bbox 1478 4790 1908 4859; x_wconf 80' lang='grc' dir='ltr'>διάκονον,ῆκαί</span> 
     </span>
    </p>
   </div>
   <div class='ocr_carea' id='block_1_61' title="bbox 300 4882 1911 4957">
    <p class='ocr_par' dir='ltr' id='par_1_61' title="bbox 300 4882 1911 4957">
     <span class='ocr_line' id='line_1_61' title="bbox 300 4882 1911 4957; baseline -0.005 -16"><span class='ocrx_word' id='word_1_430' title='bbox 300 4910 305 4915; x_wconf 62' lang='grc' dir='ltr'><strong><em>τ</em></strong></span> <span class='ocrx_word' id='word_1_431' title='bbox 349 4905 472 4941; x_wconf 88' lang='grc' dir='ltr'>τινα.</span> <span class='ocrx_word' id='word_1_432' title='bbox 494 4886 603 4940; x_wconf 90' lang='grc' dir='ltr'><strong>τῶν</strong></span> <span class='ocrx_word' id='word_1_433' title='bbox 635 4884 931 4957; x_wconf 83' lang='grc' dir='ltr'>κληρικῶν,</span> <span class='ocrx_word' id='word_1_434' title='bbox 961 4883 1055 4937; x_wconf 78' lang='grc' dir='ltr'><strong>καὶ</strong></span> <span class='ocrx_word' id='word_1_435' title='bbox 1075 4883 1537 4953; x_wconf 85' lang='grc' dir='ltr'>συγκοινωνήσας,</span> <span class='ocrx_word' id='word_1_436' title='bbox 1562 4882 1682 4951; x_wconf 80' lang='grc' dir='ltr'>ἦτοι</span> <span class='ocrx_word' id='word_1_437' title='bbox 1704 4882 1911 4934; x_wconf 88' lang='grc' dir='ltr'>συλλει-</span> 
     </span>
    </p>
   </div>
   <div class='ocr_carea' id='block_1_62' title="bbox 346 4974 1907 5050">
    <p class='ocr_par' dir='ltr' id='par_1_62' title="bbox 346 4974 1907 5050">
     <span class='ocr_line' id='line_1_62' title="bbox 346 4974 1907 5050; baseline -0.003 -20"><span class='ocrx_word' id='word_1_438' title='bbox 346 4997 445 5032; x_wconf 31' lang='grc' dir='ltr'>ντου</span> <span class='ocrx_word' id='word_1_439' title='bbox 456 4981 663 5050; x_wconf 84' lang='grc' dir='ltr'>ργήσας</span> <span class='ocrx_word' id='word_1_440' title='bbox 694 4976 868 5047; x_wconf 81' lang='grc' dir='ltr'>αὐτῷ,</span> <span class='ocrx_word' id='word_1_441' title='bbox 890 4976 990 5028; x_wconf 87' lang='grc' dir='ltr'><strong>ούκ</strong></span> <span class='ocrx_word' id='word_1_442' title='bbox 1012 4974 1327 5042; x_wconf 84' lang='grc' dir='ltr'>ἀνεύθυνος,</span> <span class='ocrx_word' id='word_1_443' title='bbox 1347 4974 1460 5027; x_wconf 83' lang='grc' dir='ltr'>ἀλλ’</span> <span class='ocrx_word' id='word_1_444' title='bbox 1483 4974 1907 5044; x_wconf 78' lang='grc' dir='ltr'>ἀφορισθήσεται</span> 
     </span>
    </p>
   </div>
   <div class='ocr_carea' id='block_1_63' title="bbox 353 5065 1908 5135">
    <p class='ocr_par' dir='ltr' id='par_1_63' title="bbox 353 5065 1908 5135">
     <span class='ocr_line' id='line_1_63' title="bbox 353 5065 1908 5135; baseline -0.006 -8"><span class='ocrx_word' id='word_1_445' title='bbox 353 5076 445 5127; x_wconf 82' lang='grc' dir='ltr'><strong>καί</strong></span> <span class='ocrx_word' id='word_1_446' title='bbox 481 5074 665 5135; x_wconf 80' lang='grc' dir='ltr'>αὐτὸς,</span> <span class='ocrx_word' id='word_1_447' title='bbox 701 5072 845 5123; x_wconf 84' lang='grc' dir='ltr'><strong>κατά</strong></span> <span class='ocrx_word' id='word_1_448' title='bbox 887 5067 980 5122; x_wconf 81' lang='grc' dir='ltr'><strong>τὸν</strong></span> <span class='ocrx_word' id='word_1_449' title='bbox 1023 5067 1325 5121; x_wconf 82' lang='grc' dir='ltr'>δωδέκατον</span> <span class='ocrx_word' id='word_1_450' title='bbox 1357 5066 1554 5119; x_wconf 88' lang='grc' dir='ltr'>κανόνα</span> <span class='ocrx_word' id='word_1_451' title='bbox 1587 5066 1696 5121; x_wconf 85' lang='grc' dir='ltr'><strong>τῶν</strong></span> <span class='ocrx_word' id='word_1_452' title='bbox 1739 5065 1908 5134; x_wconf 83' lang='grc' dir='ltr'>ἁγίων</span> 
     </span>
    </p>
   </div>
   <div class='ocr_carea' id='block_1_64' title="bbox 353 5163 692 5218">
    <p class='ocr_par' dir='ltr' id='par_1_64' title="bbox 353 5163 692 5218">
     <span class='ocr_line' id='line_1_64' title="bbox 353 5163 692 5218; baseline 0 0"><span class='ocrx_word' id='word_1_453' title='bbox 353 5163 692 5218; x_wconf 86' lang='grc' dir='ltr'>ἀποστόλων.</span> 
     </span>
    </p>
   </div>
   <div class='ocr_carea' id='block_1_65' title="bbox 916 5252 1278 5308">
    <p class='ocr_par' dir='ltr' id='par_1_65' title="bbox 916 5252 1278 5308">
     <span class='ocr_line' id='line_1_65' title="bbox 916 5252 1278 5308; baseline -0.008 0"><span class='ocrx_word' id='word_1_454' title='bbox 916 5252 1152 5308; x_wconf 75' lang='grc' dir='ltr'><strong>ΚᾹΝΩΝ</strong></span> <span class='ocrx_word' id='word_1_455' title='bbox 1180 5254 1278 5306; x_wconf 71' lang='lat' dir='ltr'><strong>LV.</strong></span> 
     </span>
    </p>
   </div>
   <div class='ocr_carea' id='block_1_66' title="bbox 361 5342 1902 5417">
    <p class='ocr_par' dir='ltr' id='par_1_66' title="bbox 361 5342 1902 5417">
     <span class='ocr_line' id='line_1_66' title="bbox 361 5342 1902 5417; baseline -0.001 -17"><span class='ocrx_word' id='word_1_456' title='bbox 361 5367 379 5400; x_wconf 77' lang='grc' dir='ltr'><strong>ι</strong></span> <span class='ocrx_word' id='word_1_457' title='bbox 418 5346 487 5401; x_wconf 77' lang='grc' dir='ltr'>Εἰ</span> <span class='ocrx_word' id='word_1_458' title='bbox 507 5365 589 5413; x_wconf 89' lang='grc' dir='ltr'><strong>τις</strong></span> <span class='ocrx_word' id='word_1_459' title='bbox 620 5345 924 5408; x_wconf 87' lang='grc' dir='ltr'>ἐπίσκοπος</span> <span class='ocrx_word' id='word_1_460' title='bbox 966 5345 1077 5417; x_wconf 80' lang='lat'><strong>(79)</strong></span> <span class='ocrx_word' id='word_1_461' title='bbox 1107 5342 1361 5414; x_wconf 79' lang='grc' dir='ltr'>ὀξύχολος</span> <span class='ocrx_word' id='word_1_462' title='bbox 1409 5342 1738 5414; x_wconf 82' lang='grc' dir='ltr'>εὑρίσκοιτο,</span> <span class='ocrx_word' id='word_1_463' title='bbox 1767 5344 1902 5415; x_wconf 77' lang='grc' dir='ltr'>ὅπερ</span> 
     </span>
    </p>
   </div>
   <div class='ocr_carea' id='block_1_67' title="bbox 2013 1400 3561 1474">
    <p class='ocr_par' dir='ltr' id='par_1_67' title="bbox 2013 1400 3561 1474">
     <span class='ocr_line' id='line_1_67' title="bbox 2013 1400 3561 1474; baseline 0.007 -19"><span class='ocrx_word' id='word_1_464' title='bbox 2013 1400 2241 1456; x_wconf 70' lang='lat' dir='ltr'><strong>AlilST.</strong></span> <span class='ocrx_word' id='word_1_465' title='bbox 2278 1419 2297 1453; x_wconf 73' lang='grc' dir='ltr'><strong>ι</strong></span> <span class='ocrx_word' id='word_1_466' title='bbox 2338 1401 2630 1472; x_wconf 73' lang='lat' dir='ltr'><strong>Episcopus</strong></span> <span class='ocrx_word' id='word_1_467' title='bbox 2663 1404 2752 1470; x_wconf 91' lang='lat' dir='ltr'><strong>qui</strong></span> <span class='ocrx_word' id='word_1_468' title='bbox 2803 1409 3171 1474; x_wconf 88' lang='lat' dir='ltr'><strong>possessiones</strong></span> <span class='ocrx_word' id='word_1_469' title='bbox 3205 1410 3362 1465; x_wconf 85' lang='lat' dir='ltr'><strong>habet</strong></span> <span class='ocrx_word' id='word_1_470' title='bbox 3406 1422 3561 1466; x_wconf 81' lang='lat' dir='ltr'><strong>extra</strong></span> 
     </span>
    </p>
   </div>
   <div class='ocr_carea' id='block_1_68' title="bbox 2093 1494 3574 1573">
    <p class='ocr_par' dir='ltr' id='par_1_68' title="bbox 2093 1494 3574 1573">
     <span class='ocr_line' id='line_1_68' title="bbox 2093 1494 3574 1573; baseline 0.008 -28"><span class='ocrx_word' id='word_1_471' title='bbox 2093 1494 2371 1550; x_wconf 69' lang='lat' dir='ltr'><strong>idimcesis</strong></span> <span class='ocrx_word' id='word_1_472' title='bbox 2414 1510 2523 1548; x_wconf 55' lang='lat' dir='ltr'><strong>sua:</strong></span> <span class='ocrx_word' id='word_1_473' title='bbox 2546 1494 2813 1559; x_wconf 88' lang='lat' dir='ltr'><strong>limites,si</strong></span> <span class='ocrx_word' id='word_1_474' title='bbox 2843 1512 2934 1552; x_wconf 84' lang='lat' dir='ltr'><strong>eas</strong></span> <span class='ocrx_word' id='word_1_475' title='bbox 2962 1499 3033 1553; x_wconf 88' lang='lat' dir='ltr'><strong>sit</strong></span> <span class='ocrx_word' id='word_1_476' title='bbox 3060 1499 3347 1568; x_wconf 87' lang='lat' dir='ltr'><strong>invisurus,</strong></span> <span class='ocrx_word' id='word_1_477' title='bbox 3364 1518 3428 1555; x_wconf 88' lang='lat' dir='ltr'><strong>ne</strong></span> <span class='ocrx_word' id='word_1_478' title='bbox 3453 1506 3574 1573; x_wconf 88' lang='lat' dir='ltr'><strong>plus</strong></span> 
     </span>
    </p>
   </div>
   <div class='ocr_carea' id='block_1_69' title="bbox 2092 1586 3570 1661">
    <p class='ocr_par' dir='ltr' id='par_1_69' title="bbox 2092 1586 3570 1661">
     <span class='ocr_line' id='line_1_69' title="bbox 2092 1586 3570 1661; baseline 0.007 -23"><span class='ocrx_word' id='word_1_479' title='bbox 2092 1604 2111 1638; x_wconf 76' lang='grc' dir='ltr'><strong>ι</strong></span> <span class='ocrx_word' id='word_1_480' title='bbox 2142 1602 2305 1655; x_wconf 88' lang='lat' dir='ltr'><strong>quam</strong></span> <span class='ocrx_word' id='word_1_481' title='bbox 2337 1587 2497 1641; x_wconf 87' lang='lat' dir='ltr'><strong>trium</strong></span> <span class='ocrx_word' id='word_1_482' title='bbox 2525 1586 2920 1643; x_wconf 89' lang='lat' dir='ltr'><strong>Dominicarum</strong></span> <span class='ocrx_word' id='word_1_483' title='bbox 2975 1592 3151 1661; x_wconf 88' lang='lat' dir='ltr'><strong>spatio</strong></span> <span class='ocrx_word' id='word_1_484' title='bbox 3210 1593 3280 1648; x_wconf 81' lang='lat' dir='ltr'><strong>ibi</strong></span> <span class='ocrx_word' id='word_1_485' title='bbox 3334 1605 3570 1649; x_wconf 72' lang='lat' dir='ltr'><strong>maneat.</strong></span> 
     </span>
    </p>
   </div>
   <div class='ocr_carea' id='block_1_70' title="bbox 2090 1679 3570 1756">
    <p class='ocr_par' dir='ltr' id='par_1_70' title="bbox 2090 1679 3570 1756">
     <span class='ocr_line' id='line_1_70' title="bbox 2090 1679 3570 1756; baseline 0.008 -24"><span class='ocrx_word' id='word_1_486' title='bbox 2090 1698 2109 1732; x_wconf 79' lang='grc' dir='ltr'><strong>ι</strong></span> <span class='ocrx_word' id='word_1_487' title='bbox 2147 1680 2238 1734; x_wconf 88' lang='lat' dir='ltr'><strong>Sic</strong></span> <span class='ocrx_word' id='word_1_488' title='bbox 2263 1679 2406 1734; x_wconf 86' lang='lat' dir='ltr'><strong>enim</strong></span> <span class='ocrx_word' id='word_1_489' title='bbox 2443 1679 2607 1749; x_wconf 88' lang='lat' dir='ltr'><strong>ipsius</strong></span> <span class='ocrx_word' id='word_1_490' title='bbox 2630 1696 2759 1751; x_wconf 81' lang='lat' dir='ltr'><strong>grex</strong></span> <span class='ocrx_word' id='word_1_491' title='bbox 2796 1698 2859 1737; x_wconf 91' lang='lat' dir='ltr'><strong>eo</strong></span> <span class='ocrx_word' id='word_1_492' title='bbox 2883 1683 3111 1751; x_wconf 84' lang='lat' dir='ltr'><strong>fruetur,</strong></span> <span class='ocrx_word' id='word_1_493' title='bbox 3144 1685 3364 1756; x_wconf 86' lang='lat' dir='ltr'><strong>ipseque</strong></span> <span class='ocrx_word' id='word_1_494' title='bbox 3396 1686 3570 1744; x_wconf 73' lang='lat' dir='ltr'><strong>fastus</strong></span> 
     </span>
    </p>
   </div>
   <div class='ocr_carea' id='block_1_71' title="bbox 2091 1770 2746 1840">
    <p class='ocr_par' dir='ltr' id='par_1_71' title="bbox 2091 1770 2746 1840">
     <span class='ocr_line' id='line_1_71' title="bbox 2091 1770 2746 1840; baseline 0.006 -19"><span class='ocrx_word' id='word_1_495' title='bbox 2091 1787 2111 1820; x_wconf 72' lang='grc' dir='ltr'><strong>ι</strong></span> <span class='ocrx_word' id='word_1_496' title='bbox 2141 1770 2444 1840; x_wconf 83' lang='lat' dir='ltr'><strong>suspicione</strong></span> <span class='ocrx_word' id='word_1_497' title='bbox 2467 1772 2688 1826; x_wconf 86' lang='lat' dir='ltr'><strong>carebit.</strong></span> <span class='ocrx_word' id='word_1_498' title='bbox 2727 1792 2746 1825; x_wconf 70' lang='grc' dir='ltr'><strong>ο</strong></span> 
     </span>
    </p>
   </div>
   <div class='ocr_carea' id='block_1_72' title="bbox 2085 1859 3569 1939">
    <p class='ocr_par' dir='ltr' id='par_1_72' title="bbox 2085 1859 3569 1939">
     <span class='ocr_line' id='line_1_72' title="bbox 2085 1859 3569 1939; baseline 0.009 -26"><span class='ocrx_word' id='word_1_499' title='bbox 2085 1859 2142 1914; x_wconf 89' lang='lat' dir='ltr'><strong>Si</strong></span> <span class='ocrx_word' id='word_1_500' title='bbox 2163 1861 2254 1930; x_wconf 92' lang='lat' dir='ltr'><strong>qui</strong></span> <span class='ocrx_word' id='word_1_501' title='bbox 2280 1863 2658 1932; x_wconf 88' lang='lat' dir='ltr'><strong>episcoporum</strong></span> <span class='ocrx_word' id='word_1_502' title='bbox 2713 1868 3082 1935; x_wconf 86' lang='lat' dir='ltr'><strong>possessiones</strong></span> <span class='ocrx_word' id='word_1_503' title='bbox 3117 1869 3171 1923; x_wconf 89' lang='lat' dir='ltr'><strong>in</strong></span> <span class='ocrx_word' id='word_1_504' title='bbox 3226 1869 3414 1925; x_wconf 88' lang='lat' dir='ltr'><strong>alienis</strong></span> <span class='ocrx_word' id='word_1_505' title='bbox 3455 1872 3569 1939; x_wconf 86' lang='lat' dir='ltr'><strong>cpi-</strong></span> 
     </span>
    </p>
   </div>
   <div class='ocr_carea' id='block_1_73' title="bbox 2010 1952 3570 2025">
    <p class='ocr_par' dir='ltr' id='par_1_73' title="bbox 2010 1952 3570 2025">
     <span class='ocr_line' id='line_1_73' title="bbox 2010 1952 3570 2025; baseline 0.008 -20"><span class='ocrx_word' id='word_1_506' title='bbox 2010 1952 2320 2021; x_wconf 86' lang='lat' dir='ltr'><strong>scopatibus</strong></span> <span class='ocrx_word' id='word_1_507' title='bbox 2347 1956 2548 2021; x_wconf 88' lang='lat' dir='ltr'><strong>positas</strong></span> <span class='ocrx_word' id='word_1_508' title='bbox 2584 1957 2987 2023; x_wconf 84' lang='lat' dir='ltr'><strong>habeant,illuc</strong></span> <span class='ocrx_word' id='word_1_509' title='bbox 3030 1960 3196 2025; x_wconf 87' lang='lat' dir='ltr'><strong>adire,</strong></span> <span class='ocrx_word' id='word_1_510' title='bbox 3232 1973 3289 2014; x_wconf 93' lang='lat' dir='ltr'><strong>ut</strong></span> <span class='ocrx_word' id='word_1_511' title='bbox 3329 1976 3422 2017; x_wconf 83' lang='lat' dir='ltr'><strong>eas</strong></span> <span class='ocrx_word' id='word_1_512' title='bbox 3471 1964 3570 2016; x_wconf 88' lang='lat' dir='ltr'><strong>ob-</strong></span> 
     </span>
    </p>
   </div>
   <div class='ocr_carea' id='block_1_74' title="bbox 2009 2043 3565 2118">
    <p class='ocr_par' dir='ltr' id='par_1_74' title="bbox 2009 2043 3565 2118">
     <span class='ocr_line' id='line_1_74' title="bbox 2009 2043 3565 2118; baseline 0.008 -23"><span class='ocrx_word' id='word_1_513' title='bbox 2009 2051 2224 2096; x_wconf 88' lang='lat' dir='ltr'><strong>servent</strong></span> <span class='ocrx_word' id='word_1_514' title='bbox 2253 2052 2306 2096; x_wconf 91' lang='lat' dir='ltr'><strong>et</strong></span> <span class='ocrx_word' id='word_1_515' title='bbox 2347 2043 2553 2098; x_wconf 87' lang='lat' dir='ltr'><strong>fructus</strong></span> <span class='ocrx_word' id='word_1_516' title='bbox 2584 2047 2857 2115; x_wconf 81' lang='lat' dir='ltr'><strong>colligant,</strong></span> <span class='ocrx_word' id='word_1_517' title='bbox 2904 2064 3008 2102; x_wconf 90' lang='lat' dir='ltr'><strong>non</strong></span> <span class='ocrx_word' id='word_1_518' title='bbox 3039 2051 3421 2118; x_wconf 87' lang='lat' dir='ltr'><strong>prohibentur.</strong></span> <span class='ocrx_word' id='word_1_519' title='bbox 3457 2053 3565 2107; x_wconf 88' lang='lat' dir='ltr'><strong>Sed</strong></span> 
     </span>
    </p>
   </div>
   <div class='ocr_carea' id='block_1_75' title="bbox 2011 2134 3571 2214">
    <p class='ocr_par' dir='ltr' id='par_1_75' title="bbox 2011 2134 3571 2214">
     <span class='ocr_line' id='line_1_75' title="bbox 2011 2134 3571 2214; baseline 0.008 -29"><span class='ocrx_word' id='word_1_520' title='bbox 2011 2142 2067 2186; x_wconf 89' lang='lat' dir='ltr'><strong>et</strong></span> <span class='ocrx_word' id='word_1_521' title='bbox 2095 2134 2148 2186; x_wconf 92' lang='lat' dir='ltr'><strong>hi</strong></span> <span class='ocrx_word' id='word_1_522' title='bbox 2177 2134 2458 2204; x_wconf 80' lang='lat' dir='ltr'><strong>plusquam</strong></span> <span class='ocrx_word' id='word_1_523' title='bbox 2493 2146 2602 2190; x_wconf 88' lang='lat' dir='ltr'><strong>tres</strong></span> <span class='ocrx_word' id='word_1_524' title='bbox 2640 2138 3003 2194; x_wconf 85' lang='lat' dir='ltr'><strong>hebdomades</strong></span> <span class='ocrx_word' id='word_1_525' title='bbox 3036 2140 3088 2195; x_wconf 89' lang='lat' dir='ltr'><strong>In</strong></span> <span class='ocrx_word' id='word_1_526' title='bbox 3111 2142 3306 2198; x_wconf 78' lang='lat' dir='ltr'><strong>alienis</strong></span> <span class='ocrx_word' id='word_1_527' title='bbox 3355 2146 3571 2214; x_wconf 86' lang='lat' dir='ltr'><strong>episco-</strong></span> 
     </span>
    </p>
   </div>
   <div class='ocr_carea' id='block_1_76' title="bbox 2012 2225 3566 2298">
    <p class='ocr_par' dir='ltr' id='par_1_76' title="bbox 2012 2225 3566 2298">
     <span class='ocr_line' id='line_1_76' title="bbox 2012 2225 3566 2298; baseline 0.01 -22"><span class='ocrx_word' id='word_1_528' title='bbox 2012 2225 2228 2293; x_wconf 85' lang='lat' dir='ltr'><strong>palibus</strong></span> <span class='ocrx_word' id='word_1_529' title='bbox 2277 2227 2554 2281; x_wconf 88' lang='lat' dir='ltr'><strong>immorari</strong></span> <span class='ocrx_word' id='word_1_530' title='bbox 2615 2244 2718 2282; x_wconf 91' lang='lat' dir='ltr'><strong>non</strong></span> <span class='ocrx_word' id='word_1_531' title='bbox 2772 2232 3177 2298; x_wconf 85' lang='lat' dir='ltr'><strong>permittuntur.</strong></span> <span class='ocrx_word' id='word_1_532' title='bbox 3208 2232 3275 2287; x_wconf 88' lang='lat' dir='ltr'><strong>Ut</strong></span> <span class='ocrx_word' id='word_1_533' title='bbox 3324 2252 3424 2290; x_wconf 90' lang='lat' dir='ltr'><strong>nec</strong></span> <span class='ocrx_word' id='word_1_534' title='bbox 3457 2254 3566 2291; x_wconf 69' lang='lat' dir='ltr'><strong>sua:</strong></span> 
     </span>
    </p>
   </div>
   <div class='ocr_carea' id='block_1_77' title="bbox 2011 2318 3574 2393">
    <p class='ocr_par' dir='ltr' id='par_1_77' title="bbox 2011 2318 3574 2393">
     <span class='ocr_line' id='line_1_77' title="bbox 2011 2318 3574 2393; baseline 0.007 -22"><span class='ocrx_word' id='word_1_535' title='bbox 2011 2318 2255 2372; x_wconf 75' lang='lat' dir='ltr'><strong>ecclesia:</strong></span> <span class='ocrx_word' id='word_1_536' title='bbox 2278 2320 2491 2387; x_wconf 89' lang='lat' dir='ltr'><strong>negotia</strong></span> <span class='ocrx_word' id='word_1_537' title='bbox 2521 2335 2617 2390; x_wconf 92' lang='lat' dir='ltr'><strong>per</strong></span> <span class='ocrx_word' id='word_1_538' title='bbox 2667 2321 2965 2376; x_wconf 84' lang='lat' dir='ltr'><strong>absentiam</strong></span> <span class='ocrx_word' id='word_1_539' title='bbox 2997 2322 3151 2393; x_wconf 81' lang='lat'><strong>501</strong></span> <span class='ocrx_word' id='word_1_540' title='bbox 3186 2341 3369 2381; x_wconf 80' lang='lat' dir='ltr'><strong>eorum</strong></span> <span class='ocrx_word' id='word_1_541' title='bbox 3419 2332 3574 2382; x_wconf 83' lang='lat' dir='ltr'><strong>dant-</strong></span> 
     </span>
    </p>
   </div>
   <div class='ocr_carea' id='block_1_78' title="bbox 2015 2411 3575 2483">
    <p class='ocr_par' dir='ltr' id='par_1_78' title="bbox 2015 2411 3575 2483">
     <span class='ocr_line' id='line_1_78' title="bbox 2015 2411 3575 2483; baseline 0.009 -21"><span class='ocrx_word' id='word_1_542' title='bbox 2015 2424 2140 2462; x_wconf 91' lang='lat' dir='ltr'><strong>num</strong></span> <span class='ocrx_word' id='word_1_543' title='bbox 2178 2411 2470 2479; x_wconf 88' lang='lat' dir='ltr'><strong>patiantur,</strong></span> <span class='ocrx_word' id='word_1_544' title='bbox 2531 2426 2629 2465; x_wconf 90' lang='lat' dir='ltr'><strong>nec</strong></span> <span class='ocrx_word' id='word_1_545' title='bbox 2669 2414 2939 2483; x_wconf 63' lang='lat' dir='ltr'><strong>superbiae</strong></span> <span class='ocrx_word' id='word_1_546' title='bbox 2978 2425 3034 2469; x_wconf 91' lang='lat' dir='ltr'><strong>et</strong></span> <span class='ocrx_word' id='word_1_547' title='bbox 3083 2420 3455 2474; x_wconf 79' lang='lat' dir='ltr'><strong>ostentationis</strong></span> <span class='ocrx_word' id='word_1_548' title='bbox 3482 2436 3575 2475; x_wconf 87' lang='lat' dir='ltr'><strong>ac-</strong></span> 
     </span>
    </p>
   </div>
   <div class='ocr_carea' id='block_1_79' title="bbox 2013 2501 3565 2579">
    <p class='ocr_par' dir='ltr' id='par_1_79' title="bbox 2013 2501 3565 2579">
     <span class='ocr_line' id='line_1_79' title="bbox 2013 2501 3565 2579; baseline 0.008 -26"><span class='ocrx_word' id='word_1_549' title='bbox 2013 2501 2354 2555; x_wconf 91' lang='lat' dir='ltr'><strong>cusationem</strong></span> <span class='ocrx_word' id='word_1_550' title='bbox 2388 2502 2489 2557; x_wconf 86' lang='lat' dir='ltr'><strong>sibi</strong></span> <span class='ocrx_word' id='word_1_551' title='bbox 2513 2503 2752 2573; x_wconf 84' lang='lat' dir='ltr'><strong>alligant,</strong></span> <span class='ocrx_word' id='word_1_552' title='bbox 2785 2519 2852 2559; x_wconf 89' lang='lat' dir='ltr'><strong>eo</strong></span> <span class='ocrx_word' id='word_1_553' title='bbox 2880 2507 3020 2574; x_wconf 90' lang='lat' dir='ltr'><strong>quod</strong></span> <span class='ocrx_word' id='word_1_554' title='bbox 3044 2506 3165 2576; x_wconf 90' lang='lat' dir='ltr'><strong>plus</strong></span> <span class='ocrx_word' id='word_1_555' title='bbox 3212 2511 3467 2579; x_wconf 90' lang='lat' dir='ltr'><strong>temporis</strong></span> <span class='ocrx_word' id='word_1_556' title='bbox 3512 2512 3565 2565; x_wconf 90' lang='lat' dir='ltr'><strong>in</strong></span> 
     </span>
    </p>
   </div>
   <div class='ocr_carea' id='block_1_80' title="bbox 2014 2591 2793 2651">
    <p class='ocr_par' dir='ltr' id='par_1_80' title="bbox 2014 2591 2793 2651">
     <span class='ocr_line' id='line_1_80' title="bbox 2014 2591 2793 2651; baseline 0.005 -6"><span class='ocrx_word' id='word_1_557' title='bbox 2014 2591 2189 2647; x_wconf 86' lang='lat' dir='ltr'><strong>aliena</strong></span> <span class='ocrx_word' id='word_1_558' title='bbox 2219 2594 2434 2649; x_wconf 83' lang='lat' dir='ltr'><strong>civitate</strong></span> <span class='ocrx_word' id='word_1_559' title='bbox 2456 2605 2793 2651; x_wconf 86' lang='lat' dir='ltr'><strong>consumant.</strong></span> 
     </span>
    </p>
   </div>
   <div class='ocr_carea' id='block_1_81' title="bbox 2567 2687 3014 2744">
    <p class='ocr_par' dir='ltr' id='par_1_81' title="bbox 2567 2687 3014 2744">
     <span class='ocr_line' id='line_1_81' title="bbox 2567 2687 3014 2744; baseline 0.004 -2"><span class='ocrx_word' id='word_1_560' title='bbox 2567 2687 2797 2744; x_wconf 74' lang='lat' dir='ltr'><strong>CANON</strong></span> <span class='ocrx_word' id='word_1_561' title='bbox 2872 2690 3014 2744; x_wconf 77' lang='lat' dir='ltr'><strong>Xlll.</strong></span> 
     </span>
    </p>
   </div>
   <div class='ocr_carea' id='block_1_82' title="bbox 2022 2776 3569 2857">
    <p class='ocr_par' dir='ltr' id='par_1_82' title="bbox 2022 2776 3569 2857">
     <span class='ocr_line' id='line_1_82' title="bbox 2022 2776 3569 2857; baseline 0.008 -27"><span class='ocrx_word' id='word_1_562' title='bbox 2022 2795 2041 2830; x_wconf 79' lang='grc' dir='ltr'><strong>ι</strong></span> <span class='ocrx_word' id='word_1_563' title='bbox 2084 2776 2242 2833; x_wconf 90' lang='lat' dir='ltr'><strong>Osius</strong></span> <span class='ocrx_word' id='word_1_564' title='bbox 2274 2779 2557 2849; x_wconf 88' lang='lat' dir='ltr'><strong>episcopus</strong></span> <span class='ocrx_word' id='word_1_565' title='bbox 2586 2781 2721 2834; x_wconf 70' lang='lat' dir='ltr'><strong>dixit</strong></span> <span class='ocrx_word' id='word_1_566' title='bbox 2746 2776 2853 2837; x_wconf 66' lang='lat' dir='ltr'><strong>:USi</strong></span> <span class='ocrx_word' id='word_1_567' title='bbox 2883 2786 3003 2853; x_wconf 84' lang='lat' dir='ltr'><strong>quis</strong></span> <span class='ocrx_word' id='word_1_568' title='bbox 3032 2787 3304 2850; x_wconf 83' lang='lat' dir='ltr'><strong>diaconus,</strong></span> <span class='ocrx_word' id='word_1_569' title='bbox 3338 2788 3419 2842; x_wconf 92' lang='lat' dir='ltr'><strong>vel</strong></span> <span class='ocrx_word' id='word_1_570' title='bbox 3448 2802 3569 2857; x_wconf 84' lang='lat' dir='ltr'><strong>pre-</strong></span> 
     </span>
    </p>
   </div>
   <div class='ocr_carea' id='block_1_83' title="bbox 2092 2871 3569 2942">
    <p class='ocr_par' dir='ltr' id='par_1_83' title="bbox 2092 2871 3569 2942">
     <span class='ocr_line' id='line_1_83' title="bbox 2092 2871 3569 2942; baseline 0.006 -19"><span class='ocrx_word' id='word_1_571' title='bbox 2092 2888 2111 2922; x_wconf 75' lang='grc' dir='ltr'><strong>ι</strong></span> <span class='ocrx_word' id='word_1_572' title='bbox 2143 2871 2342 2940; x_wconf 86' lang='lat' dir='ltr'><strong>sbyter,</strong></span> <span class='ocrx_word' id='word_1_573' title='bbox 2382 2871 2463 2925; x_wconf 76' lang='lat' dir='ltr'><strong>vel</strong></span> <span class='ocrx_word' id='word_1_574' title='bbox 2493 2872 2719 2926; x_wconf 86' lang='lat' dir='ltr'><strong>clericus</strong></span> <span class='ocrx_word' id='word_1_575' title='bbox 2755 2874 2829 2927; x_wconf 91' lang='lat' dir='ltr'><strong>sit</strong></span> <span class='ocrx_word' id='word_1_576' title='bbox 2858 2879 3381 2942; x_wconf 84' lang='lat' dir='ltr'><strong>excommunicatus,</strong></span> <span class='ocrx_word' id='word_1_577' title='bbox 3418 2888 3470 2933; x_wconf 75' lang='lat' dir='ltr'><strong>el</strong></span> <span class='ocrx_word' id='word_1_578' title='bbox 3505 2880 3569 2932; x_wconf 81' lang='lat' dir='ltr'><strong>ad</strong></span> 
     </span>
    </p>
   </div>
   <div class='ocr_carea' id='block_1_84' title="bbox 2092 2964 3570 3040">
    <p class='ocr_par' dir='ltr' id='par_1_84' title="bbox 2092 2964 3570 3040">
     <span class='ocr_line' id='line_1_84' title="bbox 2092 2964 3570 3040; baseline 0.004 -23"><span class='ocrx_word' id='word_1_579' title='bbox 2092 2982 2114 3017; x_wconf 70' lang='grc' dir='ltr'><strong>ι</strong></span> <span class='ocrx_word' id='word_1_580' title='bbox 2144 2964 2307 3018; x_wconf 90' lang='lat' dir='ltr'><strong>alium</strong></span> <span class='ocrx_word' id='word_1_581' title='bbox 2341 2966 2674 3035; x_wconf 80' lang='lat' dir='ltr'><strong>episcopum,</strong></span> <span class='ocrx_word' id='word_1_582' title='bbox 2704 2968 2787 3020; x_wconf 93' lang='lat' dir='ltr'><strong>cui</strong></span> <span class='ocrx_word' id='word_1_583' title='bbox 2818 2978 2976 3021; x_wconf 87' lang='lat' dir='ltr'><strong>notus</strong></span> <span class='ocrx_word' id='word_1_584' title='bbox 3004 2970 3094 3035; x_wconf 88' lang='lat' dir='ltr'><strong>sit,</strong></span> <span class='ocrx_word' id='word_1_585' title='bbox 3128 2969 3451 3040; x_wconf 80' lang='lat' dir='ltr'><strong>confugerit,</strong></span> <span class='ocrx_word' id='word_1_586' title='bbox 3481 2972 3570 3039; x_wconf 87' lang='lat' dir='ltr'><strong>qui</strong></span> 
     </span>
    </p>
   </div>
   <div class='ocr_carea' id='block_1_85' title="bbox 2094 3057 3574 3127">
    <p class='ocr_par' dir='ltr' id='par_1_85' title="bbox 2094 3057 3574 3127">
     <span class='ocr_line' id='line_1_85' title="bbox 2094 3057 3574 3127; baseline 0.006 -20"><span class='ocrx_word' id='word_1_587' title='bbox 2094 3074 2114 3107; x_wconf 75' lang='grc' dir='ltr'><strong>ι</strong></span> <span class='ocrx_word' id='word_1_588' title='bbox 2144 3057 2246 3111; x_wconf 86' lang='lat' dir='ltr'><strong>scit</strong></span> <span class='ocrx_word' id='word_1_589' title='bbox 2277 3070 2400 3110; x_wconf 87' lang='lat' dir='ltr'><strong>eum</strong></span> <span class='ocrx_word' id='word_1_590' title='bbox 2434 3072 2463 3110; x_wconf 88' lang='lat' dir='ltr'><strong>a</strong></span> <span class='ocrx_word' id='word_1_591' title='bbox 2502 3059 2720 3126; x_wconf 91' lang='lat' dir='ltr'><strong>proprio</strong></span> <span class='ocrx_word' id='word_1_592' title='bbox 2747 3058 2998 3127; x_wconf 91' lang='lat' dir='ltr'><strong>episcopo</strong></span> <span class='ocrx_word' id='word_1_593' title='bbox 3046 3075 3167 3115; x_wconf 85' lang='lat' dir='ltr'><strong>esse</strong></span> <span class='ocrx_word' id='word_1_594' title='bbox 3197 3063 3574 3116; x_wconf 84' lang='lat' dir='ltr'><strong>conmmnione</strong></span> 
     </span>
    </p>
   </div>
   <div class='ocr_carea' id='block_1_86' title="bbox 2091 3143 3575 3221">
    <p class='ocr_par' dir='ltr' id='par_1_86' title="bbox 2091 3143 3575 3221">
     <span class='ocr_line' id='line_1_86' title="bbox 2091 3143 3575 3221; baseline 0.004 -20"><span class='ocrx_word' id='word_1_595' title='bbox 2091 3166 2111 3199; x_wconf 74' lang='grc' dir='ltr'><strong>ι</strong></span> <span class='ocrx_word' id='word_1_596' title='bbox 2144 3159 2382 3213; x_wconf 76' lang='lat' dir='ltr'><strong>motum;</strong></span> <span class='ocrx_word' id='word_1_597' title='bbox 2440 3148 2543 3202; x_wconf 78' lang='lat' dir='ltr'><strong>nun</strong></span> <span class='ocrx_word' id='word_1_598' title='bbox 2597 3160 2844 3217; x_wconf 88' lang='lat' dir='ltr'><strong>oportere</strong></span> <span class='ocrx_word' id='word_1_599' title='bbox 2874 3143 3142 3221; x_wconf 80' lang='lat' dir='ltr'><strong>episcopo</strong></span> <span class='ocrx_word' id='word_1_600' title='bbox 3178 3163 3231 3206; x_wconf 89' lang='lat' dir='ltr'><strong>et</strong></span> <span class='ocrx_word' id='word_1_601' title='bbox 3280 3153 3432 3207; x_wconf 80' lang='lat' dir='ltr'><strong>fratri</strong></span> <span class='ocrx_word' id='word_1_602' title='bbox 3478 3171 3575 3208; x_wconf 88' lang='lat' dir='ltr'><strong>suo</strong></span> 
     </span>
    </p>
   </div>
   <div class='ocr_carea' id='block_1_87' title="bbox 2092 3240 3599 3321">
    <p class='ocr_par' dir='ltr' id='par_1_87' title="bbox 2092 3240 3599 3321">
     <span class='ocr_line' id='line_1_87' title="bbox 2092 3240 3599 3321; baseline 0.005 -29"><span class='ocrx_word' id='word_1_603' title='bbox 2092 3257 2112 3291; x_wconf 75' lang='grc' dir='ltr'><strong>ι</strong></span> <span class='ocrx_word' id='word_1_604' title='bbox 2143 3240 2396 3310; x_wconf 88' lang='lat' dir='ltr'><strong>injuriam</strong></span> <span class='ocrx_word' id='word_1_605' title='bbox 2430 3240 2628 3308; x_wconf 87' lang='lat' dir='ltr'><strong>facere,</strong></span> <span class='ocrx_word' id='word_1_606' title='bbox 2668 3253 2722 3296; x_wconf 91' lang='lat' dir='ltr'><strong>et</strong></span> <span class='ocrx_word' id='word_1_607' title='bbox 2750 3243 2799 3297; x_wconf 85' lang='lat' dir='ltr'><strong>ei</strong></span> <span class='ocrx_word' id='word_1_608' title='bbox 2832 3246 3261 3299; x_wconf 88' lang='lat' dir='ltr'><strong>communionem</strong></span> <span class='ocrx_word' id='word_1_609' title='bbox 3310 3246 3599 3321; x_wconf 57' lang='lat' dir='ltr'><strong>przcberg,’</strong></span> 
     </span>
    </p>
   </div>
   <div class='ocr_carea' id='block_1_88' title="bbox 2093 3331 3568 3406">
    <p class='ocr_par' dir='ltr' id='par_1_88' title="bbox 2093 3331 3568 3406">
     <span class='ocr_line' id='line_1_88' title="bbox 2093 3331 3568 3406; baseline 0.005 -21"><span class='ocrx_word' id='word_1_610' title='bbox 2093 3351 2111 3385; x_wconf 78' lang='grc' dir='ltr'><strong>ι</strong></span> <span class='ocrx_word' id='word_1_611' title='bbox 2141 3331 2233 3406; x_wconf 86' lang='lat' dir='ltr'><strong>Sin</strong></span> <span class='ocrx_word' id='word_1_612' title='bbox 2267 3344 2445 3388; x_wconf 89' lang='lat' dir='ltr'><strong>autem</strong></span> <span class='ocrx_word' id='word_1_613' title='bbox 2483 3334 2582 3388; x_wconf 89' lang='lat' dir='ltr'><strong>hoc</strong></span> <span class='ocrx_word' id='word_1_614' title='bbox 2628 3333 2807 3389; x_wconf 84' lang='lat' dir='ltr'><strong>facere</strong></span> <span class='ocrx_word' id='word_1_615' title='bbox 2839 3351 3005 3391; x_wconf 87' lang='lat' dir='ltr'><strong>ausus</strong></span> <span class='ocrx_word' id='word_1_616' title='bbox 3044 3338 3227 3399; x_wconf 82' lang='lat' dir='ltr'><strong>fuerit,</strong></span> <span class='ocrx_word' id='word_1_617' title='bbox 3264 3339 3421 3402; x_wconf 86' lang='lat' dir='ltr'><strong>sciat,</strong></span> <span class='ocrx_word' id='word_1_618' title='bbox 3448 3356 3568 3393; x_wconf 90' lang='lat' dir='ltr'><strong>cum</strong></span> 
     </span>
    </p>
   </div>
   <div class='ocr_carea' id='block_1_89' title="bbox 2090 3426 3580 3496">
    <p class='ocr_par' dir='ltr' id='par_1_89' title="bbox 2090 3426 3580 3496">
     <span class='ocr_line' id='line_1_89' title="bbox 2090 3426 3580 3496; baseline 0.006 -20"><span class='ocrx_word' id='word_1_619' title='bbox 2090 3443 2108 3476; x_wconf 84' lang='grc'><strong><em>‹</em></strong></span> <span class='ocrx_word' id='word_1_620' title='bbox 2140 3427 2490 3481; x_wconf 82' lang='lat' dir='ltr'><strong>convenerint</strong></span> <span class='ocrx_word' id='word_1_621' title='bbox 2516 3426 2777 3496; x_wconf 82' lang='lat' dir='ltr'><strong>episcopi,</strong></span> <span class='ocrx_word' id='word_1_622' title='bbox 2811 3429 3043 3496; x_wconf 70' lang='lat' dir='ltr'><strong>Ieipsum</strong></span> <span class='ocrx_word' id='word_1_623' title='bbox 3076 3444 3295 3486; x_wconf 86' lang='lat' dir='ltr'><strong>causam</strong></span> <span class='ocrx_word' id='word_1_624' title='bbox 3348 3444 3469 3487; x_wconf 85' lang='lat' dir='ltr'><strong>esse</strong></span> <span class='ocrx_word' id='word_1_625' title='bbox 3496 3433 3580 3487; x_wconf 84' lang='lat' dir='ltr'><strong>di-</strong></span> 
     </span>
    </p>
   </div>
   <div class='ocr_carea' id='block_1_90' title="bbox 2096 3526 2433 3572">
    <p class='ocr_par' dir='ltr' id='par_1_90' title="bbox 2096 3526 2433 3572">
     <span class='ocr_line' id='line_1_90' title="bbox 2096 3526 2433 3572; baseline 0.003 -4"><span class='ocrx_word' id='word_1_626' title='bbox 2096 3534 2115 3568; x_wconf 81' lang='grc' dir='ltr'><strong>ι</strong></span> <span class='ocrx_word' id='word_1_627' title='bbox 2143 3526 2375 3572; x_wconf 80' lang='lat' dir='ltr'><strong>ctururn.</strong></span> <span class='ocrx_word' id='word_1_628' title='bbox 2414 3536 2433 3569; x_wconf 70' lang='grc' dir='ltr'><strong>ι</strong></span> 
     </span>
    </p>
   </div>
   <div class='ocr_carea' id='block_1_91' title="bbox 2088 3692 3574 3771">
    <p class='ocr_par' dir='ltr' id='par_1_91' title="bbox 2088 3692 3574 3771">
     <span class='ocr_line' id='line_1_91' title="bbox 2088 3692 3574 3771; baseline 0.009 -27"><span class='ocrx_word' id='word_1_629' title='bbox 2088 3692 2277 3748; x_wconf 81' lang='lat' dir='ltr'><strong>BALS.</strong></span> <span class='ocrx_word' id='word_1_630' title='bbox 2323 3694 2463 3764; x_wconf 83' lang='lat' dir='ltr'><strong>Lege</strong></span> <span class='ocrx_word' id='word_1_631' title='bbox 2492 3711 2750 3771; x_wconf 86' lang='lat' dir='ltr'><strong>canonem</strong></span> <span class='ocrx_word' id='word_1_632' title='bbox 2789 3699 2875 3763; x_wconf 75' lang='grc'><strong>12,</strong></span> <span class='ocrx_word' id='word_1_633' title='bbox 2913 3700 3001 3765; x_wconf 72' lang='grc'><strong>14,</strong></span> <span class='ocrx_word' id='word_1_634' title='bbox 3056 3701 3125 3756; x_wconf 74' lang='grc'><strong>52</strong></span> <span class='ocrx_word' id='word_1_635' title='bbox 3156 3710 3211 3758; x_wconf 90' lang='lat' dir='ltr'><strong>et</strong></span> <span class='ocrx_word' id='word_1_636' title='bbox 3238 3702 3308 3757; x_wconf 79' lang='lat'><strong>55</strong></span> <span class='ocrx_word' id='word_1_637' title='bbox 3354 3712 3574 3758; x_wconf 54' lang='lat' dir='ltr'><strong>sancto-</strong></span> 
     </span>
    </p>
   </div>
   <div class='ocr_carea' id='block_1_92' title="bbox 2016 3786 3571 3863">
    <p class='ocr_par' dir='ltr' id='par_1_92' title="bbox 2016 3786 3571 3863">
     <span class='ocr_line' id='line_1_92' title="bbox 2016 3786 3571 3863; baseline 0.008 -27"><span class='ocrx_word' id='word_1_638' title='bbox 2016 3797 2135 3837; x_wconf 88' lang='lat' dir='ltr'><strong>rum</strong></span> <span class='ocrx_word' id='word_1_639' title='bbox 2165 3786 2546 3852; x_wconf 87' lang='lat' dir='ltr'><strong>apostolorum,</strong></span> <span class='ocrx_word' id='word_1_640' title='bbox 2578 3798 2632 3843; x_wconf 91' lang='lat' dir='ltr'><strong>et</strong></span> <span class='ocrx_word' id='word_1_641' title='bbox 2661 3788 3006 3846; x_wconf 58' lang='lat' dir='ltr'><strong>Antiochense</strong></span> <span class='ocrx_word' id='word_1_642' title='bbox 3026 3792 3214 3863; x_wconf 88' lang='lat' dir='ltr'><strong>synodi</strong></span> <span class='ocrx_word' id='word_1_643' title='bbox 3235 3808 3494 3848; x_wconf 87' lang='lat' dir='ltr'><strong>canonem</strong></span> <span class='ocrx_word' id='word_1_644' title='bbox 3520 3795 3571 3859; x_wconf 85' lang='lat'><strong>6,</strong></span> 
     </span>
    </p>
   </div>
   <div class='ocr_carea' id='block_1_93' title="bbox 2016 3875 2559 3945">
    <p class='ocr_par' dir='ltr' id='par_1_93' title="bbox 2016 3875 2559 3945">
     <span class='ocr_line' id='line_1_93' title="bbox 2016 3875 2559 3945; baseline 0.007 -16"><span class='ocrx_word' id='word_1_645' title='bbox 2016 3876 2106 3945; x_wconf 89' lang='lat' dir='ltr'><strong>qui</strong></span> <span class='ocrx_word' id='word_1_646' title='bbox 2137 3875 2324 3930; x_wconf 89' lang='lat' dir='ltr'><strong>dicunt</strong></span> <span class='ocrx_word' id='word_1_647' title='bbox 2354 3879 2559 3933; x_wconf 88' lang='lat' dir='ltr'><strong>eadem.</strong></span> 
     </span>
    </p>
   </div>
   <div class='ocr_carea' id='block_1_94' title="bbox 2087 3966 3565 4045">
    <p class='ocr_par' dir='ltr' id='par_1_94' title="bbox 2087 3966 3565 4045">
     <span class='ocr_line' id='line_1_94' title="bbox 2087 3966 3565 4045; baseline 0.008 -25"><span class='ocrx_word' id='word_1_648' title='bbox 2087 3966 2342 4023; x_wconf 82' lang='lat' dir='ltr'><strong>ZONAR.</strong></span> <span class='ocrx_word' id='word_1_649' title='bbox 2383 3969 2567 4025; x_wconf 88' lang='lat' dir='ltr'><strong>Plures</strong></span> <span class='ocrx_word' id='word_1_650' title='bbox 2620 3972 2723 4026; x_wconf 91' lang='lat' dir='ltr'><strong>hoc</strong></span> <span class='ocrx_word' id='word_1_651' title='bbox 2750 3971 2891 4027; x_wconf 90' lang='lat' dir='ltr'><strong>idem</strong></span> <span class='ocrx_word' id='word_1_652' title='bbox 2949 3980 3061 4029; x_wconf 90' lang='lat' dir='ltr'><strong>tum</strong></span> <span class='ocrx_word' id='word_1_653' title='bbox 3121 3977 3399 4045; x_wconf 86' lang='lat' dir='ltr'><strong>apostolici</strong></span> <span class='ocrx_word' id='word_1_654' title='bbox 3455 3992 3565 4034; x_wconf 88' lang='lat' dir='ltr'><strong>tmn</strong></span> 
     </span>
    </p>
   </div>
   <div class='ocr_carea' id='block_1_95' title="bbox 2018 4062 3573 4137">
    <p class='ocr_par' dir='ltr' id='par_1_95' title="bbox 2018 4062 3573 4137">
     <span class='ocr_line' id='line_1_95' title="bbox 2018 4062 3573 4137; baseline 0.005 -21"><span class='ocrx_word' id='word_1_655' title='bbox 2018 4062 2262 4131; x_wconf 85' lang='lat' dir='ltr'><strong>synodici</strong></span> <span class='ocrx_word' id='word_1_656' title='bbox 2294 4076 2524 4117; x_wconf 87' lang='lat' dir='ltr'><strong>canones</strong></span> <span class='ocrx_word' id='word_1_657' title='bbox 2558 4064 2861 4118; x_wconf 86' lang='lat' dir='ltr'><strong>decrevere.</strong></span> <span class='ocrx_word' id='word_1_658' title='bbox 2890 4063 3085 4120; x_wconf 87' lang='lat' dir='ltr'><strong>Eadem</strong></span> <span class='ocrx_word' id='word_1_659' title='bbox 3138 4082 3368 4137; x_wconf 88' lang='lat' dir='ltr'><strong>namque</strong></span> <span class='ocrx_word' id='word_1_660' title='bbox 3395 4082 3449 4124; x_wconf 91' lang='lat' dir='ltr'><strong>et</strong></span> <span class='ocrx_word' id='word_1_661' title='bbox 3479 4074 3573 4125; x_wconf 84' lang='lat' dir='ltr'><strong>tri-</strong></span> 
     </span>
    </p>
   </div>
   <div class='ocr_carea' id='block_1_96' title="bbox 2017 4151 3573 4229">
    <p class='ocr_par' dir='ltr' id='par_1_96' title="bbox 2017 4151 3573 4229">
     <span class='ocr_line' id='line_1_96' title="bbox 2017 4151 3573 4229; baseline 0.006 -25"><span class='ocrx_word' id='word_1_662' title='bbox 2017 4151 2219 4205; x_wconf 90' lang='lat' dir='ltr'><strong>cesimo</strong></span> <span class='ocrx_word' id='word_1_663' title='bbox 2247 4151 2484 4207; x_wconf 86' lang='lat' dir='ltr'><strong>secundo</strong></span> <span class='ocrx_word' id='word_1_664' title='bbox 2512 4161 2565 4206; x_wconf 89' lang='lat' dir='ltr'><strong>et</strong></span> <span class='ocrx_word' id='word_1_665' title='bbox 2593 4152 2877 4209; x_wconf 88' lang='lat' dir='ltr'><strong>trecesimo</strong></span> <span class='ocrx_word' id='word_1_666' title='bbox 2909 4154 3068 4211; x_wconf 87' lang='lat' dir='ltr'><strong>tertio</strong></span> <span class='ocrx_word' id='word_1_667' title='bbox 3101 4165 3404 4212; x_wconf 88' lang='lat' dir='ltr'><strong>sanctorum</strong></span> <span class='ocrx_word' id='word_1_668' title='bbox 3440 4176 3573 4229; x_wconf 86' lang='lat' dir='ltr'><strong>apo-</strong></span> 
     </span>
    </p>
   </div>
   <div class='ocr_carea' id='block_1_97' title="bbox 2016 4242 3572 4316">
    <p class='ocr_par' dir='ltr' id='par_1_97' title="bbox 2016 4242 3572 4316">
     <span class='ocr_line' id='line_1_97' title="bbox 2016 4242 3572 4316; baseline 0.005 -18"><span class='ocrx_word' id='word_1_669' title='bbox 2016 4242 2272 4298; x_wconf 87' lang='lat' dir='ltr'><strong>stolorum</strong></span> <span class='ocrx_word' id='word_1_670' title='bbox 2303 4258 2532 4308; x_wconf 88' lang='lat' dir='ltr'><strong>canone,</strong></span> <span class='ocrx_word' id='word_1_671' title='bbox 2557 4255 2610 4299; x_wconf 89' lang='lat' dir='ltr'><strong>et</strong></span> <span class='ocrx_word' id='word_1_672' title='bbox 2641 4243 2986 4302; x_wconf 64' lang='lat' dir='ltr'><strong>Antiocheam</strong></span> <span class='ocrx_word' id='word_1_673' title='bbox 3011 4248 3196 4316; x_wconf 84' lang='lat' dir='ltr'><strong>synodi</strong></span> <span class='ocrx_word' id='word_1_674' title='bbox 3222 4249 3432 4307; x_wconf 89' lang='lat' dir='ltr'><strong>decimo</strong></span> <span class='ocrx_word' id='word_1_675' title='bbox 3461 4262 3572 4307; x_wconf 85' lang='lat' dir='ltr'><strong>ter-</strong></span> 
     </span>
    </p>
   </div>
   <div class='ocr_carea' id='block_1_98' title="bbox 1945 4330 2604 4405">
    <p class='ocr_par' dir='ltr' id='par_1_98' title="bbox 1945 4330 2604 4405">
     <span class='ocr_line' id='line_1_98' title="bbox 1945 4330 2604 4405; baseline 0.006 -18"><span class='ocrx_word' id='word_1_676' title='bbox 1945 4330 1990 4387; x_wconf 90' lang='lat' dir='ltr'><strong>D</strong></span> <span class='ocrx_word' id='word_1_677' title='bbox 2022 4335 2095 4387; x_wconf 91' lang='lat' dir='ltr'><strong>tio</strong></span> <span class='ocrx_word' id='word_1_678' title='bbox 2121 4342 2318 4387; x_wconf 86' lang='lat' dir='ltr'><strong>statuta</strong></span> <span class='ocrx_word' id='word_1_679' title='bbox 2347 4338 2604 4405; x_wconf 88' lang='lat' dir='ltr'><strong>reperias.</strong></span> 
     </span>
    </p>
   </div>
   <div class='ocr_carea' id='block_1_99' title="bbox 2012 4423 3569 4509">
    <p class='ocr_par' dir='ltr' id='par_1_99' title="bbox 2012 4423 3569 4509">
     <span class='ocr_line' id='line_1_99' title="bbox 2012 4423 3569 4509; baseline 0.007 -31"><span class='ocrx_word' id='word_1_680' title='bbox 2012 4423 2239 4479; x_wconf 81' lang='lat' dir='ltr'><strong>ARIST.</strong></span> <span class='ocrx_word' id='word_1_681' title='bbox 2287 4442 2307 4476; x_wconf 76' lang='grc' dir='ltr'><strong>ι</strong></span> <span class='ocrx_word' id='word_1_682' title='bbox 2347 4425 2447 4493; x_wconf 88' lang='lat' dir='ltr'><strong>Qui</strong></span> <span class='ocrx_word' id='word_1_683' title='bbox 2477 4442 2504 4479; x_wconf 89' lang='lat' dir='ltr'><strong>a</strong></span> <span class='ocrx_word' id='word_1_684' title='bbox 2534 4427 2752 4509; x_wconf 72' lang='lat' dir='ltr'><strong>proprio</strong></span> <span class='ocrx_word' id='word_1_685' title='bbox 2771 4428 3023 4501; x_wconf 88' lang='lat' dir='ltr'><strong>episcopo</strong></span> <span class='ocrx_word' id='word_1_686' title='bbox 3047 4435 3569 4490; x_wconf 82' lang='lat' dir='ltr'><strong>excommunicatum</strong></span> 
     </span>
    </p>
   </div>
   <div class='ocr_carea' id='block_1_100' title="bbox 2046 4514 3576 4589">
    <p class='ocr_par' dir='ltr' id='par_1_100' title="bbox 2046 4514 3576 4589">
     <span class='ocr_line' id='line_1_100' title="bbox 2046 4514 3576 4589; baseline 0.011 -24"><span class='ocrx_word' id='word_1_687' title='bbox 2046 4530 2105 4565; x_wconf 70' lang='grc' dir='ltr'>ιι</span> <span class='ocrx_word' id='word_1_688' title='bbox 2136 4514 2514 4571; x_wconf 87' lang='lat' dir='ltr'><strong>communione</strong></span> <span class='ocrx_word' id='word_1_689' title='bbox 2560 4518 2737 4574; x_wconf 86' lang='lat' dir='ltr'><strong>sciens</strong></span> <span class='ocrx_word' id='word_1_690' title='bbox 2790 4520 3061 4589; x_wconf 77' lang='lat' dir='ltr'><strong>dignatur,</strong></span> <span class='ocrx_word' id='word_1_691' title='bbox 3122 4537 3226 4577; x_wconf 91' lang='lat' dir='ltr'><strong>non</strong></span> <span class='ocrx_word' id='word_1_692' title='bbox 3286 4533 3369 4580; x_wconf 92' lang='lat' dir='ltr'><strong>est</strong></span> <span class='ocrx_word' id='word_1_693' title='bbox 3419 4526 3576 4581; x_wconf 83' lang='lat' dir='ltr'><strong>inno-</strong></span> 
     </span>
    </p>
   </div>
   <div class='ocr_carea' id='block_1_101' title="bbox 2084 4620 2405 4661">
    <p class='ocr_par' dir='ltr' id='par_1_101' title="bbox 2084 4620 2405 4661">
     <span class='ocr_line' id='line_1_101' title="bbox 2084 4620 2405 4661; baseline -0.006 -1"><span class='ocrx_word' id='word_1_694' title='bbox 2084 4624 2104 4660; x_wconf 71' lang='grc'><strong>1</strong></span> <span class='ocrx_word' id='word_1_695' title='bbox 2134 4620 2272 4661; x_wconf 64' lang='grc'><strong>11118.</strong></span> <span class='ocrx_word' id='word_1_696' title='bbox 2303 4625 2321 4658; x_wconf 77' lang='grc' dir='ltr'><strong>ι</strong></span> <span class='ocrx_word' id='word_1_697' title='bbox 2402 4626 2405 4633; x_wconf 86' lang='lat'><em>‘</em></span> 
     </span>
    </p>
   </div>
   <div class='ocr_carea' id='block_1_102' title="bbox 2080 4672 3567 4782">
    <p class='ocr_par' dir='ltr' id='par_1_102' title="bbox 2080 4672 3567 4782">
     <span class='ocr_line' id='line_1_102' title="bbox 2080 4672 3567 4782; baseline 0.008 -29"><span class='ocrx_word' id='word_1_698' title='bbox 2080 4700 2180 4767; x_wconf 86' lang='lat' dir='ltr'><strong>Qui</strong></span> <span class='ocrx_word' id='word_1_699' title='bbox 2216 4702 2610 4772; x_wconf 71' lang='lat' dir='ltr'><strong>presbyterum,</strong></span> <span class='ocrx_word' id='word_1_700' title='bbox 2663 4703 2746 4759; x_wconf 91' lang='lat' dir='ltr'><strong>vel</strong></span> <span class='ocrx_word' id='word_1_701' title='bbox 2794 4672 3082 4763; x_wconf 80' lang='lat' dir='ltr'><strong>diaconum</strong></span> <span class='ocrx_word' id='word_1_702' title='bbox 3117 4709 3200 4765; x_wconf 89' lang='lat' dir='ltr'><strong>vel</strong></span> <span class='ocrx_word' id='word_1_703' title='bbox 3231 4719 3286 4765; x_wconf 90' lang='lat' dir='ltr'><strong>et</strong></span> <span class='ocrx_word' id='word_1_704' title='bbox 3334 4710 3567 4782; x_wconf 88' lang='lat' dir='ltr'><strong>aliquem</strong></span> 
     </span>
    </p>
   </div>
   <div class='ocr_carea' id='block_1_103' title="bbox 2012 4792 3571 4870">
    <p class='ocr_par' dir='ltr' id='par_1_103' title="bbox 2012 4792 3571 4870">
     <span class='ocr_line' id='line_1_103' title="bbox 2012 4792 3571 4870; baseline 0.006 -23"><span class='ocrx_word' id='word_1_705' title='bbox 2012 4792 2330 4847; x_wconf 86' lang='lat' dir='ltr'><strong>clericorum</strong></span> <span class='ocrx_word' id='word_1_706' title='bbox 2386 4809 2417 4848; x_wconf 88' lang='lat' dir='ltr'><strong>a</strong></span> <span class='ocrx_word' id='word_1_707' title='bbox 2469 4796 2686 4865; x_wconf 87' lang='lat' dir='ltr'><strong>proprio</strong></span> <span class='ocrx_word' id='word_1_708' title='bbox 2741 4798 2997 4870; x_wconf 89' lang='lat' dir='ltr'><strong>episcopo</strong></span> <span class='ocrx_word' id='word_1_709' title='bbox 3047 4805 3571 4858; x_wconf 82' lang='lat' dir='ltr'><strong>excommunicatqu</strong></span> 
     </span>
    </p>
   </div>
   <div class='ocr_carea' id='block_1_104' title="bbox 2014 4883 3573 4957">
    <p class='ocr_par' dir='ltr' id='par_1_104' title="bbox 2014 4883 3573 4957">
     <span class='ocr_line' id='line_1_104' title="bbox 2014 4883 3573 4957; baseline 0.006 -18"><span class='ocrx_word' id='word_1_710' title='bbox 2014 4883 2192 4939; x_wconf 84' lang='lat' dir='ltr'><strong>sciens</strong></span> <span class='ocrx_word' id='word_1_711' title='bbox 2219 4885 2512 4953; x_wconf 90' lang='lat' dir='ltr'><strong>acceperit,</strong></span> <span class='ocrx_word' id='word_1_712' title='bbox 2545 4896 2599 4939; x_wconf 82' lang='lat' dir='ltr'><strong>et</strong></span> <span class='ocrx_word' id='word_1_713' title='bbox 2654 4891 3155 4957; x_wconf 85' lang='lat' dir='ltr'><strong>connnunicaverit,</strong></span> <span class='ocrx_word' id='word_1_714' title='bbox 3209 4900 3303 4946; x_wconf 89' lang='lat' dir='ltr'><strong>aut</strong></span> <span class='ocrx_word' id='word_1_715' title='bbox 3345 4908 3468 4947; x_wconf 90' lang='lat' dir='ltr'><strong>cum</strong></span> <span class='ocrx_word' id='word_1_716' title='bbox 3505 4907 3573 4948; x_wconf 85' lang='lat' dir='ltr'><strong>eo</strong></span> 
     </span>
    </p>
   </div>
   <div class='ocr_carea' id='block_1_105' title="bbox 2013 4978 3576 5055">
    <p class='ocr_par' dir='ltr' id='par_1_105' title="bbox 2013 4978 3576 5055">
     <span class='ocr_line' id='line_1_105' title="bbox 2013 4978 3576 5055; baseline 0.006 -24"><span class='ocrx_word' id='word_1_717' title='bbox 2013 4991 2166 5031; x_wconf 82' lang='lat' dir='ltr'><strong>sacra</strong></span> <span class='ocrx_word' id='word_1_718' title='bbox 2223 4978 2508 5047; x_wconf 87' lang='lat' dir='ltr'><strong>peregerit,</strong></span> <span class='ocrx_word' id='word_1_719' title='bbox 2566 4979 2792 5034; x_wconf 89' lang='lat' dir='ltr'><strong>crimine</strong></span> <span class='ocrx_word' id='word_1_720' title='bbox 2843 4997 2946 5035; x_wconf 92' lang='lat' dir='ltr'><strong>non</strong></span> <span class='ocrx_word' id='word_1_721' title='bbox 3005 4994 3182 5051; x_wconf 86' lang='lat' dir='ltr'><strong>vacat,</strong></span> <span class='ocrx_word' id='word_1_722' title='bbox 3240 4986 3332 5038; x_wconf 87' lang='lat' dir='ltr'><strong>sed</strong></span> <span class='ocrx_word' id='word_1_723' title='bbox 3379 4995 3433 5039; x_wconf 90' lang='lat' dir='ltr'><strong>et</strong></span> <span class='ocrx_word' id='word_1_724' title='bbox 3461 4988 3576 5055; x_wconf 90' lang='lat' dir='ltr'><strong>ipse</strong></span> 
     </span>
    </p>
   </div>
   <div class='ocr_carea' id='block_1_106' title="bbox 2016 5062 3573 5146">
    <p class='ocr_par' dir='ltr' id='par_1_106' title="bbox 2016 5062 3573 5146">
     <span class='ocr_line' id='line_1_106' title="bbox 2016 5062 3573 5146; baseline 0.006 -23"><span class='ocrx_word' id='word_1_725' title='bbox 2016 5070 2404 5140; x_wconf 84' lang='lat' dir='ltr'><strong>segregabitur,</strong></span> <span class='ocrx_word' id='word_1_726' title='bbox 2479 5072 2775 5126; x_wconf 88' lang='lat' dir='ltr'><strong>secundum</strong></span> <span class='ocrx_word' id='word_1_727' title='bbox 2844 5062 3153 5129; x_wconf 71' lang='lat' dir='ltr'><strong>sanctoi&#39;nm</strong></span> <span class='ocrx_word' id='word_1_728' title='bbox 3203 5069 3573 5146; x_wconf 83' lang='lat' dir='ltr'><strong>apostolorum</strong></span> 
     </span>
    </p>
   </div>
   <div class='ocr_carea' id='block_1_107' title="bbox 2014 5162 2981 5216">
    <p class='ocr_par' dir='ltr' id='par_1_107' title="bbox 2014 5162 2981 5216">
     <span class='ocr_line' id='line_1_107' title="bbox 2014 5162 2981 5216; baseline -0.001 -1"><span class='ocrx_word' id='word_1_729' title='bbox 2014 5174 2274 5216; x_wconf 88' lang='lat' dir='ltr'><strong>canonem</strong></span> <span class='ocrx_word' id='word_1_730' title='bbox 2307 5162 2394 5216; x_wconf 71' lang='lat' dir='ltr'><strong>i2.</strong></span> <span class='ocrx_word' id='word_1_731' title='bbox 2978 5166 2981 5167; x_wconf 65' lang='grc'><strong><em>⁷</em></strong></span> 
     </span>
    </p>
   </div>
   <div class='ocr_carea' id='block_1_108' title="bbox 2566 5255 3014 5313">
    <p class='ocr_par' dir='ltr' id='par_1_108' title="bbox 2566 5255 3014 5313">
     <span class='ocr_line' id='line_1_108' title="bbox 2566 5255 3014 5313; baseline 0.002 -1"><span class='ocrx_word' id='word_1_732' title='bbox 2566 5255 2799 5313; x_wconf 78' lang='lat' dir='ltr'><strong>CANON</strong></span> <span class='ocrx_word' id='word_1_733' title='bbox 2873 5258 3014 5313; x_wconf 78' lang='lat' dir='ltr'><strong>XIV.</strong></span> 
     </span>
    </p>
   </div>
   <div class='ocr_carea' id='block_1_109' title="bbox 2006 5343 3571 5428">
    <p class='ocr_par' dir='ltr' id='par_1_109' title="bbox 2006 5343 3571 5428">
     <span class='ocr_line' id='line_1_109' title="bbox 2006 5343 3571 5428; baseline 0.008 -32"><span class='ocrx_word' id='word_1_734' title='bbox 2006 5362 2026 5396; x_wconf 70' lang='grc' dir='ltr'><strong>ε</strong></span> <span class='ocrx_word' id='word_1_735' title='bbox 2073 5343 2129 5399; x_wconf 90' lang='lat' dir='ltr'><strong>Si</strong></span> <span class='ocrx_word' id='word_1_736' title='bbox 2160 5343 2467 5403; x_wconf 84' lang='lat' dir='ltr'><strong>inveniatur</strong></span> <span class='ocrx_word' id='word_1_737' title='bbox 2496 5348 2616 5418; x_wconf 86' lang='lat' dir='ltr'><strong>quis</strong></span> <span class='ocrx_word' id='word_1_738' title='bbox 2643 5352 2925 5420; x_wconf 82' lang='lat' dir='ltr'><strong>cpiscopus</strong></span> <span class='ocrx_word' id='word_1_739' title='bbox 2951 5351 3019 5406; x_wconf 84' lang='lat' dir='ltr'><strong>ad</strong></span> <span class='ocrx_word' id='word_1_740' title='bbox 3070 5351 3199 5408; x_wconf 86' lang='lat' dir='ltr'><strong>iram</strong></span> <span class='ocrx_word' id='word_1_741' title='bbox 3257 5370 3571 5428; x_wconf 72' lang='lat' dir='ltr'><strong>propensus,</strong></span> 
     </span>
    </p>
   </div>
   <div class='ocr_carea' id='block_1_110' title="bbox 1514 5437 2321 5518">
    <p class='ocr_par' dir='ltr' id='par_1_110' title="bbox 1514 5437 2321 5518">
     <span class='ocr_line' id='line_1_110' title="bbox 1514 5437 2321 5518; baseline 0.006 -21"><span class='ocrx_word' id='word_1_742' title='bbox 1514 5437 1716 5499; x_wconf 89' lang='lat' dir='ltr'><strong>Guill.</strong></span> <span class='ocrx_word' id='word_1_743' title='bbox 1763 5440 2095 5518; x_wconf 79' lang='lat' dir='ltr'><strong>Beveregii</strong></span> <span class='ocrx_word' id='word_1_744' title='bbox 2130 5447 2321 5502; x_wconf 67' lang='lat' dir='ltr'><strong>notae.</strong></span> 
     </span>
    </p>
   </div>
   <div class='ocr_carea' id='block_1_111' title="bbox 442 5538 1909 5612">
    <p class='ocr_par' dir='ltr' id='par_1_111' title="bbox 442 5538 1909 5612">
     <span class='ocr_line' id='line_1_111' title="bbox 442 5538 1909 5612; baseline -0.002 -14"><span class='ocrx_word' id='word_1_745' title='bbox 442 5541 531 5612; x_wconf 89' lang='lat'><strong>79)</strong></span> <span class='ocrx_word' id='word_1_746' title='bbox 574 5543 641 5597; x_wconf 82' lang='lat' dir='ltr'><strong>El</strong></span> <span class='ocrx_word' id='word_1_747' title='bbox 684 5558 774 5607; x_wconf 83' lang='grc' dir='ltr'><strong>τις</strong></span> <span class='ocrx_word' id='word_1_748' title='bbox 816 5541 1170 5607; x_wconf 82' lang='grc' dir='ltr'>ἐπίσκοπος.</span> <span class='ocrx_word' id='word_1_749' title='bbox 1212 5538 1348 5612; x_wconf 82' lang='lat' dir='ltr'><strong>Huic</strong></span> <span class='ocrx_word' id='word_1_750' title='bbox 1390 5538 1553 5593; x_wconf 88' lang='lat' dir='ltr'><strong>etiam</strong></span> <span class='ocrx_word' id='word_1_751' title='bbox 1607 5542 1801 5595; x_wconf 90' lang='lat' dir='ltr'><strong>canoni</strong></span> <span class='ocrx_word' id='word_1_752' title='bbox 1857 5543 1909 5595; x_wconf 91' lang='lat' dir='ltr'><strong>in</strong></span> 
     </span>
    </p>
   </div>
   <div class='ocr_carea' id='block_1_112' title="bbox 348 5611 1911 5680">
    <p class='ocr_par' dir='ltr' id='par_1_112' title="bbox 348 5611 1911 5680">
     <span class='ocr_line' id='line_1_112' title="bbox 348 5611 1911 5680; baseline -0.004 -10"><span class='ocrx_word' id='word_1_753' title='bbox 348 5611 536 5670; x_wconf 85' lang='lat' dir='ltr'><strong>codice</strong></span> <span class='ocrx_word' id='word_1_754' title='bbox 555 5613 980 5680; x_wconf 80' lang='lat' dir='ltr'><strong>Amerbachiano</strong></span> <span class='ocrx_word' id='word_1_755' title='bbox 998 5614 1140 5665; x_wconf 90' lang='lat' dir='ltr'><strong>aliud</strong></span> <span class='ocrx_word' id='word_1_756' title='bbox 1164 5611 1373 5680; x_wconf 83' lang='grc' dir='ltr'>σχόλιον</span> <span class='ocrx_word' id='word_1_757' title='bbox 1390 5623 1656 5662; x_wconf 78' lang='lat' dir='ltr'><strong>annexum</strong></span> <span class='ocrx_word' id='word_1_758' title='bbox 1684 5611 1911 5665; x_wconf 84' lang='lat' dir='ltr'><strong>habetur</strong></span> 
     </span>
    </p>
   </div>
   <div class='ocr_carea' id='block_1_113' title="bbox 354 5678 1913 5752">
    <p class='ocr_par' dir='ltr' id='par_1_113' title="bbox 354 5678 1913 5752">
     <span class='ocr_line' id='line_1_113' title="bbox 354 5678 1913 5752; baseline -0.006 -10"><span class='ocrx_word' id='word_1_759' title='bbox 354 5685 434 5742; x_wconf 80' lang='lat' dir='ltr'><strong>sic</strong></span> <span class='ocrx_word' id='word_1_760' title='bbox 478 5699 537 5740; x_wconf 74' lang='lat' dir='ltr'><strong>se</strong></span> <span class='ocrx_word' id='word_1_761' title='bbox 580 5682 809 5751; x_wconf 82' lang='lat' dir='ltr'><strong>habens,</strong></span> <span class='ocrx_word' id='word_1_762' title='bbox 859 5678 1083 5746; x_wconf 76' lang='grc' dir='ltr'>Οὗτοςώ</span> <span class='ocrx_word' id='word_1_763' title='bbox 1119 5678 1297 5736; x_wconf 80' lang='grc' dir='ltr'>κανὼν</span> <span class='ocrx_word' id='word_1_764' title='bbox 1347 5680 1609 5743; x_wconf 80' lang='grc' dir='ltr'>ἐναντίοις</span> <span class='ocrx_word' id='word_1_765' title='bbox 1651 5682 1761 5745; x_wconf 79' lang='grc' dir='ltr'>τοῖς</span> <span class='ocrx_word' id='word_1_766' title='bbox 1808 5682 1913 5752; x_wconf 81' lang='grc' dir='ltr'><strong>πρὸ</strong></span> 
     </span>
    </p>
   </div>
   <div class='ocr_carea' id='block_1_114' title="bbox 2018 5538 3603 5614">
    <p class='ocr_par' dir='ltr' id='par_1_114' title="bbox 2018 5538 3603 5614">
     <span class='ocr_line' id='line_1_114' title="bbox 2018 5538 3603 5614; baseline 0.006 -20"><span class='ocrx_word' id='word_1_767' title='bbox 2018 5542 2181 5614; x_wconf 78' lang='grc' dir='ltr'>αύτοῦ</span> <span class='ocrx_word' id='word_1_768' title='bbox 2208 5544 2325 5614; x_wconf 81' lang='grc' dir='ltr'>ἐστι</span> <span class='ocrx_word' id='word_1_769' title='bbox 2356 5543 2451 5614; x_wconf 73' lang='grc' dir='ltr'><strong>καὶ</strong></span> <span class='ocrx_word' id='word_1_770' title='bbox 2483 5543 2793 5613; x_wconf 78' lang='grc' dir='ltr'>συγχύσεων</span> <span class='ocrx_word' id='word_1_771' title='bbox 2820 5550 2911 5598; x_wconf 71' lang='grc' dir='ltr'><strong>καὶ</strong></span> <span class='ocrx_word' id='word_1_772' title='bbox 2940 5545 3245 5601; x_wconf 79' lang='grc' dir='ltr'>σκανδάλων</span> <span class='ocrx_word' id='word_1_773' title='bbox 3272 5538 3439 5614; x_wconf 77' lang='grc' dir='ltr'>αἴτιος</span> <span class='ocrx_word' id='word_1_774' title='bbox 3467 5569 3480 5582; x_wconf 94' lang='grc'>·</span> <span class='ocrx_word' id='word_1_775' title='bbox 3512 5551 3572 5606; x_wconf 76' lang='grc' dir='ltr'>τὸ</span> <span class='ocrx_word' id='word_1_776' title='bbox 3590 5542 3603 5553; x_wconf 62' lang='grc'><strong>”</strong></span> 
     </span>
    </p>
   </div>
   <div class='ocr_carea' id='block_1_115' title="bbox 2023 5612 3571 5682">
    <p class='ocr_par' dir='ltr' id='par_1_115' title="bbox 2023 5612 3571 5682">
     <span class='ocr_line' id='line_1_115' title="bbox 2023 5612 3571 5682; baseline 0.007 -19"><span class='ocrx_word' id='word_1_777' title='bbox 2023 5612 2121 5681; x_wconf 81' lang='grc' dir='ltr'>μὲν</span> <span class='ocrx_word' id='word_1_778' title='bbox 2168 5613 2275 5682; x_wconf 76' lang='grc' dir='ltr'><strong>γὰρ</strong></span> <span class='ocrx_word' id='word_1_779' title='bbox 2324 5613 2413 5665; x_wconf 70' lang='grc' dir='ltr'>τὸν</span> <span class='ocrx_word' id='word_1_780' title='bbox 2465 5612 2930 5669; x_wconf 73' lang='grc' dir='ltr'>καταδικασθέντα</span> <span class='ocrx_word' id='word_1_781' title='bbox 2974 5617 3077 5669; x_wconf 74' lang='grc' dir='ltr'>ὑπὸ</span> <span class='ocrx_word' id='word_1_782' title='bbox 3128 5621 3222 5672; x_wconf 85' lang='grc' dir='ltr'><strong>τοῦ</strong></span> <span class='ocrx_word' id='word_1_783' title='bbox 3276 5612 3571 5676; x_wconf 80' lang='grc' dir='ltr'>ἐπισκόπου</span> 
     </span>
    </p>
   </div>
   <div class='ocr_carea' id='block_1_116' title="bbox 2022 5682 3574 5761">
    <p class='ocr_par' dir='ltr' id='par_1_116' title="bbox 2022 5682 3574 5761">
     <span class='ocr_line' id='line_1_116' title="bbox 2022 5682 3574 5761; baseline 0.006 -26"><span class='ocrx_word' id='word_1_784' title='bbox 2022 5682 2277 5753; x_wconf 71' lang='grc' dir='ltr'>κληρικὸν</span> <span class='ocrx_word' id='word_1_785' title='bbox 2328 5684 2417 5735; x_wconf 72' lang='grc' dir='ltr'><strong>ἐπὶ</strong></span> <span class='ocrx_word' id='word_1_786' title='bbox 2462 5683 2551 5735; x_wconf 75' lang='grc' dir='ltr'>τὸν</span> <span class='ocrx_word' id='word_1_787' title='bbox 2598 5685 2770 5739; x_wconf 83' lang='grc' dir='ltr'>κοινὸν</span> <span class='ocrx_word' id='word_1_788' title='bbox 2820 5688 3123 5759; x_wconf 81' lang='grc' dir='ltr'>ἐπιτρέχειν</span> <span class='ocrx_word' id='word_1_789' title='bbox 3177 5693 3574 5761; x_wconf 77' lang='grc' dir='ltr'>μητροπολίτην</span> 
     </span>
    </p>
   </div>
  </div>
